  <div class='ocr_page' id='page_1' title='image "/cluster/home/n/w/nwhite01/storage/ocr_20150623/47/nnc1.0046978321/099.png"; bbox 0 0 4122 6386; ppageno 0'>
   <div class='ocr_carea' id='block_1_1' title="bbox 529 385 3794 464">
    <p class='ocr_par' dir='ltr' id='par_1_1' title="bbox 529 385 3794 464">
     <span class='ocr_line' id='line_1_1' title="bbox 529 385 3794 464; baseline -0.002 -15"><span class='ocrx_word' id='word_1_1' title='bbox 529 406 599 464; x_wconf 63' lang='grc' dir='ltr'><strong>ιτ,</strong></span> <span class='ocrx_word' id='word_1_2' title='bbox 1750 387 2073 448; x_wconf 74' lang='grc' dir='ltr'><strong>ΡΑιιΑυῐι</strong></span> <span class='ocrx_word' id='word_1_3' title='bbox 2098 385 2439 446; x_wconf 63' lang='grc' dir='ltr'><strong>ιδιΑωσιῐει</strong></span> <span class='ocrx_word' id='word_1_4' title='bbox 3721 386 3794 442; x_wconf 71' lang='grc' dir='ltr'><strong>ιδ</strong></span> 
     </span>
    </p>
   </div>
   <div class='ocr_carea' id='block_1_2' title="bbox 524 509 2104 592">
    <p class='ocr_par' dir='ltr' id='par_1_2' title="bbox 524 509 2104 592">
     <span class='ocr_line' id='line_1_2' title="bbox 524 509 2104 592; baseline -0.012 -16"><span class='ocrx_word' id='word_1_5' title='bbox 524 521 651 592; x_wconf 77' lang='grc'><strong>40);</strong></span> <span class='ocrx_word' id='word_1_6' title='bbox 699 516 828 574; x_wconf 87' lang='lat' dir='ltr'><strong>nihil</strong></span> <span class='ocrx_word' id='word_1_7' title='bbox 871 516 1012 572; x_wconf 82' lang='lat' dir='ltr'><strong>aliud</strong></span> <span class='ocrx_word' id='word_1_8' title='bbox 1055 522 1241 585; x_wconf 89' lang='lat' dir='ltr'><strong>petens</strong></span> <span class='ocrx_word' id='word_1_9' title='bbox 1281 512 1334 566; x_wconf 90' lang='lat' dir='ltr'><strong>in</strong></span> <span class='ocrx_word' id='word_1_10' title='bbox 1373 509 1615 565; x_wconf 86' lang='lat' dir='ltr'><strong>oratione</strong></span> <span class='ocrx_word' id='word_1_11' title='bbox 1638 521 1797 577; x_wconf 84' lang='lat' dir='ltr'><strong>quam</strong></span> <span class='ocrx_word' id='word_1_12' title='bbox 1826 518 2017 576; x_wconf 89' lang='lat' dir='ltr'><strong>panem</strong></span> <span class='ocrx_word' id='word_1_13' title='bbox 2047 512 2104 558; x_wconf 89' lang='lat' dir='ltr'><strong>et</strong></span> 
     </span>
    </p>
   </div>
   <div class='ocr_carea' id='block_1_3' title="bbox 528 595 2105 675">
    <p class='ocr_par' dir='ltr' id='par_1_3' title="bbox 528 595 2105 675">
     <span class='ocr_line' id='line_1_3' title="bbox 528 595 2105 675; baseline -0.011 -12"><span class='ocrx_word' id='word_1_14' title='bbox 528 621 727 675; x_wconf 78' lang='lat' dir='ltr'><strong>vestes,</strong></span> <span class='ocrx_word' id='word_1_15' title='bbox 778 609 961 664; x_wconf 88' lang='lat' dir='ltr'><strong>dicens</strong></span> <span class='ocrx_word' id='word_1_16' title='bbox 985 623 999 659; x_wconf 90' lang='lat'><strong>:</strong></span> <span class='ocrx_word' id='word_1_17' title='bbox 1032 606 1095 661; x_wconf 88' lang='lat' dir='ltr'><strong>Si</strong></span> <span class='ocrx_word' id='word_1_18' title='bbox 1122 603 1322 658; x_wconf 86' lang='lat' dir='ltr'><strong>dederis</strong></span> <span class='ocrx_word' id='word_1_19' title='bbox 1349 601 1473 654; x_wconf 80' lang='lat' dir='ltr'><strong>mihi</strong></span> <span class='ocrx_word' id='word_1_20' title='bbox 1492 615 1672 669; x_wconf 84' lang='lat' dir='ltr'><strong>panem</strong></span> <span class='ocrx_word' id='word_1_21' title='bbox 1694 596 1763 650; x_wconf 88' lang='lat' dir='ltr'><strong>ad</strong></span> <span class='ocrx_word' id='word_1_22' title='bbox 1787 595 2035 650; x_wconf 73' lang='lat' dir='ltr'><strong>edendum</strong></span> <span class='ocrx_word' id='word_1_23' title='bbox 2056 602 2105 648; x_wconf 85' lang='lat' dir='ltr'><strong>et</strong></span> 
     </span>
    </p>
   </div>
   <div class='ocr_carea' id='block_1_4' title="bbox 522 684 2105 766">
    <p class='ocr_par' dir='ltr' id='par_1_4' title="bbox 522 684 2105 766">
     <span class='ocr_line' id='line_1_4' title="bbox 522 684 2105 766; baseline -0.013 -10"><span class='ocrx_word' id='word_1_24' title='bbox 522 704 868 756; x_wconf 76' lang='lat' dir='ltr'><strong>aestimentum</strong></span> <span class='ocrx_word' id='word_1_25' title='bbox 891 713 990 766; x_wconf 89' lang='lat' dir='ltr'><strong>quo</strong></span> <span class='ocrx_word' id='word_1_26' title='bbox 1016 694 1234 765; x_wconf 86' lang='lat' dir='ltr'><strong>operiar,</strong></span> <span class='ocrx_word' id='word_1_27' title='bbox 1256 708 1400 747; x_wconf 83' lang='lat' dir='ltr'><strong>autne</strong></span> <span class='ocrx_word' id='word_1_28' title='bbox 1424 690 1557 760; x_wconf 81' lang='lat' dir='ltr'><strong>quod</strong></span> <span class='ocrx_word' id='word_1_29' title='bbox 1582 687 1707 741; x_wconf 76' lang='lat' dir='ltr'><strong>milii</strong></span> <span class='ocrx_word' id='word_1_30' title='bbox 1725 687 1942 747; x_wconf 79' lang='lat' dir='ltr'><strong>dederis,</strong></span> <span class='ocrx_word' id='word_1_31' title='bbox 1968 684 2105 737; x_wconf 82' lang='lat' dir='ltr'><strong>dect-</strong></span> 
     </span>
    </p>
   </div>
   <div class='ocr_carea' id='block_1_5' title="bbox 524 774 2102 854">
    <p class='ocr_par' dir='ltr' id='par_1_5' title="bbox 524 774 2102 854">
     <span class='ocr_line' id='line_1_5' title="bbox 524 774 2102 854; baseline -0.01 -9"><span class='ocrx_word' id='word_1_32' title='bbox 524 808 659 845; x_wconf 85' lang='lat' dir='ltr'><strong>mam</strong></span> <span class='ocrx_word' id='word_1_33' title='bbox 686 805 751 845; x_wconf 78' lang='lat' dir='ltr'><strong>ea:</strong></span> <span class='ocrx_word' id='word_1_34' title='bbox 774 805 832 842; x_wconf 82' lang='lat' dir='ltr'><strong>eo</strong></span> <span class='ocrx_word' id='word_1_35' title='bbox 858 787 986 840; x_wconf 87' lang='lat' dir='ltr'><strong>dabo</strong></span> <span class='ocrx_word' id='word_1_36' title='bbox 1007 785 1097 838; x_wconf 88' lang='lat' dir='ltr'><strong>tibi</strong></span> <span class='ocrx_word' id='word_1_37' title='bbox 1128 782 1288 854; x_wconf 81' lang='lat' dir='ltr'><strong>(Cen.</strong></span> <span class='ocrx_word' id='word_1_38' title='bbox 1316 782 1409 836; x_wconf 75' lang='lat'><strong>28.</strong></span> <span class='ocrx_word' id='word_1_39' title='bbox 1439 777 1572 852; x_wconf 71' lang='lat'><strong>20).</strong></span> <span class='ocrx_word' id='word_1_40' title='bbox 1593 777 1709 833; x_wconf 87' lang='lat' dir='ltr'><strong>Non</strong></span> <span class='ocrx_word' id='word_1_41' title='bbox 1729 777 1881 839; x_wconf 81' lang='lat' dir='ltr'><strong>dixit,</strong></span> <span class='ocrx_word' id='word_1_42' title='bbox 1907 774 2102 830; x_wconf 73' lang='lat' dir='ltr'><strong>Mensis</strong></span> 
     </span>
    </p>
   </div>
   <div class='ocr_carea' id='block_1_6' title="bbox 523 865 2105 950">
    <p class='ocr_par' dir='ltr' id='par_1_6' title="bbox 523 865 2105 950">
     <span class='ocr_line' id='line_1_6' title="bbox 523 865 2105 950; baseline -0.012 -13"><span class='ocrx_word' id='word_1_43' title='bbox 523 881 845 950; x_wconf 85' lang='lat' dir='ltr'><strong>impendam.</strong></span> <span class='ocrx_word' id='word_1_44' title='bbox 879 879 969 932; x_wconf 90' lang='lat' dir='ltr'><strong>Dei</strong></span> <span class='ocrx_word' id='word_1_45' title='bbox 1000 877 1263 943; x_wconf 77' lang='lat' dir='ltr'><strong>interpres</strong></span> <span class='ocrx_word' id='word_1_46' title='bbox 1289 881 1343 927; x_wconf 92' lang='lat' dir='ltr'><strong>et</strong></span> <span class='ocrx_word' id='word_1_47' title='bbox 1371 871 1541 926; x_wconf 90' lang='lat' dir='ltr'><strong>ﬁdelis</strong></span> <span class='ocrx_word' id='word_1_48' title='bbox 1570 870 1661 925; x_wconf 89' lang='lat' dir='ltr'><strong>ille</strong></span> <span class='ocrx_word' id='word_1_49' title='bbox 1688 881 1874 923; x_wconf 90' lang='lat' dir='ltr'><strong>servus</strong></span> <span class='ocrx_word' id='word_1_50' title='bbox 1896 865 2105 935; x_wconf 81' lang='lat' dir='ltr'><strong>Moyses</strong></span> 
     </span>
    </p>
   </div>
   <div class='ocr_carea' id='block_1_7' title="bbox 523 956 2103 1045">
    <p class='ocr_par' dir='ltr' id='par_1_7' title="bbox 523 956 2103 1045">
     <span class='ocr_line' id='line_1_7' title="bbox 523 956 2103 1045; baseline -0.013 -17"><span class='ocrx_word' id='word_1_51' title='bbox 523 972 666 1045; x_wconf 82' lang='lat' dir='ltr'><strong>quali</strong></span> <span class='ocrx_word' id='word_1_52' title='bbox 695 972 946 1026; x_wconf 87' lang='lat' dir='ltr'><strong>instructa</strong></span> <span class='ocrx_word' id='word_1_53' title='bbox 969 982 1149 1022; x_wconf 90' lang='lat' dir='ltr'><strong>mensa</strong></span> <span class='ocrx_word' id='word_1_54' title='bbox 1174 965 1428 1037; x_wconf 76' lang='lat' dir='ltr'><strong>pupulum</strong></span> <span class='ocrx_word' id='word_1_55' title='bbox 1443 959 1782 1032; x_wconf 71' lang='lat' dir='ltr'><strong>congregavit</strong></span> <span class='ocrx_word' id='word_1_56' title='bbox 1807 959 1858 1013; x_wconf 90' lang='lat' dir='ltr'><strong>in</strong></span> <span class='ocrx_word' id='word_1_57' title='bbox 1886 956 2103 1012; x_wconf 86' lang='lat' dir='ltr'><strong>monte?</strong></span> 
     </span>
    </p>
   </div>
   <div class='ocr_carea' id='block_1_8' title="bbox 524 1048 2101 1133">
    <p class='ocr_par' dir='ltr' id='par_1_8' title="bbox 524 1048 2101 1133">
     <span class='ocr_line' id='line_1_8' title="bbox 524 1048 2101 1133; baseline -0.01 -17"><span class='ocrx_word' id='word_1_58' title='bbox 524 1078 658 1133; x_wconf 88' lang='lat' dir='ltr'><strong>quos</strong></span> <span class='ocrx_word' id='word_1_59' title='bbox 683 1072 937 1119; x_wconf 76' lang='lat' dir='ltr'><strong>crateres.</strong></span> <span class='ocrx_word' id='word_1_60' title='bbox 963 1074 1081 1129; x_wconf 72' lang='lat' dir='ltr'><strong>qna:</strong></span> <span class='ocrx_word' id='word_1_61' title='bbox 1112 1056 1295 1126; x_wconf 88' lang='lat' dir='ltr'><strong>pocula</strong></span> <span class='ocrx_word' id='word_1_62' title='bbox 1327 1053 1589 1109; x_wconf 81' lang='lat' dir='ltr'><strong>habebat?</strong></span> <span class='ocrx_word' id='word_1_63' title='bbox 1616 1052 1703 1122; x_wconf 90' lang='lat' dir='ltr'><strong>qui</strong></span> <span class='ocrx_word' id='word_1_64' title='bbox 1726 1048 2101 1122; x_wconf 45' lang='lat' dir='ltr'><strong>petram‘virga</strong></span> 
     </span>
    </p>
   </div>
   <div class='ocr_carea' id='block_1_9' title="bbox 526 1141 2101 1217">
    <p class='ocr_par' dir='ltr' id='par_1_9' title="bbox 526 1141 2101 1217">
     <span class='ocr_line' id='line_1_9' title="bbox 526 1141 2101 1217; baseline -0.009 -12"><span class='ocrx_word' id='word_1_65' title='bbox 526 1152 687 1207; x_wconf 88' lang='lat' dir='ltr'><strong>veluti</strong></span> <span class='ocrx_word' id='word_1_66' title='bbox 729 1150 940 1206; x_wconf 88' lang='lat' dir='ltr'><strong>emulsit</strong></span> <span class='ocrx_word' id='word_1_67' title='bbox 978 1148 1049 1203; x_wconf 92' lang='lat' dir='ltr'><strong>ob</strong></span> <span class='ocrx_word' id='word_1_68' title='bbox 1090 1146 1267 1217; x_wconf 84' lang='lat' dir='ltr'><strong>populi</strong></span> <span class='ocrx_word' id='word_1_69' title='bbox 1308 1144 1692 1206; x_wconf 88' lang='lat' dir='ltr'><strong>inﬁdelitatem,</strong></span> <span class='ocrx_word' id='word_1_70' title='bbox 1740 1141 1826 1211; x_wconf 89' lang='lat' dir='ltr'><strong>qui</strong></span> <span class='ocrx_word' id='word_1_71' title='bbox 1853 1148 2101 1194; x_wconf 77' lang='lat' dir='ltr'><strong>sexcenta</strong></span> 
     </span>
    </p>
   </div>
   <div class='ocr_carea' id='block_1_10' title="bbox 524 1227 2102 1307">
    <p class='ocr_par' dir='ltr' id='par_1_10' title="bbox 524 1227 2102 1307">
     <span class='ocr_line' id='line_1_10' title="bbox 524 1227 2102 1307; baseline -0.011 -9"><span class='ocrx_word' id='word_1_72' title='bbox 524 1243 688 1298; x_wconf 88' lang='lat' dir='ltr'><strong>millia</strong></span> <span class='ocrx_word' id='word_1_73' title='bbox 727 1240 999 1294; x_wconf 89' lang='lat' dir='ltr'><strong>hominum</strong></span> <span class='ocrx_word' id='word_1_74' title='bbox 1050 1238 1283 1307; x_wconf 86' lang='lat' dir='ltr'><strong>regebat,</strong></span> <span class='ocrx_word' id='word_1_75' title='bbox 1339 1236 1470 1304; x_wconf 81' lang='lat' dir='ltr'><strong>legis</strong></span> <span class='ocrx_word' id='word_1_76' title='bbox 1507 1233 1711 1289; x_wconf 86' lang='lat' dir='ltr'><strong>tabulas</strong></span> <span class='ocrx_word' id='word_1_77' title='bbox 1754 1230 1996 1300; x_wconf 81' lang='lat' dir='ltr'><strong>portabat</strong></span> <span class='ocrx_word' id='word_1_78' title='bbox 2034 1227 2102 1281; x_wconf 89' lang='lat' dir='ltr'><strong>ad</strong></span> 
     </span>
    </p>
   </div>
   <div class='ocr_carea' id='block_1_11' title="bbox 522 1320 2101 1399">
    <p class='ocr_par' dir='ltr' id='par_1_11' title="bbox 522 1320 2101 1399">
     <span class='ocr_line' id='line_1_11' title="bbox 522 1320 2101 1399; baseline -0.01 -12"><span class='ocrx_word' id='word_1_79' title='bbox 522 1331 949 1387; x_wconf 85' lang='lat' dir='ltr'><strong>emendationem</strong></span> <span class='ocrx_word' id='word_1_80' title='bbox 968 1327 1145 1399; x_wconf 83' lang='lat' dir='ltr'><strong>populi</strong></span> <span class='ocrx_word' id='word_1_81' title='bbox 1169 1341 1184 1380; x_wconf 89' lang='lat'><strong>:</strong></span> <span class='ocrx_word' id='word_1_82' title='bbox 1211 1342 1278 1380; x_wconf 90' lang='lat' dir='ltr'><strong>an</strong></span> <span class='ocrx_word' id='word_1_83' title='bbox 1303 1325 1506 1395; x_wconf 86' lang='lat' dir='ltr'><strong>phialas</strong></span> <span class='ocrx_word' id='word_1_84' title='bbox 1527 1320 1844 1393; x_wconf 89' lang='lat' dir='ltr'><strong>perlucidas,</strong></span> <span class='ocrx_word' id='word_1_85' title='bbox 1885 1336 1950 1374; x_wconf 89' lang='lat' dir='ltr'><strong>an</strong></span> <span class='ocrx_word' id='word_1_86' title='bbox 1973 1334 2101 1389; x_wconf 86' lang='lat' dir='ltr'><strong>pur-</strong></span> 
     </span>
    </p>
   </div>
   <div class='ocr_carea' id='block_1_12' title="bbox 524 1411 2101 1486">
    <p class='ocr_par' dir='ltr' id='par_1_12' title="bbox 524 1411 2101 1486">
     <span class='ocr_line' id='line_1_12' title="bbox 524 1411 2101 1486; baseline -0.015 -6"><span class='ocrx_word' id='word_1_87' title='bbox 524 1438 707 1479; x_wconf 86' lang='lat' dir='ltr'><strong>eorum</strong></span> <span class='ocrx_word' id='word_1_88' title='bbox 729 1422 957 1486; x_wconf 88' lang='lat' dir='ltr'><strong>sumina,</strong></span> <span class='ocrx_word' id='word_1_89' title='bbox 984 1436 1051 1475; x_wconf 92' lang='lat' dir='ltr'><strong>an</strong></span> <span class='ocrx_word' id='word_1_90' title='bbox 1075 1434 1200 1475; x_wconf 86' lang='lat' dir='ltr'><strong>aves</strong></span> <span class='ocrx_word' id='word_1_91' title='bbox 1220 1416 1497 1475; x_wconf 76' lang='lat' dir='ltr'><strong>Phasidos.</strong></span> <span class='ocrx_word' id='word_1_92' title='bbox 1521 1429 1588 1469; x_wconf 84' lang='lat' dir='ltr'><strong>an</strong></span> <span class='ocrx_word' id='word_1_93' title='bbox 1617 1415 1790 1484; x_wconf 84' lang='lat' dir='ltr'><strong>pisces</strong></span> <span class='ocrx_word' id='word_1_94' title='bbox 1812 1428 1875 1467; x_wconf 78' lang='lat' dir='ltr'><strong>ex</strong></span> <span class='ocrx_word' id='word_1_95' title='bbox 1897 1411 2101 1479; x_wconf 80' lang='lat' dir='ltr'><strong>pelago,</strong></span> 
     </span>
    </p>
   </div>
   <div class='ocr_carea' id='block_1_13' title="bbox 524 1508 2103 1585">
    <p class='ocr_par' dir='ltr' id='par_1_13' title="bbox 524 1508 2103 1585">
     <span class='ocr_line' id='line_1_13' title="bbox 524 1508 2103 1585; baseline -0.009 -16"><span class='ocrx_word' id='word_1_96' title='bbox 524 1530 592 1570; x_wconf 88' lang='lat' dir='ltr'><strong>an</strong></span> <span class='ocrx_word' id='word_1_97' title='bbox 619 1517 795 1571; x_wconf 90' lang='lat' dir='ltr'><strong>vinum</strong></span> <span class='ocrx_word' id='word_1_98' title='bbox 838 1513 1160 1585; x_wconf 90' lang='lat' dir='ltr'><strong>percolatum</strong></span> <span class='ocrx_word' id='word_1_99' title='bbox 1207 1525 1238 1564; x_wconf 91' lang='lat' dir='ltr'><strong>e</strong></span> <span class='ocrx_word' id='word_1_100' title='bbox 1266 1509 1429 1581; x_wconf 80' lang='lat' dir='ltr'><strong>Tyro,</strong></span> <span class='ocrx_word' id='word_1_101' title='bbox 1459 1516 1514 1562; x_wconf 91' lang='lat' dir='ltr'><strong>et</strong></span> <span class='ocrx_word' id='word_1_102' title='bbox 1542 1508 1710 1560; x_wconf 90' lang='lat' dir='ltr'><strong>lautos</strong></span> <span class='ocrx_word' id='word_1_103' title='bbox 1740 1518 1909 1574; x_wconf 88' lang='lat' dir='ltr'><strong>panes</strong></span> <span class='ocrx_word' id='word_1_104' title='bbox 1934 1516 2103 1571; x_wconf 82' lang='lat' dir='ltr'><strong>appo-</strong></span> 
     </span>
    </p>
   </div>
   <div class='ocr_carea' id='block_1_14' title="bbox 526 1589 2104 1675">
    <p class='ocr_par' dir='ltr' id='par_1_14' title="bbox 526 1589 2104 1675">
     <span class='ocr_line' id='line_1_14' title="bbox 526 1589 2104 1675; baseline -0.011 -13"><span class='ocrx_word' id='word_1_105' title='bbox 526 1620 660 1661; x_wconf 86' lang='lat' dir='ltr'><strong>nens</strong></span> <span class='ocrx_word' id='word_1_106' title='bbox 683 1607 747 1661; x_wconf 90' lang='lat' dir='ltr'><strong>iis</strong></span> <span class='ocrx_word' id='word_1_107' title='bbox 769 1605 861 1675; x_wconf 89' lang='lat' dir='ltr'><strong>qui</strong></span> <span class='ocrx_word' id='word_1_108' title='bbox 892 1602 1321 1663; x_wconf 85' lang='lat' dir='ltr'><strong>instituebantur,</strong></span> <span class='ocrx_word' id='word_1_109' title='bbox 1363 1613 1430 1651; x_wconf 88' lang='lat' dir='ltr'><strong>an</strong></span> <span class='ocrx_word' id='word_1_110' title='bbox 1456 1593 1796 1650; x_wconf 83' lang='lat' dir='ltr'><strong>doctrinam?</strong></span> <span class='ocrx_word' id='word_1_111' title='bbox 1829 1593 1976 1645; x_wconf 74' lang='lat' dir='ltr'><strong>Duc.</strong></span> <span class='ocrx_word' id='word_1_112' title='bbox 1998 1589 2104 1645; x_wconf 89' lang='lat' dir='ltr'><strong>Sed</strong></span> 
     </span>
    </p>
   </div>
   <div class='ocr_carea' id='block_1_15' title="bbox 526 1681 2104 1766">
    <p class='ocr_par' dir='ltr' id='par_1_15' title="bbox 526 1681 2104 1766">
     <span class='ocr_line' id='line_1_15' title="bbox 526 1681 2104 1766; baseline -0.012 -13"><span class='ocrx_word' id='word_1_113' title='bbox 526 1695 869 1766; x_wconf 87' lang='lat' dir='ltr'><strong>respondebit</strong></span> <span class='ocrx_word' id='word_1_114' title='bbox 891 1692 1010 1763; x_wconf 85' lang='lat' dir='ltr'><strong>quis</strong></span> <span class='ocrx_word' id='word_1_115' title='bbox 1029 1692 1121 1746; x_wconf 88' lang='lat' dir='ltr'><strong>tibi</strong></span> <span class='ocrx_word' id='word_1_116' title='bbox 1146 1688 1210 1745; x_wconf 90' lang='lat' dir='ltr'><strong>ad</strong></span> <span class='ocrx_word' id='word_1_117' title='bbox 1236 1689 1345 1752; x_wconf 89' lang='lat' dir='ltr'><strong>illa,</strong></span> <span class='ocrx_word' id='word_1_118' title='bbox 1365 1681 1554 1739; x_wconf 85' lang='lat' dir='ltr'><strong>Pater:</strong></span> <span class='ocrx_word' id='word_1_119' title='bbox 1578 1685 1641 1739; x_wconf 89' lang='lat' dir='ltr'><strong>Et</strong></span> <span class='ocrx_word' id='word_1_120' title='bbox 1663 1683 1792 1737; x_wconf 88' lang='lat' dir='ltr'><strong>mihi</strong></span> <span class='ocrx_word' id='word_1_121' title='bbox 1818 1681 1884 1737; x_wconf 87' lang='lat' dir='ltr'><strong>da</strong></span> <span class='ocrx_word' id='word_1_122' title='bbox 1912 1695 2104 1735; x_wconf 89' lang='lat' dir='ltr'><strong>manna</strong></span> 
     </span>
    </p>
   </div>
   <div class='ocr_carea' id='block_1_16' title="bbox 528 1772 2101 1857">
    <p class='ocr_par' dir='ltr' id='par_1_16' title="bbox 528 1772 2101 1857">
     <span class='ocr_line' id='line_1_16' title="bbox 528 1772 2101 1857; baseline -0.011 -15"><span class='ocrx_word' id='word_1_123' title='bbox 528 1796 585 1842; x_wconf 87' lang='lat' dir='ltr'><strong>et</strong></span> <span class='ocrx_word' id='word_1_124' title='bbox 627 1801 816 1857; x_wconf 85' lang='lat' dir='ltr'><strong>aquam</strong></span> <span class='ocrx_word' id='word_1_125' title='bbox 866 1785 1031 1847; x_wconf 91' lang='lat' dir='ltr'><strong>illam,</strong></span> <span class='ocrx_word' id='word_1_126' title='bbox 1079 1794 1133 1837; x_wconf 91' lang='lat' dir='ltr'><strong>et</strong></span> <span class='ocrx_word' id='word_1_127' title='bbox 1185 1779 1314 1836; x_wconf 88' lang='lat' dir='ltr'><strong>nihil</strong></span> <span class='ocrx_word' id='word_1_128' title='bbox 1358 1777 1585 1848; x_wconf 82' lang='lat' dir='ltr'><strong>amplius</strong></span> <span class='ocrx_word' id='word_1_129' title='bbox 1633 1774 1866 1845; x_wconf 86' lang='lat' dir='ltr'><strong>requiro.</strong></span> <span class='ocrx_word' id='word_1_130' title='bbox 1924 1772 2101 1827; x_wconf 79' lang='lat' dir='ltr'><strong>EPISC.</strong></span> 
     </span>
    </p>
   </div>
   <div class='ocr_carea' id='block_1_17' title="bbox 477 1862 2103 1948">
    <p class='ocr_par' dir='ltr' id='par_1_17' title="bbox 477 1862 2103 1948">
     <span class='ocr_line' id='line_1_17' title="bbox 477 1862 2103 1948; baseline -0.011 -14"><span class='ocrx_word' id='word_1_131' title='bbox 477 1875 487 1888; x_wconf 83' lang='lat'><strong><em>&#39;</em></strong></span> <span class='ocrx_word' id='word_1_132' title='bbox 526 1878 722 1948; x_wconf 83' lang='lat' dir='ltr'><strong>Ecquis</strong></span> <span class='ocrx_word' id='word_1_133' title='bbox 761 1876 853 1931; x_wconf 91' lang='lat' dir='ltr'><strong>ille</strong></span> <span class='ocrx_word' id='word_1_134' title='bbox 891 1884 973 1930; x_wconf 90' lang='lat' dir='ltr'><strong>est</strong></span> <span class='ocrx_word' id='word_1_135' title='bbox 1011 1871 1145 1927; x_wconf 88' lang='lat' dir='ltr'><strong>adeo</strong></span> <span class='ocrx_word' id='word_1_136' title='bbox 1184 1884 1425 1925; x_wconf 86' lang='lat' dir='ltr'><strong>morosus</strong></span> <span class='ocrx_word' id='word_1_137' title='bbox 1453 1867 1542 1938; x_wconf 85' lang='lat' dir='ltr'><strong>qui</strong></span> <span class='ocrx_word' id='word_1_138' title='bbox 1584 1863 1804 1936; x_wconf 76' lang='lat' dir='ltr'><strong>spiritali</strong></span> <span class='ocrx_word' id='word_1_139' title='bbox 1847 1862 2103 1917; x_wconf 70' lang='lat' dir='ltr'><strong>doctrina:</strong></span> 
     </span>
    </p>
   </div>
   <div class='ocr_carea' id='block_1_18' title="bbox 528 1951 2105 2031">
    <p class='ocr_par' dir='ltr' id='par_1_18' title="bbox 528 1951 2105 2031">
     <span class='ocr_line' id='line_1_18' title="bbox 528 1951 2105 2031; baseline -0.01 -9"><span class='ocrx_word' id='word_1_140' title='bbox 528 1982 724 2023; x_wconf 90' lang='lat' dir='ltr'><strong>manna</strong></span> <span class='ocrx_word' id='word_1_141' title='bbox 753 1964 1003 2022; x_wconf 89' lang='lat' dir='ltr'><strong>sensibile</strong></span> <span class='ocrx_word' id='word_1_142' title='bbox 1046 1963 1342 2031; x_wconf 70' lang='lat' dir='ltr'><strong>ﬁnitamque</strong></span> <span class='ocrx_word' id='word_1_143' title='bbox 1377 1975 1564 2028; x_wconf 88' lang='lat' dir='ltr'><strong>aquam</strong></span> <span class='ocrx_word' id='word_1_144' title='bbox 1589 1953 1875 2027; x_wconf 63' lang='lat' dir='ltr'><strong>praeferat?</strong></span> <span class='ocrx_word' id='word_1_145' title='bbox 1904 1951 2105 2007; x_wconf 88' lang='lat' dir='ltr'><strong>Deinde</strong></span> 
     </span>
    </p>
   </div>
   <div class='ocr_carea' id='block_1_19' title="bbox 526 2048 2105 2127">
    <p class='ocr_par' dir='ltr' id='par_1_19' title="bbox 526 2048 2105 2127">
     <span class='ocr_line' id='line_1_19' title="bbox 526 2048 2105 2127; baseline -0.011 -12"><span class='ocrx_word' id='word_1_146' title='bbox 526 2058 741 2115; x_wconf 88' lang='lat' dir='ltr'><strong>Samuel</strong></span> <span class='ocrx_word' id='word_1_147' title='bbox 770 2055 948 2127; x_wconf 86' lang='lat' dir='ltr'><strong>populi</strong></span> <span class='ocrx_word' id='word_1_148' title='bbox 973 2054 1183 2119; x_wconf 89' lang='lat' dir='ltr'><strong>doctor,</strong></span> <span class='ocrx_word' id='word_1_149' title='bbox 1203 2053 1292 2123; x_wconf 91' lang='lat' dir='ltr'><strong>qui</strong></span> <span class='ocrx_word' id='word_1_150' title='bbox 1318 2066 1437 2106; x_wconf 92' lang='lat' dir='ltr'><strong>cum</strong></span> <span class='ocrx_word' id='word_1_151' title='bbox 1470 2048 1650 2118; x_wconf 81' lang='lat' dir='ltr'><strong>viginti</strong></span> <span class='ocrx_word' id='word_1_152' title='bbox 1676 2050 1907 2116; x_wconf 90' lang='lat' dir='ltr'><strong>quinque</strong></span> <span class='ocrx_word' id='word_1_153' title='bbox 1935 2057 2105 2098; x_wconf 86' lang='lat' dir='ltr'><strong>annos</strong></span> 
     </span>
    </p>
   </div>
   <div class='ocr_carea' id='block_1_20' title="bbox 526 2138 2101 2216">
    <p class='ocr_par' dir='ltr' id='par_1_20' title="bbox 526 2138 2101 2216">
     <span class='ocr_line' id='line_1_20' title="bbox 526 2138 2101 2216; baseline -0.012 -11"><span class='ocrx_word' id='word_1_154' title='bbox 526 2151 584 2205; x_wconf 83' lang='lat' dir='ltr'><strong>in</strong></span> <span class='ocrx_word' id='word_1_155' title='bbox 610 2148 922 2204; x_wconf 79' lang='lat' dir='ltr'><strong>Armathem</strong></span> <span class='ocrx_word' id='word_1_156' title='bbox 942 2145 1423 2216; x_wconf 87' lang='lat' dir='ltr'><strong>quievisset,quem</strong></span> <span class='ocrx_word' id='word_1_157' title='bbox 1451 2138 1732 2209; x_wconf 82' lang='lat' dir='ltr'><strong>aliquando</strong></span> <span class='ocrx_word' id='word_1_158' title='bbox 1762 2149 1965 2200; x_wconf 86' lang='lat' dir='ltr'><strong>mensa,</strong></span> <span class='ocrx_word' id='word_1_159' title='bbox 1997 2150 2101 2187; x_wconf 88' lang='lat' dir='ltr'><strong>non</strong></span> 
     </span>
    </p>
   </div>
   <div class='ocr_carea' id='block_1_21' title="bbox 525 2225 2102 2302">
    <p class='ocr_par' dir='ltr' id='par_1_21' title="bbox 525 2225 2102 2302">
     <span class='ocr_line' id='line_1_21' title="bbox 525 2225 2102 2302; baseline -0.011 -9"><span class='ocrx_word' id='word_1_160' title='bbox 525 2249 703 2294; x_wconf 89' lang='lat' dir='ltr'><strong>autem</strong></span> <span class='ocrx_word' id='word_1_161' title='bbox 731 2238 992 2302; x_wconf 83' lang='lat' dir='ltr'><strong>doctrina,</strong></span> <span class='ocrx_word' id='word_1_162' title='bbox 1046 2235 1235 2289; x_wconf 85' lang='lat' dir='ltr'><strong>avertit</strong></span> <span class='ocrx_word' id='word_1_163' title='bbox 1277 2232 1345 2285; x_wconf 90' lang='lat' dir='ltr'><strong>ab</strong></span> <span class='ocrx_word' id='word_1_164' title='bbox 1384 2230 1574 2284; x_wconf 84' lang='lat' dir='ltr'><strong>idolis?</strong></span> <span class='ocrx_word' id='word_1_165' title='bbox 1607 2225 1830 2294; x_wconf 85' lang='lat' dir='ltr'><strong>Quando</strong></span> <span class='ocrx_word' id='word_1_166' title='bbox 1855 2240 1985 2279; x_wconf 88' lang='lat' dir='ltr'><strong>vero</strong></span> <span class='ocrx_word' id='word_1_167' title='bbox 2010 2238 2102 2277; x_wconf 77' lang='lat' dir='ltr'><strong>rex</strong></span> 
     </span>
    </p>
   </div>
   <div class='ocr_carea' id='block_1_22' title="bbox 526 2314 2106 2398">
    <p class='ocr_par' dir='ltr' id='par_1_22' title="bbox 526 2314 2106 2398">
     <span class='ocr_line' id='line_1_22' title="bbox 526 2314 2106 2398; baseline -0.011 -13"><span class='ocrx_word' id='word_1_168' title='bbox 526 2330 683 2386; x_wconf 88' lang='lat' dir='ltr'><strong>simul</strong></span> <span class='ocrx_word' id='word_1_169' title='bbox 731 2337 787 2384; x_wconf 91' lang='lat' dir='ltr'><strong>et</strong></span> <span class='ocrx_word' id='word_1_170' title='bbox 851 2326 1106 2398; x_wconf 78' lang='lat' dir='ltr'><strong>propheta</strong></span> <span class='ocrx_word' id='word_1_171' title='bbox 1155 2332 1211 2379; x_wconf 91' lang='lat' dir='ltr'><strong>et</strong></span> <span class='ocrx_word' id='word_1_172' title='bbox 1258 2323 1452 2392; x_wconf 84' lang='lat' dir='ltr'><strong>psaltes</strong></span> <span class='ocrx_word' id='word_1_173' title='bbox 1505 2318 1783 2375; x_wconf 83' lang='lat' dir='ltr'><strong>delicatam</strong></span> <span class='ocrx_word' id='word_1_174' title='bbox 1851 2314 2106 2369; x_wconf 75' lang='lat' dir='ltr'><strong>instruxit</strong></span> 
     </span>
    </p>
   </div>
   <div class='ocr_carea' id='block_1_23' title="bbox 526 2405 2107 2488">
    <p class='ocr_par' dir='ltr' id='par_1_23' title="bbox 526 2405 2107 2488">
     <span class='ocr_line' id='line_1_23' title="bbox 526 2405 2107 2488; baseline -0.013 -12"><span class='ocrx_word' id='word_1_175' title='bbox 526 2419 809 2475; x_wconf 83' lang='lat' dir='ltr'><strong>mensam?</strong></span> <span class='ocrx_word' id='word_1_176' title='bbox 845 2416 932 2488; x_wconf 87' lang='lat' dir='ltr'><strong>qui</strong></span> <span class='ocrx_word' id='word_1_177' title='bbox 960 2415 1090 2471; x_wconf 69' lang='lat' dir='ltr'><strong>dixit</strong></span> <span class='ocrx_word' id='word_1_178' title='bbox 1116 2431 1128 2467; x_wconf 91' lang='lat'><strong>:</strong></span> <span class='ocrx_word' id='word_1_179' title='bbox 1155 2412 1380 2468; x_wconf 83' lang='lat' dir='ltr'><strong>Cinerem</strong></span> <span class='ocrx_word' id='word_1_180' title='bbox 1412 2422 1668 2480; x_wconf 77' lang='lat' dir='ltr'><strong>tamquam</strong></span> <span class='ocrx_word' id='word_1_181' title='bbox 1696 2422 1877 2477; x_wconf 83' lang='lat' dir='ltr'><strong>panem</strong></span> <span class='ocrx_word' id='word_1_182' title='bbox 1896 2405 2107 2458; x_wconf 85' lang='lat' dir='ltr'><strong>mandu-</strong></span> 
     </span>
    </p>
   </div>
   <div class='ocr_carea' id='block_1_24' title="bbox 525 2495 2101 2579">
    <p class='ocr_par' dir='ltr' id='par_1_24' title="bbox 525 2495 2101 2579">
     <span class='ocr_line' id='line_1_24' title="bbox 525 2495 2101 2579; baseline -0.011 -13"><span class='ocrx_word' id='word_1_183' title='bbox 525 2512 723 2577; x_wconf 85' lang='lat' dir='ltr'><strong>cabam,</strong></span> <span class='ocrx_word' id='word_1_184' title='bbox 748 2519 795 2564; x_wconf 88' lang='lat' dir='ltr'><strong>et</strong></span> <span class='ocrx_word' id='word_1_185' title='bbox 822 2518 996 2579; x_wconf 86' lang='lat' dir='ltr'><strong>potum</strong></span> <span class='ocrx_word' id='word_1_186' title='bbox 1028 2521 1192 2559; x_wconf 79' lang='lat' dir='ltr'><strong>nteant</strong></span> <span class='ocrx_word' id='word_1_187' title='bbox 1223 2519 1336 2556; x_wconf 80' lang='lat' dir='ltr'><strong>cum</strong></span> <span class='ocrx_word' id='word_1_188' title='bbox 1365 2504 1489 2571; x_wconf 83' lang='lat' dir='ltr'><strong>ﬂetu</strong></span> <span class='ocrx_word' id='word_1_189' title='bbox 1515 2495 2101 2566; x_wconf 76' lang='lat' dir='ltr'><strong>miscebam(Psal.l0|.</strong></span> 
     </span>
    </p>
   </div>
   <div class='ocr_carea' id='block_1_25' title="bbox 526 2585 2104 2672">
    <p class='ocr_par' dir='ltr' id='par_1_25' title="bbox 526 2585 2104 2672">
     <span class='ocr_line' id='line_1_25' title="bbox 526 2585 2104 2672; baseline -0.011 -16"><span class='ocrx_word' id='word_1_190' title='bbox 526 2598 640 2672; x_wconf 83' lang='grc'><strong>10).</strong></span> <span class='ocrx_word' id='word_1_191' title='bbox 679 2598 827 2655; x_wconf 77' lang='lat' dir='ltr'><strong>Elias</strong></span> <span class='ocrx_word' id='word_1_192' title='bbox 853 2595 1151 2659; x_wconf 84' lang='lat' dir='ltr'><strong>Thesbites,</strong></span> <span class='ocrx_word' id='word_1_193' title='bbox 1193 2591 1503 2647; x_wconf 86' lang='lat' dir='ltr'><strong>universalis</strong></span> <span class='ocrx_word' id='word_1_194' title='bbox 1545 2589 1965 2659; x_wconf 80' lang='lat' dir='ltr'><strong>iejunii&#39;auctor,</strong></span> <span class='ocrx_word' id='word_1_195' title='bbox 2012 2585 2104 2655; x_wconf 90' lang='lat' dir='ltr'><strong>qui</strong></span> 
     </span>
    </p>
   </div>
   <div class='ocr_carea' id='block_1_26' title="bbox 525 2678 2106 2746">
    <p class='ocr_par' dir='ltr' id='par_1_26' title="bbox 525 2678 2106 2746">
     <span class='ocr_line' id='line_1_26' title="bbox 525 2678 2106 2746; baseline -0.009 -2"><span class='ocrx_word' id='word_1_196' title='bbox 525 2703 697 2744; x_wconf 88' lang='lat' dir='ltr'><strong>annos</strong></span> <span class='ocrx_word' id='word_1_197' title='bbox 741 2698 851 2743; x_wconf 85' lang='lat' dir='ltr'><strong>tres</strong></span> <span class='ocrx_word' id='word_1_198' title='bbox 884 2697 941 2742; x_wconf 88' lang='lat' dir='ltr'><strong>et</strong></span> <span class='ocrx_word' id='word_1_199' title='bbox 964 2695 1185 2740; x_wconf 83' lang='lat' dir='ltr'><strong>menses</strong></span> <span class='ocrx_word' id='word_1_200' title='bbox 1205 2688 1305 2737; x_wconf 78' lang='lat' dir='ltr'><strong>sex</strong></span> <span class='ocrx_word' id='word_1_201' title='bbox 1329 2681 1555 2737; x_wconf 88' lang='lat' dir='ltr'><strong>inediam</strong></span> <span class='ocrx_word' id='word_1_202' title='bbox 1588 2678 1894 2734; x_wconf 85' lang='lat' dir='ltr'><strong>lurconibus</strong></span> <span class='ocrx_word' id='word_1_203' title='bbox 1915 2686 2106 2746; x_wconf 70' lang='lat' dir='ltr'><strong>praeter</strong></span> 
     </span>
    </p>
   </div>
   <div class='ocr_carea' id='block_1_27' title="bbox 526 2771 2104 2845">
    <p class='ocr_par' dir='ltr' id='par_1_27' title="bbox 526 2771 2104 2845">
     <span class='ocr_line' id='line_1_27' title="bbox 526 2771 2104 2845; baseline -0.01 -9"><span class='ocrx_word' id='word_1_204' title='bbox 526 2794 712 2836; x_wconf 87' lang='lat' dir='ltr'><strong>eorum</strong></span> <span class='ocrx_word' id='word_1_205' title='bbox 731 2778 1057 2833; x_wconf 83' lang='lat' dir='ltr'><strong>voluntatem</strong></span> <span class='ocrx_word' id='word_1_206' title='bbox 1083 2773 1377 2845; x_wconf 82' lang='lat' dir='ltr'><strong>apparavit,</strong></span> <span class='ocrx_word' id='word_1_207' title='bbox 1420 2771 1563 2842; x_wconf 88' lang='lat' dir='ltr'><strong>quali</strong></span> <span class='ocrx_word' id='word_1_208' title='bbox 1594 2785 1777 2825; x_wconf 89' lang='lat' dir='ltr'><strong>mensa</strong></span> <span class='ocrx_word' id='word_1_209' title='bbox 1815 2784 1846 2823; x_wconf 91' lang='lat' dir='ltr'><strong>a</strong></span> <span class='ocrx_word' id='word_1_210' title='bbox 1888 2776 2104 2837; x_wconf 91' lang='lat' dir='ltr'><strong>peccato</strong></span> 
     </span>
    </p>
   </div>
   <div class='ocr_carea' id='block_1_28' title="bbox 525 2859 2102 2941">
    <p class='ocr_par' dir='ltr' id='par_1_28' title="bbox 525 2859 2102 2941">
     <span class='ocr_line' id='line_1_28' title="bbox 525 2859 2102 2941; baseline -0.01 -13"><span class='ocrx_word' id='word_1_211' title='bbox 525 2870 809 2928; x_wconf 82' lang='lat' dir='ltr'><strong>liberavit?</strong></span> <span class='ocrx_word' id='word_1_212' title='bbox 845 2884 980 2941; x_wconf 88' lang='lat' dir='ltr'><strong>quos</strong></span> <span class='ocrx_word' id='word_1_213' title='bbox 1011 2877 1186 2923; x_wconf 86' lang='lat' dir='ltr'><strong>autem</strong></span> <span class='ocrx_word' id='word_1_214' title='bbox 1223 2865 1454 2920; x_wconf 84' lang='lat' dir='ltr'><strong>habebat</strong></span> <span class='ocrx_word' id='word_1_215' title='bbox 1475 2862 1712 2932; x_wconf 79' lang='lat' dir='ltr'><strong>coquos?</strong></span> <span class='ocrx_word' id='word_1_216' title='bbox 1747 2875 1924 2916; x_wconf 86' lang='lat' dir='ltr'><strong>nonne</strong></span> <span class='ocrx_word' id='word_1_217' title='bbox 1956 2859 2102 2915; x_wconf 89' lang='lat' dir='ltr'><strong>corvi</strong></span> 
     </span>
    </p>
   </div>
   <div class='ocr_carea' id='block_1_29' title="bbox 524 2951 2101 3037">
    <p class='ocr_par' dir='ltr' id='par_1_29' title="bbox 524 2951 2101 3037">
     <span class='ocr_line' id='line_1_29' title="bbox 524 2951 2101 3037; baseline -0.009 -16"><span class='ocrx_word' id='word_1_218' title='bbox 524 2979 687 3037; x_wconf 86' lang='lat' dir='ltr'><strong>opera</strong></span> <span class='ocrx_word' id='word_1_219' title='bbox 703 2963 1065 3035; x_wconf 87' lang='lat' dir='ltr'><strong>quotidianum</strong></span> <span class='ocrx_word' id='word_1_220' title='bbox 1079 2958 1373 3029; x_wconf 87' lang='lat' dir='ltr'><strong>accipiebat</strong></span> <span class='ocrx_word' id='word_1_221' title='bbox 1388 2972 1574 3027; x_wconf 89' lang='lat' dir='ltr'><strong>panem</strong></span> <span class='ocrx_word' id='word_1_222' title='bbox 1593 2956 1618 3007; x_wconf 90' lang='lat'><strong>?</strong></span> <span class='ocrx_word' id='word_1_223' title='bbox 1646 2954 1873 3025; x_wconf 83' lang='lat' dir='ltr'><strong>Sapiens</strong></span> <span class='ocrx_word' id='word_1_224' title='bbox 1898 2951 2101 3017; x_wconf 87' lang='lat' dir='ltr'><strong>Daniel,</strong></span> 
     </span>
    </p>
   </div>
   <div class='ocr_carea' id='block_1_30' title="bbox 526 3043 2103 3116">
    <p class='ocr_par' dir='ltr' id='par_1_30' title="bbox 526 3043 2103 3116">
     <span class='ocr_line' id='line_1_30' title="bbox 526 3043 2103 3116; baseline -0.009 -6"><span class='ocrx_word' id='word_1_225' title='bbox 526 3064 581 3110; x_wconf 88' lang='lat' dir='ltr'><strong>et</strong></span> <span class='ocrx_word' id='word_1_226' title='bbox 598 3053 895 3109; x_wconf 79' lang='lat' dir='ltr'><strong>futurorum</strong></span> <span class='ocrx_word' id='word_1_227' title='bbox 918 3050 1161 3105; x_wconf 87' lang='lat' dir='ltr'><strong>oculatus</strong></span> <span class='ocrx_word' id='word_1_228' title='bbox 1178 3048 1349 3113; x_wconf 91' lang='lat' dir='ltr'><strong>testis,</strong></span> <span class='ocrx_word' id='word_1_229' title='bbox 1375 3062 1476 3116; x_wconf 87' lang='lat' dir='ltr'><strong>qua</strong></span> <span class='ocrx_word' id='word_1_230' title='bbox 1502 3058 1684 3099; x_wconf 79' lang='lat' dir='ltr'><strong>mensa</strong></span> <span class='ocrx_word' id='word_1_231' title='bbox 1711 3043 1958 3114; x_wconf 82' lang='lat' dir='ltr'><strong>Assyrios</strong></span> <span class='ocrx_word' id='word_1_232' title='bbox 1977 3055 2103 3097; x_wconf 89' lang='lat' dir='ltr'><strong>eru-</strong></span> 
     </span>
    </p>
   </div>
   <div class='ocr_carea' id='block_1_31' title="bbox 525 3132 2106 3210">
    <p class='ocr_par' dir='ltr' id='par_1_31' title="bbox 525 3132 2106 3210">
     <span class='ocr_line' id='line_1_31' title="bbox 525 3132 2106 3210; baseline -0.009 -11"><span class='ocrx_word' id='word_1_233' title='bbox 525 3143 691 3199; x_wconf 84' lang='lat' dir='ltr'><strong>divit?</strong></span> <span class='ocrx_word' id='word_1_234' title='bbox 717 3156 894 3197; x_wconf 92' lang='lat' dir='ltr'><strong>nonne</strong></span> <span class='ocrx_word' id='word_1_235' title='bbox 930 3139 1138 3210; x_wconf 84' lang='lat' dir='ltr'><strong>jejunio</strong></span> <span class='ocrx_word' id='word_1_236' title='bbox 1157 3145 1211 3193; x_wconf 87' lang='lat' dir='ltr'><strong>et</strong></span> <span class='ocrx_word' id='word_1_237' title='bbox 1236 3137 1478 3191; x_wconf 86' lang='lat' dir='ltr'><strong>oratione</strong></span> <span class='ocrx_word' id='word_1_238' title='bbox 1515 3134 1798 3189; x_wconf 85' lang='lat' dir='ltr'><strong>draconem</strong></span> <span class='ocrx_word' id='word_1_239' title='bbox 1837 3132 2106 3187; x_wconf 82' lang='lat' dir='ltr'><strong>interemit</strong></span> 
     </span>
    </p>
   </div>
   <div class='ocr_carea' id='block_1_32' title="bbox 525 3220 2104 3296">
    <p class='ocr_par' dir='ltr' id='par_1_32' title="bbox 525 3220 2104 3296">
     <span class='ocr_line' id='line_1_32' title="bbox 525 3220 2104 3296; baseline -0.01 -5"><span class='ocrx_word' id='word_1_240' title='bbox 525 3244 582 3291; x_wconf 90' lang='lat' dir='ltr'><strong>et</strong></span> <span class='ocrx_word' id='word_1_241' title='bbox 606 3234 786 3289; x_wconf 76' lang='lat' dir='ltr'><strong>Belum</strong></span> <span class='ocrx_word' id='word_1_242' title='bbox 828 3230 1041 3296; x_wconf 82' lang='lat' dir='ltr'><strong>evertit,</strong></span> <span class='ocrx_word' id='word_1_243' title='bbox 1078 3229 1397 3296; x_wconf 80' lang='lat' dir='ltr'><strong>leonumque</strong></span> <span class='ocrx_word' id='word_1_244' title='bbox 1425 3240 1521 3279; x_wconf 89' lang='lat' dir='ltr'><strong>ora</strong></span> <span class='ocrx_word' id='word_1_245' title='bbox 1559 3224 1848 3289; x_wconf 85' lang='lat' dir='ltr'><strong>obturavit,</strong></span> <span class='ocrx_word' id='word_1_246' title='bbox 1893 3230 1949 3277; x_wconf 85' lang='lat' dir='ltr'><strong>et</strong></span> <span class='ocrx_word' id='word_1_247' title='bbox 1989 3220 2104 3291; x_wconf 86' lang='lat' dir='ltr'><strong>regi</strong></span> 
     </span>
    </p>
   </div>
   <div class='ocr_carea' id='block_1_33' title="bbox 528 3314 2108 3396">
    <p class='ocr_par' dir='ltr' id='par_1_33' title="bbox 528 3314 2108 3396">
     <span class='ocr_line' id='line_1_33' title="bbox 528 3314 2108 3396; baseline -0.009 -15"><span class='ocrx_word' id='word_1_248' title='bbox 528 3324 793 3396; x_wconf 84' lang='lat' dir='ltr'><strong>persuasit</strong></span> <span class='ocrx_word' id='word_1_249' title='bbox 820 3331 877 3377; x_wconf 90' lang='lat' dir='ltr'><strong>ut</strong></span> <span class='ocrx_word' id='word_1_250' title='bbox 899 3321 1097 3391; x_wconf 88' lang='lat' dir='ltr'><strong>patrios</strong></span> <span class='ocrx_word' id='word_1_251' title='bbox 1115 3318 1247 3373; x_wconf 88' lang='lat' dir='ltr'><strong>deos</strong></span> <span class='ocrx_word' id='word_1_252' title='bbox 1264 3318 1574 3386; x_wconf 88' lang='lat' dir='ltr'><strong>abnegaret,</strong></span> <span class='ocrx_word' id='word_1_253' title='bbox 1600 3325 1654 3370; x_wconf 88' lang='lat' dir='ltr'><strong>et</strong></span> <span class='ocrx_word' id='word_1_254' title='bbox 1678 3314 1845 3370; x_wconf 90' lang='lat' dir='ltr'><strong>Deum</strong></span> <span class='ocrx_word' id='word_1_255' title='bbox 1871 3314 1959 3383; x_wconf 90' lang='lat' dir='ltr'><strong>qui</strong></span> <span class='ocrx_word' id='word_1_256' title='bbox 1981 3327 2108 3368; x_wconf 86' lang='lat' dir='ltr'><strong>vere</strong></span> 
     </span>
    </p>
   </div>
   <div class='ocr_carea' id='block_1_34' title="bbox 528 3403 2108 3477">
    <p class='ocr_par' dir='ltr' id='par_1_34' title="bbox 528 3403 2108 3477">
     <span class='ocr_line' id='line_1_34' title="bbox 528 3403 2108 3477; baseline -0.006 -9"><span class='ocrx_word' id='word_1_257' title='bbox 528 3423 612 3468; x_wconf 88' lang='lat' dir='ltr'><strong>est</strong></span> <span class='ocrx_word' id='word_1_258' title='bbox 635 3410 1017 3470; x_wconf 85' lang='lat' dir='ltr'><strong>conﬁteretur?</strong></span> <span class='ocrx_word' id='word_1_259' title='bbox 1045 3407 1248 3476; x_wconf 80' lang='lat' dir='ltr'><strong>Quibus</strong></span> <span class='ocrx_word' id='word_1_260' title='bbox 1269 3408 1460 3477; x_wconf 88' lang='lat' dir='ltr'><strong>epulis,</strong></span> <span class='ocrx_word' id='word_1_261' title='bbox 1499 3407 1691 3476; x_wconf 88' lang='lat' dir='ltr'><strong>quibus</strong></span> <span class='ocrx_word' id='word_1_262' title='bbox 1714 3403 1953 3474; x_wconf 89' lang='lat' dir='ltr'><strong>cupediis</strong></span> <span class='ocrx_word' id='word_1_263' title='bbox 1981 3418 2108 3459; x_wconf 86' lang='lat' dir='ltr'><strong>usus</strong></span> 
     </span>
    </p>
   </div>
   <div class='ocr_carea' id='block_1_35' title="bbox 531 3496 2106 3574">
    <p class='ocr_par' dir='ltr' id='par_1_35' title="bbox 531 3496 2106 3574">
     <span class='ocr_line' id='line_1_35' title="bbox 531 3496 2106 3574; baseline -0.006 -15"><span class='ocrx_word' id='word_1_264' title='bbox 531 3506 615 3559; x_wconf 73' lang='lat' dir='ltr'><strong>“est</strong></span> <span class='ocrx_word' id='word_1_265' title='bbox 632 3502 1007 3574; x_wconf 79' lang='lat' dir='ltr'><strong>prophetarum</strong></span> <span class='ocrx_word' id='word_1_266' title='bbox 1032 3510 1349 3555; x_wconf 67' lang='lat' dir='ltr'><strong>cancrorum</strong></span> <span class='ocrx_word' id='word_1_267' title='bbox 1377 3498 1573 3552; x_wconf 90' lang='lat' dir='ltr'><strong>chorus</strong></span> <span class='ocrx_word' id='word_1_268' title='bbox 1599 3505 1693 3551; x_wconf 92' lang='lat' dir='ltr'><strong>aut</strong></span> <span class='ocrx_word' id='word_1_269' title='bbox 1709 3496 2106 3566; x_wconf 79' lang='lat' dir='ltr'><strong>apostolorum?</strong></span> 
     </span>
    </p>
   </div>
   <div class='ocr_carea' id='block_1_36' title="bbox 532 3588 2106 3659">
    <p class='ocr_par' dir='ltr' id='par_1_36' title="bbox 532 3588 2106 3659">
     <span class='ocr_line' id='line_1_36' title="bbox 532 3588 2106 3659; baseline -0.006 -8"><span class='ocrx_word' id='word_1_270' title='bbox 532 3611 711 3652; x_wconf 86' lang='lat' dir='ltr'><strong>nonne</strong></span> <span class='ocrx_word' id='word_1_271' title='bbox 731 3604 883 3651; x_wconf 84' lang='lat' dir='ltr'><strong>erant</strong></span> <span class='ocrx_word' id='word_1_272' title='bbox 908 3592 1197 3649; x_wconf 86' lang='lat' dir='ltr'><strong>doctores?</strong></span> <span class='ocrx_word' id='word_1_273' title='bbox 1227 3606 1404 3658; x_wconf 84' lang='lat' dir='ltr'><strong>nonne</strong></span> <span class='ocrx_word' id='word_1_274' title='bbox 1432 3590 1558 3659; x_wconf 81' lang='lat' dir='ltr'><strong>ipsis</strong></span> <span class='ocrx_word' id='word_1_275' title='bbox 1581 3590 1743 3645; x_wconf 87' lang='lat' dir='ltr'><strong>totius</strong></span> <span class='ocrx_word' id='word_1_276' title='bbox 1768 3588 1951 3643; x_wconf 89' lang='lat' dir='ltr'><strong>mundi</strong></span> <span class='ocrx_word' id='word_1_277' title='bbox 1979 3602 2106 3643; x_wconf 87' lang='lat' dir='ltr'><strong>cura</strong></span> 
     </span>
    </p>
   </div>
   <div class='ocr_carea' id='block_1_37' title="bbox 532 3679 2108 3743">
    <p class='ocr_par' dir='ltr' id='par_1_37' title="bbox 532 3679 2108 3743">
     <span class='ocr_line' id='line_1_37' title="bbox 532 3679 2108 3743; baseline -0.007 0"><span class='ocrx_word' id='word_1_278' title='bbox 532 3685 836 3743; x_wconf 86' lang='lat' dir='ltr'><strong>concredita</strong></span> <span class='ocrx_word' id='word_1_279' title='bbox 857 3684 1060 3740; x_wconf 77' lang='lat' dir='ltr'><strong>fuerat?</strong></span> <span class='ocrx_word' id='word_1_280' title='bbox 1080 3696 1258 3737; x_wconf 85' lang='lat' dir='ltr'><strong>nonne</strong></span> <span class='ocrx_word' id='word_1_281' title='bbox 1273 3682 1482 3736; x_wconf 81' lang='lat' dir='ltr'><strong>illorum</strong></span> <span class='ocrx_word' id='word_1_282' title='bbox 1515 3694 1698 3735; x_wconf 91' lang='lat' dir='ltr'><strong>sumus</strong></span> <span class='ocrx_word' id='word_1_283' title='bbox 1733 3679 2108 3734; x_wconf 88' lang='lat' dir='ltr'><strong>successores?</strong></span> 
     </span>
    </p>
   </div>
   <div class='ocr_carea' id='block_1_38' title="bbox 534 3771 2100 3841">
    <p class='ocr_par' dir='ltr' id='par_1_38' title="bbox 534 3771 2100 3841">
     <span class='ocr_line' id='line_1_38' title="bbox 534 3771 2100 3841; baseline -0.006 -7"><span class='ocrx_word' id='word_1_284' title='bbox 534 3794 709 3834; x_wconf 88' lang='lat' dir='ltr'><strong>annon</strong></span> <span class='ocrx_word' id='word_1_285' title='bbox 729 3792 913 3833; x_wconf 81' lang='lat' dir='ltr'><strong>eorum</strong></span> <span class='ocrx_word' id='word_1_286' title='bbox 948 3776 1243 3830; x_wconf 84' lang='lat' dir='ltr'><strong>imitatores</strong></span> <span class='ocrx_word' id='word_1_287' title='bbox 1268 3788 1366 3828; x_wconf 88' lang='lat' dir='ltr'><strong>nos</strong></span> <span class='ocrx_word' id='word_1_288' title='bbox 1389 3787 1510 3828; x_wconf 89' lang='lat' dir='ltr'><strong>esse</strong></span> <span class='ocrx_word' id='word_1_289' title='bbox 1537 3773 1648 3826; x_wconf 87' lang='lat' dir='ltr'><strong>vult</strong></span> <span class='ocrx_word' id='word_1_290' title='bbox 1672 3771 1977 3841; x_wconf 82' lang='lat' dir='ltr'><strong>Scriptura?</strong></span> <span class='ocrx_word' id='word_1_291' title='bbox 2005 3785 2100 3825; x_wconf 92' lang='lat' dir='ltr'><strong>eo-</strong></span> 
     </span>
    </p>
   </div>
   <div class='ocr_carea' id='block_1_39' title="bbox 536 3861 2105 3927">
    <p class='ocr_par' dir='ltr' id='par_1_39' title="bbox 536 3861 2105 3927">
     <span class='ocr_line' id='line_1_39' title="bbox 536 3861 2105 3927; baseline -0.007 -3"><span class='ocrx_word' id='word_1_292' title='bbox 536 3886 654 3924; x_wconf 89' lang='lat' dir='ltr'><strong>rum</strong></span> <span class='ocrx_word' id='word_1_293' title='bbox 696 3867 935 3923; x_wconf 89' lang='lat' dir='ltr'><strong>moribus</strong></span> <span class='ocrx_word' id='word_1_294' title='bbox 961 3866 1314 3927; x_wconf 69' lang='lat' dir='ltr'><strong>adhaerentes,</strong></span> <span class='ocrx_word' id='word_1_295' title='bbox 1361 3872 1419 3917; x_wconf 90' lang='lat' dir='ltr'><strong>ut</strong></span> <span class='ocrx_word' id='word_1_296' title='bbox 1444 3863 1641 3917; x_wconf 85' lang='lat' dir='ltr'><strong>Paulus</strong></span> <span class='ocrx_word' id='word_1_297' title='bbox 1666 3862 1842 3927; x_wconf 84' lang='lat' dir='ltr'><strong>docet,</strong></span> <span class='ocrx_word' id='word_1_298' title='bbox 1884 3861 2105 3916; x_wconf 89' lang='lat' dir='ltr'><strong>dicens:</strong></span> 
     </span>
    </p>
   </div>
   <div class='ocr_carea' id='block_1_40' title="bbox 539 3950 2110 4025">
    <p class='ocr_par' dir='ltr' id='par_1_40' title="bbox 539 3950 2110 4025">
     <span class='ocr_line' id='line_1_40' title="bbox 539 3950 2110 4025; baseline -0.007 -12"><span class='ocrx_word' id='word_1_299' title='bbox 539 3960 766 4025; x_wconf 79' lang='lat' dir='ltr'><strong>Quorum</strong></span> <span class='ocrx_word' id='word_1_300' title='bbox 783 3958 1027 4011; x_wconf 81' lang='lat' dir='ltr'><strong>intuentes</strong></span> <span class='ocrx_word' id='word_1_301' title='bbox 1046 3955 1234 4008; x_wconf 67' lang='lat' dir='ltr'><strong>anitum</strong></span> <span class='ocrx_word' id='word_1_302' title='bbox 1249 3952 1664 4015; x_wconf 79' lang='lat' dir='ltr'><strong>conversationis,</strong></span> <span class='ocrx_word' id='word_1_303' title='bbox 1679 3951 1944 4003; x_wconf 84' lang='lat' dir='ltr'><strong>imitamini</strong></span> <span class='ocrx_word' id='word_1_304' title='bbox 1957 3950 2110 4017; x_wconf 78' lang='lat' dir='ltr'><strong>ﬁdem</strong></span> 
     </span>
    </p>
   </div>
   <div class='ocr_carea' id='block_1_41' title="bbox 538 4042 2113 4124">
    <p class='ocr_par' dir='ltr' id='par_1_41' title="bbox 538 4042 2113 4124">
     <span class='ocr_line' id='line_1_41' title="bbox 538 4042 2113 4124; baseline -0.007 -19"><span class='ocrx_word' id='word_1_305' title='bbox 538 4049 722 4124; x_wconf 71' lang='lat' dir='ltr'><strong>(Hebr.</strong></span> <span class='ocrx_word' id='word_1_306' title='bbox 751 4050 839 4103; x_wconf 77' lang='grc'><strong>15.</strong></span> <span class='ocrx_word' id='word_1_307' title='bbox 862 4048 942 4119; x_wconf 81' lang='grc'><strong>7).</strong></span> <span class='ocrx_word' id='word_1_308' title='bbox 970 4047 1100 4114; x_wconf 74' lang='lat' dir='ltr'><strong>Qua:</strong></span> <span class='ocrx_word' id='word_1_309' title='bbox 1128 4045 1342 4100; x_wconf 85' lang='lat' dir='ltr'><strong>bellaria</strong></span> <span class='ocrx_word' id='word_1_310' title='bbox 1370 4044 1596 4098; x_wconf 84' lang='lat' dir='ltr'><strong>habebat</strong></span> <span class='ocrx_word' id='word_1_311' title='bbox 1622 4044 1673 4097; x_wconf 90' lang='lat' dir='ltr'><strong>in</strong></span> <span class='ocrx_word' id='word_1_312' title='bbox 1694 4042 1910 4098; x_wconf 88' lang='lat' dir='ltr'><strong>deserto</strong></span> <span class='ocrx_word' id='word_1_313' title='bbox 1942 4042 2113 4109; x_wconf 71' lang='lat' dir='ltr'><strong>pomi-</strong></span> 
     </span>
    </p>
   </div>
   <div class='ocr_carea' id='block_1_42' title="bbox 539 4134 2112 4211">
    <p class='ocr_par' dir='ltr' id='par_1_42' title="bbox 539 4134 2112 4211">
     <span class='ocr_line' id='line_1_42' title="bbox 539 4134 2112 4211; baseline -0.007 -13"><span class='ocrx_word' id='word_1_314' title='bbox 539 4143 718 4198; x_wconf 78' lang='lat' dir='ltr'><strong>tentite</strong></span> <span class='ocrx_word' id='word_1_315' title='bbox 744 4154 917 4211; x_wconf 65' lang='lat' dir='ltr'><strong>primo</strong></span> <span class='ocrx_word' id='word_1_316' title='bbox 943 4138 1177 4194; x_wconf 79' lang='lat' dir='ltr'><strong>Joannes</strong></span> <span class='ocrx_word' id='word_1_317' title='bbox 1206 4136 1436 4206; x_wconf 84' lang='lat' dir='ltr'><strong>Baptista</strong></span> <span class='ocrx_word' id='word_1_318' title='bbox 1458 4177 1472 4200; x_wconf 90' lang='lat'><strong>,</strong></span> <span class='ocrx_word' id='word_1_319' title='bbox 1519 4136 1609 4205; x_wconf 89' lang='lat' dir='ltr'><strong>qui</strong></span> <span class='ocrx_word' id='word_1_320' title='bbox 1658 4134 1725 4189; x_wconf 92' lang='lat' dir='ltr'><strong>ad</strong></span> <span class='ocrx_word' id='word_1_321' title='bbox 1762 4150 1822 4190; x_wconf 87' lang='lat' dir='ltr'><strong>se</strong></span> <span class='ocrx_word' id='word_1_322' title='bbox 1858 4134 2112 4189; x_wconf 84' lang='lat' dir='ltr'><strong>venienti-</strong></span> 
     </span>
    </p>
   </div>
   <div class='ocr_carea' id='block_1_43' title="bbox 537 4227 2112 4300">
    <p class='ocr_par' dir='ltr' id='par_1_43' title="bbox 537 4227 2112 4300">
     <span class='ocr_line' id='line_1_43' title="bbox 537 4227 2112 4300; baseline -0.006 -11"><span class='ocrx_word' id='word_1_323' title='bbox 537 4237 640 4291; x_wconf 81' lang='lat' dir='ltr'><strong>bus</strong></span> <span class='ocrx_word' id='word_1_324' title='bbox 668 4249 776 4290; x_wconf 89' lang='lat' dir='ltr'><strong>non</strong></span> <span class='ocrx_word' id='word_1_325' title='bbox 810 4232 969 4288; x_wconf 86' lang='lat' dir='ltr'><strong>modo</strong></span> <span class='ocrx_word' id='word_1_326' title='bbox 994 4247 1100 4286; x_wconf 91' lang='lat' dir='ltr'><strong>non</strong></span> <span class='ocrx_word' id='word_1_327' title='bbox 1131 4230 1334 4300; x_wconf 83' lang='lat' dir='ltr'><strong>paravit</strong></span> <span class='ocrx_word' id='word_1_328' title='bbox 1361 4228 1599 4298; x_wconf 90' lang='lat' dir='ltr'><strong>prandia,</strong></span> <span class='ocrx_word' id='word_1_329' title='bbox 1628 4227 1725 4283; x_wconf 84' lang='lat' dir='ltr'><strong>sed</strong></span> <span class='ocrx_word' id='word_1_330' title='bbox 1749 4236 1803 4281; x_wconf 89' lang='lat' dir='ltr'><strong>et</strong></span> <span class='ocrx_word' id='word_1_331' title='bbox 1829 4241 2112 4282; x_wconf 81' lang='lat' dir='ltr'><strong>occursum</strong></span> 
     </span>
    </p>
   </div>
   <div class='ocr_carea' id='block_1_44' title="bbox 539 4318 2112 4395">
    <p class='ocr_par' dir='ltr' id='par_1_44' title="bbox 539 4318 2112 4395">
     <span class='ocr_line' id='line_1_44' title="bbox 539 4318 2112 4395; baseline -0.005 -15"><span class='ocrx_word' id='word_1_332' title='bbox 539 4326 711 4395; x_wconf 85' lang='lat' dir='ltr'><strong>ipsum</strong></span> <span class='ocrx_word' id='word_1_333' title='bbox 764 4339 883 4378; x_wconf 89' lang='lat' dir='ltr'><strong>cum</strong></span> <span class='ocrx_word' id='word_1_334' title='bbox 928 4321 1290 4391; x_wconf 85' lang='lat' dir='ltr'><strong>increpatione</strong></span> <span class='ocrx_word' id='word_1_335' title='bbox 1339 4335 1578 4374; x_wconf 87' lang='lat' dir='ltr'><strong>amarum</strong></span> <span class='ocrx_word' id='word_1_336' title='bbox 1643 4319 1953 4389; x_wconf 64' lang='lat' dir='ltr'><strong>praebebat?</strong></span> <span class='ocrx_word' id='word_1_337' title='bbox 1997 4318 2112 4373; x_wconf 85' lang='lat' dir='ltr'><strong>Non</strong></span> 
     </span>
    </p>
   </div>
   <div class='ocr_carea' id='block_1_45' title="bbox 540 4410 2115 4484">
    <p class='ocr_par' dir='ltr' id='par_1_45' title="bbox 540 4410 2115 4484">
     <span class='ocr_line' id='line_1_45' title="bbox 540 4410 2115 4484; baseline -0.004 -13"><span class='ocrx_word' id='word_1_338' title='bbox 540 4417 714 4471; x_wconf 90' lang='lat' dir='ltr'><strong>solum</strong></span> <span class='ocrx_word' id='word_1_339' title='bbox 740 4415 883 4470; x_wconf 89' lang='lat' dir='ltr'><strong>enim</strong></span> <span class='ocrx_word' id='word_1_340' title='bbox 927 4414 1255 4484; x_wconf 88' lang='lat' dir='ltr'><strong>inquinatam</strong></span> <span class='ocrx_word' id='word_1_341' title='bbox 1279 4426 1465 4466; x_wconf 91' lang='lat' dir='ltr'><strong>eorum</strong></span> <span class='ocrx_word' id='word_1_342' title='bbox 1498 4410 1882 4466; x_wconf 81' lang='lat' dir='ltr'><strong>conscientiam</strong></span> <span class='ocrx_word' id='word_1_343' title='bbox 1927 4426 2115 4465; x_wconf 82' lang='lat' dir='ltr'><strong>severo</strong></span> 
     </span>
    </p>
   </div>
   <div class='ocr_carea' id='block_1_46' title="bbox 542 4501 2117 4577">
    <p class='ocr_par' dir='ltr' id='par_1_46' title="bbox 542 4501 2117 4577">
     <span class='ocr_line' id='line_1_46' title="bbox 542 4501 2117 4577; baseline -0.006 -14"><span class='ocrx_word' id='word_1_344' title='bbox 542 4508 800 4577; x_wconf 79' lang='lat' dir='ltr'><strong>adspectu</strong></span> <span class='ocrx_word' id='word_1_345' title='bbox 823 4504 1116 4575; x_wconf 83' lang='lat' dir='ltr'><strong>quatiebat,</strong></span> <span class='ocrx_word' id='word_1_346' title='bbox 1132 4501 1227 4558; x_wconf 90' lang='lat' dir='ltr'><strong>sed</strong></span> <span class='ocrx_word' id='word_1_347' title='bbox 1254 4511 1308 4558; x_wconf 90' lang='lat' dir='ltr'><strong>et</strong></span> <span class='ocrx_word' id='word_1_348' title='bbox 1330 4502 1446 4571; x_wconf 87' lang='lat' dir='ltr'><strong>ipso</strong></span> <span class='ocrx_word' id='word_1_349' title='bbox 1473 4501 1677 4567; x_wconf 89' lang='lat' dir='ltr'><strong>habitu,</strong></span> <span class='ocrx_word' id='word_1_350' title='bbox 1702 4502 1975 4572; x_wconf 88' lang='lat' dir='ltr'><strong>multoque</strong></span> <span class='ocrx_word' id='word_1_351' title='bbox 2003 4516 2117 4556; x_wconf 86' lang='lat' dir='ltr'><strong>ma-</strong></span> 
     </span>
    </p>
   </div>
   <div class='ocr_carea' id='block_1_47' title="bbox 540 4592 2111 4669">
    <p class='ocr_par' dir='ltr' id='par_1_47' title="bbox 540 4592 2111 4669">
     <span class='ocr_line' id='line_1_47' title="bbox 540 4592 2111 4669; baseline -0.004 -16"><span class='ocrx_word' id='word_1_352' title='bbox 540 4601 623 4669; x_wconf 88' lang='lat' dir='ltr'><strong>gis</strong></span> <span class='ocrx_word' id='word_1_353' title='bbox 645 4597 828 4662; x_wconf 87' lang='lat' dir='ltr'><strong>verbo,</strong></span> <span class='ocrx_word' id='word_1_354' title='bbox 850 4595 1011 4651; x_wconf 88' lang='lat' dir='ltr'><strong>veluti</strong></span> <span class='ocrx_word' id='word_1_355' title='bbox 1024 4592 1221 4664; x_wconf 86' lang='lat' dir='ltr'><strong>gladio,</strong></span> <span class='ocrx_word' id='word_1_356' title='bbox 1247 4593 1540 4647; x_wconf 89' lang='lat' dir='ltr'><strong>animarum</strong></span> <span class='ocrx_word' id='word_1_357' title='bbox 1562 4592 1841 4649; x_wconf 87' lang='lat' dir='ltr'><strong>abscessus</strong></span> <span class='ocrx_word' id='word_1_358' title='bbox 1863 4592 2111 4648; x_wconf 75' lang='lat' dir='ltr'><strong>secabat:</strong></span> 
     </span>
    </p>
   </div>
   <div class='ocr_carea' id='block_1_48' title="bbox 542 4683 2119 4756">
    <p class='ocr_par' dir='ltr' id='par_1_48' title="bbox 542 4683 2119 4756">
     <span class='ocr_line' id='line_1_48' title="bbox 542 4683 2119 4756; baseline -0.004 -13"><span class='ocrx_word' id='word_1_359' title='bbox 542 4688 809 4743; x_wconf 75' lang='lat' dir='ltr'><strong>Genimina</strong></span> <span class='ocrx_word' id='word_1_360' title='bbox 846 4686 1154 4756; x_wconf 69' lang='lat' dir='ltr'><strong>viperarum,</strong></span> <span class='ocrx_word' id='word_1_361' title='bbox 1194 4683 1307 4754; x_wconf 86' lang='lat' dir='ltr'><strong>quis</strong></span> <span class='ocrx_word' id='word_1_362' title='bbox 1333 4683 1546 4738; x_wconf 77' lang='lat' dir='ltr'><strong>ostendit</strong></span> <span class='ocrx_word' id='word_1_363' title='bbox 1573 4684 1707 4738; x_wconf 79' lang='lat' dir='ltr'><strong>vobis</strong></span> <span class='ocrx_word' id='word_1_364' title='bbox 1736 4685 1910 4755; x_wconf 79' lang='lat' dir='ltr'><strong>fugere</strong></span> <span class='ocrx_word' id='word_1_365' title='bbox 1935 4699 1968 4737; x_wconf 91' lang='lat' dir='ltr'><strong>a</strong></span> <span class='ocrx_word' id='word_1_366' title='bbox 2000 4699 2119 4738; x_wconf 80' lang='lat' dir='ltr'><strong>ven-</strong></span> 
     </span>
    </p>
   </div>
   <div class='ocr_carea' id='block_1_49' title="bbox 542 4773 2114 4845">
    <p class='ocr_par' dir='ltr' id='par_1_49' title="bbox 542 4773 2114 4845">
     <span class='ocr_line' id='line_1_49' title="bbox 542 4773 2114 4845; baseline -0.004 -12"><span class='ocrx_word' id='word_1_367' title='bbox 542 4792 657 4834; x_wconf 80' lang='lat' dir='ltr'><strong>tura</strong></span> <span class='ocrx_word' id='word_1_368' title='bbox 679 4779 796 4832; x_wconf 81' lang='lat' dir='ltr'><strong>ira?</strong></span> <span class='ocrx_word' id='word_1_369' title='bbox 833 4775 1011 4831; x_wconf 83' lang='lat' dir='ltr'><strong>Facite</strong></span> <span class='ocrx_word' id='word_1_370' title='bbox 1035 4776 1191 4845; x_wconf 85' lang='lat' dir='ltr'><strong>igitur</strong></span> <span class='ocrx_word' id='word_1_371' title='bbox 1218 4773 1414 4843; x_wconf 78' lang='lat' dir='ltr'><strong>[ructus</strong></span> <span class='ocrx_word' id='word_1_372' title='bbox 1439 4773 1618 4844; x_wconf 85' lang='lat' dir='ltr'><strong>dignos</strong></span> <span class='ocrx_word' id='word_1_373' title='bbox 1639 4776 1941 4842; x_wconf 66' lang='lat' dir='ltr'><strong>paenitentia:</strong></span> <span class='ocrx_word' id='word_1_374' title='bbox 1964 4773 2114 4845; x_wconf 80' lang='lat' dir='ltr'><strong>(Luc.</strong></span> 
     </span>
    </p>
   </div>
   <div class='ocr_carea' id='block_1_50' title="bbox 542 4865 2115 4941">
    <p class='ocr_par' dir='ltr' id='par_1_50' title="bbox 542 4865 2115 4941">
     <span class='ocr_line' id='line_1_50' title="bbox 542 4865 2115 4941; baseline -0.005 -14"><span class='ocrx_word' id='word_1_375' title='bbox 542 4874 595 4927; x_wconf 84' lang='lat'><strong>5.</strong></span> <span class='ocrx_word' id='word_1_376' title='bbox 628 4873 682 4925; x_wconf 84' lang='lat'><strong>7.</strong></span> <span class='ocrx_word' id='word_1_377' title='bbox 713 4870 770 4941; x_wconf 90' lang='lat'><strong>8)</strong></span> <span class='ocrx_word' id='word_1_378' title='bbox 816 4883 988 4938; x_wconf 86' lang='lat' dir='ltr'><strong>neque</strong></span> <span class='ocrx_word' id='word_1_379' title='bbox 1022 4866 1125 4922; x_wconf 87' lang='lat' dir='ltr'><strong>soli</strong></span> <span class='ocrx_word' id='word_1_380' title='bbox 1173 4865 1436 4935; x_wconf 81' lang='lat' dir='ltr'><strong>baptismo</strong></span> <span class='ocrx_word' id='word_1_381' title='bbox 1482 4865 1787 4931; x_wconf 87' lang='lat' dir='ltr'><strong>innitimini,</strong></span> <span class='ocrx_word' id='word_1_382' title='bbox 1842 4875 1934 4918; x_wconf 88' lang='lat' dir='ltr'><strong>aut</strong></span> <span class='ocrx_word' id='word_1_383' title='bbox 1975 4866 2115 4935; x_wconf 89' lang='lat' dir='ltr'><strong>quod</strong></span> 
     </span>
    </p>
   </div>
   <div class='ocr_carea' id='block_1_51' title="bbox 544 4954 2117 5024">
    <p class='ocr_par' dir='ltr' id='par_1_51' title="bbox 544 4954 2117 5024">
     <span class='ocr_line' id='line_1_51' title="bbox 544 4954 2117 5024; baseline -0.005 -7"><span class='ocrx_word' id='word_1_384' title='bbox 544 4962 673 5018; x_wconf 87' lang='lat' dir='ltr'><strong>estis</strong></span> <span class='ocrx_word' id='word_1_385' title='bbox 698 4961 789 5014; x_wconf 92' lang='lat' dir='ltr'><strong>ﬁlii</strong></span> <span class='ocrx_word' id='word_1_386' title='bbox 810 4958 1056 5014; x_wconf 56' lang='lat' dir='ltr'><strong>Abrahae.</strong></span> <span class='ocrx_word' id='word_1_387' title='bbox 1082 4954 1220 5024; x_wconf 88' lang='lat' dir='ltr'><strong>Quid</strong></span> <span class='ocrx_word' id='word_1_388' title='bbox 1238 4956 1378 5010; x_wconf 92' lang='lat' dir='ltr'><strong>enim</strong></span> <span class='ocrx_word' id='word_1_389' title='bbox 1396 4956 1630 5024; x_wconf 91' lang='lat' dir='ltr'><strong>gentium</strong></span> <span class='ocrx_word' id='word_1_390' title='bbox 1656 4954 1862 5020; x_wconf 87' lang='lat' dir='ltr'><strong>doctor,</strong></span> <span class='ocrx_word' id='word_1_391' title='bbox 1885 4955 2117 5010; x_wconf 83' lang='lat' dir='ltr'><strong>circum—</strong></span> 
     </span>
    </p>
   </div>
   <div class='ocr_carea' id='block_1_52' title="bbox 543 5046 2116 5113">
    <p class='ocr_par' dir='ltr' id='par_1_52' title="bbox 543 5046 2116 5113">
     <span class='ocr_line' id='line_1_52' title="bbox 543 5046 2116 5113; baseline -0.004 -6"><span class='ocrx_word' id='word_1_392' title='bbox 543 5054 760 5107; x_wconf 88' lang='lat' dir='ltr'><strong>cisionis</strong></span> <span class='ocrx_word' id='word_1_393' title='bbox 785 5051 1101 5113; x_wconf 86' lang='lat' dir='ltr'><strong>destructor,</strong></span> <span class='ocrx_word' id='word_1_394' title='bbox 1131 5056 1189 5102; x_wconf 92' lang='lat' dir='ltr'><strong>ut</strong></span> <span class='ocrx_word' id='word_1_395' title='bbox 1208 5046 1661 5101; x_wconf 89' lang='lat' dir='ltr'><strong>circumcisionem</strong></span> <span class='ocrx_word' id='word_1_396' title='bbox 1690 5046 1812 5100; x_wconf 88' lang='lat' dir='ltr'><strong>ﬁdei</strong></span> <span class='ocrx_word' id='word_1_397' title='bbox 1836 5047 2116 5113; x_wconf 87' lang='lat' dir='ltr'><strong>stabiliret,</strong></span> 
     </span>
    </p>
   </div>
   <div class='ocr_carea' id='block_1_53' title="bbox 546 5139 2121 5210">
    <p class='ocr_par' dir='ltr' id='par_1_53' title="bbox 546 5139 2121 5210">
     <span class='ocr_line' id='line_1_53' title="bbox 546 5139 2121 5210; baseline -0.001 -13"><span class='ocrx_word' id='word_1_398' title='bbox 546 5158 640 5199; x_wconf 79' lang='lat' dir='ltr'><strong>vas</strong></span> <span class='ocrx_word' id='word_1_399' title='bbox 649 5142 920 5199; x_wconf 88' lang='lat' dir='ltr'><strong>electionis</strong></span> <span class='ocrx_word' id='word_1_400' title='bbox 931 5139 1160 5195; x_wconf 84' lang='lat' dir='ltr'><strong>Paulus?</strong></span> <span class='ocrx_word' id='word_1_401' title='bbox 1184 5139 1516 5193; x_wconf 88' lang='lat' dir='ltr'><strong>inveniturne</strong></span> <span class='ocrx_word' id='word_1_402' title='bbox 1531 5152 1748 5207; x_wconf 85' lang='lat' dir='ltr'><strong>prorsus</strong></span> <span class='ocrx_word' id='word_1_403' title='bbox 1762 5154 1941 5194; x_wconf 89' lang='lat' dir='ltr'><strong>curam</strong></span> <span class='ocrx_word' id='word_1_404' title='bbox 1957 5154 2121 5210; x_wconf 87' lang='lat' dir='ltr'><strong>agens</strong></span> 
     </span>
    </p>
   </div>
   <div class='ocr_carea' id='block_1_54' title="bbox 548 5233 2121 5307">
    <p class='ocr_par' dir='ltr' id='par_1_54' title="bbox 548 5233 2121 5307">
     <span class='ocr_line' id='line_1_54' title="bbox 548 5233 2121 5307; baseline 0.001 -15"><span class='ocrx_word' id='word_1_405' title='bbox 548 5252 769 5301; x_wconf 72' lang='lat' dir='ltr'><strong>mensae,</strong></span> <span class='ocrx_word' id='word_1_406' title='bbox 787 5238 876 5307; x_wconf 88' lang='lat' dir='ltr'><strong>qui</strong></span> <span class='ocrx_word' id='word_1_407' title='bbox 904 5250 1082 5291; x_wconf 84' lang='lat' dir='ltr'><strong>rerum</strong></span> <span class='ocrx_word' id='word_1_408' title='bbox 1107 5233 1343 5289; x_wconf 90' lang='lat' dir='ltr'><strong>omnium</strong></span> <span class='ocrx_word' id='word_1_409' title='bbox 1363 5233 1531 5302; x_wconf 87' lang='lat' dir='ltr'><strong>magis</strong></span> <span class='ocrx_word' id='word_1_410' title='bbox 1554 5248 1711 5303; x_wconf 88' lang='lat' dir='ltr'><strong>quam</strong></span> <span class='ocrx_word' id='word_1_411' title='bbox 1734 5233 1889 5305; x_wconf 86' lang='lat' dir='ltr'><strong>hujus</strong></span> <span class='ocrx_word' id='word_1_412' title='bbox 1913 5235 2121 5294; x_wconf 87' lang='lat' dir='ltr'><strong>debitor</strong></span> 
     </span>
    </p>
   </div>
   <div class='ocr_carea' id='block_1_55' title="bbox 548 5325 2120 5398">
    <p class='ocr_par' dir='ltr' id='par_1_55' title="bbox 548 5325 2120 5398">
     <span class='ocr_line' id='line_1_55' title="bbox 548 5325 2120 5398; baseline 0 -14"><span class='ocrx_word' id='word_1_413' title='bbox 548 5340 684 5397; x_wconf 89' lang='lat' dir='ltr'><strong>erat,</strong></span> <span class='ocrx_word' id='word_1_414' title='bbox 712 5340 766 5384; x_wconf 90' lang='lat' dir='ltr'><strong>et</strong></span> <span class='ocrx_word' id='word_1_415' title='bbox 792 5330 1019 5384; x_wconf 88' lang='lat' dir='ltr'><strong>debebat</strong></span> <span class='ocrx_word' id='word_1_416' title='bbox 1043 5336 1248 5398; x_wconf 78' lang='lat' dir='ltr'><strong>gentes,</strong></span> <span class='ocrx_word' id='word_1_417' title='bbox 1291 5334 1471 5396; x_wconf 90' lang='lat' dir='ltr'><strong>utpote</strong></span> <span class='ocrx_word' id='word_1_418' title='bbox 1498 5325 1817 5392; x_wconf 85' lang='lat' dir='ltr'><strong>incredulas,</strong></span> <span class='ocrx_word' id='word_1_419' title='bbox 1852 5343 1944 5397; x_wconf 89' lang='lat' dir='ltr'><strong>per</strong></span> <span class='ocrx_word' id='word_1_420' title='bbox 1969 5344 2120 5385; x_wconf 89' lang='lat' dir='ltr'><strong>men-</strong></span> 
     </span>
    </p>
   </div>
   <div class='ocr_carea' id='block_1_56' title="bbox 547 5416 2121 5491">
    <p class='ocr_par' dir='ltr' id='par_1_56' title="bbox 547 5416 2121 5491">
     <span class='ocr_line' id='line_1_56' title="bbox 547 5416 2121 5491; baseline -0.002 -16"><span class='ocrx_word' id='word_1_421' title='bbox 547 5438 662 5476; x_wconf 86' lang='lat' dir='ltr'><strong>sam</strong></span> <span class='ocrx_word' id='word_1_422' title='bbox 685 5421 785 5476; x_wconf 83' lang='lat' dir='ltr'><strong>sibi</strong></span> <span class='ocrx_word' id='word_1_423' title='bbox 822 5418 1150 5490; x_wconf 86' lang='lat' dir='ltr'><strong>adjungere?</strong></span> <span class='ocrx_word' id='word_1_424' title='bbox 1177 5417 1313 5485; x_wconf 89' lang='lat' dir='ltr'><strong>Quid</strong></span> <span class='ocrx_word' id='word_1_425' title='bbox 1353 5418 1443 5472; x_wconf 83' lang='lat' dir='ltr'><strong>ille</strong></span> <span class='ocrx_word' id='word_1_426' title='bbox 1469 5417 1653 5472; x_wconf 83' lang='lat' dir='ltr'><strong>scribit</strong></span> <span class='ocrx_word' id='word_1_427' title='bbox 1677 5416 1978 5482; x_wconf 88' lang='lat' dir='ltr'><strong>Timotheo,</strong></span> <span class='ocrx_word' id='word_1_428' title='bbox 2009 5421 2121 5491; x_wconf 84' lang='lat' dir='ltr'><strong>epi-</strong></span> 
     </span>
    </p>
   </div>
   <div class='ocr_carea' id='block_1_57' title="bbox 547 5505 2117 5583">
    <p class='ocr_par' dir='ltr' id='par_1_57' title="bbox 547 5505 2117 5583">
     <span class='ocr_line' id='line_1_57' title="bbox 547 5505 2117 5583; baseline -0.001 -17"><span class='ocrx_word' id='word_1_429' title='bbox 547 5528 711 5583; x_wconf 82' lang='lat' dir='ltr'><strong>seopo</strong></span> <span class='ocrx_word' id='word_1_430' title='bbox 731 5510 923 5579; x_wconf 84' lang='lat' dir='ltr'><strong>Ephesi</strong></span> <span class='ocrx_word' id='word_1_431' title='bbox 960 5512 1008 5582; x_wconf 85' lang='lat' dir='ltr'><strong>(l</strong></span> <span class='ocrx_word' id='word_1_432' title='bbox 1034 5508 1169 5564; x_wconf 85' lang='lat' dir='ltr'><strong>Tim.</strong></span> <span class='ocrx_word' id='word_1_433' title='bbox 1199 5510 1254 5563; x_wconf 83' lang='grc'><strong>4.</strong></span> <span class='ocrx_word' id='word_1_434' title='bbox 1286 5507 1414 5579; x_wconf 76' lang='lat' dir='ltr'><strong>l6)?</strong></span> <span class='ocrx_word' id='word_1_435' title='bbox 1445 5505 1583 5562; x_wconf 79' lang='lat' dir='ltr'><strong>Vaca</strong></span> <span class='ocrx_word' id='word_1_436' title='bbox 1606 5522 1803 5562; x_wconf 77' lang='lat' dir='ltr'><strong>menste</strong></span> <span class='ocrx_word' id='word_1_437' title='bbox 1821 5511 2117 5579; x_wconf 87' lang='lat' dir='ltr'><strong>apparatui,</strong></span> 
     </span>
    </p>
   </div>
   <div class='ocr_carea' id='block_1_58' title="bbox 546 5600 2120 5670">
    <p class='ocr_par' dir='ltr' id='par_1_58' title="bbox 546 5600 2120 5670">
     <span class='ocr_line' id='line_1_58' title="bbox 546 5600 2120 5670; baseline 0 -11"><span class='ocrx_word' id='word_1_438' title='bbox 546 5621 615 5660; x_wconf 86' lang='lat' dir='ltr'><strong>an</strong></span> <span class='ocrx_word' id='word_1_439' title='bbox 642 5605 877 5669; x_wconf 90' lang='lat' dir='ltr'><strong>lectioni,</strong></span> <span class='ocrx_word' id='word_1_440' title='bbox 924 5601 1303 5667; x_wconf 78' lang='lat' dir='ltr'><strong>adhortationi,</strong></span> <span class='ocrx_word' id='word_1_441' title='bbox 1327 5600 1621 5657; x_wconf 68' lang='lat' dir='ltr'><strong>doctrinae?</strong></span> <span class='ocrx_word' id='word_1_442' title='bbox 1645 5600 1837 5670; x_wconf 87' lang='lat' dir='ltr'><strong>quibus</strong></span> <span class='ocrx_word' id='word_1_443' title='bbox 1865 5601 1917 5655; x_wconf 91' lang='lat' dir='ltr'><strong>in</strong></span> <span class='ocrx_word' id='word_1_444' title='bbox 1962 5603 2120 5659; x_wconf 90' lang='lat' dir='ltr'><strong>rebus</strong></span> 
     </span>
    </p>
   </div>
   <div class='ocr_carea' id='block_1_59' title="bbox 547 5692 2121 5764">
    <p class='ocr_par' dir='ltr' id='par_1_59' title="bbox 547 5692 2121 5764">
     <span class='ocr_line' id='line_1_59' title="bbox 547 5692 2121 5764; baseline -0.002 -12"><span class='ocrx_word' id='word_1_445' title='bbox 547 5697 785 5752; x_wconf 75' lang='lat' dir='ltr'><strong>oninium</strong></span> <span class='ocrx_word' id='word_1_446' title='bbox 807 5696 1034 5751; x_wconf 75' lang='lat' dir='ltr'><strong>maxime</strong></span> <span class='ocrx_word' id='word_1_447' title='bbox 1053 5695 1278 5764; x_wconf 85' lang='lat' dir='ltr'><strong>impiger</strong></span> <span class='ocrx_word' id='word_1_448' title='bbox 1296 5701 1482 5748; x_wconf 87' lang='lat' dir='ltr'><strong>eratet</strong></span> <span class='ocrx_word' id='word_1_449' title='bbox 1506 5693 1739 5748; x_wconf 89' lang='lat' dir='ltr'><strong>intentus</strong></span> <span class='ocrx_word' id='word_1_450' title='bbox 1759 5692 1947 5748; x_wconf 88' lang='lat' dir='ltr'><strong>beatus</strong></span> <span class='ocrx_word' id='word_1_451' title='bbox 1960 5693 2121 5749; x_wconf 80' lang='lat' dir='ltr'><strong>Joan-</strong></span> 
     </span>
    </p>
   </div>
   <div class='ocr_carea' id='block_1_60' title="bbox 552 5780 2117 5857">
    <p class='ocr_par' dir='ltr' id='par_1_60' title="bbox 552 5780 2117 5857">
     <span class='ocr_line' id='line_1_60' title="bbox 552 5780 2117 5857; baseline -0.001 -16"><span class='ocrx_word' id='word_1_452' title='bbox 552 5802 647 5843; x_wconf 85' lang='lat' dir='ltr'><strong>nes</strong></span> <span class='ocrx_word' id='word_1_453' title='bbox 679 5804 695 5840; x_wconf 71' lang='grc' dir='ltr'>ι</span> <span class='ocrx_word' id='word_1_454' title='bbox 720 5785 1037 5857; x_wconf 79' lang='lat' dir='ltr'><strong>lmportune,</strong></span> <span class='ocrx_word' id='word_1_455' title='bbox 1067 5794 1365 5855; x_wconf 81' lang='lat' dir='ltr'><strong>opportune,</strong></span> <span class='ocrx_word' id='word_1_456' title='bbox 1389 5782 1540 5850; x_wconf 84' lang='lat' dir='ltr'><strong>insta,</strong></span> <span class='ocrx_word' id='word_1_457' title='bbox 1568 5780 1751 5838; x_wconf 83' lang='lat' dir='ltr'><strong>dicens</strong></span> <span class='ocrx_word' id='word_1_458' title='bbox 1781 5798 1797 5837; x_wconf 87' lang='lat'><strong>:</strong></span> <span class='ocrx_word' id='word_1_459' title='bbox 1823 5798 1997 5853; x_wconf 84' lang='lat' dir='ltr'><strong>argue,</strong></span> <span class='ocrx_word' id='word_1_460' title='bbox 2037 5784 2117 5839; x_wconf 81' lang='lat' dir='ltr'><strong>iu-</strong></span> 
     </span>
    </p>
   </div>
   <div class='ocr_carea' id='block_1_61' title="bbox 2208 497 3797 571">
    <p class='ocr_par' dir='ltr' id='par_1_61' title="bbox 2208 497 3797 571">
     <span class='ocr_line' id='line_1_61' title="bbox 2208 497 3797 571; baseline -0.001 -16"><span class='ocrx_word' id='word_1_461' title='bbox 2208 517 2381 563; x_wconf 77' lang='lat' dir='ltr'><strong>crepa,</strong></span> <span class='ocrx_word' id='word_1_462' title='bbox 2397 500 2602 555; x_wconf 77' lang='lat' dir='ltr'><strong>obsecra</strong></span> <span class='ocrx_word' id='word_1_463' title='bbox 2629 500 2683 571; x_wconf 74' lang='lat'><strong>(2</strong></span> <span class='ocrx_word' id='word_1_464' title='bbox 2699 497 2834 553; x_wconf 77' lang='lat' dir='ltr'><strong>Tim.</strong></span> <span class='ocrx_word' id='word_1_465' title='bbox 2857 499 2910 554; x_wconf 72' lang='grc'><strong>4.</strong></span> <span class='ocrx_word' id='word_1_466' title='bbox 2929 499 3011 571; x_wconf 70' lang='grc' dir='ltr'><strong>Ξ).</strong></span> <span class='ocrx_word' id='word_1_467' title='bbox 3038 497 3252 554; x_wconf 80' lang='lat' dir='ltr'><strong>nemine</strong></span> <span class='ocrx_word' id='word_1_468' title='bbox 3268 498 3439 568; x_wconf 77' lang='lat' dir='ltr'><strong>ipsum</strong></span> <span class='ocrx_word' id='word_1_469' title='bbox 3464 497 3797 566; x_wconf 79' lang='lat' dir='ltr'><strong>increpante.</strong></span> 
     </span>
    </p>
   </div>
   <div class='ocr_carea' id='block_1_62' title="bbox 2210 590 3791 665">
    <p class='ocr_par' dir='ltr' id='par_1_62' title="bbox 2210 590 3791 665">
     <span class='ocr_line' id='line_1_62' title="bbox 2210 590 3791 665; baseline -0.003 -16"><span class='ocrx_word' id='word_1_470' title='bbox 2210 608 2277 649; x_wconf 83' lang='lat' dir='ltr'><strong>eo</strong></span> <span class='ocrx_word' id='word_1_471' title='bbox 2301 595 2444 665; x_wconf 88' lang='lat' dir='ltr'><strong>quod</strong></span> <span class='ocrx_word' id='word_1_472' title='bbox 2467 592 2579 648; x_wconf 91' lang='lat' dir='ltr'><strong>duo</strong></span> <span class='ocrx_word' id='word_1_473' title='bbox 2601 592 2817 662; x_wconf 86' lang='lat' dir='ltr'><strong>quidem</strong></span> <span class='ocrx_word' id='word_1_474' title='bbox 2842 606 3030 659; x_wconf 84' lang='lat' dir='ltr'><strong>aspera</strong></span> <span class='ocrx_word' id='word_1_475' title='bbox 3060 600 3113 645; x_wconf 87' lang='lat' dir='ltr'><strong>et</strong></span> <span class='ocrx_word' id='word_1_476' title='bbox 3140 606 3301 645; x_wconf 87' lang='lat' dir='ltr'><strong>nomn</strong></span> <span class='ocrx_word' id='word_1_477' title='bbox 3330 591 3474 650; x_wconf 87' lang='lat' dir='ltr'><strong>lene.</strong></span> <span class='ocrx_word' id='word_1_478' title='bbox 3504 590 3663 660; x_wconf 89' lang='lat' dir='ltr'><strong>idque</strong></span> <span class='ocrx_word' id='word_1_479' title='bbox 3687 590 3791 645; x_wconf 81' lang='lat' dir='ltr'><strong>lor-</strong></span> 
     </span>
    </p>
   </div>
   <div class='ocr_carea' id='block_1_63' title="bbox 2208 682 3797 753">
    <p class='ocr_par' dir='ltr' id='par_1_63' title="bbox 2208 682 3797 753">
     <span class='ocr_line' id='line_1_63' title="bbox 2208 682 3797 753; baseline -0.002 -12"><span class='ocrx_word' id='word_1_480' title='bbox 2208 701 2302 741; x_wconf 88' lang='lat' dir='ltr'><strong>san</strong></span> <span class='ocrx_word' id='word_1_481' title='bbox 2327 699 2484 752; x_wconf 87' lang='lat' dir='ltr'><strong>parce</strong></span> <span class='ocrx_word' id='word_1_482' title='bbox 2513 683 2811 740; x_wconf 85' lang='lat' dir='ltr'><strong>adhiberet.</strong></span> <span class='ocrx_word' id='word_1_483' title='bbox 2845 683 2977 739; x_wconf 87' lang='lat' dir='ltr'><strong>Illud</strong></span> <span class='ocrx_word' id='word_1_484' title='bbox 3003 685 3165 747; x_wconf 87' lang='lat' dir='ltr'><strong>enim,</strong></span> <span class='ocrx_word' id='word_1_485' title='bbox 3186 683 3375 753; x_wconf 77' lang='lat' dir='ltr'><strong>Argue,</strong></span> <span class='ocrx_word' id='word_1_486' title='bbox 3406 684 3638 753; x_wconf 76' lang='lat' dir='ltr'><strong>increpa,</strong></span> <span class='ocrx_word' id='word_1_487' title='bbox 3668 682 3797 738; x_wconf 89' lang='lat' dir='ltr'><strong>licet</strong></span> 
     </span>
    </p>
   </div>
   <div class='ocr_carea' id='block_1_64' title="bbox 2208 773 3791 840">
    <p class='ocr_par' dir='ltr' id='par_1_64' title="bbox 2208 773 3791 840">
     <span class='ocr_line' id='line_1_64' title="bbox 2208 773 3791 840; baseline -0.002 -10"><span class='ocrx_word' id='word_1_488' title='bbox 2208 779 2309 830; x_wconf 81' lang='lat' dir='ltr'><strong>sint</strong></span> <span class='ocrx_word' id='word_1_489' title='bbox 2338 775 2491 830; x_wconf 81' lang='lat' dir='ltr'><strong>valde</strong></span> <span class='ocrx_word' id='word_1_490' title='bbox 2528 776 2744 838; x_wconf 85' lang='lat' dir='ltr'><strong>acerba,</strong></span> <span class='ocrx_word' id='word_1_491' title='bbox 2777 774 2831 828; x_wconf 85' lang='lat' dir='ltr'><strong>in</strong></span> <span class='ocrx_word' id='word_1_492' title='bbox 2861 774 2974 840; x_wconf 89' lang='lat' dir='ltr'><strong>illo,</strong></span> <span class='ocrx_word' id='word_1_493' title='bbox 3019 773 3254 836; x_wconf 77' lang='lat' dir='ltr'><strong>Obsecro,</strong></span> <span class='ocrx_word' id='word_1_494' title='bbox 3286 782 3342 828; x_wconf 92' lang='lat' dir='ltr'><strong>et</strong></span> <span class='ocrx_word' id='word_1_495' title='bbox 3370 789 3499 840; x_wconf 89' lang='lat' dir='ltr'><strong>non,</strong></span> <span class='ocrx_word' id='word_1_496' title='bbox 3541 774 3791 829; x_wconf 69' lang='lat' dir='ltr'><strong>blandire.</strong></span> 
     </span>
    </p>
   </div>
   <div class='ocr_carea' id='block_1_65' title="bbox 2209 864 3797 945">
    <p class='ocr_par' dir='ltr' id='par_1_65' title="bbox 2209 864 3797 945">
     <span class='ocr_line' id='line_1_65' title="bbox 2209 864 3797 945; baseline -0.001 -24"><span class='ocrx_word' id='word_1_497' title='bbox 2209 868 2263 922; x_wconf 97' lang='lat' dir='ltr'><strong>ld</strong></span> <span class='ocrx_word' id='word_1_498' title='bbox 2293 869 2487 937; x_wconf 85' lang='lat' dir='ltr'><strong>quippe</strong></span> <span class='ocrx_word' id='word_1_499' title='bbox 2516 867 2647 922; x_wconf 89' lang='lat' dir='ltr'><strong>scite</strong></span> <span class='ocrx_word' id='word_1_500' title='bbox 2682 867 2898 929; x_wconf 78' lang='lat' dir='ltr'><strong>factum,</strong></span> <span class='ocrx_word' id='word_1_501' title='bbox 2927 866 3173 920; x_wconf 85' lang='lat' dir='ltr'><strong>acerbius</strong></span> <span class='ocrx_word' id='word_1_502' title='bbox 3194 874 3277 920; x_wconf 86' lang='lat' dir='ltr'><strong>est</strong></span> <span class='ocrx_word' id='word_1_503' title='bbox 3301 864 3612 935; x_wconf 89' lang='lat' dir='ltr'><strong>voluptariis</strong></span> <span class='ocrx_word' id='word_1_504' title='bbox 3637 875 3797 945; x_wconf 76' lang='lat' dir='ltr'><strong>atque</strong></span> 
     </span>
    </p>
   </div>
   <div class='ocr_carea' id='block_1_66' title="bbox 2207 956 3790 1027">
    <p class='ocr_par' dir='ltr' id='par_1_66' title="bbox 2207 956 3790 1027">
     <span class='ocr_line' id='line_1_66' title="bbox 2207 956 3790 1027; baseline -0.001 -16"><span class='ocrx_word' id='word_1_505' title='bbox 2207 958 2434 1027; x_wconf 67' lang='lat' dir='ltr'><strong>ahjemte</strong></span> <span class='ocrx_word' id='word_1_506' title='bbox 2483 959 2678 1013; x_wconf 90' lang='lat' dir='ltr'><strong>mentis</strong></span> <span class='ocrx_word' id='word_1_507' title='bbox 2707 956 3010 1012; x_wconf 83' lang='lat' dir='ltr'><strong>hominibus</strong></span> <span class='ocrx_word' id='word_1_508' title='bbox 3036 956 3309 1027; x_wconf 77' lang='lat' dir='ltr'><strong>quibusvis</strong></span> <span class='ocrx_word' id='word_1_509' title='bbox 3339 957 3672 1027; x_wconf 75' lang='lat' dir='ltr'><strong>gravioribus</strong></span> <span class='ocrx_word' id='word_1_510' title='bbox 3710 958 3790 1011; x_wconf 88' lang='lat' dir='ltr'><strong>in-</strong></span> 
     </span>
    </p>
   </div>
   <div class='ocr_carea' id='block_1_67' title="bbox 2207 1047 3796 1121">
    <p class='ocr_par' dir='ltr' id='par_1_67' title="bbox 2207 1047 3796 1121">
     <span class='ocr_line' id='line_1_67' title="bbox 2207 1047 3796 1121; baseline -0.001 -17"><span class='ocrx_word' id='word_1_511' title='bbox 2207 1048 2621 1120; x_wconf 89' lang='lat' dir='ltr'><strong>crepationibus.</strong></span> <span class='ocrx_word' id='word_1_512' title='bbox 2651 1047 2725 1103; x_wconf 90' lang='lat' dir='ltr'><strong>lbi</strong></span> <span class='ocrx_word' id='word_1_513' title='bbox 2753 1048 2893 1102; x_wconf 89' lang='lat' dir='ltr'><strong>enim</strong></span> <span class='ocrx_word' id='word_1_514' title='bbox 2928 1047 3154 1103; x_wconf 67' lang='lat' dir='ltr'><strong>fortasse</strong></span> <span class='ocrx_word' id='word_1_515' title='bbox 3179 1047 3542 1121; x_wconf 75' lang='lat' dir='ltr'><strong>indignatione</strong></span> <span class='ocrx_word' id='word_1_516' title='bbox 3563 1047 3796 1119; x_wconf 85' lang='lat' dir='ltr'><strong>quadam</strong></span> 
     </span>
    </p>
   </div>
   <div class='ocr_carea' id='block_1_68' title="bbox 2207 1136 3794 1209">
    <p class='ocr_par' dir='ltr' id='par_1_68' title="bbox 2207 1136 3794 1209">
     <span class='ocr_line' id='line_1_68' title="bbox 2207 1136 3794 1209; baseline -0.001 -14"><span class='ocrx_word' id='word_1_517' title='bbox 2207 1141 2476 1195; x_wconf 85' lang='lat' dir='ltr'><strong>obsistens</strong></span> <span class='ocrx_word' id='word_1_518' title='bbox 2506 1140 2717 1194; x_wconf 88' lang='lat' dir='ltr'><strong>animus</strong></span> <span class='ocrx_word' id='word_1_519' title='bbox 2744 1138 3187 1209; x_wconf 75' lang='lat' dir='ltr'><strong>increpationem,</strong></span> <span class='ocrx_word' id='word_1_520' title='bbox 3208 1153 3328 1208; x_wconf 74' lang='lat' dir='ltr'><strong>qua:</strong></span> <span class='ocrx_word' id='word_1_521' title='bbox 3348 1136 3427 1200; x_wconf 87' lang='lat' dir='ltr'><strong>ﬁt,</strong></span> <span class='ocrx_word' id='word_1_522' title='bbox 3460 1152 3566 1192; x_wconf 91' lang='lat' dir='ltr'><strong>non</strong></span> <span class='ocrx_word' id='word_1_523' title='bbox 3594 1138 3755 1192; x_wconf 86' lang='lat' dir='ltr'><strong>sentit</strong></span> <span class='ocrx_word' id='word_1_524' title='bbox 3772 1154 3794 1193; x_wconf 85' lang='lat'><strong>:</strong></span> 
     </span>
    </p>
   </div>
   <div class='ocr_carea' id='block_1_69' title="bbox 2209 1229 3797 1300">
    <p class='ocr_par' dir='ltr' id='par_1_69' title="bbox 2209 1229 3797 1300">
     <span class='ocr_line' id='line_1_69' title="bbox 2209 1229 3797 1300; baseline 0.001 -16"><span class='ocrx_word' id='word_1_525' title='bbox 2209 1232 2314 1285; x_wconf 89' lang='lat' dir='ltr'><strong>illis</strong></span> <span class='ocrx_word' id='word_1_526' title='bbox 2343 1247 2473 1286; x_wconf 90' lang='lat' dir='ltr'><strong>vero</strong></span> <span class='ocrx_word' id='word_1_527' title='bbox 2503 1232 2704 1286; x_wconf 87' lang='lat' dir='ltr'><strong>sensim</strong></span> <span class='ocrx_word' id='word_1_528' title='bbox 2729 1239 2786 1286; x_wconf 85' lang='lat' dir='ltr'><strong>et</strong></span> <span class='ocrx_word' id='word_1_529' title='bbox 2817 1229 3068 1300; x_wconf 84' lang='lat' dir='ltr'><strong>paulatim</strong></span> <span class='ocrx_word' id='word_1_530' title='bbox 3107 1229 3394 1284; x_wconf 84' lang='lat' dir='ltr'><strong>moderatis</strong></span> <span class='ocrx_word' id='word_1_531' title='bbox 3420 1245 3540 1284; x_wconf 89' lang='lat' dir='ltr'><strong>cum</strong></span> <span class='ocrx_word' id='word_1_532' title='bbox 3573 1230 3797 1286; x_wconf 76' lang='lat' dir='ltr'><strong>veritate</strong></span> 
     </span>
    </p>
   </div>
   <div class='ocr_carea' id='block_1_70' title="bbox 2208 1316 3792 1391">
    <p class='ocr_par' dir='ltr' id='par_1_70' title="bbox 2208 1316 3792 1391">
     <span class='ocr_line' id='line_1_70' title="bbox 2208 1316 3792 1391; baseline 0 -17"><span class='ocrx_word' id='word_1_533' title='bbox 2208 1320 2406 1384; x_wconf 85' lang='lat' dir='ltr'><strong>verbis,</strong></span> <span class='ocrx_word' id='word_1_534' title='bbox 2437 1321 2586 1391; x_wconf 83' lang='lat' dir='ltr'><strong>quasi</strong></span> <span class='ocrx_word' id='word_1_535' title='bbox 2614 1337 2646 1375; x_wconf 85' lang='lat' dir='ltr'><strong>a</strong></span> <span class='ocrx_word' id='word_1_536' title='bbox 2671 1320 2816 1375; x_wconf 88' lang='lat' dir='ltr'><strong>lento</strong></span> <span class='ocrx_word' id='word_1_537' title='bbox 2846 1321 2966 1390; x_wconf 85' lang='lat' dir='ltr'><strong>igne</strong></span> <span class='ocrx_word' id='word_1_538' title='bbox 2991 1318 3315 1375; x_wconf 80' lang='lat' dir='ltr'><strong>sensibilitcr</strong></span> <span class='ocrx_word' id='word_1_539' title='bbox 3341 1319 3651 1374; x_wconf 87' lang='lat' dir='ltr'><strong>combustus</strong></span> <span class='ocrx_word' id='word_1_540' title='bbox 3675 1316 3792 1374; x_wconf 82' lang='lat' dir='ltr'><strong>dis-</strong></span> 
     </span>
    </p>
   </div>
   <div class='ocr_carea' id='block_1_71' title="bbox 2206 1412 3791 1482">
    <p class='ocr_par' dir='ltr' id='par_1_71' title="bbox 2206 1412 3791 1482">
     <span class='ocr_line' id='line_1_71' title="bbox 2206 1412 3791 1482; baseline 0 -16"><span class='ocrx_word' id='word_1_541' title='bbox 2206 1423 2438 1468; x_wconf 80' lang='lat' dir='ltr'><strong>secatur.</strong></span> <span class='ocrx_word' id='word_1_542' title='bbox 2470 1413 2583 1481; x_wconf 88' lang='lat' dir='ltr'><strong>Qua</strong></span> <span class='ocrx_word' id='word_1_543' title='bbox 2615 1414 2681 1468; x_wconf 87' lang='lat' dir='ltr'><strong>de</strong></span> <span class='ocrx_word' id='word_1_544' title='bbox 2717 1428 2777 1469; x_wconf 92' lang='lat' dir='ltr'><strong>re</strong></span> <span class='ocrx_word' id='word_1_545' title='bbox 2795 1422 2976 1468; x_wconf 87' lang='lat' dir='ltr'><strong>autem</strong></span> <span class='ocrx_word' id='word_1_546' title='bbox 3000 1414 3173 1482; x_wconf 88' lang='lat' dir='ltr'><strong>ipsum</strong></span> <span class='ocrx_word' id='word_1_547' title='bbox 3193 1412 3485 1468; x_wconf 77' lang='lat' dir='ltr'><strong>admonet?</strong></span> <span class='ocrx_word' id='word_1_548' title='bbox 3511 1412 3580 1468; x_wconf 89' lang='lat' dir='ltr'><strong>de</strong></span> <span class='ocrx_word' id='word_1_549' title='bbox 3608 1414 3791 1468; x_wconf 87' lang='lat' dir='ltr'><strong>convi-</strong></span> 
     </span>
    </p>
   </div>
   <div class='ocr_carea' id='block_1_72' title="bbox 2206 1501 3792 1570">
    <p class='ocr_par' dir='ltr' id='par_1_72' title="bbox 2206 1501 3792 1570">
     <span class='ocr_line' id='line_1_72' title="bbox 2206 1501 3792 1570; baseline -0.001 -13"><span class='ocrx_word' id='word_1_550' title='bbox 2206 1502 2309 1557; x_wconf 86' lang='lat' dir='ltr'><strong>viis</strong></span> <span class='ocrx_word' id='word_1_551' title='bbox 2337 1510 2392 1557; x_wconf 91' lang='lat' dir='ltr'><strong>et</strong></span> <span class='ocrx_word' id='word_1_552' title='bbox 2419 1503 2619 1570; x_wconf 89' lang='lat' dir='ltr'><strong>epulis,</strong></span> <span class='ocrx_word' id='word_1_553' title='bbox 2652 1517 2719 1556; x_wconf 87' lang='lat' dir='ltr'><strong>an</strong></span> <span class='ocrx_word' id='word_1_554' title='bbox 2752 1502 2821 1557; x_wconf 88' lang='lat' dir='ltr'><strong>de</strong></span> <span class='ocrx_word' id='word_1_555' title='bbox 2849 1502 3249 1559; x_wconf 67' lang='lat' dir='ltr'><strong>tribulationum</strong></span> <span class='ocrx_word' id='word_1_556' title='bbox 3279 1503 3483 1557; x_wconf 73' lang='lat' dir='ltr'><strong>severis</strong></span> <span class='ocrx_word' id='word_1_557' title='bbox 3524 1501 3792 1568; x_wconf 78' lang='lat' dir='ltr'><strong>sermoni-</strong></span> 
     </span>
    </p>
   </div>
   <div class='ocr_carea' id='block_1_73' title="bbox 2210 1591 3790 1656">
    <p class='ocr_par' dir='ltr' id='par_1_73' title="bbox 2210 1591 3790 1656">
     <span class='ocr_line' id='line_1_73' title="bbox 2210 1591 3790 1656; baseline -0.001 -8"><span class='ocrx_word' id='word_1_558' title='bbox 2210 1593 2345 1648; x_wconf 85' lang='lat' dir='ltr'><strong>bus?</strong></span> <span class='ocrx_word' id='word_1_559' title='bbox 2371 1594 2557 1650; x_wconf 89' lang='lat' dir='ltr'><strong>dicens</strong></span> <span class='ocrx_word' id='word_1_560' title='bbox 2587 1613 2601 1648; x_wconf 90' lang='lat'>:</span> <span class='ocrx_word' id='word_1_561' title='bbox 2630 1594 2708 1649; x_wconf 88' lang='lat' dir='ltr'><strong>Tu</strong></span> <span class='ocrx_word' id='word_1_562' title='bbox 2737 1595 2883 1651; x_wconf 88' lang='lat' dir='ltr'><strong>enim</strong></span> <span class='ocrx_word' id='word_1_563' title='bbox 2912 1594 3050 1648; x_wconf 81' lang='lat' dir='ltr'><strong>nosti</strong></span> <span class='ocrx_word' id='word_1_564' title='bbox 3072 1606 3244 1649; x_wconf 66' lang='lat' dir='ltr'><strong>meum</strong></span> <span class='ocrx_word' id='word_1_565' title='bbox 3269 1591 3479 1648; x_wconf 84' lang='lat' dir='ltr'><strong>vivendi</strong></span> <span class='ocrx_word' id='word_1_566' title='bbox 3508 1593 3790 1656; x_wconf 87' lang='lat' dir='ltr'><strong>rationem.</strong></span> 
     </span>
    </p>
   </div>
   <div class='ocr_carea' id='block_1_74' title="bbox 2206 1682 3793 1757">
    <p class='ocr_par' dir='ltr' id='par_1_74' title="bbox 2206 1682 3793 1757">
     <span class='ocr_line' id='line_1_74' title="bbox 2206 1682 3793 1757; baseline -0.003 -17"><span class='ocrx_word' id='word_1_567' title='bbox 2206 1701 2366 1757; x_wconf 69' lang='lat' dir='ltr'><strong>quam</strong></span> <span class='ocrx_word' id='word_1_568' title='bbox 2403 1686 2664 1749; x_wconf 79' lang='lat' dir='ltr'><strong>ordinari,</strong></span> <span class='ocrx_word' id='word_1_569' title='bbox 2712 1695 2769 1741; x_wconf 92' lang='lat' dir='ltr'><strong>et</strong></span> <span class='ocrx_word' id='word_1_570' title='bbox 2796 1686 3114 1749; x_wconf 80' lang='lat' dir='ltr'><strong>institutum,</strong></span> <span class='ocrx_word' id='word_1_571' title='bbox 3173 1694 3228 1737; x_wconf 92' lang='lat' dir='ltr'><strong>ut</strong></span> <span class='ocrx_word' id='word_1_572' title='bbox 3257 1683 3436 1739; x_wconf 78' lang='lat' dir='ltr'><strong>omnia</strong></span> <span class='ocrx_word' id='word_1_573' title='bbox 3465 1682 3533 1737; x_wconf 91' lang='lat' dir='ltr'><strong>ad</strong></span> <span class='ocrx_word' id='word_1_574' title='bbox 3570 1683 3793 1753; x_wconf 87' lang='lat' dir='ltr'><strong>gloriam</strong></span> 
     </span>
    </p>
   </div>
   <div class='ocr_carea' id='block_1_75' title="bbox 2210 1773 3796 1848">
    <p class='ocr_par' dir='ltr' id='par_1_75' title="bbox 2210 1773 3796 1848">
     <span class='ocr_line' id='line_1_75' title="bbox 2210 1773 3796 1848; baseline -0.002 -18"><span class='ocrx_word' id='word_1_575' title='bbox 2210 1777 2302 1832; x_wconf 90' lang='lat' dir='ltr'><strong>Dei</strong></span> <span class='ocrx_word' id='word_1_576' title='bbox 2332 1776 2519 1832; x_wconf 81' lang='lat' dir='ltr'><strong>faciam</strong></span> <span class='ocrx_word' id='word_1_577' title='bbox 2548 1777 2600 1831; x_wconf 93' lang='lat' dir='ltr'><strong>in</strong></span> <span class='ocrx_word' id='word_1_578' title='bbox 2644 1776 3166 1848; x_wconf 86' lang='lat' dir='ltr'><strong>persequutionibus.</strong></span> <span class='ocrx_word' id='word_1_579' title='bbox 3207 1773 3266 1828; x_wconf 91' lang='lat' dir='ltr'><strong>In</strong></span> <span class='ocrx_word' id='word_1_580' title='bbox 3309 1773 3679 1842; x_wconf 81' lang='lat' dir='ltr'><strong>redarguendo</strong></span> <span class='ocrx_word' id='word_1_581' title='bbox 3708 1788 3796 1829; x_wconf 81' lang='lat' dir='ltr'><strong>er-</strong></span> 
     </span>
    </p>
   </div>
   <div class='ocr_carea' id='block_1_76' title="bbox 2208 1863 3790 1936">
    <p class='ocr_par' dir='ltr' id='par_1_76' title="bbox 2208 1863 3790 1936">
     <span class='ocr_line' id='line_1_76' title="bbox 2208 1863 3790 1936; baseline -0.006 -13"><span class='ocrx_word' id='word_1_582' title='bbox 2208 1884 2363 1936; x_wconf 89' lang='lat' dir='ltr'><strong>rore,</strong></span> <span class='ocrx_word' id='word_1_583' title='bbox 2414 1883 2481 1923; x_wconf 90' lang='lat' dir='ltr'><strong>an</strong></span> <span class='ocrx_word' id='word_1_584' title='bbox 2531 1867 2723 1923; x_wconf 90' lang='lat' dir='ltr'><strong>alicubi</strong></span> <span class='ocrx_word' id='word_1_585' title='bbox 2756 1882 2957 1923; x_wconf 72' lang='lat' dir='ltr'><strong>mensa:</strong></span> <span class='ocrx_word' id='word_1_586' title='bbox 3008 1865 3068 1922; x_wconf 86' lang='lat' dir='ltr'><strong>ﬁt</strong></span> <span class='ocrx_word' id='word_1_587' title='bbox 3110 1866 3342 1921; x_wconf 85' lang='lat' dir='ltr'><strong>mentio?</strong></span> <span class='ocrx_word' id='word_1_588' title='bbox 3400 1864 3601 1919; x_wconf 74' lang='lat' dir='ltr'><strong>Rursus</strong></span> <span class='ocrx_word' id='word_1_589' title='bbox 3650 1863 3790 1926; x_wconf 81' lang='lat' dir='ltr'><strong>Tito,</strong></span> 
     </span>
    </p>
   </div>
   <div class='ocr_carea' id='block_1_77' title="bbox 2206 1954 3796 2029">
    <p class='ocr_par' dir='ltr' id='par_1_77' title="bbox 2206 1954 3796 2029">
     <span class='ocr_line' id='line_1_77' title="bbox 2206 1954 3796 2029; baseline -0.002 -16"><span class='ocrx_word' id='word_1_590' title='bbox 2206 1959 2458 2029; x_wconf 90' lang='lat' dir='ltr'><strong>episcopo</strong></span> <span class='ocrx_word' id='word_1_591' title='bbox 2484 1957 2680 2022; x_wconf 66' lang='lat' dir='ltr'><strong>Cretae,</strong></span> <span class='ocrx_word' id='word_1_592' title='bbox 2710 1957 2985 2013; x_wconf 86' lang='lat' dir='ltr'><strong>videamus</strong></span> <span class='ocrx_word' id='word_1_593' title='bbox 3008 1955 3134 2027; x_wconf 87' lang='lat' dir='ltr'><strong>quid</strong></span> <span class='ocrx_word' id='word_1_594' title='bbox 3180 1955 3402 2010; x_wconf 87' lang='lat' dir='ltr'><strong>scribat.</strong></span> <span class='ocrx_word' id='word_1_595' title='bbox 3460 1955 3537 2009; x_wconf 87' lang='lat' dir='ltr'><strong>De</strong></span> <span class='ocrx_word' id='word_1_596' title='bbox 3578 1954 3699 2009; x_wconf 88' lang='lat' dir='ltr'><strong>cibo</strong></span> <span class='ocrx_word' id='word_1_597' title='bbox 3741 1962 3796 2010; x_wconf 87' lang='lat' dir='ltr'><strong>et</strong></span> 
     </span>
    </p>
   </div>
   <div class='ocr_carea' id='block_1_78' title="bbox 2208 2047 3791 2119">
    <p class='ocr_par' dir='ltr' id='par_1_78' title="bbox 2208 2047 3791 2119">
     <span class='ocr_line' id='line_1_78' title="bbox 2208 2047 3791 2119; baseline -0.003 -15"><span class='ocrx_word' id='word_1_598' title='bbox 2208 2060 2335 2119; x_wconf 88' lang='lat' dir='ltr'><strong>potu</strong></span> <span class='ocrx_word' id='word_1_599' title='bbox 2364 2092 2381 2116; x_wconf 91' lang='lat'><strong>,</strong></span> <span class='ocrx_word' id='word_1_600' title='bbox 2425 2065 2492 2104; x_wconf 89' lang='lat' dir='ltr'><strong>an</strong></span> <span class='ocrx_word' id='word_1_601' title='bbox 2534 2049 2603 2106; x_wconf 90' lang='lat' dir='ltr'><strong>de</strong></span> <span class='ocrx_word' id='word_1_602' title='bbox 2651 2050 3104 2118; x_wconf 85' lang='lat' dir='ltr'><strong>increpationibus</strong></span> <span class='ocrx_word' id='word_1_603' title='bbox 3152 2057 3209 2107; x_wconf 88' lang='lat' dir='ltr'><strong>et</strong></span> <span class='ocrx_word' id='word_1_604' title='bbox 3246 2048 3531 2103; x_wconf 83' lang='lat' dir='ltr'><strong>doctrina?</strong></span> <span class='ocrx_word' id='word_1_605' title='bbox 3567 2047 3791 2102; x_wconf 88' lang='lat' dir='ltr'><strong>dicens:</strong></span> 
     </span>
    </p>
   </div>
   <div class='ocr_carea' id='block_1_79' title="bbox 2210 2138 3791 2213">
    <p class='ocr_par' dir='ltr' id='par_1_79' title="bbox 2210 2138 3791 2213">
     <span class='ocr_line' id='line_1_79' title="bbox 2210 2138 3791 2213; baseline -0.003 -18"><span class='ocrx_word' id='word_1_606' title='bbox 2210 2139 2379 2213; x_wconf 84' lang='lat' dir='ltr'><strong>Hujus</strong></span> <span class='ocrx_word' id='word_1_607' title='bbox 2405 2142 2479 2194; x_wconf 90' lang='lat' dir='ltr'><strong>rei</strong></span> <span class='ocrx_word' id='word_1_608' title='bbox 2507 2141 2672 2211; x_wconf 87' lang='lat' dir='ltr'><strong>gratia</strong></span> <span class='ocrx_word' id='word_1_609' title='bbox 2713 2140 2892 2210; x_wconf 87' lang='lat' dir='ltr'><strong>reliqui</strong></span> <span class='ocrx_word' id='word_1_610' title='bbox 2938 2149 2986 2195; x_wconf 84' lang='lat' dir='ltr'><strong>te</strong></span> <span class='ocrx_word' id='word_1_611' title='bbox 3012 2138 3195 2204; x_wconf 66' lang='lat' dir='ltr'><strong>Cretas,</strong></span> <span class='ocrx_word' id='word_1_612' title='bbox 3236 2148 3293 2192; x_wconf 87' lang='lat' dir='ltr'><strong>ut</strong></span> <span class='ocrx_word' id='word_1_613' title='bbox 3338 2155 3398 2192; x_wconf 85' lang='lat' dir='ltr'><strong>ea</strong></span> <span class='ocrx_word' id='word_1_614' title='bbox 3439 2153 3551 2208; x_wconf 72' lang='lat' dir='ltr'><strong>qut:</strong></span> <span class='ocrx_word' id='word_1_615' title='bbox 3590 2138 3791 2201; x_wconf 85' lang='lat' dir='ltr'><strong>desunt,</strong></span> 
     </span>
    </p>
   </div>
   <div class='ocr_carea' id='block_1_80' title="bbox 2207 2229 3794 2303">
    <p class='ocr_par' dir='ltr' id='par_1_80' title="bbox 2207 2229 3794 2303">
     <span class='ocr_line' id='line_1_80' title="bbox 2207 2229 3794 2303; baseline 0 -17"><span class='ocrx_word' id='word_1_616' title='bbox 2207 2233 2459 2300; x_wconf 82' lang='lat' dir='ltr'><strong>emendes,</strong></span> <span class='ocrx_word' id='word_1_617' title='bbox 2476 2244 2520 2287; x_wconf 90' lang='lat' dir='ltr'><strong>et</strong></span> <span class='ocrx_word' id='word_1_618' title='bbox 2540 2232 2642 2286; x_wconf 81' lang='lat' dir='ltr'><strong>illis</strong></span> <span class='ocrx_word' id='word_1_619' title='bbox 2661 2232 2963 2302; x_wconf 87' lang='lat' dir='ltr'><strong>persuadeas</strong></span> <span class='ocrx_word' id='word_1_620' title='bbox 2986 2247 3086 2285; x_wconf 86' lang='lat' dir='ltr'><strong>non</strong></span> <span class='ocrx_word' id='word_1_621' title='bbox 3101 2232 3250 2286; x_wconf 82' lang='lat' dir='ltr'><strong>aliter</strong></span> <span class='ocrx_word' id='word_1_622' title='bbox 3274 2231 3453 2286; x_wconf 86' lang='lat' dir='ltr'><strong>docere</strong></span> <span class='ocrx_word' id='word_1_623' title='bbox 3478 2229 3604 2302; x_wconf 85' lang='lat' dir='ltr'><strong>(Tit.</strong></span> <span class='ocrx_word' id='word_1_624' title='bbox 3629 2231 3680 2284; x_wconf 84' lang='grc'><strong>1.</strong></span> <span class='ocrx_word' id='word_1_625' title='bbox 3710 2229 3794 2303; x_wconf 83' lang='lat'><strong>5),</strong></span> 
     </span>
    </p>
   </div>
   <div class='ocr_carea' id='block_1_81' title="bbox 2207 2320 3789 2394">
    <p class='ocr_par' dir='ltr' id='par_1_81' title="bbox 2207 2320 3789 2394">
     <span class='ocr_line' id='line_1_81' title="bbox 2207 2320 3789 2394; baseline -0.001 -18"><span class='ocrx_word' id='word_1_626' title='bbox 2207 2338 2365 2394; x_wconf 80' lang='lat' dir='ltr'><strong>neque</strong></span> <span class='ocrx_word' id='word_1_627' title='bbox 2373 2322 2627 2377; x_wconf 85' lang='lat' dir='ltr'><strong>attendere</strong></span> <span class='ocrx_word' id='word_1_628' title='bbox 2642 2322 2832 2393; x_wconf 81' lang='lat' dir='ltr'><strong>fabulis</strong></span> <span class='ocrx_word' id='word_1_629' title='bbox 2844 2331 2889 2376; x_wconf 91' lang='lat' dir='ltr'><strong>et</strong></span> <span class='ocrx_word' id='word_1_630' title='bbox 2901 2320 3208 2393; x_wconf 83' lang='lat' dir='ltr'><strong>genealogiis</strong></span> <span class='ocrx_word' id='word_1_631' title='bbox 3227 2322 3559 2375; x_wconf 85' lang='lat' dir='ltr'><strong>iuterminatis</strong></span> <span class='ocrx_word' id='word_1_632' title='bbox 3575 2320 3620 2390; x_wconf 87' lang='grc' dir='ltr'>(Ι</span> <span class='ocrx_word' id='word_1_633' title='bbox 3635 2320 3789 2374; x_wconf 85' lang='lat' dir='ltr'><strong>.Tim.</strong></span> 
     </span>
    </p>
   </div>
   <div class='ocr_carea' id='block_1_82' title="bbox 2214 2410 3791 2484">
    <p class='ocr_par' dir='ltr' id='par_1_82' title="bbox 2214 2410 3791 2484">
     <span class='ocr_line' id='line_1_82' title="bbox 2214 2410 3791 2484; baseline -0.002 -17"><span class='ocrx_word' id='word_1_634' title='bbox 2214 2415 2267 2467; x_wconf 87' lang='grc'><strong>1.</strong></span> <span class='ocrx_word' id='word_1_635' title='bbox 2302 2415 2398 2484; x_wconf 71' lang='grc'><strong>4&gt;;</strong></span> <span class='ocrx_word' id='word_1_636' title='bbox 2457 2412 2930 2484; x_wconf 85' lang='lat' dir='ltr'><strong>reprehensionum</strong></span> <span class='ocrx_word' id='word_1_637' title='bbox 2975 2427 3188 2483; x_wconf 84' lang='lat' dir='ltr'><strong>quoque</strong></span> <span class='ocrx_word' id='word_1_638' title='bbox 3228 2412 3485 2483; x_wconf 88' lang='lat' dir='ltr'><strong>adjiciens</strong></span> <span class='ocrx_word' id='word_1_639' title='bbox 3534 2410 3791 2466; x_wconf 87' lang='lat' dir='ltr'><strong>modum:</strong></span> 
     </span>
    </p>
   </div>
   <div class='ocr_carea' id='block_1_83' title="bbox 2207 2501 3793 2573">
    <p class='ocr_par' dir='ltr' id='par_1_83' title="bbox 2207 2501 3793 2573">
     <span class='ocr_line' id='line_1_83' title="bbox 2207 2501 3793 2573; baseline -0.002 -15"><span class='ocrx_word' id='word_1_640' title='bbox 2207 2503 2466 2558; x_wconf 80' lang='lat' dir='ltr'><strong>Cretenses</strong></span> <span class='ocrx_word' id='word_1_641' title='bbox 2492 2520 2690 2573; x_wconf 88' lang='lat' dir='ltr'><strong>semper</strong></span> <span class='ocrx_word' id='word_1_642' title='bbox 2715 2503 3001 2568; x_wconf 84' lang='lat' dir='ltr'><strong>mendaces,</strong></span> <span class='ocrx_word' id='word_1_643' title='bbox 3029 2504 3179 2558; x_wconf 72' lang='lat' dir='ltr'><strong>inulte</strong></span> <span class='ocrx_word' id='word_1_644' title='bbox 3203 2501 3393 2567; x_wconf 66' lang='lat' dir='ltr'><strong>bestia,</strong></span> <span class='ocrx_word' id='word_1_645' title='bbox 3423 2512 3618 2558; x_wconf 71' lang='lat' dir='ltr'><strong>ventres</strong></span> <span class='ocrx_word' id='word_1_646' title='bbox 3652 2502 3793 2572; x_wconf 82' lang='lat' dir='ltr'><strong>pigri</strong></span> 
     </span>
    </p>
   </div>
   <div class='ocr_carea' id='block_1_84' title="bbox 2209 2593 3790 2666">
    <p class='ocr_par' dir='ltr' id='par_1_84' title="bbox 2209 2593 3790 2666">
     <span class='ocr_line' id='line_1_84' title="bbox 2209 2593 3790 2666; baseline -0.001 -18"><span class='ocrx_word' id='word_1_647' title='bbox 2209 2595 2333 2666; x_wconf 85' lang='lat' dir='ltr'><strong>(Tit.</strong></span> <span class='ocrx_word' id='word_1_648' title='bbox 2366 2596 2419 2650; x_wconf 83' lang='grc'><strong>1.</strong></span> <span class='ocrx_word' id='word_1_649' title='bbox 2450 2594 2562 2665; x_wconf 74' lang='grc'><strong>12).</strong></span> <span class='ocrx_word' id='word_1_650' title='bbox 2593 2595 2781 2649; x_wconf 90' lang='lat' dir='ltr'><strong>Dicant</strong></span> <span class='ocrx_word' id='word_1_651' title='bbox 2806 2593 2958 2649; x_wconf 91' lang='lat' dir='ltr'><strong>nobis</strong></span> <span class='ocrx_word' id='word_1_652' title='bbox 2982 2595 3186 2651; x_wconf 87' lang='lat' dir='ltr'><strong>ventris</strong></span> <span class='ocrx_word' id='word_1_653' title='bbox 3219 2595 3380 2657; x_wconf 87' lang='lat' dir='ltr'><strong>servi,</strong></span> <span class='ocrx_word' id='word_1_654' title='bbox 3406 2603 3462 2649; x_wconf 91' lang='lat' dir='ltr'><strong>et</strong></span> <span class='ocrx_word' id='word_1_655' title='bbox 3486 2608 3790 2649; x_wconf 86' lang='lat' dir='ltr'><strong>mensarum</strong></span> 
     </span>
    </p>
   </div>
   <div class='ocr_carea' id='block_1_85' title="bbox 2206 2683 3796 2756">
    <p class='ocr_par' dir='ltr' id='par_1_85' title="bbox 2206 2683 3796 2756">
     <span class='ocr_line' id='line_1_85' title="bbox 2206 2683 3796 2756; baseline -0.001 -17"><span class='ocrx_word' id='word_1_656' title='bbox 2206 2686 2465 2756; x_wconf 76' lang='lat' dir='ltr'><strong>gigantes,</strong></span> <span class='ocrx_word' id='word_1_657' title='bbox 2515 2693 2564 2740; x_wconf 89' lang='lat' dir='ltr'><strong>et</strong></span> <span class='ocrx_word' id='word_1_658' title='bbox 2617 2684 3045 2739; x_wconf 82' lang='lat' dir='ltr'><strong>muliercularum</strong></span> <span class='ocrx_word' id='word_1_659' title='bbox 3093 2685 3394 2753; x_wconf 86' lang='lat' dir='ltr'><strong>accipitres,</strong></span> <span class='ocrx_word' id='word_1_660' title='bbox 3438 2684 3526 2753; x_wconf 90' lang='lat' dir='ltr'><strong>qni</strong></span> <span class='ocrx_word' id='word_1_661' title='bbox 3572 2683 3796 2738; x_wconf 79' lang='lat' dir='ltr'><strong>Joatniis</strong></span> 
     </span>
    </p>
   </div>
   <div class='ocr_carea' id='block_1_86' title="bbox 2205 2773 3797 2843">
    <p class='ocr_par' dir='ltr' id='par_1_86' title="bbox 2205 2773 3797 2843">
     <span class='ocr_line' id='line_1_86' title="bbox 2205 2773 3797 2843; baseline -0.003 -13"><span class='ocrx_word' id='word_1_662' title='bbox 2205 2775 2578 2830; x_wconf 86' lang='lat' dir='ltr'><strong>abstinentiam</strong></span> <span class='ocrx_word' id='word_1_663' title='bbox 2606 2774 3021 2843; x_wconf 88' lang='lat' dir='ltr'><strong>reprehendunt,</strong></span> <span class='ocrx_word' id='word_1_664' title='bbox 3059 2773 3187 2828; x_wconf 90' lang='lat' dir='ltr'><strong>licet</strong></span> <span class='ocrx_word' id='word_1_665' title='bbox 3205 2773 3531 2827; x_wconf 84' lang='lat' dir='ltr'><strong>revolverint</strong></span> <span class='ocrx_word' id='word_1_666' title='bbox 3559 2785 3708 2827; x_wconf 86' lang='lat' dir='ltr'><strong>vetus</strong></span> <span class='ocrx_word' id='word_1_667' title='bbox 3743 2779 3797 2827; x_wconf 91' lang='lat' dir='ltr'><strong>et</strong></span> 
     </span>
    </p>
   </div>
   <div class='ocr_carea' id='block_1_87' title="bbox 2206 2863 3794 2930">
    <p class='ocr_par' dir='ltr' id='par_1_87' title="bbox 2206 2863 3794 2930">
     <span class='ocr_line' id='line_1_87' title="bbox 2206 2863 3794 2930; baseline -0.003 -9"><span class='ocrx_word' id='word_1_668' title='bbox 2206 2880 2404 2921; x_wconf 87' lang='lat' dir='ltr'><strong>novum</strong></span> <span class='ocrx_word' id='word_1_669' title='bbox 2450 2864 2868 2930; x_wconf 88' lang='lat' dir='ltr'><strong>Testamentum,</strong></span> <span class='ocrx_word' id='word_1_670' title='bbox 2920 2865 3008 2919; x_wconf 90' lang='lat' dir='ltr'><strong>ubi</strong></span> <span class='ocrx_word' id='word_1_671' title='bbox 3056 2863 3361 2918; x_wconf 85' lang='lat' dir='ltr'><strong>invenerint</strong></span> <span class='ocrx_word' id='word_1_672' title='bbox 3397 2863 3695 2920; x_wconf 80' lang='lat' dir='ltr'><strong>convivium</strong></span> <span class='ocrx_word' id='word_1_673' title='bbox 3742 2864 3794 2917; x_wconf 94' lang='lat' dir='ltr'><strong>in</strong></span> 
     </span>
    </p>
   </div>
   <div class='ocr_carea' id='block_1_88' title="bbox 2208 2955 3796 3030">
    <p class='ocr_par' dir='ltr' id='par_1_88' title="bbox 2208 2955 3796 3030">
     <span class='ocr_line' id='line_1_88' title="bbox 2208 2955 3796 3030; baseline -0.004 -13"><span class='ocrx_word' id='word_1_674' title='bbox 2208 2961 2363 3017; x_wconf 83' lang='lat' dir='ltr'><strong>laude</strong></span> <span class='ocrx_word' id='word_1_675' title='bbox 2392 2960 2616 3030; x_wconf 90' lang='lat' dir='ltr'><strong>positum</strong></span> <span class='ocrx_word' id='word_1_676' title='bbox 2645 2975 2661 3014; x_wconf 90' lang='lat'><strong>:</strong></span> <span class='ocrx_word' id='word_1_677' title='bbox 2708 2959 2810 3015; x_wconf 88' lang='lat' dir='ltr'><strong>nisi</strong></span> <span class='ocrx_word' id='word_1_678' title='bbox 2841 2957 2980 3013; x_wconf 85' lang='lat' dir='ltr'><strong>forte</strong></span> <span class='ocrx_word' id='word_1_679' title='bbox 3015 2957 3153 3028; x_wconf 89' lang='lat' dir='ltr'><strong>apud</strong></span> <span class='ocrx_word' id='word_1_680' title='bbox 3177 2957 3520 3029; x_wconf 88' lang='lat' dir='ltr'><strong>alienigenas,</strong></span> <span class='ocrx_word' id='word_1_681' title='bbox 3549 2955 3703 3025; x_wconf 87' lang='lat' dir='ltr'><strong>idque</strong></span> <span class='ocrx_word' id='word_1_682' title='bbox 3727 2956 3796 3011; x_wconf 87' lang='lat' dir='ltr'><strong>ad</strong></span> 
     </span>
    </p>
   </div>
   <div class='ocr_carea' id='block_1_89' title="bbox 2207 3048 3793 3123">
    <p class='ocr_par' dir='ltr' id='par_1_89' title="bbox 2207 3048 3793 3123">
     <span class='ocr_line' id='line_1_89' title="bbox 2207 3048 3793 3123; baseline -0.004 -14"><span class='ocrx_word' id='word_1_683' title='bbox 2207 3052 2527 3109; x_wconf 89' lang='lat' dir='ltr'><strong>ﬁrmandum</strong></span> <span class='ocrx_word' id='word_1_684' title='bbox 2556 3051 2746 3115; x_wconf 66' lang='lat' dir='ltr'><strong>foedus,</strong></span> <span class='ocrx_word' id='word_1_685' title='bbox 2779 3066 2844 3107; x_wconf 91' lang='lat' dir='ltr'><strong>eo</strong></span> <span class='ocrx_word' id='word_1_686' title='bbox 2869 3049 3010 3123; x_wconf 91' lang='lat' dir='ltr'><strong>quod</strong></span> <span class='ocrx_word' id='word_1_687' title='bbox 3035 3051 3152 3122; x_wconf 88' lang='lat' dir='ltr'><strong>lege</strong></span> <span class='ocrx_word' id='word_1_688' title='bbox 3176 3051 3405 3106; x_wconf 84' lang='lat' dir='ltr'><strong>convivii</strong></span> <span class='ocrx_word' id='word_1_689' title='bbox 3439 3048 3564 3104; x_wconf 79' lang='lat' dir='ltr'><strong>ferae</strong></span> <span class='ocrx_word' id='word_1_690' title='bbox 3584 3060 3640 3104; x_wconf 91' lang='lat' dir='ltr'><strong>et</strong></span> <span class='ocrx_word' id='word_1_691' title='bbox 3669 3049 3793 3104; x_wconf 87' lang='lat' dir='ltr'><strong>bar-</strong></span> 
     </span>
    </p>
   </div>
   <div class='ocr_carea' id='block_1_90' title="bbox 2207 3139 3798 3213">
    <p class='ocr_par' dir='ltr' id='par_1_90' title="bbox 2207 3139 3798 3213">
     <span class='ocr_line' id='line_1_90' title="bbox 2207 3139 3798 3213; baseline -0.004 -12"><span class='ocrx_word' id='word_1_692' title='bbox 2207 3147 2319 3201; x_wconf 88' lang='lat' dir='ltr'><strong>bari</strong></span> <span class='ocrx_word' id='word_1_693' title='bbox 2342 3147 2665 3200; x_wconf 89' lang='lat' dir='ltr'><strong>cicurantur.</strong></span> <span class='ocrx_word' id='word_1_694' title='bbox 2706 3144 2929 3210; x_wconf 85' lang='lat' dir='ltr'><strong>Quando</strong></span> <span class='ocrx_word' id='word_1_695' title='bbox 2955 3159 3080 3197; x_wconf 90' lang='lat' dir='ltr'><strong>vero</strong></span> <span class='ocrx_word' id='word_1_696' title='bbox 3112 3142 3353 3197; x_wconf 83' lang='lat' dir='ltr'><strong>convivia</strong></span> <span class='ocrx_word' id='word_1_697' title='bbox 3373 3141 3572 3213; x_wconf 84' lang='lat' dir='ltr'><strong>peccati</strong></span> <span class='ocrx_word' id='word_1_698' title='bbox 3586 3139 3798 3196; x_wconf 86' lang='lat' dir='ltr'><strong>occasio</strong></span> 
     </span>
    </p>
   </div>
   <div class='ocr_carea' id='block_1_91' title="bbox 2209 3232 3798 3306">
    <p class='ocr_par' dir='ltr' id='par_1_91' title="bbox 2209 3232 3798 3306">
     <span class='ocr_line' id='line_1_91' title="bbox 2209 3232 3798 3306; baseline -0.003 -14"><span class='ocrx_word' id='word_1_699' title='bbox 2209 3252 2315 3292; x_wconf 79' lang='lat' dir='ltr'><strong>non</strong></span> <span class='ocrx_word' id='word_1_700' title='bbox 2344 3234 2704 3291; x_wconf 74' lang='lat' dir='ltr'><strong>exstiterunt?</strong></span> <span class='ocrx_word' id='word_1_701' title='bbox 2741 3235 2864 3306; x_wconf 88' lang='lat' dir='ltr'><strong>quid</strong></span> <span class='ocrx_word' id='word_1_702' title='bbox 2908 3247 3084 3289; x_wconf 87' lang='lat' dir='ltr'><strong>autem</strong></span> <span class='ocrx_word' id='word_1_703' title='bbox 3119 3234 3261 3300; x_wconf 90' lang='lat' dir='ltr'><strong>dico,</strong></span> <span class='ocrx_word' id='word_1_704' title='bbox 3297 3232 3541 3304; x_wconf 85' lang='lat' dir='ltr'><strong>peccati?</strong></span> <span class='ocrx_word' id='word_1_705' title='bbox 3580 3232 3718 3289; x_wconf 79' lang='lat' dir='ltr'><strong>forte</strong></span> <span class='ocrx_word' id='word_1_706' title='bbox 3743 3244 3798 3288; x_wconf 90' lang='lat' dir='ltr'><strong>et</strong></span> 
     </span>
    </p>
   </div>
   <div class='ocr_carea' id='block_1_92' title="bbox 2207 3325 3792 3398">
    <p class='ocr_par' dir='ltr' id='par_1_92' title="bbox 2207 3325 3792 3398">
     <span class='ocr_line' id='line_1_92' title="bbox 2207 3325 3792 3398; baseline -0.002 -14"><span class='ocrx_word' id='word_1_707' title='bbox 2207 3328 2425 3398; x_wconf 86' lang='lat' dir='ltr'><strong>majoris</strong></span> <span class='ocrx_word' id='word_1_708' title='bbox 2454 3327 2770 3382; x_wconf 72' lang='lat' dir='ltr'><strong>idololatria:</strong></span> <span class='ocrx_word' id='word_1_709' title='bbox 2796 3336 2851 3382; x_wconf 92' lang='lat' dir='ltr'><strong>et</strong></span> <span class='ocrx_word' id='word_1_710' title='bbox 2875 3326 3165 3392; x_wconf 87' lang='lat' dir='ltr'><strong>lratricidii,</strong></span> <span class='ocrx_word' id='word_1_711' title='bbox 3201 3325 3344 3382; x_wconf 87' lang='lat' dir='ltr'><strong>sicut</strong></span> <span class='ocrx_word' id='word_1_712' title='bbox 3377 3326 3632 3395; x_wconf 89' lang='lat' dir='ltr'><strong>scriptum</strong></span> <span class='ocrx_word' id='word_1_713' title='bbox 3665 3333 3750 3381; x_wconf 89' lang='lat' dir='ltr'><strong>est</strong></span> <span class='ocrx_word' id='word_1_714' title='bbox 3777 3344 3792 3381; x_wconf 90' lang='lat'><strong>:</strong></span> 
     </span>
    </p>
   </div>
   <div class='ocr_carea' id='block_1_93' title="bbox 2211 3413 3799 3489">
    <p class='ocr_par' dir='ltr' id='par_1_93' title="bbox 2211 3413 3799 3489">
     <span class='ocr_line' id='line_1_93' title="bbox 2211 3413 3799 3489; baseline -0.003 -15"><span class='ocrx_word' id='word_1_715' title='bbox 2211 3419 2356 3475; x_wconf 87' lang='lat' dir='ltr'><strong>Sedit</strong></span> <span class='ocrx_word' id='word_1_716' title='bbox 2375 3419 2592 3489; x_wconf 89' lang='lat' dir='ltr'><strong>populus</strong></span> <span class='ocrx_word' id='word_1_717' title='bbox 2612 3417 2920 3470; x_wconf 84' lang='lat' dir='ltr'><strong>manducare</strong></span> <span class='ocrx_word' id='word_1_718' title='bbox 2937 3427 2981 3470; x_wconf 91' lang='lat' dir='ltr'><strong>et</strong></span> <span class='ocrx_word' id='word_1_719' title='bbox 3007 3416 3187 3477; x_wconf 84' lang='lat' dir='ltr'><strong>bibere,</strong></span> <span class='ocrx_word' id='word_1_720' title='bbox 3214 3425 3261 3470; x_wconf 89' lang='lat' dir='ltr'><strong>et</strong></span> <span class='ocrx_word' id='word_1_721' title='bbox 3281 3425 3603 3471; x_wconf 65' lang='lat' dir='ltr'><strong>surrexerunt</strong></span> <span class='ocrx_word' id='word_1_722' title='bbox 3623 3413 3799 3470; x_wconf 75' lang='lat' dir='ltr'><strong>ludere</strong></span> 
     </span>
    </p>
   </div>
   <div class='ocr_carea' id='block_1_94' title="bbox 2211 3507 3796 3583">
    <p class='ocr_par' dir='ltr' id='par_1_94' title="bbox 2211 3507 3796 3583">
     <span class='ocr_line' id='line_1_94' title="bbox 2211 3507 3796 3583; baseline -0.002 -20"><span class='ocrx_word' id='word_1_723' title='bbox 2211 3509 2403 3583; x_wconf 74' lang='lat' dir='ltr'><strong>(Exod.</strong></span> <span class='ocrx_word' id='word_1_724' title='bbox 2428 3509 2519 3574; x_wconf 74' lang='lat'><strong>32,</strong></span> <span class='ocrx_word' id='word_1_725' title='bbox 2567 3509 2647 3581; x_wconf 83' lang='lat'><strong>6).</strong></span> <span class='ocrx_word' id='word_1_726' title='bbox 2674 3510 2802 3564; x_wconf 87' lang='lat' dir='ltr'><strong>Erat</strong></span> <span class='ocrx_word' id='word_1_727' title='bbox 2832 3517 3006 3564; x_wconf 86' lang='lat' dir='ltr'><strong>autem</strong></span> <span class='ocrx_word' id='word_1_728' title='bbox 3046 3508 3205 3563; x_wconf 85' lang='lat' dir='ltr'><strong>ludus</strong></span> <span class='ocrx_word' id='word_1_729' title='bbox 3241 3507 3516 3563; x_wconf 90' lang='lat' dir='ltr'><strong>ebrietatis</strong></span> <span class='ocrx_word' id='word_1_730' title='bbox 3541 3507 3796 3563; x_wconf 86' lang='lat' dir='ltr'><strong>soboles:</strong></span> 
     </span>
    </p>
   </div>
   <div class='ocr_carea' id='block_1_95' title="bbox 2222 3596 3797 3672">
    <p class='ocr_par' dir='ltr' id='par_1_95' title="bbox 2222 3596 3797 3672">
     <span class='ocr_line' id='line_1_95' title="bbox 2222 3596 3797 3672; baseline -0.004 -16"><span class='ocrx_word' id='word_1_731' title='bbox 2222 3600 2412 3666; x_wconf 78' lang='lat' dir='ltr'><strong>Venite,</strong></span> <span class='ocrx_word' id='word_1_732' title='bbox 2462 3601 2708 3672; x_wconf 75' lang='lat' dir='ltr'><strong>faciamus</strong></span> <span class='ocrx_word' id='word_1_733' title='bbox 2744 3599 2869 3654; x_wconf 85' lang='lat' dir='ltr'><strong>deos</strong></span> <span class='ocrx_word' id='word_1_734' title='bbox 2904 3600 2990 3670; x_wconf 84' lang='lat' dir='ltr'><strong>qui</strong></span> <span class='ocrx_word' id='word_1_735' title='bbox 3030 3615 3123 3653; x_wconf 83' lang='lat' dir='ltr'><strong>nos</strong></span> <span class='ocrx_word' id='word_1_736' title='bbox 3164 3598 3454 3668; x_wconf 67' lang='lat' dir='ltr'><strong>praecedant</strong></span> <span class='ocrx_word' id='word_1_737' title='bbox 3496 3597 3608 3668; x_wconf 85' lang='lat' dir='ltr'><strong>(Ib.</strong></span> <span class='ocrx_word' id='word_1_738' title='bbox 3631 3613 3678 3651; x_wconf 83' lang='grc' dir='ltr'><strong>υ.</strong></span> <span class='ocrx_word' id='word_1_739' title='bbox 3721 3596 3797 3667; x_wconf 86' lang='grc'><strong>1).</strong></span> 
     </span>
    </p>
   </div>
   <div class='ocr_carea' id='block_1_96' title="bbox 2210 3688 3800 3759">
    <p class='ocr_par' dir='ltr' id='par_1_96' title="bbox 2210 3688 3800 3759">
     <span class='ocr_line' id='line_1_96' title="bbox 2210 3688 3800 3759; baseline -0.001 -15"><span class='ocrx_word' id='word_1_740' title='bbox 2210 3692 2312 3759; x_wconf 86' lang='lat' dir='ltr'><strong>Qui</strong></span> <span class='ocrx_word' id='word_1_741' title='bbox 2334 3693 2478 3747; x_wconf 91' lang='lat' dir='ltr'><strong>enim</strong></span> <span class='ocrx_word' id='word_1_742' title='bbox 2509 3691 2633 3745; x_wconf 91' lang='lat' dir='ltr'><strong>vino</strong></span> <span class='ocrx_word' id='word_1_743' title='bbox 2658 3690 2910 3744; x_wconf 88' lang='lat' dir='ltr'><strong>commoti</strong></span> <span class='ocrx_word' id='word_1_744' title='bbox 2939 3698 3113 3753; x_wconf 90' lang='lat' dir='ltr'><strong>erant,</strong></span> <span class='ocrx_word' id='word_1_745' title='bbox 3157 3689 3383 3743; x_wconf 88' lang='lat' dir='ltr'><strong>mobiles</strong></span> <span class='ocrx_word' id='word_1_746' title='bbox 3419 3688 3548 3742; x_wconf 90' lang='lat' dir='ltr'><strong>deos</strong></span> <span class='ocrx_word' id='word_1_747' title='bbox 3591 3701 3800 3757; x_wconf 66' lang='lat' dir='ltr'><strong>quaere-</strong></span> 
     </span>
    </p>
   </div>
   <div class='ocr_carea' id='block_1_97' title="bbox 2212 3777 3799 3850">
    <p class='ocr_par' dir='ltr' id='par_1_97' title="bbox 2212 3777 3799 3850">
     <span class='ocr_line' id='line_1_97' title="bbox 2212 3777 3799 3850; baseline -0.004 -13"><span class='ocrx_word' id='word_1_748' title='bbox 2212 3784 2361 3850; x_wconf 86' lang='lat' dir='ltr'><strong>bant,</strong></span> <span class='ocrx_word' id='word_1_749' title='bbox 2399 3798 2522 3837; x_wconf 86' lang='lat' dir='ltr'><strong>cum</strong></span> <span class='ocrx_word' id='word_1_750' title='bbox 2556 3781 2880 3836; x_wconf 89' lang='lat' dir='ltr'><strong>immobilem</strong></span> <span class='ocrx_word' id='word_1_751' title='bbox 2906 3789 2962 3835; x_wconf 91' lang='lat' dir='ltr'><strong>et</strong></span> <span class='ocrx_word' id='word_1_752' title='bbox 2987 3780 3165 3834; x_wconf 90' lang='lat' dir='ltr'><strong>omnia</strong></span> <span class='ocrx_word' id='word_1_753' title='bbox 3190 3794 3299 3833; x_wconf 92' lang='lat' dir='ltr'><strong>non</strong></span> <span class='ocrx_word' id='word_1_754' title='bbox 3324 3777 3619 3834; x_wconf 85' lang='lat' dir='ltr'><strong>incedendo</strong></span> <span class='ocrx_word' id='word_1_755' title='bbox 3646 3791 3799 3831; x_wconf 83' lang='lat' dir='ltr'><strong>com-</strong></span> 
     </span>
    </p>
   </div>
   <div class='ocr_carea' id='block_1_98' title="bbox 2217 3866 3801 3944">
    <p class='ocr_par' dir='ltr' id='par_1_98' title="bbox 2217 3866 3801 3944">
     <span class='ocr_line' id='line_1_98' title="bbox 2217 3866 3801 3944; baseline -0.004 -17"><span class='ocrx_word' id='word_1_756' title='bbox 2217 3875 2447 3944; x_wconf 85' lang='lat' dir='ltr'><strong>plentcm</strong></span> <span class='ocrx_word' id='word_1_757' title='bbox 2472 3872 2832 3941; x_wconf 85' lang='lat' dir='ltr'><strong>reliquissent.</strong></span> <span class='ocrx_word' id='word_1_758' title='bbox 2854 3870 2991 3939; x_wconf 90' lang='lat' dir='ltr'><strong>Quid</strong></span> <span class='ocrx_word' id='word_1_759' title='bbox 3011 3880 3190 3925; x_wconf 89' lang='lat' dir='ltr'><strong>autem</strong></span> <span class='ocrx_word' id='word_1_760' title='bbox 3221 3868 3353 3925; x_wconf 83' lang='lat' dir='ltr'><strong>dicit</strong></span> <span class='ocrx_word' id='word_1_761' title='bbox 3375 3869 3670 3940; x_wconf 84' lang='lat' dir='ltr'><strong>propheta?</strong></span> <span class='ocrx_word' id='word_1_762' title='bbox 3693 3866 3801 3922; x_wconf 84' lang='lat' dir='ltr'><strong>La-</strong></span> 
     </span>
    </p>
   </div>
   <div class='ocr_carea' id='block_1_99' title="bbox 2213 3960 3802 4028">
    <p class='ocr_par' dir='ltr' id='par_1_99' title="bbox 2213 3960 3802 4028">
     <span class='ocr_line' id='line_1_99' title="bbox 2213 3960 3802 4028; baseline -0.005 -8"><span class='ocrx_word' id='word_1_763' title='bbox 2213 3966 2300 4020; x_wconf 87' lang='lat' dir='ltr'><strong>bia</strong></span> <span class='ocrx_word' id='word_1_764' title='bbox 2328 3963 2618 4019; x_wconf 87' lang='lat' dir='ltr'><strong>sacerdotis</strong></span> <span class='ocrx_word' id='word_1_765' title='bbox 2661 3962 2985 4017; x_wconf 83' lang='lat' dir='ltr'><strong>meditemur</strong></span> <span class='ocrx_word' id='word_1_766' title='bbox 3010 3960 3285 4015; x_wconf 76' lang='lat' dir='ltr'><strong>convivia?</strong></span> <span class='ocrx_word' id='word_1_767' title='bbox 3312 3974 3516 4025; x_wconf 70' lang='lat' dir='ltr'><strong>etenus,</strong></span> <span class='ocrx_word' id='word_1_768' title='bbox 3556 3966 3611 4013; x_wconf 89' lang='lat' dir='ltr'><strong>et</strong></span> <span class='ocrx_word' id='word_1_769' title='bbox 3640 3973 3802 4028; x_wconf 88' lang='lat' dir='ltr'><strong>pran-</strong></span> 
     </span>
    </p>
   </div>
   <div class='ocr_carea' id='block_1_100' title="bbox 2215 4050 3804 4123">
    <p class='ocr_par' dir='ltr' id='par_1_100' title="bbox 2215 4050 3804 4123">
     <span class='ocr_line' id='line_1_100' title="bbox 2215 4050 3804 4123; baseline -0.003 -14"><span class='ocrx_word' id='word_1_770' title='bbox 2215 4055 2300 4109; x_wconf 91' lang='lat' dir='ltr'><strong>dia</strong></span> <span class='ocrx_word' id='word_1_771' title='bbox 2331 4055 2612 4123; x_wconf 78' lang='lat' dir='ltr'><strong>exquirent</strong></span> <span class='ocrx_word' id='word_1_772' title='bbox 2646 4054 2716 4106; x_wconf 92' lang='lat' dir='ltr'><strong>ab</strong></span> <span class='ocrx_word' id='word_1_773' title='bbox 2743 4054 2849 4107; x_wconf 89' lang='lat' dir='ltr'><strong>eo?</strong></span> <span class='ocrx_word' id='word_1_774' title='bbox 2886 4068 2973 4116; x_wconf 91' lang='lat' dir='ltr'><strong>an,</strong></span> <span class='ocrx_word' id='word_1_775' title='bbox 3017 4050 3178 4106; x_wconf 87' lang='lat' dir='ltr'><strong>Labia</strong></span> <span class='ocrx_word' id='word_1_776' title='bbox 3212 4052 3487 4107; x_wconf 79' lang='lat' dir='ltr'><strong>sacerdotis</strong></span> <span class='ocrx_word' id='word_1_777' title='bbox 3523 4050 3804 4105; x_wconf 74' lang='lat' dir='ltr'><strong>custodiens</strong></span> 
     </span>
    </p>
   </div>
   <div class='ocr_carea' id='block_1_101' title="bbox 2216 4142 3800 4216">
    <p class='ocr_par' dir='ltr' id='par_1_101' title="bbox 2216 4142 3800 4216">
     <span class='ocr_line' id='line_1_101' title="bbox 2216 4142 3800 4216; baseline -0.003 -17"><span class='ocrx_word' id='word_1_778' title='bbox 2216 4146 2396 4216; x_wconf 86' lang='lat' dir='ltr'><strong>legem,</strong></span> <span class='ocrx_word' id='word_1_779' title='bbox 2427 4155 2576 4214; x_wconf 85' lang='lat' dir='ltr'><strong>atque</strong></span> <span class='ocrx_word' id='word_1_780' title='bbox 2596 4160 2659 4199; x_wconf 75' lang='lat' dir='ltr'><strong>ex</strong></span> <span class='ocrx_word' id='word_1_781' title='bbox 2685 4161 2770 4197; x_wconf 88' lang='lat' dir='ltr'><strong>ore</strong></span> <span class='ocrx_word' id='word_1_782' title='bbox 2792 4145 2900 4214; x_wconf 80' lang='lat' dir='ltr'><strong>ejus</strong></span> <span class='ocrx_word' id='word_1_783' title='bbox 2929 4159 3207 4198; x_wconf 85' lang='lat' dir='ltr'><strong>sermonem</strong></span> <span class='ocrx_word' id='word_1_784' title='bbox 3235 4142 3531 4213; x_wconf 72' lang='lat' dir='ltr'><strong>exquirant?</strong></span> <span class='ocrx_word' id='word_1_785' title='bbox 3554 4143 3672 4213; x_wconf 88' lang='lat' dir='ltr'><strong>quia</strong></span> <span class='ocrx_word' id='word_1_786' title='bbox 3703 4157 3800 4195; x_wconf 85' lang='lat' dir='ltr'><strong>an-</strong></span> 
     </span>
    </p>
   </div>
   <div class='ocr_carea' id='block_1_102' title="bbox 2214 4232 3800 4307">
    <p class='ocr_par' dir='ltr' id='par_1_102' title="bbox 2214 4232 3800 4307">
     <span class='ocr_line' id='line_1_102' title="bbox 2214 4232 3800 4307; baseline -0.004 -14"><span class='ocrx_word' id='word_1_787' title='bbox 2214 4241 2357 4307; x_wconf 84' lang='lat' dir='ltr'><strong>gelus</strong></span> <span class='ocrx_word' id='word_1_788' title='bbox 2380 4237 2587 4291; x_wconf 86' lang='lat' dir='ltr'><strong>Domini</strong></span> <span class='ocrx_word' id='word_1_789' title='bbox 2634 4247 2705 4290; x_wconf 78' lang='lat' dir='ltr'><strong>est</strong></span> <span class='ocrx_word' id='word_1_790' title='bbox 2743 4236 2960 4305; x_wconf 74' lang='lat' dir='ltr'><strong>(Malae.</strong></span> <span class='ocrx_word' id='word_1_791' title='bbox 3027 4239 3084 4294; x_wconf 80' lang='grc'><strong>2.</strong></span> <span class='ocrx_word' id='word_1_792' title='bbox 3111 4235 3190 4306; x_wconf 85' lang='lat'><strong>7),</strong></span> <span class='ocrx_word' id='word_1_793' title='bbox 3231 4246 3286 4290; x_wconf 89' lang='lat' dir='ltr'><strong>et</strong></span> <span class='ocrx_word' id='word_1_794' title='bbox 3323 4249 3431 4289; x_wconf 91' lang='lat' dir='ltr'><strong>non</strong></span> <span class='ocrx_word' id='word_1_795' title='bbox 3462 4249 3687 4304; x_wconf 87' lang='lat' dir='ltr'><strong>coquus.</strong></span> <span class='ocrx_word' id='word_1_796' title='bbox 3729 4232 3800 4287; x_wconf 89' lang='lat' dir='ltr'><strong>Et</strong></span> 
     </span>
    </p>
   </div>
   <div class='ocr_carea' id='block_1_103' title="bbox 2220 4323 3801 4395">
    <p class='ocr_par' dir='ltr' id='par_1_103' title="bbox 2220 4323 3801 4395">
     <span class='ocr_line' id='line_1_103' title="bbox 2220 4323 3801 4395; baseline -0.003 -13"><span class='ocrx_word' id='word_1_797' title='bbox 2220 4329 2378 4382; x_wconf 90' lang='lat' dir='ltr'><strong>turris</strong></span> <span class='ocrx_word' id='word_1_798' title='bbox 2399 4327 2488 4381; x_wconf 86' lang='lat' dir='ltr'><strong>illa</strong></span> <span class='ocrx_word' id='word_1_799' title='bbox 2518 4328 2569 4379; x_wconf 92' lang='lat' dir='ltr'><strong>in</strong></span> <span class='ocrx_word' id='word_1_800' title='bbox 2596 4325 2832 4383; x_wconf 88' lang='lat' dir='ltr'><strong>Chalane</strong></span> <span class='ocrx_word' id='word_1_801' title='bbox 2857 4324 3072 4395; x_wconf 88' lang='lat' dir='ltr'><strong>quando</strong></span> <span class='ocrx_word' id='word_1_802' title='bbox 3109 4323 3364 4381; x_wconf 65' lang='lat' dir='ltr'><strong>aediﬁcata</strong></span> <span class='ocrx_word' id='word_1_803' title='bbox 3402 4324 3522 4379; x_wconf 86' lang='lat' dir='ltr'><strong>est?</strong></span> <span class='ocrx_word' id='word_1_804' title='bbox 3562 4333 3686 4379; x_wconf 91' lang='lat' dir='ltr'><strong>ante</strong></span> <span class='ocrx_word' id='word_1_805' title='bbox 3721 4325 3801 4378; x_wconf 87' lang='lat' dir='ltr'><strong>vi-</strong></span> 
     </span>
    </p>
   </div>
   <div class='ocr_carea' id='block_1_104' title="bbox 2219 4412 3804 4488">
    <p class='ocr_par' dir='ltr' id='par_1_104' title="bbox 2219 4412 3804 4488">
     <span class='ocr_line' id='line_1_104' title="bbox 2219 4412 3804 4488; baseline -0.002 -16"><span class='ocrx_word' id='word_1_806' title='bbox 2219 4433 2368 4482; x_wconf 87' lang='lat' dir='ltr'><strong>num,</strong></span> <span class='ocrx_word' id='word_1_807' title='bbox 2409 4432 2476 4471; x_wconf 89' lang='lat' dir='ltr'><strong>an</strong></span> <span class='ocrx_word' id='word_1_808' title='bbox 2500 4425 2622 4488; x_wconf 86' lang='lat' dir='ltr'><strong>post</strong></span> <span class='ocrx_word' id='word_1_809' title='bbox 2643 4418 2865 4471; x_wconf 87' lang='lat' dir='ltr'><strong>vinum?</strong></span> <span class='ocrx_word' id='word_1_810' title='bbox 2904 4431 3083 4471; x_wconf 90' lang='lat' dir='ltr'><strong>nonne</strong></span> <span class='ocrx_word' id='word_1_811' title='bbox 3120 4431 3241 4469; x_wconf 89' lang='lat' dir='ltr'><strong>cum</strong></span> <span class='ocrx_word' id='word_1_812' title='bbox 3278 4416 3417 4480; x_wconf 88' lang='lat' dir='ltr'><strong>vino,</strong></span> <span class='ocrx_word' id='word_1_813' title='bbox 3454 4414 3665 4485; x_wconf 88' lang='lat' dir='ltr'><strong>quando</strong></span> <span class='ocrx_word' id='word_1_814' title='bbox 3692 4412 3804 4469; x_wconf 85' lang='lat' dir='ltr'><strong>Noe</strong></span> 
     </span>
    </p>
   </div>
   <div class='ocr_carea' id='block_1_105' title="bbox 2220 4504 3803 4579">
    <p class='ocr_par' dir='ltr' id='par_1_105' title="bbox 2220 4504 3803 4579">
     <span class='ocr_line' id='line_1_105' title="bbox 2220 4504 3803 4579; baseline -0.003 -17"><span class='ocrx_word' id='word_1_815' title='bbox 2220 4509 2459 4579; x_wconf 86' lang='lat' dir='ltr'><strong>plantato</strong></span> <span class='ocrx_word' id='word_1_816' title='bbox 2484 4508 2725 4579; x_wconf 83' lang='lat' dir='ltr'><strong>palmite.</strong></span> <span class='ocrx_word' id='word_1_817' title='bbox 2768 4508 2967 4577; x_wconf 87' lang='lat' dir='ltr'><strong>primus</strong></span> <span class='ocrx_word' id='word_1_818' title='bbox 3003 4506 3255 4577; x_wconf 87' lang='lat' dir='ltr'><strong>probrum</strong></span> <span class='ocrx_word' id='word_1_819' title='bbox 3285 4505 3620 4560; x_wconf 81' lang='lat' dir='ltr'><strong>demessnit?</strong></span> <span class='ocrx_word' id='word_1_820' title='bbox 3652 4504 3709 4559; x_wconf 89' lang='lat' dir='ltr'><strong>Si</strong></span> <span class='ocrx_word' id='word_1_821' title='bbox 3735 4506 3803 4558; x_wconf 90' lang='lat' dir='ltr'><strong>ita</strong></span> 
     </span>
    </p>
   </div>
   <div class='ocr_carea' id='block_1_106' title="bbox 2222 4596 3805 4668">
    <p class='ocr_par' dir='ltr' id='par_1_106' title="bbox 2222 4596 3805 4668">
     <span class='ocr_line' id='line_1_106' title="bbox 2222 4596 3805 4668; baseline -0.004 -14"><span class='ocrx_word' id='word_1_822' title='bbox 2222 4615 2308 4655; x_wconf 88' lang='lat' dir='ltr'><strong>res</strong></span> <span class='ocrx_word' id='word_1_823' title='bbox 2345 4615 2405 4655; x_wconf 92' lang='lat' dir='ltr'><strong>se</strong></span> <span class='ocrx_word' id='word_1_824' title='bbox 2449 4600 2627 4665; x_wconf 87' lang='lat' dir='ltr'><strong>habet,</strong></span> <span class='ocrx_word' id='word_1_825' title='bbox 2674 4614 2780 4653; x_wconf 88' lang='lat' dir='ltr'><strong>non</strong></span> <span class='ocrx_word' id='word_1_826' title='bbox 2830 4606 3044 4668; x_wconf 87' lang='lat' dir='ltr'><strong>propter</strong></span> <span class='ocrx_word' id='word_1_827' title='bbox 3071 4606 3249 4667; x_wconf 91' lang='lat' dir='ltr'><strong>potum</strong></span> <span class='ocrx_word' id='word_1_828' title='bbox 3277 4606 3367 4651; x_wconf 90' lang='lat' dir='ltr'><strong>aut</strong></span> <span class='ocrx_word' id='word_1_829' title='bbox 3404 4596 3805 4668; x_wconf 86' lang='lat' dir='ltr'><strong>plautationem,</strong></span> 
     </span>
    </p>
   </div>
   <div class='ocr_carea' id='block_1_107' title="bbox 2222 4688 3804 4761">
    <p class='ocr_par' dir='ltr' id='par_1_107' title="bbox 2222 4688 3804 4761">
     <span class='ocr_line' id='line_1_107' title="bbox 2222 4688 3804 4761; baseline -0.004 -15"><span class='ocrx_word' id='word_1_830' title='bbox 2222 4691 2316 4746; x_wconf 89' lang='lat' dir='ltr'><strong>sed</strong></span> <span class='ocrx_word' id='word_1_831' title='bbox 2362 4699 2578 4761; x_wconf 89' lang='lat' dir='ltr'><strong>propter</strong></span> <span class='ocrx_word' id='word_1_832' title='bbox 2621 4704 2927 4745; x_wconf 84' lang='lat' dir='ltr'><strong>escessum.</strong></span> <span class='ocrx_word' id='word_1_833' title='bbox 2979 4688 3203 4758; x_wconf 88' lang='lat' dir='ltr'><strong>Quando</strong></span> <span class='ocrx_word' id='word_1_834' title='bbox 3246 4688 3445 4758; x_wconf 70' lang='lat' dir='ltr'><strong>Josvph</strong></span> <span class='ocrx_word' id='word_1_835' title='bbox 3490 4688 3730 4742; x_wconf 79' lang='lat' dir='ltr'><strong>venditus</strong></span> <span class='ocrx_word' id='word_1_836' title='bbox 3773 4702 3804 4739; x_wconf 91' lang='lat' dir='ltr'><strong>a</strong></span> 
     </span>
    </p>
   </div>
   <div class='ocr_carea' id='block_1_108' title="bbox 2221 4778 3805 4851">
    <p class='ocr_par' dir='ltr' id='par_1_108' title="bbox 2221 4778 3805 4851">
     <span class='ocr_line' id='line_1_108' title="bbox 2221 4778 3805 4851; baseline -0.004 -15"><span class='ocrx_word' id='word_1_837' title='bbox 2221 4782 2517 4836; x_wconf 76' lang='lat' dir='ltr'><strong>fratribus?</strong></span> <span class='ocrx_word' id='word_1_838' title='bbox 2540 4798 2607 4834; x_wconf 90' lang='lat' dir='ltr'><strong>an</strong></span> <span class='ocrx_word' id='word_1_839' title='bbox 2634 4780 2851 4851; x_wconf 86' lang='lat' dir='ltr'><strong>quando</strong></span> <span class='ocrx_word' id='word_1_840' title='bbox 2874 4782 2924 4834; x_wconf 93' lang='lat' dir='ltr'><strong>in</strong></span> <span class='ocrx_word' id='word_1_841' title='bbox 2954 4780 3233 4850; x_wconf 90' lang='lat' dir='ltr'><strong>pascendis</strong></span> <span class='ocrx_word' id='word_1_842' title='bbox 3259 4780 3446 4835; x_wconf 84' lang='lat' dir='ltr'><strong>ovibus</strong></span> <span class='ocrx_word' id='word_1_843' title='bbox 3473 4778 3805 4846; x_wconf 82' lang='lat' dir='ltr'><strong>occupaban-</strong></span> 
     </span>
    </p>
   </div>
   <div class='ocr_carea' id='block_1_109' title="bbox 2225 4869 3804 4943">
    <p class='ocr_par' dir='ltr' id='par_1_109' title="bbox 2225 4869 3804 4943">
     <span class='ocr_line' id='line_1_109' title="bbox 2225 4869 3804 4943; baseline -0.001 -17"><span class='ocrx_word' id='word_1_844' title='bbox 2225 4874 2347 4927; x_wconf 80' lang='lat' dir='ltr'><strong>tur?</strong></span> <span class='ocrx_word' id='word_1_845' title='bbox 2383 4887 2450 4927; x_wconf 83' lang='lat' dir='ltr'><strong>an</strong></span> <span class='ocrx_word' id='word_1_846' title='bbox 2476 4887 2596 4927; x_wconf 89' lang='lat' dir='ltr'><strong>cum</strong></span> <span class='ocrx_word' id='word_1_847' title='bbox 2626 4874 2831 4943; x_wconf 85' lang='lat' dir='ltr'><strong>cpitnas</strong></span> <span class='ocrx_word' id='word_1_848' title='bbox 2844 4872 3145 4943; x_wconf 87' lang='lat' dir='ltr'><strong>jugulantes</strong></span> <span class='ocrx_word' id='word_1_849' title='bbox 3170 4887 3296 4927; x_wconf 88' lang='lat' dir='ltr'><strong>oves</strong></span> <span class='ocrx_word' id='word_1_850' title='bbox 3319 4881 3477 4940; x_wconf 90' lang='lat' dir='ltr'><strong>atque</strong></span> <span class='ocrx_word' id='word_1_851' title='bbox 3503 4869 3725 4925; x_wconf 88' lang='lat' dir='ltr'><strong>edentes</strong></span> <span class='ocrx_word' id='word_1_852' title='bbox 3752 4876 3804 4925; x_wconf 87' lang='lat' dir='ltr'><strong>iu</strong></span> 
     </span>
    </p>
   </div>
   <div class='ocr_carea' id='block_1_110' title="bbox 2222 4963 3793 5034">
    <p class='ocr_par' dir='ltr' id='par_1_110' title="bbox 2222 4963 3793 5034">
     <span class='ocr_line' id='line_1_110' title="bbox 2222 4963 3793 5034; baseline 0.002 -16"><span class='ocrx_word' id='word_1_853' title='bbox 2222 4966 2350 5030; x_wconf 79' lang='lat' dir='ltr'><strong>ptio,</strong></span> <span class='ocrx_word' id='word_1_854' title='bbox 2379 4964 2626 5019; x_wconf 88' lang='lat' dir='ltr'><strong>invidiam</strong></span> <span class='ocrx_word' id='word_1_855' title='bbox 2655 4965 2911 5019; x_wconf 85' lang='lat' dir='ltr'><strong>adversus</strong></span> <span class='ocrx_word' id='word_1_856' title='bbox 2947 4964 3118 5034; x_wconf 90' lang='lat' dir='ltr'><strong>ipsum</strong></span> <span class='ocrx_word' id='word_1_857' title='bbox 3149 4965 3201 5019; x_wconf 92' lang='lat' dir='ltr'><strong>in</strong></span> <span class='ocrx_word' id='word_1_858' title='bbox 3239 4966 3483 5020; x_wconf 90' lang='lat' dir='ltr'><strong>convivio</strong></span> <span class='ocrx_word' id='word_1_859' title='bbox 3512 4963 3793 5021; x_wconf 71' lang='lat' dir='ltr'><strong>moliehan</strong></span> 
     </span>
    </p>
   </div>
   <div class='ocr_carea' id='block_1_111' title="bbox 2225 5054 3805 5125">
    <p class='ocr_par' dir='ltr' id='par_1_111' title="bbox 2225 5054 3805 5125">
     <span class='ocr_line' id='line_1_111' title="bbox 2225 5054 3805 5125; baseline -0.001 -18"><span class='ocrx_word' id='word_1_860' title='bbox 2225 5055 2341 5109; x_wconf 87' lang='lat' dir='ltr'><strong>tur?</strong></span> <span class='ocrx_word' id='word_1_861' title='bbox 2379 5054 2605 5110; x_wconf 87' lang='lat' dir='ltr'><strong>Ubinam</strong></span> <span class='ocrx_word' id='word_1_862' title='bbox 2628 5054 2846 5111; x_wconf 82' lang='lat' dir='ltr'><strong>Joannis</strong></span> <span class='ocrx_word' id='word_1_863' title='bbox 2870 5055 3118 5124; x_wconf 79' lang='lat' dir='ltr'><strong>Baptista:</strong></span> <span class='ocrx_word' id='word_1_864' title='bbox 3143 5064 3301 5125; x_wconf 89' lang='lat' dir='ltr'><strong>caput</strong></span> <span class='ocrx_word' id='word_1_865' title='bbox 3326 5055 3377 5109; x_wconf 90' lang='lat' dir='ltr'><strong>in</strong></span> <span class='ocrx_word' id='word_1_866' title='bbox 3416 5055 3565 5111; x_wconf 85' lang='lat' dir='ltr'><strong>disco</strong></span> <span class='ocrx_word' id='word_1_867' title='bbox 3597 5054 3805 5109; x_wconf 84' lang='lat' dir='ltr'><strong>obtule-</strong></span> 
     </span>
    </p>
   </div>
   <div class='ocr_carea' id='block_1_112' title="bbox 2223 5144 3807 5215">
    <p class='ocr_par' dir='ltr' id='par_1_112' title="bbox 2223 5144 3807 5215">
     <span class='ocr_line' id='line_1_112' title="bbox 2223 5144 3807 5215; baseline -0.001 -15"><span class='ocrx_word' id='word_1_868' title='bbox 2223 5156 2345 5201; x_wconf 91' lang='lat' dir='ltr'><strong>runt</strong></span> <span class='ocrx_word' id='word_1_869' title='bbox 2368 5146 2755 5201; x_wconf 69' lang='lat' dir='ltr'><strong>meretriculae?</strong></span> <span class='ocrx_word' id='word_1_870' title='bbox 2786 5147 2836 5201; x_wconf 92' lang='lat' dir='ltr'><strong>in</strong></span> <span class='ocrx_word' id='word_1_871' title='bbox 2866 5155 3007 5202; x_wconf 72' lang='lat' dir='ltr'><strong>cwtn</strong></span> <span class='ocrx_word' id='word_1_872' title='bbox 3048 5146 3342 5215; x_wconf 73' lang='lat' dir='ltr'><strong>sapientim,</strong></span> <span class='ocrx_word' id='word_1_873' title='bbox 3379 5161 3447 5201; x_wconf 92' lang='lat' dir='ltr'><strong>an</strong></span> <span class='ocrx_word' id='word_1_874' title='bbox 3482 5146 3532 5199; x_wconf 93' lang='lat' dir='ltr'><strong>in</strong></span> <span class='ocrx_word' id='word_1_875' title='bbox 3562 5144 3807 5201; x_wconf 71' lang='lat' dir='ltr'><strong>cenvivio</strong></span> 
     </span>
    </p>
   </div>
   <div class='ocr_carea' id='block_1_113' title="bbox 2224 5235 3807 5307">
    <p class='ocr_par' dir='ltr' id='par_1_113' title="bbox 2224 5235 3807 5307">
     <span class='ocr_line' id='line_1_113' title="bbox 2224 5235 3807 5307; baseline -0.001 -16"><span class='ocrx_word' id='word_1_876' title='bbox 2224 5237 2544 5307; x_wconf 85' lang='lat' dir='ltr'><strong>impietatis?</strong></span> <span class='ocrx_word' id='word_1_877' title='bbox 2569 5237 2762 5292; x_wconf 83' lang='lat' dir='ltr'><strong>Beatus</strong></span> <span class='ocrx_word' id='word_1_878' title='bbox 2784 5237 2977 5292; x_wconf 86' lang='lat' dir='ltr'><strong>Paulus</strong></span> <span class='ocrx_word' id='word_1_879' title='bbox 3004 5237 3189 5293; x_wconf 86' lang='lat' dir='ltr'><strong>bibens</strong></span> <span class='ocrx_word' id='word_1_880' title='bbox 3214 5246 3269 5292; x_wconf 92' lang='lat' dir='ltr'><strong>et</strong></span> <span class='ocrx_word' id='word_1_881' title='bbox 3293 5236 3581 5293; x_wconf 82' lang='lat' dir='ltr'><strong>comedens</strong></span> <span class='ocrx_word' id='word_1_882' title='bbox 3603 5235 3672 5291; x_wconf 82' lang='lat' dir='ltr'><strong>ad</strong></span> <span class='ocrx_word' id='word_1_883' title='bbox 3695 5251 3807 5290; x_wconf 85' lang='lat' dir='ltr'><strong>me-</strong></span> 
     </span>
    </p>
   </div>
   <div class='ocr_carea' id='block_1_114' title="bbox 2223 5327 3809 5401">
    <p class='ocr_par' dir='ltr' id='par_1_114' title="bbox 2223 5327 3809 5401">
     <span class='ocr_line' id='line_1_114' title="bbox 2223 5327 3809 5401; baseline -0.001 -20"><span class='ocrx_word' id='word_1_884' title='bbox 2223 5327 2363 5381; x_wconf 90' lang='lat' dir='ltr'><strong>diam</strong></span> <span class='ocrx_word' id='word_1_885' title='bbox 2390 5342 2555 5399; x_wconf 90' lang='lat' dir='ltr'><strong>usque</strong></span> <span class='ocrx_word' id='word_1_886' title='bbox 2587 5338 2797 5384; x_wconf 88' lang='lat' dir='ltr'><strong>noctem</strong></span> <span class='ocrx_word' id='word_1_887' title='bbox 2821 5329 3166 5401; x_wconf 85' lang='lat' dir='ltr'><strong>protrahebat</strong></span> <span class='ocrx_word' id='word_1_888' title='bbox 3202 5342 3530 5395; x_wconf 89' lang='lat' dir='ltr'><strong>sermonem,</strong></span> <span class='ocrx_word' id='word_1_889' title='bbox 3577 5344 3644 5383; x_wconf 88' lang='lat' dir='ltr'><strong>an</strong></span> <span class='ocrx_word' id='word_1_890' title='bbox 3668 5328 3809 5398; x_wconf 82' lang='lat' dir='ltr'><strong>jeju-</strong></span> 
     </span>
    </p>
   </div>
   <div class='ocr_carea' id='block_1_115' title="bbox 2225 5419 3807 5493">
    <p class='ocr_par' dir='ltr' id='par_1_115' title="bbox 2225 5419 3807 5493">
     <span class='ocr_line' id='line_1_115' title="bbox 2225 5419 3807 5493; baseline -0.001 -18"><span class='ocrx_word' id='word_1_891' title='bbox 2225 5436 2324 5476; x_wconf 87' lang='lat' dir='ltr'><strong>nus</strong></span> <span class='ocrx_word' id='word_1_892' title='bbox 2348 5432 2404 5477; x_wconf 91' lang='lat' dir='ltr'><strong>et</strong></span> <span class='ocrx_word' id='word_1_893' title='bbox 2425 5420 2643 5489; x_wconf 86' lang='lat' dir='ltr'><strong>docens,</strong></span> <span class='ocrx_word' id='word_1_894' title='bbox 2686 5431 2846 5493; x_wconf 90' lang='lat' dir='ltr'><strong>atque</strong></span> <span class='ocrx_word' id='word_1_895' title='bbox 2873 5423 3039 5477; x_wconf 89' lang='lat' dir='ltr'><strong>Deum</strong></span> <span class='ocrx_word' id='word_1_896' title='bbox 3083 5423 3386 5492; x_wconf 85' lang='lat' dir='ltr'><strong>ignorantes</strong></span> <span class='ocrx_word' id='word_1_897' title='bbox 3415 5420 3483 5475; x_wconf 88' lang='lat' dir='ltr'><strong>ad</strong></span> <span class='ocrx_word' id='word_1_898' title='bbox 3518 5419 3675 5475; x_wconf 81' lang='lat' dir='ltr'><strong>tidem</strong></span> <span class='ocrx_word' id='word_1_899' title='bbox 3714 5420 3807 5475; x_wconf 84' lang='lat' dir='ltr'><strong>ad-</strong></span> 
     </span>
    </p>
   </div>
   <div class='ocr_carea' id='block_1_116' title="bbox 2224 5511 3808 5584">
    <p class='ocr_par' dir='ltr' id='par_1_116' title="bbox 2224 5511 3808 5584">
     <span class='ocr_line' id='line_1_116' title="bbox 2224 5511 3808 5584; baseline -0.002 -19"><span class='ocrx_word' id='word_1_900' title='bbox 2224 5511 2467 5568; x_wconf 87' lang='lat' dir='ltr'><strong>ducens?</strong></span> <span class='ocrx_word' id='word_1_901' title='bbox 2519 5511 2637 5584; x_wconf 86' lang='lat' dir='ltr'><strong>lpse</strong></span> <span class='ocrx_word' id='word_1_902' title='bbox 2671 5521 2847 5569; x_wconf 85' lang='lat' dir='ltr'><strong>autem</strong></span> <span class='ocrx_word' id='word_1_903' title='bbox 2890 5527 3128 5569; x_wconf 88' lang='lat' dir='ltr'><strong>summus</strong></span> <span class='ocrx_word' id='word_1_904' title='bbox 3182 5514 3369 5567; x_wconf 81' lang='lat' dir='ltr'><strong>Pastor</strong></span> <span class='ocrx_word' id='word_1_905' title='bbox 3416 5520 3471 5567; x_wconf 86' lang='lat' dir='ltr'><strong>et</strong></span> <span class='ocrx_word' id='word_1_906' title='bbox 3520 5511 3715 5565; x_wconf 83' lang='lat' dir='ltr'><strong>Doctor</strong></span> <span class='ocrx_word' id='word_1_907' title='bbox 3754 5516 3808 5563; x_wconf 85' lang='lat' dir='ltr'><strong>et</strong></span> 
     </span>
    </p>
   </div>
   <div class='ocr_carea' id='block_1_117' title="bbox 2223 5600 3804 5675">
    <p class='ocr_par' dir='ltr' id='par_1_117' title="bbox 2223 5600 3804 5675">
     <span class='ocr_line' id='line_1_117' title="bbox 2223 5600 3804 5675; baseline -0.004 -17"><span class='ocrx_word' id='word_1_908' title='bbox 2223 5604 2468 5675; x_wconf 80' lang='lat' dir='ltr'><strong>Magister</strong></span> <span class='ocrx_word' id='word_1_909' title='bbox 2484 5605 2639 5662; x_wconf 77' lang='lat' dir='ltr'><strong>Jesus</strong></span> <span class='ocrx_word' id='word_1_910' title='bbox 2670 5603 2933 5669; x_wconf 81' lang='lat' dir='ltr'><strong>Christus,</strong></span> <span class='ocrx_word' id='word_1_911' title='bbox 2975 5604 3190 5658; x_wconf 88' lang='lat' dir='ltr'><strong>humani</strong></span> <span class='ocrx_word' id='word_1_912' title='bbox 3233 5600 3549 5659; x_wconf 81' lang='lat' dir='ltr'><strong>emendator</strong></span> <span class='ocrx_word' id='word_1_913' title='bbox 3586 5601 3804 5660; x_wconf 81' lang='lat' dir='ltr'><strong>erroris,</strong></span> 
     </span>
    </p>
   </div>
   <div class='ocr_carea' id='block_1_118' title="bbox 2225 5693 3809 5765">
    <p class='ocr_par' dir='ltr' id='par_1_118' title="bbox 2225 5693 3809 5765">
     <span class='ocr_line' id='line_1_118' title="bbox 2225 5693 3809 5765; baseline -0.005 -14"><span class='ocrx_word' id='word_1_914' title='bbox 2225 5696 2438 5751; x_wconf 89' lang='lat' dir='ltr'><strong>ubinam</strong></span> <span class='ocrx_word' id='word_1_915' title='bbox 2481 5697 2535 5752; x_wconf 86' lang='lat' dir='ltr'><strong>in</strong></span> <span class='ocrx_word' id='word_1_916' title='bbox 2571 5695 2783 5751; x_wconf 86' lang='lat' dir='ltr'><strong>civitate</strong></span> <span class='ocrx_word' id='word_1_917' title='bbox 2806 5694 3067 5765; x_wconf 89' lang='lat' dir='ltr'><strong>reperitur</strong></span> <span class='ocrx_word' id='word_1_918' title='bbox 3088 5693 3395 5760; x_wconf 89' lang='lat' dir='ltr'><strong>comedens,</strong></span> <span class='ocrx_word' id='word_1_919' title='bbox 3434 5693 3533 5748; x_wconf 89' lang='lat' dir='ltr'><strong>nisi</strong></span> <span class='ocrx_word' id='word_1_920' title='bbox 3567 5700 3809 5760; x_wconf 83' lang='lat' dir='ltr'><strong>tempore</strong></span> 
     </span>
    </p>
   </div>
   <div class='ocr_carea' id='block_1_119' title="bbox 2228 5779 3808 5858">
    <p class='ocr_par' dir='ltr' id='par_1_119' title="bbox 2228 5779 3808 5858">
     <span class='ocr_line' id='line_1_119' title="bbox 2228 5779 3808 5858; baseline -0.006 -15"><span class='ocrx_word' id='word_1_921' title='bbox 2228 5786 2475 5856; x_wconf 66' lang='lat' dir='ltr'><strong>fascinat,</strong></span> <span class='ocrx_word' id='word_1_922' title='bbox 2542 5784 2686 5858; x_wconf 81' lang='lat' dir='ltr'><strong>quod</strong></span> <span class='ocrx_word' id='word_1_923' title='bbox 2736 5795 2852 5842; x_wconf 89' lang='lat' dir='ltr'><strong>erat</strong></span> <span class='ocrx_word' id='word_1_924' title='bbox 2909 5784 3280 5855; x_wconf 74' lang='lat' dir='ltr'><strong>mysteriorum</strong></span> <span class='ocrx_word' id='word_1_925' title='bbox 3323 5779 3808 5853; x_wconf 81' lang='lat' dir='ltr'><strong>complementum?</strong></span> 
     </span>
    </p>
   </div>
  </div>
