4122 6386
515 439 591 498 ισ
1511 444 1598 500 DE
1632 441 1793 498 VITA
1832 442 1890 498 S.
1927 440 2216 498 JOA‘NNIS
2249 393 2760 498 CHRYSOSTOMI.
3701 446 3774 503 ιι

518 558 709 626 λέγων·
732 558 1060 627 Ἐ’γενόμην
1089 558 1216 624 τοῖς
1242 559 1504 628 καύμασι
1530 561 1970 630 συγκαιόμενος
1993 560 2093 613 καί

513 641 596 706 τῷ
627 641 862 711 παγετῷ
899 639 1006 710 τῆς
1041 643 1294 709 νυκτὸς,
1330 644 1428 696 καὶ
1466 645 1762 713 ἀφίστατο
1812 644 1913 699 ἀπ’
1943 645 2092 713 ἐμοῦ

515 729 550 780 δ
585 725 809 791 ὕπνος·
854 728 947 778 καὶ
993 725 1143 778 οὐδὲν
1168 728 1329 781 πλέον
1367 728 1534 782 αἰτῶν
1556 729 1614 781 ὲν
1645 730 1712 799 τῇ
1753 731 2028 799 προσευχῇ
2056 727 2089 798 ἢ

513 811 676 880 ἄρτον
706 811 798 862 καὶ
827 810 1060 879 ἱμάτιον,
1087 811 1278 878 λέγων’
1298 813 1442 865 Ἐὰν
1478 811 1596 878 δῷς
1623 829 1726 881 μοι
1766 811 1950 879 ἄρτον
1977 829 2091 880 φα-

513 893 644 963 γεῖν
679 894 776 950 καί
813 893 1048 962 ιμὰτιον
1083 894 1541 962 περιϐαλέσθαι,
1587 894 1712 950 πᾶν
1752 896 1784 948 ὃ
1822 897 1932 949 ἐὰν
1975 893 2095 959 δῷς

508 993 642 1046 μοι,
680 975 943 1041 δεκάτην
972 976 1410 1032 ἀποδεκατώσω
1448 977 1601 1030 αὺτὰ
1637 994 1759 1032 σοι.
1789 979 1903 1031 Οὑκ
1949 973 2092 1041 εἷπε,

514 1058 824 1128 τραπέζαις
851 1059 1278 1114 καταναλώσω.
1320 1061 1378 1112 '0
1407 1061 1501 1114 τοῦ
1526 1061 1661 1115 Θεοῦ
1699 1063 1985 1133 ὑποφήτης
2001 1063 2097 1115 καὶ

515 1143 704 1206 πιστὸς
753 1144 1004 1214 θεράπων
1057 1145 1298 1216 Μωῢσῆς
1346 1145 1553 1210 ἐκεῖνος
1610 1147 1770 1199 ποίαν
1816 1147 2095 1216 τράπεζαν

514 1226 842 1297 εὐτρεπίσας
865 1226 1252 1298 ἐξεκκλησίασε
1283 1229 1374 1281 τὸν
1415 1228 1540 1282 λαὸν
1574 1230 1633 1282 ἐν
1658 1228 1736 1298 τῷ
1761 1228 1908 1300 ὃρει;
1941 1230 2097 1292 τίνας

513 1309 570 1362 δὲ
599 1311 881 1381 κρατῆρας
906 1311 1165 1381 πομάτων
1193 1309 1337 1382 εἶχεν
1363 1329 1377 1376 ;
1408 1314 1437 1365 6
1469 1313 1674 1383 πέτραν
1700 1313 1882 1384 ῥάϐδῳ
1921 1313 2095 1383 ἀμέλ-

515 1392 612 1459 ξας
637 1393 724 1446 διά
749 1394 849 1464 τὴν
875 1393 969 1446 τοῦ
993 1393 1124 1448 λαοῦ
1157 1394 1437 1459 ἀπιστίαν,
1461 1397 1489 1448 6
1515 1395 1808 1459 ἑξακοσίων
1847 1395 2097 1466 χιλιάδων

516 1477 827 1548 ἀφηγητὴς,
860 1478 1027 1544 πυξία
1047 1478 1212 1548 νόμου
1234 1477 1533 1542 ἐϐάσταζεν
1565 1481 1645 1542 είς
1683 1479 1968 1550 διόρθωσιν
2001 1479 2096 1532 τοῦ

515 1561 676 1624 λαοῦ,
703 1563 736 1633 ή
774 1562 971 1631 φιάλας
1010 1563 1332 1634 ἀεροφανεῖς
1350 1601 1365 1625 ,
1401 1563 1634 1632 ὑστέρας
1661 1581 1722 1616 τε
1753 1565 1973 1636 χοίρων,
2002 1566 2098 1618 καὶ

515 1644 694 1715 δρνεις
732 1647 798 1698 ἐκ
831 1644 1076 1707 ⁴Ιθάσιδος,
1116 1647 1210 1698 καὶ
1237 1647 1389 1715 ἰχθὺν
1413 1649 1477 1698 ἐκ
1501 1647 1800 1714 πελάγους,
1836 1648 1930 1700 καὶ
1955 1644 2098 1700 οἶνον

515 1726 851 1798 διυλισμένον
890 1728 955 1780 ἐκ
987 1727 1186 1798 Τύρου,
1231 1731 1324 1782 καὶ
1365 1731 1563 1800 ἄρτους
1601 1731 1835 1793 πλυτοὺς
1860 1731 2099 1801 προϐαλ-

517 1811 740 1881 λόμενος
771 1824 796 1851 ι
831 1813 943 1874 τοῖς
995 1812 1436 1883 παιδευομένοις,
1493 1813 1526 1884 ῆ
1575 1813 1730 1883 λόγον
1759 1831 1772 1879 ;
1801 1815 1861 1868 'U
1909 1817 2095 1869 ΔΙΑΚ.

517 1895 656 1948 Ἀλλ’
689 1895 1004 1949 ἀνθυποίσει
1035 1897 1116 1949 σοί
1153 1914 1237 1960 τις
1267 1898 1402 1968 πρὸς
1434 1898 1630 1962 ταῦτα,
1675 1900 1878 1970 Πάτερ·
1912 1899 2098 1968 Κάμοὶ

516 1979 605 2042 δὶς
635 1980 809 2048 μάννα
835 1981 1052 2032 κάκεῖνο
1078 1979 1138 2032 τὸ
1160 1978 1323 2051 ὕδωρ,
1360 1986 1455 2033 καὶ
1473 1980 1625 2034 οὐδὲν
1655 1981 1898 2053 ἐπιζητῶ
1912 1981 2095 2037 πλέον.

529 2064 586 2115 Ὀ
622 2063 868 2116 ἘΠΙΣΚ.
911 2063 1020 2116 Καὶ
1049 2062 1132 2124 τίς
1157 2061 1328 2126 οὕτως
1366 2064 1658 2134 ἀργαλέος,
1701 2066 1786 2119 ἵνα
1831 2067 2100 2138 προκρίνῃ

516 2149 615 2217 τῆς
648 2147 1020 2217 πνευματικῆς
1060 2145 1408 2210 διδασκαλίας
1461 2148 1635 2217 μάννα
1693 2148 1951 2220 αἰσθητὸν
2002 2152 2099 2203 καὶ

517 2227 661 2300 ὕδωρ
687 2229 943 2299 ρευστόν;
1141 2229 1396 2302 Σαμουὴλ
1435 2233 1463 2284 6
1494 2231 1810 2296 διδάσκαλος
1836 2232 1930 2285 τοῦ
1965 2232 2096 2286 λαοῦ

517 2312 612 2364 ἐπὶ
643 2313 814 2364 είκοσι
862 2314 955 2364 καὶ
1011 2330 1079 2364 1:.-.
1113 2331 1170 2364 τε
1221 2314 1312 2364 ἔτη
1372 2314 1430 2364 ἐν
1457 2315 1745 2364 Ἀοααθὲα
1791 2318 2095 2364 ἡσυνάσαε-

516 2312 612 2364 ἐπὶ
643 2313 814 2365 είκοσι
862 2314 955 2365 καὶ
1011 2312 1170 2367 πέντε
1221 2314 1314 2385 ἔτη
1372 2314 1745 2386 ἐνἈρμαθέμ
1791 2318 2096 2388 ἡσυχάσας,

515 2397 638 2451 τίνα
689 2397 818 2450 ποτὲ
861 2397 1109 2471 τραπέζῃ
1147 2398 1254 2451 τῶν
1298 2399 1531 2454 εἰδώλων
1569 2401 1848 2472 ἀπέστησε
1895 2403 1989 2454 καὶ
2034 2403 2096 2454 οὑ

516 2480 692 2551 λόγῳς
734 2481 871 2534 Πότε
905 2480 962 2533 δέ
1003 2483 1032 2534 6
1063 2481 1317 2551 βασιλεὺς
1354 2484 1490 2554 ὁμοῦ
1529 2487 1623 2538 καὶ
1673 2486 1962 2557 προφήτης
2002 2487 2098 2539 καὶ

516 2563 806 2634 ψαλμῳδὸς
832 2564 1044 2634 τρυφῆς
1077 2565 1343 2637 ἐστήσατο
1375 2567 1691 2638 τράπεζαν;
1721 2573 1749 2623 6
1783 2569 1978 2638 λέγων,
2015 2572 2097 2622 ὅτι

517 2648 774 2711 Σποδὸν,
820 2649 962 2701 ὡσεί
1011 2648 1216 2716 ἄρτον,
1267 2651 1515 2721 ἔφαγον,
1549 2655 1645 2706 καὶ
1680 2655 1744 2707 τὸ
1777 2656 1939 2724 πόμα
1977 2673 2098 2726 μου

511 2735 662 2802 μετὰ
703 2733 1016 2802 κλαυθμοῦ
1053 2735 1326 2803 ἐκίρνων.
1370 2738 1427 2789 ’0
1461 2737 1559 2808 τῆς
1589 2739 1973 2810 οίκουμενικῆς
2000 2758 2098 2812 νη-

517 2816 700 2880 στείας
742 2817 1072 2888 δημιουργὸς
1104 2819 1230 2888 τρία
1272 2820 1366 2890 ἔτη
1411 2821 1502 2872 καὶ
1555 2821 1732 2891 μῆνας
1773 2823 1833 2887 ἓξ
1883 2823 2099 2877 ἀσιτίαν

519 2900 788 2964 ἀκουσίως
811 2902 937 2964 τοὺς
961 2903 1407 2973 γαστριμάργους
1440 2904 1465 2942 b
1501 2907 1942 2974 παρασκευάσας
1969 2909 2101 2979 ποία.

515 2983 768 3055 τραπέζῃ
793 2984 893 3052 τῆς
912 2984 1183 3055 ἁμαρτίας
1206 2985 1531 3056 ἀπήλλαξεν,
1560 2990 1587 3040 ὀ
1608 2989 1873 3059 θεσδίτης
1889 2991 2098 3055 Ἥλίας;

517 3068 668 3131 τίνας
699 3068 756 3120 δὲ
790 3069 884 3121 καὶ
915 3068 1206 3137 ὀψοποιοὺς
1242 3067 1420 3140 εἶχενς
1456 3072 1578 3142 οὑχὶ
1602 3072 1688 3125 διά
1713 3075 1963 3144 κοράκων
2002 3075 2099 3145 τὴν

519 3151 794 3205 ἐπιούσιον
839 3153 1052 3223 ἐδέχετο
1095 3152 1309 3224 μᾶζαν;
1349 3156 1409 3208 '0
1453 3156 1616 3226 σοφὸς
1638 3158 1833 3227 Δανιὴλ
1873 3159 2100 3212 καὶτῶν

523 3235 822 3304 μελλόντων
855 3235 1151 3308 αὐτόπτης,
1185 3237 1316 3308 ποία
1355 3239 1602 3310 τραπέζῃ
1633 3241 1756 3303 τοὺς
1781 3243 2101 3312 ’Λσσυρίους

521 3320 841 3372 ἐπαίδευσεν
866 3337 881 3385 ;
911 3321 1032 3391 οὑχὶ
1055 3322 1280 3392 νηστεία
1313 3323 1405 3376 καὶ
1434 3327 1712 3396 προσευχῇ
1751 3325 1843 3378 τὸν
1875 3327 2100 3396 δράκον-

521 3419 588 3457 τα
621 3402 811 3464 ὤλεσε,
839 3405 934 3457 καὶ
960 3405 1051 3457 τὸν
1076 3405 1184 3477 Βὴλ
1219 3407 1572 3480 κατέστρεψε,
1607 3413 1700 3463 καὶ
1728 3411 1852 3472 τοὺς
1883 3411 2102 3475 λέοντας

521 3487 787 3556 ἐφίμωσε,
837 3490 930 3541 καὶ
982 3488 1074 3541 τὸν
1119 3489 1344 3558 βασιλέα
1402 3491 1587 3544 ἔπεισε
1639 3495 1764 3556 τοὺς
1815 3493 2102 3564 πατρῴους

520 3569 676 3633 θεοὺς
698 3573 1118 3643 ἀπαρνήσασθαι
1149 3575 1410 3646 ὁμολογία
1435 3575 1528 3630 τοῦ
1551 3577 1720 3640 ὅντως
1747 3573 1899 3641 ὄντος
1928 3579 2098 3643 Θεοῦ;

519 3654 640 3708 Τίσι
682 3656 1001 3726 τραπέζαις,
1052 3657 1182 3730 ποίᾳ
1235 3659 1292 3711 δὲ
1338 3661 1718 3731 χρηστοφαγία
1774 3663 2102 3732 ἐχρήσατοό

521 3737 678 3808 χορὸς
703 3738 810 3790 τῶν
841 3739 1041 3792 λοιπῶν
1076 3742 1371 3813 προφητῶν
1399 3742 1431 3812 ἢ
1459 3743 1806 3806 ἀποστόλωνς
1833 3745 1933 3798 οὑκ
1961 3741 2101 3816 ἦσαν

519 3821 861 3885 διδάσκαλοι;
901 3824 963 3876 οὑ
1003 3823 1104 3893 τήν
1168 3826 1492 3895 ὑπουράνιον
1547 3826 1980 3898 ἐπιστεύθησανς
2037 3829 2099 3881 οὑ

518 3905 726 3958 τούτων
778 3906 945 3976 ἐσμὲν
998 3907 1268 3978 διάδοχοι;
1324 3910 1384 3961 οὑ
1436 3910 1679 3979 μιμητάς
1708 3913 1854 3980 ήμᾶς
1897 3911 2101 3965 τούτων

521 3984 658 4042 εἶναι
689 3989 936 4058 βούλεται
971 3994 999 4045 6
1038 3991 1227 4060 λόγος;
1272 3994 1637 4064 προσέχοντας
1684 3997 1796 4057 τοῖς
1855 3996 2099 4065 τρόποις,

521 4072 702 4135 καθὼς
723 4077 749 4126 6
773 4074 984 4138 Παῦλος
1005 4075 1244 4129 διδάσκει
1271 4076 1464 4145 λέγων·
1490 4072 1600 4130 τοι·
1623 4079 1919 4147 ἀναθεωρο
1929 4079 2103 4144 ῦντες

521 4159 637 4224 τὴν
663 4158 915 4211 ἑκϐασιν
945 4158 1053 4225 τῆς
1084 4160 1496 4230 ἀναστροφῆς,
1527 4161 1804 4230 μιμεῖσθε
1840 4160 1955 4230 τὴν
2010 4163 2102 4214 πί-

520 4258 678 4294 στιν.
716 4242 850 4294 Ποῖα
901 4243 1211 4313 μελίπηκτα
1249 4239 1392 4314 εἶχεν
1435 4245 1491 4295 ἐν
1521 4247 1586 4314 τῇ
1625 4245 1817 4315 ἐρήμῳ
1851 4246 1879 4298 6
1928 4245 2102 4317 κῆρυξ

520 4324 621 4392 τῆς
652 4325 938 4394 μετανοίας
966 4327 994 4377 ό
1017 4326 1324 4397 Βαπτιστής
1350 4327 1623 4395 Ἰωάννης,
1659 4330 1688 4380 6
1722 4330 1833 4388 τοῖς
1867 4343 2102 4398 1:90:29-

520 4409 769 4477 χομένοις
831 4409 892 4461 οὑ
949 4409 1108 4478 μόνον
1167 4409 1494 4479 εὐτρεπίσας
1536 4408 1753 4480 άριστα,
1817 4409 1952 4462 ἀλλά
2007 4412 2101 4463 καὶ

522 4490 690 4560 αὑτὴν
723 4492 819 4560 τὴν
871 4492 1158 4563 συντυχίαν
1199 4492 1400 4561 πικρὰν
1440 4493 1557 4562 μετ’
1589 4491 1928 4562 ἐπιπλήξεως
1963 4509 2101 4563 παρ-

523 4574 790 4642 έχωνςοὺ
829 4574 987 4642 μόνον
1010 4575 1118 4646 γὰρ
1149 4574 1334 4646 δριμεῖ
1365 4574 1444 4645 τῷ
1482 4574 1751 4645 βλέμματι
1777 4574 1839 4626 :6
1869 4574 2102 4644 μεμολυο

523 4657 719 4726 σμένον
777 4658 1014 4715 συνειδὸς
1077 4657 1258 4710 αὑτῶν
1305 4658 1484 4718 σείων,
1517 4657 1651 4710 ἀλλά
1682 4657 1777 4710 καὶ
1819 4656 1970 4726 αὑτῷ
2020 4656 2100 4728 τῷ

523 4741 797 4810 σχήματι,
836 4740 1014 4810 πολλῷ
1050 4739 1106 4792 δὲ
1153 4741 1351 4810 μᾶλλον
1375 4741 1629 4811 καθάπερ
1669 4739 1814 4809 ξίφει
1848 4741 1926 4811 τῷ
1955 4741 2100 4810 λόγῳ

520 4824 588 4876 τά
633 4823 742 4874 τῶν
793 4823 980 4893 ψυχῶν
1028 4825 1391 4894 ἀποστήματα
1436 4824 1648 4894 τέμνων
1674 4842 1686 4854 ·
1740 4822 2101 4892 Γεννήματα

518 4904 791 4974 ἐχιδνῶν,
823 4909 913 4972 τίς
942 4906 1254 4970 ὑπέδειξεν
1282 4907 1424 4976 ὑμῖν
1441 4907 1658 4976 φυγεῖν
1683 4905 1801 4960 ἀπὸ
1824 4905 1932 4973 τῆς
1951 4911 2098 4974 μελο

519 4990 755 5055 ,λούσης
801 4988 1015 5058 όργῆςς
1055 4989 1351 5055 Ποιήσατε
1393 4987 1507 5044 οὖν
1567 4989 1838 5058 καρποὺς
1882 4990 2098 5060 ἀξίους

522 5071 628 5139 τῆς
647 5073 988 5141 μετανοίας,
1023 5073 1116 5128 καὶ
1157 5075 1231 5143 μή
1256 5074 1401 5144 μόνῳ
1430 5073 1506 5143 τῷ
1531 5073 2096 5145 βαπτίσματιέπερεί-

519 5155 694 5218 δεσθε,
739 5157 771 5226 ἦ
812 5156 891 5226 τῷ
931 5157 1093 5209 τέκνα
1139 5152 1274 5209 εἶναι
1319 5157 1410 5210 τοῦ
1442 5156 1710 5227 Ἁϐραάμ.
1748 5157 1790 5209 Τ
1797 5157 1812 5209 ί
1846 5158 1932 5211 δαὶ
1959 5160 1986 5211 6
2015 5158 2086 5212 6:-

519 5236 782 5302 δάσκαλος
811 5241 916 5292 τῶν
951 5239 1138 5300 ἐθνῶν,
1178 5241 1206 5293 6
1250 5239 1350 5308 τῆς
1409 5243 1709 5311 περιτομῆς
1765 5241 2093 5312 καταλυτής,

520 5321 608 5374 ἵνα
633 5323 936 5393 περιτομήν
973 5323 1209 5384 πίστεως
1240 5324 1432 5393 στήσῃ,
1477 5323 1538 5375 τὸ
1584 5323 1778 5386 σκεῦος
1815 5323 1914 5393 τῆς
1943 5325 2096 5377 ἐκλο-

520 5405 643 5474 γῆς,
679 5406 918 5470 Παῦλος;
951 5406 1088 5467 ὅλως
1125 5406 1436 5475 εὑρίσκεται
1479 5406 1672 5477 σχολὴν
1715 5408 1834 5474 ἄγω
1891 5411 2096 5482 τραπέ-

521 5486 642 5557 ζης,
679 5490 708 5540 6
746 5490 960 5542 πάντων
990 5489 1189 5559 μᾶλλον
1232 5489 1510 5560 χρεώστης
1551 5491 1764 5552 τούτου,
1821 5492 1915 5544 καὶ
1947 5492 2096 5561 ὀφεί-

518 5569 626 5623 λων
656 5570 729 5634 ὡς
765 5573 972 5625 ἔθνεσιν
1003 5573 1254 5636 ἀπίστοις
1281 5574 1545 5644 πρότερον
1566 5573 1664 5644 τὴν
1699 5575 1787 5626 διὰ
1813 5577 2095 5648 τραπέζης

519 5653 787 5707 ποιεῖσθαι
837 5657 1058 5724 σχέσιν;
1092 5657 1156 5708 Τί
1203 5657 1290 5709 δαὶ
1344 5658 1437 5708 καὶ
1488 5657 1690 5727 γράφει
1731 5658 1809 5727 τῷ
1845 5658 2095 5730 Τιμοθέῳ

519 5739 800 5808 ἐπισκόπῳ
833 5739 1098 5807 Ἐφέσου;
1137 5742 1406 5809 Ῑιρόσεχε
1446 5744 1512 5812 τῇ
1552 5742 1652 5810 τῆς
1685 5744 1964 5813 τραπέζης
2001 5761 2093 5812 φι-

521 5819 738 5892 λοτιμίᾳ⁴
767 5821 800 5881 ἢ
823 5820 896 5890 τῇ
917 5823 1060 5890 dra}
1074 5822 1272 5887 νώσει,
1305 5822 1378 5890 τῇ
1408 5823 1810 5892 παρακλήσει,
1839 5826 1912 5894 τῇ
1940 5827 2096 5881 διδα-

588 5957 613 6021 _'
635 5959 798 6021 ,Βίεοι-
824 5963 1247 6021 προσϐαλλόμενος.
1270 5961 1360 6013 sed
1383 5964 1486 6013 cod.
1520 5967 1574 6012 ut
1609 5964 1654 6012 in
1682 5969 1845 6013 textu.

582 6013 612 6058 δ
633 6013 765 6084 Lege
787 6013 883 6077 τοῖς
901 6013 1276 6086 ·ίιιιστριμ.)ιὶργοι.ς⁸

2198 561 2448 629 σκαλίᾳς
2491 561 2547 612 ἐν
2595 554 2676 622 οἷς
2720 559 2953 630 μάλιστα
2999 557 3189 620 ἄοκνος
3209 553 3278 630 ῆν
3339 555 3434 612 καὶ
3479 556 3693 622 εὔτονος
3743 567 3776 614 6

2203 644 2472 714 μακάριος
2500 643 2772 712 Ἰωάννης·
2802 641 3108 710 Ἀκαίρως,
3140 641 3434 708 εὐκαίρως
3469 642 3772 708 ἐπίστηθι,

2194 727 2710 796 λέγων-Ἕλεγξον,
2730 727 3104 795 ἐπιτίμησον,
3129 724 3573 793 παρακάλεσον·
3605 726 3772 798 μηδε-

2193 810 2284 874 νὸς
2315 809 2464 880 αὑτῷ
2495 812 2943 881 ὲπισκήπτοντος,
2989 809 3069 861 6::
3108 808 3202 861 δύο
3242 813 3341 878 μὲν
3368 808 3439 860 τά
3476 809 3651 880 πικρά
3678 809 3776 863 καὶ

2195 894 2256 946 ἓν
2291 894 2352 946 τὸ
2386 895 2680 966 προσηνὲς,
2723 894 2854 958 ἴσως
2889 894 3111 945 κάκεῖνο
3151 891 3290 963 μετά
3327 891 3618 960 φειδωλίας
3671 891 3775 944 ιπ-

2195 981 2437 1048 άγοντος.
2461 980 2534 1032 Τὸ
2550 979 2626 1043 δὲ,
2647 979 2958 1048 Ἔλεγξον,
2983 979 3355 1045 ἐπιτίμησον,
3380 977 3589 1047 πικρῶν
3605 976 3775 1030 ὄντων

2198 1063 2464 1135 σφοδρῶς,
2491 1067 2548 1117 ἐν
2584 1064 2661 1134 τῷ
2690 1061 3138 1130 παρακάλεσον,
3167 1061 3259 1114 καὶ
3286 1061 3346 1112 οὑ
3373 1061 3771 1116 κολάκευσον·

2194 1147 2332 1218 ὅπερ
2359 1146 2798 1218 ὲπιστημονικῶς
2819 1145 3124 1214 γινόμενον,
3160 1143 3484 1215 πικρότερόν
3515 1145 3630 1196 ἐστι
3659 1147 3773 1210 τοῖς

2197 1231 2499 1301 φιληδόνοις
2529 1232 2623 1284 καὶ
2643 1229 3061 1283 ἀναπεπτωκόσι
3090 1228 3504 1299 φορτικωτέρων
3525 1229 3776 1299 εὑρισκο-

2199 1315 2376 1385 μένων
2403 1314 2514 1368 τῶν
2541 1314 2800 1384 ἐλέγχων.
2822 1314 2972 1366 Ἐκεῖ
3023 1314 3122 1384 μὲν
3172 1313 3280 1383 γάρ
3314 1313 3443 1374 ἴσως
3479 1311 3583 1364 ὑπό
3627 1329 3775 1377 τινος

2195 1398 2366 1468 θυμοῦ
2412 1398 2793 1451 άντιδαίνουσα
2834 1399 2867 1466 ή
2910 1397 3077 1468 ψυχὴ,
3108 1395 3450 1465 ἀναισθήτως
3481 1394 3596 1464 ἔχει
3637 1396 3778 1467 πρὸς

2195 1480 2264 1533 τά
2297 1481 2564 1549 λεγόμενα
2608 1481 2702 1534 τοῦ
2753 1480 2996 1550 ἐλέγχου·
3039 1479 3274 1532 ἐνταῦθα
3309 1479 3367 1532 δὲ
3413 1478 3630 1548 ήσὺχως
3678 1479 3776 1532 καὶ

2197 1563 2338 1618 κατὰ
2369 1564 2562 1634 μικρὸν
2583 1565 2694 1625 τοῖς
2713 1564 2978 1616 ἐπιεικέσι
3011 1562 3150 1633 μετὰ
3172 1562 3272 1632 τῆς
3311 1561 3569 1631 ἀληθείας
3596 1562 3777 1630 λόγοις

2197 1647 2532 1717 αἰσθητικῶς
2553 1646 2629 1708 ὡς
2657 1646 2765 1698 ὑπὸ
2795 1645 2964 1718 πυρὸς
2984 1645 3225 1715 μαλακοῦ
3249 1644 3514 1715 καιομένη
3531 1644 3777 1715 διαπρίε-

2197 1747 2309 1783 ται.
2341 1731 2496 1784 Τίδέ
2545 1732 2638 1784 καὶ
2683 1731 3092 1800 ὑπομιμνήσκει
3128 1728 3324 1792 αὑτόν;
3372 1730 3442 1783 τὰ
3501 1729 3779 1799 συμπόσια

2200 1817 2293 1870 καὶ
2322 1815 2420 1878 τὰς
2450 1815 2702 1885 εὐωχίας,
2733 1815 2767 1884 ἢ
2793 1813 2858 1867 τά
2877 1814 2986 1867 τῶν
3015 1813 3247 1883 θλίψεων
3285 1813 3772 1884 σεμνολογήματα;

2197 1897 2390 1965 λέγων·
2421 1899 2490 1950 Σὺ
2517 1898 2623 1970 γὰρ
2654 1895 3143 1968 παρηκολούθηκάς
3179 1913 3278 1967 μου
3299 1900 3364 1966 τῇ
3399 1897 3775 1968 ἀγωγῇ.δπως

2197 1979 2440 2050 διετέθην
2469 1983 2537 2051 τῇ
2569 1980 2824 2052 προθέσει
2859 1980 2951 2032 τοῦ
2981 1979 3160 2034 πάντα
3187 1981 3266 2042 είς
3297 1978 3454 2043 δόξαν
3483 1979 3617 2033 Θεοῦ
3662 1997 3776 2034 ποι-

2199 2065 2279 2116 εῖν
2307 2068 2419 2123 τοῖς
2465 2065 2724 2134 διωγμοῖς
2755 2076 2802 2118 ε.
2841 2065 2963 2117 Ἐπὶ
2997 2067 3112 2126 τοῖς
3154 2063 3398 2133 ἐλέγχοις
3433 2066 3532 2134 τῆς
3569 2063 3776 2135 πλάνης

2201 2150 2274 2218 μή
2308 2166 2408 2202 που
2431 2149 2707 2220 τραπέζης
2736 2149 2893 2218 μνεία
2918 2164 2932 2212 ;
2964 2148 3108 2216 Τίτῳ
3137 2146 3191 2200 δὲ
3216 2149 3375 2200 πάλιν
3395 2147 3472 2218 τῷ
3493 2149 3776 2220 ἑπισκόπῳ

2199 2233 2427 2303 Κρήτης
2459 2233 2654 2302 ἴδοιμεν
2692 2231 2744 2284 τί
2784 2231 3109 2284 ἐπιστέλλει·
3151 2231 3280 2301 περὶ
3324 2229 3631 2301 βρωμάτων
3677 2233 3776 2288 καὶ

2200 2316 2479 2387 πομάτων,
2507 2316 2540 2387 ἢ
2568 2315 2694 2386 περὶ
2731 2315 2969 2385 ἐλέγχων
3021 2315 3114 2366 καὶ
3144 2313 3492 2378 διδασκαλίας
3519 2337 3536 2386 ς
3563 2314 3735 2384 λέγων
3757 2333 3774 2350 ·

2202 2399 2427 2455 Τούτου
2454 2399 2630 2469 χάριν
2657 2399 2984 2453 κατέλιπον
3009 2415 3083 2452 σε
3111 2398 3182 2452 ἐν
3207 2397 3428 2466 Κρήτῃ,
3449 2399 3549 2452 ἵνα
3575 2401 3646 2453 τὰ
3659 2401 3780 2455 λεί-

2199 2503 2391 2540 ποντα
2436 2483 2866 2551 ἐπανορθώσῃς
2897 2484 2996 2538 καί
3047 2483 3271 2551 πείσῃς
3301 2482 3523 2550 αὐτοὺς
3539 2482 3627 2552 μὴ
3661 2485 3779 2539 ἐτεο

2190 2568 2678 2638 ροδιδασκαλεῖν,
2705 2568 2858 2637 μηδὲ
2877 2566 3202 2637 προσέχειν
3221 2568 3436 2636 μύθοις
3459 2568 3558 2621 καὶ
3583 2584 3781 2638 γενεα-

2198 2655 2431 2723 λογίαις
2457 2653 2835 2719 ἀπεράντως,
2872 2651 3152 2723 ἐπιφέρων
3185 2651 3279 2704 κιει
3299 2651 3405 2704 τῶν
3426 2651 3664 2722 ἐλέγχων
3687 2652 3777 2706 τὸν

2197 2739 2416 2812 τρόπον·
2444 2736 2670 2806 Κρῆτες
2689 2737 2780 2791 ἀεί
2807 2737 3087 2804 ψεῦσται,
3105 2734 3260 2788 κακὰ
3279 2737 3472 2804 θηρία,
3491 2737 3779 2806 γαστέρες

2198 2823 2393 2892 ἀργαί.
2426 2822 2749 2874 Εἰπάτωσαν
2779 2821 2908 2890 ἡμῖν
2931 2821 2980 2873 οἱ
3013 2818 3486 2888 κοιλιολάτραικαὶ
3512 2821 3780 2890 τραπεζο-

2199 2907 2450 2976 γίγαντες
2471 2905 2566 2958 καὶ
2590 2905 3053 2973 γυναικοῖέρακες,
3087 2904 3134 2953 οἱ
3150 2900 3248 2969 τὴν
3265 2901 3512 2956 Ἰωάννου
3545 2904 3780 2974 ἄσκησιν

2204 2990 2562 3059 μεμφόμενοι,
2588 2987 3146 3058 ἐμπερινοστήσαντες
3181 2982 3422 3039 Παλαιὰν
3459 2984 3551 3038 καὶ
3572 2987 3780 3057 Καινὴν

2201 3072 2499 3142 Διαθήκην,
2526 3071 2628 3123 ποῦ
2653 3064 2812 3141 εὖρον
2837 3071 2894 3122 ἐν
2919 3068 3127 3138 ἐπαίνῳ
3163 3071 3480 3137 συμπόσιον,
3514 3069 3561 3120 εἰ
3579 3069 3652 3140 μή
3673 3086 3778 3123 που

2202 3155 2339 3224 πρὸς
2363 3153 2714 3224 ἀλλοφύλους,
2742 3151 3016 3206 καὶτοῦτο
3038 3151 3126 3204 διὰ
3153 3150 3251 3221 τὴν
3270 3151 3368 3220 τῆς
3388 3151 3607 3222 εἰρήνης
3629 3154 3780 3204 σπεῖ-

2203 3257 2288 3292 σιν
2307 3239 2382 3310 τῷ
2406 3239 2506 3309 τῆς
2530 3237 2808 3309 τραπέζης
2837 3235 2986 3306 νόμῳ
3017 3235 3221 3306 θηρίων
3251 3252 3309 3288 τε
3351 3235 3445 3287 καὶ
3489 3234 3779 3308 βαρϐάρων

2201 3322 2700 3392 τιθασσευομένων;
2765 3320 2899 3372 Πότε
2943 3319 3000 3372 δὲ
3055 3319 3122 3371 τά
3188 3318 3462 3388 συμπόσια
3523 3319 3780 3382 ὑπόθεσις

2204 3405 2479 3476 ἁμαρτίας
2515 3407 2576 3458 οὑ
2615 3404 2866 3472 γέγονεν;
2917 3402 2981 3454 Τί
3023 3401 3081 3455 δὲ
3113 3401 3274 3468 λέγω,
3301 3400 3606 3472 ἀμαρτίας;
3639 3403 3778 3472 τάχα

2200 3490 2258 3543 δὲ
2294 3490 2515 3558 καὶτῆς
2559 3488 2802 3559 μείζονος
2833 3485 3273 3556 είδωλολατρείας
3323 3485 3417 3538 καὶ
3465 3485 3781 3555 ἀδελφοκτο·

2201 3575 2342 3637 νίας,
2373 3572 2556 3636 καθὼς
2583 3572 2909 3642 γέγραπται·
2940 3568 3254 3623 Ἐκάθισεν
3297 3571 3330 3623 ό
3375 3569 3526 3636 λαὸς
3567 3562 3781 3640 ᾁαγεῒν

2203 3658 2299 3710 καί
2332 3656 2510 3718 πιεῖν,
2547 3657 2642 3709 καί
2665 3654 3018 3720 ἀνέστησαν
3045 3652 3294 3713 παίζειν,
3321 3647 3424 3704 Ἦν
3454 3651 3512 3706 δὲ
3552 3653 3614 3706 :6
3651 3653 3779 3707 παί-

2201 3756 2352 3808 γνιον
2408 3739 2578 3810 μέθης
2627 3739 2867 3807 ἔκγονον.
2917 3736 3130 3799 Δεῦτε,
3189 3735 3535 3806 ποιήσωμεν
3581 3737 3776 3804 θεοὺς,

2201 3823 2421 3887 οἵτινες
2471 3823 2988 3890 προπορεύσονται
3027 3818 3215 3888 ἡμῶν.
3268 3818 3332 3873 Οί
3391 3820 3499 3890 γάρ
3559 3819 3780 3892 σεισμὸν

2201 3904 2536 3968 ὑποστάντες
2563 3904 2629 3957 δι’
2653 3905 2818 3970 οἴνου,
2856 3905 3107 3974 κινητους
3139 3901 3296 3964 θεοὺς
3328 3901 3646 3973 ἐπεζήτουν,
3686 3905 3778 3958 τὸν

2201 3989 2452 4044 ἄσειστον
2479 3989 2572 4042 καὶ
2619 3988 2796 4042 πάντα
2854 3987 3164 4060 πληροῦντα
3225 3986 3350 4038 ἄνευ
3405 3986 3497 4039 τοῦ
3546 3987 3779 4057 βαδίζειν

2202 4073 2454 4142 ἀφέντες.
2508 4072 2574 4124 Τί
2620 4071 2708 4124 δα¹ι
2757 4071 2905 4140 λέγει
2951 4073 2979 4124 6
3023 4070 3345 4140 προφήτης;
3387 4070 3552 4138 Χείλη
3593 4071 3781 4142 ἱερέως

2206 4159 2540 4230 μελετήσωσι
2576 4156 2867 4226 συμπόσια,
2903 4157 2985 4207 ὅτι
3009 4155 3200 4208 δεῖπνα
3233 4153 3328 4206 καὶ
3375 4154 3574 4225 ἄριστα
3619 4156 3781 4225 ἐκζη-

2200 4244 2455 4311 τήσουσιν
2489 4240 2584 4293 ἀπ’
2633 4239 2832 4306 αὑτοῦς
2875 4240 2908 4312 ἢ
2953 4240 3035 4292 δτι
3060 4239 3239 4305 Χείλη
3286 4237 3483 4305 ἱερέως
3515 4240 3782 4307 φυλάξε-

2202 4344 2294 4379 ται
2344 4329 2548 4395 νόμον,
2599 4326 2696 4378 καί
2724 4325 2909 4393 λόγον
2941 4323 3010 4375 ἐκ
3058 4323 3352 4391 στόματος
3397 4324 3582 4377 αὐτοῦ
3613 4323 3780 4391 Mi]-

2202 4409 2536 4477 τήσουσιν;
2580 4407 2669 4461 ὅτι
2711 4408 2969 4476 ἅγγελος
3007 4405 3228 4470 Κυρίου
3270 4405 3422 4467 ἐστὶ,
3450 4407 3543 4459 καὶ
3578 4408 3638 4459 οὑ
3676 4408 3785 4478 μά-

2200 4509 2405 4564 γειρος.
2430 4493 2541 4546 Καὶ
2570 4494 2598 4544 6
2629 4492 2693 4544 ἐν⁵
2717 4489 2938 4561 Χαλάνῃ
2958 4488 3016 4541 δέ
3044 4489 3250 4560 πύργος
3273 4489 3401 4542 πότε
3435 4488 3786 4558 ᾠκοδομήθηςη

2203 4577 2309 4648 1:96
2341 4577 2506 4640 οίνου,
2533 4576 2566 4646 ἧ
2600 4575 2738 4646 μετὰ
2765 4571 2908 4626 οἶνον
2931 4590 2954 4637 ;,
2974 4575 3037 4626 οὑ
3073 4574 3211 4644 μετὰ
3243 4574 3420 4632 οἴνου,
3461 4573 3624 4642 ήνίκα
3653 4574 3777 4628 Νῶε

2203 4658 2477 4728 φυτεύσας
2513 4658 2574 4712 :6
2601 4657 2787 4728 κλῆμα
2825 4657 3038 4728 πρῶτος
3075 4658 3166 4710 τὸν
3206 4656 3405 4708 ινειδον
3453 4655 3774 4726 ἐκαρπώσα-

2198 4758 2260 4794 το
2279 4758 2300 4802 ι
2327 4741 2392 4794 Εἰ
2410 4758 2474 4810 γε
2501 4739 2673 4805 οὕτως
2695 4741 2828 4811 ἔχει,
2847 4743 2908 4794 οὑ
2937 4739 3025 4793 διὰ
3039 4740 3138 4809 τήν
3168 4737 3388 4809 πόσιν-ἧ
3419 4736 3515 4808 τὴν
3532 4738 3783 4806 φυτείαν,

2197 4825 2337 4879 ἀλλά
2367 4825 2455 4881 διὰ
2503 4823 2600 4895 τὴν
2644 4826 2926 4896 ἀμετρίαν.
2986 4822 3183 4893 Ἰωσὴφ
3233 4823 3358 4875 πότε
3410 4821 3622 4890 ἐπράθη
3673 4821 3778 4874 ὑπὸ

2198 4908 2308 4960 τῶν
2347 4906 2624 4976 ἀδελφῶν;
2663 4908 2751 4960 ὅτε
2783 4909 2851 4960 τά
2871 4906 3120 4977 πρόϐατα
3152 4905 3467 4974 ἐποίμαινον
3493 4904 3551 4954 ἐν
3595 4903 3779 4966 αὑτοῖς

2197 4991 2609 5062 ἀσχολούμενοι,
2667 4991 2699 5060 ἦ
2751 4991 2840 5044 ὅτε
2905 4991 2974 5043 τά
3011 4988 3272 5042 κάλλιστα
3330 4988 3628 5056 σφάζοντες
3685 4991 3778 5041 καὶ

2199 5075 2470 5139 ἐσθίοντες
2507 5075 2599 5128 ἐπὶ
2644 5074 2870 5145 σχολῆς,
2908 5075 3028 5128 κατ’
3068 5074 3232 5126 αὑτοῦ
3266 5072 3323 5124 ἐν
3373 5072 3657 5142 συμποσίῳ
3688 5071 3778 5122 τὸν

2199 5158 2399 5227 φθόνον
2429 5149 2828 5222 ἐτεκταίνοντο;
2879 5158 2991 5227 Τὴν
3038 5155 3132 5210 τοῦ
3183 5153 3482 5214 Βαπτιστοῦ
3531 5153 3776 5206 Ἰωάννου

2201 5243 2440 5313 κεφαλὴν
2497 5245 2587 5295 ἐπὶ
2620 5242 2844 5302 πίνακος
2903 5240 3004 5294 ποῦ
3056 5239 3316 5292 ἐπέδοσαν
3369 5237 3448 5306 τῷ
3481 5237 3773 5308 πορνιδίῳ;

2199 5329 2256 5379 ἐν
2285 5327 2526 5396 συλλόγῳ
2558 5327 2767 5395 σοφίας,
2804 5325 2836 5394 ἦ
2867 5327 2923 5378 ἐν
2961 5324 3246 5394 συμποσίῳ
3283 5321 3542 5392 ἀνομίας;
3585 5321 3642 5372 '0
3675 5337 3778 5389 μα-

2199 5409 2386 5480 κάριος
2437 5408 2648 5470 Παῦλος
2695 5408 2864 5460 πίνων
2914 5407 3007 5460 καὶ
3055 5405 3280 5477 τρώγων
3329 5405 3643 5475 παρέτεινεν
3673 5404 3777 5465 ἕως

2201 5493 2554 5562 μεσονυκτίου
2593 5492 2684 5544 τὸν
2710 5490 2886 5558 λόγον,
2923 5489 3182 5560 ἢάσιτῶν
3209 5489 3304 5541 καὶ
3349 5487 3644 5548 διδάσκων,
3683 5487 3778 5540 καὶ

2195 5578 2322 5638 τοὺς
2355 5575 2444 5627 τὸν
2476 5576 2608 5627 Θεὸν
2635 5573 2964 5642 ἀγνοοῦντας
2999 5574 3080 5636 εἰς
3119 5573 3303 5626 πίστιν
3338 5571 3518 5639 άγων;
3550 5570 3721 5634 Αὑτὺς
3748 5573 3778 5623 6

2197 5659 2532 5726 ἁρχιποίμην
2579 5659 2676 5710 καὶ
2727 5656 3170 5730 ἀρχιδιδάσκαλος
3230 5657 3326 5710 καὶ
3384 5654 3777 5725 ἀρχισοφιστὴς

2197 5740 2406 5809 Ἰησοῦς
2431 5742 2466 5792 6.
2493 5740 2748 5811 Χριστὸς,
2773 5743 2802 5794 ὁ
2831 5741 2928 5811 τῆς
2955 5739 3302 5810 ἀνθρωπίνης
3327 5739 3536 5808 πλάνης
3559 5739 3778 5810 διορθω-

2197 5823 2295 5893 τής
2315 5863 2328 5885 ,
2389 5823 2488 5875 ποῦ
2537 5823 2852 5892 εὑρίσκεται
2888 5827 2946 5876 έν
2972 5823 3123 5875 πόλει
3153 5821 3344 5891 φαγὼν
3383 5821 3521 5892 πλὴν
3550 5821 3643 5874 τοῦ
3670 5821 3775 5874 πά-

2200 5906 2380 5975 σχα,,ὂ
2415 5902 2481 5976 ἦν
2525 5907 2838 5979 μυστηρίων
2876 5907 3258 5978 ἐκπλήρωσιςς
3310 5906 3375 5960 Τί
3409 5905 3494 5960 δαὶ
3547 5904 3637 5958 καὶ
3679 5917 3774 5973 μοι

2265 6030 2284 6057 ε
2311 6028 2495 6090 Supple
2524 6028 2585 6078 ίν.
