4122 6386
329 390 406 448 ιδ
1665 379 1910 436 PALLAI

2021 380 2380 440 DlALOGUS.
3543 386 3616 442 ιε

329 503 563 579 ριμνῶτι
617 503 733 567 τοῖς
797 501 1066 573 μαθηταῖς
1130 497 1446 568 εὑρίσκεται
1505 496 1714 579 λέγων,
1785 496 1914 568 περὶ

329 578 694 662 βρωμάτωνῆ
727 587 855 658 περὶ
888 585 1366 654 ἀναγνωσμάτων;
1398 578 1780 650 Ἐργάζεσθε,
1823 579 1912 632 λέ-

325 692 459 742 γων,
477 671 565 742 μὴ
593 674 706 739 τὴν
727 669 1168 738 ἀπολλυμένην
1190 665 1450 736 βρῶσιν,
1479 665 1640 720 ἀλλὰ
1664 663 1778 732 τὴν
1807 663 1915 732 μέ-

324 773 582 812 νουσαν.
626 755 847 824 Λεγέτω
893 753 1072 806 τοίνυν
1117 753 1254 822 μετά
1289 749 1383 803 τοῦ
1409 749 1617 820 Κυρίου
1645 748 1783 800 καὶὸ
1814 764 1916 800 κα-

324 841 416 905 λὸς
455 839 745 910 Ἰωάννης·
784 837 952 908 Ἐμὸν
1003 835 1302 906 συμπόσιόν
1350 835 1497 886 ἐστιν
1539 834 1574 904 ἡ
1616 831 1709 884 τοῦ
1752 829 1914 898 λόγου

323 924 640 979 διδασκαλία
695 924 787 977 καὶ
835 919 1101 991 διανομὴ,
1139 921 1218 983 είς
1255 919 1322 990 ἡν
1364 919 1458 972 καὶ
1507 914 1796 987 ἐξελέχθην
1834 917 1916 980 εἰς

323 1010 422 1081 τὴν
446 1009 541 1062 τοῦ
565 1006 694 1060 λαοῦ
754 1004 1028 1076 σωτηρίαν
1090 1002 1298 1074 Βρῶμα
1336 1001 1445 1074 γάρ
1475 1002 1623 1072 ἡμᾶς
1662 1001 1723 1052 οὺ
1772 1016 1913 1071 παρ-

326 1093 506 1164 ίστησι
555 1091 633 1163 τῷ
675 1091 816 1162 Θεῷ,
851 1089 976 1143 οὒτε
1036 1090 1129 1143 ἐὰν
1179 1088 1463 1158 φάγωμεν,
1519 1085 1643 1139 οὔτε
1691 1085 1786 1138 ἐὰν
1839 1083 1913 1156 μὴ

325 1179 619 1250 φάγωμεν·
665 1175 896 1230 ἐθνικῶν
929 1174 1102 1246 γάρή
1149 1171 1412 1242 συνήθεια
1452 1171 1614 1242 αῦτη,
1666 1171 1726 1224 τὸ
1779 1187 1914 1240 τρα-

325 1263 520 1328 πέζαις
547 1263 765 1333 ἀπατᾷν
790 1261 917 1323 τοὺς
947 1259 1038 1312 ὑπ’
1081 1258 1260 1312 αὐτῶν
1288 1255 1727 1326 δελεαζομένους,
1770 1254 1914 1325 λόγῳ

323 1347 532 1401 πείθειν
591 1347 664 1418 μὴ
718 1344 1033 1414 δυναμένων
1095 1342 1206 1395 τῶν
1268 1341 1563 1404 λεγόντων·
1629 1338 1915 1407 Φάγωμεν

322 1431 423 1486 καί
478 1431 736 1499 πίωμεν·
797 1428 1012 1494 αὔριον
1063 1426 1174 1496 γὰρ
1225 1423 1716 1492 ἀποθνήσκομεν.
1767 1420 1914 1490 Πρὸς

322 1515 418 1581 οὓς
449 1516 477 1568 ὁ
503 1513 828 1577 Ἀπόστολος
866 1511 1314 1582 πληκτικώτερον
1349 1509 1449 1580 τὴν
1479 1507 1769 1578 διόρθωσιν
1821 1507 1915 1558 ἐπ-

321 1599 667 1668 άγειλέγων·
693 1597 788 1666 Μὴ
830 1594 1172 1651 πλανᾶσθε·
1217 1593 1572 1663 φθείρουσιν
1611 1590 1726 1658 ἢθη
1765 1607 1912 1657 χρη-

321 1684 441 1738 στὰ
481 1684 706 1752 ὁμιλίαι
745 1681 963 1735 κακαί·
995 1678 1213 1749 ὁμιλίας
1245 1677 1418 1746 λέγων
1449 1674 1626 1738 κακὰς
1652 1674 1752 1736 τάς
1785 1676 1914 1744 περὶ

321 1769 390 1822 τά
409 1767 631 1822 τοιαῦτα
661 1764 1015 1835 ἑλισσομένας
1039 1763 1234 1828 λέξεις.

392 1854 550 1907 ΚΕΦ.
591 1852 692 1904 ll".
722 1879 794 1890 —
832 1851 890 1901 Ὀ
921 1850 1105 1901 ΔΙΑΚ.
1136 1846 1379 1917 Γνησίως
1408 1846 1508 1916 μέν
1543 1845 1639 1898 καὶ
1670 1843 1913 1914 πολυμα-

321 1937 430 2002 θῶς
463 1937 692 2008 εἴρηκας
721 1932 792 1986 τά
819 1932 1107 2004 εἰρημένα,
1138 1932 1233 1985 καί
1260 1931 1434 1995 οὕτως
1465 1931 1598 2001 ἔχει.
1639 1929 1785 1982 Οὐαὶ
1804 1929 1912 1998 γὰρ

320 2022 401 2088 τῷ
437 2022 676 2090 λέγοντι
698 2017 766 2072 τὸ
797 2016 992 2088 γλυκὺ
1035 2015 1266 2084 πικρὸν,
1295 2015 1394 2070 καὶ
1421 2015 1486 2070 τό
1521 2014 1740 2084 πικρὸν
1765 2017 1910 2084 τλυ-

321 2108 436 2162 κύί
472 2107 606 2160 οὺαί
635 2104 715 2170 τῷ
750 2103 969 2158 τιθέντι
999 2101 1067 2156 τὸ
1111 2103 1334 2167 σκότος
1379 2101 1527 2170 φῶς,
1557 2099 1657 2154 καὶ
1688 2098 1755 2152 τὸ
1785 2095 1912 2168 φῶς

320 2193 540 2258 σκότος
559 2191 579 2243 .'
608 2189 764 2255 Λέξει
793 2187 851 2242 δέ
883 2203 988 2250 τις,
1015 2187 1096 2240 ὅτι
1118 2184 1256 2240 Οὔτε
1287 2187 1448 2256 ἡμεῖς
1493 2183 1652 2238 τοῦτο
1679 2183 1912 2253 λέγομεν

320 2273 460 2331 εἶναι
495 2275 656 2329 αὑτὸν
680 2272 897 2326 ἔκδοτον
917 2273 1038 2334 ταῖς
1058 2269 1335 2332 τοιαύταις
1357 2268 1676 2341 τραπέζαις.
1717 2268 1780 2321 Ἢ
1801 2267 1911 2337 γάρ

319 2363 557 2434 ἄμετρος
593 2357 870 2428 φιλοτιμία
926 2354 1237 2426 φιληδονίας
1283 2353 1560 2416 ὑπόθεσις,
1620 2353 1714 2405 καὶ
1759 2354 1793 2424 ἡ
1830 2354 1910 2417 εἰς

319 2449 461 2514 ἄγαν
496 2443 815 2505 ἀπόκλεισις
865 2441 1026 2494 δκνου
1073 2441 1168 2492 καὶ
1205 2438 1558 2509 μικρολογίας
1612 2437 1907 2504 ἀπόδειξις.

333 2529 589 2583 Ἐδύνατο
635 2528 747 2600 γὰρ
807 2525 910 2579 κᾶν
941 2525 1136 2596 μόνους
1169 2522 1504 2584 ἐπισκόπους
1560 2521 1768 2586 καλεῖν,
1815 2523 1911 2576 καὶ

319 2614 524 2668 τούτων
561 2612 795 2683 μάλιστα
832 2611 960 2674 τοὺς
999 2607 1454 2678 εὐσεϐεστέρους·
1491 2605 1524 2676 ἡ
1574 2607 1624 2658 εἰ
1660 2606 1735 2678 μὴ
1783 2606 1912 2660 τού-

319 2715 466 2762 τους,
500 2697 603 2750 κάν
627 2697 718 2750 τὸν
751 2694 880 2748 ἴδιον
909 2693 1129 2764 κλῆρον,
1158 2690 1493 2762 μιμούμενος
1517 2690 1610 2744 τὸν
1635 2691 1911 2762 Δεσπότην

320 2781 570 2836 ἐσθίοντα
627 2779 765 2850 μετά
792 2779 900 2831 τῶν
927 2775 1137 2830 δώδεκα
1171 2773 1506 2828 ἀποστόλων.
1555 2775 1613 2826 '0
1659 2774 1907 2829 ’EIIIXK.

321 2863 768 2920 Συνεκτικώτατα
819 2860 1236 2930 ἀνθυπήνεγκας
1259 2901 1273 2924 ,
1326 2855 1757 2927 φιλαληθέστατε
1801 2857 1913 2911 τῶν

319 2949 552 3022 ἀνδρῶν,
587 2949 730 3016 εἴγε
767 2947 1046 3016 ἠνείχοντο
1083 2946 1133 2996 οἱ
1175 2943 1429 3015 κληρικοὶ
1456 2945 1800 3014 συναριστεῖν
1834 2941 1912 3013 τῷ

333 3033 576 3104 Ἰωάννῃ,
595 3031 725 3103 παρ’
749 3029 898 3101 ῶραν
927 3029 959 3099 ἦ
986 3029 1115 3099 παρ’
1145 3028 1359 3098 ἡμέραν
1389 3025 1661 3086 ἐσθίοντες
1685 3039 1712 3067 ι
1733 3043 1746 3056 ·
1779 3027 1826 3079 οἱ
1854 3025 1911 3078 δὲ

319 3117 394 3181 ὡς
413 3117 645 3187 τάχιστα
669 3113 805 3186 μετά
831 3111 1035 3183 πολλῆς
1057 3113 1156 3182 τῆς
1173 3110 1528 3181 παρασκευῆς
1559 3108 1911 3162 πολυτέλειαν

319 3197 640 3270 ἐπεζήτουν.
702 3199 938 3250 Ἀτοπον
992 3191 1061 3268 ἦν
1089 3195 1188 3258 τὰς
1221 3195 1330 3247 τῶν
1359 3193 1658 3249 νοσούντων
1701 3192 1735 3263 ἢ
1764 3209 1912 3246 πτω-

319 3284 586 3355 χευόντων
612 3281 818 3353 τροφάς
849 3283 915 3351 τῇ
941 3279 1052 3332 τῶν
1080 3278 1432 3347 ὑγιαινόντων
1467 3277 1711 3348 ἀκρασίᾳ
1739 3293 1910 3347 προσ-

318 3367 616 3421 αναλῶσαι.
649 3367 808 3428 Ποῖος
839 3364 896 3416 δέ
935 3363 1030 3416 καὶ
1055 3362 1221 3432 νόμος
1247 3357 1401 3425 οὗτος
1423 3401 1436 3424 ,
1475 3361 1789 3431 νομοθετεῖν
1819 3361 1912 3414 τὸν

319 3453 611 3525 παιδευτὴν
630 3453 758 3515 τοὺς
785 3449 1234 3521 παιδευομένους,
1265 3451 1298 3521 ἡ
1323 3451 1450 3513 τοὺς
1483 3448 1802 3521 ἀρρώστους
1819 3449 1911 3502 τὸν

322 3545 523 3616 ἰατρὸν,
564 3542 758 3614 ἡτοῦς
805 3540 1072 3602 ἐπιϐάτας
1118 3540 1211 3592 τὸν
1249 3539 1616 3610 κυϐερνήτην,
1677 3540 1765 3592 ἀεὶ
1815 3537 1910 3591 τοῦ

323 3633 507 3706 ἱατροῦ
541 3633 666 3694 τοὺς
697 3631 988 3695 νοσοῦντας
1021 3629 1362 3699 ὑγιάζοντος,
1385 3629 1480 3682 καὶ
1512 3629 1607 3682 τοῦ
1629 3628 1910 3684 διδάσκον-

319 3740 410 3785 τος
441 3723 566 3784 τοὺς
588 3719 1014 3790 παιδευομένους
1055 3718 1484 3788 ἐπανορθοῦντος
1504 3761 1519 3784 ,
1557 3719 1652 3771 καὶ
1686 3716 1782 3770 τοῦ
1815 3735 1911 3771 κυ-

317 3811 583 3882 ϐερνήτου
608 3811 720 3870 τοῖς
744 3808 1040 3878 ἐμπλέουσι
1057 3807 1117 3860 τὸ
1135 3807 1413 3878 συμφέρον
1433 3807 1871 3878 μνηστευομένου
1893 3823 1908 3872 ;

318 3899 429 3954 Καὶ
454 3897 625 3970 ἰατρῷ
657 3897 755 3967 μέν
781 3898 873 3950 καὶ
911 3895 1223 3969 κυϐερνήτῃ
1251 3896 1563 3965 πειθόμενοι
1590 3898 1639 3949 οἱ
1673 3896 1764 3949 ὑπ’
1807 3898 1909 3950 αύο

315 3992 444 4055 τοὺς
475 3989 565 4044 διὰ
589 3989 880 4058 φιλοζωΐαν
909 3990 1090 4042 πᾶσαν
1126 3988 1322 4058 ὀδύνην
1351 3988 1448 4042 καὶ
1486 3988 1784 4061 ἐπάχθειαν
1815 3989 1911 4058 φέ-

319 4096 496 4151 ρουσι,
522 4077 650 4148 παρ’
679 4071 760 4140 οἷς
800 4077 896 4130 καὶ
929 4076 990 4130 τὺ
1017 4079 1296 4147 ἐπιτυχεῖν
1335 4076 1530 4147 ἄδηλον
1551 4093 1564 4106 ·
1601 4076 1909 4149 διδασκάλῳ

314 4169 372 4222 δέ
393 4166 504 4220 τῶν
547 4165 896 4236 κρειττόνων,
924 4165 1115 4227 νόσους
1143 4165 1238 4218 καὶ
1276 4165 1550 4234 μαλακίας
1580 4164 1908 4220 ἀπελαύνειν

313 4250 813 4324 ἐμπεπιστευμένῳ
851 4251 947 4303 καὶ
978 4250 1274 4322 τρικυμίας
1320 4251 1524 4322 ἡδονῶν
1556 4252 1908 4325 ὑπερϐαίνειν

313 4338 705 4412 ἐξησκημένῳ,
755 4337 1114 4408 ἀχαλινώτοις
1157 4339 1419 4406 στόμασιν
1463 4340 1908 4396 ἐπανατείνονται

311 4427 563 4490 ἀνίπτοις
619 4426 746 4479 ποσὶ
799 4426 978 4479 πάντα
1011 4425 1297 4496 φύροντες.
1326 4428 1389 4480 Εἰ
1439 4427 1496 4480 δέ
1530 4430 1622 4481 καὶ
1655 4427 1908 4482 ἐδεδώκει

313 4516 505 4570 ἑαυτὸν
538 4513 754 4570 ἔκδοτον
782 4517 904 4576 ταῖς
936 4512 1259 4584 τραπέζαις,
1282 4513 1470 4578 πόσοις
1499 4515 1719 4587 ἐξήρκει
1747 4514 1911 4580 ἀξιώ-

315 4621 450 4673 μασι
479 4602 580 4674 τὴν
607 4601 947 4673 τηλικαύτην
973 4600 1128 4654 πόλιν
1161 4602 1328 4655 οἰκῶν
1355 4642 1370 4666 ,
1412 4603 1642 4656 ἐκάστου
1671 4603 1704 4675 ἢ
1731 4603 1797 4657 δι’
1828 4605 1911 4656 εὑ-

311 4693 518 4760 λογίαν,
558 4692 592 4762 ἢ
628 4689 717 4744 διὰ
744 4692 936 4743 πενίαν
955 4732 968 4755 ,
998 4691 1032 4760 ἡ
1058 4689 1144 4744 διὰ
1162 4691 1609 4764 γαστριμαργίαν
1625 4692 1684 4745 τὸ
1714 4696 1908 4762 φαγεῖν

310 4778 733 4850 ἐπιζητοῦντοςς
776 4777 888 4832 Ποῦ
927 4778 984 4832 δέ
1038 4779 1132 4832 καί
1173 4779 1370 4851 σχολὴν
1406 4775 1542 4850 ἦγεν
1573 4783 1605 4852 ἡ
1634 4781 1728 4834 τοῦ
1768 4782 1906 4835 Θεοῦ

311 4869 537 4940 θεωρία,
569 4870 602 4940 ή
627 4867 721 4921 τοῦ
743 4867 874 4922 λαοῦ
895 4867 1185 4938 Θεραπεία,
1216 4870 1249 4938 ἡ
1279 4868 1387 4920 τῶν
1410 4869 1642 4939 Γραφῶν
1673 4871 1906 4942 ἱστορία,

307 4962 342 5030 ἡ
378 4959 486 5012 τῶν
526 4957 714 5030 χηρῶν
745 4957 1060 5028 κηδεμονία,
1105 4959 1138 5027 ή
1163 4957 1274 5011 τῶν
1314 4958 1600 5030 παρθένων
1642 4977 1902 5031 παραμυ-

311 5046 420 5111 θία,
453 5046 616 5117 ἡτῶν
643 5045 1072 5117 ἀρρωστούντων
1107 5045 1423 5116 νοσοκομία,
1461 5047 1494 5116 ή
1525 5047 1632 5100 τῶν
1663 5065 1907 5102 καταπο-

312 5135 589 5206 νουμένων
620 5134 930 5206 ἐπικουρία,
961 5135 993 5206 ή
1032 5134 1140 5186 τῶν
1173 5132 1542 5204 πλανωμένων
1575 5136 1904 5209 ἐπιστροφὴ,

312 5226 347 5293 ἡ
377 5223 484 5276 τῶν
511 5223 990 5294 συντετριμμένων
1021 5223 1243 5294 φροντὶς
1263 5263 1278 5286 ,
1319 5225 1351 5294 ἡ
1388 5223 1496 5276 τῶν
1528 5224 1586 5276 ἐν
1637 5225 1908 5292 φυλακαῖς

312 5310 632 5380 ἐπίσκεψις;
665 5311 788 5376 Πῶς
817 5311 872 5362 δέ
888 5310 1056 5380 ἔφυγε
1081 5309 1174 5362 τὸν
1199 5309 1550 5363 ὀνειδιστικὸν
1575 5311 1907 5384 ταλανισμόν

310 5400 406 5454 τοῦ
439 5399 597 5464 Θεοῦ,
627 5398 686 5452 δν
709 5399 956 5464 ὀνειδίζει
980 5403 1037 5452 ἐν
1071 5397 1149 5467 τῷ
1193 5398 1485 5468 ἰεζεκιήλ·
1520 5394 1587 5452 ’Ὤ
1618 5403 1672 5452 οί
1705 5402 1910 5471 ποιμέ..

312 5510 414 5559 νες
439 5493 494 5545 οὶ
530 5489 951 5554 ποιμαίνοντες
973 5487 1250 5555 ἑαυτοὺς,
1291 5487 1390 5541 καὶ
1428 5489 1500 5541 οὑ
1541 5490 1614 5543 τὰ
1641 5492 1908 5558 πρόϐατα

311 5580 630 5648 ¹νέμοντες,
678 5579 753 5631 Τὸ
786 5576 1206 5647 πεπλανημένον
1251 5578 1350 5629 οὐκ
1406 5577 1801 5648 ἐπεστρέψατε,
1845 5582 1907 5635 τὸ

309 5666 586 5730 ἀπολωλὸς
616 5667 716 5720 οὐκ
747 5665 1048 5736 ἐξητήσατε
1091 5664 1140 5729 δ,
1168 5664 1228 5717 τὸ
1265 5663 1492 5728 ἀσθενὲς
1537 5667 1636 5719 οὐκ
1677 5669 1904 5722 ἐπεσκέ-

373 5824 396 5889 f'
421 5822 628 5889 {Ionjiqit
645 5825 846 5889 ἐσθίοντι
869 5825 1090 5885 Bigolus,
1120 5825 1207 5873 sed
1234 5825 1466 5883 ἐσθίοντες
1485 5826 1599 5876 ferri
1622 5834 1804 5889 potest.

372 5883 400 5923 ⁸)
427 5883 544 5947 Ιιθέ.
571 5887 848 5942 ἐζητήσατε.

371 5948 398 5982 ⁸
425 5946 636 5998 Sic’cod.
665 5949 869 6010 optime.
895 5946 1097 5998 Edilum
1120 5948 1283 6000 fuerat
1303 5949 1682 6005 σπουδαζόντων.

331 6221 364 6248 ι

2018 496 2216 566 ψασθε,
2253 497 2315 550 τὸ
2343 501 2807 571 συντετριμμένον
2830 500 2890 558 οὐ
2919 498 3253 570 κατεδήσατε
3273 514 3289 528 ·
3316 497 3385 552 τὰ
3409 499 3612 572 λιπαρά

2020 581 2320 651 σφάζοντες
2353 584 2564 639 ἐσθίετε
2590 603 2604 616 ·
2643 587 2771 658 περὶ
2805 579 2880 639 ὧν
2897 583 3148 657 γράφεις
3178 583 3393 647 Παῦλε)ς
3414 603 3426 615 .
3491 585 3616 640 Ἂν,
3689 575 3697 585 ε

2020 664 2242 733 έχεσθε
2277 669 2408 738 γὰρ.
2439 670 2497 723 εί
2533 686 2625 736 τις
2651 669 2808 738 ὑμᾶς
2841 667 3225 730 καταδουλοῖ,
3256 668 3313 720 εί
3351 685 3442 735 τις
3482 686 3616 723 κατ-

2017 751 2228 814 εσθίει,
2261 752 2320 804 εἴ
2346 770 2439 818 τις
2466 753 2792 822 λαμϐάνει·
2824 753 2919 806 κα)⁸
2952 753 3020 805 τὰ
3053 753 3151 822 μὲν
3183 751 3304 822 ἔρια
3324 750 3613 822 περιεϐάλ-

2017 831 2197 899 λεσθε,
2229 835 2296 888 τά
2322 836 2378 888 δὲ
2403 836 2735 906 πρόϐατα.ού
2767 835 3106 907 ποιμαίνετε.
3131 835 3241 888 Καὶ
3265 837 3322 888 ἐν
3343 835 3424 905 τῷ
3456 835 3613 907 Ἰερε-

2019 917 2120 987 μίᾳ
2161 920 2290 990 περὶ
2343 920 2701 993 άργοτρόφων
2759 920 3036 991 ποιμένων
3089 918 3272 987 λέγει·
3325 916 3612 986 Ποιμένες

2015 1005 2235 1057 πολλοὶ
2275 1004 2617 1074 διέφθειραν
2658 1005 2766 1059 τὸν
2793 1003 3122 1074 ἀμπελῶνα
3153 1021 3296 1073 μου.
3323 1002 3488 1071 Λέγει
3549 1004 3612 1059 Ὀ

2015 1091 2198 1141 ΔΙΑΚ.
2255 1090 2509 1144 Ἐδύνατο
2540 1093 2635 1144 καὶ
2665 1091 2889 1153 τούτους
2931 1089 3020 1142 διά
3051 1090 3246 1159 χρόνου
3281 1087 3611 1158 θεραπεύειν

2016 1175 2109 1227 καὶ
2138 1177 2245 1229 τῶν
2274 1177 2747 1248 ἐκκλησιαστικῶν
2774 1176 3106 1248 φροντίζειν,
3140 1177 3227 1231 ἵνα
3255 1177 3330 1248 μὴ
3358 1176 3486 1248 δόξῃ
3511 1193 3612 1230 κα-

2015 1259 2128 1322 κῶς
2156 1261 2397 1326 ἀκούειν,
2438 1263 2498 1315 ἐν
2554 1265 2668 1326 τοῖς
2717 1261 2898 1324 ἄλλοις
2917 1260 2993 1313 ῶν
3019 1260 3212 1331 μέγας.
3256 1262 3314 1313 Ὀ
3358 1260 3607 1316 ἘΠΙΣΚ.

2015 1344 2188 1398 Τοῦτο
2221 1346 2330 1417 γάρ
2358 1348 2477 1400 ἐστι
2502 1347 2562 1399 τὸ
2587 1345 2945 1417 ζητούμενον,
2969 1345 3056 1398 ἵνα
3093 1347 3168 1416 μὴ
3194 1345 3378 1407 κακῶς
3411 1343 3606 1416 ἀκούῃ,

2017 1428 2105 1481 ἵνα
2137 1428 2406 1494 πλουσίως
2441 1431 2660 1503 παρέχη
2692 1431 2784 1484 τὸν
2817 1429 2974 1499 λόγον
2998 1472 3011 1495 ,
3067 1431 3165 1503 τὴν
3214 1428 3451 1500 σπουδὴν
3472 1469 3486 1488 ,
3517 1427 3609 1480 τὸν

2015 1508 2199 1582 ζῆλον,
2236 1515 2337 1586 τὴν
2381 1514 2548 1586 ἄλλην
2589 1515 2873 1586 ἱερατικὴν
2907 1512 3142 1568 εὔνοιαν.
3185 1514 3258 1566 Ἦ
3306 1513 3409 1564 οὐκ
3439 1507 3606 1576 οἶδας,

2013 1594 2060 1654 ὦ
2086 1601 2385 1671 τιμιώτατε
2430 1603 2696 1674 Θεόδωρε,
2749 1605 2832 1656 ὃτι
2874 1601 2970 1655 καὶ
3022 1601 3219 1671 ἀλόγου
3273 1599 3610 1671 κατηγορίας

2017 1691 2364 1763 μακαρισμὸς
2386 1690 2617 1762 ῶρισται
2646 1691 2751 1746 ὑπὸ
2777 1690 2873 1744 τοῦ
2900 1689 3108 1761 Κυρίου
3149 1691 3250 1744 σὺν
3275 1691 3388 1754 τοῖς
3431 1687 3609 1750 ἄλλοις

2016 1783 2387 1852 μακαρισμοῖς
2403 1781 2678 1844 εἰπόντος’
2710 1779 3002 1848 Μακάριοί
3021 1779 3185 1845 ἐστε,
3215 1779 3363 1832 ὅταν
3391 1775 3608 1831 ὀνειδί-

2013 1883 2209 1923 σωσιν
2231 1866 2409 1938 ὑμᾶς,
2443 1868 2546 1922 καὶ
2569 1870 2784 1922 ειπωσι
2824 1866 2950 1922 πᾶν
2977 1866 3250 1935 πονηρὸν
3278 1865 3448 1936 ῥῆμα
3478 1867 3608 1920 καθ’

2011 1957 2202 2027 ὑμῶν.
2245 1958 2392 2012 Οὺαί
2449 1956 2518 2010 δὲ
2557 1956 2724 2026 ὑμῖν,
2775 1956 2922 2011 ὅταν
2970 1955 3169 2022 καλῶς
3203 1955 3359 2026 ὑμᾶς
3394 1955 3615 2010 εἴπωσι.

2013 2045 2238 2112 πάντες
2259 2048 2313 2100 οἱ
2339 2045 2639 2115 ἄνθρωποι
2657 2061 2672 2076 ·
2704 2045 2856 2100 κατὰ
2875 2045 3063 2100 ταῦτα
3086 2046 3196 2116 γὰρ
3217 2044 3466 2097 ἐποίουν
3487 2042 3610 2109 τοῖς

2012 2139 2348 2208 προφήταις
2383 2141 2438 2192 οἱ
2489 2138 2742 2207 πατέρες
2785 2135 3006 2190 αὐτῶν.
3051 2135 3177 2199 Πῶς
3221 2136 3278 2188 δὲ
3313 2136 3407 2188 καὶ
3437 2134 3610 2203 στόμα

2013 2225 2390 2296 ἐξησκημένον
2416 2229 2473 2279 ἐν
2503 2225 2670 2289 θείοις
2695 2225 2918 2294 λογίοις,
2944 2225 3038 2278 καὶ
3070 2219 3165 2287 οὖς
3196 2223 3461 2295 χρησμῶν
3512 2224 3611 2274 ἐπ-

2013 2315 2236 2369 ακούειν
2261 2314 2441 2375 θείων,
2459 2316 2706 2385 ἠνείχετο
2721 2314 3047 2383 πολυλογίας
3077 2311 3381 2384 τραπέζης,
3398 2311 3492 2365 τοῦ
3510 2312 3607 2363 Δε-

2014 2405 2215 2458 σπότου
2235 2405 2487 2472 λέγοντος
2509 2421 2523 2437 ·
2553 2405 2766 2471 Οὐδεὶς
2786 2404 3034 2458 δύναται
3052 2403 3197 2458 δυσὶ
3223 2404 3444 2471 κυρίοις
3477 2402 3608 2456 δου-

2009 2493 2243 2548 λεύειν·
2290 2493 2514 2559 ἔπειτα,
2551 2495 2634 2547 Ob
2676 2493 2947 2549 δύνασθε
2989 2491 3112 2559 Θεῷ
3160 2491 3476 2545 δουλεύειν
3507 2491 3607 2544 καί

2007 2581 2288 2651 μαμωνᾷ;
2331 2585 2667 2654 Ζητήσωμεν
2697 2581 2806 2654 ἄρα
2839 2583 2923 2644 τίς
2966 2583 2995 2636 ὀ
3038 2582 3323 2652 μαμωνᾶς,
3362 2581 3435 2651 μή
3478 2596 3609 2632 ποτε

2012 2669 2329 2742 εὑρεθῶμεν
2354 2672 2475 2742 οὐχὶ
2501 2673 2614 2733 τοῖς
2643 2669 2737 2724 δύο
2763 2671 2975 2742 κυρίοις
3008 2669 3351 2734 δουλεύοντες
3369 2709 3382 2732 ,
3420 2668 3537 2721 ἀλλ’
3571 2668 3605 2740 ἡ

2017 2757 2163 2830 μόνῳ
2186 2757 2263 2827 τῷ
2297 2759 2551 2829 μαμωνᾷ.
2577 2758 2864 2826 Μαμωνᾶν
2893 2757 3001 2830 γάρ
3025 2755 3120 2810 νῦν
3149 2758 3210 2810 οὐ
3242 2755 3331 2809 τὸν
3361 2755 3612 2809 διάϐολον

2012 2845 2184 2916 λέγει,
2212 2845 2350 2900 ἀλλά
2368 2847 2468 2917 τὴν
2518 2846 2910 2917 ματαιοπονίαν
2949 2843 3043 2898 τοῦ
3075 2844 3283 2915 κόσμου
3308 2844 3519 2906 τούτου,
3546 2836 3607 2898 οῦ

2009 2938 2140 3000 τοὺς
2168 2934 2362 2989 ἐαυτοῦ
2401 2935 2652 3006 μαθητὰς
2698 2937 2727 2988 ὀ
2765 2935 2922 3002 λόγος
2945 2934 3277 3006 ἀπέστησεν.
3331 2936 3388 2988 '0
3421 2933 3606 2988 AIAK.

2025 3023 2443 3091 Ἐπανάζευξον,
2480 3017 2526 3078 ὦ
2560 3022 2819 3095 ἱερώτατε
2848 3023 3052 3096 Πάτερ,
3085 3024 3178 3078 ἐπὶ
3208 3024 3276 3077 τά
3307 3023 3472 3078 λοιπὰ
3500 3023 3608 3078 τῶν

2013 3114 2378 3185 πραγμάτων,
2415 3113 2615 3176 ἱκανῶς
2644 3113 3099 3184 ἀποδεδειγμένου
3124 3113 3218 3167 τοῦ
3241 3114 3370 3185 περί¹
3401 3113 3607 3185 τραπέ-

2013 3201 2113 3271 ζης
2147 3202 2328 3270 λόγου.
2362 3200 2542 3272 Κόιμοί
2576 3202 2633 3255 δέ
2659 3202 2734 3274 μὴ
2771 3203 3087 3276 χαλεπήνῃς
3115 3204 3208 3256 ἐπὶ
3236 3206 3348 3266 τοῖς
3400 3203 3609 3256 ἀνθυπ-

2016 3289 2287 3361 ενεχθεῖσι
2308 3307 2322 3320 ·
2367 3290 2530 3343 πλέον
2565 3290 2673 3362 γάρ
2713 3307 2766 3342 τι
2797 3289 3119 3360 βουλόμενος
3139 3290 3350 3362 μαθεῖν,
3384 3291 3610 3362 ἐπεξερ-

2011 3378 2317 3447 γαστικώτε
2327 3395 2418 3449 ρον
2433 3377 2649 3450 ἡρόμην
2665 3378 2763 3450 τὴν
2779 3379 2876 3450 σὴν
2895 3377 3258 3448 πολυμαθίαν.
3277 3380 3334 3432 ’0
3354 3379 3602 3434 ἘΠΙΣΚρ

2013 3466 2182 3520 Τοῦτό
2220 3483 2302 3520 σοι
2333 3465 2463 3536 παρ’
2512 3466 2648 3537 ἐμοῦ
2691 3468 3027 3539 σαφέστερον
3076 3466 3337 3541 εἰρήσθω.
3363 3467 3605 3539 Θεόδωρε

2012 3553 2452 3624 φιλομαθέστατε
2484 3548 2600 3621 (εἷς
2627 3553 2739 3626 γὰρ
2769 3555 2970 3624 γέγονα
2993 3554 3098 3608 τῶν
3132 3557 3550 3610 σπουδασάντων
3577 3569 3600 3596 ο

2011 3641 2190 3711 δχλοις
2218 3641 2306 3695 διὰ
2334 3641 2616 3714 τραπέζης
2644 3643 2895 3716 ἀρέσαι),
2920 3645 3001 3698 ὃτι
3025 3645 3342 3708 ἐπίσκοπος,
3372 3645 3606 3716 μάλιστα

2012 3729 2222 3794 πόλεως
2264 3729 2539 3803 μεγάλης,
2584 3731 2922 3802 καταλείψας
2961 3734 3061 3804 τὴν
3087 3732 3182 3787 τοῦ
3217 3734 3374 3802 λόγου
3420 3735 3606 3788 διακο-

2011 3819 2152 3885 νίαν,
2184 3818 2403 3892 νύκτωρ
2429 3837 2489 3872 τε
2519 3821 2614 3873 καὶ
2647 3821 2765 3892 μεθ’
2793 3821 3006 3894 ἡμέραν
3039 3823 3097 3876 ἐν
3124 3826 3246 3886 ταῖς
3281 3825 3470 3895 χερσὶν
3505 3825 3606 3883 οὐκ

2011 3907 2152 3979 ἔχων
2176 3907 2245 3962 τὰ
2275 3908 2371 3960 τοῦ
2397 3909 2564 3979 νόμον
2596 3907 2783 3974 πυξία,
2809 3911 2904 3962 καὶ
2929 3909 3028 3982 τὴν
3061 3910 3169 3964 τῶν
3195 3911 3428 3981 πτωχῶν
3485 3912 3608 3964 ἐπι-

2015 3997 2234 4069 μέλειαν
2267 3999 2328 4051 οὐ
2365 3999 2432 4051 δι’
2467 3998 2688 4064 ἐαυτοῦ,
2714 3999 2850 4052 ἀλλὰ
2871 3999 2938 4053 δι’
2979 4000 3182 4071 ἐτέρων
3214 4003 3472 4062 ποιεῖται,
3504 4018 3606 4071 μα-

2012 4087 2151 4158 κράν
2181 4084 2334 4139 ἔσται
2359 4086 2468 4139 τῶν
2498 4087 2800 4158 εἰρηκότων
2818 4104 2834 4118 ·
2861 4087 3009 4141 Ἰδοὺ
3042 4086 3364 4158 ἀφήκαμεν
3385 4077 3626 4155 πάντα,

2012 4173 2113 4227 καί
2138 4173 2648 4243 ἠκολουθήσαμέν
2671 4190 2771 4229 σοι
2790 4192 2802 4204 ·
2830 4176 2887 4228 τί
2912 4175 3029 4244 ἄρα
3061 4177 3206 4245 ’ἡμῖν
3239 4176 3451 4242 ἕσται;
3481 4195 3604 4236 συν-

2009 4261 2414 4335 αριθμούμενος
2443 4267 2556 4328 τοῖς
2588 4266 2792 4336 φήσασι
2810 4281 2822 4294 ·
2852 4267 3053 4334 Κύριε,
3084 4266 3222 4336 οὐχὶ
3247 4265 3326 4332 τῷ
3355 4267 3445 4332 σῷ
3473 4269 3604 4321 ὀνό-

2004 4371 2146 4422 ματι
2179 4353 2252 4407 τὰ
2282 4353 2379 4407 καὶ
2415 4353 2488 4407 τὰ
2513 4353 2922 4424 ἐποιήσαμεν;
2953 4355 3322 4427 ἀκουσόμενος
3363 4358 3480 4428 μετ’
3506 4359 3604 4412 αύ-

2009 4441 2118 4494 τῶν
2139 4457 2153 4470 ·
2185 4441 2462 4510 Ὑπάγετε
2483 4441 2583 4495 ἀπ’
2607 4440 2774 4511 ἐμοῦ,
2801 4445 2854 4495 οί
2879 4443 3275 4513 κατηραμένοι
3292 4460 3304 4472 ·
3325 4446 3436 4498 οὐκ
3471 4442 3604 4499 οῖδα

2009 4529 2185 4601 maio,
2211 4534 2398 4586 πόθεν
2434 4531 2576 4586 ἐστέ
2596 4549 2610 4563 ·
2637 4533 2699 4585 οὐ
2723 4535 2833 4604 γὰρ
2861 4533 3216 4602 ἐπιγινώσκει
3242 4538 3271 4588 ὀ
3289 4537 3460 4604 Λόγος
3476 4535 3602 4589 ἁλό-

2009 4637 2140 4689 γους
2175 4621 2442 4693 ἐργάτας·
2485 4620 2726 4692 καθαρὸς
2753 4623 2862 4694 γάρ
2889 4623 3055 4676 αὑτοῦ
3083 4623 3362 4694 ὀφθαλμὸς
3383 4624 3476 4678 τοῦ
3525 4625 3600 4696 μὴ

2008 4712 2144 4782 όρᾷν
2176 4712 2409 4782 πονηρά.
2442 4711 2637 4766 Πολλοὶ
2673 4712 2782 4784 γὰρ
2811 4713 2918 4766 τῶν
2945 4715 3256 4785 λεγομένων
3285 4716 3600 4769 ἐπισκόπων

2009 4801 2070 4854 τὸ
2094 4798 2314 4868 εῦλογον
2329 4800 2511 4853 αὐτῶν
2535 4804 2694 4868 μῖσος
2716 4803 2744 4856 ὂ
2765 4821 2830 4874 με
2839 4804 3096 4874 μίσηνται
3112 4805 3200 4858 διὰ
3220 4806 3347 4868 τοὺς
3367 4805 3600 4869 οἰκείους

2009 4888 2186 4944 αὐτῶν
2215 4890 2472 4962 τρόπους,
2507 4893 2602 4945 καὶ
2650 4891 2750 4964 τὴν
2801 4893 2911 4946 τῶν
2939 4895 3146 4966 νοητῶν
3174 4893 3405 4965 ἀζηλίαν
3445 4913 3600 4968 περι-

2011 4977 2172 5046 κόψαι
2209 4977 2558 5049 βουλόμενοι,
2595 4980 2758 5034 πάθει
2810 4982 2984 5047 πάθος
3024 4983 3598 5050 ἀντικαταλλάττουσι,

2011 5064 2325 5130 πλεονεξίαν
2357 5066 2657 5138 κενοδοξία,
2686 5071 2750 5139 τῇ
2785 5070 2883 5138 μὲν
2919 5071 3065 5142 χειρὶ
3094 5071 3330 5140 ἀφειδῶς
3360 5072 3600 5126 ἀδικοῦν⁶

2009 5169 2102 5216 τες
2123 5155 2202 5216 εἰς
2231 5154 2424 5225 κέρδος
2447 5155 2694 5227 αἰσχρὸν,
2720 5159 2786 5228 τῇ
2812 5157 2855 5209 δ’
2877 5159 3040 5231 ἑτέρᾳ
3061 5159 3160 5223 τάς
3178 5160 3458 5231 τραπέζας
3481 5163 3602 5215 ἐπι-

2009 5239 2359 5312 τεχνώμενοι,
2392 5244 2488 5296 καὶ
2511 5244 2709 5316 στήλας
2745 5246 2966 5318 ὑψηλῶν
2993 5247 3437 5323 οἰκοδομημάτων
3459 5248 3602 5318 ἐγείο

2012 5347 2228 5402 ραντες.
2254 5332 2342 5384 ἴνα
2365 5333 2430 5386 ἐκ
2451 5332 2657 5386 τούτων
2677 5333 2929 5400 δόξαντες
2951 5340 3176 5410 χρηστοί
3201 5344 3295 5392 κα)⁸
3321 5339 3598 5409 φιλόπονοι

2009 5418 2320 5489 φαίνεσθαι,
2373 5421 2540 5494 τιμήν
2593 5423 2714 5476 ἀντὶ
2771 5424 2996 5495 ἀτιμίας
3049 5425 3475 5497 καρπώσωνται,
3537 5430 3598 5481 οὐ

2013 5507 2450 5579 μνημονεύοντες
2482 5509 2578 5562 τοῦ
2635 5511 3066 5583 Ἐκκλησιαστοῦ
3101 5513 3196 5566 τοῦ
3254 5516 3348 5575 καὶ
3388 5516 3603 5572 κτίσαν-

2006 5614 2099 5661 τος
2124 5599 2219 5652 καὶ
2262 5600 2629 5671 μισήσαντος,
2667 5603 2761 5656 καὶ
2794 5603 2865 5656 τὰ
2893 5605 3121 5658 τοιαῦτα
3161 5604 3348 5674 σαφῶς
3386 5607 3597 5677 ἀπηγο-

2013 5685 2307 5755 ρεύσαντος
2329 5689 2388 5742 ἐν
2415 5689 2494 5760 τῷ
2525 5690 2766 5762 γράψαι·
2791 5693 3082 5760 Ἐποίησά
3128 5713 3227 5764 μοι
3258 5695 3464 5761 οἴκους
3498 5696 3597 5750 καί

2008 5773 2440 5843 παραδείσους,
2464 5777 2559 5829 καὶ
2592 5778 2658 5830 τά
2686 5778 2814 5848 ἑξῆς
2835 5795 2847 5808 ·
2883 5781 2981 5833 καὶ
3014 5781 3144 5835 ἰδοὺ
3169 5781 3240 5836 τὰ
3261 5781 3460 5839 πάντα
3486 5801 3597 5854 μαρ-

2011 5862 2276 5928 ταιότης·
2307 5863 2402 5916 καί
2443 5864 2709 5932 ἐμίσησα
2735 5865 3057 5935 σύμπαντα
3081 5871 3314 5939 μόχθον
3337 5888 3457 5940 μου
3479 5909 3496 5934 ,
3526 5869 3599 5922 ὃν

2012 5947 2122 6017 ἐγὼ
2164 5949 2368 6019 μοχθῶ
2402 5954 2518 6006 ὑπὸ
2551 5953 2656 6008 τὸν
2691 5954 2884 6023 ἣλιον.
2947 5958 3060 6010 υνζικ
3101 5954 3273 6026 εἶπεν,
3315 5958 3598 6034 ’Υπὲρςιόν
