4122 6386
494 458 562 518 £5
1374 445 1463 501 DE
1503 441 1659 497 VITA
1696 439 1754 495 S.
1794 430 2067 493 JOANNIS
2103 425 2586 485 CHRYSOSTOMI.
3685 418 3755 477 ιε,

493 580 629 651 Quid
668 584 844 632 autem
889 580 939 628 et
970 566 1210 626 sollicitis
1244 559 1516 630 discipulis
1553 553 1813 651 Invenitur
1856 544 2068 603 dicere?

497 643 564 728 de
604 671 757 733 cibis,
802 683 869 721 an
896 663 963 719 de
998 656 1264 716 lectione?
1312 650 1626 721 Operamini,
1664 643 1927 714 inquiens,
1972 655 2073 733 non

501 770 804 832 pereuntem,
831 756 916 810 sed
939 759 1307 822 permanentem
1328 746 1489 800 cibum
1511 743 1689 814 (Joan.
1715 735 1893 836 6.37).
1908 732 2075 836 .Dicat

501 827 657 925 igitur
691 866 814 906 cum
864 846 1087 901 Domino
1120 842 1404 912 praeclarus
1447 837 1711 891 Joannes:
1759 827 2072 927 Convivium

501 923 676 1000 meum
702 953 783 996 est
802 939 947 994 verbi
977 934 1217 991 doctrina
1242 940 1295 985 et
1318 926 1635 988 disuibutio,
1656 923 1707 976 in
1730 935 1887 991 quam
1916 923 2073 971 etiam

501 1039 703 1093 electus
730 1048 847 1086 sum
877 1036 1093 1099 propter
1118 1024 1294 1095 populi
1324 1021 1565 1075 salutem.
1596 1014 1778 1082 Neque
1805 1011 1943 1065 enim
1970 1009 2076 1099 Deo

504 1128 653 1182 cibus
682 1138 777 1177 nos
802 1116 1158 1181 commendat,
1184 1127 1354 1181 neque
1378 1110 1421 1163 si
1450 1106 1807 1164 comedamus,
1835 1113 2007 1166 neque
2032 1095 2077 1148 si

506 1232 611 1271 non
650 1198 1012 1271 comedamus,
1057 1222 1118 1261 ea
1163 1214 1243 1259 est
1271 1202 1411 1255 enim
1455 1192 1784 1251 consuetudo
1820 1190 2075 1261 gentium,

506 1307 708 1364 mensis
747 1304 994 1371 decipere
1033 1312 1166 1368 quos
1213 1291 1586 1353 inescaverint,
1624 1302 1759 1341 cum-
1786 1280 2080 1337 rationibus

511 1397 831 1470 persuadere
851 1394 1004 1446 aliter
1031 1406 1135 1443 non
1169 1385 1455 1457 potuerint,
1485 1379 1771 1434 dicentium
1800 1391 1813 1427 :
1853 1372 2081 1470 Edamus

503 1464 847 1542 etutbamus;
872 1494 991 1531 cras
1021 1478 1157 1530 enim
1191 1474 1476 1527 ntoriemur
1499 1469 1560 1539 (1
1597 1468 1720 1522 Cor.
1754 1468 1844 1534 i5,
1878 1466 1992 1535 52).
2024 1464 2083 1521 In

506 1588 645 1643 quos
678 1571 971 1642 Apostolus
1011 1569 1281 1622 acriorem
1312 1562 1737 1632 increpationem
1784 1563 2082 1630 intorquet,

505 1665 696 1719 dicens
722 1682 735 1717 :
766 1662 847 1717 Ne
869 1661 1173 1729 decipimini
1194 1674 1212 1711 :
1235 1663 1578 1724 corrumpunt
1602 1670 1771 1707 mores
1802 1653 1962 1706 bonos
1985 1652 2089 1705 col-

510 1752 689 1822 loquia
722 1768 887 1821 prava
917 1750 1026 1819 (Ib.
1060 1769 1105 1806 u.
1144 1750 1247 1818 55)
1273 1767 1285 1802 ε
1312 1746 1585 1815 colloquia
1610 1758 1776 1814 prava
1807 1743 2090 1813 appellans

510 1840 674 1894 verba
698 1856 819 1909 qua:
844 1840 990 1893 circa
1016 1838 1283 1906 ejusmodi
1311 1850 1399 1890 res
1426 1840 1734 1888 versantur.

579 1926 705 1979 CAP.
738 1939 923 1977 xm.—
939 1925 1083 1976 Duc.
1114 1921 1331 1975 Sincere
1357 1918 1567 1988 quidem
1595 1926 1651 1972 et
1679 1916 1927 1985 perdocte
1954 1914 2082 1968 huc-

509 2032 676 2086 usque
716 2017 924 2070 locutus
972 2030 1059 2075 es.
1101 2023 1152 2066 et
1180 2014 1249 2065 ita
1278 2027 1336 2065 se
1376 2024 1463 2064 res
1502 2008 1680 2062 habet.
1718 2006 1806 2059 Vae
1829 2009 1958 2060 enim
1995 2005 2082 2074 qui

513 2110 635 2163 dicit
662 2108 809 2162 dulce
833 2123 1080 2171 amarunt,
1104 2114 1149 2158 et
1170 2119 1398 2157 amarum
1424 2101 1609 2155 dulce!
1637 2116 1711 2153 ua:
1731 2099 1817 2169 qui
1843 2099 1980 2166 ponit
2002 2098 2082 2150 lu-

507 2218 615 2256 cem
637 2200 880 2265 tenebras,
908 2208 954 2252 et
978 2196 1203 2251 tenebras
1229 2196 1385 2249 lucem
1413 2192 1565 2261 (Isai.
1593 2192 1644 2245 5.
1669 2190 1760 2255 20)
1783 2191 1796 2243 l
1817 2188 1920 2245 Sed
1943 2189 2083 2242 dicet

507 2292 626 2362 quis
656 2309 669 2345 :
701 2291 808 2344 Nec
836 2304 932 2343 nos
960 2288 1183 2341 dicimus
1210 2286 1379 2355 ipsum
1410 2282 1666 2352 ejusmodi
1694 2280 1893 2334 mensis
1928 2278 2079 2333 dedi-

509 2395 619 2437 tum
648 2397 765 2436 esse
793 2382 1008 2435 debere.
1052 2377 1336 2432 Immodica
1367 2376 1507 2429 enim
1544 2373 1634 2426 illa
1660 2370 1896 2441 profusio
1935 2370 2081 2422 volu-

508 2475 666 2543 ptatis
695 2474 904 2526 occasio
932 2480 1032 2535 est,
1051 2478 1105 2525 et
1128 2468 1285 2522 nimia
1316 2465 1635 2535 parcimonia
1663 2462 1899 2533 segnitia:
1923 2470 1978 2516 et
2005 2469 2084 2515 te-

508 2567 752 2621 nacitatis
774 2563 1174 2618 demonstratio.
1205 2559 1381 2615 Potuit
1401 2559 1541 2613 enim
1570 2564 1625 2611 et
1643 2556 1786 2610 solos
1806 2556 2082 2622 episcopos

507 2673 724 2721 vocare,
752 2666 807 2711 et
831 2671 895 2711 ex
928 2654 1009 2707 his
1035 2653 1325 2722 prmsertim
1352 2650 1708 2719 religiosiores
1734 2665 1744 2699 :
1768 2655 1823 2700 et
1844 2646 1889 2699 si
1906 2646 2081 2698 minus

507 2748 627 2813 hos,
662 2748 847 2801 saltem
875 2746 1145 2815 proprium
1171 2743 1372 2797 clerum
1396 2759 1408 2793 :
1437 2741 1647 2794 imitans
1692 2738 1966 2791 Dominum
1992 2751 2084 2790 ve-

507 2847 741 2893 scentem
770 2852 890 2891 cum
929 2833 1205 2889 duodecim
1231 2831 1501 2901 apostolis.
1535 2830 1705 2883 Episc.
1740 2826 1905 2882 Valde
1948 2842 2080 2881 con-

506 2939 759 2983 sentanea
801 2924 1150 2994 respondisti,
1184 2923 1458 2977 hominum
1490 2919 1826 2974 veracissime
1855 2936 1868 2971 :
1914 2917 2081 2987 siqui-

507 3021 628 3074 dem
661 3021 799 3089 passi
832 3018 1055 3073 fuissent
1079 3018 1257 3072 clerici
1300 3031 1420 3070 cum
1447 3014 1649 3069 Joanne
1676 3014 1966 3083 prandere,
1992 3013 2081 3082 qui

507 3121 628 3180 post
652 3110 837 3163 horam
867 3117 922 3163 et
956 3116 1075 3178 post
1112 3106 1253 3161 diem
1284 3105 1545 3160 interdum
1576 3103 1798 3167 edebat;
1832 3104 1929 3169 ipsi
1954 3118 2081 3156 vero

508 3201 675 3254 multo
716 3213 835 3252 cum
877 3205 1128 3268 apparatu
1163 3206 1334 3250 tantas
1380 3196 1562 3265 epulas
1599 3210 1757 3263 quam
1804 3193 2082 3249 celerrime

507 3291 863 3346 sectabantur.
918 3289 1217 3343 Absurdum
1265 3296 1381 3341 erat
1419 3286 1566 3338 cibos
1617 3284 1946 3338 inﬁrmorum
1992 3293 2083 3338 aut

508 3398 796 3452 pauperum
840 3396 1045 3445 eorum,
1072 3382 1158 3449 qui
1188 3380 1301 3434 sani
1345 3388 1493 3431 erant
1521 3376 1936 3444 intemperantim
1979 3375 2081 3428 im-

507 3479 758 3543 pendere.
790 3473 1043 3539 Quzenam
1089 3486 1246 3540 porro
1276 3471 1359 3524 lex
1388 3469 1475 3522 illa
1521 3477 1621 3531 est,
1653 3466 1938 3535 discipulos
1965 3481 2080 3519 ma-

506 3567 670 3633 gistro
694 3564 1002 3632 praecipere,
1035 3562 1100 3615 ab
1143 3561 1362 3615 inﬁrmis
1387 3559 1560 3613 curari
1590 3557 1876 3622 medicum,
1920 3565 2010 3610 aut
2047 3571 2079 3611 a

507 3657 808 3711 vectoribus
833 3656 942 3725 regi
972 3653 1412 3724 gubernatorem?
1436 3667 1556 3705 cum
1589 3650 1825 3705 medicus
1869 3663 2081 3717 semper

505 3759 655 3803 curet
701 3748 960 3810 inﬁrmos,
988 3757 1042 3800 et
1079 3754 1375 3816 prmccptor
1401 3745 1631 3813 corrigat
1674 3742 1961 3811 discipulos
1981 3781 1996 3805 ,
2026 3749 2082 3795 et

507 3842 657 3894 navis
701 3841 1023 3909 gubernator
1060 3836 1201 3907 quod
1247 3837 1371 3889 utile
1422 3845 1503 3890 est
1548 3835 1912 3904 navigantibus
1950 3847 2076 3902 pro-

504 3942 671 3988 curet.
702 3935 766 3987 Et
793 3933 998 3986 medico
1021 3931 1232 4000 quidem
1262 3938 1419 3997 atque
1442 3926 1777 3997 gubernatori
1806 3925 2080 3993 obtempe-

505 4034 704 4088 rantes,
732 4026 820 4092 qui
847 4023 946 4075 sub
971 4022 1074 4074 illis
1100 4028 1241 4083 sunt,
1270 4021 1391 4071 vita:
1416 4032 1575 4071 causa
1600 4017 1838 4070 dolorem
1864 4030 2076 4069 omnem

505 4130 568 4168 ac
592 4112 887 4167 molestiam
927 4111 1170 4174 fuerunt,
1197 4123 1419 4177 quorum
1462 4116 1514 4161 et
1543 4121 1817 4161 successus
1848 4106 2079 4177 incertus

504 4213 586 4258 est
617 4222 630 4258 :
658 4213 713 4257 at
749 4218 874 4255 vero
920 4202 1173 4255 adversus
1206 4208 1583 4268 prmceptorem
1621 4212 1801 4250 rerum
1846 4195 2076 4265 Optima-

511 4311 629 4349 rnm
659 4336 674 4359 ,
731 4295 819 4363 qui
874 4293 1089 4346 morbos
1141 4301 1195 4345 et
1252 4289 1586 4343 inﬁrmitates
1642 4287 1854 4355 abigere
1909 4286 2079 4340 solers

505 4398 619 4451 est,
688 4396 743 4441 et
798 4386 1126 4452 voluptatum
1188 4383 1511 4437 decumanos
1576 4380 1765 4435 ﬂuctus
1823 4393 2078 4448 superare

504 4477 840 4541 exercitatus,
888 4475 1158 4529 eﬁramato
1207 4473 1289 4526 isti
1335 4488 1428 4526 ore
1472 4473 1771 4541 insurgunt,
1815 4471 1991 4535 illotis,
2022 4479 2078 4524 ut

503 4569 671 4631 aiunt,
719 4567 940 4636 pedibus
978 4568 1153 4621 omnia
1199 4565 1506 4619 miscentes.
1559 4564 1669 4618 Etsi
1711 4565 1851 4619 enim
1900 4564 1991 4618 ille
2018 4578 2076 4618 se

505 4660 704 4712 mensis
729 4658 1059 4721 devovisset,
1089 4672 1154 4709 an
1193 4666 1271 4710 tot
1296 4654 1688 4724 magistratibus
1725 4665 1779 4710 et
1805 4655 2075 4709 honoratis

503 4754 747 4806 sufﬁcere
790 4759 1015 4821 poterat,
1063 4759 1169 4804 tam
1212 4766 1453 4817 magnam
1497 4749 1763 4803 civitatem
1809 4748 2072 4814 habitans,

504 4844 725 4913 singulis
754 4853 843 4897 aut
887 4852 1100 4912 propter
1126 4841 1571 4903 benedictionem,
1605 4850 1699 4893 aut
1745 4849 1961 4909 propter
1990 4840 2075 4892 in-

500 4937 696 5007 opiam,
721 4944 810 4989 aut
838 4945 1052 5005 propter
1074 4935 1270 5004 gulam,
1298 4934 1436 5002 apud
1465 4934 1611 4987 illum
1636 4935 1774 4988 vesci
1796 4933 2073 5001 postulan-

500 5026 678 5079 tibus?
724 5024 821 5079 Ubi
872 5032 1048 5078 autem
1092 5024 1263 5077 locum
1315 5023 1584 5077 habuisset
1630 5023 1722 5077 Dei
1776 5022 2071 5085 meditatio,

502 5117 681 5187 populi
711 5117 1031 5186 procuratio,
1080 5117 1297 5171 scientia
1324 5116 1737 5185 Scripturarum,
1771 5115 2075 5170 sollicitudo

500 5210 798 5273 viduarum,
844 5211 1105 5280 virginum
1153 5210 1420 5272 solatium,
1481 5209 1809 5263 inﬁrmorum
1848 5210 2070 5273 curatio,

501 5302 817 5357 afﬂictarum
849 5302 1122 5365 auxilium,
1153 5303 1442 5355 errantium
1492 5302 1791 5364 conversio,
1818 5302 2075 5354 contrito-

502 5410 617 5447 rum
667 5410 822 5455 cura,
883 5409 1095 5448 carcere
1121 5394 1454 5447 detentorum
1505 5392 1771 5447 visitatio?
1807 5389 2071 5448 Cmternm

500 5484 766 5553 quomodo
792 5484 1059 5552 effugisset
1100 5485 1558 5554 exprobratoriam
1600 5484 1742 5536 illam
1786 5483 1875 5537 Dei
1908 5484 2072 5537 malc-

501 5575 810 5639 dictionem,
835 5592 935 5644 qua
966 5575 1251 5644 exprobrat
1295 5574 1434 5643 apud
1461 5573 1791 5629 Ezechielem
1818 5590 1831 5625 :
1866 5573 1954 5627 Va:
1978 5591 2071 5642 pa-

499 5668 751 5730 storibus,
796 5670 882 5735 qui
929 5668 1120 5737 seipsos
1175 5676 1423 5736 pascunt,
1470 5676 1515 5719 et
1559 5683 1672 5720 oves
1716 5684 1817 5720 non
1864 5678 2073 5736 pascunt

502 5759 713 5829 (Ezerh.
743 5762 833 5816 δι.
860 5760 957 5832 2)?
994 5761 1122 5827 Quae
1151 5771 1420 5815 erraverat
1467 5777 1569 5814 non
1602 5760 1906 5826 reduxistis,
1955 5778 2073 5831 quae

501 5853 729 5921 perierat
779 5868 885 5909 non
932 5854 1261 5924 requisistis,
1311 5853 1576 5910 inﬁrmum
1629 5870 1735 5910 non
1786 5855 2065 5924 visitastis,

2178 541 2461 595 contritum
2504 555 2608 594 non
2632 537 2935 609 obligastis,
2966 546 3022 594 ct
3065 553 3183 604 ante
3220 538 3428 609 pinguis
3455 544 3603 595 erat.
3631 552 3748 591 ma-

2178 637 2385 687 ctantes
2412 630 2735 685 comedistis.
2757 629 2832 684 De
2856 629 3047 699 quibus
3071 629 3199 683 dicit
3222 629 3414 684 Paulus
3447 627 3751 685 :Sustinetls

2173 724 2315 776 enim
2330 726 2375 777 si
2390 726 2505 794 quis
2523 742 2610 779 vos
2632 727 2685 779 in
2709 729 3010 781 servitutem
3031 727 3243 798 redigit,
3260 730 3308 782 si
3320 731 3436 799 quis
3452 730 3688 795 devorat,
3707 734 3756 785 si

2176 817 2295 885 quis
2319 819 2511 883 accipit
2537 818 2590 886 (2
2647 817 2772 873 Cor.
2800 820 2888 881 11,
2917 819 3027 890 20)
3053 838 3065 873 :
3096 829 3149 875 et
3168 821 3311 877 lanis
3333 821 3549 890 quidem
3578 822 3753 876 induti

2178 909 2334 973 estis,
2352 925 2481 965 oves
2499 920 2679 964 autem
2699 927 2805 965 non
2822 913 3067 981 pascitis.
3087 913 3151 966 Et
3168 914 3222 967 in
3236 912 3468 969 Ieremia
3491 915 3558 969 de
3580 915 3751 984 pigris

2177 1000 2490 1067 pastoribus
2513 1000 2643 1055 dicit
2667 1020 2679 1055 :
2706 1000 2958 1055 Pastores
2993 1002 3147 1056 multi
3171 1014 3517 1072 corruperunt
3548 1007 3753 1059 vineam

2179 1090 2309 1145 mihi
2327 1091 2459 1162 (Jer.
2483 1094 2569 1153 12,
2592 1095 2657 1147 ll)
2676 1094 2714 1163 ).
2732 1094 2821 1147 Ait
2838 1093 2993 1150 Duc.
3014 1094 3234 1149 Poterat
3252 1111 3347 1150 eos
3368 1111 3585 1166 quoque
3606 1106 3758 1151 certo

2181 1196 2423 1254 tempore
2440 1201 2657 1250 curare,
2676 1195 2729 1240 et
2743 1186 3241 1241 ecclesiasticarum
3261 1202 3440 1241 rerum
3460 1201 3645 1239 curam
3667 1187 3759 1238 ha-

2183 1273 2339 1335 bere,
2366 1288 2434 1327 ne
2462 1274 2515 1327 in
2534 1289 2600 1329 eo
2623 1275 2761 1327 male
2784 1274 2975 1329 audire
3006 1275 3303 1337 videretur,
3331 1275 3424 1343 qui
3456 1275 3510 1327 in
3540 1276 3754 1330 czvteris

2181 1377 2412 1432 magnus
2430 1370 2568 1415 erat.
2585 1361 2759 1418 EPISC.
2777 1361 2890 1417 lloc
2907 1379 3099 1434 nempe
3116 1371 3221 1428 est,
3234 1363 3376 1432 quod
3400 1363 3453 1416 in
3468 1363 3754 1417 sacerdote

2182 1455 2497 1525 requiritur,
2516 1454 2702 1510 videre
2722 1471 2790 1510 ne
2809 1458 2947 1510 male
2966 1456 3174 1517 audiat,
3194 1471 3286 1510 seu
3303 1456 3482 1524 potius
3506 1463 3563 1507 ut
3582 1453 3765 1524 largi-

2181 1554 2263 1601 ter
2280 1561 2585 1601 sermonem
2600 1547 2855 1615 praebeat,
2874 1564 3004 1603 cura
3014 1550 3288 1613 m,zelum,
3306 1561 3467 1618 atque
3481 1548 3754 1617 reliquum

2184 1638 2565 1694 sacerdotalem
2596 1642 2863 1699 allectum.
2889 1645 2967 1697 An
2999 1644 3228 1714 ignoras,
3258 1648 3559 1702 venerande
3584 1648 3758 1704 Theo-

2184 1728 2334 1793 dore,
2370 1732 2566 1799 injusto
2602 1734 2884 1789 maledicto
2908 1736 3285 1791 beatitudinem
3316 1752 3344 1790 a
3378 1739 3600 1793 Domino
3624 1740 3758 1795 deﬁ-

2186 1823 2373 1883 nitam,
2397 1824 2486 1893 qui
2510 1839 2629 1879 cum
2655 1827 2771 1880 aliis
2798 1827 3251 1883 benedictionibus
3267 1829 3398 1883 dixit
3418 1848 3430 1884 :
3448 1829 3591 1884 Beati
3616 1834 3756 1900 estis,

2186 1929 2297 1966 cum
2325 1916 2460 1968 vobis
2485 1918 2918 1985 exprobraverint,
2943 1928 2989 1972 et
3017 1920 3234 1974 dixerint
3259 1939 3405 1976 omne
3431 1925 3754 1977 maledictum

2185 2007 2422 2059 adrersus
2438 2008 2744 2075 vos(Matth.
2760 2011 2845 2066 ΒΛ
2860 2013 2931 2081 1).
2950 2010 3039 2065 Va:
3050 2023 3216 2066 autem
3233 2014 3386 2081 vobis,
3402 2018 3601 2084 quando
3622 2019 3758 2072 vobis

2188 2097 2525 2153 benedixerint
2560 2118 2730 2155 omnes
2756 2102 2978 2156 homines
3002 2120 3020 2157 :
3045 2107 3316 2158 secundant
3355 2108 3484 2160 enim
3514 2125 3572 2162 ea
3598 2111 3758 2179 facie-

2187 2190 2305 2243 bant
2332 2193 2589 2260 prophetis
2619 2202 2786 2262 patres
2825 2210 3001 2247 eorum
3043 2194 3193 2265 (Luc.
3225 2197 3276 2250 6.
3312 2197 3428 2268 26).
3470 2198 3753 2265 Quomodo

2186 2290 2364 2336 autem
2390 2296 2450 2335 os
2480 2283 2533 2337 in
2558 2283 2751 2338 divinis
2779 2286 3005 2354 eloquiis
3028 2288 3394 2352 exercitatum,
3428 2299 3482 2344 et
3507 2292 3651 2345 auris
3678 2294 3760 2347 di-

2186 2373 2307 2426 vina
2336 2373 2550 2428 oracula
2582 2374 2766 2429 audire
2791 2386 3022 2438 assueta.
3050 2394 3247 2433 mensa:
3277 2380 3645 2450 loquacitatem
3676 2395 3759 2438 to-

2186 2463 2429 2529 lerasset,
2464 2465 2689 2519 Domino
2716 2465 2923 2521 dicente
2948 2486 2961 2521 :
2998 2467 3163 2522 Nemo
3187 2479 3347 2539 potest
3377 2472 3570 2526 duobus
3593 2473 3758 2527 domi-

2186 2556 2266 2608 nis
2305 2557 2523 2620 servire;
2548 2557 2775 2623 deinde,
2820 2560 2941 2614 Non
2968 2565 3170 2631 potestis
3205 2562 3313 2617 Deo
3354 2567 3537 2619 servire
3563 2577 3611 2620 et
3647 2585 3760 2621 ma-

2184 2663 2349 2702 monae
2396 2648 2612 2718 (Matth.
2658 2651 2711 2705 6.
2761 2650 2895 2722 24)?
2941 2653 3255 2719 Qumramus
3308 2657 3466 2724 igitur
3511 2658 3635 2727 quid
3690 2661 3762 2712 sit

2186 2754 2432 2793 mamona
2452 2782 2465 2804 ,
2497 2756 2561 2795 ne
2590 2740 2724 2797 forte
2768 2744 3099 2799 inveniamur
3141 2762 3249 2800 non
3280 2748 3487 2802 duobus
3532 2750 3762 2803 dominis

2185 2831 2418 2895 servire,
2474 2831 2567 2886 sed
2610 2833 2708 2887 soli
2754 2850 3032 2889 mamonae.
3085 2836 3382 2892 Mamonam
3436 2843 3577 2894 enim
3622 2858 3762 2897 nunc.

2189 2939 2297 2977 non
2326 2925 2594 2979 diabolum
2631 2926 2779 2991 dicit,
2812 2928 2905 2982 sed
2934 2929 3114 2983 mundi
3167 2931 3322 2999 hujus
3365 2933 3573 2987 inanem
3616 2934 3762 2989 labo-

2185 3034 2319 3081 rem,
2352 3034 2380 3071 a
2407 3035 2514 3089 quo
2558 3020 2852 3089 discipulos
2891 3036 3017 3076 suos
3058 3022 3269 3077 divinus
3310 3040 3486 3079 sermo
3518 3027 3755 3081 abduxit.

2187 3113 2337 3168 Duc.
2376 3113 2543 3178 Redi,
2571 3129 2604 3167 ο
2630 3115 2986 3169 sacratissime
3014 3114 3190 3177 Pater.
3221 3118 3286 3171 ad
3327 3119 3620 3173 narrandas
3668 3137 3757 3173 res

2184 3214 2425 3269 czeteras,
2452 3206 2577 3260 dum
2604 3222 2902 3260 sermonem
2936 3207 3081 3261 illum
3108 3207 3174 3261 de
3205 3224 3383 3262 mensa
3414 3210 3625 3265 abunde
3646 3211 3757 3278 jam

2184 3298 2609 3354 demonstraris:
2644 3314 2811 3367 neque
2857 3298 2996 3352 feras
3047 3301 3309 3367 graviter,
3338 3301 3477 3370 quod
3518 3317 3578 3355 ea
3609 3302 3759 3371 obje-

2185 3388 2384 3452 cerim;
2428 3388 2576 3457 plura
2618 3388 2760 3443 enim
2809 3388 2948 3442 scire
2991 3388 3235 3457 cupidus,
3268 3390 3610 3459 multiplicem
3664 3391 3764 3444 do-

2187 3482 2411 3534 etriuam
2458 3490 2599 3535 tuam
2628 3482 2927 3536 accuratius
2976 3483 3384 3544 interrogabam.
3430 3482 3603 3536 Ertsc.
3648 3482 3761 3535 lloc

2187 3570 2277 3623 tibi
2305 3586 2333 3623 a
2360 3585 2445 3625 me
2471 3570 2666 3624 clarius
2689 3571 2887 3624 dictum
2927 3572 3030 3635 sit,
3059 3572 3340 3626 Theodore
3367 3572 3757 3627 studiosissime

2184 3665 2324 3733 (ipse
2351 3663 2492 3718 enim
2539 3679 2675 3718 unus
2705 3664 2775 3717 fui
2827 3680 2891 3719 ex
2922 3664 2985 3718 iis
3014 3666 3100 3733 qui
3152 3679 3455 3717 mensarum
3503 3675 3759 3734 apparatu

2182 3755 2504 3809 multitudini
2534 3755 2744 3824 placere
2769 3755 3003 3826 student)
3024 3797 3038 3816 ,
3067 3757 3187 3823 quia
3214 3756 3517 3825 episcopus,
3553 3772 3756 3826 magna:

2184 3847 2477 3916 praesertim
2505 3846 2671 3911 urbis,
2695 3848 2784 3914 qui
2809 3846 3065 3901 derelicto
3090 3848 3234 3900 verbi
3266 3846 3580 3913 ministerio,
3605 3857 3761 3903 nocte

2183 3936 2375 4005 dieque
2401 3935 2531 4005 legis
2560 3935 2765 3990 tabulas
2794 3937 2845 3988 in
2874 3937 3118 3990 manibus
3159 3952 3264 3990 non
3309 3936 3757 4010 habeustcuram

2184 4041 2476 4097 pauperum
2504 4043 2609 4080 non
2638 4042 2737 4095 per
2773 4042 2848 4089 se,
2877 4027 2971 4082 sed
3013 4044 3107 4097 per
3131 4030 3264 4084 alios
3286 4030 3446 4099 gerit,
3479 4030 3631 4100 longe
3660 4033 3761 4086 erit

2182 4118 2249 4171 ab
2274 4118 2338 4171 iis
2362 4118 2450 4187 qui
2493 4117 2784 4172 dixerunt:
2816 4116 2949 4173 Ecce
2990 4118 3345 4191 dereliquimus
3383 4123 3570 4184 omnia,
3596 4131 3640 4174 et
3676 4138 3759 4175 se—

2182 4212 2326 4280 qunti
2341 4227 2516 4263 sumus
2532 4219 2607 4263 te:
2633 4211 2754 4277 quid
2775 4227 2891 4281 ergo
2915 4212 3009 4264 erit
3026 4212 3076 4263 in
3102 4212 3243 4265 nobis
3264 4212 3279 4270 l
3302 4210 3485 4265 Matth.
3511 4211 3760 4282 19.27)?

2181 4302 2607 4357 annumeraudus
2648 4303 2837 4371 iis'qui
2879 4303 3164 4357 dixerunt:
3210 4302 3453 4370 Domine,
3497 4322 3662 4358 nonne
3707 4308 3761 4359 in

2182 4393 2383 4446 nomine
2412 4402 2495 4445 tuo
2523 4393 2628 4445 haec
2654 4401 2698 4445 et
2713 4392 2804 4446 illa
2842 4394 3094 4461 fecimus?
3120 4393 3393 4447 auditurus
3422 4409 3540 4448 cum
3582 4395 3709 4464 ipsis
3739 4411 3759 4447 :

2186 4483 2439 4538 Discedite
2488 4501 2519 4535 a
2573 4502 2683 4548 me;
2727 4485 3029 4539 maledicti:
3078 4488 3243 4538 nescio
3293 4503 3414 4548 ros,
3464 4488 3597 4540 unde
3643 4489 3759 4541 estis

2185 4578 2203 4647 (
2234 4575 2356 4629 Luc.
2389 4578 2474 4631 l5.
2505 4577 2574 4629 27
2606 4573 2667 4645 )?
2697 4575 2810 4629 Non
2852 4576 2993 4630 enim
3024 4577 3207 4629 Oratio
3248 4578 3489 4646 agnoscit
3533 4579 3755 4631 rationis

2181 4679 2429 4738 expertes
2455 4670 2729 4737 Operarios
2758 4688 2771 4722 :
2806 4684 2968 4736 purus
3009 4669 3150 4724 enim
3198 4669 3295 4738 ipsi
3325 4679 3408 4723 est
3449 4670 3653 4733 oculus,
3688 4686 3754 4726 ne

2182 4760 2355 4813 videat
2380 4760 2541 4813 mala.
2572 4760 2715 4813 Multi
2751 4761 2892 4813 enim
2928 4776 2994 4814 ex
3022 4760 3086 4815 iis
3111 4760 3196 4829 qui
3230 4761 3477 4813 dicuntur
3497 4763 3753 4830 episcopi,

2176 4850 2376 4919 justum
2405 4851 2483 4904 sui
2512 4850 2691 4904 odium
2731 4865 2837 4919 quo
2882 4859 3096 4919 propter
3120 4851 3361 4920 proprios
3408 4866 3583 4905 mores
3614 4852 3760 4905 labo-

2181 4950 2321 5006 rant,
2353 4950 2407 4995 et
2436 4941 2753 5008 Spiritalium
2785 4941 3040 4995 incuriam
3069 4942 3370 4996 rescindere
3396 4942 3521 4996 dum
3550 4943 3755 5009 volunt,

2183 5034 2379 5087 vitium'
2415 5034 2544 5086 vitio
2585 5042 2909 5101 permutant,
2953 5033 3227 5086 avaritiam
3256 5034 3507 5087 vanitate.
3562 5034 3627 5087 Et
3652 5051 3753 5087 una

2180 5126 2392 5196 quidem
2420 5142 2578 5179 manu
2603 5126 2746 5195 large
2772 5137 3053 5195 peccantes
3073 5125 3135 5179 ad
3158 5134 3309 5195 turpe
3335 5126 3563 5184 lucrum.
3592 5127 3757 5181 altera

2180 5234 2306 5273 vero
2329 5232 2540 5273 mensas
2566 5226 2958 5281 construentes,
2992 5224 3047 5271 et
3074 5217 3379 5271 sublimium
3402 5217 3754 5289 a‘diﬁciorum

2178 5310 2453 5364 columnas
2480 5308 2779 5377 erigentes,
2809 5317 2864 5361 ut
2889 5324 2955 5362 ex
2999 5307 3081 5361 his
3111 5308 3237 5362 boni
3268 5318 3320 5362 et
3358 5308 3599 5362 industrii
3632 5323 3752 5363 esse

2180 5402 2477 5465 videantur,
2507 5401 2847 5470 ignominiam
2898 5415 2994 5469 pro
3026 5400 3227 5455 honore
3251 5401 3524 5469 colligunt,
3568 5400 3753 5454 Eccle—

2180 5492 2357 5546 siastze
2400 5491 2761 5554 immemores,
2782 5490 2870 5559 qui
2899 5499 2952 5543 et
2992 5489 3091 5543 ista
3122 5500 3511 5554 construxerat,
3547 5499 3601 5543 ct
3626 5490 3750 5543 odio

2183 5583 2387 5646 habuit,
2440 5591 2600 5650 atque
2647 5582 2769 5636 talia
2812 5582 3093 5638 manifeste
3121 5584 3303 5648 vetuit,
3334 5598 3455 5636 cum
3495 5583 3753 5651 scripsit:

2183 5674 2304 5726 Feci
2330 5673 2454 5726 mihi
2484 5672 2659 5726 domos
2683 5683 2728 5725 et
2758 5673 2947 5736 hortos,
2977 5685 3031 5727 et
3076 5684 3269 5728 caetera
3306 5692 3318 5727 :
3357 5684 3404 5726 et
3430 5690 3541 5727 ecce
3584 5675 3755 5726 omnia

2179 5766 2401 5827 vanitas,
2433 5775 2479 5817 et
2504 5764 2588 5817 odi
2619 5779 2816 5817 onmem
2852 5764 3073 5817 laborem
3102 5781 3297 5831 meum,
3322 5782 3421 5831 quo
3448 5781 3539 5828 eqo
3583 5768 3753 5819 laboro

2185 5856 2274 5910 sub
2295 5855 2398 5909 sole
2420 5853 2612 5925 (Eccle.
2635 5853 2690 5908 2.
2714 5854 2766 5909 5.
2796 5855 2879 5910 Η.
2910 5855 3022 5925 17).
3048 5855 3163 5911 Non
3189 5856 3341 5924 dixit,
3367 5858 3540 5927 Super
3559 5857 3749 5919 solem,
