4122 6386
339 438 407 494 Π
1591 429 1900 490 PALLADII

2010 433 2046 486 Α
2059 429 2277 487 LOCUS
3526 432 3596 489 £8

339 567 408 604 ne
435 547 816 604 intellectuales
862 547 1076 602 laborcs
1116 544 1307 616 injuria
1353 544 1611 600 afﬁceret.
1645 543 1770 598 llaic
1815 558 1913 597 au-

338 649 446 693 tem
473 638 613 704 dico,
638 653 743 692 non
769 637 1230 707 cotnpreheudens
1247 651 1362 700 eos,
1388 636 1478 706 qui
1500 634 1639 706 justa
1665 635 1733 690 de
1753 648 1911 689 causa

336 741 393 786 ct
436 731 758 786 necessitate
801 731 1059 786 ecclesias
1099 729 1335 786 condunt
1375 739 1467 783 aut
1509 728 1782 794 reﬁciunt;
1818 726 1910 782 sed

339 824 550 877 illorum
595 838 775 887 causa,
807 823 895 893 qui
932 823 1071 878 bona
1110 837 1401 892 pauperum
1433 822 1486 875 in
1536 820 1755 890 pensilia
1799 835 1914 873 am-

336 912 572 979 bulacra,
587 922 644 969 et
665 913 925 968 aeriarum
944 928 1198 982 aquarum
1223 911 1550 982 receptacula
1577 912 1628 965 in
1644 911 1812 965 tertiis
1830 921 1912 963 ta-

338 1004 550 1067 bulatis,
578 1013 633 1060 et
661 1005 906 1059 indecora
932 1004 1356 1059 eﬁ‘emiuatornm
1399 1003 1670 1058 hominum
1699 1002 1910 1056 lavacra

338 1094 392 1148 in
439 1095 573 1150 locis
619 1095 842 1150 occultis
882 1105 1222 1161 consumunt,
1259 1103 1366 1149 tum
1419 1102 1476 1148 ut
1516 1094 1630 1162 plus
1670 1091 1910 1162 pecuniae

336 1185 641 1249 corradent,
673 1195 782 1240 tum
811 1195 870 1240 ut
902 1196 1148 1240 amentur
1195 1201 1224 1239 a
1273 1189 1473 1239 scurris
1499 1193 1553 1239 et
1594 1185 1790 1249 mimis,
1821 1184 1908 1252 qui

335 1289 437 1343 pro
479 1275 655 1330 studio
686 1277 821 1331 hanc
861 1292 1018 1330 unam
1063 1276 1362 1330 mercedem
1420 1274 1736 1344 rependunt,
1769 1273 1911 1342 quod

339 1369 519 1422 omnia
567 1369 632 1423 ad
677 1371 1000 1438 voluptatem
1043 1369 1316 1438 indulgent
1347 1367 1708 1437 peccantibus.
1757 1366 1912 1421 Absit

335 1468 514 1515 autem
545 1475 574 1514 a
601 1477 707 1523 me,
738 1463 819 1514 vir
844 1462 1016 1530 magni
1045 1462 1273 1514 nominis
1300 1459 1598 1524 Theodore,
1627 1467 1685 1511 ut
1709 1458 1910 1526 impro-

335 1551 418 1606 bis
439 1567 685 1620 umquam
711 1553 942 1621 placeam
966 1569 978 1605 :
1004 1569 1108 1606 non
1131 1553 1272 1606 enim
1289 1551 1502 1605 aliunde
1524 1551 1650 1618 ipsis
1668 1549 1907 1618 placebo,

334 1657 493 1712 quam
518 1658 586 1698 ex
613 1645 675 1696 iis
703 1660 821 1714 quae
855 1642 1070 1697 Christo
1101 1658 1208 1698 non
1238 1645 1470 1712 placent.
1505 1643 1655 1696 Duc.
1685 1641 1763 1695 Ad
1797 1642 1909 1694 haec

333 1736 559 1791 miratus
603 1735 916 1790 Theodorus
959 1736 1324 1806 interrogavit,
1356 1735 1578 1790 dicens:
1615 1735 1746 1789 Cum
1794 1734 1907 1788 haec

334 1828 406 1882 ita
436 1842 503 1882 ex
544 1837 731 1882 natura
757 1827 896 1883 dicta
925 1829 1067 1894 sint,
1099 1839 1153 1882 et
1199 1829 1374 1882 nullus
1401 1824 1800 1882 contradicendi
1839 1825 1910 1879 sit

333 1917 506 1984 locus,
520 1917 564 1972 si
581 1918 705 1989 quid
733 1920 868 1973 nosti
893 1919 960 1974 de
985 1921 1047 1973 iis
1066 1936 1184 1989 quae
1202 1920 1252 1972 in
1271 1920 1395 1973 Asia
1411 1933 1440 1971 a
1455 1918 1512 1972 S.
1541 1917 1742 1972 Joanne
1758 1925 1907 1986 gesta

331 2015 478 2075 sunt,
503 2008 571 2063 de
596 2025 701 2078 quo
745 2025 884 2064 nunc
912 2009 1065 2063 nobis
1103 2024 1279 2063 sermo
1315 2017 1416 2074 est,
1458 2007 1734 2062 nobiscum
1762 2021 1910 2060 com-

332 2097 560 2150 munica.
586 2097 761 2152 Ense.
793 2098 858 2152 Et
882 2099 1099 2151 omnino
1125 2097 1359 2166 quidem.
1385 2098 1534 2151 Duc.
1562 2099 1642 2150 An
1673 2110 1909 2165 praisens

330 2186 564 2242 novisti?
588 2203 654 2241 an
699 2187 766 2242 ab
793 2189 898 2241 alio
931 2188 1218 2257 accepisti?
1249 2189 1419 2243 Ertsc.
1448 2186 1554 2242 Sed
1585 2202 1652 2242 ne
1691 2187 1907 2240 minima

329 2277 543 2347 quidem
571 2287 720 2348 parte
741 2278 828 2332 isti
851 2279 1052 2347 judicio
1079 2277 1241 2332 defui.
1271 2278 1421 2332 Duc.
1462 2279 1715 2345 Quanam
1750 2278 1908 2347 igitur

330 2369 650 2438 subsequuta
675 2379 817 2434 sunt,
851 2385 1074 2439 quemve
1102 2369 1260 2424 ﬁnem
1302 2377 1648 2436 acceperunt,
1690 2377 1742 2423 et
1768 2367 1908 2422 unde

331 2457 643 2528 principium
671 2459 999 2524 habuerunt,
1022 2459 1327 2530 singillatim
1356 2459 1483 2512 mihi
1517 2458 1715 2513 exhibe
1742 2474 1757 2512 :
1784 2459 1906 2528 quia

329 2549 653 2619 Theophilus
678 2553 1028 2607 temeritatem
1051 2567 1201 2605 suam
1230 2551 1457 2606 maxime
1488 2549 1770 2606 honestare
1795 2551 1907 2605 sive

329 2642 541 2710 operire
581 2643 786 2707 volens,
834 2645 885 2697 in
920 2643 1100 2697 libello
1143 2657 1242 2696 suo
1271 2643 1364 2708 ait,
1393 2642 1604 2697 beatum
1643 2641 1904 2696 Joannem

329 2732 635 2786 dominandi
680 2732 898 2787 libidine
940 2742 1239 2802 permotum
1263 2732 1348 2786 die
1373 2748 1473 2786 una
1497 2731 1763 2787 sexdecim
1794 2732 1908 2801 epi—

329 2838 521 2893 scopos
557 2824 886 2894 deposuisse.
915 2835 969 2880 et
1009 2839 1157 2890 suos,
1189 2826 1307 2880 loco
1341 2825 1580 2889 illorum,
1608 2825 1907 2879 ordinasse.

331 2916 504 2972 Ense.
528 2916 712 2971 Nihila
737 2919 848 2971 suis
869 2918 1105 2973 moribus
1129 2919 1358 2972 alienum
1386 2918 1508 2973 fecit
1524 2917 1776 2972 miriﬁcus
1794 2916 1904 2980 ille,

328 3017 382 3060 et
410 3021 530 3062 cum
557 3017 742 3063 contra
761 3008 1020 3064 Joannem
1041 3010 1272 3077 scripsit,
1302 3017 1356 3064 et
1380 3025 1500 3064 cum
1520 3008 1647 3062 falsa
1673 3008 1904 3077 scripsit.

329 3098 407 3152 Ex
459 3099 650 3168 quibus
693 3101 838 3154 enim
882 3100 1264 3155 absconsurum
1309 3117 1368 3154 se
1423 3109 1570 3169 putat
1611 3098 1905 3155 foeditatem

329 3204 503 3252 suam,
532 3205 598 3244 ex
629 3189 815 3244 iisdem
846 3189 987 3244 illam
1014 3190 1182 3258 magis
1211 3189 1459 3254 traducit,
1491 3189 1574 3244 vel
1599 3189 1797 3242 invitus
1820 3187 1908 3241 in-

329 3279 627 3332 nocentiam
649 3279 889 3344 Joannis,
919 3295 1067 3334 more
1097 3280 1350 3345 Balaami,
1377 3294 1660 3334 exornans.
1683 3278 1738 3333 Si
1763 3279 1903 3333 enim

330 3386 451 3425 cum
480 3369 820 3440 deposuerat,
853 3389 960 3427 non
989 3387 1124 3442 opus
1151 3380 1265 3428 erat
1300 3373 1518 3441 scripto,
1547 3385 1652 3426 non
1681 3371 1900 3434 exsilio,

326 3476 445 3515 cum
467 3460 728 3530 depositio
754 3464 863 3530 ipsa
887 3463 1116 3518 sufﬁciat
1137 3463 1201 3516 ad
1225 3461 1587 3517 confusionem
1610 3478 1794 3517 eorum
1816 3462 1904 3530 qui

328 3550 697 3621 deponuntur;
725 3553 816 3606 sed
842 3553 1092 3621 quoniam
1141 3553 1332 3623 deponi
1367 3569 1468 3606 non
1515 3563 1689 3621 potest
1717 3554 1907 3608 virtute

328 3643 600 3712 prazditus,
620 3653 779 3712 atque
801 3646 971 3699 victus
984 3646 1254 3699 victoriam
1276 3645 1437 3699 refert
1453 3689 1466 3705 ,
1487 3656 1664 3700 manet
1685 3645 1900 3712 invidia,

327 3735 531 3791 cladem
559 3753 622 3789 ex
647 3736 837 3805 injusta
869 3737 1088 3792 victoria
1110 3746 1404 3806 reportans,
1437 3738 1592 3791 bulla:
1619 3739 1668 3791 in
1702 3753 1904 3793 morem

328 3838 670 3897 turgesceus;
703 3838 756 3882 et
781 3830 831 3882 in
858 3829 1086 3898 seipsam
1109 3829 1357 3890 contrita,
1383 3831 1620 3884 scribens
1645 3838 1699 3883 et
1721 3829 1906 3884 inscri-

329 3921 462 3974 bens
493 3921 615 3974 illud
648 3922 792 3975 Isaiae
823 3922 1125 3991 propheue,
1154 3937 1234 3975 vze
1263 3922 1385 3974 illud
1419 3923 1468 3974 in
1510 3938 1568 3976 se
1597 3923 1904 3987 attraheus,

327 4010 454 4065 dum
484 4010 612 4064 falsa
635 4011 810 4064 omnia
828 4020 882 4065 et
908 4011 1048 4073 facit,
1079 4012 1294 4071 etdicit.
1322 4022 1376 4066 et
1395 4012 1596 4066 scribit.
1634 4011 1721 4066 Va:
1740 4013 1902 4078 enim,

326 4102 453 4157 dicit
496 4101 688 4167 Isaias,
728 4104 814 4172 qui
851 4103 1112 4157 scribunt:
1154 4106 1464 4174 iniquitatem
1511 4106 1642 4157 enim
1683 4107 1905 4159 scribunt

327 4191 478 4264 (lsai.
513 4195 600 4250 10.
630 4195 705 4264 l).
736 4195 808 4250 De
838 4195 921 4250 his
948 4205 1124 4251 autem
1152 4199 1238 4266 qui
1272 4198 1322 4251 iu
1351 4199 1473 4251 Asia
1509 4197 1732 4266 depositi
1758 4206 1898 4262 sunt,

328 4302 434 4340 non
479 4287 783 4353 sexdecim,
814 4289 906 4343 sed
941 4305 1031 4343 sex
1065 4299 1266 4343 tantum
1313 4290 1598 4358 episcopis,
1645 4299 1701 4342 ut
1725 4304 1903 4343 coram

332 4379 441 4431 Deo
485 4377 663 4447 judice
687 4379 858 4432 dicam
893 4421 908 4444 ,
941 4379 1072 4434 nihil
1108 4380 1176 4434 de
1218 4381 1422 4433 numeri
1451 4381 1741 4448 quantitate
1773 4380 1904 4435 sub-

331 4469 558 4532 traham,
593 4470 719 4523 nihil
740 4486 918 4525 rerum
947 4471 1184 4540 qualitati
1216 4472 1484 4538 adjiciam,
1513 4469 1606 4524 sed
1629 4481 1686 4524 ut
1709 4471 1904 4524 veritas

329 4577 448 4616 sese
484 4561 662 4620 habet.
709 4563 786 4616 sic
838 4563 931 4615 tibi
981 4579 1262 4632 exponam.
1291 4563 1468 4618 Tertia
1513 4563 1716 4618 decima
1764 4563 1903 4617 indi-

326 4653 504 4705 ctione
525 4661 783 4706 venerunt
806 4653 1317 4722 Constantinopolim
1348 4655 1526 4708 Asiani
1554 4655 1786 4724 episcOpi
1812 4670 1906 4708 nc-

324 4743 630 4795 cessitatum
662 4744 1006 4812 quarmudam
1037 4746 1202 4814 gratia
1237 4761 1250 4796 :
1282 4747 1314 4797 ii
1363 4746 1635 4799 nobiscum
1662 4760 1900 4799 commo-

326 4833 595 4897 rabantnr,
620 4836 967 4902 prazscntibns
987 4836 1145 4889 etiam
1168 4835 1284 4888 aliis
1300 4850 1362 4889 ex
1379 4835 1592 4906 Scythia
1616 4837 1900 4905 episc0pis,

323 4923 606 4980 Theotimo
647 4926 882 4992 scilicet,
913 4935 1072 4996 atque
1125 4943 1190 4980 ex
1226 4927 1449 4980 Thracia
1476 4927 1736 4981 Ammone
1766 4928 1903 4998 Egy-

325 5017 457 5084 ptio,
480 5025 533 5071 et
555 5033 622 5072 ex
646 5015 850 5070 Galatia
877 5019 1164 5082 Arabiano,
1197 5019 1550 5087 metropolitis
1568 5019 1813 5075 omnibus
1839 5035 1902 5073 ac

327 5107 565 5172 senibus,
596 5123 762 5178 usque
805 5108 870 5163 ad
907 5110 1087 5179 viginti
1137 5111 1362 5164 duorum
1407 5111 1773 5180 episcoporum
1801 5127 1904 5166 nu-

326 5213 554 5250 merum.
587 5197 651 5250 Et
677 5199 926 5254 omnibus
947 5201 1298 5269 congregatis,
1323 5211 1480 5268 atque
1507 5202 1906 5255 conuuuuioan-

327 5289 486 5352 tibus,
521 5289 781 5345 Eusebius
817 5292 1031 5361 quidam
1071 5308 1102 5346 e
1133 5289 1388 5346 Cilbianis
1417 5293 1578 5361 jugis,
1624 5293 1905 5363 episcopus

324 5379 905 5449 Valentinopolitanus,
934 5393 1306 5454 congregatam
1348 5384 1619 5454 Synodum
1660 5402 1779 5439 cum
1809 5385 1907 5438 ob-

325 5484 610 5537 servasset,
663 5491 768 5529 uno
813 5477 1016 5530 sabbati
1068 5477 1392 5542 adveniens,
1439 5477 1645 5532 libellos
1692 5478 1907 5533 tradidit

321 5563 558 5636 Synodo,
585 5571 869 5636 praeposito
897 5569 1116 5632 scilicet,
1148 5577 1204 5620 ut
1229 5583 1561 5637 consequens
1584 5580 1718 5635 erat,
1745 5570 1906 5624 Joan—

326 5660 411 5713 nis
449 5660 694 5724 nomine,
745 5671 925 5714 contra
959 5660 1306 5723 Antoninum,
1338 5661 1643 5731 episcopum
1675 5663 1899 5732 Ephesi,

326 5761 529 5819 septem
574 5753 802 5821 capitula
849 5752 1110 5807 inserens.
1170 5750 1405 5806 Primum
1460 5755 1708 5822 quldcm,
1763 5754 1902 5822 quod

324 5841 566 5898 conﬂatis
592 5858 758 5899 sacris
787 5845 925 5901 vasis
950 5852 1227 5916 argentum
1259 5843 1310 5899 in
1340 5860 1492 5900 usum
1522 5845 1614 5900 ﬁlii
1645 5845 1852 5901 fecisset
1883 5860 1901 5911 ;

2024 543 2338 606 secundum,
2361 542 2501 614 quod
2527 543 2756 598 ablatum
2785 542 2852 598 de
2874 543 3112 613 ingressu
3140 542 3430 612 baptisterii
3454 561 3592 597 mar-

2018 649 2136 688 mor
2166 635 2219 689 in
2263 635 2508 689 balneum
2543 637 2896 691 transtulisset
2924 654 2938 690 :
2968 634 3162 690 deinde
3202 635 3476 690 columnas
3505 652 3595 691 cc-

2015 725 2358 790 clesiasticas,
2399 742 2427 779 a
2476 727 2713 795 pluribus
2746 728 2900 780 annis
2937 726 3202 797 jacentes.
3248 727 3383 781 intra
3439 741 3594 782 suum

2015 815 2290 871 statuisset
2311 816 2594 871 triclinium
2619 833 2632 869 :
2655 828 2923 888 quartum,
2943 817 3082 883 quod
3111 833 3241 886 puer
3256 819 3371 885 ejus
3392 815 3591 872 cedem

2016 919 2298 978 patrasset,
2327 926 2482 979 quem
2509 909 2680 964 adhuc
2707 909 2930 964 haberet
2951 911 3002 963 in
3035 910 3328 964 ministerio
3357 908 3594 979 irrepre-

2014 999 2282 1055 hensum:
2313 1005 2576 1070 quintttm,
2623 999 2765 1070 quod
2809 1000 3006 1070 praedia
3051 997 3303 1055 Ecclesia:
3337 998 3522 1054 relicta
3564 1015 3593 1053 a

2015 1092 2266 1159 Basilina,
2297 1093 2492 1147 Juliani
2535 1091 2878 1162 Imperatoris
2905 1101 3107 1155 matre,
3139 1091 3484 1156 vendidisset,
3524 1092 3586 1146 si-

2015 1182 2173 1253 bique
2201 1183 2520 1238 vindicasset
2550 1201 2562 1237 :
2605 1192 2836 1246 sextum,
2866 1183 3008 1251 quod
3037 1182 3251 1236 dimissa
3281 1198 3444 1237 uxore
3473 1196 3590 1246 sua,

2015 1288 2137 1328 cum
2163 1288 2226 1328 ea
2252 1288 2436 1327 rursus
2460 1287 2780 1343 congressus
2809 1282 2974 1338 esset,
3005 1273 3245 1342 ﬁliosque
3286 1288 3352 1326 ex
3377 1287 3438 1327 ea
3471 1288 3594 1342 pro-

2013 1377 2246 1418 creasset
2274 1382 2286 1417 :
2315 1365 2601 1434 septimum
2623 1406 2637 1427 ,
2670 1365 2810 1434 quod
2836 1379 2935 1435 pro
2962 1364 3076 1434 lege
3105 1373 3157 1418 et
3181 1365 3473 1419 constituto.
3495 1363 3591 1417 ba-

2014 1456 2166 1511 beret
2199 1457 2559 1512 ordinationes
2586 1459 2958 1527 episcoporum
2991 1456 3220 1511 vendere
3253 1456 3400 1524 juxta
3431 1456 3594 1509 ratio-

2014 1561 2134 1600 nem
2195 1546 2479 1601 redituum.
2543 1549 2748 1602 Adsunt
2810 1559 2865 1602 et
2926 1547 3017 1617 qui
3080 1547 3342 1601 dederunt
3396 1547 3592 1616 quique

2012 1639 2239 1693 ordinati
2287 1650 2444 1702 sunt,
2490 1650 2544 1694 et
2599 1640 2713 1708 ipse
2761 1639 2850 1709 qui
2905 1639 3109 1708 accepit
3155 1657 3169 1693 :
3221 1653 3284 1691 ac
3334 1647 3590 1707 prseterea

2015 1731 2358 1800 probationes
2385 1731 2576 1786 habeo.
2681 1737 2686 1740 '

2081 1822 2209 1875 Car.
2235 1823 2568 1876 itm—Duc.
2596 1821 2742 1876 llanc
2760 1835 2982 1890 ,qua-so,
3005 1816 3444 1884 Pater,contralie
3462 1836 3588 1874 nar-

2011 1915 2294 1968 rationem:
2314 1914 2578 1968 lteduntur
2592 1916 2731 1969 enim
2752 1925 3058 1983 praesentes,
3077 1914 3341 1983 episcopis
3359 1912 3457 1966 ista
3473 1927 3593 1968 nar-

2011 2006 2270 2069 rantibus,
2300 2006 2466 2060 multo
2487 2007 2652 2074 magis
2680 2007 2777 2060 ista
2803 2007 3144 2075 patrantibus.
3189 2006 3362 2060 Ense.
3395 2006 3474 2060 Me
3490 2005 3591 2059 mi-

2010 2100 2300 2166 serum,qui
2317 2098 2504 2152 diebus
2521 2097 2600 2151 liis
2618 2107 2916 2152 reservatus
2929 2096 3263 2166 sum,quibus
3279 2097 3497 2165 pecunia
3510 2111 3591 2149 sa-

2009 2188 2301 2242 cerdotium
2319 2189 2575 2252 venditur,
2593 2189 2636 2242 si
2652 2197 2823 2241 tamen
2842 2188 3193 2242 sacerdotium
3217 2196 3316 2240 est.
3335 2186 3592 2255 lnsipien-

2011 2288 2091 2333 ter
2101 2279 2242 2333 enim
2260 2279 2357 2333 feci
2379 2281 2464 2349 qui
2485 2280 2582 2332 ista
2598 2279 2892 2341 retulerim,
2909 2294 3026 2334 cum
3040 2279 3424 2332 obtrectatores
3435 2277 3592 2333 Joan-

2011 2369 2094 2424 nis
2111 2385 2175 2424 eo
2198 2385 2295 2424 nos
2315 2371 2606 2440 adegerint.
2634 2371 2827 2424 Verum
2861 2371 3121 2440 patienter
3148 2367 3288 2422 feras
3309 2384 3415 2435 me,
3438 2369 3592 2423 obse-

2013 2477 2126 2526 cro,
2155 2470 2214 2516 ut
2242 2462 2365 2514 hinc
2385 2476 2592 2530 quoque
2605 2459 2823 2515 Joannis
2847 2459 3260 2514 moderationem
3287 2458 3590 2524 admireris,

2009 2555 2097 2624 qui
2119 2553 2304 2607 sedato
2327 2551 2535 2606 interim
2561 2552 2695 2617 zelo,
2726 2550 2860 2605 dixit
2889 2550 3150 2604 Eusebio:
3177 2549 3369 2604 Eusebi
3402 2548 3588 2614 frater,

2009 2646 2257 2714 quoniam
2287 2659 2428 2713 smpe
2453 2643 2510 2697 ﬁt
2537 2652 2592 2697 ut
2620 2643 2988 2698 accusationes
3013 2659 3130 2714 quae
3155 2641 3286 2697 ﬁunt
3312 2657 3342 2696 a
3379 2651 3592 2709 pertur-

2010 2737 2224 2792 batione
2249 2737 2432 2800 animi,
2459 2735 2640 2791 faciles
2669 2736 3008 2805 probationes
3041 2751 3144 2788 non
3169 2735 3436 2800 habeant,
3469 2733 3589 2788 siue

2012 2839 2064 2884 te
2089 2830 2298 2884 exorari
2329 2871 2344 2892 ,
2373 2837 2430 2882 ut
2453 2843 2632 2883 cesses
2661 2829 2984 2882 Antoninum
3023 2827 3239 2883 irati-em
3271 2828 3469 2895 scripto
3495 2841 3588 2882 ac-

2009 2933 2215 2983 cusare,
2249 2919 2403 2973 nobis
2426 2933 2613 2973 causas
2636 2919 2894 2972 molestiae
2919 2918 3330 2985 corrigentibus.
3361 2918 3438 2971 Ad
3473 2917 3588 2972 ha-c

2011 3010 2087 3064 ira
2113 3024 2367 3064 accensus
2392 3050 2406 3074 ,
2455 3009 2762 3064 durioribus
2793 3024 2918 3062 usus
2955 3019 3039 3062 est
3065 3009 3240 3062 verbis
3263 3049 3278 3072 ,
3333 3007 3588 3062 adversus

2011 3101 2336 3155 Antoninum
2375 3111 2514 3155 totus
2557 3116 2616 3155 se
2640 3099 2867 3154 eli'erens
2897 3141 2911 3161 ,
2938 3110 2992 3154 et
3021 3101 3070 3154 in
3102 3099 3441 3154 accusatione
3467 3114 3588 3167 per—

2009 3194 2225 3248 sistens.
2259 3194 2510 3247 Ilortatur
2527 3193 2760 3247 Joannes
2784 3191 3000 3246 Paulum
3023 3232 3039 3258 ,
3087 3193 3395 3260 episcopum
3423 3190 3588 3245 llera-

2010 3287 2176 3355 clete(
2205 3302 2327 3341 nam
2355 3288 2401 3340 is
2430 3286 2700 3340 Antonino
2719 3284 2897 3339 favere
2920 3284 3199 3337 videbatur
3226 3283 3243 3353 )
3276 3325 3290 3348 ,
3332 3293 3382 3335 ut
3408 3297 3502 3336 eos
3531 3283 3586 3336 in

1997 3381 2292 3454 amicitiam
2315 3379 2681 3448 compelleret.
2698 3377 3060 3447 Surgensque,
3080 3376 3365 3451 ecclesiam
3385 3375 3588 3445 ingres-

2009 3486 2100 3525 sus
2116 3480 2218 3536 est,
2237 3487 2338 3524 una
2359 3485 2478 3524 cum
2501 3469 2784 3538 episcopis;
2808 3466 3074 3522 eratenim
3093 3466 3337 3520 sacriﬁcii
3357 3475 3582 3536 tempus:

2012 3579 2299 3634 pacemque
2331 3563 2527 3632 populo
2549 3577 2612 3616 ex
2646 3576 2794 3615 more
2821 3569 3064 3629 precatus
3091 3600 3105 3621 ,
3152 3559 3290 3613 sedit
3315 3573 3437 3612 cum
3463 3557 3585 3612 reli-

2008 3655 2126 3724 quis
2155 3655 2438 3723 episcopis.
2484 3653 2630 3707 Clam
2680 3663 2856 3705 autem
2895 3650 3268 3719 subingressus
3310 3659 3588 3702 accusator

2011 3745 2294 3809 Eusebius,
2322 3758 2501 3797 coram
2529 3743 2673 3796 omni
2704 3743 2900 3812 populo
2943 3751 2997 3796 et
3047 3740 3312 3811 episcopis
3353 3741 3584 3795 libellum

2008 3837 2168 3890 alium
2199 3835 2356 3891 oll‘ert
2380 3835 2566 3889 eadem
2591 3837 2949 3889 continentem
2993 3851 3006 3886 :
3051 3833 3302 3904 adjurans
3327 3832 3584 3888 Joannem

2009 3927 2290 3982 horrendis
2307 3926 2623 3997 juramentis
2650 3967 2666 3992 ,
2707 3927 2896 3996 quibus
2922 3927 3145 3980 salutem
3173 3941 3383 3995 quoque
3407 3925 3584 3995 Impe-

2010 4031 2245 4076 ratorum
2277 4021 2586 4089 complexus
2614 4031 2698 4074 est
2727 4061 2742 4084 ,
2794 4019 2958 4072 multa
2995 4033 3114 4072 cum
3145 4018 3580 4087 perturbatione:

2011 4123 2069 4164 ιιι
2089 4111 2524 4181 puLarentpOpuli
2552 4110 2666 4179 ejus
2694 4109 3048 4179 imprudentia
3075 4109 3364 4177 perterriti,
3413 4123 3532 4162 eum
3557 4123 3586 4159 a

2007 4202 2211 4258 Joanne
2233 4212 2496 4273 petere,ut
2523 4203 2680 4254 vitam
2703 4201 2802 4255 sibi
2825 4201 2891 4255 ab
2914 4201 3235 4268 lmperatore
3257 4201 3584 4268 impetraret.

2007 4294 2243 4350 Joannes
2273 4311 2400 4349 vero
2429 4336 2444 4358 ,
2491 4305 2548 4347 ut
2571 4294 2701 4347 vidit
2728 4293 3032 4345 instantiam
3062 4290 3294 4345 hominis
3322 4333 3336 4355 ,
3366 4291 3586 4344 studens

2009 4386 2450 4454 imperturbatum
2499 4395 2680 4438 tenere
2725 4383 3020 4452 populum,
3070 4381 3308 4436 libellum
3337 4382 3579 4450 rectepit,

2011 4478 2267 4544 lectisque
2290 4476 2484 4529 divinis
2530 4475 2755 4542 eloquiis
2791 4474 3150 4540 Pansoliltium
3170 4513 3185 4536 ,
3227 4470 3447 4526 l’issidae
3467 4471 3584 4539 epi-

2008 4583 2248 4636 scopum,
2272 4576 2386 4620 orat
2414 4576 2468 4620 ut
2487 4566 2661 4619 divina
2686 4567 2822 4619 dona
2847 4564 3035 4618 oll‘erat
3056 4581 3069 4616 :
3090 4564 3203 4633 ipse
3223 4577 3343 4618 cum
3368 4563 3585 4632 reliquis

2009 4658 2272 4728 episcopis
2302 4673 2548 4726 egressus
2577 4664 2678 4709 est.
2729 4654 2957 4710 Nolebat
2981 4656 3122 4709 enim
3167 4654 3346 4708 animo
3375 4653 3585 4707 turbido

2007 4750 2323 4806 sacriﬁcium
2345 4749 2538 4809 facere,
2555 4749 2638 4802 his
2663 4749 2930 4818 Evangelii
2949 4751 3341 4818 obtemperans:
3370 4747 3585 4814 Quando

2008 4841 2162 4909 offers
2187 4859 2366 4895 munus
2394 4851 2533 4894 tuum
2569 4840 2777 4911 (Matth.
2803 4841 2856 4902 5,
2887 4840 3004 4912 23),
3025 4849 3078 4895 et
3105 4840 3327 4910 reliqua.
3381 4839 3448 4892 Et
3470 4847 3586 4906 post

2009 4933 2375 4987 dimissionem
2398 4932 2575 5001 populi
2596 4932 2944 4987 considerans
2972 4931 3110 5001 apud
3136 4948 3212 4994 se,
3247 4941 3301 4984 et
3316 4930 3509 4985 sedens
3531 4931 3582 4983 in

2009 5024 2316 5093 baptisteria
2335 5038 2453 5078 cum
2475 5024 2693 5093 reliquis
2709 5024 2970 5092 episcopis
2988 5065 3002 5087 ,
3023 5033 3381 5078 accuSanrem
3405 5038 3583 5077 coram

2008 5117 2256 5170 omnibus
2279 5115 2526 5176 advorat,
2550 5115 2733 5169 dicens
2767 5117 2846 5170 ei:
2876 5115 3081 5169 Rursus
3107 5115 3292 5170 eadem
3325 5115 3416 5168 tibi
3436 5115 3579 5179 dico,

2008 5205 2148 5276 quod
2179 5206 2328 5260 multi
2358 5221 2590 5260 morrore
2615 5207 2696 5259 vel
2723 5207 2799 5260 ira
2834 5206 3116 5276 compulsi,
3138 5207 3298 5260 multa
3327 5213 3382 5260 et
3401 5205 3585 5260 dicun.

2008 5307 2060 5352 et
2087 5297 2347 5362 scribunt,
2367 5313 2484 5366 qua:
2510 5298 2738 5366 probare
2763 5313 2867 5351 nou
2898 5306 3137 5364 possunt.
3185 5297 3243 5350 Si
3272 5296 3432 5366 igitur
3471 5311 3594 5348 ma-

2011 5388 2199 5444 uifeste
2226 5405 2287 5443 ea
2319 5391 2489 5455 nosti,
2527 5389 2594 5444 de
2615 5390 2807 5458 quibus
2835 5390 2979 5443 illum
3007 5405 3260 5443 accusare
3285 5390 3363 5442 vis
3391 5390 3585 5460 (neque

2009 5480 2150 5533 enim
2181 5480 2225 5533 si
2250 5481 2421 5549 possis
2443 5520 2456 5542 ,
2487 5480 2824 5548 repellimus;
2857 5495 3031 5548 neque
3057 5480 3316 5532 trahimus
3346 5519 3360 5542 ,
3393 5478 3440 5532 si
3478 5492 3584 5531 non

2009 5569 2224 5640 possis),
2246 5581 2526 5640 antequam
2555 5572 2758 5641 legatur
2779 5571 3006 5635 libellus,
3030 5572 3165 5640 elige
3186 5569 3328 5641 quod
3349 5569 3582 5638 expedit:

2009 5673 2287 5733 postquam
2308 5664 2453 5716 enim
2474 5663 2640 5717 lectus
2670 5662 2867 5728 fuerit,
2900 5662 3026 5718 etin
3055 5677 3212 5716 aures
3241 5661 3479 5714 omnium
3502 5673 3587 5712 ve-

2011 5755 2148 5810 nerit
2167 5795 2180 5816 ,
2207 5754 2460 5810 confectis
2487 5755 2619 5808 actis
2651 5795 2666 5816 ,
2703 5769 2808 5808 non
2851 5753 3079 5822 amplius
3109 5752 3289 5806 licebit
3318 5791 3333 5816 ,
3361 5765 3480 5804 cum
3510 5750 3584 5802 sis

2017 5849 2316 5917 cpisc0pus,
2346 5846 2686 5903 abolitionem
2717 5857 2914 5917 petere.
2953 5843 3076 5900 Post
3122 5845 3234 5900 haec
3272 5856 3459 5899 rursus
3497 5841 3586 5896 ille
