4122 6386
527 315 596 373 Π
1553 311 1642 369 DE
1677 312 1838 368 VITA
1880 313 1936 367 S.
1977 309 2262 368 JOANNIS
2294 310 2807 369 CIIRYSOSTOMI.
3733 315 3796 368 ιε

522 433 698 503 ῆλιον,
727 430 813 486 ἱνα
857 431 932 502 μὴ
955 431 1082 496 τοὺς
1107 429 1330 502 νοητοὺς
1359 428 1668 504 καθυϐρίσῃ
1689 429 1902 493 πόνους.
1927 427 2112 481 Ταῦτα

523 517 582 572 δὲ
601 517 764 586 λέγω,
797 517 859 570 ού
890 516 1430 589 συμπεριλαμϐάνων
1478 517 1606 579 τοὺς
1647 515 1886 582 εὐλόγως
1916 514 2011 568 καὶ
2043 513 2109 566 δι’

525 601 772 672 ἀνάγκην
801 602 1088 668 κτίζοντας
1121 603 1154 675 ἢ
1189 600 1609 673 διορθουμένους
1643 599 1716 653 τά
1751 599 1852 670 τῆς
1886 598 2116 669 Ἐκκλη-

528 683 670 748 σίας,
703 683 841 738 άλλά
874 683 964 738 διὰ
985 687 1113 749 τοὺς
1141 685 1211 740 τὰ
1241 685 1348 740 τῶν
1375 682 1608 754 πτωχῶν
1646 685 1727 747 εἱς
1767 683 2116 754 κρεμαστοὺς

525 768 850 840 περιϐόλους
873 770 969 822 καὶ
1002 769 1204 840 ἀερίων
1232 769 1439 822 ὑδάτων
1465 766 1768 837 δεξαμενὰς
1794 769 1854 820 ἐν
1882 765 2117 837 τριωρό-

525 868 646 920 φοις
680 851 776 904 καὶ
804 851 1027 924 ἀπρεπῆ
1061 851 1403 924 ἀνδρογύνων
1438 851 1644 922 λουτρά
1685 851 1743 902 ἐν
1773 848 2116 921 ἀποκρύφοις

526 935 1045 1001 καταναλίσκοντας,
1071 936 1104 1007 ἢ
1135 937 1214 1000 εἰς
1245 934 1512 1006 συλλογὴν
1542 934 1787 998 πλείονος
1825 934 2110 1006 ἀργυρίου,

523 1017 558 1091 ἢ
593 1019 899 1090 τοῦμπαλιν
934 1020 1085 1090 παρά
1129 1020 1237 1072 τῶν
1267 1019 1600 1090 ἀθυρμάτων
1639 1019 2015 1089 ἀγαπηθῆναι,
2056 1019 2114 1071 ἐν

523 1102 674 1174 αὐτῷ
705 1103 878 1174 τούτῳ
905 1104 1007 1174 τῆς
1034 1103 1266 1173 σπουδῆς
1289 1103 1388 1173 τὴν
1425 1103 1584 1174 χάριν
1615 1102 2111 1172 ἀντιπληροῦντων,

524 1189 587 1242 τὸ
620 1201 646 1229 ⁸
688 1189 864 1242 πάντα
892 1191 1030 1260 πρὸς
1058 1188 1252 1259 ἡδονὴν
1303 1188 1568 1242 ἐνδιδόναι
1612 1191 1726 1250 τοῖς
1767 1188 2115 1257 ἁμαρτάνου-

527 1289 633 1329 σιν.
657 1273 812 1344 Ἐμοὶ⁵
839 1274 894 1327 δέ
933 1273 1008 1345 μὴ
1036 1273 1271 1342 γένοιτο,
1297 1273 1539 1344 Θεόδωρε
1577 1272 1958 1344 μεγαλώνυμε,
1981 1273 2114 1340 φαύ-

526 1356 640 1423 λοις
667 1358 867 1428 ἀρέσαι
906 1358 1037 1410 ποτέ
1059 1376 1070 1389 ·
1115 1359 1175 1411 ού
1212 1358 1323 1428 γὰρ
1356 1357 1577 1412 ἄλλοθεν
1615 1359 1801 1420 αὐτοῖς
1845 1356 2048 1429 ἁρέσω.
2078 1357 2111 1429 ἦ

526 1438 592 1495 ἐκ
643 1441 754 1495 τῶν
804 1440 1026 1513 Χριστῷ
1111 1442 1187 1513 μὴ
1259 1441 1623 1512 ἀρεσκόντων.
1699 1441 1757 1494 'U
1797 1442 2115 1498 ΔΙΑΚ.,ἐπὶ

527 1525 736 1586 τούτοις
767 1525 1072 1595 θαυμάσας,
1108 1527 1271 1597 ήρετο
1306 1526 1507 1593 λέγων·
1540 1525 1757 1578 Τούτων
1786 1524 1928 1578 οὕτω
1963 1542 2114 1593 φυσι-

527 1609 640 1671 κῶς
670 1609 1000 1680 εἱπμὲνων.
1035 1609 1130 1661 καὶ
1161 1611 1234 1680 μὴ
1276 1609 1510 1679 ἐχόντων
1554 1611 1906 1681 ἀντίρρησιν,
1946 1607 2001 1660 εί
2028 1610 2112 1671 τίς

530 1710 611 1747 σοι
639 1693 840 1761 γνῶσις
873 1694 1001 1764 περὶ
1038 1692 1143 1746 τῶν
1175 1694 1316 1746 κατά
1349 1694 1448 1763 τὴν
1492 1694 1674 1746 Ἀσίαν
1710 1694 1814 1745 ὑπὸ
1840 1693 1931 1746 τοῦ
1955 1693 2111 1760 ἁγίου

541 1778 809 1838 Ἰωάννου,
859 1777 988 1848 περὶ
1029 1769 1091 1829 οὗ
1130 1776 1225 1831 νῦν
1265 1779 1394 1848 ἡμῖν
1429 1780 1455 1830 6
1484 1777 1660 1844 λόγος.
1689 1777 2109 1846 τετυπωμένων,

530 1862 778 1932 μετάδος.
828 1863 886 1914 ’0
927 1862 1176 1915 ἘΠΙΣΚ.
1230 1862 1338 1916 Καὶ
1359 1863 1498 1915 πάνυ
1523 1879 1606 1929 γε.
1654 1862 1712 1913 'U
1735 1862 1914 1912 ΔΙΑΚ.
1944 1861 2113 1925 Αὐτὸς

529 1945 714 2018 παρὼν
741 1946 931 2013 ἔγνως,
958 1946 989 2018 ἢ
1011 1946 1139 2017 παρ’
1169 1947 1357 2017 ἐτέρου
1391 1946 1681 2017 μαθών;ὐ
1703 1944 1945 1998 ἘΠΙΣΚ.
1971 1944 2112 1998 Ἀλλ’

524 2029 650 2083 οὔτε
678 2031 757 2092 εἰς
784 2029 845 2082 τὸ
872 2029 1033 2100 τυχὸν
1059 2030 1224 2103 μέρος
1255 2031 1402 2100 ήμην
1434 2029 1784 2098 ἀπολειφθεὶς
1807 2029 1907 2098 τῆς
1933 2028 2109 2098 δίκης.

535 2114 596 2167 '0
624 2116 807 2168 AIAK.
853 2115 985 2167 Τίνα
1026 2111 1119 2168 οὖν
1139 2116 1257 2167 ἐστι
1293 2115 1362 2168 τά
1398 2115 1981 2186 παρακολουθήσαντα,
2019 2116 2112 2168 καὶ

526 2202 680 2255 ποῖον
712 2200 904 2270 εἴληφε
929 2199 1102 2264 τέλος,
1139 2200 1234 2253 καὶ
1257 2198 1422 2253 πόθεν
1455 2199 1554 2270 τὴν
1607 2200 1781 2272 ἀρχὴν
1815 2200 2108 2267 ἐσχηκότα,

524 2282 880 2354 λεπτομρῶς
912 2299 1002 2353 μοι
1033 2283 1386 2356 παράστησον
1409 2299 1420 2310 ·
1457 2283 1644 2352 ἐπειδὴ
1671 2284 1904 2354 μάλιστα
1929 2285 1957 2336 ὁ
1982 2282 2113 2335 Θεό-

527 2369 680 2438 φιλος
723 2370 780 2421 ἐν
819 2367 896 2439 τῷ
938 2369 1124 2439 οἰκείῳ
1172 2370 1566 2440 συγγράμματι
1600 2370 1698 2440 τὴν
1731 2369 1868 2422 ἰδίαν
1902 2371 2110 2438 προπέ-

526 2473 681 2508 τειαν
704 2454 965 2524 σεμνῦναι
998 2453 1030 2525 ἦ
1066 2454 1404 2524 περιστεῖλαι
1449 2454 1778 2516 σπουδάσας,
1812 2452 1982 2524 ἔφησε
2021 2453 2113 2505 τὸν

531 2539 800 2610 μακάριον
841 2537 1095 2608 Ἰωάννην
1129 2538 1418 2608 φιλαρχίας
1464 2537 1628 2591 πάθει
1667 2537 1982 2607 κινούμενον
2028 2535 2112 2588 δε-

526 2621 663 2686 καέξ
709 2622 1044 2687 ἐπισκόπους
1091 2624 1468 2697 καθῃρηκέναι
1502 2625 1562 2676 ἐν
1607 2622 1792 2694 ἡμέρᾳ
1837 2622 1955 2693 μιᾷ.
2018 2621 2113 2673 καὶ

529 2707 695 2771 ἰδίους
737 2706 853 2761 ἀντ’
909 2707 1090 2761 αὐτῶν
1153 2707 1678 2778 κεχειροτονηκέναι.
1742 2707 1799 2760 Ὀ
1859 2705 2107 2759 ἘΠΙΣΚ.

527 2793 694 2847 Οὐδὲν
726 2793 954 2856 ἀπεικὸς
982 2792 1089 2846 τῶν
1124 2792 1268 2847 ίδίων
1291 2793 1509 2863 τρόπων
1531 2791 1830 2862 πεποίηκεν
1851 2793 1879 2844 ό
1900 2789 2113 2860 θαυμά-

530 2895 664 2940 σιος,
707 2879 801 2930 κα)⁵
820 2876 1038 2947 γράψας
1071 2878 1214 2929 κατὰ
1256 2877 1525 2938 Ἰωάννου,
1559 2874 1839 2945 καὶψευδῆ
1870 2874 2107 2945 γράψας·

529 2960 590 3026 ἐξ
618 2955 692 3015 ὧν
725 2961 833 3032 γάρ
867 2961 1076 3030 νομίζει
1119 2960 1415 3014 καλύπτειν
1456 2961 1554 3030 τὴν
1608 2960 1742 3012 ίδίαν
1792 2957 2110 3029 ἀσχημοσύ-

527 3065 643 3117 νην,
669 3049 732 3100 ἐκ
756 3046 960 3098 τούτων
1005 3045 1172 3115 αὐτὴν
1217 3045 1413 3116 μᾶλλον
1464 3040 1976 3115 παραδειγματίζει,
2017 3043 2111 3094 καὶ

525 3132 677 3185 ἄκων
712 3129 989 3200 σεμνύνων
1011 3130 1073 3182 τὸ
1105 3129 1280 3181 ἀθῶον
1328 3128 1573 3182 Ἰωάννου
1609 3127 1751 3179 κατά
1775 3127 1865 3179 τὸν
1883 3125 2062 3178 Βαλαά
2073 3144 2110 3196 μ

525 3215 752 3267 ἐκεῖνον.
777 3213 839 3266 El
859 3211 970 3282 γὰρ
996 3207 1065 3281 ἦν
1088 3212 1250 3265 αὑτὸν
1272 3209 1536 3274 καθελὼν,
1567 3212 1626 3263 ού
1657 3210 1814 3280 χρεία
1839 3212 2114 3280 συγγράμ-

529 3314 699 3369 ματος
761 3297 1062 3370 ἢέξορίας,
1129 3297 1323 3366 ἱκανῆς
1381 3296 1549 3366 οὔσης
1595 3296 1696 3365 τῆς
1743 3296 2113 3364 καθαιρέσεως

527 3383 778 3453 αἰσχῦναι
805 3383 931 3446 τοὺς
958 3381 1419 3453 καθαιρουμένους
1442 3397 1454 3408 ·
1494 3381 1680 3450 ἐπειδὴ
1723 3381 1778 3433 δὲ
1817 3379 2112 3451 άκαθαίρε-

527 3483 617 3531 τος
639 3468 872 3539 ’έστηκεν
900 3469 929 3520 6
957 3467 1232 3536 ἐνάρετος.
1263 3469 1329 3536 τῇ
1368 3466 1506 3536 ἥττῃ
1529 3464 1626 3534 τὴν
1654 3465 1810 3534 νίκην
1845 3463 2109 3534 κατέχων,

529 3553 681 3623 μένει
705 3555 734 3606 6
761 3551 951 3621 φθόνος
974 3551 1072 3620 τὴν
1094 3547 1263 3620 ἧτταν
1295 3551 1396 3620 τῆς
1416 3549 1614 3617 ἀλόγου
1643 3549 1800 3620 νίκης
1838 3548 2114 3619 ἀποφερό-

532 3653 710 3708 μενος,
736 3635 1084 3707 πομφόλυγος
1115 3636 1271 3706 δίκην
1294 3635 1744 3704 ἀναφυσώμενος,
1770 3634 1864 3686 καὶ
1883 3636 1963 3696 εἰς
1987 3634 2113 3686 ἐαυ-

528 3719 622 3774 τὸν
648 3720 1083 3790 συντριόόμενος,
1117 3719 1346 3790 γράφων
1370 3719 1464 3771 καὶ
1497 3717 1887 3788 καταγράφων,
1924 3717 1986 3770 τὸ
2015 3716 2110 3770 τοῦ

531 3805 806 3876 προφήτου
855 3803 1101 3856 Ἦσαῖου·
1129 3803 1262 3856 0ύαὶ
1305 3805 1332 3856 6
1371 3802 1754 3872 ἐπισπώμενος
1792 3802 1854 3855 τὸ
1880 3802 1908 3842 b
1932 3801 2114 3856 πάντα

529 3888 698 3959 ψευδῆ
725 3887 820 3941 καὶ
850 3891 1021 3941 ποιεῖν
1049 3889 1142 3940 καὶ
1166 3886 1349 3955 λέγειν
1370 3886 1466 3939 καὶ
1495 3887 1748 3958 γράφειν·
1781 3887 1928 3941 Οὐαὶ
1979 3887 2110 3956 γὰρ,

529 3973 714 4045 φησὶν,
756 3975 810 4026 οὶ
837 3972 1198 4042 γράφοντες·
1240 3973 1537 4037 πονηρίαν
1593 3971 1705 4041 γὰρ
1751 3972 2107 4042 γράφουσι-ν.

529 4058 663 4129 Περὶ
695 4057 750 4109 δὲ
784 4055 892 4109 τῶν
929 4056 1070 4109 κατά
1115 4055 1298 4108 Ἀσίαν
1330 4053 1766 4125 καθαιρεθέντων
1810 4055 1870 4108 ού
1896 4055 2109 4122 δεκαέξ,

528 4139 663 4194 άλλά
684 4140 743 4207 ἓξ
767 4138 1101 4203 ἐπισκόπων,
1135 4139 1210 4201 ὼς
1241 4139 1333 4191 ἐπὶ
1362 4137 1460 4208 τῆς
1493 4137 1642 4200 θείας
1669 4136 1823 4208 δίκης
1853 4138 1983 4209 ἐρῶ,
2020 4140 2112 4192 καὶ

527 4225 649 4280 οὔτε
682 4236 704 4264 ο
737 4226 836 4296 τῆς
873 4224 1171 4294 ποσότητος
1208 4220 1303 4274 τοῦ
1334 4219 1568 4292 ἀριθμοῦ
1615 4219 1828 4290 ὐφελῶ,
1871 4220 1930 4274 οῦ
1959 4239 2011 4274 τι
2044 4224 2108 4293 τῇ

528 4311 773 4382 ποιότητι
812 4309 920 4364 τῶν
962 4309 1307 4379 πραγμάτιον
1353 4305 1687 4378 προσθήσω,
1729 4305 1862 4362 ἀλλ’,
1885 4304 1961 4368 ὡς
1998 4306 2110 4376 ἔχει

527 4397 760 4466 φύσεως,
786 4395 928 4448 οῦτω
962 4412 1043 4447 σοι
1071 4393 1410 4462 ἀπαγγείλω.
1459 4392 1583 4444 Ἐπὶ
1605 4391 1703 4460 τῆς
1730 4391 2113 4462 τρισκαιδεκά-

525 4498 624 4552 της
666 4481 1045 4550 ἐπινεμήσεως
1077 4479 1136 4530 ἐν
1155 4479 1220 4548 τῇ
1258 4476 1831 4530 Κωνσταντινουπόλει
1863 4477 2111 4542 ἐλθόντες

523 4567 572 4618 οί
600 4563 710 4617 άπὸ
740 4563 838 4633 τῆς
869 4560 1056 4624 Ἀσίας
1077 4560 1239 4613 τινῶν
1267 4559 1430 4612 ἓνεκα
1457 4559 1794 4628 ἀναγκαίων,
1842 4559 2110 4632 διέτριϐον

526 4648 622 4702 σὺν
649 4649 800 4716 ἡμῖν,
831 4638 1115 4715 παρόντων
1155 4643 1250 4696 καὶ
1297 4644 1499 4714 ἐτέρων
1539 4645 1876 4707 ἐπισκόπων,
1907 4643 2016 4696 τῶν
2048 4662 2108 4698 τε

524 4730 633 4784 ἀπὸ
662 4729 916 4791 Σκυθίας,
939 4727 1204 4797 Θεοτίμου
1227 4725 1393 4794 λέγω,
1434 4727 1527 4779 καὶ
1567 4727 1674 4779 ἀπὸ
1712 4727 1936 4798 Θράκης
1967 4729 2030 4778 Ἀ
2043 4745 2110 4796 μ-

526 4831 701 4885 μωνος
725 4811 820 4865 τοῦ
851 4810 1172 4879 Αἰγυπτίου,
1195 4809 1290 4862 καὶ
1323 4809 1432 4861 ἀπὸ
1457 4809 1726 4873 Γαλατίας
1759 4810 1812 4862 Ἀ
1825 4809 2106 4881 ραϐιανοῦ,

523 4901 740 4954 πάντων
797 4895 1210 4969 μητροπολιτῶν
1254 4895 1667 4966 γεγηρακότων,
1725 4895 2108 4949 συντεινόντων

521 4984 601 5047 εἱς
654 4981 921 5034 εἰκοσιδύο
965 4979 1318 5041 ἐπισκόπους.
1360 4979 1586 5032 Πάντων
1613 4977 1670 5031 δὲ
1721 4978 2108 5048 συναγομένων

522 5072 617 5124 καὶ
647 5067 1047 5123 κοινωνούντων
1075 5069 1409 5138 ἐπιτηρήσας
1441 5065 1701 5128 Εύσέδιός
1737 5083 1820 5128 τις
1853 5066 1960 5118 ἀπὺ
1999 5065 2108 5117 τῶν

519 5157 836 5213 Κελϐιανῶν
887 5156 1197 5227 λεγομένων
1232 5156 1412 5209 τόπων
1468 5157 1766 5218 ἐπίσκοπος
1813 5154 2104 5208 Ούαλεντι-

518 5246 841 5308 νουπόλεως,
873 5243 974 5314 τὴν
1003 5243 1347 5314 συνηγμένην
1379 5242 1595 5296 σύνοδον
1633 5240 1862 5306 ἐπιστὰς
1905 5244 1969 5313 τῇ
2009 5243 2108 5314 μιᾷ.

518 5332 818 5393 Σαϐϐάτου,
847 5330 1124 5394 λιὸέλλους
1150 5331 1390 5384 ἐπέδωκε
1411 5333 1476 5402 τῇ
1507 5331 1730 5402 συνόδῳ,
1755 5330 1956 5402 δηλαδὴ
1979 5332 2109 5384 ἀκο-

516 5419 720 5483 λούθως
754 5419 1026 5489 προτάξας
1061 5419 1122 5471 τὸ
1147 5418 1316 5489 όνομα
1351 5419 1622 5480 Ἰωάννου,
1655 5417 1798 5471 κατά
1855 5417 2104 5470 Ἀντωνί-

519 5527 608 5562 νου
631 5507 728 5562 τοῦ
750 5507 1017 5576 Ἐφεσίων
1040 5507 1363 5570 ἐπισκόπου,
1397 5507 1536 5560 ἐπτά
1558 5505 1829 5569 κεφάλαια
1854 5502 2100 5569 ἐντάξας·

516 5597 582 5650 ἓν
607 5595 727 5669 μὲν,
766 5597 849 5649 ὅτι
888 5594 1148 5666 κειμήλια
1185 5593 1483 5665 χωνεύσας,
1537 5591 1800 5664 ἀργύριον
1823 5593 1902 5654 εἰς
1935 5593 2104 5664 ὄνομα

581 5759 606 5790 ι
625 5757 725 5819 Sic,
745 5757 966 5817 quamvis
985 5755 1203 5805 dativum
1227 5755 1556 5817 grammaticae
1574 5755 1717 5819 leges
1745 5753 2018 5818 poslulent.

575 5825 609 5862 ιι
632 5818 728 5870 Cfr.
754 5825 917 5866 nolam
945 5820 1328 5879 praecedenlem.

577 5886 602 5916 ⁶
628 5879 781 5934 Fort:
816 5880 901 5944 leg
943 5881 998 5929 οὗ
1020 5895 1080 5929 τι.

2221 425 2313 480 τοῦ
2343 427 2460 480 υἱοῦ
2498 427 2934 480 κατεσκεύασεν·
2981 425 3231 496 δεύτερον
3277 427 3355 488 δὲ,
3395 427 3478 480 δτι
3531 443 3800 500 μαρμαρα

2214 510 2313 580 τῆς
2351 511 2556 564 είσόδου
2583 510 2680 564 τοῦ
2715 510 3082 580 βαπτιστῆρος
3106 509 3284 563 λαϐὼν
3319 513 3375 562 ἐν
3410 509 3486 581 τῷ
3533 509 3802 583 βαλανείῳ

2214 593 2291 662 τῷ
2320 593 2432 662 ἱδίιε)
2466 593 2834 662 προσέθηκεν·
2871 591 3062 645 ἔπειτα
3087 592 3272 655 κίονας
3310 593 3801 660 ἐκκλησιαστικοὺς

2212 677 2324 731 ’ἀπὸ
2360 678 2622 731 πλειόνων
2665 679 2801 733 ἐτῶν
2846 679 3168 748 κειμένους,
3201 678 3348 731 ἔνδον
3375 681 3456 741 εἰς
3482 679 3575 731 τὸν
3605 678 3801 732 ἐαυτοῦ

2213 763 2485 834 τρίκλινον
2509 764 2763 834 ἔστησεν·
2791 765 3074 835 τέταρτον,
3110 764 3192 816 ὅτι
3224 766 3252 816 6
3279 766 3412 826 παῖς
3439 763 3604 817 αὐτοῦ
3640 763 3801 833 φόνον

2215 847 2483 917 πεποίηκε
2510 889 2525 910 ,
2562 849 2656 900 καὶ
2687 847 2800 918 ἔχει
2846 847 3007 900 αὑτὸν
3037 848 3095 899 ἐν
3122 849 3188 916 τῇ
3224 847 3500 919 ὑπηρεσίᾳ
3530 848 3804 920 ἀνέγκληο

2211 949 2336 984 τον·
2404 934 2652 1000 πέμπτον
2679 977 2692 993 ,
2735 934 2818 986 ὅτι
2863 932 3038 1003 χωρία
3077 933 3182 985 ὑπὸ
3223 931 3535 1002 Βασιλίνης,
3566 934 3664 1004 τῆς
3698 951 3805 1004 μη-

2212 1014 2341 1085 τρός
2377 1017 2664 1071 Ἰουλιανοῦ
2689 1018 2784 1070 τοῦ
2815 1017 3098 1087 βασιλέως,
3130 1017 3564 1085 καταλειφθέντα
3595 1021 3662 1088 τῇ
3685 1017 3803 1072 Ἐκ-

2213 1099 2432 1172 κλησίᾳ,
2471 1100 2727 1171 πωλήσας
2759 1100 3149 1171 ἐσφετερίσατο
3172 1118 3184 1130 ·
3215 1100 3394 1162 ἕκτον,
3422 1102 3505 1153 ὅτι
3529 1101 3801 1167 ἀποταξά-

2217 1200 2378 1254 μενος
2396 1188 2494 1255 τῆς
2523 1185 2726 1248 οἰκείας
2751 1185 3020 1256 γαμετῆς,
3051 1185 3212 1238 πάλιν
3235 1187 3372 1258 αὐτῇ
3400 1187 3682 1256 συνῆλθεν,
3704 1191 3802 1243 καὶ

2213 1269 2631 1341 ἐπαιδοποίησεν
2665 1269 2724 1333 ἐξ
2754 1270 2960 1339 αὐτῆς·
2989 1269 3240 1340 ἕϐδομον,
3289 1272 3370 1324 ὅτι
3399 1271 3474 1334 ὡς
3508 1271 3670 1341 νόμον
3706 1275 3802 1326 καὶ

2211 1350 2387 1422 δόγμα
2428 1354 2542 1423 ἔχει
2593 1352 2792 1406 πωλεῖν
2821 1353 2921 1416 τὰς
2950 1351 3056 1405 τῶν
3119 1355 3432 1407 ἐπισκόπων
3463 1356 3800 1426 χειροτονίας

2214 1438 2356 1492 κατά
2377 1439 2477 1510 τὴν
2505 1438 2615 1492 τῶν
2645 1439 2922 1510 προσόδων
2952 1437 3263 1506 ἀναλογίαν.
3304 1439 3414 1492 Καὶ
3444 1441 3696 1510 πάρεισιν
3749 1442 3799 1494 οί

2211 1518 2394 1584 δόντες
2449 1524 2545 1576 καὶ
2588 1521 3080 1593 χειροτονηθέντες,
3123 1523 3218 1574 καὶ
3271 1521 3536 1575 όλαϐών·
3578 1525 3672 1578 καὶ
3707 1526 3800 1578 ἐπὶ

2211 1602 2420 1668 τούτοις
2451 1605 2558 1676 ἔχω
2583 1605 2680 1669 τάς
2704 1602 3025 1669 ἀποδείξεις.

2285 1690 2437 1742 ΚΕΦ.
2475 1689 2572 1743 1Δ’.
2592 1721 2656 1730 —
2683 1689 2739 1742 'U
2765 1690 2949 1741 AIAK.
2985 1687 3317 1759 Παρακαλῶ,
3345 1690 3547 1762 Πάτερ,
3586 1691 3801 1747 σύστει-

2211 1773 2301 1826 λον
2326 1774 2386 1826 τὸ
2417 1775 2660 1846 διήγημα
2691 1775 2852 1828 τοῦτο
2873 1790 2886 1804 ·
2919 1773 3246 1844 βλάπτονται
3272 1774 3382 1846 γάρ
3421 1777 3468 1828 οἱ
3496 1777 3796 1849 παρόντες,

2213 1860 2530 1912 ἐπισκόπων
2571 1859 2746 1912 ταῦτα
2781 1859 3154 1930 διηγουμένων
3177 1900 3192 1924 ,
3236 1860 3370 1930 μήτι
3403 1877 3465 1929 γε
3491 1862 3588 1916 καὶ
3624 1880 3800 1936 πρατ-

2212 1943 2433 1996 τόντων.
2470 1945 2528 1995 Ὁ
2577 1943 2826 1996 ἘΠΙΣΚ.
2855 1943 3016 2012 υῖμοι
3051 1941 3216 2006 τάλας
3247 1941 3358 2012 ἐγὼ
3389 1943 3652 2016 τηρηθεὶς
3680 1951 3800 2011 ταῖς

2213 2027 2448 2098 ἡμέραις
2467 2027 2712 2091 ταύταις,
2741 2029 2798 2080 ἐν
2819 2021 2905 2092 αἷς
2921 2028 3172 2099 ἀργυρίῳ
3205 2029 3471 2100 ἱερωσύνη
3498 2032 3801 2102 πιπράσκε·

2212 2128 2324 2174 ται,
2344 2111 2396 2163 εῖ
2408 2128 2471 2180 γε
2495 2112 2590 2166 καὶ
2613 2111 2900 2184 ἱερωσύνη.
2921 2111 3198 2180 Γέγοναδέ
3225 2114 3316 2166 καὶ
3341 2114 3528 2185 ἄφρων
3581 2117 3800 2187 διηγού-

2216 2212 2377 2265 μενος
2425 2195 2534 2248 τῶν
2568 2195 2821 2266 Ἰωάννην
2848 2195 3328 2264 συκοφαντούντων
3353 2200 3435 2260 είς
3462 2198 3632 2254 ταῦτα
3649 2203 3797 2272 ἡμᾶς

2213 2279 2684 2349 περιστησάντων.
2703 2279 2850 2351 Πλὴν
2876 2278 3242 2350 μακροθύμως
3261 2281 3499 2351 ἀνάσχου
3534 2300 3624 2352 μοι
3641 2283 3690 2348 ἀ,
3710 2285 3799 2338 ἵνα

2212 2365 2306 2417 καὶ
2359 2365 2422 2417 ἐκ
2467 2363 2673 2418 τούτων
2724 2364 3016 2437 θαυμάσῃς
3056 2364 3153 2436 τὴν
3195 2366 3440 2419 Ἰωάννου
3473 2367 3798 2440 ἐπιείκειαν,

2211 2448 2553 2519 κοιμήσαντα
2600 2448 2740 2511 τέως
2768 2448 2858 2500 τὸν
2905 2448 3086 2519 ζῆλον,
3143 2449 3368 2502 εἰπόντα
3413 2449 3470 2502 δὲ
3511 2450 3588 2521 τῷ
3626 2451 3800 2506 Εὐσε-

2210 2531 2312 2600 ϐίῳ
2335 2549 2348 2561 ·
2398 2531 2620 2601 Ἀδελφέ
2638 2532 2886 2598 Εύσέϐιε,
2917 2533 3108 2604 ἐπειδὴ
3141 2533 3398 2597 πολλάκις
3430 2537 3484 2589 αἱ
3519 2536 3662 2590 κατὰ
3706 2538 3802 2590 λύ-

2211 2636 2321 2689 πην
2376 2617 2702 2688 κατηγορίαι
2757 2617 2858 2670 οὐκ
2903 2617 3147 2689 εὐχερεῖς
3185 2618 3367 2688 έχουσι
3421 2621 3523 2683 τὰς
3579 2622 3798 2676 ἀποδεί-

2211 2701 2340 2767 ξεις,
2375 2701 2763 2774 παρακέκλησο
2797 2701 3108 2755 παύσασθαι
3142 2702 3236 2755 τοῦ
3289 2704 3584 2773 ἐγγράφως
3610 2724 3797 2761 κατει-

2211 2791 2334 2840 πεῖν
2367 2787 2462 2841 τοῦ
2507 2786 2738 2856 ἀδελφοῦ
2788 2787 3140 2850 Ἀντωνίνου,
3185 2787 3344 2857 ἡμῶν
3394 2790 3460 2841 τά
3510 2789 3658 2843 αἴτια
3697 2792 3798 2860 τῆς

2211 2871 2388 2943 λύπης
2443 2872 2862 2943 διορθουμένων.
2930 2871 3074 2941 Πρὸς
3133 2871 3342 2935 τούτοις
3381 2871 3798 2944 διαθερμανθεὶς

2210 2957 2469 3028 τραχέσιν
2503 2957 2773 3028 ἐκέχρητο
2800 2956 3006 3023 λόγοις,
3051 2954 3339 3025 σφαδάζων
3378 2956 3498 3021 ὅλος
3530 2959 3674 3012 κατά
3701 2960 3795 3014 τοῦ

2223 3042 2577 3105 Ἀντωνίνου,
2613 3043 2886 3112 ἐπιμένων
2938 3044 3004 3112 τῇ
3050 3041 3374 3112 κατηγορίᾳ.
3421 3042 3738 3113 Παρακαλεῖ
3768 3046 3798 3097 6

2223 3126 2478 3198 Ἰωάννης
2508 3124 2719 3178 Παῦλον
2756 3125 2848 3177 τὸν
2891 3124 3217 3195 Ἡρακλείας
3246 3125 3443 3189 (ἐδόκει
3483 3127 3592 3196 γὰρ
3628 3121 3796 3180 σπου-

2210 3211 2393 3276 δάζειν
2425 3210 2504 3281 τῷ
2555 3210 2911 3281 Ἀντωνίνῳ),
2961 3210 3028 3262 ἵν’
3072 3210 3151 3272 εἰς
3191 3208 3372 3276 φιλίαν
3422 3211 3618 3275 αὐτοὺς
3671 3230 3798 3266 συν-

2209 3296 2400 3367 ελάσῃ.
2437 3294 2547 3348 Καὶ
2580 3294 2818 3358 ἀναστὰς
2849 3292 3096 3364 εἱσῆλθεν
3134 3294 3212 3356 εἰς
3236 3291 3336 3362 τὴν
3369 3294 3663 3364 ἐκκλησίαν
3699 3298 3798 3350 σὺν

2210 3384 2322 3444 τοῖς
2355 3380 2711 3443 ἐπισκόποις·
2743 3375 2810 3451 ῆν
2841 3379 2948 3450 γάρ
2986 3379 3175 3451 καιρὸς
3208 3378 3310 3449 τῆς
3341 3379 3610 3450 ίερατεὶας
3631 3396 3644 3409 ·
3675 3381 3799 3446 δοὺς

2210 3466 2267 3518 δέ
2311 3465 2389 3535 τῷ
2425 3465 2541 3535 λαῷ
2589 3464 2688 3534 τὴν
2736 3463 2944 3533 συνήθη
3002 3463 3099 3534 τῆς
3142 3464 3367 3535 εἰρήνης
3400 3466 3794 3538 προσηγορίαν,

2213 3550 2432 3604 ἐκάθισε
2470 3550 2567 3602 σὺν
2595 3551 2709 3610 τοῖς
2737 3547 2942 3609 λοιποῖς
2973 3549 3310 3610 ἐπισκόποις.
3354 3549 3711 3603 Ἐπεισελθὼν
3739 3552 3796 3605 δέ

2211 3633 2513 3704 λεληθότως
2533 3635 2562 3686 6
2583 3632 2890 3704 κατήγορος
2920 3630 3180 3694 Εὐσέϐιος
3203 3631 3294 3683 ἐπὶ
3318 3633 3520 3696 παντὸς
3547 3634 3642 3686 τοῦ
3666 3633 3794 3688 λαοῦ

2212 3718 2308 3770 καί
2351 3717 2456 3769 τῶν
2510 3716 2825 3770 ἐπισκόπων
2875 3713 3181 3768 ἐπιδίδωσιν
3222 3714 3406 3786 ἓτερον
3445 3715 3686 3771 λίϐελλον
3728 3722 3798 3773 τά

2212 3801 2350 3855 αὑτά
2383 3802 2725 3871 περιέχοντα,
2757 3800 2990 3871 ὁρκίζων
3023 3800 3113 3852 τὸν
3162 3800 3413 3870 Ἰωάννην
3446 3801 3641 3871 ὅρκους
3673 3821 3800 3874 φρι-

2212 3888 2397 3949 κτους,
2430 3885 2744 3956 συμπλέξας
2776 3886 2960 3949 αὐτοῖς
2994 3885 3088 3938 καὶ
3115 3885 3216 3953 τὴν
3254 3887 3531 3957 σωτηρίαν
3563 3887 3672 3941 τῶν
3705 3888 3801 3957 βα-

2212 3971 2426 4036 σιλέων,
2456 3970 2594 4041 μετά
2614 3970 2816 4040 πολλῆς
2845 3970 3089 4040 ταραχῆς
3107 3987 3122 4002 ·
3149 3970 3222 4033 ὼς
3247 3970 3464 4041 νομίσαι
3490 3973 3616 4036 τοὺς
3635 3971 3798 4038 λαοὺς

2211 4054 2638 4124 διαπτοηθέντας
2665 4055 2757 4106 ἐπὶ
2789 4052 2868 4123 τῷ
2909 4052 3106 4124 ἰταμῷ,
3137 4054 3219 4106 ὃτι
3251 4053 3482 4106 θανάτου
3513 4057 3798 4128 συγχώρη-

2214 4155 2297 4191 σιν
2327 4137 2634 4209 παρακαλεῖ
2658 4137 2879 4208 αἰτῆσαι
2909 4137 2999 4190 τὸν
3035 4135 3260 4207 βασιλέα
3297 4138 3387 4190 τὸν
3427 4139 3698 4208 Ἰωάννην.
3739 4139 3798 4193 Ὀ

2243 4225 2267 4277 ἐ
2318 4223 2571 4294 Ἰωάννης
2596 4221 2932 4292 θεασάμενος
2961 4223 3059 4291 τὴν
3094 4221 3344 4274 ἔνστασιν
3373 4222 3468 4274 τοῦ
3494 4223 3705 4293 ἀνδρὸς,
3737 4225 3799 4277 τὸ

2211 4309 2483 4380 ἀτάραχον
2512 4306 2794 4378 μνώμενος
2831 4306 2910 4375 τῷ
2941 4306 3075 4376 λαῷ,
3111 4305 3325 4370 ἐδέξατο
3354 4307 3416 4358 τὸ
3447 4306 3672 4376 βιδλίον,
3704 4310 3802 4362 καὶ

2214 4392 2352 4463 μετά
2371 4392 2440 4445 τά
2457 4389 2860 4460 ἀναγνώσματα
2877 4389 2983 4441 τῶν
3007 4389 3168 4486 ίδίων
3188 4389 3383 4457 λογίων
3409 4391 3800 4461 παρακαλέσας

2211 4476 2513 4542 Πανσόφιον
2543 4476 2634 4528 τὸν
2660 4475 2920 4543 Πισσίδης
2947 4475 3285 4544 πρδαγαγείν
3317 4477 3386 4529 τά
3415 4475 3566 4545 δῶρα
3587 4516 3600 4535 .
3633 4478 3801 4541 αὐτὸς

2212 4559 2533 4629 συνεξῆλθεν
2572 4561 2684 4621 τοῖς
2713 4557 2921 4619 λοιποῖς
2955 4557 3306 4620 ἐπισκόποις·
3341 4563 3640 4630 παρῃτεῖτο
3688 4562 3800 4633 γάρ

2209 4645 2474 4707 ἐπιθόλως
2497 4641 2818 4714 ἱερατεύειν,
2851 4641 2992 4694 κατά
3020 4642 3080 4694 τὸ
3107 4642 3458 4710 Εύαγγέλιον,
3493 4645 3574 4705 τὸ,
3610 4645 3800 4700 ’Ὅταν

2211 4728 2558 4799 προσφέρῃς
2578 4730 2640 4781 τὸ
2669 4725 2862 4792 δῶρόν
2887 4740 3025 4786 σου,
3060 4726 3152 4777 καὶ
3179 4724 3246 4777 τά
3273 4725 3417 4794 ἐξῆς.
3453 4725 3558 4780 Καὶ
3584 4729 3798 4782 διασκε-

2207 4815 2449 4883 ψάμενος
2491 4811 2628 4882 μετά
2656 4810 2753 4881 τὴν
2778 4809 2909 4863 λαοῦ
2945 4809 3240 4871 ἀπόλυσιν,
3285 4810 3574 4876 καθεσθείς
3623 4815 3682 4866 ὲν
3721 4815 3800 4886 τῷ

2211 4897 2562 4968 φωτιστηρίῳ
2591 4896 2689 4948 σὺν
2712 4898 2820 4958 τοῖς
2842 4895 3050 4956 λοιποῖς
3079 4895 3419 4958 ἐπισκόποις,
3443 4897 3536 4949 τὸν
3559 4901 3798 4966 κατήγο‹

2211 4999 2303 5053 ρον
2326 4979 2736 5052 προσκαλεῖται,
2761 4979 2941 5048 φήσας
2964 4977 3113 5047 αύτῷ
3136 4979 3227 5031 ἐπὶ
3243 4980 3480 5033 πάντων·
3503 4981 3614 5035 Καὶ
3635 4981 3800 5036 πάλιν

2211 5057 2290 5118 σοι
2317 5064 2385 5117 τά
2406 5063 2546 5116 αύτά
2560 5062 2725 5130 λέγω,
2750 5063 2832 5115 ὅτι
2858 5061 3042 5114 πολλοὶ
3059 5062 3167 5115 άπὸ
3188 5061 3365 5134 λύπης
3388 5063 3418 5132 ἢ
3438 5066 3604 5134 ὀργῆς
3631 5065 3806 5120 πολλὰ

2208 5152 2302 5202 καὶ
2329 5149 2546 5218 λέγουσι
2569 5148 2664 5200 καὶ
2687 5149 3010 5220 γράφουσιν,
3040 5148 3356 5210 άτονοῦντες
3388 5150 3516 5220 περὶ
3542 5150 3640 5213 τὰς
3661 5152 3799 5203 ἁπο-

2205 5233 2420 5299 δεὶξεις.
2457 5233 2518 5284 EE
2553 5232 2728 5284 τοίνυν
2758 5231 2943 5301 σαφῶς
2974 5233 3300 5294 ἐπίστασαι,
3331 5233 3461 5304 περὶ
3499 5227 3573 5285 ὧν
3619 5232 3805 5302 βούλει

2207 5320 2534 5389 κατηγορεῖν
2570 5315 2730 5387 (οὒτε
2762 5316 2872 5388 γάρ
2905 5318 3202 5387 δυνάμενον
3237 5317 3603 5387 ἀπωθούμεθα
3624 5357 3637 5378 ,
3674 5316 3799 5371 οὔτε

2211 5404 2286 5473 μὴ
2320 5401 2618 5472 δυνάμενον
2653 5401 2883 5471 ἕλκομεν
2910 5404 2950 5470 ),
2985 5403 3116 5473 πρὶν
3149 5403 3563 5473 ἀναγνωσθῆναι
3599 5404 3692 5456 τὸν
3727 5403 3806 5455 λί-

2210 5485 2419 5547 ϐελλον,
2453 5483 2670 5548 ἐκλέξαι
2701 5485 2762 5536 τὸ
2793 5485 3071 5555 συμφέρον
3091 5503 3104 5516 ·
3140 5484 3279 5555 μετά
3307 5486 3414 5559 γάρ
3453 5487 3512 5538 τὸ
3549 5488 3798 5554 ἀναγνω-

2208 5570 2401 5640 σθῆναι
2437 5568 2531 5622 καὶ
2563 5570 2642 5631 εἰς
2682 5567 2850 5632 ἁκοάς
2887 5571 3106 5622 πάντων
3155 5569 3329 5622 ἐλθεῖν
3351 5611 3365 5632 ,
3405 5571 3803 5641 πραττομένων

2209 5652 2659 5723 ὑπομνημάτων,
2700 5652 2885 5705 οὐκέτι
2921 5669 3006 5705 σοι
3051 5653 3259 5717 ἔξεστιν
3283 5693 3296 5717 ,
3340 5654 3624 5726 ἐπισκόπῳ
3653 5656 3767 5708 ὄντι

2210 5740 2397 5811 ζητεῖν
2432 5739 2812 5811 άῦουλητίονα.
2847 5741 2972 5795 Ἐπὶ
3004 5742 3216 5806 τούτοις
3250 5742 3413 5798 πάλιν
3443 5744 3696 5816 ἐνέμεινε
3729 5748 3798 5819 τῇ

2271 5874 2296 5916 ά
2319 5875 2608 5943 Legendum
2632 5895 2741 5941 μου,
2761 5886 2813 5930 el
2834 5893 2943 5930 mox
2971 5881 3276 5944 κοιμίσαντος
3301 5887 3355 5932 et
3377 5883 3604 5940 εἰπόντος.
