  <div class='ocr_page' id='page_1' title='image "/cluster/home/n/w/nwhite01/storage/ocr_20150623/47/nnc1.0046978321/105.png"; bbox 0 0 4122 6386; ppageno 0'>
   <div class='ocr_carea' id='block_1_1' title="bbox 304 236 3564 305">
    <p class='ocr_par' dir='ltr' id='par_1_1' title="bbox 304 236 3564 305">
     <span class='ocr_line' id='line_1_1' title="bbox 304 236 3564 305; baseline -0.003 -1"><span class='ocrx_word' id='word_1_1' title='bbox 304 247 375 305; x_wconf 72' lang='grc' dir='ltr'>ιθ</span> <span class='ocrx_word' id='word_1_2' title='bbox 1581 239 1903 298; x_wconf 61' lang='grc' dir='ltr'>Ρλιμωιι</span> <span class='ocrx_word' id='word_1_3' title='bbox 1939 239 2291 299; x_wconf 74' lang='grc' dir='ltr'>ωωευε</span> <span class='ocrx_word' id='word_1_4' title='bbox 3492 236 3564 294; x_wconf 69' lang='grc' dir='ltr'>Μ.</span> 
     </span>
    </p>
   </div>
   <div class='ocr_carea' id='block_1_2' title="bbox 298 351 1877 428">
    <p class='ocr_par' dir='ltr' id='par_1_2' title="bbox 298 351 1877 428">
     <span class='ocr_line' id='line_1_2' title="bbox 298 351 1877 428; baseline -0.004 -12"><span class='ocrx_word' id='word_1_5' title='bbox 298 357 569 417; x_wconf 78' lang='grc' dir='ltr'>ἐνστάσει.</span> <span class='ocrx_word' id='word_1_6' title='bbox 615 355 762 428; x_wconf 75' lang='grc' dir='ltr'>Πρὸς</span> <span class='ocrx_word' id='word_1_7' title='bbox 799 351 880 419; x_wconf 79' lang='grc' dir='ltr'>οἷς</span> <span class='ocrx_word' id='word_1_8' title='bbox 908 355 1222 409; x_wconf 82' lang='grc' dir='ltr'>κελεύουσιν</span> <span class='ocrx_word' id='word_1_9' title='bbox 1252 355 1664 426; x_wconf 76' lang='grc' dir='ltr'>ἀναγνωσθῆναι</span> <span class='ocrx_word' id='word_1_10' title='bbox 1693 358 1755 410; x_wconf 84' lang='grc' dir='ltr'>τὸ</span> <span class='ocrx_word' id='word_1_11' title='bbox 1798 355 1877 427; x_wconf 84' lang='grc' dir='ltr'>βι-</span> 
     </span>
    </p>
   </div>
   <div class='ocr_carea' id='block_1_3' title="bbox 299 438 1875 511">
    <p class='ocr_par' dir='ltr' id='par_1_3' title="bbox 299 438 1875 511">
     <span class='ocr_line' id='line_1_3' title="bbox 299 438 1875 511; baseline -0.001 -17"><span class='ocrx_word' id='word_1_12' title='bbox 299 442 445 494; x_wconf 90' lang='grc' dir='ltr'>ϐλίον</span> <span class='ocrx_word' id='word_1_13' title='bbox 464 460 479 473; x_wconf 90' lang='grc'><strong>·</strong></span> <span class='ocrx_word' id='word_1_14' title='bbox 508 438 824 511; x_wconf 78' lang='grc' dir='ltr'>ἀνεγνώσθη</span> <span class='ocrx_word' id='word_1_15' title='bbox 857 439 926 493; x_wconf 87' lang='grc' dir='ltr'>τά</span> <span class='ocrx_word' id='word_1_16' title='bbox 959 441 1331 511; x_wconf 83' lang='grc' dir='ltr'>προειρημένα</span> <span class='ocrx_word' id='word_1_17' title='bbox 1356 439 1645 509; x_wconf 87' lang='grc' dir='ltr'>κεφάλαια.</span> <span class='ocrx_word' id='word_1_18' title='bbox 1670 441 1875 509; x_wconf 86' lang='grc' dir='ltr'>Λέγου-</span> 
     </span>
    </p>
   </div>
   <div class='ocr_carea' id='block_1_4' title="bbox 300 521 1882 596">
    <p class='ocr_par' dir='ltr' id='par_1_4' title="bbox 300 521 1882 596">
     <span class='ocr_line' id='line_1_4' title="bbox 300 521 1882 596; baseline -0.001 -17"><span class='ocrx_word' id='word_1_19' title='bbox 300 543 387 579; x_wconf 88' lang='grc' dir='ltr'>σιν</span> <span class='ocrx_word' id='word_1_20' title='bbox 433 525 483 577; x_wconf 89' lang='grc' dir='ltr'>οί</span> <span class='ocrx_word' id='word_1_21' title='bbox 525 523 782 595; x_wconf 81' lang='grc' dir='ltr'>γέροντες</span> <span class='ocrx_word' id='word_1_22' title='bbox 813 521 923 576; x_wconf 87' lang='grc' dir='ltr'>τῶν</span> <span class='ocrx_word' id='word_1_23' title='bbox 954 523 1268 577; x_wconf 84' lang='grc' dir='ltr'>ἐπισκόπων</span> <span class='ocrx_word' id='word_1_24' title='bbox 1299 523 1378 594; x_wconf 84' lang='grc' dir='ltr'>τῷ</span> <span class='ocrx_word' id='word_1_25' title='bbox 1418 523 1641 596; x_wconf 77' lang='grc' dir='ltr'>Ἰωάννῃ</span> <span class='ocrx_word' id='word_1_26' title='bbox 1661 566 1676 589; x_wconf 91' lang='grc'>,</span> <span class='ocrx_word' id='word_1_27' title='bbox 1712 523 1882 578; x_wconf 84' lang='grc' dir='ltr'>ἀκού-</span> 
     </span>
    </p>
   </div>
   <div class='ocr_carea' id='block_1_5' title="bbox 301 606 1882 680">
    <p class='ocr_par' dir='ltr' id='par_1_5' title="bbox 301 606 1882 680">
     <span class='ocr_line' id='line_1_5' title="bbox 301 606 1882 680; baseline -0.001 -17"><span class='ocrx_word' id='word_1_28' title='bbox 301 625 497 672; x_wconf 85' lang='grc' dir='ltr'>σαντες</span> <span class='ocrx_word' id='word_1_29' title='bbox 522 607 622 680; x_wconf 77' lang='grc' dir='ltr'>τὴν</span> <span class='ocrx_word' id='word_1_30' title='bbox 666 606 899 678; x_wconf 89' lang='grc' dir='ltr'>δύναμιν</span> <span class='ocrx_word' id='word_1_31' title='bbox 932 607 1028 661; x_wconf 91' lang='grc' dir='ltr'>τοῦ</span> <span class='ocrx_word' id='word_1_32' title='bbox 1069 607 1307 678; x_wconf 86' lang='grc' dir='ltr'>βιϐλίου·</span> <span class='ocrx_word' id='word_1_33' title='bbox 1344 608 1411 663; x_wconf 75' lang='lat' dir='ltr'>El</span> <span class='ocrx_word' id='word_1_34' title='bbox 1442 610 1535 661; x_wconf 76' lang='grc' dir='ltr'>καὶ</span> <span class='ocrx_word' id='word_1_35' title='bbox 1573 608 1882 680; x_wconf 79' lang='grc' dir='ltr'>ταμάλιστα</span> 
     </span>
    </p>
   </div>
   <div class='ocr_carea' id='block_1_6' title="bbox 299 688 1881 762">
    <p class='ocr_par' dir='ltr' id='par_1_6' title="bbox 299 688 1881 762">
     <span class='ocr_line' id='line_1_6' title="bbox 299 688 1881 762; baseline 0 -18"><span class='ocrx_word' id='word_1_36' title='bbox 299 692 359 744; x_wconf 81' lang='grc' dir='ltr'>ἓν</span> <span class='ocrx_word' id='word_1_37' title='bbox 388 688 483 743; x_wconf 90' lang='grc' dir='ltr'>τοῦ</span> <span class='ocrx_word' id='word_1_38' title='bbox 513 690 631 753; x_wconf 78' lang='grc' dir='ltr'>ἐνὸς</span> <span class='ocrx_word' id='word_1_39' title='bbox 664 689 960 758; x_wconf 77' lang='grc' dir='ltr'>κεφαλαίου</span> <span class='ocrx_word' id='word_1_40' title='bbox 992 690 1252 755; x_wconf 87' lang='grc' dir='ltr'>δυσσεϐές</span> <span class='ocrx_word' id='word_1_41' title='bbox 1279 691 1417 753; x_wconf 91' lang='grc' dir='ltr'>ἐστι,</span> <span class='ocrx_word' id='word_1_42' title='bbox 1445 692 1541 745; x_wconf 78' lang='grc' dir='ltr'>καῖ</span> <span class='ocrx_word' id='word_1_43' title='bbox 1569 692 1881 762; x_wconf 83' lang='grc' dir='ltr'>ἀπηγορευ-</span> 
     </span>
    </p>
   </div>
   <div class='ocr_carea' id='block_1_7' title="bbox 304 772 1875 845">
    <p class='ocr_par' dir='ltr' id='par_1_7' title="bbox 304 772 1875 845">
     <span class='ocr_line' id='line_1_7' title="bbox 304 772 1875 845; baseline 0 -18"><span class='ocrx_word' id='word_1_44' title='bbox 304 773 466 844; x_wconf 83' lang='grc' dir='ltr'>μένον</span> <span class='ocrx_word' id='word_1_45' title='bbox 488 773 822 842; x_wconf 78' lang='grc' dir='ltr'>πανταχόθεν</span> <span class='ocrx_word' id='word_1_46' title='bbox 844 775 957 836; x_wconf 85' lang='grc' dir='ltr'>τοῖς</span> <span class='ocrx_word' id='word_1_47' title='bbox 979 772 1144 842; x_wconf 84' lang='grc' dir='ltr'>ἱεροῖς</span> <span class='ocrx_word' id='word_1_48' title='bbox 1172 774 1377 844; x_wconf 90' lang='grc' dir='ltr'>νόμοις,</span> <span class='ocrx_word' id='word_1_49' title='bbox 1411 774 1499 826; x_wconf 83' lang='grc' dir='ltr'>ἵνα</span> <span class='ocrx_word' id='word_1_50' title='bbox 1522 773 1579 827; x_wconf 87' lang='grc' dir='ltr'>δέ</span> <span class='ocrx_word' id='word_1_51' title='bbox 1617 772 1693 845; x_wconf 84' lang='grc' dir='ltr'>μὴ</span> <span class='ocrx_word' id='word_1_52' title='bbox 1715 773 1875 838; x_wconf 82' lang='grc' dir='ltr'>δόξω-</span> 
     </span>
    </p>
   </div>
   <div class='ocr_carea' id='block_1_8' title="bbox 262 854 1883 927">
    <p class='ocr_par' dir='ltr' id='par_1_8' title="bbox 262 854 1883 927">
     <span class='ocr_line' id='line_1_8' title="bbox 262 854 1883 927; baseline 0 -18"><span class='ocrx_word' id='word_1_53' title='bbox 262 892 266 895; x_wconf 94' lang='grc'><strong><em>-</em></strong></span> <span class='ocrx_word' id='word_1_54' title='bbox 304 873 406 926; x_wconf 90' lang='grc' dir='ltr'>μεν</span> <span class='ocrx_word' id='word_1_55' title='bbox 435 857 493 909; x_wconf 91' lang='grc' dir='ltr'>ἐν</span> <span class='ocrx_word' id='word_1_56' title='bbox 522 858 633 918; x_wconf 90' lang='grc' dir='ltr'>τοῖς</span> <span class='ocrx_word' id='word_1_57' title='bbox 656 854 1050 925; x_wconf 81' lang='grc' dir='ltr'>ὑποϐεϐληκόσι</span> <span class='ocrx_word' id='word_1_58' title='bbox 1071 866 1097 896; x_wconf 77' lang='grc' dir='ltr'>ι</span> <span class='ocrx_word' id='word_1_59' title='bbox 1130 856 1229 926; x_wconf 79' lang='grc' dir='ltr'>τὴν</span> <span class='ocrx_word' id='word_1_60' title='bbox 1256 854 1473 909; x_wconf 72' lang='grc' dir='ltr'>ἅπασαν</span> <span class='ocrx_word' id='word_1_61' title='bbox 1498 855 1691 927; x_wconf 82' lang='grc' dir='ltr'>σχολὴν</span> <span class='ocrx_word' id='word_1_62' title='bbox 1715 860 1883 910; x_wconf 83' lang='grc' dir='ltr'>ποιεῖ-</span> 
     </span>
    </p>
   </div>
   <div class='ocr_carea' id='block_1_9' title="bbox 303 937 1880 1011">
    <p class='ocr_par' dir='ltr' id='par_1_9' title="bbox 303 937 1880 1011">
     <span class='ocr_line' id='line_1_9' title="bbox 303 937 1880 1011; baseline 0.001 -19"><span class='ocrx_word' id='word_1_63' title='bbox 303 939 449 1005; x_wconf 87' lang='grc' dir='ltr'>σθαι,</span> <span class='ocrx_word' id='word_1_64' title='bbox 496 937 604 992; x_wconf 86' lang='grc' dir='ltr'>ἀπὸ</span> <span class='ocrx_word' id='word_1_65' title='bbox 632 938 726 990; x_wconf 87' lang='grc' dir='ltr'>τοῦ</span> <span class='ocrx_word' id='word_1_66' title='bbox 749 937 1182 1009; x_wconf 86' lang='grc' dir='ltr'>φρικωδεστέρου</span> <span class='ocrx_word' id='word_1_67' title='bbox 1210 938 1243 1009; x_wconf 90' lang='grc' dir='ltr'>ή</span> <span class='ocrx_word' id='word_1_68' title='bbox 1281 937 1525 1002; x_wconf 76' lang='grc' dir='ltr'>ἐξέτασις</span> <span class='ocrx_word' id='word_1_69' title='bbox 1545 939 1787 1011; x_wconf 85' lang='grc' dir='ltr'>γένηται.</span> <span class='ocrx_word' id='word_1_70' title='bbox 1818 941 1880 994; x_wconf 75' lang='lat' dir='ltr'>EE</span> 
     </span>
    </p>
   </div>
   <div class='ocr_carea' id='block_1_10' title="bbox 300 1020 1882 1095">
    <p class='ocr_par' dir='ltr' id='par_1_10' title="bbox 300 1020 1882 1095">
     <span class='ocr_line' id='line_1_10' title="bbox 300 1020 1882 1095; baseline 0.002 -20"><span class='ocrx_word' id='word_1_71' title='bbox 300 1022 412 1094; x_wconf 86' lang='grc' dir='ltr'>γὰρ</span> <span class='ocrx_word' id='word_1_72' title='bbox 446 1023 621 1076; x_wconf 87' lang='grc' dir='ltr'>ἐκεῖνο</span> <span class='ocrx_word' id='word_1_73' title='bbox 669 1020 868 1090; x_wconf 83' lang='grc' dir='ltr'>ἀληθὲς</span> <span class='ocrx_word' id='word_1_74' title='bbox 908 1020 1157 1092; x_wconf 74' lang='grc' dir='ltr'>εὑρεθείη</span> <span class='ocrx_word' id='word_1_75' title='bbox 1179 1060 1194 1084; x_wconf 92' lang='grc'>,</span> <span class='ocrx_word' id='word_1_76' title='bbox 1230 1022 1331 1075; x_wconf 87' lang='grc' dir='ltr'>οὑκ</span> <span class='ocrx_word' id='word_1_77' title='bbox 1365 1021 1513 1076; x_wconf 78' lang='grc' dir='ltr'>ἔστιν</span> <span class='ocrx_word' id='word_1_78' title='bbox 1562 1025 1882 1095; x_wconf 79' lang='grc' dir='ltr'>ἀντίρρησις</span> 
     </span>
    </p>
   </div>
   <div class='ocr_carea' id='block_1_11' title="bbox 302 1105 1881 1179">
    <p class='ocr_par' dir='ltr' id='par_1_11' title="bbox 302 1105 1881 1179">
     <span class='ocr_line' id='line_1_11' title="bbox 302 1105 1881 1179; baseline 0.003 -19"><span class='ocrx_word' id='word_1_79' title='bbox 302 1107 434 1179; x_wconf 78' lang='grc' dir='ltr'>περὶ</span> <span class='ocrx_word' id='word_1_80' title='bbox 463 1105 573 1159; x_wconf 89' lang='grc' dir='ltr'>τῶν</span> <span class='ocrx_word' id='word_1_81' title='bbox 610 1106 812 1159; x_wconf 83' lang='grc' dir='ltr'>λοιπῶν</span> <span class='ocrx_word' id='word_1_82' title='bbox 845 1105 1177 1175; x_wconf 79' lang='grc' dir='ltr'>κεφαλαίων,</span> <span class='ocrx_word' id='word_1_83' title='bbox 1203 1107 1304 1178; x_wconf 87' lang='grc' dir='ltr'>τῆς</span> <span class='ocrx_word' id='word_1_84' title='bbox 1338 1107 1495 1179; x_wconf 79' lang='grc' dir='ltr'>ῥίζης</span> <span class='ocrx_word' id='word_1_85' title='bbox 1541 1110 1753 1163; x_wconf 83' lang='grc' dir='ltr'>ἐκείνου</span> <span class='ocrx_word' id='word_1_86' title='bbox 1785 1111 1881 1165; x_wconf 91' lang='grc' dir='ltr'>τοῦ</span> 
     </span>
    </p>
   </div>
   <div class='ocr_carea' id='block_1_12' title="bbox 302 1186 1882 1263">
    <p class='ocr_par' dir='ltr' id='par_1_12' title="bbox 302 1186 1882 1263">
     <span class='ocr_line' id='line_1_12' title="bbox 302 1186 1882 1263; baseline 0.001 -16"><span class='ocrx_word' id='word_1_87' title='bbox 302 1190 597 1260; x_wconf 80' lang='grc' dir='ltr'>κεφαλαίου</span> <span class='ocrx_word' id='word_1_88' title='bbox 627 1192 734 1244; x_wconf 83' lang='grc' dir='ltr'>πᾶν</span> <span class='ocrx_word' id='word_1_89' title='bbox 754 1186 894 1254; x_wconf 77' lang='grc' dir='ltr'>εἶδος</span> <span class='ocrx_word' id='word_1_90' title='bbox 911 1190 1110 1253; x_wconf 81' lang='grc' dir='ltr'>κακίας</span> <span class='ocrx_word' id='word_1_91' title='bbox 1128 1191 1607 1263; x_wconf 87' lang='grc' dir='ltr'>καρποφορούσης,</span> <span class='ocrx_word' id='word_1_92' title='bbox 1630 1193 1775 1247; x_wconf 82' lang='grc' dir='ltr'>κατὰ</span> <span class='ocrx_word' id='word_1_93' title='bbox 1791 1195 1882 1248; x_wconf 82' lang='grc' dir='ltr'>τὸν</span> 
     </span>
    </p>
   </div>
   <div class='ocr_carea' id='block_1_13' title="bbox 302 1272 1878 1347">
    <p class='ocr_par' dir='ltr' id='par_1_13' title="bbox 302 1272 1878 1347">
     <span class='ocr_line' id='line_1_13' title="bbox 302 1272 1878 1347; baseline 0.003 -19"><span class='ocrx_word' id='word_1_94' title='bbox 302 1275 544 1329; x_wconf 71' lang='grc' dir='ltr'>εἰπόνταο</span> <span class='ocrx_word' id='word_1_95' title='bbox 580 1273 734 1334; x_wconf 77' lang='grc' dir='ltr'>Ῥίζα</span> <span class='ocrx_word' id='word_1_96' title='bbox 759 1272 1001 1328; x_wconf 76' lang='grc' dir='ltr'>πάντων</span> <span class='ocrx_word' id='word_1_97' title='bbox 1022 1273 1227 1327; x_wconf 75' lang='grc' dir='ltr'>κακῶν</span> <span class='ocrx_word' id='word_1_98' title='bbox 1243 1274 1416 1328; x_wconf 80' lang='grc' dir='ltr'>ἐστιν</span> <span class='ocrx_word' id='word_1_99' title='bbox 1438 1277 1477 1344; x_wconf 76' lang='grc' dir='ltr'>ἡ</span> <span class='ocrx_word' id='word_1_100' title='bbox 1500 1278 1878 1347; x_wconf 69' lang='grc' dir='ltr'>φιλαργυρία.</span> 
     </span>
    </p>
   </div>
   <div class='ocr_carea' id='block_1_14' title="bbox 315 1356 1880 1431">
    <p class='ocr_par' dir='ltr' id='par_1_14' title="bbox 315 1356 1880 1431">
     <span class='ocr_line' id='line_1_14' title="bbox 315 1356 1880 1431; baseline 0.001 -17"><span class='ocrx_word' id='word_1_101' title='bbox 315 1360 376 1414; x_wconf 88' lang='lat'>&#39;0</span> <span class='ocrx_word' id='word_1_102' title='bbox 396 1360 506 1431; x_wconf 86' lang='grc' dir='ltr'>γὰρ</span> <span class='ocrx_word' id='word_1_103' title='bbox 543 1358 629 1411; x_wconf 83' lang='grc' dir='ltr'>ἐπ’</span> <span class='ocrx_word' id='word_1_104' title='bbox 657 1356 855 1422; x_wconf 82' lang='grc' dir='ltr'>ἀθώοις</span> <span class='ocrx_word' id='word_1_105' title='bbox 891 1357 1041 1430; x_wconf 89' lang='grc' dir='ltr'>δῶρα</span> <span class='ocrx_word' id='word_1_106' title='bbox 1077 1357 1287 1422; x_wconf 84' lang='grc' dir='ltr'>λαϐὼν,</span> <span class='ocrx_word' id='word_1_107' title='bbox 1334 1360 1430 1413; x_wconf 80' lang='grc' dir='ltr'>καὶ</span> <span class='ocrx_word' id='word_1_108' title='bbox 1456 1360 1554 1429; x_wconf 84' lang='grc' dir='ltr'>τὴν</span> <span class='ocrx_word' id='word_1_109' title='bbox 1598 1359 1692 1414; x_wconf 92' lang='grc' dir='ltr'>τοῦ</span> <span class='ocrx_word' id='word_1_110' title='bbox 1724 1361 1880 1430; x_wconf 87' lang='grc' dir='ltr'>ἁγίου</span> 
     </span>
    </p>
   </div>
   <div class='ocr_carea' id='block_1_15' title="bbox 300 1442 1880 1517">
    <p class='ocr_par' dir='ltr' id='par_1_15' title="bbox 300 1442 1880 1517">
     <span class='ocr_line' id='line_1_15' title="bbox 300 1442 1880 1517; baseline 0.001 -19"><span class='ocrx_word' id='word_1_111' title='bbox 300 1443 619 1516; x_wconf 84' lang='grc' dir='ltr'>Πνεύματος</span> <span class='ocrx_word' id='word_1_112' title='bbox 646 1442 907 1513; x_wconf 83' lang='grc' dir='ltr'>διανομὴν</span> <span class='ocrx_word' id='word_1_113' title='bbox 932 1444 1181 1515; x_wconf 87' lang='grc' dir='ltr'>ἀργυρίῳ</span> <span class='ocrx_word' id='word_1_114' title='bbox 1205 1443 1596 1515; x_wconf 83' lang='grc' dir='ltr'>ἀπεμπολῆσαι</span> <span class='ocrx_word' id='word_1_115' title='bbox 1629 1446 1880 1517; x_wconf 79' lang='grc' dir='ltr'>νομίσας,</span> 
     </span>
    </p>
   </div>
   <div class='ocr_carea' id='block_1_16' title="bbox 302 1527 1883 1602">
    <p class='ocr_par' dir='ltr' id='par_1_16' title="bbox 302 1527 1883 1602">
     <span class='ocr_line' id='line_1_16' title="bbox 302 1527 1883 1602; baseline 0.003 -21"><span class='ocrx_word' id='word_1_116' title='bbox 302 1528 422 1592; x_wconf 91' lang='grc' dir='ltr'>πῶς</span> <span class='ocrx_word' id='word_1_117' title='bbox 437 1528 680 1598; x_wconf 85' lang='grc' dir='ltr'>φείσεται</span> <span class='ocrx_word' id='word_1_118' title='bbox 697 1527 776 1581; x_wconf 78' lang='grc' dir='ltr'>ἐτι</span> <span class='ocrx_word' id='word_1_119' title='bbox 787 1527 1083 1597; x_wconf 90' lang='grc' dir='ltr'>κειμηλίων</span> <span class='ocrx_word' id='word_1_120' title='bbox 1104 1528 1137 1598; x_wconf 77' lang='grc' dir='ltr'><strong>ἢ</strong></span> <span class='ocrx_word' id='word_1_121' title='bbox 1157 1528 1365 1600; x_wconf 85' lang='grc' dir='ltr'>λίθωνῆ</span> <span class='ocrx_word' id='word_1_122' title='bbox 1393 1530 1608 1602; x_wconf 80' lang='grc' dir='ltr'>χωρίων</span> <span class='ocrx_word' id='word_1_123' title='bbox 1629 1531 1727 1600; x_wconf 85' lang='grc' dir='ltr'>τῆς</span> <span class='ocrx_word' id='word_1_124' title='bbox 1763 1532 1883 1584; x_wconf 89' lang='grc' dir='ltr'>Ἐκ-</span> 
     </span>
    </p>
   </div>
   <div class='ocr_carea' id='block_1_17' title="bbox 303 1611 1879 1684">
    <p class='ocr_par' dir='ltr' id='par_1_17' title="bbox 303 1611 1879 1684">
     <span class='ocr_line' id='line_1_17' title="bbox 303 1611 1879 1684; baseline 0.002 -18"><span class='ocrx_word' id='word_1_125' title='bbox 303 1613 562 1683; x_wconf 85' lang='grc' dir='ltr'>κλησίας;</span> <span class='ocrx_word' id='word_1_126' title='bbox 607 1611 742 1666; x_wconf 86' lang='grc' dir='ltr'>Τότε</span> <span class='ocrx_word' id='word_1_127' title='bbox 775 1614 803 1666; x_wconf 95' lang='lat'>6</span> <span class='ocrx_word' id='word_1_128' title='bbox 849 1611 1103 1682; x_wconf 86' lang='grc' dir='ltr'>Ἰωάννης</span> <span class='ocrx_word' id='word_1_129' title='bbox 1139 1611 1363 1683; x_wconf 77' lang='grc' dir='ltr'>ἄρχεται</span> <span class='ocrx_word' id='word_1_130' title='bbox 1395 1613 1495 1684; x_wconf 88' lang='grc' dir='ltr'>τῆς</span> <span class='ocrx_word' id='word_1_131' title='bbox 1540 1613 1839 1680; x_wconf 76' lang='grc' dir='ltr'>ἐξετάσεως</span> <span class='ocrx_word' id='word_1_132' title='bbox 1862 1656 1879 1679; x_wconf 94' lang='grc'>,</span> 
     </span>
    </p>
   </div>
   <div class='ocr_carea' id='block_1_18' title="bbox 304 1694 1882 1769">
    <p class='ocr_par' dir='ltr' id='par_1_18' title="bbox 304 1694 1882 1769">
     <span class='ocr_line' id='line_1_18' title="bbox 304 1694 1882 1769; baseline 0.001 -19"><span class='ocrx_word' id='word_1_133' title='bbox 304 1699 484 1768; x_wconf 83' lang='grc' dir='ltr'>φήσας</span> <span class='ocrx_word' id='word_1_134' title='bbox 511 1695 589 1767; x_wconf 82' lang='grc' dir='ltr'>τῷ</span> <span class='ocrx_word' id='word_1_135' title='bbox 634 1694 932 1764; x_wconf 84' lang='grc' dir='ltr'>Ἀντωνίνῳ</span> <span class='ocrx_word' id='word_1_136' title='bbox 951 1714 963 1726; x_wconf 92' lang='grc'>·</span> <span class='ocrx_word' id='word_1_137' title='bbox 988 1695 1053 1749; x_wconf 89' lang='grc' dir='ltr'>Τί</span> <span class='ocrx_word' id='word_1_138' title='bbox 1082 1695 1262 1765; x_wconf 89' lang='grc' dir='ltr'>λέγεις</span> <span class='ocrx_word' id='word_1_139' title='bbox 1301 1697 1438 1769; x_wconf 83' lang='grc' dir='ltr'>πρὸς</span> <span class='ocrx_word' id='word_1_140' title='bbox 1463 1696 1656 1764; x_wconf 87' lang='grc' dir='ltr'>ταῦτα,</span> <span class='ocrx_word' id='word_1_141' title='bbox 1685 1699 1882 1769; x_wconf 90' lang='grc' dir='ltr'>ἀδελφέ</span> 
     </span>
    </p>
   </div>
   <div class='ocr_carea' id='block_1_19' title="bbox 317 1776 1881 1852">
    <p class='ocr_par' dir='ltr' id='par_1_19' title="bbox 317 1776 1881 1852">
     <span class='ocr_line' id='line_1_19' title="bbox 317 1776 1881 1852; baseline 0.003 -20"><span class='ocrx_word' id='word_1_142' title='bbox 317 1780 632 1844; x_wconf 74' lang='grc' dir='ltr'>Ἀντωνῖνες</span> <span class='ocrx_word' id='word_1_143' title='bbox 676 1780 978 1850; x_wconf 85' lang='grc' dir='ltr'>Ἦρνήσατο</span> <span class='ocrx_word' id='word_1_144' title='bbox 1006 1778 1065 1844; x_wconf 78' lang='grc' dir='ltr'>ἐξ</span> <span class='ocrx_word' id='word_1_145' title='bbox 1098 1778 1364 1850; x_wconf 83' lang='grc' dir='ltr'>ἀνάγκης.</span> <span class='ocrx_word' id='word_1_146' title='bbox 1391 1780 1516 1844; x_wconf 87' lang='grc' dir='ltr'>Πῶς</span> <span class='ocrx_word' id='word_1_147' title='bbox 1543 1781 1652 1852; x_wconf 82' lang='grc' dir='ltr'>γὰρ</span> <span class='ocrx_word' id='word_1_148' title='bbox 1685 1776 1793 1835; x_wconf 73' lang='grc' dir='ltr'>οἶόν</span> <span class='ocrx_word' id='word_1_149' title='bbox 1822 1799 1881 1836; x_wconf 87' lang='grc' dir='ltr'>τε</span> 
     </span>
    </p>
   </div>
   <div class='ocr_carea' id='block_1_20' title="bbox 303 1862 1878 1936">
    <p class='ocr_par' dir='ltr' id='par_1_20' title="bbox 303 1862 1878 1936">
     <span class='ocr_line' id='line_1_20' title="bbox 303 1862 1878 1936; baseline 0.002 -19"><span class='ocrx_word' id='word_1_150' title='bbox 303 1866 369 1918; x_wconf 83' lang='grc' dir='ltr'>ἐκ</span> <span class='ocrx_word' id='word_1_151' title='bbox 394 1864 695 1935; x_wconf 75' lang='grc' dir='ltr'>προοιμίων</span> <span class='ocrx_word' id='word_1_152' title='bbox 717 1862 898 1916; x_wconf 83' lang='grc' dir='ltr'>αὑτῶν</span> <span class='ocrx_word' id='word_1_153' title='bbox 926 1863 1025 1934; x_wconf 77' lang='grc' dir='ltr'>τὴν</span> <span class='ocrx_word' id='word_1_154' title='bbox 1052 1863 1186 1917; x_wconf 88' lang='grc' dir='ltr'>ίδίαν</span> <span class='ocrx_word' id='word_1_155' title='bbox 1217 1862 1481 1936; x_wconf 78' lang='grc' dir='ltr'>αἰσχύνην</span> <span class='ocrx_word' id='word_1_156' title='bbox 1509 1865 1840 1936; x_wconf 86' lang='grc' dir='ltr'>ὁμολογῆσαι</span> <span class='ocrx_word' id='word_1_157' title='bbox 1864 1884 1878 1932; x_wconf 92' lang='lat'><strong>;</strong></span> 
     </span>
    </p>
   </div>
   <div class='ocr_carea' id='block_1_21' title="bbox 316 1938 1882 2021">
    <p class='ocr_par' dir='ltr' id='par_1_21' title="bbox 316 1938 1882 2021">
     <span class='ocr_line' id='line_1_21' title="bbox 316 1938 1882 2021; baseline 0.002 -19"><span class='ocrx_word' id='word_1_158' title='bbox 316 1950 708 2021; x_wconf 86' lang='grc' dir='ltr'>Ἦρωτήθησαν</span> <span class='ocrx_word' id='word_1_159' title='bbox 729 1951 775 2002; x_wconf 76' lang='grc' dir='ltr'>οξ</span> <span class='ocrx_word' id='word_1_160' title='bbox 797 1949 1110 2013; x_wconf 80' lang='grc' dir='ltr'>δεδωκότες,</span> <span class='ocrx_word' id='word_1_161' title='bbox 1132 1950 1440 2021; x_wconf 74' lang='grc' dir='ltr'>ἠρνήσαντο</span> <span class='ocrx_word' id='word_1_162' title='bbox 1458 1938 1719 2005; x_wconf 79' lang='grc' dir='ltr'>κάκεῖνοι.</span> <span class='ocrx_word' id='word_1_163' title='bbox 1757 1951 1882 2005; x_wconf 72' lang='grc' dir='ltr'>Ἐπὶ</span> 
     </span>
    </p>
   </div>
   <div class='ocr_carea' id='block_1_22' title="bbox 303 2032 1883 2107">
    <p class='ocr_par' dir='ltr' id='par_1_22' title="bbox 303 2032 1883 2107">
     <span class='ocr_line' id='line_1_22' title="bbox 303 2032 1883 2107; baseline 0 -19"><span class='ocrx_word' id='word_1_164' title='bbox 303 2033 513 2097; x_wconf 80' lang='grc' dir='ltr'>τούτοις</span> <span class='ocrx_word' id='word_1_165' title='bbox 554 2032 829 2106; x_wconf 75' lang='grc' dir='ltr'>ἐπιμελῶς</span> <span class='ocrx_word' id='word_1_166' title='bbox 871 2033 970 2101; x_wconf 90' lang='grc' dir='ltr'>τῆς</span> <span class='ocrx_word' id='word_1_167' title='bbox 1018 2033 1317 2097; x_wconf 77' lang='grc' dir='ltr'>ἐξετάσεως</span> <span class='ocrx_word' id='word_1_168' title='bbox 1358 2034 1648 2106; x_wconf 82' lang='grc' dir='ltr'>γινομένης</span> <span class='ocrx_word' id='word_1_169' title='bbox 1689 2035 1883 2107; x_wconf 87' lang='grc' dir='ltr'>μέχρις</span> 
     </span>
    </p>
   </div>
   <div class='ocr_carea' id='block_1_23' title="bbox 303 2115 1877 2189">
    <p class='ocr_par' dir='ltr' id='par_1_23' title="bbox 303 2115 1877 2189">
     <span class='ocr_line' id='line_1_23' title="bbox 303 2115 1877 2189; baseline 0.001 -19"><span class='ocrx_word' id='word_1_170' title='bbox 303 2116 454 2187; x_wconf 84' lang='grc' dir='ltr'>ῶρας</span> <span class='ocrx_word' id='word_1_171' title='bbox 479 2116 691 2188; x_wconf 82' lang='grc' dir='ltr'>ὀγδόης,</span> <span class='ocrx_word' id='word_1_172' title='bbox 722 2118 786 2171; x_wconf 89' lang='grc' dir='ltr'>ἐκ</span> <span class='ocrx_word' id='word_1_173' title='bbox 813 2115 1128 2188; x_wconf 81' lang='grc' dir='ltr'>τεκμηρίων</span> <span class='ocrx_word' id='word_1_174' title='bbox 1150 2117 1311 2169; x_wconf 89' lang='grc' dir='ltr'>τινῶν</span> <span class='ocrx_word' id='word_1_175' title='bbox 1341 2116 1647 2187; x_wconf 90' lang='grc' dir='ltr'>ἐμορφοῦτο</span> <span class='ocrx_word' id='word_1_176' title='bbox 1674 2120 1705 2189; x_wconf 85' lang='grc' dir='ltr'><strong>ἡ</strong></span> <span class='ocrx_word' id='word_1_177' title='bbox 1733 2118 1877 2188; x_wconf 89' lang='grc' dir='ltr'>δίκη.</span> 
     </span>
    </p>
   </div>
   <div class='ocr_carea' id='block_1_24' title="bbox 304 2198 1882 2273">
    <p class='ocr_par' dir='ltr' id='par_1_24' title="bbox 304 2198 1882 2273">
     <span class='ocr_line' id='line_1_24' title="bbox 304 2198 1882 2273; baseline 0.001 -19"><span class='ocrx_word' id='word_1_178' title='bbox 304 2198 617 2271; x_wconf 81' lang='grc' dir='ltr'>Καταλήγει</span> <span class='ocrx_word' id='word_1_179' title='bbox 637 2198 706 2253; x_wconf 85' lang='grc' dir='ltr'>τά</span> <span class='ocrx_word' id='word_1_180' title='bbox 725 2201 1027 2262; x_wconf 88' lang='grc' dir='ltr'>τελευταῖα,</span> <span class='ocrx_word' id='word_1_181' title='bbox 1055 2198 1131 2262; x_wconf 89' lang='grc' dir='ltr'>ώς</span> <span class='ocrx_word' id='word_1_182' title='bbox 1158 2199 1325 2265; x_wconf 75' lang='grc' dir='ltr'>εἰκὸς,</span> <span class='ocrx_word' id='word_1_183' title='bbox 1356 2202 1435 2264; x_wconf 88' lang='grc' dir='ltr'>είς</span> <span class='ocrx_word' id='word_1_184' title='bbox 1469 2201 1772 2272; x_wconf 88' lang='grc' dir='ltr'>μάρτυρας,</span> <span class='ocrx_word' id='word_1_185' title='bbox 1796 2205 1882 2273; x_wconf 83' lang='grc' dir='ltr'>ἐφ’</span> 
     </span>
    </p>
   </div>
   <div class='ocr_carea' id='block_1_25' title="bbox 305 2276 1884 2357">
    <p class='ocr_par' dir='ltr' id='par_1_25' title="bbox 305 2276 1884 2357">
     <span class='ocr_line' id='line_1_25' title="bbox 305 2276 1884 2357; baseline 0.002 -20"><span class='ocrx_word' id='word_1_186' title='bbox 305 2276 381 2337; x_wconf 80' lang='grc' dir='ltr'>ὧν</span> <span class='ocrx_word' id='word_1_187' title='bbox 408 2282 505 2337; x_wconf 70' lang='grc' dir='ltr'>καὶ</span> <span class='ocrx_word' id='word_1_188' title='bbox 529 2282 794 2337; x_wconf 79' lang='grc' dir='ltr'>δεδώκασι</span> <span class='ocrx_word' id='word_1_189' title='bbox 819 2282 913 2338; x_wconf 75' lang='grc' dir='ltr'>καὶ</span> <span class='ocrx_word' id='word_1_190' title='bbox 940 2282 1180 2353; x_wconf 75' lang='grc' dir='ltr'>εἴληφεν.</span> <span class='ocrx_word' id='word_1_191' title='bbox 1210 2282 1285 2336; x_wconf 87' lang='grc' dir='ltr'>Οὑ</span> <span class='ocrx_word' id='word_1_192' title='bbox 1315 2284 1571 2356; x_wconf 86' lang='grc' dir='ltr'>παρῆσαν</span> <span class='ocrx_word' id='word_1_193' title='bbox 1603 2287 1651 2338; x_wconf 88' lang='grc' dir='ltr'>οί</span> <span class='ocrx_word' id='word_1_194' title='bbox 1683 2287 1884 2357; x_wconf 87' lang='grc' dir='ltr'>μάρτυ-</span> 
     </span>
    </p>
   </div>
   <div class='ocr_carea' id='block_1_26' title="bbox 310 2364 1882 2438">
    <p class='ocr_par' dir='ltr' id='par_1_26' title="bbox 310 2364 1882 2438">
     <span class='ocr_line' id='line_1_26' title="bbox 310 2364 1882 2438; baseline 0.003 -20"><span class='ocrx_word' id='word_1_195' title='bbox 310 2381 434 2437; x_wconf 84' lang='grc' dir='ltr'>ρες·</span> <span class='ocrx_word' id='word_1_196' title='bbox 468 2366 624 2438; x_wconf 85' lang='grc' dir='ltr'>χρεία</span> <span class='ocrx_word' id='word_1_197' title='bbox 653 2365 861 2435; x_wconf 87' lang='grc' dir='ltr'>γίνεται</span> <span class='ocrx_word' id='word_1_198' title='bbox 900 2367 1000 2437; x_wconf 88' lang='grc' dir='ltr'>τῆς</span> <span class='ocrx_word' id='word_1_199' title='bbox 1032 2364 1238 2419; x_wconf 90' lang='grc' dir='ltr'>τούτων</span> <span class='ocrx_word' id='word_1_200' title='bbox 1266 2368 1680 2437; x_wconf 81' lang='grc' dir='ltr'>παραστάσεως.</span> <span class='ocrx_word' id='word_1_201' title='bbox 1718 2370 1882 2422; x_wconf 82' lang='grc' dir='ltr'>Ἀπο-</span> 
     </span>
    </p>
   </div>
   <div class='ocr_carea' id='block_1_27' title="bbox 306 2448 1879 2523">
    <p class='ocr_par' dir='ltr' id='par_1_27' title="bbox 306 2448 1879 2523">
     <span class='ocr_line' id='line_1_27' title="bbox 306 2448 1879 2523; baseline 0.003 -21"><span class='ocrx_word' id='word_1_202' title='bbox 306 2449 508 2519; x_wconf 80' lang='grc' dir='ltr'>ϐλέψας</span> <span class='ocrx_word' id='word_1_203' title='bbox 536 2451 616 2512; x_wconf 87' lang='grc' dir='ltr'>είς</span> <span class='ocrx_word' id='word_1_204' title='bbox 637 2449 699 2503; x_wconf 84' lang='grc' dir='ltr'>τὸ</span> <span class='ocrx_word' id='word_1_205' title='bbox 726 2448 963 2522; x_wconf 84' lang='grc' dir='ltr'>ἐργῶδες</span> <span class='ocrx_word' id='word_1_206' title='bbox 988 2449 1086 2519; x_wconf 90' lang='grc' dir='ltr'>τῆς</span> <span class='ocrx_word' id='word_1_207' title='bbox 1114 2450 1511 2520; x_wconf 83' lang='grc' dir='ltr'>παραστάσεως</span> <span class='ocrx_word' id='word_1_208' title='bbox 1538 2451 1567 2503; x_wconf 93' lang='lat'>6</span> <span class='ocrx_word' id='word_1_209' title='bbox 1608 2451 1879 2523; x_wconf 79' lang='grc' dir='ltr'>Ἰωάννης,</span> 
     </span>
    </p>
   </div>
   <div class='ocr_carea' id='block_1_28' title="bbox 306 2531 1883 2606">
    <p class='ocr_par' dir='ltr' id='par_1_28' title="bbox 306 2531 1883 2606">
     <span class='ocr_line' id='line_1_28' title="bbox 306 2531 1883 2606; baseline 0.003 -21"><span class='ocrx_word' id='word_1_210' title='bbox 306 2533 664 2606; x_wconf 83' lang='grc' dir='ltr'>προθυμεῖται</span> <span class='ocrx_word' id='word_1_211' title='bbox 719 2533 814 2586; x_wconf 62' lang='grc' dir='ltr'>ἐπὶ⁵</span> <span class='ocrx_word' id='word_1_212' title='bbox 868 2531 1199 2602; x_wconf 87' lang='grc' dir='ltr'>καθαρισμῷ</span> <span class='ocrx_word' id='word_1_213' title='bbox 1249 2532 1350 2602; x_wconf 89' lang='grc' dir='ltr'>τῆς</span> <span class='ocrx_word' id='word_1_214' title='bbox 1414 2532 1741 2603; x_wconf 87' lang='grc' dir='ltr'>Ἐκκλησίας</span> <span class='ocrx_word' id='word_1_215' title='bbox 1787 2538 1883 2591; x_wconf 74' lang='grc' dir='ltr'>καὶ</span> 
     </span>
    </p>
   </div>
   <div class='ocr_carea' id='block_1_29' title="bbox 306 2613 1883 2686">
    <p class='ocr_par' dir='ltr' id='par_1_29' title="bbox 306 2613 1883 2686">
     <span class='ocr_line' id='line_1_29' title="bbox 306 2613 1883 2686; baseline 0.001 -16"><span class='ocrx_word' id='word_1_216' title='bbox 306 2615 477 2685; x_wconf 83' lang='grc' dir='ltr'>φειδοῖ</span> <span class='ocrx_word' id='word_1_217' title='bbox 493 2614 603 2668; x_wconf 88' lang='grc' dir='ltr'>τῶν</span> <span class='ocrx_word' id='word_1_218' title='bbox 631 2615 923 2686; x_wconf 90' lang='grc' dir='ltr'>μαρτύρων</span> <span class='ocrx_word' id='word_1_219' title='bbox 942 2655 957 2677; x_wconf 89' lang='grc'>,</span> <span class='ocrx_word' id='word_1_220' title='bbox 996 2615 1063 2669; x_wconf 87' lang='grc' dir='ltr'>δι’</span> <span class='ocrx_word' id='word_1_221' title='bbox 1090 2613 1285 2669; x_wconf 87' lang='grc' dir='ltr'>ἐαυτοῦ</span> <span class='ocrx_word' id='word_1_222' title='bbox 1318 2616 1764 2686; x_wconf 88' lang='grc' dir='ltr'>παραγενόμενος</span> <span class='ocrx_word' id='word_1_223' title='bbox 1801 2619 1883 2682; x_wconf 87' lang='grc' dir='ltr'>είς</span> 
     </span>
    </p>
   </div>
   <div class='ocr_carea' id='block_1_30' title="bbox 305 2699 1879 2772">
    <p class='ocr_par' dir='ltr' id='par_1_30' title="bbox 305 2699 1879 2772">
     <span class='ocr_line' id='line_1_30' title="bbox 305 2699 1879 2772; baseline 0.003 -20"><span class='ocrx_word' id='word_1_224' title='bbox 305 2699 404 2771; x_wconf 83' lang='grc' dir='ltr'>τὴν</span> <span class='ocrx_word' id='word_1_225' title='bbox 441 2699 768 2770; x_wconf 78' lang='grc' dir='ltr'>Ἀσίαν,πὴν</span> <span class='ocrx_word' id='word_1_226' title='bbox 798 2699 1038 2766; x_wconf 74' lang='grc' dir='ltr'>ἐξέτασιν</span> <span class='ocrx_word' id='word_1_227' title='bbox 1066 2699 1506 2771; x_wconf 90' lang='grc' dir='ltr'>συμπεραιῶσαι.</span> <span class='ocrx_word' id='word_1_228' title='bbox 1535 2700 1879 2772; x_wconf 64' lang='grc' dir='ltr'>Θεασάμενπ</span> 
     </span>
    </p>
   </div>
   <div class='ocr_carea' id='block_1_31' title="bbox 304 2782 1877 2851">
    <p class='ocr_par' dir='ltr' id='par_1_31' title="bbox 304 2782 1877 2851">
     <span class='ocr_line' id='line_1_31' title="bbox 304 2782 1877 2851; baseline 0.001 -15"><span class='ocrx_word' id='word_1_229' title='bbox 304 2785 335 2836; x_wconf 92' lang='lat'>6</span> <span class='ocrx_word' id='word_1_230' title='bbox 377 2784 688 2847; x_wconf 88' lang='grc' dir='ltr'>Ἀντωνῖνος</span> <span class='ocrx_word' id='word_1_231' title='bbox 719 2783 780 2837; x_wconf 87' lang='lat'>:6</span> <span class='ocrx_word' id='word_1_232' title='bbox 817 2783 1007 2837; x_wconf 81' lang='grc' dir='ltr'>ἄοκνον</span> <span class='ocrx_word' id='word_1_233' title='bbox 1051 2783 1296 2837; x_wconf 83' lang='grc' dir='ltr'>Ἰωάννου</span> <span class='ocrx_word' id='word_1_234' title='bbox 1337 2782 1433 2836; x_wconf 78' lang='grc' dir='ltr'>καὶ</span> <span class='ocrx_word' id='word_1_235' title='bbox 1464 2783 1526 2837; x_wconf 89' lang='lat'>:6</span> <span class='ocrx_word' id='word_1_236' title='bbox 1557 2784 1877 2851; x_wconf 82' lang='grc' dir='ltr'>ἀδέκαστον,</span> 
     </span>
    </p>
   </div>
   <div class='ocr_carea' id='block_1_32' title="bbox 304 2863 1881 2939">
    <p class='ocr_par' dir='ltr' id='par_1_32' title="bbox 304 2863 1881 2939">
     <span class='ocr_line' id='line_1_32' title="bbox 304 2863 1881 2939; baseline 0.001 -18"><span class='ocrx_word' id='word_1_237' title='bbox 304 2866 382 2928; x_wconf 81' lang='grc' dir='ltr'>ὡς</span> <span class='ocrx_word' id='word_1_238' title='bbox 411 2867 506 2921; x_wconf 72' lang='grc' dir='ltr'>ἅτε</span> <span class='ocrx_word' id='word_1_239' title='bbox 533 2864 785 2930; x_wconf 88' lang='grc' dir='ltr'>συνειδὼς</span> <span class='ocrx_word' id='word_1_240' title='bbox 808 2865 1007 2937; x_wconf 85' lang='grc' dir='ltr'>ἐαυτῷ,</span> <span class='ocrx_word' id='word_1_241' title='bbox 1039 2863 1372 2919; x_wconf 86' lang='grc' dir='ltr'>ὑπεισελθὼν</span> <span class='ocrx_word' id='word_1_242' title='bbox 1394 2867 1475 2930; x_wconf 87' lang='grc' dir='ltr'>είς</span> <span class='ocrx_word' id='word_1_243' title='bbox 1492 2866 1591 2920; x_wconf 84' lang='grc' dir='ltr'>ἐνα</span> <span class='ocrx_word' id='word_1_244' title='bbox 1615 2867 1726 2920; x_wconf 89' lang='grc' dir='ltr'>τῶν</span> <span class='ocrx_word' id='word_1_245' title='bbox 1753 2886 1881 2939; x_wconf 82' lang='grc' dir='ltr'>κρα-</span> 
     </span>
    </p>
   </div>
   <div class='ocr_carea' id='block_1_33' title="bbox 304 2943 1876 3025">
    <p class='ocr_par' dir='ltr' id='par_1_33' title="bbox 304 2943 1876 3025">
     <span class='ocr_line' id='line_1_33' title="bbox 304 2943 1876 3025; baseline 0.002 -22"><span class='ocrx_word' id='word_1_246' title='bbox 304 2950 560 3016; x_wconf 89' lang='grc' dir='ltr'>τούντων,</span> <span class='ocrx_word' id='word_1_247' title='bbox 595 2943 656 3004; x_wconf 77' lang='grc' dir='ltr'>οῦ</span> <span class='ocrx_word' id='word_1_248' title='bbox 689 2950 783 3005; x_wconf 76' lang='grc' dir='ltr'>καὶ</span> <span class='ocrx_word' id='word_1_249' title='bbox 822 2950 932 3005; x_wconf 88' lang='grc' dir='ltr'>τῶν</span> <span class='ocrx_word' id='word_1_250' title='bbox 975 2949 1176 3020; x_wconf 88' lang='grc' dir='ltr'>γηδίων</span> <span class='ocrx_word' id='word_1_251' title='bbox 1227 2949 1511 3020; x_wconf 76' lang='grc' dir='ltr'>ἐφρόντιζε</span> <span class='ocrx_word' id='word_1_252' title='bbox 1549 2951 1659 3005; x_wconf 88' lang='grc' dir='ltr'>τῶν</span> <span class='ocrx_word' id='word_1_253' title='bbox 1698 2955 1757 3006; x_wconf 91' lang='grc' dir='ltr'>ἐν</span> <span class='ocrx_word' id='word_1_254' title='bbox 1808 2956 1876 3025; x_wconf 80' lang='grc' dir='ltr'>τῇ</span> 
     </span>
    </p>
   </div>
   <div class='ocr_carea' id='block_1_34' title="bbox 316 3034 1878 3107">
    <p class='ocr_par' dir='ltr' id='par_1_34' title="bbox 316 3034 1878 3107">
     <span class='ocr_line' id='line_1_34' title="bbox 316 3034 1878 3107; baseline 0.002 -19"><span class='ocrx_word' id='word_1_255' title='bbox 316 3035 505 3107; x_wconf 80' lang='grc' dir='ltr'>Ἀσίᾳ,</span> <span class='ocrx_word' id='word_1_256' title='bbox 540 3036 848 3107; x_wconf 89' lang='grc' dir='ltr'>παρακαλεῖ</span> <span class='ocrx_word' id='word_1_257' title='bbox 891 3035 1051 3096; x_wconf 72' lang='grc' dir='ltr'>αὑτὸν</span> <span class='ocrx_word' id='word_1_258' title='bbox 1103 3034 1325 3105; x_wconf 92' lang='grc' dir='ltr'>ποιῆσαι</span> <span class='ocrx_word' id='word_1_259' title='bbox 1379 3034 1733 3107; x_wconf 86' lang='grc' dir='ltr'>ἐπισχεθῆναι</span> <span class='ocrx_word' id='word_1_260' title='bbox 1785 3039 1878 3092; x_wconf 76' lang='grc' dir='ltr'>τδν</span> 
     </span>
    </p>
   </div>
   <div class='ocr_carea' id='block_1_35' title="bbox 318 3117 1877 3192">
    <p class='ocr_par' dir='ltr' id='par_1_35' title="bbox 318 3117 1877 3192">
     <span class='ocr_line' id='line_1_35' title="bbox 318 3117 1877 3192; baseline 0.001 -20"><span class='ocrx_word' id='word_1_261' title='bbox 318 3120 593 3189; x_wconf 85' lang='grc' dir='ltr'>Ἰωάννην,</span> <span class='ocrx_word' id='word_1_262' title='bbox 619 3120 706 3173; x_wconf 82' lang='grc' dir='ltr'>ἶνα</span> <span class='ocrx_word' id='word_1_263' title='bbox 733 3119 808 3190; x_wconf 82' lang='grc' dir='ltr'>μὴ</span> <span class='ocrx_word' id='word_1_264' title='bbox 834 3117 1042 3190; x_wconf 79' lang='grc' dir='ltr'>ἀπέλθῃ</span> <span class='ocrx_word' id='word_1_265' title='bbox 1073 3120 1154 3182; x_wconf 87' lang='grc' dir='ltr'>είς</span> <span class='ocrx_word' id='word_1_266' title='bbox 1178 3118 1277 3187; x_wconf 80' lang='grc' dir='ltr'>τὴν</span> <span class='ocrx_word' id='word_1_267' title='bbox 1326 3117 1510 3172; x_wconf 80' lang='grc' dir='ltr'>Ἀσίαν</span> <span class='ocrx_word' id='word_1_268' title='bbox 1529 3160 1543 3181; x_wconf 93' lang='grc'>,</span> <span class='ocrx_word' id='word_1_269' title='bbox 1575 3120 1877 3192; x_wconf 89' lang='grc' dir='ltr'>ὑποσχόμε-</span> 
     </span>
    </p>
   </div>
   <div class='ocr_carea' id='block_1_36' title="bbox 303 3199 1879 3274">
    <p class='ocr_par' dir='ltr' id='par_1_36' title="bbox 303 3199 1879 3274">
     <span class='ocr_line' id='line_1_36' title="bbox 303 3199 1879 3274; baseline 0.002 -19"><span class='ocrx_word' id='word_1_270' title='bbox 303 3218 392 3265; x_wconf 84' lang='grc' dir='ltr'>νος</span> <span class='ocrx_word' id='word_1_271' title='bbox 420 3202 517 3274; x_wconf 80' lang='grc' dir='ltr'>τήν</span> <span class='ocrx_word' id='word_1_272' title='bbox 538 3202 648 3256; x_wconf 87' lang='grc' dir='ltr'>τῶν</span> <span class='ocrx_word' id='word_1_273' title='bbox 674 3200 964 3272; x_wconf 90' lang='grc' dir='ltr'>μαρτύρων</span> <span class='ocrx_word' id='word_1_274' title='bbox 994 3200 1356 3273; x_wconf 86' lang='grc' dir='ltr'>παράστασιν.</span> <span class='ocrx_word' id='word_1_275' title='bbox 1394 3202 1490 3264; x_wconf 88' lang='grc' dir='ltr'>Ὃς</span> <span class='ocrx_word' id='word_1_276' title='bbox 1519 3199 1747 3272; x_wconf 79' lang='grc' dir='ltr'>ἐξαυτῆς</span> <span class='ocrx_word' id='word_1_277' title='bbox 1779 3221 1879 3258; x_wconf 88' lang='grc' dir='ltr'>πα-</span> 
     </span>
    </p>
   </div>
   <div class='ocr_carea' id='block_1_37' title="bbox 305 3284 1878 3358">
    <p class='ocr_par' dir='ltr' id='par_1_37' title="bbox 305 3284 1878 3358">
     <span class='ocr_line' id='line_1_37' title="bbox 305 3284 1878 3358; baseline 0.003 -18"><span class='ocrx_word' id='word_1_278' title='bbox 305 3287 631 3358; x_wconf 83' lang='grc' dir='ltr'>ρασκευάζει</span> <span class='ocrx_word' id='word_1_279' title='bbox 661 3286 965 3358; x_wconf 86' lang='grc' dir='ltr'>δηλωθῆναι</span> <span class='ocrx_word' id='word_1_280' title='bbox 1002 3287 1067 3340; x_wconf 88' lang='grc' dir='ltr'>ἐκ</span> <span class='ocrx_word' id='word_1_281' title='bbox 1102 3284 1198 3339; x_wconf 86' lang='grc' dir='ltr'>τοῦ</span> <span class='ocrx_word' id='word_1_282' title='bbox 1240 3285 1503 3340; x_wconf 74' lang='grc' dir='ltr'>παλατίω</span> <span class='ocrx_word' id='word_1_283' title='bbox 1536 3286 1617 3357; x_wconf 82' lang='grc' dir='ltr'>τῷ</span> <span class='ocrx_word' id='word_1_284' title='bbox 1652 3288 1878 3343; x_wconf 87' lang='grc' dir='ltr'>ἐπισκό-</span> 
     </span>
    </p>
   </div>
   <div class='ocr_carea' id='block_1_38' title="bbox 305 3368 1876 3442">
    <p class='ocr_par' dir='ltr' id='par_1_38' title="bbox 305 3368 1876 3442">
     <span class='ocr_line' id='line_1_38' title="bbox 305 3368 1876 3442; baseline 0.002 -20"><span class='ocrx_word' id='word_1_285' title='bbox 305 3388 393 3440; x_wconf 88' lang='grc' dir='ltr'>πῳ</span> <span class='ocrx_word' id='word_1_286' title='bbox 430 3370 652 3442; x_wconf 79' lang='grc' dir='ltr'>Ἰωάννῃ</span> <span class='ocrx_word' id='word_1_287' title='bbox 676 3369 834 3423; x_wconf 77' lang='grc' dir='ltr'>τάδε-</span> <span class='ocrx_word' id='word_1_288' title='bbox 878 3368 1110 3422; x_wconf 86' lang='grc' dir='ltr'>’Ἀτοπόν</span> <span class='ocrx_word' id='word_1_289' title='bbox 1134 3371 1251 3422; x_wconf 88' lang='grc' dir='ltr'>ἐστι</span> <span class='ocrx_word' id='word_1_290' title='bbox 1292 3371 1546 3440; x_wconf 86' lang='grc' dir='ltr'>πρᾶγμα,</span> <span class='ocrx_word' id='word_1_291' title='bbox 1578 3369 1876 3425; x_wconf 84' lang='grc' dir='ltr'>ἐπίσκοπόν</span> 
     </span>
    </p>
   </div>
   <div class='ocr_carea' id='block_1_39' title="bbox 304 3450 1873 3527">
    <p class='ocr_par' dir='ltr' id='par_1_39' title="bbox 304 3450 1873 3527">
     <span class='ocr_line' id='line_1_39' title="bbox 304 3450 1873 3527; baseline 0.003 -23"><span class='ocrx_word' id='word_1_292' title='bbox 304 3468 364 3504; x_wconf 86' lang='grc' dir='ltr'>σε</span> <span class='ocrx_word' id='word_1_293' title='bbox 389 3451 516 3506; x_wconf 75' lang='grc' dir='ltr'>ὄντα</span> <span class='ocrx_word' id='word_1_294' title='bbox 544 3453 636 3505; x_wconf 70' lang='grc' dir='ltr'>καὶ</span> <span class='ocrx_word' id='word_1_295' title='bbox 666 3451 775 3505; x_wconf 91' lang='grc' dir='ltr'>τῶν</span> <span class='ocrx_word' id='word_1_296' title='bbox 802 3450 989 3522; x_wconf 80' lang='grc' dir='ltr'>ψυχῶν</span> <span class='ocrx_word' id='word_1_297' title='bbox 1014 3451 1170 3522; x_wconf 81' lang='grc' dir='ltr'>ἡμῶν</span> <span class='ocrx_word' id='word_1_298' title='bbox 1203 3451 1536 3523; x_wconf 80' lang='grc' dir='ltr'>προστάτην,</span> <span class='ocrx_word' id='word_1_299' title='bbox 1560 3454 1620 3505; x_wconf 89' lang='grc' dir='ltr'>ἐν</span> <span class='ocrx_word' id='word_1_300' title='bbox 1638 3454 1873 3527; x_wconf 83' lang='grc' dir='ltr'>τοσαύτῃ</span> 
     </span>
    </p>
   </div>
   <div class='ocr_carea' id='block_1_40' title="bbox 303 3534 1877 3608">
    <p class='ocr_par' dir='ltr' id='par_1_40' title="bbox 303 3534 1877 3608">
     <span class='ocr_line' id='line_1_40' title="bbox 303 3534 1877 3608; baseline 0.004 -21"><span class='ocrx_word' id='word_1_301' title='bbox 303 3535 598 3606; x_wconf 82' lang='grc' dir='ltr'>προσδοκίᾳ</span> <span class='ocrx_word' id='word_1_302' title='bbox 624 3534 850 3607; x_wconf 87' lang='grc' dir='ltr'>θορύϐου</span> <span class='ocrx_word' id='word_1_303' title='bbox 876 3534 1276 3603; x_wconf 81' lang='grc' dir='ltr'>καταλείψαντα</span> <span class='ocrx_word' id='word_1_304' title='bbox 1313 3535 1412 3608; x_wconf 83' lang='grc' dir='ltr'>τὴν</span> <span class='ocrx_word' id='word_1_305' title='bbox 1442 3536 1598 3592; x_wconf 91' lang='grc' dir='ltr'>πόλιν</span> <span class='ocrx_word' id='word_1_306' title='bbox 1620 3577 1636 3603; x_wconf 94' lang='grc'>,</span> <span class='ocrx_word' id='word_1_307' title='bbox 1666 3539 1877 3594; x_wconf 89' lang='grc' dir='ltr'>στείλα-</span> 
     </span>
    </p>
   </div>
   <div class='ocr_carea' id='block_1_41' title="bbox 304 3617 1877 3692">
    <p class='ocr_par' dir='ltr' id='par_1_41' title="bbox 304 3617 1877 3692">
     <span class='ocr_line' id='line_1_41' title="bbox 304 3617 1877 3692; baseline 0.003 -21"><span class='ocrx_word' id='word_1_308' title='bbox 304 3617 430 3671; x_wconf 86' lang='grc' dir='ltr'>σθαι</span> <span class='ocrx_word' id='word_1_309' title='bbox 448 3617 546 3689; x_wconf 83' lang='grc' dir='ltr'>τὴν</span> <span class='ocrx_word' id='word_1_310' title='bbox 573 3617 879 3689; x_wconf 79' lang='grc' dir='ltr'>ἀποδημίαν</span> <span class='ocrx_word' id='word_1_311' title='bbox 902 3617 1002 3689; x_wconf 80' lang='grc' dir='ltr'>τὴν</span> <span class='ocrx_word' id='word_1_312' title='bbox 1024 3619 1103 3681; x_wconf 88' lang='grc' dir='ltr'>είς</span> <span class='ocrx_word' id='word_1_313' title='bbox 1128 3619 1226 3688; x_wconf 74' lang='grc' dir='ltr'>τὴν</span> <span class='ocrx_word' id='word_1_314' title='bbox 1267 3619 1470 3685; x_wconf 84' lang='grc' dir='ltr'>Ἀσίαν,</span> <span class='ocrx_word' id='word_1_315' title='bbox 1500 3620 1741 3692; x_wconf 83' lang='grc' dir='ltr'>εὐχερῶς</span> <span class='ocrx_word' id='word_1_316' title='bbox 1768 3622 1877 3676; x_wconf 91' lang='grc' dir='ltr'>τῶν</span> 
     </span>
    </p>
   </div>
   <div class='ocr_carea' id='block_1_42' title="bbox 305 3696 1878 3777">
    <p class='ocr_par' dir='ltr' id='par_1_42' title="bbox 305 3696 1878 3777">
     <span class='ocr_line' id='line_1_42' title="bbox 305 3696 1878 3777; baseline 0.003 -23"><span class='ocrx_word' id='word_1_317' title='bbox 305 3702 597 3774; x_wconf 87' lang='grc' dir='ltr'>μαρτύρων</span> <span class='ocrx_word' id='word_1_318' title='bbox 626 3701 979 3773; x_wconf 88' lang='grc' dir='ltr'>διαγομένων.</span> <span class='ocrx_word' id='word_1_319' title='bbox 1018 3696 1128 3754; x_wconf 83' lang='grc' dir='ltr'>Ἦν</span> <span class='ocrx_word' id='word_1_320' title='bbox 1165 3701 1221 3754; x_wconf 87' lang='grc' dir='ltr'>δέ</span> <span class='ocrx_word' id='word_1_321' title='bbox 1248 3702 1447 3767; x_wconf 81' lang='grc' dir='ltr'>Γαῖνᾶς</span> <span class='ocrx_word' id='word_1_322' title='bbox 1474 3704 1503 3756; x_wconf 88' lang='grc' dir='ltr'><strong>ὁ</strong></span> <span class='ocrx_word' id='word_1_323' title='bbox 1543 3703 1816 3777; x_wconf 82' lang='grc' dir='ltr'>βάρϐαρος</span> <span class='ocrx_word' id='word_1_324' title='bbox 1848 3706 1878 3758; x_wconf 93' lang='lat'>6</span> 
     </span>
    </p>
   </div>
   <div class='ocr_carea' id='block_1_43' title="bbox 302 3783 1879 3859">
    <p class='ocr_par' dir='ltr' id='par_1_43' title="bbox 302 3783 1879 3859">
     <span class='ocr_line' id='line_1_43' title="bbox 302 3783 1879 3859; baseline 0.002 -21"><span class='ocrx_word' id='word_1_325' title='bbox 302 3783 748 3857; x_wconf 85' lang='grc' dir='ltr'>προσδοκώμενος</span> <span class='ocrx_word' id='word_1_326' title='bbox 779 3783 1025 3858; x_wconf 85' lang='grc' dir='ltr'>θόρυϐος.</span> <span class='ocrx_word' id='word_1_327' title='bbox 1073 3785 1216 3849; x_wconf 75' lang='grc' dir='ltr'>Καὶ,</span> <span class='ocrx_word' id='word_1_328' title='bbox 1252 3785 1306 3837; x_wconf 91' lang='grc' dir='ltr'>τί</span> <span class='ocrx_word' id='word_1_329' title='bbox 1352 3786 1493 3857; x_wconf 90' lang='grc' dir='ltr'>γάρ;</span> <span class='ocrx_word' id='word_1_330' title='bbox 1525 3787 1615 3840; x_wconf 88' lang='grc' dir='ltr'>ῖνα</span> <span class='ocrx_word' id='word_1_331' title='bbox 1654 3786 1729 3859; x_wconf 81' lang='grc' dir='ltr'>μὴ</span> <span class='ocrx_word' id='word_1_332' title='bbox 1775 3805 1879 3858; x_wconf 85' lang='grc' dir='ltr'>μα-</span> 
     </span>
    </p>
   </div>
   <div class='ocr_carea' id='block_1_44' title="bbox 299 3868 1876 3941">
    <p class='ocr_par' dir='ltr' id='par_1_44' title="bbox 299 3868 1876 3941">
     <span class='ocr_line' id='line_1_44' title="bbox 299 3868 1876 3941; baseline 0.001 -18"><span class='ocrx_word' id='word_1_333' title='bbox 299 3871 649 3941; x_wconf 85' lang='grc' dir='ltr'>κρηγορήσω,</span> <span class='ocrx_word' id='word_1_334' title='bbox 696 3868 939 3922; x_wconf 84' lang='grc' dir='ltr'>πείθεται</span> <span class='ocrx_word' id='word_1_335' title='bbox 998 3869 1324 3939; x_wconf 84' lang='grc' dir='ltr'>ἀπομεῖναι,</span> <span class='ocrx_word' id='word_1_336' title='bbox 1381 3869 1683 3941; x_wconf 74' lang='grc' dir='ltr'>φροντίζων</span> <span class='ocrx_word' id='word_1_337' title='bbox 1741 3871 1876 3940; x_wconf 90' lang='grc' dir='ltr'>όμοῦ</span> 
     </span>
    </p>
   </div>
   <div class='ocr_carea' id='block_1_45' title="bbox 300 3949 1878 4025">
    <p class='ocr_par' dir='ltr' id='par_1_45' title="bbox 300 3949 1878 4025">
     <span class='ocr_line' id='line_1_45' title="bbox 300 3949 1878 4025; baseline 0.001 -19"><span class='ocrx_word' id='word_1_338' title='bbox 300 3951 397 4006; x_wconf 78' lang='grc' dir='ltr'>καὶ</span> <span class='ocrx_word' id='word_1_339' title='bbox 419 3954 518 4023; x_wconf 81' lang='grc' dir='ltr'>τῆς</span> <span class='ocrx_word' id='word_1_340' title='bbox 539 3951 692 4024; x_wconf 86' lang='grc' dir='ltr'>δίκης</span> <span class='ocrx_word' id='word_1_341' title='bbox 716 3951 809 4005; x_wconf 77' lang='grc' dir='ltr'>καὶ</span> <span class='ocrx_word' id='word_1_342' title='bbox 832 3949 930 4021; x_wconf 87' lang='grc' dir='ltr'>τῆς</span> <span class='ocrx_word' id='word_1_343' title='bbox 958 3950 1248 4022; x_wconf 84' lang='grc' dir='ltr'>συντριϐῆς</span> <span class='ocrx_word' id='word_1_344' title='bbox 1274 3949 1383 4005; x_wconf 89' lang='grc' dir='ltr'>τῶν</span> <span class='ocrx_word' id='word_1_345' title='bbox 1407 3951 1718 4025; x_wconf 87' lang='grc' dir='ltr'>μαρτύρων.</span> <span class='ocrx_word' id='word_1_346' title='bbox 1763 3954 1878 4024; x_wconf 79' lang='grc' dir='ltr'>Ἑρ·</span> 
     </span>
    </p>
   </div>
   <div class='ocr_carea' id='block_1_46' title="bbox 303 4035 1878 4109">
    <p class='ocr_par' dir='ltr' id='par_1_46' title="bbox 303 4035 1878 4109">
     <span class='ocr_line' id='line_1_46' title="bbox 303 4035 1878 4109; baseline 0.001 -20"><span class='ocrx_word' id='word_1_347' title='bbox 303 4039 463 4107; x_wconf 82' lang='grc' dir='ltr'>μαῖον</span> <span class='ocrx_word' id='word_1_348' title='bbox 491 4036 549 4089; x_wconf 88' lang='grc' dir='ltr'>δέ</span> <span class='ocrx_word' id='word_1_349' title='bbox 578 4035 656 4105; x_wconf 80' lang='grc' dir='ltr'>τῷ</span> <span class='ocrx_word' id='word_1_350' title='bbox 684 4035 1112 4105; x_wconf 86' lang='grc' dir='ltr'>κατηγορηθέντι</span> <span class='ocrx_word' id='word_1_351' title='bbox 1138 4035 1382 4106; x_wconf 82' lang='grc' dir='ltr'>ὑπῆρχεν</span> <span class='ocrx_word' id='word_1_352' title='bbox 1408 4037 1441 4107; x_wconf 90' lang='grc' dir='ltr'>ή</span> <span class='ocrx_word' id='word_1_353' title='bbox 1466 4037 1549 4100; x_wconf 86' lang='grc' dir='ltr'>είς</span> <span class='ocrx_word' id='word_1_354' title='bbox 1576 4038 1703 4100; x_wconf 79' lang='grc' dir='ltr'>τοὺς</span> <span class='ocrx_word' id='word_1_355' title='bbox 1738 4037 1878 4109; x_wconf 88' lang='grc' dir='ltr'>μάρ-</span> 
     </span>
    </p>
   </div>
   <div class='ocr_carea' id='block_1_47' title="bbox 297 4116 1872 4192">
    <p class='ocr_par' dir='ltr' id='par_1_47' title="bbox 297 4116 1872 4192">
     <span class='ocr_line' id='line_1_47' title="bbox 297 4116 1872 4192; baseline 0 -20"><span class='ocrx_word' id='word_1_356' title='bbox 297 4136 470 4188; x_wconf 86' lang='grc' dir='ltr'>τυρας</span> <span class='ocrx_word' id='word_1_357' title='bbox 489 4117 742 4189; x_wconf 81' lang='grc' dir='ltr'>ἀναϐολὴ,</span> <span class='ocrx_word' id='word_1_358' title='bbox 767 4117 861 4181; x_wconf 82' lang='grc' dir='ltr'>οὓς</span> <span class='ocrx_word' id='word_1_359' title='bbox 890 4116 1110 4171; x_wconf 82' lang='grc' dir='ltr'>ἐδύνατο</span> <span class='ocrx_word' id='word_1_360' title='bbox 1137 4116 1469 4186; x_wconf 83' lang='grc' dir='ltr'>φυγαδεῦσαι</span> <span class='ocrx_word' id='word_1_361' title='bbox 1496 4118 1530 4190; x_wconf 81' lang='grc' dir='ltr'>ἢ</span> <span class='ocrx_word' id='word_1_362' title='bbox 1565 4120 1814 4192; x_wconf 79' lang='grc' dir='ltr'>ἀργυρίῳ</span> <span class='ocrx_word' id='word_1_363' title='bbox 1839 4120 1872 4191; x_wconf 77' lang='grc' dir='ltr'>ἢ</span> 
     </span>
    </p>
   </div>
   <div class='ocr_carea' id='block_1_48' title="bbox 297 4198 1876 4272">
    <p class='ocr_par' dir='ltr' id='par_1_48' title="bbox 297 4198 1876 4272">
     <span class='ocr_line' id='line_1_48' title="bbox 297 4198 1876 4272; baseline 0.001 -17"><span class='ocrx_word' id='word_1_364' title='bbox 297 4201 609 4272; x_wconf 71' lang='grc' dir='ltr'>δυναστείᾳ.</span> <span class='ocrx_word' id='word_1_365' title='bbox 630 4200 813 4254; x_wconf 90' lang='grc' dir='ltr'>Ταῦτα</span> <span class='ocrx_word' id='word_1_366' title='bbox 836 4198 1204 4271; x_wconf 82' lang='grc' dir='ltr'>προεωρακὼς</span> <span class='ocrx_word' id='word_1_367' title='bbox 1227 4201 1255 4253; x_wconf 91' lang='lat'>6</span> <span class='ocrx_word' id='word_1_368' title='bbox 1289 4200 1560 4271; x_wconf 85' lang='grc' dir='ltr'>Ἰωάννης,</span> <span class='ocrx_word' id='word_1_369' title='bbox 1581 4201 1876 4257; x_wconf 84' lang='grc' dir='ltr'>σκέπτεται</span> 
     </span>
    </p>
   </div>
   <div class='ocr_carea' id='block_1_49' title="bbox 302 4281 1879 4355">
    <p class='ocr_par' dir='ltr' id='par_1_49' title="bbox 302 4281 1879 4355">
     <span class='ocr_line' id='line_1_49' title="bbox 302 4281 1879 4355; baseline 0 -17"><span class='ocrx_word' id='word_1_370' title='bbox 302 4284 442 4351; x_wconf 85' lang='grc' dir='ltr'>μετὰ</span> <span class='ocrx_word' id='word_1_371' title='bbox 466 4283 563 4355; x_wconf 81' lang='grc' dir='ltr'>τὴς</span> <span class='ocrx_word' id='word_1_372' title='bbox 595 4283 873 4355; x_wconf 85' lang='grc' dir='ltr'>παρούσης</span> <span class='ocrx_word' id='word_1_373' title='bbox 894 4282 1113 4355; x_wconf 70' lang='grc' dir='ltr'>συνόδου</span> <span class='ocrx_word' id='word_1_374' title='bbox 1145 4281 1296 4345; x_wconf 84' lang='grc' dir='ltr'>τινὰς</span> <span class='ocrx_word' id='word_1_375' title='bbox 1320 4281 1428 4336; x_wconf 90' lang='grc' dir='ltr'>τῶν</span> <span class='ocrx_word' id='word_1_376' title='bbox 1454 4283 1737 4354; x_wconf 89' lang='grc' dir='ltr'>παρόντων</span> <span class='ocrx_word' id='word_1_377' title='bbox 1759 4287 1879 4339; x_wconf 88' lang='grc' dir='ltr'>ἐπι-</span> 
     </span>
    </p>
   </div>
   <div class='ocr_carea' id='block_1_50' title="bbox 301 4342 1878 4438">
    <p class='ocr_par' dir='ltr' id='par_1_50' title="bbox 301 4342 1878 4438">
     <span class='ocr_line' id='line_1_50' title="bbox 301 4342 1878 4438; baseline 0.002 -18"><span class='ocrx_word' id='word_1_378' title='bbox 301 4342 922 4436; x_wconf 38' lang='grc' dir='ltr'>σκόπων-ἀποσταλῆναι</span> <span class='ocrx_word' id='word_1_379' title='bbox 959 4342 1177 4436; x_wconf 56' lang='grc' dir='ltr'>εἱθτὴν</span> <span class='ocrx_word' id='word_1_380' title='bbox 1235 4342 1420 4419; x_wconf 82' lang='grc' dir='ltr'>Ἀσίαν</span> <span class='ocrx_word' id='word_1_381' title='bbox 1471 4342 1564 4419; x_wconf 68' lang='grc' dir='ltr'>ἐπὶ</span> <span class='ocrx_word' id='word_1_382' title='bbox 1611 4369 1878 4438; x_wconf 83' lang='grc' dir='ltr'>ἐρωτήσει</span> 
     </span>
    </p>
   </div>
   <div class='ocr_carea' id='block_1_51' title="bbox 297 4445 1878 4523">
    <p class='ocr_par' dir='ltr' id='par_1_51' title="bbox 297 4445 1878 4523">
     <span class='ocr_line' id='line_1_51' title="bbox 297 4445 1878 4523; baseline 0.001 -20"><span class='ocrx_word' id='word_1_383' title='bbox 297 4454 406 4504; x_wconf 87' lang='grc' dir='ltr'>τῶν</span> <span class='ocrx_word' id='word_1_384' title='bbox 448 4451 759 4523; x_wconf 80' lang='grc' dir='ltr'>μαρτύρων.</span> <span class='ocrx_word' id='word_1_385' title='bbox 800 4449 1065 4520; x_wconf 78' lang='grc' dir='ltr'>Ἐξαυτῆς</span> <span class='ocrx_word' id='word_1_386' title='bbox 1105 4445 1199 4502; x_wconf 83' lang='grc' dir='ltr'>οὖν</span> <span class='ocrx_word' id='word_1_387' title='bbox 1229 4447 1545 4520; x_wconf 87' lang='grc' dir='ltr'>ώρίσθησαν</span> <span class='ocrx_word' id='word_1_388' title='bbox 1578 4453 1725 4522; x_wconf 74' lang='grc' dir='ltr'>τρεῖς</span> <span class='ocrx_word' id='word_1_389' title='bbox 1763 4452 1878 4504; x_wconf 90' lang='grc' dir='ltr'>ἐπί-</span> 
     </span>
    </p>
   </div>
   <div class='ocr_carea' id='block_1_52' title="bbox 300 4532 1877 4605">
    <p class='ocr_par' dir='ltr' id='par_1_52' title="bbox 300 4532 1877 4605">
     <span class='ocr_line' id='line_1_52' title="bbox 300 4532 1877 4605; baseline -0.006 -17"><span class='ocrx_word' id='word_1_390' title='bbox 300 4553 492 4588; x_wconf 87' lang='grc' dir='ltr'>σκοποι</span> <span class='ocrx_word' id='word_1_391' title='bbox 519 4533 826 4592; x_wconf 88' lang='grc' dir='ltr'>κατελθεῖν,</span> <span class='ocrx_word' id='word_1_392' title='bbox 857 4532 1189 4603; x_wconf 83' lang='grc' dir='ltr'>Συγκλήτιος</span> <span class='ocrx_word' id='word_1_393' title='bbox 1227 4532 1628 4604; x_wconf 85' lang='grc' dir='ltr'>μητροπολίτης</span> <span class='ocrx_word' id='word_1_394' title='bbox 1670 4534 1877 4605; x_wconf 76' lang='grc' dir='ltr'>Τραϊα-</span> 
     </span>
    </p>
   </div>
   <div class='ocr_carea' id='block_1_53' title="bbox 297 4614 1877 4687">
    <p class='ocr_par' dir='ltr' id='par_1_53' title="bbox 297 4614 1877 4687">
     <span class='ocr_line' id='line_1_53' title="bbox 297 4614 1877 4687; baseline 0.001 -16"><span class='ocrx_word' id='word_1_395' title='bbox 297 4619 629 4681; x_wconf 82' lang='grc' dir='ltr'>νουπόλεώς,</span> <span class='ocrx_word' id='word_1_396' title='bbox 677 4616 930 4687; x_wconf 85' lang='grc' dir='ltr'>Ἦσύχιος</span> <span class='ocrx_word' id='word_1_397' title='bbox 982 4616 1010 4668; x_wconf 98' lang='lat'>6</span> <span class='ocrx_word' id='word_1_398' title='bbox 1042 4614 1245 4686; x_wconf 89' lang='grc' dir='ltr'>Παρίου</span> <span class='ocrx_word' id='word_1_399' title='bbox 1272 4655 1286 4679; x_wconf 91' lang='grc'>,</span> <span class='ocrx_word' id='word_1_400' title='bbox 1341 4616 1436 4668; x_wconf 81' lang='grc' dir='ltr'>καὶ</span> <span class='ocrx_word' id='word_1_401' title='bbox 1500 4617 1797 4682; x_wconf 87' lang='grc' dir='ltr'>Παλλάδιος</span> <span class='ocrx_word' id='word_1_402' title='bbox 1849 4621 1877 4674; x_wconf 93' lang='lat'>6</span> 
     </span>
    </p>
   </div>
   <div class='ocr_carea' id='block_1_54' title="bbox 309 4699 1876 4770">
    <p class='ocr_par' dir='ltr' id='par_1_54' title="bbox 309 4699 1876 4770">
     <span class='ocr_line' id='line_1_54' title="bbox 309 4699 1876 4770; baseline 0 -17"><span class='ocrx_word' id='word_1_403' title='bbox 309 4700 734 4764; x_wconf 80' lang='grc' dir='ltr'>Ἐλενουπόλεως</span> <span class='ocrx_word' id='word_1_404' title='bbox 757 4740 772 4764; x_wconf 90' lang='grc'>,</span> <span class='ocrx_word' id='word_1_405' title='bbox 822 4699 1223 4769; x_wconf 84' lang='grc' dir='ltr'>διαλαλησάσης</span> <span class='ocrx_word' id='word_1_406' title='bbox 1259 4700 1359 4770; x_wconf 81' lang='grc' dir='ltr'>τῆς</span> <span class='ocrx_word' id='word_1_407' title='bbox 1403 4699 1619 4753; x_wconf 91' lang='grc' dir='ltr'>συνόδου</span> <span class='ocrx_word' id='word_1_408' title='bbox 1663 4701 1737 4752; x_wconf 92' lang='grc' dir='ltr'>ἐν·</span> <span class='ocrx_word' id='word_1_409' title='bbox 1763 4703 1876 4766; x_wconf 85' lang='grc' dir='ltr'>τοῖς</span> 
     </span>
    </p>
   </div>
   <div class='ocr_carea' id='block_1_55' title="bbox 297 4782 1879 4857">
    <p class='ocr_par' dir='ltr' id='par_1_55' title="bbox 297 4782 1879 4857">
     <span class='ocr_line' id='line_1_55' title="bbox 297 4782 1879 4857; baseline 0.001 -19"><span class='ocrx_word' id='word_1_410' title='bbox 297 4785 702 4856; x_wconf 81' lang='grc' dir='ltr'>ὑπομνήμασιν,</span> <span class='ocrx_word' id='word_1_411' title='bbox 734 4784 811 4847; x_wconf 91' lang='grc' dir='ltr'>ώς</span> <span class='ocrx_word' id='word_1_412' title='bbox 848 4784 943 4837; x_wconf 84' lang='grc' dir='ltr'>τὸν</span> <span class='ocrx_word' id='word_1_413' title='bbox 975 4783 1126 4846; x_wconf 78' lang='grc' dir='ltr'>ἐντὸς</span> <span class='ocrx_word' id='word_1_414' title='bbox 1161 4782 1253 4835; x_wconf 86' lang='grc' dir='ltr'>δύο</span> <span class='ocrx_word' id='word_1_415' title='bbox 1295 4783 1480 4854; x_wconf 85' lang='grc' dir='ltr'>μηνῶν</span> <span class='ocrx_word' id='word_1_416' title='bbox 1516 4784 1590 4856; x_wconf 81' lang='grc' dir='ltr'>μὴ</span> <span class='ocrx_word' id='word_1_417' title='bbox 1634 4785 1879 4857; x_wconf 71' lang='grc' dir='ltr'>ἀπαντήο</span> 
     </span>
    </p>
   </div>
   <div class='ocr_carea' id='block_1_56' title="bbox 297 4864 1876 4930">
    <p class='ocr_par' dir='ltr' id='par_1_56' title="bbox 297 4864 1876 4930">
     <span class='ocr_line' id='line_1_56' title="bbox 297 4864 1876 4930; baseline 0.001 -9"><span class='ocrx_word' id='word_1_418' title='bbox 297 4886 465 4924; x_wconf 88' lang='grc' dir='ltr'>σαντα</span> <span class='ocrx_word' id='word_1_419' title='bbox 506 4871 602 4922; x_wconf 78' lang='grc' dir='ltr'>καὶ</span> <span class='ocrx_word' id='word_1_420' title='bbox 629 4869 899 4923; x_wconf 89' lang='grc' dir='ltr'>συστάντα</span> <span class='ocrx_word' id='word_1_421' title='bbox 939 4868 1052 4929; x_wconf 88' lang='grc' dir='ltr'>τοῖς</span> <span class='ocrx_word' id='word_1_422' title='bbox 1085 4864 1277 4920; x_wconf 88' lang='grc' dir='ltr'>ἐαυτοῦ</span> <span class='ocrx_word' id='word_1_423' title='bbox 1314 4865 1545 4930; x_wconf 81' lang='grc' dir='ltr'>δικαίοις</span> <span class='ocrx_word' id='word_1_424' title='bbox 1577 4871 1635 4923; x_wconf 89' lang='grc' dir='ltr'>ἐν</span> <span class='ocrx_word' id='word_1_425' title='bbox 1679 4868 1876 4923; x_wconf 81' lang='grc' dir='ltr'>Ὑπαί-</span> 
     </span>
    </p>
   </div>
   <div class='ocr_carea' id='block_1_57' title="bbox 297 4947 1877 5023">
    <p class='ocr_par' dir='ltr' id='par_1_57' title="bbox 297 4947 1877 5023">
     <span class='ocr_line' id='line_1_57' title="bbox 297 4947 1877 5023; baseline 0.001 -18"><span class='ocrx_word' id='word_1_426' title='bbox 297 4969 420 5016; x_wconf 88' lang='grc' dir='ltr'>ποις</span> <span class='ocrx_word' id='word_1_427' title='bbox 439 4955 506 5023; x_wconf 76' lang='grc' dir='ltr'>τῇ</span> <span class='ocrx_word' id='word_1_428' title='bbox 548 4952 809 5005; x_wconf 82' lang='grc' dir='ltr'>Ἀσιανῶν</span> <span class='ocrx_word' id='word_1_429' title='bbox 835 4950 1007 5013; x_wconf 80' lang='grc' dir='ltr'>πόλει,</span> <span class='ocrx_word' id='word_1_430' title='bbox 1029 4950 1116 5004; x_wconf 81' lang='grc' dir='ltr'>διὰ</span> <span class='ocrx_word' id='word_1_431' title='bbox 1139 4949 1201 5002; x_wconf 90' lang='lat'>:6</span> <span class='ocrx_word' id='word_1_432' title='bbox 1234 4950 1300 5003; x_wconf 91' lang='grc' dir='ltr'>ἐκ</span> <span class='ocrx_word' id='word_1_433' title='bbox 1333 4952 1589 5017; x_wconf 87' lang='grc' dir='ltr'>γειτόνων</span> <span class='ocrx_word' id='word_1_434' title='bbox 1618 4947 1757 5006; x_wconf 80' lang='grc' dir='ltr'>εἶναι</span> <span class='ocrx_word' id='word_1_435' title='bbox 1783 4955 1877 5006; x_wconf 78' lang='grc' dir='ltr'>καὶ</span> 
     </span>
    </p>
   </div>
   <div class='ocr_carea' id='block_1_58' title="bbox 295 5032 1877 5105">
    <p class='ocr_par' dir='ltr' id='par_1_58' title="bbox 295 5032 1877 5105">
     <span class='ocr_line' id='line_1_58' title="bbox 295 5032 1877 5105; baseline 0.001 -16"><span class='ocrx_word' id='word_1_436' title='bbox 295 5037 422 5100; x_wconf 80' lang='grc' dir='ltr'>τοὺς</span> <span class='ocrx_word' id='word_1_437' title='bbox 466 5034 853 5105; x_wconf 83' lang='grc' dir='ltr'>ἐλεγχομένους</span> <span class='ocrx_word' id='word_1_438' title='bbox 887 5034 983 5086; x_wconf 68' lang='grc' dir='ltr'>καὶ</span> <span class='ocrx_word' id='word_1_439' title='bbox 1018 5034 1145 5097; x_wconf 83' lang='grc' dir='ltr'>τοὺς</span> <span class='ocrx_word' id='word_1_440' title='bbox 1172 5032 1393 5096; x_wconf 82' lang='grc' dir='ltr'>λοιποὺς</span> <span class='ocrx_word' id='word_1_441' title='bbox 1424 5033 1533 5087; x_wconf 89' lang='grc' dir='ltr'>τῶν</span> <span class='ocrx_word' id='word_1_442' title='bbox 1561 5035 1877 5091; x_wconf 83' lang='grc' dir='ltr'>ἐπισκόπων</span> 
     </span>
    </p>
   </div>
   <div class='ocr_carea' id='block_1_59' title="bbox 293 5115 1873 5187">
    <p class='ocr_par' dir='ltr' id='par_1_59' title="bbox 293 5115 1873 5187">
     <span class='ocr_line' id='line_1_59' title="bbox 293 5115 1873 5187; baseline -0.001 -13"><span class='ocrx_word' id='word_1_443' title='bbox 293 5121 423 5183; x_wconf 76' lang='grc' dir='ltr'>τοὺς</span> <span class='ocrx_word' id='word_1_444' title='bbox 461 5118 774 5187; x_wconf 84' lang='grc' dir='ltr'>ὀφείλοντας</span> <span class='ocrx_word' id='word_1_445' title='bbox 813 5115 1128 5170; x_wconf 86' lang='grc' dir='ltr'>συνδικάσαι</span> <span class='ocrx_word' id='word_1_446' title='bbox 1179 5118 1294 5178; x_wconf 84' lang='grc' dir='ltr'>τοῖς</span> <span class='ocrx_word' id='word_1_447' title='bbox 1337 5116 1466 5187; x_wconf 80' lang='grc' dir='ltr'>περὶ</span> <span class='ocrx_word' id='word_1_448' title='bbox 1509 5118 1873 5187; x_wconf 87' lang='grc' dir='ltr'>Συγκλήτιον,</span> 
     </span>
    </p>
   </div>
   <div class='ocr_carea' id='block_1_60' title="bbox 293 5199 1878 5273">
    <p class='ocr_par' dir='ltr' id='par_1_60' title="bbox 293 5199 1878 5273">
     <span class='ocr_line' id='line_1_60' title="bbox 293 5199 1878 5273; baseline 0.002 -19"><span class='ocrx_word' id='word_1_449' title='bbox 293 5200 483 5254; x_wconf 86' lang='grc' dir='ltr'>τοῦτον</span> <span class='ocrx_word' id='word_1_450' title='bbox 508 5201 872 5270; x_wconf 88' lang='grc' dir='ltr'>ἀκοινώνητον</span> <span class='ocrx_word' id='word_1_451' title='bbox 896 5200 1161 5268; x_wconf 87' lang='grc' dir='ltr'>γίνεσθαι.</span> <span class='ocrx_word' id='word_1_452' title='bbox 1188 5199 1333 5270; x_wconf 84' lang='grc' dir='ltr'>Πρὸς</span> <span class='ocrx_word' id='word_1_453' title='bbox 1368 5200 1580 5263; x_wconf 84' lang='grc' dir='ltr'>τούτοις</span> <span class='ocrx_word' id='word_1_454' title='bbox 1608 5202 1878 5273; x_wconf 86' lang='grc' dir='ltr'>κατῆλθον</span> 
     </span>
    </p>
   </div>
   <div class='ocr_carea' id='block_1_61' title="bbox 293 5282 1871 5359">
    <p class='ocr_par' dir='ltr' id='par_1_61' title="bbox 293 5282 1871 5359">
     <span class='ocr_line' id='line_1_61' title="bbox 293 5282 1871 5359; baseline -0.001 -21"><span class='ocrx_word' id='word_1_455' title='bbox 293 5286 343 5338; x_wconf 68' lang='lat' dir='ltr'>oi</span> <span class='ocrx_word' id='word_1_456' title='bbox 370 5283 710 5348; x_wconf 87' lang='grc' dir='ltr'>τυπωθέντες</span> <span class='ocrx_word' id='word_1_457' title='bbox 742 5283 1071 5355; x_wconf 87' lang='grc' dir='ltr'>Συγκλήτιος</span> <span class='ocrx_word' id='word_1_458' title='bbox 1097 5284 1190 5336; x_wconf 77' lang='grc' dir='ltr'>καὶ</span> <span class='ocrx_word' id='word_1_459' title='bbox 1220 5282 1515 5347; x_wconf 83' lang='grc' dir='ltr'>Παλλάδιος</span> <span class='ocrx_word' id='word_1_460' title='bbox 1542 5285 1601 5336; x_wconf 86' lang='grc' dir='ltr'>ἐν</span> <span class='ocrx_word' id='word_1_461' title='bbox 1628 5286 1871 5359; x_wconf 79' lang='grc' dir='ltr'>Σμύρνῃ·</span> 
     </span>
    </p>
   </div>
   <div class='ocr_carea' id='block_1_62' title="bbox 292 5365 1877 5442">
    <p class='ocr_par' dir='ltr' id='par_1_62' title="bbox 292 5365 1877 5442">
     <span class='ocr_line' id='line_1_62' title="bbox 292 5365 1877 5442; baseline 0.002 -21"><span class='ocrx_word' id='word_1_462' title='bbox 292 5371 321 5421; x_wconf 89' lang='grc' dir='ltr'>ὁ</span> <span class='ocrx_word' id='word_1_463' title='bbox 341 5368 450 5439; x_wconf 76' lang='grc' dir='ltr'>γὰρ</span> <span class='ocrx_word' id='word_1_464' title='bbox 495 5365 746 5437; x_wconf 85' lang='grc' dir='ltr'>Ἡσύχιος</span> <span class='ocrx_word' id='word_1_465' title='bbox 774 5367 926 5436; x_wconf 83' lang='grc' dir='ltr'>φίλος</span> <span class='ocrx_word' id='word_1_466' title='bbox 951 5366 1026 5420; x_wconf 87' lang='grc' dir='ltr'>ῶν</span> <span class='ocrx_word' id='word_1_467' title='bbox 1052 5367 1148 5420; x_wconf 88' lang='grc' dir='ltr'>τοῦ</span> <span class='ocrx_word' id='word_1_468' title='bbox 1185 5367 1524 5433; x_wconf 86' lang='grc' dir='ltr'>Ἀντωνίνου,</span> <span class='ocrx_word' id='word_1_469' title='bbox 1547 5374 1877 5442; x_wconf 86' lang='grc' dir='ltr'>προσεποιή-</span> 
     </span>
    </p>
   </div>
   <div class='ocr_carea' id='block_1_63' title="bbox 296 5450 1874 5525">
    <p class='ocr_par' dir='ltr' id='par_1_63' title="bbox 296 5450 1874 5525">
     <span class='ocr_line' id='line_1_63' title="bbox 296 5450 1874 5525; baseline 0.003 -21"><span class='ocrx_word' id='word_1_470' title='bbox 296 5469 427 5504; x_wconf 86' lang='grc' dir='ltr'>σατο</span> <span class='ocrx_word' id='word_1_471' title='bbox 465 5450 846 5505; x_wconf 87' lang='grc' dir='ltr'>κεκακῶσθαι·</span> <span class='ocrx_word' id='word_1_472' title='bbox 883 5451 1112 5522; x_wconf 79' lang='grc' dir='ltr'>ἐξαυτῆς</span> <span class='ocrx_word' id='word_1_473' title='bbox 1151 5450 1207 5504; x_wconf 82' lang='grc' dir='ltr'>δὲ</span> <span class='ocrx_word' id='word_1_474' title='bbox 1242 5452 1551 5523; x_wconf 80' lang='grc' dir='ltr'>γράψαντες</span> <span class='ocrx_word' id='word_1_475' title='bbox 1592 5454 1874 5525; x_wconf 84' lang='grc' dir='ltr'>ἐσήμαναν</span> 
     </span>
    </p>
   </div>
   <div class='ocr_carea' id='block_1_64' title="bbox 294 5534 1874 5607">
    <p class='ocr_par' dir='ltr' id='par_1_64' title="bbox 294 5534 1874 5607">
     <span class='ocr_line' id='line_1_64' title="bbox 294 5534 1874 5607; baseline 0.005 -21"><span class='ocrx_word' id='word_1_476' title='bbox 294 5534 621 5606; x_wconf 70' lang='grc' dir='ltr'>ἀμφοτέροις</span> <span class='ocrx_word' id='word_1_477' title='bbox 656 5536 770 5598; x_wconf 87' lang='grc' dir='ltr'>τοῖς</span> <span class='ocrx_word' id='word_1_478' title='bbox 809 5535 998 5605; x_wconf 87' lang='grc' dir='ltr'>μέρεσι</span> <span class='ocrx_word' id='word_1_479' title='bbox 1047 5535 1146 5605; x_wconf 84' lang='grc' dir='ltr'>τὴν</span> <span class='ocrx_word' id='word_1_480' title='bbox 1183 5534 1391 5588; x_wconf 81' lang='grc' dir='ltr'>ἑαυτῶν</span> <span class='ocrx_word' id='word_1_481' title='bbox 1428 5534 1720 5607; x_wconf 81' lang='grc' dir='ltr'>ἐπιδημίαν</span> <span class='ocrx_word' id='word_1_482' title='bbox 1743 5578 1757 5600; x_wconf 93' lang='grc'>,</span> <span class='ocrx_word' id='word_1_483' title='bbox 1788 5540 1874 5594; x_wconf 84' lang='grc' dir='ltr'>ἵνα</span> 
     </span>
    </p>
   </div>
   <div class='ocr_carea' id='block_1_65' title="bbox 295 5616 1872 5692">
    <p class='ocr_par' dir='ltr' id='par_1_65' title="bbox 295 5616 1872 5692">
     <span class='ocr_line' id='line_1_65' title="bbox 295 5616 1872 5692; baseline 0.003 -21"><span class='ocrx_word' id='word_1_484' title='bbox 295 5617 692 5687; x_wconf 81' lang='grc' dir='ltr'>συνδραμόντες</span> <span class='ocrx_word' id='word_1_485' title='bbox 721 5620 803 5681; x_wconf 70' lang='grc' dir='ltr'>είς</span> <span class='ocrx_word' id='word_1_486' title='bbox 822 5618 921 5687; x_wconf 82' lang='grc' dir='ltr'>τὴν</span> <span class='ocrx_word' id='word_1_487' title='bbox 940 5617 1250 5689; x_wconf 83' lang='grc' dir='ltr'>ὡρισμένην</span> <span class='ocrx_word' id='word_1_488' title='bbox 1276 5616 1450 5683; x_wconf 88' lang='grc' dir='ltr'>πόλιν,</span> <span class='ocrx_word' id='word_1_489' title='bbox 1474 5618 1872 5692; x_wconf 72' lang='grc' dir='ltr'>ἐκπληρώσωσι</span> 
     </span>
    </p>
   </div>
   <div class='ocr_carea' id='block_1_66' title="bbox 352 5750 1141 5821">
    <p class='ocr_par' dir='ltr' id='par_1_66' title="bbox 352 5750 1141 5821">
     <span class='ocr_line' id='line_1_66' title="bbox 352 5750 1141 5821; baseline -0.01 -13"><span class='ocrx_word' id='word_1_490' title='bbox 352 5755 382 5787; x_wconf 80' lang='grc'><strong><em>⁸</em></strong></span> <span class='ocrx_word' id='word_1_491' title='bbox 401 5752 479 5807; x_wconf 70' lang='lat' dir='ltr'><strong>An</strong></span> <span class='ocrx_word' id='word_1_492' title='bbox 500 5754 767 5821; x_wconf 73' lang='lat' dir='ltr'>legendum</span> <span class='ocrx_word' id='word_1_493' title='bbox 786 5750 1141 5811; x_wconf 65' lang='grc' dir='ltr'>ὑπώεϐηκὸσιῗ</span> 
     </span>
    </p>
   </div>
   <div class='ocr_carea' id='block_1_67' title="bbox 1984 351 3567 425">
    <p class='ocr_par' dir='ltr' id='par_1_67' title="bbox 1984 351 3567 425">
     <span class='ocr_line' id='line_1_67' title="bbox 1984 351 3567 425; baseline 0 -17"><span class='ocrx_word' id='word_1_494' title='bbox 1984 355 2084 419; x_wconf 84' lang='grc' dir='ltr'>τὰς</span> <span class='ocrx_word' id='word_1_495' title='bbox 2126 353 2470 424; x_wconf 84' lang='grc' dir='ltr'>ὑποσχέσεις.</span> <span class='ocrx_word' id='word_1_496' title='bbox 2521 355 2585 408; x_wconf 85' lang='grc' dir='ltr'>οἱ</span> <span class='ocrx_word' id='word_1_497' title='bbox 2631 353 2691 406; x_wconf 86' lang='grc' dir='ltr'>δέ</span> <span class='ocrx_word' id='word_1_498' title='bbox 2740 353 3029 417; x_wconf 73' lang='grc' dir='ltr'>πείσαντες</span> <span class='ocrx_word' id='word_1_499' title='bbox 3069 351 3359 424; x_wconf 78' lang='grc' dir='ltr'>ἀλλήλους,</span> <span class='ocrx_word' id='word_1_500' title='bbox 3398 353 3428 406; x_wconf 90' lang='lat'>6</span> <span class='ocrx_word' id='word_1_501' title='bbox 3467 353 3567 425; x_wconf 78' lang='grc' dir='ltr'>μὲν</span> 
     </span>
    </p>
   </div>
   <div class='ocr_carea' id='block_1_68' title="bbox 1988 435 3570 509">
    <p class='ocr_par' dir='ltr' id='par_1_68' title="bbox 1988 435 3570 509">
     <span class='ocr_line' id='line_1_68' title="bbox 1988 435 3570 509; baseline 0.001 -18"><span class='ocrx_word' id='word_1_502' title='bbox 1988 439 2218 509; x_wconf 84' lang='grc' dir='ltr'>χρυσίῳ,</span> <span class='ocrx_word' id='word_1_503' title='bbox 2247 440 2276 491; x_wconf 92' lang='lat'>6</span> <span class='ocrx_word' id='word_1_504' title='bbox 2315 437 2373 491; x_wconf 83' lang='grc' dir='ltr'>δέ</span> <span class='ocrx_word' id='word_1_505' title='bbox 2414 438 2592 508; x_wconf 81' lang='grc' dir='ltr'>ὅρκῳ,</span> <span class='ocrx_word' id='word_1_506' title='bbox 2623 436 2766 507; x_wconf 89' lang='grc' dir='ltr'>φίλοι</span> <span class='ocrx_word' id='word_1_507' title='bbox 2794 436 3050 505; x_wconf 78' lang='grc' dir='ltr'>γεγόνασι</span> <span class='ocrx_word' id='word_1_508' title='bbox 3081 435 3190 508; x_wconf 80' lang='grc' dir='ltr'>πρὸ</span> <span class='ocrx_word' id='word_1_509' title='bbox 3211 435 3317 507; x_wconf 89' lang='grc' dir='ltr'>τῆς</span> <span class='ocrx_word' id='word_1_510' title='bbox 3350 436 3462 491; x_wconf 79' lang='grc' dir='ltr'>τῶν</span> <span class='ocrx_word' id='word_1_511' title='bbox 3488 437 3570 493; x_wconf 86' lang='grc' dir='ltr'>δι-</span> 
     </span>
    </p>
   </div>
   <div class='ocr_carea' id='block_1_69' title="bbox 1984 519 3566 592">
    <p class='ocr_par' dir='ltr' id='par_1_69' title="bbox 1984 519 3566 592">
     <span class='ocr_line' id='line_1_69' title="bbox 1984 519 3566 592; baseline -0.001 -19"><span class='ocrx_word' id='word_1_512' title='bbox 1984 520 2204 574; x_wconf 88' lang='grc' dir='ltr'>καστῶν</span> <span class='ocrx_word' id='word_1_513' title='bbox 2241 522 2564 592; x_wconf 87' lang='grc' dir='ltr'>παρουσίας.</span> <span class='ocrx_word' id='word_1_514' title='bbox 2599 520 3006 591; x_wconf 87' lang='grc' dir='ltr'>Συνδραμόντες</span> <span class='ocrx_word' id='word_1_515' title='bbox 3038 519 3097 573; x_wconf 85' lang='grc' dir='ltr'>δέ</span> <span class='ocrx_word' id='word_1_516' title='bbox 3135 520 3376 590; x_wconf 88' lang='grc' dir='ltr'>σχήματι</span> <span class='ocrx_word' id='word_1_517' title='bbox 3404 521 3463 573; x_wconf 88' lang='grc' dir='ltr'>ἐν</span> <span class='ocrx_word' id='word_1_518' title='bbox 3498 523 3566 591; x_wconf 80' lang='grc' dir='ltr'>τῇ</span> 
     </span>
    </p>
   </div>
   <div class='ocr_carea' id='block_1_70' title="bbox 1994 601 3567 674">
    <p class='ocr_par' dir='ltr' id='par_1_70' title="bbox 1994 601 3567 674">
     <span class='ocr_line' id='line_1_70' title="bbox 1994 601 3567 674; baseline 0 -19"><span class='ocrx_word' id='word_1_519' title='bbox 1994 603 2363 666; x_wconf 85' lang='grc' dir='ltr'>Ύπαιπινῶν,</span> <span class='ocrx_word' id='word_1_520' title='bbox 2412 604 2660 674; x_wconf 75' lang='grc' dir='ltr'>ἐνόμιζον</span> <span class='ocrx_word' id='word_1_521' title='bbox 2705 604 2834 667; x_wconf 83' lang='grc' dir='ltr'>τοὺς</span> <span class='ocrx_word' id='word_1_522' title='bbox 2882 601 3078 673; x_wconf 86' lang='grc' dir='ltr'>κριτὰς</span> <span class='ocrx_word' id='word_1_523' title='bbox 3130 601 3436 666; x_wconf 76' lang='grc' dir='ltr'>διαπαίζειν</span> <span class='ocrx_word' id='word_1_524' title='bbox 3470 603 3567 655; x_wconf 76' lang='grc' dir='ltr'>ἐπὶ</span> 
     </span>
    </p>
   </div>
   <div class='ocr_carea' id='block_1_71' title="bbox 1985 685 3568 760">
    <p class='ocr_par' dir='ltr' id='par_1_71' title="bbox 1985 685 3568 760">
     <span class='ocr_line' id='line_1_71' title="bbox 1985 685 3568 760; baseline -0.003 -18"><span class='ocrx_word' id='word_1_525' title='bbox 1985 687 2276 760; x_wconf 75' lang='grc' dir='ltr'>ὑπερθέσει</span> <span class='ocrx_word' id='word_1_526' title='bbox 2300 687 2462 741; x_wconf 86' lang='grc' dir='ltr'>πάλιν</span> <span class='ocrx_word' id='word_1_527' title='bbox 2489 688 2598 741; x_wconf 89' lang='grc' dir='ltr'>τῶν</span> <span class='ocrx_word' id='word_1_528' title='bbox 2632 687 2944 759; x_wconf 88' lang='grc' dir='ltr'>μαρτύρων,</span> <span class='ocrx_word' id='word_1_529' title='bbox 2974 685 3049 750; x_wconf 88' lang='grc' dir='ltr'>ώς</span> <span class='ocrx_word' id='word_1_530' title='bbox 3076 685 3461 756; x_wconf 73' lang='grc' dir='ltr'>ἐκδημοῦντων</span> <span class='ocrx_word' id='word_1_531' title='bbox 3487 688 3568 750; x_wconf 86' lang='grc' dir='ltr'>είς</span> 
     </span>
    </p>
   </div>
   <div class='ocr_carea' id='block_1_72' title="bbox 1982 767 3567 842">
    <p class='ocr_par' dir='ltr' id='par_1_72' title="bbox 1982 767 3567 842">
     <span class='ocr_line' id='line_1_72' title="bbox 1982 767 3567 842; baseline 0.002 -20"><span class='ocrx_word' id='word_1_532' title='bbox 1982 770 2272 841; x_wconf 83' lang='grc' dir='ltr'>διαφόρους</span> <span class='ocrx_word' id='word_1_533' title='bbox 2302 771 2512 842; x_wconf 87' lang='grc' dir='ltr'>χρείας.</span> <span class='ocrx_word' id='word_1_534' title='bbox 2546 770 2689 840; x_wconf 70' lang='grc' dir='ltr'>Πρὸς</span> <span class='ocrx_word' id='word_1_535' title='bbox 2714 770 2926 833; x_wconf 89' lang='grc' dir='ltr'>τούτοις</span> <span class='ocrx_word' id='word_1_536' title='bbox 2956 768 3307 840; x_wconf 85' lang='grc' dir='ltr'>ἐπερωτῶσιν</span> <span class='ocrx_word' id='word_1_537' title='bbox 3335 770 3383 822; x_wconf 87' lang='grc' dir='ltr'>οἱ</span> <span class='ocrx_word' id='word_1_538' title='bbox 3412 767 3567 825; x_wconf 88' lang='grc' dir='ltr'>δικα-</span> 
     </span>
    </p>
   </div>
   <div class='ocr_carea' id='block_1_73' title="bbox 1985 848 3567 925">
    <p class='ocr_par' dir='ltr' id='par_1_73' title="bbox 1985 848 3567 925">
     <span class='ocr_line' id='line_1_73' title="bbox 1985 848 3567 925; baseline 0 -18"><span class='ocrx_word' id='word_1_539' title='bbox 1985 854 2108 907; x_wconf 75' lang='grc' dir='ltr'>σταὶ</span> <span class='ocrx_word' id='word_1_540' title='bbox 2133 854 2223 906; x_wconf 84' lang='grc' dir='ltr'>τὸν</span> <span class='ocrx_word' id='word_1_541' title='bbox 2241 855 2568 925; x_wconf 82' lang='grc' dir='ltr'>κατήγορον·</span> <span class='ocrx_word' id='word_1_542' title='bbox 2599 854 2778 917; x_wconf 82' lang='grc' dir='ltr'>Ἐντὸς</span> <span class='ocrx_word' id='word_1_543' title='bbox 2794 848 2888 907; x_wconf 81' lang='grc' dir='ltr'>οῦν</span> <span class='ocrx_word' id='word_1_544' title='bbox 2913 852 3097 907; x_wconf 90' lang='grc' dir='ltr'>ποσῶν</span> <span class='ocrx_word' id='word_1_545' title='bbox 3117 853 3341 925; x_wconf 81' lang='grc' dir='ltr'>ἡμερῶν</span> <span class='ocrx_word' id='word_1_546' title='bbox 3360 854 3567 923; x_wconf 88' lang='grc' dir='ltr'>διάγεις</span> 
     </span>
    </p>
   </div>
   <div class='ocr_carea' id='block_1_74' title="bbox 1982 936 3569 1009">
    <p class='ocr_par' dir='ltr' id='par_1_74' title="bbox 1982 936 3569 1009">
     <span class='ocr_line' id='line_1_74' title="bbox 1982 936 3569 1009; baseline -0.001 -19"><span class='ocrx_word' id='word_1_547' title='bbox 1982 938 2210 1001; x_wconf 77' lang='grc' dir='ltr'>αύτούςς</span> <span class='ocrx_word' id='word_1_548' title='bbox 2246 937 2340 991; x_wconf 76' lang='grc' dir='ltr'>καὶ</span> <span class='ocrx_word' id='word_1_549' title='bbox 2370 936 2722 1009; x_wconf 82' lang='grc' dir='ltr'>ἐκδεχόμεθα.</span> <span class='ocrx_word' id='word_1_550' title='bbox 2752 936 2999 1007; x_wconf 84' lang='grc' dir='ltr'>Νομίσας</span> <span class='ocrx_word' id='word_1_551' title='bbox 3022 938 3221 1000; x_wconf 80' lang='grc' dir='ltr'>αὑτοὺς</span> <span class='ocrx_word' id='word_1_552' title='bbox 3245 937 3569 1009; x_wconf 85' lang='grc' dir='ltr'>δυσφοροῦν-</span> 
     </span>
    </p>
   </div>
   <div class='ocr_carea' id='block_1_75' title="bbox 1981 1016 3564 1093">
    <p class='ocr_par' dir='ltr' id='par_1_75' title="bbox 1981 1016 3564 1093">
     <span class='ocr_line' id='line_1_75' title="bbox 1981 1016 3564 1093; baseline 0 -20"><span class='ocrx_word' id='word_1_553' title='bbox 1981 1038 2081 1084; x_wconf 89' lang='grc' dir='ltr'>τας</span> <span class='ocrx_word' id='word_1_554' title='bbox 2110 1021 2245 1092; x_wconf 81' lang='grc' dir='ltr'>πρδς</span> <span class='ocrx_word' id='word_1_555' title='bbox 2275 1021 2375 1091; x_wconf 90' lang='grc' dir='ltr'>τὴν</span> <span class='ocrx_word' id='word_1_556' title='bbox 2406 1021 2517 1074; x_wconf 91' lang='grc' dir='ltr'>τῶν</span> <span class='ocrx_word' id='word_1_557' title='bbox 2557 1021 2733 1093; x_wconf 78' lang='grc' dir='ltr'>ἀέρων</span> <span class='ocrx_word' id='word_1_558' title='bbox 2750 1020 3062 1091; x_wconf 81' lang='grc' dir='ltr'>οέπάχθειαν</span> <span class='ocrx_word' id='word_1_559' title='bbox 3102 1020 3410 1091; x_wconf 84' lang='grc' dir='ltr'>ἀποχωρεῖν</span> <span class='ocrx_word' id='word_1_560' title='bbox 3452 1016 3564 1091; x_wconf 77' lang='grc' dir='ltr'>(ἦν</span> 
     </span>
    </p>
   </div>
   <div class='ocr_carea' id='block_1_76' title="bbox 1982 1101 3566 1176">
    <p class='ocr_par' dir='ltr' id='par_1_76' title="bbox 1982 1101 3566 1176">
     <span class='ocr_line' id='line_1_76' title="bbox 1982 1101 3566 1176; baseline 0 -20"><span class='ocrx_word' id='word_1_561' title='bbox 1982 1104 2092 1175; x_wconf 84' lang='grc' dir='ltr'>γὰρ</span> <span class='ocrx_word' id='word_1_562' title='bbox 2117 1104 2179 1156; x_wconf 85' lang='lat'>:6</span> <span class='ocrx_word' id='word_1_563' title='bbox 2208 1104 2509 1176; x_wconf 83' lang='grc' dir='ltr'>ἀκραιφνὲς</span> <span class='ocrx_word' id='word_1_564' title='bbox 2529 1104 2630 1174; x_wconf 87' lang='grc' dir='ltr'>τῆς</span> <span class='ocrx_word' id='word_1_565' title='bbox 2652 1103 2870 1176; x_wconf 88' lang='grc' dir='ltr'>θερινῆς</span> <span class='ocrx_word' id='word_1_566' title='bbox 2899 1101 3081 1174; x_wconf 83' lang='grc' dir='ltr'>ὥρας)</span> <span class='ocrx_word' id='word_1_567' title='bbox 3100 1103 3387 1173; x_wconf 84' lang='grc' dir='ltr'>ὑπέσχετο,</span> <span class='ocrx_word' id='word_1_568' title='bbox 3413 1104 3566 1168; x_wconf 78' lang='grc' dir='ltr'>ἐντὸς</span> 
     </span>
    </p>
   </div>
   <div class='ocr_carea' id='block_1_77' title="bbox 1983 1188 3566 1261">
    <p class='ocr_par' dir='ltr' id='par_1_77' title="bbox 1983 1188 3566 1261">
     <span class='ocr_line' id='line_1_77' title="bbox 1983 1188 3566 1261; baseline -0.001 -19"><span class='ocrx_word' id='word_1_569' title='bbox 1983 1189 2391 1261; x_wconf 87' lang='grc' dir='ltr'>τεσσαράκοντα</span> <span class='ocrx_word' id='word_1_570' title='bbox 2408 1189 2632 1261; x_wconf 81' lang='grc' dir='ltr'>ἡμερῶν</span> <span class='ocrx_word' id='word_1_571' title='bbox 2658 1188 2951 1258; x_wconf 83' lang='grc' dir='ltr'>ἐγγράφως</span> <span class='ocrx_word' id='word_1_572' title='bbox 2971 1188 3004 1257; x_wconf 81' lang='grc' dir='ltr'><strong>ἢ</strong></span> <span class='ocrx_word' id='word_1_573' title='bbox 3032 1190 3186 1256; x_wconf 85' lang='grc' dir='ltr'>ἄγειν</span> <span class='ocrx_word' id='word_1_574' title='bbox 3207 1188 3331 1252; x_wconf 80' lang='grc' dir='ltr'>τοὺς</span> <span class='ocrx_word' id='word_1_575' title='bbox 3358 1189 3566 1258; x_wconf 88' lang='grc' dir='ltr'>μάρτυ-</span> 
     </span>
    </p>
   </div>
   <div class='ocr_carea' id='block_1_78' title="bbox 1989 1268 3563 1344">
    <p class='ocr_par' dir='ltr' id='par_1_78' title="bbox 1989 1268 3563 1344">
     <span class='ocr_line' id='line_1_78' title="bbox 1989 1268 3563 1344; baseline -0.001 -18"><span class='ocrx_word' id='word_1_576' title='bbox 1989 1288 2089 1344; x_wconf 90' lang='grc' dir='ltr'>ρας</span> <span class='ocrx_word' id='word_1_577' title='bbox 2119 1272 2152 1343; x_wconf 84' lang='grc' dir='ltr'>ἢ</span> <span class='ocrx_word' id='word_1_578' title='bbox 2189 1273 2518 1341; x_wconf 78' lang='grc' dir='ltr'>ὑφίστασθαι</span> <span class='ocrx_word' id='word_1_579' title='bbox 2546 1272 2616 1326; x_wconf 90' lang='grc' dir='ltr'>τά</span> <span class='ocrx_word' id='word_1_580' title='bbox 2641 1273 2752 1326; x_wconf 88' lang='grc' dir='ltr'>τῶν</span> <span class='ocrx_word' id='word_1_581' title='bbox 2775 1272 3037 1326; x_wconf 86' lang='grc' dir='ltr'>κανόνων.</span> <span class='ocrx_word' id='word_1_582' title='bbox 3090 1271 3337 1340; x_wconf 73' lang='grc' dir='ltr'>Ἀφεθεὶς</span> <span class='ocrx_word' id='word_1_583' title='bbox 3365 1268 3459 1325; x_wconf 85' lang='grc' dir='ltr'>οὖν</span> <span class='ocrx_word' id='word_1_584' title='bbox 3485 1274 3563 1336; x_wconf 80' lang='grc' dir='ltr'>είς</span> 
     </span>
    </p>
   </div>
   <div class='ocr_carea' id='block_1_79' title="bbox 1985 1353 3561 1427">
    <p class='ocr_par' dir='ltr' id='par_1_79' title="bbox 1985 1353 3561 1427">
     <span class='ocr_line' id='line_1_79' title="bbox 1985 1353 3561 1427; baseline 0.001 -21"><span class='ocrx_word' id='word_1_585' title='bbox 1985 1354 2308 1426; x_wconf 81' lang='grc' dir='ltr'>ἐπιζήτησιν</span> <span class='ocrx_word' id='word_1_586' title='bbox 2340 1355 2449 1409; x_wconf 90' lang='grc' dir='ltr'>τῶν</span> <span class='ocrx_word' id='word_1_587' title='bbox 2489 1355 2813 1427; x_wconf 89' lang='grc' dir='ltr'>μαρτύρων,</span> <span class='ocrx_word' id='word_1_588' title='bbox 2852 1353 3170 1409; x_wconf 81' lang='grc' dir='ltr'>καταλιπὼν</span> <span class='ocrx_word' id='word_1_589' title='bbox 3205 1354 3269 1408; x_wconf 87' lang='lat'>:6</span> <span class='ocrx_word' id='word_1_590' title='bbox 3299 1357 3561 1425; x_wconf 80' lang='grc' dir='ltr'>πρᾶγμα,</span> 
     </span>
    </p>
   </div>
   <div class='ocr_carea' id='block_1_80' title="bbox 1984 1438 3567 1511">
    <p class='ocr_par' dir='ltr' id='par_1_80' title="bbox 1984 1438 3567 1511">
     <span class='ocr_line' id='line_1_80' title="bbox 1984 1438 3567 1511; baseline -0.002 -18"><span class='ocrx_word' id='word_1_591' title='bbox 1984 1439 2398 1511; x_wconf 78' lang='grc' dir='ltr'>καταλαμϐάνει</span> <span class='ocrx_word' id='word_1_592' title='bbox 2416 1440 2515 1511; x_wconf 82' lang='grc' dir='ltr'>τὴν</span> <span class='ocrx_word' id='word_1_593' title='bbox 2541 1438 3134 1504; x_wconf 84' lang='grc' dir='ltr'>Κωνσταντινούπολιν,</span> <span class='ocrx_word' id='word_1_594' title='bbox 3160 1440 3339 1492; x_wconf 84' lang='grc' dir='ltr'>ἐκεῖσε</span> <span class='ocrx_word' id='word_1_595' title='bbox 3360 1438 3567 1492; x_wconf 88' lang='grc' dir='ltr'>διαλαν-</span> 
     </span>
    </p>
   </div>
   <div class='ocr_carea' id='block_1_81' title="bbox 1984 1521 3564 1595">
    <p class='ocr_par' dir='ltr' id='par_1_81' title="bbox 1984 1521 3564 1595">
     <span class='ocr_line' id='line_1_81' title="bbox 1984 1521 3564 1595; baseline -0.001 -19"><span class='ocrx_word' id='word_1_596' title='bbox 1984 1522 2182 1578; x_wconf 88' lang='grc' dir='ltr'>θάνων.</span> <span class='ocrx_word' id='word_1_597' title='bbox 2224 1521 2561 1587; x_wconf 79' lang='grc' dir='ltr'>Ἐξεδέξαντο</span> <span class='ocrx_word' id='word_1_598' title='bbox 2585 1525 2634 1575; x_wconf 85' lang='grc' dir='ltr'>οί</span> <span class='ocrx_word' id='word_1_599' title='bbox 2656 1522 2841 1594; x_wconf 77' lang='grc' dir='ltr'>κριταὶ</span> <span class='ocrx_word' id='word_1_600' title='bbox 2868 1521 2968 1587; x_wconf 81' lang='grc' dir='ltr'>τὰς</span> <span class='ocrx_word' id='word_1_601' title='bbox 2992 1521 3403 1595; x_wconf 87' lang='grc' dir='ltr'>τεσσαράκοντα</span> <span class='ocrx_word' id='word_1_602' title='bbox 3426 1522 3564 1592; x_wconf 84' lang='grc' dir='ltr'>ήμὲ-</span> 
     </span>
    </p>
   </div>
   <div class='ocr_carea' id='block_1_82' title="bbox 1986 1606 3564 1679">
    <p class='ocr_par' dir='ltr' id='par_1_82' title="bbox 1986 1606 3564 1679">
     <span class='ocr_line' id='line_1_82' title="bbox 1986 1606 3564 1679; baseline -0.002 -17"><span class='ocrx_word' id='word_1_603' title='bbox 1986 1624 2105 1679; x_wconf 90' lang='grc' dir='ltr'>ρας,</span> <span class='ocrx_word' id='word_1_604' title='bbox 2136 1607 2213 1671; x_wconf 91' lang='grc' dir='ltr'>ώς</span> <span class='ocrx_word' id='word_1_605' title='bbox 2246 1607 2412 1670; x_wconf 79' lang='grc' dir='ltr'>εἰκός·</span> <span class='ocrx_word' id='word_1_606' title='bbox 2454 1607 2547 1660; x_wconf 80' lang='grc' dir='ltr'>καὶ</span> <span class='ocrx_word' id='word_1_607' title='bbox 2586 1608 2662 1672; x_wconf 88' lang='grc' dir='ltr'>ὼς</span> <span class='ocrx_word' id='word_1_608' title='bbox 2680 1607 2916 1678; x_wconf 79' lang='grc' dir='ltr'>οὐδαμοῦ</span> <span class='ocrx_word' id='word_1_609' title='bbox 2954 1607 3150 1679; x_wconf 85' lang='grc' dir='ltr'>ἐφάνη,</span> <span class='ocrx_word' id='word_1_610' title='bbox 3191 1606 3564 1661; x_wconf 80' lang='grc' dir='ltr'>ἐπιστέλλουσι</span> 
     </span>
    </p>
   </div>
   <div class='ocr_carea' id='block_1_83' title="bbox 1980 1689 3565 1761">
    <p class='ocr_par' dir='ltr' id='par_1_83' title="bbox 1980 1689 3565 1761">
     <span class='ocr_line' id='line_1_83' title="bbox 1980 1689 3565 1761; baseline 0.001 -19"><span class='ocrx_word' id='word_1_611' title='bbox 1980 1692 2094 1754; x_wconf 89' lang='grc' dir='ltr'>τοῖς</span> <span class='ocrx_word' id='word_1_612' title='bbox 2128 1689 2404 1759; x_wconf 89' lang='grc' dir='ltr'>πανταχοῦ</span> <span class='ocrx_word' id='word_1_613' title='bbox 2445 1690 2547 1760; x_wconf 88' lang='grc' dir='ltr'>τῆς</span> <span class='ocrx_word' id='word_1_614' title='bbox 2602 1691 2786 1754; x_wconf 86' lang='grc' dir='ltr'>Ἀσίας</span> <span class='ocrx_word' id='word_1_615' title='bbox 2837 1690 3157 1754; x_wconf 85' lang='grc' dir='ltr'>ἐπισκόποις</span> <span class='ocrx_word' id='word_1_616' title='bbox 3181 1732 3197 1755; x_wconf 93' lang='grc'>,</span> <span class='ocrx_word' id='word_1_617' title='bbox 3240 1691 3565 1761; x_wconf 86' lang='grc' dir='ltr'>ποιήσαντες</span> 
     </span>
    </p>
   </div>
   <div class='ocr_carea' id='block_1_84' title="bbox 1984 1772 3566 1845">
    <p class='ocr_par' dir='ltr' id='par_1_84' title="bbox 1984 1772 3566 1845">
     <span class='ocr_line' id='line_1_84' title="bbox 1984 1772 3566 1845; baseline -0.001 -19"><span class='ocrx_word' id='word_1_618' title='bbox 1984 1773 2144 1826; x_wconf 84' lang='grc' dir='ltr'>αὑτὸν</span> <span class='ocrx_word' id='word_1_619' title='bbox 2178 1772 2612 1844; x_wconf 86' lang='grc' dir='ltr'>ἀκοινώνητον,ἢ</span> <span class='ocrx_word' id='word_1_620' title='bbox 2639 1773 2714 1837; x_wconf 86' lang='grc' dir='ltr'>ώς</span> <span class='ocrx_word' id='word_1_621' title='bbox 2744 1773 3074 1845; x_wconf 86' lang='grc' dir='ltr'>λιποτάκτην</span> <span class='ocrx_word' id='word_1_622' title='bbox 3112 1774 3145 1845; x_wconf 86' lang='grc' dir='ltr'>ἢ</span> <span class='ocrx_word' id='word_1_623' title='bbox 3178 1773 3254 1838; x_wconf 90' lang='grc' dir='ltr'>ώς</span> <span class='ocrx_word' id='word_1_624' title='bbox 3297 1773 3566 1841; x_wconf 84' lang='grc' dir='ltr'>συκοφάν-</span> 
     </span>
    </p>
   </div>
   <div class='ocr_carea' id='block_1_85' title="bbox 1980 1857 3563 1932">
    <p class='ocr_par' dir='ltr' id='par_1_85' title="bbox 1980 1857 3563 1932">
     <span class='ocr_line' id='line_1_85' title="bbox 1980 1857 3563 1932; baseline 0.002 -23"><span class='ocrx_word' id='word_1_625' title='bbox 1980 1873 2081 1927; x_wconf 90' lang='grc' dir='ltr'>την</span> <span class='ocrx_word' id='word_1_626' title='bbox 2098 1876 2111 1888; x_wconf 88' lang='grc'><strong>·</strong></span> <span class='ocrx_word' id='word_1_627' title='bbox 2145 1857 2282 1927; x_wconf 86' lang='grc' dir='ltr'>μετά</span> <span class='ocrx_word' id='word_1_628' title='bbox 2299 1857 2355 1910; x_wconf 86' lang='grc' dir='ltr'>δέ</span> <span class='ocrx_word' id='word_1_629' title='bbox 2374 1858 2531 1910; x_wconf 87' lang='grc' dir='ltr'>τοῦτο</span> <span class='ocrx_word' id='word_1_630' title='bbox 2551 1860 2889 1930; x_wconf 90' lang='grc' dir='ltr'>προσεκαρτέ</span> <span class='ocrx_word' id='word_1_631' title='bbox 2898 1876 3067 1930; x_wconf 87' lang='grc' dir='ltr'>ρησαν</span> <span class='ocrx_word' id='word_1_632' title='bbox 3088 1859 3250 1923; x_wconf 81' lang='grc' dir='ltr'>ἄλλας</span> <span class='ocrx_word' id='word_1_633' title='bbox 3270 1860 3563 1932; x_wconf 83' lang='grc' dir='ltr'>τριάκοντα</span> 
     </span>
    </p>
   </div>
   <div class='ocr_carea' id='block_1_86' title="bbox 1982 1940 3563 2016">
    <p class='ocr_par' dir='ltr' id='par_1_86' title="bbox 1982 1940 3563 2016">
     <span class='ocr_line' id='line_1_86' title="bbox 1982 1940 3563 2016; baseline 0.002 -22"><span class='ocrx_word' id='word_1_634' title='bbox 1982 1941 2214 2012; x_wconf 77' lang='grc' dir='ltr'>ἡμέρας,</span> <span class='ocrx_word' id='word_1_635' title='bbox 2239 1944 2332 1996; x_wconf 73' lang='grc' dir='ltr'>καὶ</span> <span class='ocrx_word' id='word_1_636' title='bbox 2347 1942 2422 2005; x_wconf 89' lang='grc' dir='ltr'>ώς</span> <span class='ocrx_word' id='word_1_637' title='bbox 2445 1941 2682 2013; x_wconf 81' lang='grc' dir='ltr'>οὐδαμοῦ</span> <span class='ocrx_word' id='word_1_638' title='bbox 2706 1945 2899 2014; x_wconf 86' lang='grc' dir='ltr'>ἐφάνη,</span> <span class='ocrx_word' id='word_1_639' title='bbox 2922 1944 3379 2016; x_wconf 87' lang='grc' dir='ltr'>ἀναχωρήσαντες</span> <span class='ocrx_word' id='word_1_640' title='bbox 3399 1940 3563 2015; x_wconf 82' lang='grc' dir='ltr'>ἦλθον</span> 
     </span>
    </p>
   </div>
   <div class='ocr_carea' id='block_1_87' title="bbox 1981 2025 3560 2097">
    <p class='ocr_par' dir='ltr' id='par_1_87' title="bbox 1981 2025 3560 2097">
     <span class='ocr_line' id='line_1_87' title="bbox 1981 2025 3560 2097; baseline 0.001 -21"><span class='ocrx_word' id='word_1_641' title='bbox 1981 2025 2063 2088; x_wconf 88' lang='grc' dir='ltr'>είς</span> <span class='ocrx_word' id='word_1_642' title='bbox 2079 2025 2177 2097; x_wconf 80' lang='grc' dir='ltr'>τὴν</span> <span class='ocrx_word' id='word_1_643' title='bbox 2190 2025 2778 2080; x_wconf 85' lang='grc' dir='ltr'>Κωνσταντινούπολιν·</span> <span class='ocrx_word' id='word_1_644' title='bbox 2798 2028 2959 2080; x_wconf 88' lang='grc' dir='ltr'>κάκεῖ</span> <span class='ocrx_word' id='word_1_645' title='bbox 2980 2027 3364 2097; x_wconf 89' lang='grc' dir='ltr'>περιτυχόντες</span> <span class='ocrx_word' id='word_1_646' title='bbox 3387 2025 3560 2096; x_wconf 81' lang='grc' dir='ltr'>αὐτῷ,</span> 
     </span>
    </p>
   </div>
   <div class='ocr_carea' id='block_1_88' title="bbox 1981 2108 3562 2185">
    <p class='ocr_par' dir='ltr' id='par_1_88' title="bbox 1981 2108 3562 2185">
     <span class='ocr_line' id='line_1_88' title="bbox 1981 2108 3562 2185; baseline 0.001 -23"><span class='ocrx_word' id='word_1_647' title='bbox 1981 2108 2271 2163; x_wconf 85' lang='grc' dir='ltr'>ἐνεκάλουν</span> <span class='ocrx_word' id='word_1_648' title='bbox 2305 2110 2398 2163; x_wconf 71' lang='grc' dir='ltr'>ἐπὶ</span> <span class='ocrx_word' id='word_1_649' title='bbox 2429 2108 2508 2180; x_wconf 82' lang='grc' dir='ltr'>τῷ</span> <span class='ocrx_word' id='word_1_650' title='bbox 2539 2111 2943 2183; x_wconf 84' lang='grc' dir='ltr'>τετολμημένῳ.</span> <span class='ocrx_word' id='word_1_651' title='bbox 2988 2113 3048 2165; x_wconf 88' lang='grc' dir='ltr'><strong>Ὀ</strong></span> <span class='ocrx_word' id='word_1_652' title='bbox 3083 2112 3140 2165; x_wconf 88' lang='grc' dir='ltr'>δέ</span> <span class='ocrx_word' id='word_1_653' title='bbox 3174 2111 3338 2165; x_wconf 78' lang='grc' dir='ltr'>πάλιν</span> <span class='ocrx_word' id='word_1_654' title='bbox 3377 2114 3562 2185; x_wconf 69' lang='grc' dir='ltr'>ἀρρω-</span> 
     </span>
    </p>
   </div>
   <div class='ocr_carea' id='block_1_89' title="bbox 1984 2193 3562 2268">
    <p class='ocr_par' dir='ltr' id='par_1_89' title="bbox 1984 2193 3562 2268">
     <span class='ocr_line' id='line_1_89' title="bbox 1984 2193 3562 2268; baseline 0.001 -21"><span class='ocrx_word' id='word_1_655' title='bbox 1984 2194 2137 2247; x_wconf 89' lang='grc' dir='ltr'>στίαν</span> <span class='ocrx_word' id='word_1_656' title='bbox 2159 2193 2409 2264; x_wconf 88' lang='grc' dir='ltr'>σώματος</span> <span class='ocrx_word' id='word_1_657' title='bbox 2426 2196 2925 2266; x_wconf 82' lang='grc' dir='ltr'>προφασισάμενος.</span> <span class='ocrx_word' id='word_1_658' title='bbox 2950 2197 3262 2267; x_wconf 84' lang='grc' dir='ltr'>ὑπισχνεῖτο</span> <span class='ocrx_word' id='word_1_659' title='bbox 3281 2199 3408 2261; x_wconf 83' lang='grc' dir='ltr'>τοὺς</span> <span class='ocrx_word' id='word_1_660' title='bbox 3428 2198 3562 2268; x_wconf 71' lang='grc' dir='ltr'>μάρα</span> 
     </span>
    </p>
   </div>
   <div class='ocr_carea' id='block_1_90' title="bbox 1978 2278 3561 2353">
    <p class='ocr_par' dir='ltr' id='par_1_90' title="bbox 1978 2278 3561 2353">
     <span class='ocr_line' id='line_1_90' title="bbox 1978 2278 3561 2353; baseline 0.003 -22"><span class='ocrx_word' id='word_1_661' title='bbox 1978 2295 2171 2348; x_wconf 86' lang='grc' dir='ltr'>τυρας.</span> <span class='ocrx_word' id='word_1_662' title='bbox 2217 2278 2432 2332; x_wconf 91' lang='grc' dir='ltr'>Τούτων</span> <span class='ocrx_word' id='word_1_663' title='bbox 2468 2279 2615 2333; x_wconf 78' lang='grc' dir='ltr'>οὕτω</span> <span class='ocrx_word' id='word_1_664' title='bbox 2660 2280 3184 2353; x_wconf 85' lang='grc' dir='ltr'>χρονοτριϐούντων,</span> <span class='ocrx_word' id='word_1_665' title='bbox 3226 2281 3561 2353; x_wconf 86' lang='grc' dir='ltr'>ἀποθνήσκει</span> 
     </span>
    </p>
   </div>
   <div class='ocr_carea' id='block_1_91' title="bbox 1978 2359 3555 2437">
    <p class='ocr_par' dir='ltr' id='par_1_91' title="bbox 1978 2359 3555 2437">
     <span class='ocr_line' id='line_1_91' title="bbox 1978 2359 3555 2437; baseline 0.003 -23"><span class='ocrx_word' id='word_1_666' title='bbox 1978 2363 2008 2414; x_wconf 93' lang='lat'>6</span> <span class='ocrx_word' id='word_1_667' title='bbox 2048 2364 2390 2427; x_wconf 84' lang='grc' dir='ltr'>Ἀντωνῖνος,</span> <span class='ocrx_word' id='word_1_668' title='bbox 2443 2364 2562 2434; x_wconf 87' lang='grc' dir='ltr'>μεθ’</span> <span class='ocrx_word' id='word_1_669' title='bbox 2606 2359 2668 2418; x_wconf 76' lang='grc' dir='ltr'>οὑ</span> <span class='ocrx_word' id='word_1_670' title='bbox 2704 2360 2846 2435; x_wconf 76' lang='grc' dir='ltr'>εἶχεν</span> <span class='ocrx_word' id='word_1_671' title='bbox 2878 2367 2906 2417; x_wconf 88' lang='grc' dir='ltr'>ὁ</span> <span class='ocrx_word' id='word_1_672' title='bbox 2946 2365 3206 2429; x_wconf 83' lang='grc' dir='ltr'>Εὐσέϐιος</span> <span class='ocrx_word' id='word_1_673' title='bbox 3236 2366 3338 2437; x_wconf 81' lang='grc' dir='ltr'>τήν</span> <span class='ocrx_word' id='word_1_674' title='bbox 3378 2366 3555 2437; x_wconf 84' lang='grc' dir='ltr'>δίκην.</span> 
     </span>
    </p>
   </div>
   <div class='ocr_carea' id='block_1_92' title="bbox 1979 2441 3559 2520">
    <p class='ocr_par' dir='ltr' id='par_1_92' title="bbox 1979 2441 3559 2520">
     <span class='ocr_line' id='line_1_92' title="bbox 1979 2441 3559 2520; baseline 0.003 -22"><span class='ocrx_word' id='word_1_675' title='bbox 1979 2441 2144 2510; x_wconf 80' lang='grc' dir='ltr'>Αὖθις</span> <span class='ocrx_word' id='word_1_676' title='bbox 2178 2447 2439 2517; x_wconf 79' lang='grc' dir='ltr'>ψήφισμα</span> <span class='ocrx_word' id='word_1_677' title='bbox 2469 2447 2687 2519; x_wconf 75' lang='grc' dir='ltr'>ἔρχεται</span> <span class='ocrx_word' id='word_1_678' title='bbox 2724 2449 2833 2502; x_wconf 82' lang='grc' dir='ltr'>ἀπὸ</span> <span class='ocrx_word' id='word_1_679' title='bbox 2873 2448 3058 2512; x_wconf 88' lang='grc' dir='ltr'>Ἀσίας</span> <span class='ocrx_word' id='word_1_680' title='bbox 3081 2488 3098 2514; x_wconf 95' lang='grc'>,</span> <span class='ocrx_word' id='word_1_681' title='bbox 3141 2449 3301 2502; x_wconf 88' lang='grc' dir='ltr'>τοῦτο</span> <span class='ocrx_word' id='word_1_682' title='bbox 3339 2448 3439 2520; x_wconf 80' lang='grc' dir='ltr'>μὲν</span> <span class='ocrx_word' id='word_1_683' title='bbox 3462 2449 3559 2502; x_wconf 86' lang='grc' dir='ltr'>τοῦ</span> 
     </span>
    </p>
   </div>
   <div class='ocr_carea' id='block_1_93' title="bbox 1980 2528 3562 2602">
    <p class='ocr_par' dir='ltr' id='par_1_93' title="bbox 1980 2528 3562 2602">
     <span class='ocr_line' id='line_1_93' title="bbox 1980 2528 3562 2602; baseline 0.003 -20"><span class='ocrx_word' id='word_1_684' title='bbox 1980 2528 2184 2601; x_wconf 90' lang='grc' dir='ltr'>κλήρου</span> <span class='ocrx_word' id='word_1_685' title='bbox 2214 2530 2312 2600; x_wconf 90' lang='grc' dir='ltr'>τῆς</span> <span class='ocrx_word' id='word_1_686' title='bbox 2356 2530 2676 2602; x_wconf 87' lang='grc' dir='ltr'>Ἐκκλησίας</span> <span class='ocrx_word' id='word_1_687' title='bbox 2700 2531 2810 2584; x_wconf 88' lang='grc' dir='ltr'>τῶν</span> <span class='ocrx_word' id='word_1_688' title='bbox 2848 2532 3131 2600; x_wconf 87' lang='grc' dir='ltr'>Ἐφεσίων,</span> <span class='ocrx_word' id='word_1_689' title='bbox 3170 2530 3330 2585; x_wconf 90' lang='grc' dir='ltr'>τοῦτο</span> <span class='ocrx_word' id='word_1_690' title='bbox 3358 2532 3415 2586; x_wconf 89' lang='grc' dir='ltr'>δέ</span> <span class='ocrx_word' id='word_1_691' title='bbox 3449 2531 3562 2586; x_wconf 87' lang='grc' dir='ltr'>τῶν</span> 
     </span>
    </p>
   </div>
   <div class='ocr_carea' id='block_1_94' title="bbox 1979 2612 3559 2687">
    <p class='ocr_par' dir='ltr' id='par_1_94' title="bbox 1979 2612 3559 2687">
     <span class='ocr_line' id='line_1_94' title="bbox 1979 2612 3559 2687; baseline 0.003 -21"><span class='ocrx_word' id='word_1_692' title='bbox 1979 2612 2328 2679; x_wconf 82' lang='grc' dir='ltr'>ἐπισκόπων,</span> <span class='ocrx_word' id='word_1_693' title='bbox 2362 2615 2499 2686; x_wconf 83' lang='grc' dir='ltr'>πρὸς</span> <span class='ocrx_word' id='word_1_694' title='bbox 2533 2616 2623 2669; x_wconf 85' lang='grc' dir='ltr'>τὸν</span> <span class='ocrx_word' id='word_1_695' title='bbox 2669 2615 2953 2687; x_wconf 89' lang='grc' dir='ltr'>Ἰωάννην,</span> <span class='ocrx_word' id='word_1_696' title='bbox 2982 2615 3204 2683; x_wconf 76' lang='grc' dir='ltr'>ἀξίωσιν</span> <span class='ocrx_word' id='word_1_697' title='bbox 3237 2615 3355 2684; x_wconf 89' lang='grc' dir='ltr'>μεθ’</span> <span class='ocrx_word' id='word_1_698' title='bbox 3394 2617 3559 2687; x_wconf 81' lang='grc' dir='ltr'>ὅρκου</span> 
     </span>
    </p>
   </div>
   <div class='ocr_carea' id='block_1_95' title="bbox 1981 2698 3561 2772">
    <p class='ocr_par' dir='ltr' id='par_1_95' title="bbox 1981 2698 3561 2772">
     <span class='ocr_line' id='line_1_95' title="bbox 1981 2698 3561 2772; baseline 0.004 -23"><span class='ocrx_word' id='word_1_699' title='bbox 1981 2698 2210 2768; x_wconf 81' lang='grc' dir='ltr'>φρικτοῦ</span> <span class='ocrx_word' id='word_1_700' title='bbox 2239 2699 2491 2770; x_wconf 81' lang='grc' dir='ltr'>περιέχον</span> <span class='ocrx_word' id='word_1_701' title='bbox 2508 2716 2522 2731; x_wconf 82' lang='grc'><em>’</em></span> <span class='ocrx_word' id='word_1_702' title='bbox 2561 2701 2777 2770; x_wconf 82' lang='grc' dir='ltr'>Ἐπειδὴ</span> <span class='ocrx_word' id='word_1_703' title='bbox 2797 2703 2857 2756; x_wconf 90' lang='grc' dir='ltr'>ἐν</span> <span class='ocrx_word' id='word_1_704' title='bbox 2879 2703 2991 2764; x_wconf 88' lang='grc' dir='ltr'>τοῖς</span> <span class='ocrx_word' id='word_1_705' title='bbox 3016 2699 3324 2771; x_wconf 76' lang='grc' dir='ltr'>ἔμπροσθεν</span> <span class='ocrx_word' id='word_1_706' title='bbox 3346 2702 3561 2772; x_wconf 90' lang='grc' dir='ltr'>χρόνοις</span> 
     </span>
    </p>
   </div>
   <div class='ocr_carea' id='block_1_96' title="bbox 1980 2779 3559 2856">
    <p class='ocr_par' dir='ltr' id='par_1_96' title="bbox 1980 2779 3559 2856">
     <span class='ocr_line' id='line_1_96' title="bbox 1980 2779 3559 2856; baseline 0.005 -24"><span class='ocrx_word' id='word_1_707' title='bbox 1980 2779 2188 2851; x_wconf 85' lang='grc' dir='ltr'>φύρδην</span> <span class='ocrx_word' id='word_1_708' title='bbox 2220 2783 2352 2835; x_wconf 79' lang='grc' dir='ltr'>οἵτε</span> <span class='ocrx_word' id='word_1_709' title='bbox 2380 2783 2572 2854; x_wconf 77' lang='grc' dir='ltr'>θεσμοὶ</span> <span class='ocrx_word' id='word_1_710' title='bbox 2600 2785 2695 2838; x_wconf 70' lang='grc' dir='ltr'>καὶ</span> <span class='ocrx_word' id='word_1_711' title='bbox 2720 2786 2877 2856; x_wconf 73' lang='grc' dir='ltr'>ἡμεῖς</span> <span class='ocrx_word' id='word_1_712' title='bbox 2914 2783 3343 2855; x_wconf 86' lang='grc' dir='ltr'>ἐποιμάνθημεν,</span> <span class='ocrx_word' id='word_1_713' title='bbox 3374 2785 3559 2850; x_wconf 82' lang='grc' dir='ltr'>ἀξιοῦ-</span> 
     </span>
    </p>
   </div>
   <div class='ocr_carea' id='block_1_97' title="bbox 1982 2862 3558 2939">
    <p class='ocr_par' dir='ltr' id='par_1_97' title="bbox 1982 2862 3558 2939">
     <span class='ocr_line' id='line_1_97' title="bbox 1982 2862 3558 2939; baseline 0.004 -24"><span class='ocrx_word' id='word_1_714' title='bbox 1982 2862 2080 2934; x_wconf 87' lang='grc' dir='ltr'>μέν</span> <span class='ocrx_word' id='word_1_715' title='bbox 2111 2880 2204 2917; x_wconf 92' lang='grc' dir='ltr'>σου</span> <span class='ocrx_word' id='word_1_716' title='bbox 2239 2863 2337 2935; x_wconf 84' lang='grc' dir='ltr'>τὴν</span> <span class='ocrx_word' id='word_1_717' title='bbox 2366 2866 2655 2939; x_wconf 86' lang='grc' dir='ltr'>τιμιότητα</span> <span class='ocrx_word' id='word_1_718' title='bbox 2685 2866 3049 2921; x_wconf 90' lang='grc' dir='ltr'>κατελθοῦσαν</span> <span class='ocrx_word' id='word_1_719' title='bbox 3079 2866 3251 2921; x_wconf 88' lang='grc' dir='ltr'>τύπον</span> <span class='ocrx_word' id='word_1_720' title='bbox 3292 2868 3558 2923; x_wconf 88' lang='grc' dir='ltr'>ἐπιθεῖναι</span> 
     </span>
    </p>
   </div>
   <div class='ocr_carea' id='block_1_98' title="bbox 1980 2944 3560 3022">
    <p class='ocr_par' dir='ltr' id='par_1_98' title="bbox 1980 2944 3560 3022">
     <span class='ocr_line' id='line_1_98' title="bbox 1980 2944 3560 3022; baseline 0.006 -25"><span class='ocrx_word' id='word_1_721' title='bbox 1980 2944 2322 3016; x_wconf 88' lang='grc' dir='ltr'>θεόπεμπτον</span> <span class='ocrx_word' id='word_1_722' title='bbox 2355 2950 2421 3019; x_wconf 79' lang='grc' dir='ltr'>τῇ</span> <span class='ocrx_word' id='word_1_723' title='bbox 2459 2949 2719 3018; x_wconf 85' lang='grc' dir='ltr'>Ἐφεσίων</span> <span class='ocrx_word' id='word_1_724' title='bbox 2762 2950 3060 3022; x_wconf 72' lang='grc' dir='ltr'>Ἐκκλησία</span> <span class='ocrx_word' id='word_1_725' title='bbox 3089 2953 3153 3005; x_wconf 88' lang='grc' dir='ltr'>ἐκ</span> <span class='ocrx_word' id='word_1_726' title='bbox 3183 2953 3411 3022; x_wconf 88' lang='grc' dir='ltr'>μακρῶν</span> <span class='ocrx_word' id='word_1_727' title='bbox 3450 2953 3560 3006; x_wconf 89' lang='grc' dir='ltr'>τῶν</span> 
     </span>
    </p>
   </div>
   <div class='ocr_carea' id='block_1_99' title="bbox 1979 3031 3557 3109">
    <p class='ocr_par' dir='ltr' id='par_1_99' title="bbox 1979 3031 3557 3109">
     <span class='ocr_line' id='line_1_99' title="bbox 1979 3031 3557 3109; baseline 0.004 -25"><span class='ocrx_word' id='word_1_728' title='bbox 1979 3031 2188 3101; x_wconf 90' lang='grc' dir='ltr'>χρόνων</span> <span class='ocrx_word' id='word_1_729' title='bbox 2207 3033 2667 3106; x_wconf 79' lang='grc' dir='ltr'>καταπονηθείση,</span> <span class='ocrx_word' id='word_1_730' title='bbox 2689 3035 2848 3089; x_wconf 89' lang='grc' dir='ltr'>τοῦτο</span> <span class='ocrx_word' id='word_1_731' title='bbox 2874 3035 2972 3106; x_wconf 84' lang='grc' dir='ltr'>μὲν</span> <span class='ocrx_word' id='word_1_732' title='bbox 2993 3036 3098 3089; x_wconf 82' lang='grc' dir='ltr'>ὑπὸ</span> <span class='ocrx_word' id='word_1_733' title='bbox 3117 3036 3226 3089; x_wconf 88' lang='grc' dir='ltr'>τῶν</span> <span class='ocrx_word' id='word_1_734' title='bbox 3249 3036 3318 3090; x_wconf 85' lang='grc' dir='ltr'>τά</span> <span class='ocrx_word' id='word_1_735' title='bbox 3346 3037 3557 3109; x_wconf 89' lang='grc' dir='ltr'>Ἀρείου</span> 
     </span>
    </p>
   </div>
   <div class='ocr_carea' id='block_1_100' title="bbox 1979 3114 3561 3192">
    <p class='ocr_par' dir='ltr' id='par_1_100' title="bbox 1979 3114 3561 3192">
     <span class='ocr_line' id='line_1_100' title="bbox 1979 3114 3561 3192; baseline 0.003 -25"><span class='ocrx_word' id='word_1_736' title='bbox 1979 3114 2338 3185; x_wconf 86' lang='grc' dir='ltr'>φρονούντων,</span> <span class='ocrx_word' id='word_1_737' title='bbox 2396 3116 2553 3170; x_wconf 86' lang='grc' dir='ltr'>τοῦτο</span> <span class='ocrx_word' id='word_1_738' title='bbox 2596 3117 2655 3170; x_wconf 89' lang='grc' dir='ltr'>δέ</span> <span class='ocrx_word' id='word_1_739' title='bbox 2703 3117 2809 3171; x_wconf 80' lang='grc' dir='ltr'>ὑπὸ</span> <span class='ocrx_word' id='word_1_740' title='bbox 2855 3118 2963 3171; x_wconf 89' lang='grc' dir='ltr'>τῶν</span> <span class='ocrx_word' id='word_1_741' title='bbox 3007 3121 3076 3172; x_wconf 78' lang='grc' dir='ltr'>τὰ</span> <span class='ocrx_word' id='word_1_742' title='bbox 3128 3119 3374 3192; x_wconf 89' lang='grc' dir='ltr'>ήμέτερα</span> <span class='ocrx_word' id='word_1_743' title='bbox 3419 3118 3561 3191; x_wconf 84' lang='grc' dir='ltr'>μετά</span> 
     </span>
    </p>
   </div>
   <div class='ocr_carea' id='block_1_101' title="bbox 1978 3196 3558 3274">
    <p class='ocr_par' dir='ltr' id='par_1_101' title="bbox 1978 3196 3558 3274">
     <span class='ocr_line' id='line_1_101' title="bbox 1978 3196 3558 3274; baseline 0.004 -25"><span class='ocrx_word' id='word_1_744' title='bbox 1978 3196 2293 3264; x_wconf 81' lang='grc' dir='ltr'>πλεονεξίας</span> <span class='ocrx_word' id='word_1_745' title='bbox 2316 3200 2411 3253; x_wconf 72' lang='grc' dir='ltr'>καὶ</span> <span class='ocrx_word' id='word_1_746' title='bbox 2435 3199 2720 3268; x_wconf 88' lang='grc' dir='ltr'>φιλαυτίας</span> <span class='ocrx_word' id='word_1_747' title='bbox 2743 3200 3052 3270; x_wconf 82' lang='grc' dir='ltr'>αὐχούντων</span> <span class='ocrx_word' id='word_1_748' title='bbox 3068 3216 3083 3232; x_wconf 93' lang='grc'>·</span> <span class='ocrx_word' id='word_1_749' title='bbox 3104 3201 3295 3274; x_wconf 80' lang='grc' dir='ltr'>ἐπειδὴ</span> <span class='ocrx_word' id='word_1_750' title='bbox 3324 3202 3558 3273; x_wconf 85' lang='grc' dir='ltr'>μάλιστα</span> 
     </span>
    </p>
   </div>
   <div class='ocr_carea' id='block_1_102' title="bbox 1979 3279 3559 3358">
    <p class='ocr_par' dir='ltr' id='par_1_102' title="bbox 1979 3279 3559 3358">
     <span class='ocr_line' id='line_1_102' title="bbox 1979 3279 3559 3358; baseline 0.005 -26"><span class='ocrx_word' id='word_1_751' title='bbox 1979 3279 2164 3333; x_wconf 77' lang='grc' dir='ltr'>πολλοὶ</span> <span class='ocrx_word' id='word_1_752' title='bbox 2193 3282 2242 3334; x_wconf 85' lang='grc' dir='ltr'>οὶ</span> <span class='ocrx_word' id='word_1_753' title='bbox 2261 3281 2663 3354; x_wconf 90' lang='grc' dir='ltr'>ἐφεδρεύοντες,</span> <span class='ocrx_word' id='word_1_754' title='bbox 2692 3283 2769 3346; x_wconf 89' lang='grc' dir='ltr'>ώς</span> <span class='ocrx_word' id='word_1_755' title='bbox 2796 3282 2949 3338; x_wconf 89' lang='grc' dir='ltr'>λύκοι</span> <span class='ocrx_word' id='word_1_756' title='bbox 2987 3284 3193 3357; x_wconf 86' lang='grc' dir='ltr'>βαρεῖς,</span> <span class='ocrx_word' id='word_1_757' title='bbox 3223 3285 3313 3339; x_wconf 81' lang='grc' dir='ltr'>διὰ</span> <span class='ocrx_word' id='word_1_758' title='bbox 3336 3287 3559 3358; x_wconf 84' lang='grc' dir='ltr'>χρημά-</span> 
     </span>
    </p>
   </div>
   <div class='ocr_carea' id='block_1_103' title="bbox 1976 3364 3559 3438">
    <p class='ocr_par' dir='ltr' id='par_1_103' title="bbox 1976 3364 3559 3438">
     <span class='ocr_line' id='line_1_103' title="bbox 1976 3364 3559 3438; baseline 0.004 -23"><span class='ocrx_word' id='word_1_759' title='bbox 1976 3378 2083 3416; x_wconf 91' lang='grc' dir='ltr'>των</span> <span class='ocrx_word' id='word_1_760' title='bbox 2113 3364 2355 3435; x_wconf 81' lang='grc' dir='ltr'>ἁρπάσαι</span> <span class='ocrx_word' id='word_1_761' title='bbox 2382 3365 2473 3420; x_wconf 83' lang='grc' dir='ltr'>τὸν</span> <span class='ocrx_word' id='word_1_762' title='bbox 2501 3364 2689 3438; x_wconf 91' lang='grc' dir='ltr'>θρόνον</span> <span class='ocrx_word' id='word_1_763' title='bbox 2717 3367 3061 3438; x_wconf 84' lang='grc' dir='ltr'>ἐπειγόμενοι</span> <span class='ocrx_word' id='word_1_764' title='bbox 3095 3368 3144 3423; x_wconf 69' lang='grc' dir='ltr'>ι.</span> <span class='ocrx_word' id='word_1_765' title='bbox 3185 3369 3244 3422; x_wconf 90' lang='lat'>&#39;0</span> <span class='ocrx_word' id='word_1_766' title='bbox 3274 3368 3333 3423; x_wconf 82' lang='grc' dir='ltr'>δέ</span> <span class='ocrx_word' id='word_1_767' title='bbox 3377 3369 3559 3423; x_wconf 80' lang='grc' dir='ltr'>Ἰωάν-</span> 
     </span>
    </p>
   </div>
   <div class='ocr_carea' id='block_1_104' title="bbox 1978 3448 3558 3526">
    <p class='ocr_par' dir='ltr' id='par_1_104' title="bbox 1978 3448 3558 3526">
     <span class='ocr_line' id='line_1_104' title="bbox 1978 3448 3558 3526; baseline 0.006 -28"><span class='ocrx_word' id='word_1_768' title='bbox 1978 3462 2075 3517; x_wconf 89' lang='grc' dir='ltr'>νης</span> <span class='ocrx_word' id='word_1_769' title='bbox 2095 3448 2154 3500; x_wconf 87' lang='grc' dir='ltr'>ἐν</span> <span class='ocrx_word' id='word_1_770' title='bbox 2175 3448 2412 3522; x_wconf 83' lang='grc' dir='ltr'>τοσαύτῃ</span> <span class='ocrx_word' id='word_1_771' title='bbox 2441 3448 2690 3521; x_wconf 89' lang='grc' dir='ltr'>σώματος</span> <span class='ocrx_word' id='word_1_772' title='bbox 2719 3451 3005 3523; x_wconf 81' lang='grc' dir='ltr'>ἀνωμαλίᾳ</span> <span class='ocrx_word' id='word_1_773' title='bbox 3029 3452 3126 3506; x_wconf 74' lang='grc' dir='ltr'>καὶ</span> <span class='ocrx_word' id='word_1_774' title='bbox 3144 3452 3430 3526; x_wconf 85' lang='grc' dir='ltr'>χειμερίας</span> <span class='ocrx_word' id='word_1_775' title='bbox 3452 3453 3558 3523; x_wconf 87' lang='grc' dir='ltr'>τῆς</span> 
     </span>
    </p>
   </div>
   <div class='ocr_carea' id='block_1_105' title="bbox 1977 3529 3556 3609">
    <p class='ocr_par' dir='ltr' id='par_1_105' title="bbox 1977 3529 3556 3609">
     <span class='ocr_line' id='line_1_105' title="bbox 1977 3529 3556 3609; baseline 0.005 -25"><span class='ocrx_word' id='word_1_776' title='bbox 1977 3529 2147 3598; x_wconf 83' lang='grc' dir='ltr'>ὥρας,</span> <span class='ocrx_word' id='word_1_777' title='bbox 2169 3531 2321 3587; x_wconf 87' lang='grc' dir='ltr'>οὑδέν</span> <span class='ocrx_word' id='word_1_778' title='bbox 2356 3533 2461 3605; x_wconf 84' lang='grc' dir='ltr'>πρὸ</span> <span class='ocrx_word' id='word_1_779' title='bbox 2479 3533 2773 3605; x_wconf 84' lang='grc' dir='ltr'>ὀφθαλμῶν</span> <span class='ocrx_word' id='word_1_780' title='bbox 2800 3534 3026 3605; x_wconf 88' lang='grc' dir='ltr'>θέμενος</span> <span class='ocrx_word' id='word_1_781' title='bbox 3047 3537 3310 3609; x_wconf 84' lang='grc' dir='ltr'>λυπηρὸν,</span> <span class='ocrx_word' id='word_1_782' title='bbox 3335 3538 3429 3591; x_wconf 83' lang='grc' dir='ltr'>ἐπὶ</span> <span class='ocrx_word' id='word_1_783' title='bbox 3450 3554 3556 3592; x_wconf 83' lang='grc' dir='ltr'>κα-</span> 
     </span>
    </p>
   </div>
   <div class='ocr_carea' id='block_1_106' title="bbox 1975 3616 3556 3693">
    <p class='ocr_par' dir='ltr' id='par_1_106' title="bbox 1975 3616 3556 3693">
     <span class='ocr_line' id='line_1_106' title="bbox 1975 3616 3556 3693; baseline 0.004 -24"><span class='ocrx_word' id='word_1_784' title='bbox 1975 3616 2233 3670; x_wconf 87' lang='grc' dir='ltr'>ταστάσει</span> <span class='ocrx_word' id='word_1_785' title='bbox 2271 3616 2505 3688; x_wconf 84' lang='grc' dir='ltr'>μάλιστα</span> <span class='ocrx_word' id='word_1_786' title='bbox 2528 3619 2896 3689; x_wconf 89' lang='grc' dir='ltr'>νενοσηκότων</span> <span class='ocrx_word' id='word_1_787' title='bbox 2936 3622 3277 3693; x_wconf 84' lang='grc' dir='ltr'>πραγμάτων</span> <span class='ocrx_word' id='word_1_788' title='bbox 3305 3621 3435 3690; x_wconf 86' lang='grc' dir='ltr'>ὅλης</span> <span class='ocrx_word' id='word_1_789' title='bbox 3454 3621 3556 3691; x_wconf 88' lang='grc' dir='ltr'>τῆς</span> 
     </span>
    </p>
   </div>
   <div class='ocr_carea' id='block_1_107' title="bbox 1990 3698 3555 3776">
    <p class='ocr_par' dir='ltr' id='par_1_107' title="bbox 1990 3698 3555 3776">
     <span class='ocr_line' id='line_1_107' title="bbox 1990 3698 3555 3776; baseline 0.003 -25"><span class='ocrx_word' id='word_1_790' title='bbox 1990 3698 2243 3769; x_wconf 88' lang='grc' dir='ltr'>Ἀσιανῆς</span> <span class='ocrx_word' id='word_1_791' title='bbox 2272 3700 2590 3771; x_wconf 87' lang='grc' dir='ltr'>διοικήσεως</span> <span class='ocrx_word' id='word_1_792' title='bbox 2618 3701 2687 3755; x_wconf 81' lang='grc' dir='ltr'>δι’</span> <span class='ocrx_word' id='word_1_793' title='bbox 2728 3703 2987 3775; x_wconf 87' lang='grc' dir='ltr'>ἀπειρίαν</span> <span class='ocrx_word' id='word_1_794' title='bbox 3023 3704 3056 3776; x_wconf 83' lang='grc' dir='ltr'>ἢ</span> <span class='ocrx_word' id='word_1_795' title='bbox 3091 3702 3326 3775; x_wconf 88' lang='grc' dir='ltr'>ἐρημίαν</span> <span class='ocrx_word' id='word_1_796' title='bbox 3355 3704 3555 3775; x_wconf 81' lang='grc' dir='ltr'>ποιμέ-</span> 
     </span>
    </p>
   </div>
   <div class='ocr_carea' id='block_1_108' title="bbox 1976 3782 3558 3858">
    <p class='ocr_par' dir='ltr' id='par_1_108' title="bbox 1976 3782 3558 3858">
     <span class='ocr_line' id='line_1_108' title="bbox 1976 3782 3558 3858; baseline 0.003 -23"><span class='ocrx_word' id='word_1_797' title='bbox 1976 3798 2103 3846; x_wconf 91' lang='grc' dir='ltr'>νων,</span> <span class='ocrx_word' id='word_1_798' title='bbox 2130 3782 2383 3847; x_wconf 76' lang='grc' dir='ltr'>τονωθεὶς</span> <span class='ocrx_word' id='word_1_799' title='bbox 2414 3786 2480 3855; x_wconf 81' lang='grc' dir='ltr'>τῇ</span> <span class='ocrx_word' id='word_1_800' title='bbox 2514 3784 2813 3858; x_wconf 83' lang='grc' dir='ltr'>προθυμίᾳ,</span> <span class='ocrx_word' id='word_1_801' title='bbox 2843 3786 3018 3857; x_wconf 84' lang='grc' dir='ltr'>ἐμϐὰς</span> <span class='ocrx_word' id='word_1_802' title='bbox 3047 3788 3128 3851; x_wconf 85' lang='grc' dir='ltr'>είς</span> <span class='ocrx_word' id='word_1_803' title='bbox 3154 3786 3366 3851; x_wconf 86' lang='grc' dir='ltr'>πλοῖον,</span> <span class='ocrx_word' id='word_1_804' title='bbox 3397 3786 3558 3840; x_wconf 87' lang='grc' dir='ltr'>ἀπαί-</span> 
     </span>
    </p>
   </div>
   <div class='ocr_carea' id='block_1_109' title="bbox 1980 3864 3555 3940">
    <p class='ocr_par' dir='ltr' id='par_1_109' title="bbox 1980 3864 3555 3940">
     <span class='ocr_line' id='line_1_109' title="bbox 1980 3864 3555 3940; baseline 0.004 -25"><span class='ocrx_word' id='word_1_805' title='bbox 1980 3879 2062 3934; x_wconf 88' lang='grc' dir='ltr'>ρει</span> <span class='ocrx_word' id='word_1_806' title='bbox 2100 3864 2199 3933; x_wconf 91' lang='grc' dir='ltr'>τῆς</span> <span class='ocrx_word' id='word_1_807' title='bbox 2234 3864 2462 3930; x_wconf 90' lang='grc' dir='ltr'>πόλεως.</span> <span class='ocrx_word' id='word_1_808' title='bbox 2512 3867 2932 3940; x_wconf 84' lang='grc' dir='ltr'>Ἐπιγενομένου</span> <span class='ocrx_word' id='word_1_809' title='bbox 2972 3870 3030 3923; x_wconf 86' lang='grc' dir='ltr'>δέ</span> <span class='ocrx_word' id='word_1_810' title='bbox 3082 3867 3312 3940; x_wconf 84' lang='grc' dir='ltr'>σφοδροῦ</span> <span class='ocrx_word' id='word_1_811' title='bbox 3353 3870 3555 3940; x_wconf 84' lang='grc' dir='ltr'>ἀνέμου</span> 
     </span>
    </p>
   </div>
   <div class='ocr_carea' id='block_1_110' title="bbox 1979 3946 3556 4026">
    <p class='ocr_par' dir='ltr' id='par_1_110' title="bbox 1979 3946 3556 4026">
     <span class='ocr_line' id='line_1_110' title="bbox 1979 3946 3556 4026; baseline 0.004 -25"><span class='ocrx_word' id='word_1_812' title='bbox 1979 3946 2226 4019; x_wconf 75' lang='grc' dir='ltr'>βορρέου,</span> <span class='ocrx_word' id='word_1_813' title='bbox 2253 3951 2580 4023; x_wconf 85' lang='grc' dir='ltr'>φοϐηθέντες</span> <span class='ocrx_word' id='word_1_814' title='bbox 2606 3956 2656 4006; x_wconf 86' lang='grc' dir='ltr'>οί</span> <span class='ocrx_word' id='word_1_815' title='bbox 2677 3957 2942 4019; x_wconf 76' lang='grc' dir='ltr'>ναυτικοὶ,</span> <span class='ocrx_word' id='word_1_816' title='bbox 2975 3954 3061 4009; x_wconf 79' lang='grc' dir='ltr'>ἵνα</span> <span class='ocrx_word' id='word_1_817' title='bbox 3083 3954 3159 4025; x_wconf 82' lang='grc' dir='ltr'>μὴ</span> <span class='ocrx_word' id='word_1_818' title='bbox 3183 3955 3265 4017; x_wconf 88' lang='grc' dir='ltr'>είς</span> <span class='ocrx_word' id='word_1_819' title='bbox 3293 3952 3391 4025; x_wconf 79' lang='grc' dir='ltr'>τήν</span> <span class='ocrx_word' id='word_1_820' title='bbox 3413 3955 3556 4026; x_wconf 88' lang='grc' dir='ltr'>Προ-</span> 
     </span>
    </p>
   </div>
   <div class='ocr_carea' id='block_1_111' title="bbox 1976 4031 3554 4109">
    <p class='ocr_par' dir='ltr' id='par_1_111' title="bbox 1976 4031 3554 4109">
     <span class='ocr_line' id='line_1_111' title="bbox 1976 4031 3554 4109; baseline 0.004 -26"><span class='ocrx_word' id='word_1_821' title='bbox 1976 4031 2234 4102; x_wconf 81' lang='grc' dir='ltr'>κόννησον</span> <span class='ocrx_word' id='word_1_822' title='bbox 2261 4033 2551 4105; x_wconf 84' lang='grc' dir='ltr'>ἐκριφῶσι,</span> <span class='ocrx_word' id='word_1_823' title='bbox 2575 4035 2635 4088; x_wconf 84' lang='lat'>:6</span> <span class='ocrx_word' id='word_1_824' title='bbox 2664 4034 2890 4108; x_wconf 74' lang='grc' dir='ltr'>ἔπαρμα</span> <span class='ocrx_word' id='word_1_825' title='bbox 2921 4035 3103 4100; x_wconf 83' lang='grc' dir='ltr'>θέντες</span> <span class='ocrx_word' id='word_1_826' title='bbox 3126 4038 3192 4107; x_wconf 80' lang='grc' dir='ltr'>τῇ</span> <span class='ocrx_word' id='word_1_827' title='bbox 3225 4035 3554 4109; x_wconf 75' lang='grc' dir='ltr'>βαλλομένη,</span> 
     </span>
    </p>
   </div>
   <div class='ocr_carea' id='block_1_112' title="bbox 1978 4115 3555 4193">
    <p class='ocr_par' dir='ltr' id='par_1_112' title="bbox 1978 4115 3555 4193">
     <span class='ocr_line' id='line_1_112' title="bbox 1978 4115 3555 4193; baseline 0.004 -25"><span class='ocrx_word' id='word_1_828' title='bbox 1978 4115 2337 4186; x_wconf 90' lang='grc' dir='ltr'>ὑποτρέχουσι</span> <span class='ocrx_word' id='word_1_829' title='bbox 2359 4117 2420 4170; x_wconf 86' lang='grc' dir='ltr'>τὸ</span> <span class='ocrx_word' id='word_1_830' title='bbox 2441 4117 2566 4189; x_wconf 78' lang='grc' dir='ltr'>ὅρος</span> <span class='ocrx_word' id='word_1_831' title='bbox 2585 4118 2680 4173; x_wconf 88' lang='grc' dir='ltr'>τοῦ</span> <span class='ocrx_word' id='word_1_832' title='bbox 2714 4122 2990 4191; x_wconf 88' lang='grc' dir='ltr'>Τρίτωνος</span> <span class='ocrx_word' id='word_1_833' title='bbox 3009 4137 3024 4152; x_wconf 90' lang='grc'><strong>·</strong></span> <span class='ocrx_word' id='word_1_834' title='bbox 3048 4122 3276 4175; x_wconf 83' lang='grc' dir='ltr'>κάκεῖσε</span> <span class='ocrx_word' id='word_1_835' title='bbox 3302 4122 3555 4193; x_wconf 74' lang='grc' dir='ltr'>ῥίψαντες</span> 
     </span>
    </p>
   </div>
   <div class='ocr_carea' id='block_1_113' title="bbox 1976 4198 3558 4276">
    <p class='ocr_par' dir='ltr' id='par_1_113' title="bbox 1976 4198 3558 4276">
     <span class='ocr_line' id='line_1_113' title="bbox 1976 4198 3558 4276; baseline 0.005 -26"><span class='ocrx_word' id='word_1_836' title='bbox 1976 4198 2101 4262; x_wconf 82' lang='grc' dir='ltr'>τοὺς</span> <span class='ocrx_word' id='word_1_837' title='bbox 2143 4199 2428 4271; x_wconf 88' lang='grc' dir='ltr'>κατόχους,</span> <span class='ocrx_word' id='word_1_838' title='bbox 2481 4201 2674 4273; x_wconf 79' lang='grc' dir='ltr'>έμενον</span> <span class='ocrx_word' id='word_1_839' title='bbox 2713 4205 3058 4276; x_wconf 88' lang='grc' dir='ltr'>ἐκδεχόμενοι</span> <span class='ocrx_word' id='word_1_840' title='bbox 3107 4205 3294 4270; x_wconf 83' lang='grc' dir='ltr'>νότον,</span> <span class='ocrx_word' id='word_1_841' title='bbox 3332 4205 3421 4260; x_wconf 89' lang='grc' dir='ltr'>ῖνα</span> <span class='ocrx_word' id='word_1_842' title='bbox 3455 4221 3558 4258; x_wconf 83' lang='grc' dir='ltr'>πα-</span> 
     </span>
    </p>
   </div>
   <div class='ocr_carea' id='block_1_114' title="bbox 1979 4280 3557 4359">
    <p class='ocr_par' dir='ltr' id='par_1_114' title="bbox 1979 4280 3557 4359">
     <span class='ocr_line' id='line_1_114' title="bbox 1979 4280 3557 4359; baseline 0.006 -26"><span class='ocrx_word' id='word_1_843' title='bbox 1979 4280 2257 4351; x_wconf 86' lang='grc' dir='ltr'>ραϐάλωσι</span> <span class='ocrx_word' id='word_1_844' title='bbox 2298 4285 2362 4353; x_wconf 82' lang='grc' dir='ltr'>τῇ</span> <span class='ocrx_word' id='word_1_845' title='bbox 2403 4285 2694 4357; x_wconf 78' lang='grc' dir='ltr'>Ἀπαμείᾳ.</span> <span class='ocrx_word' id='word_1_846' title='bbox 2740 4286 3145 4356; x_wconf 89' lang='grc' dir='ltr'>Ἐπιμείναντες</span> <span class='ocrx_word' id='word_1_847' title='bbox 3175 4283 3269 4342; x_wconf 84' lang='grc' dir='ltr'>οὖν</span> <span class='ocrx_word' id='word_1_848' title='bbox 3299 4287 3394 4341; x_wconf 89' lang='grc' dir='ltr'>δύο</span> <span class='ocrx_word' id='word_1_849' title='bbox 3418 4289 3557 4359; x_wconf 82' lang='grc' dir='ltr'>ὴμέ-</span> 
     </span>
    </p>
   </div>
   <div class='ocr_carea' id='block_1_115' title="bbox 1982 4365 3557 4443">
    <p class='ocr_par' dir='ltr' id='par_1_115' title="bbox 1982 4365 3557 4443">
     <span class='ocr_line' id='line_1_115' title="bbox 1982 4365 3557 4443; baseline 0.005 -27"><span class='ocrx_word' id='word_1_850' title='bbox 1982 4380 2081 4435; x_wconf 90' lang='grc' dir='ltr'>ρας</span> <span class='ocrx_word' id='word_1_851' title='bbox 2106 4365 2318 4434; x_wconf 86' lang='grc' dir='ltr'>νήστεις</span> <span class='ocrx_word' id='word_1_852' title='bbox 2350 4366 2675 4437; x_wconf 79' lang='grc' dir='ltr'>ρεμϐόμενοι</span> <span class='ocrx_word' id='word_1_853' title='bbox 2704 4370 2762 4421; x_wconf 91' lang='grc' dir='ltr'>ἐν</span> <span class='ocrx_word' id='word_1_854' title='bbox 2790 4369 2867 4439; x_wconf 83' lang='grc' dir='ltr'>τῷ</span> <span class='ocrx_word' id='word_1_855' title='bbox 2895 4369 3087 4436; x_wconf 85' lang='grc' dir='ltr'>πλοίῳ.</span> <span class='ocrx_word' id='word_1_856' title='bbox 3116 4373 3183 4442; x_wconf 83' lang='grc' dir='ltr'>τῇ</span> <span class='ocrx_word' id='word_1_857' title='bbox 3207 4372 3366 4443; x_wconf 82' lang='grc' dir='ltr'>τρίτῃ</span> <span class='ocrx_word' id='word_1_858' title='bbox 3396 4371 3557 4443; x_wconf 80' lang='grc' dir='ltr'>ἐξῆλ-</span> 
     </span>
    </p>
   </div>
   <div class='ocr_carea' id='block_1_116' title="bbox 1978 4444 3557 4526">
    <p class='ocr_par' dir='ltr' id='par_1_116' title="bbox 1978 4444 3557 4526">
     <span class='ocr_line' id='line_1_116' title="bbox 1978 4444 3557 4526; baseline 0.008 -29"><span class='ocrx_word' id='word_1_859' title='bbox 1978 4444 2070 4499; x_wconf 90' lang='grc' dir='ltr'>θον</span> <span class='ocrx_word' id='word_1_860' title='bbox 2093 4448 2173 4508; x_wconf 89' lang='grc' dir='ltr'>είς</span> <span class='ocrx_word' id='word_1_861' title='bbox 2196 4446 2294 4518; x_wconf 84' lang='grc' dir='ltr'>τὴν</span> <span class='ocrx_word' id='word_1_862' title='bbox 2337 4447 2659 4519; x_wconf 89' lang='grc' dir='ltr'>Ἀπάμειαν,</span> <span class='ocrx_word' id='word_1_863' title='bbox 2700 4453 2761 4505; x_wconf 91' lang='grc' dir='ltr'>ἐν</span> <span class='ocrx_word' id='word_1_864' title='bbox 2872 4451 3183 4523; x_wconf 82' lang='grc' dir='ltr'>ἐξεδέχοντο</span> <span class='ocrx_word' id='word_1_865' title='bbox 3212 4453 3425 4519; x_wconf 86' lang='grc' dir='ltr'>Παῦλος</span> <span class='ocrx_word' id='word_1_866' title='bbox 3464 4458 3557 4510; x_wconf 69' lang='grc' dir='ltr'>καὶ</span> 
     </span>
    </p>
   </div>
   <div class='ocr_carea' id='block_1_117' title="bbox 1977 4531 3557 4610">
    <p class='ocr_par' dir='ltr' id='par_1_117' title="bbox 1977 4531 3557 4610">
     <span class='ocr_line' id='line_1_117' title="bbox 1977 4531 3557 4610; baseline 0.006 -27"><span class='ocrx_word' id='word_1_867' title='bbox 1977 4531 2214 4599; x_wconf 86' lang='grc' dir='ltr'>Κυρῖνος</span> <span class='ocrx_word' id='word_1_868' title='bbox 2261 4532 2356 4584; x_wconf 76' lang='grc' dir='ltr'>καὶ</span> <span class='ocrx_word' id='word_1_869' title='bbox 2405 4533 2704 4598; x_wconf 83' lang='grc' dir='ltr'>Παλλάδιος</span> <span class='ocrx_word' id='word_1_870' title='bbox 2750 4537 2801 4589; x_wconf 85' lang='grc' dir='ltr'>οί</span> <span class='ocrx_word' id='word_1_871' title='bbox 2832 4537 3151 4591; x_wconf 90' lang='grc' dir='ltr'>ἐπίσκοποι·</span> <span class='ocrx_word' id='word_1_872' title='bbox 3186 4538 3411 4601; x_wconf 86' lang='grc' dir='ltr'>τούτους</span> <span class='ocrx_word' id='word_1_873' title='bbox 3447 4539 3557 4610; x_wconf 87' lang='grc' dir='ltr'>γὰρ</span> 
     </span>
    </p>
   </div>
   <div class='ocr_carea' id='block_1_118' title="bbox 1978 4612 3554 4695">
    <p class='ocr_par' dir='ltr' id='par_1_118' title="bbox 1978 4612 3554 4695">
     <span class='ocr_line' id='line_1_118' title="bbox 1978 4612 3554 4695; baseline 0.006 -29"><span class='ocrx_word' id='word_1_874' title='bbox 1978 4612 2137 4667; x_wconf 79' lang='grc' dir='ltr'>ἔλαϐε</span> <span class='ocrx_word' id='word_1_875' title='bbox 2181 4615 2552 4687; x_wconf 87' lang='grc' dir='ltr'>συνεκδήμους</span> <span class='ocrx_word' id='word_1_876' title='bbox 2599 4619 2627 4671; x_wconf 90' lang='lat'>6</span> <span class='ocrx_word' id='word_1_877' title='bbox 2670 4619 2941 4691; x_wconf 85' lang='grc' dir='ltr'>Ἰωάννης.</span> <span class='ocrx_word' id='word_1_878' title='bbox 2981 4621 3343 4685; x_wconf 85' lang='grc' dir='ltr'>Διανύσαντες</span> <span class='ocrx_word' id='word_1_879' title='bbox 3385 4622 3442 4675; x_wconf 86' lang='grc' dir='ltr'>δὲ</span> <span class='ocrx_word' id='word_1_880' title='bbox 3487 4625 3554 4695; x_wconf 77' lang='grc' dir='ltr'>τῇ</span> 
     </span>
    </p>
   </div>
   <div class='ocr_carea' id='block_1_119' title="bbox 1978 4697 3557 4778">
    <p class='ocr_par' dir='ltr' id='par_1_119' title="bbox 1978 4697 3557 4778">
     <span class='ocr_line' id='line_1_119' title="bbox 1978 4697 3557 4778; baseline 0.007 -28"><span class='ocrx_word' id='word_1_881' title='bbox 1978 4697 2176 4771; x_wconf 78' lang='grc' dir='ltr'>πεζικῇ</span> <span class='ocrx_word' id='word_1_882' title='bbox 2229 4701 2422 4772; x_wconf 82' lang='grc' dir='ltr'>πορείᾳ</span> <span class='ocrx_word' id='word_1_883' title='bbox 2444 4703 2542 4770; x_wconf 85' lang='grc' dir='ltr'>τὴν</span> <span class='ocrx_word' id='word_1_884' title='bbox 2575 4704 2713 4768; x_wconf 84' lang='grc' dir='ltr'>ὁδὸν,</span> <span class='ocrx_word' id='word_1_885' title='bbox 2742 4705 3121 4760; x_wconf 85' lang='grc' dir='ltr'>είσϐάλλουσιν</span> <span class='ocrx_word' id='word_1_886' title='bbox 3150 4708 3231 4771; x_wconf 88' lang='grc' dir='ltr'>είς</span> <span class='ocrx_word' id='word_1_887' title='bbox 3262 4706 3358 4778; x_wconf 79' lang='grc' dir='ltr'>τὴν</span> <span class='ocrx_word' id='word_1_888' title='bbox 3390 4708 3557 4775; x_wconf 78' lang='grc' dir='ltr'>Ἔφε-</span> 
     </span>
    </p>
   </div>
   <div class='ocr_carea' id='block_1_120' title="bbox 1958 4781 3550 4859">
    <p class='ocr_par' dir='ltr' id='par_1_120' title="bbox 1958 4781 3550 4859">
     <span class='ocr_line' id='line_1_120' title="bbox 1958 4781 3550 4859; baseline 0.007 -26"><span class='ocrx_word' id='word_1_889' title='bbox 1958 4798 2071 4833; x_wconf 86' lang='grc' dir='ltr'>-σον</span> <span class='ocrx_word' id='word_1_890' title='bbox 2090 4796 2103 4810; x_wconf 77' lang='grc'><strong>’</strong></span> <span class='ocrx_word' id='word_1_891' title='bbox 2135 4781 2229 4848; x_wconf 70' lang='grc' dir='ltr'>καὶ</span> <span class='ocrx_word' id='word_1_892' title='bbox 2262 4785 2657 4852; x_wconf 89' lang='grc' dir='ltr'>συναγαγόντες</span> <span class='ocrx_word' id='word_1_893' title='bbox 2693 4788 2817 4852; x_wconf 85' lang='grc' dir='ltr'>τοὺς</span> <span class='ocrx_word' id='word_1_894' title='bbox 2841 4788 2938 4859; x_wconf 89' lang='grc' dir='ltr'>τῆς</span> <span class='ocrx_word' id='word_1_895' title='bbox 2966 4789 3166 4853; x_wconf 86' lang='grc' dir='ltr'>Λυδίας</span> <span class='ocrx_word' id='word_1_896' title='bbox 3189 4790 3516 4855; x_wconf 87' lang='grc' dir='ltr'>ἐπισκόπους</span> <span class='ocrx_word' id='word_1_897' title='bbox 3534 4831 3550 4853; x_wconf 93' lang='grc'>,</span> 
     </span>
    </p>
   </div>
   <div class='ocr_carea' id='block_1_121' title="bbox 1979 4863 3558 4944">
    <p class='ocr_par' dir='ltr' id='par_1_121' title="bbox 1979 4863 3558 4944">
     <span class='ocr_line' id='line_1_121' title="bbox 1979 4863 3558 4944; baseline 0.007 -28"><span class='ocrx_word' id='word_1_898' title='bbox 1979 4865 2073 4917; x_wconf 72' lang='grc' dir='ltr'>καὶ</span> <span class='ocrx_word' id='word_1_899' title='bbox 2112 4863 2296 4929; x_wconf 85' lang='grc' dir='ltr'>Ἀσίας</span> <span class='ocrx_word' id='word_1_900' title='bbox 2325 4868 2419 4920; x_wconf 72' lang='grc' dir='ltr'>καὶ</span> <span class='ocrx_word' id='word_1_901' title='bbox 2446 4869 2659 4938; x_wconf 86' lang='grc' dir='ltr'>Καρίας</span> <span class='ocrx_word' id='word_1_902' title='bbox 2690 4870 3057 4935; x_wconf 89' lang='grc' dir='ltr'>συντείνοντας</span> <span class='ocrx_word' id='word_1_903' title='bbox 3081 4873 3160 4935; x_wconf 86' lang='grc' dir='ltr'>είς</span> <span class='ocrx_word' id='word_1_904' title='bbox 3189 4871 3558 4944; x_wconf 85' lang='grc' dir='ltr'>ἐϐδομήκοντα</span> 
     </span>
    </p>
   </div>
   <div class='ocr_carea' id='block_1_122' title="bbox 1978 4947 3555 5023">
    <p class='ocr_par' dir='ltr' id='par_1_122' title="bbox 1978 4947 3555 5023">
     <span class='ocr_line' id='line_1_122' title="bbox 1978 4947 3555 5023; baseline 0.006 -23"><span class='ocrx_word' id='word_1_905' title='bbox 1978 4947 2205 5020; x_wconf 78' lang='grc' dir='ltr'>ἄνδρας,</span> <span class='ocrx_word' id='word_1_906' title='bbox 2252 4949 2529 5003; x_wconf 87' lang='grc' dir='ltr'>ποιοῦνται</span> <span class='ocrx_word' id='word_1_907' title='bbox 2572 4953 2671 5022; x_wconf 83' lang='grc' dir='ltr'>τὴν</span> <span class='ocrx_word' id='word_1_908' title='bbox 2713 4954 3076 5023; x_wconf 88' lang='grc' dir='ltr'>χειροτονίαν,</span> <span class='ocrx_word' id='word_1_909' title='bbox 3105 4954 3212 5007; x_wconf 89' lang='grc' dir='ltr'>τῶν</span> <span class='ocrx_word' id='word_1_910' title='bbox 3251 4955 3461 5008; x_wconf 89' lang='grc' dir='ltr'>πολλῶν</span> <span class='ocrx_word' id='word_1_911' title='bbox 3489 4956 3555 5009; x_wconf 80' lang='grc' dir='ltr'>ἐκ</span> 
     </span>
    </p>
   </div>
   <div class='ocr_carea' id='block_1_123' title="bbox 1984 5030 3553 5110">
    <p class='ocr_par' dir='ltr' id='par_1_123' title="bbox 1984 5030 3553 5110">
     <span class='ocr_line' id='line_1_123' title="bbox 1984 5030 3553 5110; baseline 0.006 -27"><span class='ocrx_word' id='word_1_912' title='bbox 1984 5030 2289 5103; x_wconf 89' lang='grc' dir='ltr'>προθυμίας</span> <span class='ocrx_word' id='word_1_913' title='bbox 2308 5034 2557 5087; x_wconf 83' lang='grc' dir='ltr'>ἑκουσίου</span> <span class='ocrx_word' id='word_1_914' title='bbox 2577 5036 3022 5105; x_wconf 85' lang='grc' dir='ltr'>ἀπαντησάντων,</span> <span class='ocrx_word' id='word_1_915' title='bbox 3051 5038 3287 5109; x_wconf 86' lang='grc' dir='ltr'>μάλιστα</span> <span class='ocrx_word' id='word_1_916' title='bbox 3304 5039 3553 5110; x_wconf 81' lang='grc' dir='ltr'>Φρυγῶν,</span> 
     </span>
    </p>
   </div>
   <div class='ocr_carea' id='block_1_124' title="bbox 1980 5115 3552 5193">
    <p class='ocr_par' dir='ltr' id='par_1_124' title="bbox 1980 5115 3552 5193">
     <span class='ocr_line' id='line_1_124' title="bbox 1980 5115 3552 5193; baseline 0.006 -26"><span class='ocrx_word' id='word_1_917' title='bbox 1980 5116 2073 5168; x_wconf 74' lang='grc' dir='ltr'>ἐπὶ</span> <span class='ocrx_word' id='word_1_918' title='bbox 2097 5115 2393 5169; x_wconf 83' lang='grc' dir='ltr'>ἀπολαύσει</span> <span class='ocrx_word' id='word_1_919' title='bbox 2425 5117 2690 5188; x_wconf 88' lang='grc' dir='ltr'>στόματος</span> <span class='ocrx_word' id='word_1_920' title='bbox 2721 5121 2910 5187; x_wconf 88' lang='grc' dir='ltr'>σοφίας</span> <span class='ocrx_word' id='word_1_921' title='bbox 2931 5161 2945 5185; x_wconf 91' lang='grc'>,</span> <span class='ocrx_word' id='word_1_922' title='bbox 2972 5120 3114 5175; x_wconf 90' lang='grc' dir='ltr'>κατά</span> <span class='ocrx_word' id='word_1_923' title='bbox 3151 5121 3213 5174; x_wconf 88' lang='lat'>:6</span> <span class='ocrx_word' id='word_1_924' title='bbox 3244 5122 3552 5193; x_wconf 76' lang='grc' dir='ltr'>εἰρημένον⁹</span> 
     </span>
    </p>
   </div>
   <div class='ocr_carea' id='block_1_125' title="bbox 1980 5198 3553 5270">
    <p class='ocr_par' dir='ltr' id='par_1_125' title="bbox 1980 5198 3553 5270">
     <span class='ocr_line' id='line_1_125' title="bbox 1980 5198 3553 5270; baseline 0.006 -21"><span class='ocrx_word' id='word_1_925' title='bbox 1980 5198 2169 5266; x_wconf 68' lang='grc' dir='ltr'>Σοφία</span> <span class='ocrx_word' id='word_1_926' title='bbox 2194 5198 2265 5251; x_wconf 81' lang='grc' dir='ltr'>ἐν</span> <span class='ocrx_word' id='word_1_927' title='bbox 2287 5199 2521 5266; x_wconf 75' lang='grc' dir='ltr'>ἐξόδοις</span> <span class='ocrx_word' id='word_1_928' title='bbox 2550 5201 2820 5270; x_wconf 79' lang='grc' dir='ltr'>ὑμνεῖται</span> <span class='ocrx_word' id='word_1_929' title='bbox 2836 5245 2848 5266; x_wconf 90' lang='grc'>,</span> <span class='ocrx_word' id='word_1_930' title='bbox 2895 5204 3169 5257; x_wconf 85' lang='grc' dir='ltr'>τουτέστιν</span> <span class='ocrx_word' id='word_1_931' title='bbox 3188 5245 3203 5270; x_wconf 91' lang='grc'>,</span> <span class='ocrx_word' id='word_1_932' title='bbox 3240 5207 3298 5258; x_wconf 88' lang='grc' dir='ltr'>ἐν</span> <span class='ocrx_word' id='word_1_933' title='bbox 3324 5208 3435 5269; x_wconf 91' lang='grc' dir='ltr'>τοῖς</span> <span class='ocrx_word' id='word_1_934' title='bbox 3464 5205 3553 5258; x_wconf 87' lang='grc' dir='ltr'>λα-</span> 
     </span>
    </p>
   </div>
   <div class='ocr_carea' id='block_1_126' title="bbox 1980 5278 3552 5357">
    <p class='ocr_par' dir='ltr' id='par_1_126' title="bbox 1980 5278 3552 5357">
     <span class='ocr_line' id='line_1_126' title="bbox 1980 5278 3552 5357; baseline 0.007 -25"><span class='ocrx_word' id='word_1_935' title='bbox 1980 5278 2164 5334; x_wconf 87' lang='grc' dir='ltr'>λοῦσιν</span> <span class='ocrx_word' id='word_1_936' title='bbox 2184 5298 2198 5310; x_wconf 87' lang='grc'><strong>·</strong></span> <span class='ocrx_word' id='word_1_937' title='bbox 2225 5283 2297 5335; x_wconf 74' lang='grc' dir='ltr'>ἐν</span> <span class='ocrx_word' id='word_1_938' title='bbox 2318 5284 2387 5336; x_wconf 86' lang='grc' dir='ltr'>δὲ</span> <span class='ocrx_word' id='word_1_939' title='bbox 2406 5286 2715 5352; x_wconf 78' lang='grc' dir='ltr'>πλατείαις</span> <span class='ocrx_word' id='word_1_940' title='bbox 2738 5289 3081 5356; x_wconf 66' lang='grc' dir='ltr'>παρρησίαν</span> <span class='ocrx_word' id='word_1_941' title='bbox 3101 5288 3226 5357; x_wconf 76' lang='grc' dir='ltr'>ἄγει</span> <span class='ocrx_word' id='word_1_942' title='bbox 3245 5329 3260 5354; x_wconf 92' lang='grc'>,</span> <span class='ocrx_word' id='word_1_943' title='bbox 3286 5290 3552 5356; x_wconf 88' lang='grc' dir='ltr'>τουτέστι,</span> 
     </span>
    </p>
   </div>
   <div class='ocr_carea' id='block_1_127' title="bbox 1980 5365 3557 5441">
    <p class='ocr_par' dir='ltr' id='par_1_127' title="bbox 1980 5365 3557 5441">
     <span class='ocr_line' id='line_1_127' title="bbox 1980 5365 3557 5441; baseline 0.006 -23"><span class='ocrx_word' id='word_1_944' title='bbox 1980 5365 2232 5437; x_wconf 87' lang='grc' dir='ltr'>καρδίαις</span> <span class='ocrx_word' id='word_1_945' title='bbox 2277 5371 2398 5431; x_wconf 88' lang='grc' dir='ltr'>ταῖς</span> <span class='ocrx_word' id='word_1_946' title='bbox 2440 5368 2529 5421; x_wconf 84' lang='grc' dir='ltr'>διὰ</span> <span class='ocrx_word' id='word_1_947' title='bbox 2570 5370 2923 5440; x_wconf 79' lang='grc' dir='ltr'>πολυτρόπων</span> <span class='ocrx_word' id='word_1_948' title='bbox 2957 5370 3189 5441; x_wconf 80' lang='grc' dir='ltr'>θλίψεων</span> <span class='ocrx_word' id='word_1_949' title='bbox 3220 5373 3557 5428; x_wconf 87' lang='grc' dir='ltr'>πλατυνθεί-</span> 
     </span>
    </p>
   </div>
   <div class='ocr_carea' id='block_1_128' title="bbox 1980 5449 3553 5527">
    <p class='ocr_par' dir='ltr' id='par_1_128' title="bbox 1980 5449 3553 5527">
     <span class='ocr_line' id='line_1_128' title="bbox 1980 5449 3553 5527; baseline 0.006 -28"><span class='ocrx_word' id='word_1_950' title='bbox 1980 5464 2120 5511; x_wconf 88' lang='grc' dir='ltr'>σαις,</span> <span class='ocrx_word' id='word_1_951' title='bbox 2147 5449 2287 5502; x_wconf 85' lang='grc' dir='ltr'>κατά</span> <span class='ocrx_word' id='word_1_952' title='bbox 2318 5450 2397 5516; x_wconf 83' lang='lat'><em>:6,</em></span> <span class='ocrx_word' id='word_1_953' title='bbox 2440 5451 2542 5506; x_wconf 74' lang='grc' dir='ltr'><em>Ἓν</em></span> <span class='ocrx_word' id='word_1_954' title='bbox 2563 5454 2768 5523; x_wconf 73' lang='grc' dir='ltr'>θλίψει</span> <span class='ocrx_word' id='word_1_955' title='bbox 2796 5453 3141 5522; x_wconf 79' lang='grc' dir='ltr'>ἐπλάτυνάς</span> <span class='ocrx_word' id='word_1_956' title='bbox 3162 5472 3256 5525; x_wconf 81' lang='grc' dir='ltr'>με,</span> <span class='ocrx_word' id='word_1_957' title='bbox 3288 5457 3553 5527; x_wconf 83' lang='grc' dir='ltr'>Στενοχω-</span> 
     </span>
    </p>
   </div>
   <div class='ocr_carea' id='block_1_129' title="bbox 1981 5532 3556 5612">
    <p class='ocr_par' dir='ltr' id='par_1_129' title="bbox 1981 5532 3556 5612">
     <span class='ocr_line' id='line_1_129' title="bbox 1981 5532 3556 5612; baseline 0.006 -27"><span class='ocrx_word' id='word_1_958' title='bbox 1981 5535 2151 5603; x_wconf 88' lang='grc' dir='ltr'>ρεῖται</span> <span class='ocrx_word' id='word_1_959' title='bbox 2175 5532 2284 5607; x_wconf 87' lang='grc' dir='ltr'>γὰρ</span> <span class='ocrx_word' id='word_1_960' title='bbox 2310 5536 2343 5606; x_wconf 91' lang='grc' dir='ltr'>ή</span> <span class='ocrx_word' id='word_1_961' title='bbox 2368 5534 2525 5604; x_wconf 79' lang='grc' dir='ltr'>σοφία</span> <span class='ocrx_word' id='word_1_962' title='bbox 2557 5538 2615 5589; x_wconf 85' lang='grc' dir='ltr'>ἐν</span> <span class='ocrx_word' id='word_1_963' title='bbox 2640 5540 2752 5601; x_wconf 82' lang='grc' dir='ltr'>τοῖς</span> <span class='ocrx_word' id='word_1_964' title='bbox 2782 5538 2851 5591; x_wconf 84' lang='grc' dir='ltr'>τά</span> <span class='ocrx_word' id='word_1_965' title='bbox 2876 5537 3090 5603; x_wconf 75' lang='grc' dir='ltr'>ζιζάνια</span> <span class='ocrx_word' id='word_1_966' title='bbox 3114 5539 3439 5612; x_wconf 77' lang='grc' dir='ltr'>γεωργοῦσι,</span> <span class='ocrx_word' id='word_1_967' title='bbox 3460 5538 3556 5596; x_wconf 77' lang='grc' dir='ltr'>καὶ</span> 
     </span>
    </p>
   </div>
   <div class='ocr_carea' id='block_1_130' title="bbox 1975 5617 2705 5690">
    <p class='ocr_par' dir='ltr' id='par_1_130' title="bbox 1975 5617 2705 5690">
     <span class='ocr_line' id='line_1_130' title="bbox 1975 5617 2705 5690; baseline 0.01 -21"><span class='ocrx_word' id='word_1_968' title='bbox 1975 5618 2068 5669; x_wconf 76' lang='grc' dir='ltr'>τὸν</span> <span class='ocrx_word' id='word_1_969' title='bbox 2098 5617 2256 5686; x_wconf 81' lang='grc' dir='ltr'>λόγον</span> <span class='ocrx_word' id='word_1_970' title='bbox 2292 5635 2355 5672; x_wconf 92' lang='grc' dir='ltr'>συ</span> <span class='ocrx_word' id='word_1_971' title='bbox 2365 5620 2705 5690; x_wconf 86' lang='grc' dir='ltr'>μπνίγουσιν.</span> 
     </span>
    </p>
   </div>
   <div class='ocr_carea' id='block_1_131' title="bbox 2042 5762 2989 5835">
    <p class='ocr_par' dir='ltr' id='par_1_131' title="bbox 2042 5762 2989 5835">
     <span class='ocr_line' id='line_1_131' title="bbox 2042 5762 2989 5835; baseline 0.012 -24"><span class='ocrx_word' id='word_1_972' title='bbox 2042 5762 2071 5802; x_wconf 70' lang='grc' dir='ltr'>δ</span> <span class='ocrx_word' id='word_1_973' title='bbox 2096 5763 2274 5828; x_wconf 80' lang='lat' dir='ltr'>Georg.</span> <span class='ocrx_word' id='word_1_974' title='bbox 2298 5772 2381 5826; x_wconf 86' lang='grc' dir='ltr'>τῆς</span> <span class='ocrx_word' id='word_1_975' title='bbox 2404 5766 2662 5828; x_wconf 82' lang='grc' dir='ltr'>ἐπισκοπῆς</span> <span class='ocrx_word' id='word_1_976' title='bbox 2684 5771 2989 5835; x_wconf 76' lang='grc' dir='ltr'>ἐπειγόμενοι.</span> 
     </span>
    </p>
   </div>
  </div>
