4122 6386
356 297 415 353 St
1613 292 1931 352 PALLADII
1971 293 2314 354 DiALOGUS
3565 293 3634 350 5‘2

429 411 556 466 Car.
590 427 681 466 xv.
718 442 788 450 —
817 412 946 466 Dum
986 411 1103 467 luce
1141 423 1418 482 geruntur.
1463 413 1688 466 accessit
1729 407 1796 462 ad
1842 423 1947 465 nos

356 503 656 571 episcopos,
688 503 873 572 prolixi
897 505 1160 557 sermonis
1182 518 1362 565 causa,
1390 501 1651 557 Eusebius
1667 509 1948 557 accusator

360 611 454 647 sex
487 593 812 664 reliquorum
854 595 1228 662 episcoporum
1250 635 1266 660 ,
1299 607 1492 663 rogans
1528 600 1585 646 ut
1611 591 1677 646 ad
1700 607 1948 646 commu-

359 687 575 738 nionem
606 685 997 741 admitteretur.
1029 685 1415 740 Contradicunt
1446 684 1661 755 quidam
1685 683 1942 756 episcopi,

358 777 698 845 adduntque,
739 777 1093 832 calumniator
1143 793 1264 831 eum
1315 785 1490 843 esset,
1542 791 1648 832 non
1697 785 1947 848 oportere

360 868 532 937 ipsum
557 867 787 921 admitti.
816 867 943 922 Post
964 867 1078 922 haec
1095 868 1415 938 supplicavit
1436 869 1620 924 dicens
1650 885 1662 920 :
1685 868 1946 935 Quoniam

358 972 517 1011 causa
551 958 650 1011 ista
682 957 896 1014 biennio
926 960 1156 1014 maxima
1183 977 1249 1016 ex
1281 972 1432 1030 parte
1451 962 1749 1016 examinata
1769 970 1872 1025 est,
1894 972 1950 1016 et

357 1048 424 1101 ad
459 1049 668 1104 lestittm
690 1050 978 1107 adventura
1008 1051 1146 1107 facta
1175 1065 1257 1108 εει
1280 1053 1498 1119 dilatio,
1531 1070 1660 1123 rogo
1692 1055 1948 1111 Pietatem

359 1149 616 1206 vestram,
648 1152 704 1195 ut
728 1142 885 1198 hodie
900 1143 1120 1214 jamjam
1145 1155 1307 1200 testes
1335 1145 1644 1215 producam.
1671 1146 1778 1200 Etsi
1806 1147 1947 1200 enim

363 1232 664 1288 Antoninus
686 1243 928 1290 mortuus
951 1247 1052 1302 est,
1084 1235 1175 1306 qui
1214 1251 1462 1291 nummos
1497 1237 1700 1307 accepit
1726 1247 1780 1293 et
1807 1237 1953 1292 ordi-

362 1323 528 1388 navit,
553 1333 786 1379 attamen
809 1340 1096 1395 supersunt
1115 1333 1168 1381 et
1195 1329 1282 1398 qui
1310 1327 1590 1390 dederunt,
1616 1336 1670 1382 et
1691 1328 1783 1398 qui
1807 1328 1953 1383 ordi-

361 1414 470 1467 nati
517 1424 662 1469 sunt.
694 1415 902 1470 Justum
947 1417 1120 1472 visum
1167 1426 1251 1472 est
1294 1419 1544 1488 praesenti
1583 1417 1799 1490 Synodo
1839 1435 1951 1472 rem

364 1506 622 1574 perquiri.
654 1505 842 1576 Incipit
867 1523 1027 1563 causa
1058 1524 1088 1561 a
1116 1509 1343 1564 lectione
1372 1519 1632 1572 actorum,
1664 1525 1782 1579 qua:
1807 1511 1954 1580 prius

363 1595 500 1652 facta
538 1596 766 1653 fuerant.
797 1599 1025 1670 Ingressi
1053 1609 1177 1656 sunt
1203 1610 1386 1665 testes,
1418 1600 1641 1671 ingressi
1671 1613 1718 1657 et
1753 1617 1846 1656 sex
1880 1603 1953 1657 illi

364 1691 455 1760 qui
487 1692 765 1760 pecuniam
793 1694 1070 1757 dederant,
1099 1705 1154 1749 et
1181 1693 1410 1748 ordinati
1441 1692 1668 1749 fuerant.
1697 1695 1766 1750 Et
1805 1696 1954 1750 initio

363 1783 579 1851 quidem
611 1785 893 1854 negabant.
941 1784 1262 1840 lnstautibus
1307 1794 1484 1841 autem
1513 1787 1736 1842 testibus
1762 1789 1952 1856 partim

367 1875 539 1942 Iaieis,
578 1880 768 1948 partim
807 1880 1150 1952 presbyteris,
1181 1882 1372 1952 quibus
1398 1881 1668 1937 conlidere
1696 1881 1955 1937 videban-

365 1976 476 2034 tur,
499 1985 705 2024 necnon
748 1971 1057 2028 mulieribus
1087 1974 1423 2043 quibusdam,
1456 1977 1545 2046 qui
1580 1977 1739 2030 etiam
1773 1976 1956 2046 pigno-

367 2075 486 2116 rum
513 2078 606 2117 seu
638 2079 916 2118 munerum
943 2066 1151 2135 Species
1178 2067 1444 2130 dicebant,
1473 2077 1528 2125 et
1560 2069 1706 2134 loca,
1740 2077 1796 2122 et
1819 2077 1955 2122 tem-

369 2166 520 2219 pora,
558 2162 612 2208 et
640 2156 1008 2222 quantitatem.
1047 2157 1178 2211 Cum
1229 2173 1360 2212 vero
1400 2174 1584 2212 eorum
1629 2159 1954 2213 conscientia

366 2251 512 2296 recta
540 2259 646 2298 non
674 2255 840 2311 esset,
865 2246 1004 2300 ultro
1025 2247 1364 2312 confitentur,
1390 2249 1488 2302 levi
1511 2248 1748 2302 adhibita
1775 2265 1957 2302 ncces-

369 2335 528 2390 sitate
562 2352 575 2388 :
604 2335 874 2401 Dedimus,
907 2336 1208 2392 confessum
1245 2348 1346 2401 est,
1389 2347 1444 2394 et
1472 2339 1702 2394 ordinati
1728 2353 1912 2395 sumus
1941 2357 1956 2392 :

368 2424 527 2479 talem
575 2436 823 2496 putantes
866 2442 985 2482 esse
1029 2429 1502 2494 consuetudinem,
1558 2441 1613 2484 ut
1654 2429 1958 2485 videremur

369 2533 399 2569 a
427 2514 583 2571 Curia
610 2517 842 2572 liberari.
878 2520 940 2573 Et
969 2535 1108 2574 nunc
1130 2535 1367 2587 oramus,
1399 2521 1441 2576 si
1470 2521 1550 2575 fas
1575 2531 1678 2588 est,
1706 2522 1874 2576 simus
1905 2522 1956 2576 in

371 2611 670 2665 ministerio
700 2612 954 2668 Ecclesia:
989 2631 1002 2667 :
1040 2615 1120 2667 sin
1159 2615 1354 2682 minus,
1385 2630 1592 2672 aurum.
1627 2615 1768 2684 quod
1806 2614 1956 2669 dedi-

373 2717 515 2767 mus,
540 2703 862 2773 recipiamus
893 2723 905 2758 :
936 2705 1152 2775 quidam
1176 2708 1320 2761 enim
1360 2723 1390 2762 e
1432 2707 1584 2762 nobis
1612 2723 1834 2762 uxorum
1863 2723 1956 2762 su-

374 2793 693 2863 pellectilem
721 2795 984 2852 dedimus.
1023 2797 1102 2852 Ad
1145 2800 1258 2853 haec
1299 2799 1532 2854 Joannes
1557 2799 1773 2872 Synodo
1801 2801 1957 2870 polli-

369 2885 512 2940 citus
549 2896 632 2940 est
661 2905 675 2942 :
706 2886 857 2955 Quod
890 2891 955 2941 ad
997 2890 1198 2944 curiam
1228 2891 1440 2959 quidem
1471 2892 1678 2954 attinet,
1708 2907 1805 2962 ego
1843 2909 1956 2957 eos,

376 2977 488 3033 Deo
522 2978 761 3048 juvante,
795 2981 1052 3049 liberabo,
1089 2992 1310 3038 exorato
1338 2983 1663 3053 Imperatore
1695 3004 1709 3040 :
1739 3001 1830 3040 vos
1866 3001 1960 3039 au-

373 3079 483 3124 tem
505 3072 775 3137 mandate,
796 3084 850 3125 ut
875 3073 943 3128 ab
959 3073 1248 3129 heredibus
1269 3076 1520 3130 Antonini
1549 3076 1647 3146 ipsi
1676 3077 1954 3147 accipiant,

369 3177 495 3232 qua:
519 3161 799 3218 dederunt.
839 3165 1100 3234 Prmeepit
1140 3167 1413 3237 Synodus,
1447 3179 1503 3223 ut
1530 3186 1718 3224 aurum
1749 3171 1957 3238 accipe-

372 3265 496 3308 rent
522 3256 589 3310 ab
617 3255 904 3312 heredibus
933 3260 1218 3323 Antonini,
1247 3271 1300 3315 et
1339 3263 1792 3319 communicarent
1823 3264 1957 3317 intra

374 3345 540 3400 altare
572 3365 584 3398 :
615 3358 795 3402 essent
819 3359 1000 3405 autem
1025 3351 1134 3418 jam
1165 3367 1270 3406 non
1299 3354 1622 3420 sacerdotes,
1650 3370 1745 3409 sex
1773 3372 1836 3409 ex
1869 3371 1958 3409 sa-

369 3437 698 3505 cerdotibus,
737 3456 823 3501 ne.
852 3443 895 3495 si
925 3442 1023 3496 ista
1053 3443 1499 3510 concederentur,
1539 3459 1656 3498 mos
1684 3445 1831 3499 Iicret
1867 3445 1959 3500 Ju-

372 3529 560 3585 daicus
585 3541 680 3586 aut
705 3532 1007 3605 JEgyptius,
1041 3537 1301 3591 vendendi
1328 3546 1488 3606 atque
1526 3537 1737 3591 emendi
1777 3553 1956 3591 sacer-

367 3619 602 3677 dotium.
625 3624 817 3678 Dicunt
836 3627 976 3681 enim
999 3630 1354 3698 pestilentem,
1375 3640 1425 3684 et
1449 3629 1634 3684 falsum
1655 3630 1959 3684 Judazortnu

374 3715 754 3782 patriarcham,
781 3719 1001 3788 singulis
1029 3722 1185 3774 annis
1205 3763 1217 3783 ,
1247 3732 1339 3775 aut
1370 3736 1511 3775 anno
1544 3722 1841 3790 interjecto,
1873 3738 1960 3792 sy-

380 3821 599 3876 nagogas
628 3809 896 3877 principes
921 3821 1125 3866 mutare
1150 3811 1214 3865 ad
1246 3812 1628 3866 Corradendam
1659 3814 1958 3882 pecuniam,

382 3897 628 3954 similiter
649 3911 700 3956 et
721 3900 877 3972 hujus
898 3903 1166 3968 annulum,
1191 3902 1559 3974 ngyptiorum
1580 3903 1957 3974 patriarcham,

378 4001 438 4046 nt
479 3993 762 4062 impleatur
807 3995 935 4048 illud
981 3995 1252 4065 prophetae
1293 4014 1308 4050 :
1357 3995 1657 4050 Sacerdotes
1697 3997 1805 4065 ejus
1848 4013 1962 4049 cum

380 4083 668 4137 muneribus
695 4084 1091 4155 respondebant,
1120 4096 1166 4139 et
1194 4086 1450 4155 prop/tcta:
1473 4087 1581 4153 eius
1606 4102 1719 4138 cum
1751 4087 1962 4154 pecunia

379 4175 778 4229 vaticinabantur
803 4175 989 4246 (.lliclt.
1022 4178 1077 4231 5.
1105 4179 1215 4247 Η).
1251 4179 1448 4232 Ilornm
1488 4178 1727 4232 omnium
1753 4186 1963 4231 exstant

375 4278 494 4324 acta
545 4278 597 4323 ct
637 4269 876 4338 judicium
924 4270 1159 4324 nomina.
1212 4269 1391 4340 Neque
1435 4285 1541 4324 uno
1582 4269 1668 4324 die
1708 4271 1840 4325 laeta
1880 4278 1964 4324 est

377 4361 701 4431 disquisitio,
734 4371 790 4415 ιιι
809 4362 1060 4416 mentitus
1087 4370 1170 4416 est
1193 4361 1542 4430 Theophilus,
1566 4362 1658 4415 sed
1691 4377 1784 4430 per
1811 4361 1960 4415 bien-

379 4455 550 4507 nium.
589 4454 765 4524 Atque
792 4453 1173 4524 acquieverunt
1201 4454 1289 4523 qui
1318 4453 1527 4508 fuerant
1565 4453 1812 4517 depositi,
1847 4464 1902 4506 ut
1931 4469 1960 4506 a

379 4543 560 4600 futuro
581 4545 784 4614 judicio
819 4543 1194 4608 liberarentur,
1229 4545 1300 4598 ita
1332 4555 1388 4597 ut
1425 4559 1559 4598 unus
1588 4561 1653 4598 ex
1685 4545 1747 4596 iis
1793 4543 1962 4598 factus

378 4637 448 4689 sit
494 4634 823 4704 publicorum
867 4635 1199 4704 negotiorum
1253 4634 1504 4688 defensor
1546 4645 1641 4688 :et
1685 4635 1735 4687 in
1776 4650 1962 4688 eorum

378 4727 554 4780 locum
594 4724 799 4779 suffecti
847 4733 972 4777 sunt
1014 4725 1122 4789 alii,
1158 4741 1260 4778 non
1305 4725 1592 4794 cenjugati,
1626 4726 1729 4778 vita
1770 4734 1827 4780 et
1867 4725 1965 4778 do-

377 4820 546 4871 ctrina
591 4816 785 4870 ornati.
817 4815 1012 4870 Verum
1042 4815 1284 4886 generosi
1333 4817 1404 4868 illi
1450 4826 1504 4869 et
1550 4816 1798 4885 litigiosi,
1843 4825 1963 4885 post

381 4911 602 4966 Joannis
623 4911 894 4974 exsilium,
927 4921 1147 4978 accepto
1173 4924 1237 4962 eo
1257 4909 1396 4978 quod
1417 4919 1736 4977 acceperant
1763 4910 1962 4978 (neque

381 5003 525 5056 enim
556 5003 715 5056 habet
745 5003 1054 5072 improbitas
1085 5017 1308 5067 nomen,
1337 5002 1474 5056 sicut
1506 5017 1677 5070 neque
1716 5004 1964 5057 substan-

382 5093 559 5163 tiam),
591 5111 684 5149 eos
709 5097 943 5164 quiante
967 5093 1371 5164 quadriennium
1403 5093 1556 5162 ejecti
1590 5092 1817 5159 fuerant,
1845 5110 1964 5148 rur-

381 5204 474 5242 sus
513 5189 564 5240 in
614 5189 876 5244 Et'clesias
915 5187 1247 5247 inv-exerunt,
1291 5194 1345 5240 et
1386 5184 1618 5254 legitime
1655 5186 1704 5237 in
1750 5185 1963 5240 sedibus

381 5279 674 5333 eollocatos
713 5279 1033 5348 expulerunt
1071 5278 1136 5332 ad
1167 5276 1550 5347 tlispergendas
1587 5274 1786 5331 Christi
1810 5292 1958 5330 oves.

385 5369 519 5425 Illud
563 5379 738 5423 autem
777 5371 1013 5424 omnium
1059 5369 1290 5423 maxime
1320 5367 1628 5434 ridiculum,
1672 5367 1753 5420 vel
1787 5368 1962 5435 potius

383 5464 618 5517 lamento
639 5462 875 5531 dignum,
905 5462 950 5515 si
969 5461 1220 5525 audieris,
1249 5459 1639 5514 studiosissime
1659 5457 1960 5522 Theodore,

379 5555 638 5620 Tinnient,
671 5563 730 5608 ut
769 5553 842 5606 ait
883 5552 1158 5622 propheta,
1191 5551 1352 5604 (nnbat
1393 5567 1538 5603 aures
1569 5561 1666 5603 tua:
1697 5547 1839 5618 (λεν.
1873 5548 1960 5603 l9.

379 5648 438 5715 3)
463 5665 476 5710 ;
509 5649 710 5718 lugebis
740 5663 884 5708 vero,
911 5646 1002 5699 Dei
1029 5660 1214 5698 amans
1253 5644 1340 5714 qui
1367 5644 1461 5710 sis,
1496 5644 1731 5698 furentes
1759 5643 1964 5715 cpisco-

383 5755 481 5810 pus
507 5739 830 5795 clandestina
860 5752 1019 5792 manu
1050 5737 1140 5792 Dci
1179 5735 1318 5792 dona
1363 5745 1786 5803 corrumpcutes.
1819 5733 1961 5801 Quas

2053 411 2197 464 enim
2219 410 2582 465 ordinationes
2609 425 2729 464 mm
2765 409 2966 480 jejunio
3003 419 3056 464 et
3086 411 3326 464 oratione
3361 419 3414 464 et
3441 410 3637 480 proba-

2055 503 2199 558 tione
2223 501 2355 557 cleri
2383 517 2446 556 ac
2470 503 2664 557 timore
2691 502 2880 556 Petrus
2905 510 2961 556 et
2983 501 3216 556 Joannes
3243 501 3526 564 faciebant,
3560 501 3636 556 illi

2053 606 2237 650 contra
2267 612 2363 665 per
2385 595 2656 664 crapulam
2698 603 2753 648 et
2787 593 3099 649 ebrietatem
3131 602 3291 660 atque
3335 592 3636 647 miseranda

2054 689 2216 753 dona,
2243 689 2463 742 abortus
2497 686 2790 749 hominum,
2825 685 2915 756 qui
2947 699 3116 754 neque
3143 683 3321 754 porcis
3359 684 3640 738 irrationa-

2059 777 2271 841 bilibus,
2299 793 2472 847 neque
2502 777 2721 831 canibus
2746 775 2888 847 digni
2916 784 3090 837 erant,
3118 775 3268 843 juxta
3295 773 3396 828 Job
3417 816 3431 838 ,
3454 774 3544 844 qui
3572 774 3640 830 tle

2053 866 2122 924 iis
2144 869 2480 939 prophetarit
2506 885 2573 923 ex
2608 883 2836 938 persona
2864 865 3163 922 Servatoris
3196 882 3210 918 :
3249 864 3387 930 Quos
3419 881 3520 918 non
3557 865 3639 917 di-

2053 961 2250 1034 gnabar
2285 977 2469 1032 ponere
2507 978 2621 1014 cum
2662 960 2870 1014 canibus
2911 958 3076 1029 gregis
3113 959 3244 1020 mei,
3285 958 3370 1027 qui
3406 957 3497 1010 sub
3530 974 3642 1010 sar-

2055 1055 2236 1108 mentis
2279 1052 2503 1108 vivebant
2540 1051 2684 1123 (Job
2735 1051 2952 1122 50.1).
2998 1051 3092 1105 His
3137 1060 3315 1104 autem
3365 1050 3454 1118 qui
3503 1050 3642 1104 inter

2056 1145 2251 1199 mimos
2271 1154 2326 1199 et
2347 1144 2563 1200 Judacos
2590 1145 2794 1204 vivunt,
2831 1152 2890 1197 ut
2921 1143 3106 1196 amicis
3141 1141 3458 1206 Servatoris,
3490 1155 3522 1196 a
3554 1155 3640 1194 sa-

2057 1237 2324 1305 pientibus
2369 1236 2650 1292 sacerdotii
2691 1251 2881 1290 arcana
2922 1233 3318 1289 conereduntur
3359 1251 3371 1286 :
3425 1243 3642 1303 propter

2057 1344 2194 1398 quos
2233 1331 2395 1384 etiam
2437 1329 2616 1398 pepuli
2645 1327 2928 1383 orthodoxi
2978 1328 3207 1382 oratoria
3240 1327 3462 1398 fugiunt.
3513 1327 3639 1382 Iler-

2059 1421 2204 1477 venit
2241 1421 2382 1475 enim
2424 1419 2489 1475 ad
2522 1435 2620 1474 nos
2647 1435 2841 1473 novum
2871 1418 2998 1473 illud
3033 1427 3088 1474 et
3126 1419 3352 1473 levitatis
3393 1418 3638 1489 plenissi-

2059 1526 2203 1566 mum
2237 1512 2442 1568 facinus
2465 1512 2722 1567 Ecclesiae
2752 1511 3034 1580 Ephesium
3065 1528 3076 1562 :
3107 1510 3292 1580 quidni
3321 1513 3484 1572 enim,
3514 1527 3636 1565 cum

2058 1601 2304 1670 Ephesus
2346 1604 2608 1657 maritima
2644 1603 2733 1668 sit,
2777 1612 2833 1658 et
2869 1602 3021 1656 facile
3062 1603 3250 1656 famam
3292 1601 3637 1656 transvehat?

2058 1691 2189 1746 Nam
2240 1693 2291 1746 in
2330 1693 2503 1748 locum
2547 1694 2717 1757 illum,
2758 1693 2841 1748 vel
2880 1694 3056 1763 potius
3101 1693 3154 1747 in
3198 1694 3369 1746 locum
3415 1692 3637 1747 Joannis

2059 1782 2146 1849 qui
2181 1782 2523 1853 Evangelium
2558 1785 2799 1854 scripsit,
2842 1794 2897 1839 et
2940 1798 3102 1853 super
3141 1784 3424 1853 Sapientia:
3455 1791 3638 1852 pectus

2065 1876 2298 1932 ﬁdeliter
2319 1878 2580 1941 recubuit,
2610 1878 2678 1932 de
2705 1893 2813 1946 quo
2843 1878 3096 1947 scriptum
3124 1885 3206 1930 est
3232 1895 3244 1932 :
3277 1876 3435 1941 Quem
3461 1876 3640 1946 dilige-

2060 1967 2142 2020 bat
2183 1966 2341 2022 Jesns
2381 1968 2558 2040 (Joan.
2603 1971 2694 2025 2t.
2737 1969 2850 2039 ‘20),
2897 1971 2981 2024 cui
3025 1970 3282 2024 successit
3308 1968 3638 2036 Timotheus,

2061 2060 2208 2114 Pauli
2235 2061 2544 2130 discipulus,
2576 2061 2642 2115 ad
2668 2077 2825 2132 quem
2851 2060 2970 2114 dum
3005 2058 3248 2115 feruntur
3269 2059 3492 2129 apostoli
3517 2061 3640 2128 Iupi-

2059 2151 2250 2216 stolac;
2313 2152 2550 2206 succedit
2599 2153 2923 2207 abominatio
2974 2152 3336 2207 desolationis.
3383 2150 3639 2206 Ordinato

2059 2244 2204 2298 enim
2225 2245 2291 2298 ab
2318 2245 2380 2298 iis
2413 2245 2642 2299 Victoris
2673 2245 2867 2300 tribuni
2899 2245 3162 2311 eunucho,
3187 2245 3236 2298 in
3259 2243 3383 2299 sede
3403 2244 3639 2313 episcopi

2061 2350 2182 2388 cum
2209 2335 2541 2390 collocarunt
2571 2353 2586 2389 :
2617 2344 2671 2390 ct
2697 2336 2783 2406 qui
2812 2351 2840 2388 a
2871 2335 3201 2405 septuaginta
3225 2335 3488 2404 epise0pis
3510 2349 3639 2388 con-

2062 2429 2277 2482 stitutus
2305 2427 2500 2494 fuerat,
2526 2429 2577 2483 in
2600 2443 2814 2484 carcere
2837 2442 3003 2497 usque
3032 2427 3098 2482 ad
3127 2427 3267 2481 hunc
3291 2425 3432 2480 diem
3461 2441 3638 2480 mace-

2061 2531 2183 2575 rant
2209 2522 2398 2586 virum,
2425 2521 2678 2592 cncycliis
2698 2520 2994 2589 disciplinis
3019 2520 3219 2588 optime
3245 2518 3562 2582 institutum,
3584 2526 3640 2572 et

2061 2611 2362 2666 divinarum
2385 2612 2779 2681 Scripturarum
2813 2612 3038 2680 peritum
3063 2628 3078 2662 :
3112 2609 3201 2680 qui
3229 2609 3280 2662 in
3311 2623 3492 2663 eremo
3523 2623 3638 2661 mo-

2063 2707 2318 2761 nasticam
2341 2707 2502 2761 vitam
2525 2715 2724 2775 egerat,
2751 2717 2802 2760 et
2824 2706 2911 2773 qui
2944 2720 3036 2774 per
3057 2713 3167 2758 tres
3192 2716 3359 2756 annos
3385 2702 3640 2756 diaconus

2062 2798 2252 2851 luerat.
2281 2798 2455 2867 Atque
2475 2799 2676 2851 utinam
2707 2796 2986 2851 eunuchus
3012 2796 3099 2850 ille
3130 2796 3217 2864 qui
3239 2794 3512 2848 ordinatus
3533 2802 3634 2856 cst,

2063 2888 2341 2943 honestam
2363 2890 2524 2942 vitam
2551 2887 2768 2958 egisset,
2798 2898 2850 2942 et
2877 2887 2980 2940 hoc
3005 2887 3202 2940 malutn
3231 2886 3379 2954 quasi
3402 2882 3640 2938 dimidia-

2063 2989 2175 3035 tum
2201 2981 2371 3035 esset!
2401 2982 2469 3034 At
2489 2994 2649 3045 nunc,
2674 2987 2830 3033 terra:
2851 2976 3067 3040 vermis,
3097 2977 3296 3030 ventris
3319 2975 3637 3044 mancipium

2061 3072 2379 3126 feminarum
2425 3084 2608 3125 amore
2649 3070 2924 3131 insanum,
2976 3066 3291 3136 impudens,
3347 3064 3634 3128 ebriosum,

2062 3163 2444 3223 meretricium,
2476 3159 2686 3223 venale,
2721 3158 2998 3222 illiberale,
3025 3171 3265 3222 avarum,
3296 3153 3364 3209 ab
3391 3156 3502 3225 ipsa
3531 3164 3637 3208 sta-

2065 3254 2158 3308 tim
2201 3253 2474 3306 nativitate
2514 3249 2656 3305 ferro
2685 3250 3006 3312 obnoxiam;
3041 3263 3139 3301 nec
3174 3247 3255 3300 vir
3280 3261 3378 3300 nec
3406 3245 3635 3308 Iuntina;

2062 3347 2346 3410 furiosum,
2374 3355 2428 3399 et
2456 3344 2566 3414 qui,
2597 3352 2650 3397 ut
2681 3355 2824 3412 smpe
2854 3339 3052 3404 audivi,
3083 3339 3224 3392 inter
3249 3339 3476 3406 satyrica
3505 3351 3638 3390 cun-

2061 3444 2198 3496 vivia
2238 3437 2525 3494 theatrales
2555 3435 2756 3506 puellas
2787 3432 3023 3488 humeris
3053 3431 3300 3501 portavit,
3329 3430 3502 3497 capite
3542 3427 3636 3481 he-

2063 3533 2192 3587 dera
2242 3541 2533 3596 coronato,
2586 3538 2848 3583 craterem
2897 3527 3072 3580 ferens
3117 3539 3314 3587 mamt,
3362 3531 3416 3576 et
3461 3522 3640 3576 vinum

2064 3623 2294 3678 fundens
2316 3623 2366 3675 iu
2389 3620 2622 3691 speciem
2653 3619 2769 3672 Ialm
2779 3619 2873 3671 losi
2893 3615 3104 3670 Bacchi.
3125 3614 3250 3668 "me
3270 3621 3444 3666 autem
3464 3613 3641 3665 omnia

2064 3717 2208 3782 fecit,
2236 3731 2338 3767 non
2365 3723 2648 3782 antequam
2671 3710 2883 3765 Christo
2915 3708 3229 3770 initiaretur,
3256 3705 3346 3760 sed
3393 3712 3513 3774 post
3550 3703 3642 3758 ba-

2065 3809 2316 3878 ptismum
2343 3823 2358 3858 :
2383 3805 2471 3874 qui
2495 3819 2590 3873 per
2609 3803 2722 3856 haec
2743 3799 2975 3855 ostendit
2997 3797 3436 3852 resurrectionem
3455 3811 3514 3850 se
3537 3810 3640 3847 non

2064 3899 2304 3952 credere.
2338 3897 2435 3965 Qui
2465 3897 2609 3950 enim
2644 3891 3050 3948 resurrectionis
3082 3888 3482 3943 fundamentum
3511 3885 3640 3940 sub-

2065 3989 2257 4052 vertit,
2291 3985 2560 4057 quomodo
2592 4000 2709 4040 eam
2740 3982 2952 4038 credit?
2986 3981 3079 4051 qui
3123 3990 3302 4034 autetn
3341 3993 3444 4031 non
3475 3975 3642 4030 credit

2063 4080 2534 4138 resurrectionem,
2566 4092 2671 4145 quo
2701 4085 2855 4144 pacto
2885 4061 3295 4128 resurrectionis
3325 4083 3497 4139 prmco
3517 4068 3636 4131 erit,

2060 4174 2210 4244 juxta
2250 4187 2370 4226 etnn
2413 4169 2503 4239 qui
2534 4168 2666 4222 dixit
2709 4185 2723 4219 :
2759 4164 3026 4228 Quomodo
3068 4173 3236 4218 autem
3278 4161 3638 4232 pradicabunt,

2065 4265 2163 4318 nisi
2199 4261 2505 4316 crediderint
2531 4258 2703 4328 (Rom.
2729 4257 2816 4310 10.
2843 4255 2953 4324 te).
2979 4253 3076 4308 IIic
3096 4252 3308 4322 quidem
3337 4250 3480 4304 nulla
3501 4263 3640 4302 mer-

2064 4357 2197 4410 cede
2223 4362 2403 4408 castus
2445 4359 2546 4414 est,
2577 4349 2722 4403 ferro
2760 4358 2967 4410 sectus;
3006 4355 3260 4398 caeterum
3294 4342 3489 4396 insanit
3527 4339 3642 4393 sine

2066 4447 2240 4502 fructu
2271 4461 2366 4515 per
2387 4457 2537 4499 suam
2569 4440 2896 4512 Spurcitiem.
2930 4437 3055 4491 Iltnc
3079 4444 3256 4489 autem
3284 4442 3408 4487 sunt
3437 4445 3558 4502 quae
3588 4432 3638 4483 in

2067 4540 2192 4595 Asia
2244 4547 2392 4607 gesta
2442 4545 2588 4599 sunt,
2633 4533 2701 4588 de
2738 4531 2929 4602 quibus
2977 4526 3347 4596 interrogasti,
3381 4539 3462 4578 eo
3501 4521 3643 4592 quod

2068 4628 2395 4698 Theophilus
2435 4625 2726 4695 scripserit,
2763 4621 3032 4677 sexdecim
3067 4619 3347 4686 episcopos
3376 4630 3408 4669 a
3440 4614 3645 4669 Joanne

2069 4721 2339 4790 depositus
2367 4719 2545 4772 fuisse.
2571 4720 2730 4772 Certo
2757 4716 2894 4769 scias
2915 4712 3054 4781 quod
3077 4727 3170 4766 sex
3195 4709 3412 4763 fuerint.
3448 4707 3642 4760 Ilorutn

2067 4813 2228 4866 etiam
2271 4819 2388 4864 acta
2431 4815 2665 4872 exstant,
2709 4821 2826 4876 quae
2871 4811 3154 4860 servantur
3196 4798 3334 4870 apud
3379 4814 3477 4852 nos
3523 4812 3644 4850 cum

2069 4899 2546 4970 subscriptionibus
2565 4898 2749 4968 viginti
2780 4895 3002 4950 duorum
3025 4894 3420 4963 episcoporum,
3453 4887 3543 4958 qui
3578 4887 3644 4940 ab

2069 4995 2222 5050 initio
2241 5006 2457 5046 causam
2483 4990 2782 5054 audierunt,
2811 4997 2864 5041 et
2882 4986 3214 5055 septuaginta
3238 4997 3421 5037 eorum
3442 4981 3528 5051 qui
3554 4979 3646 5032 tle-

2073 5095 2382 5158 posueruut,
2415 5093 2469 5139 et
2493 5097 2708 5137 causam
2739 5081 3110 5135 terminarunt.

2137 5181 2266 5234 Car.
2315 5194 2426 5232 xvt.
2471 5204 2541 5216 —-
2589 5176 2738 5230 Duc.
2787 5174 3004 5242 Ignosce
3049 5169 3219 5234 mihi,
3255 5168 3413 5222 Pater
3459 5183 3475 5220 :
3522 5165 3642 5219 talia

2067 5286 2281 5325 omnem
2305 5268 2635 5327 ebrietatem,
2663 5267 2891 5316 furorem
2914 5277 2974 5314 ac
2996 5259 3278 5313 ludibrium
3299 5265 3640 5324 exsuperant.

2071 5363 2328 5416 Fui-entes
2358 5359 2498 5412 enim
2526 5357 2614 5425 qui
2647 5364 2768 5407 sunt
2793 5361 2847 5406 et
2871 5352 3002 5406 ebrii
3036 5360 3194 5419 atque
3221 5346 3389 5417 pueri,
3419 5345 3494 5398 illi
3525 5345 3642 5414 qui-

2068 5454 2187 5507 dem
2216 5453 2302 5505 ubi
2331 5451 2668 5518 resipueruut
2686 5488 2700 5512 ,
2729 5445 2782 5498 hi
2809 5444 2896 5498 ubi
2926 5448 3322 5503 concoxerunt,
3352 5437 3439 5491 alii
3470 5446 3646 5490 autem

2071 5545 2159 5600 ubi
2203 5543 2268 5599 ad
2305 5544 2502 5612 justam
2530 5549 2738 5595 mtatem
2767 5543 3161 5609 pervenerunt,
3191 5539 3424 5601 negant,
3452 5529 3646 5584 erube-

2069 5647 2280 5693 scentes
2300 5651 2462 5707 prave
2483 5644 2539 5689 et
2557 5631 2855 5688 inordinate
2879 5630 3015 5684 facta
3037 5637 3195 5697 atque
3219 5627 3357 5680 dicta
3385 5642 3396 5677 :
3424 5621 3498 5677 illi
3523 5638 3648 5675 vero

2072 5732 2127 5786 in
2153 5741 2308 5788 aetate
2341 5728 2590 5794 perlecta,
2618 5735 2673 5782 et
2697 5726 2748 5780 in
2777 5732 3067 5795 apparente
3097 5719 3384 5776 sobrietate
3409 5731 3528 5769 cum
3557 5728 3650 5784 pa-
