4122 6386
340 379 404 436 SI
1346 381 1430 434 DE
1470 380 1629 435 VITA
1666 380 1720 434 S.
1762 378 2042 434 JOANNIS
2081 380 2588 436 CHRYSOSTOMI.
3516 381 3590 438 52

412 497 569 550 ΚΕΦ.
605 496 707 549 ιε’.
743 495 958 549 Τούτων
989 491 1082 549 οὖν
1113 495 1284 560 οὑτως
1325 497 1577 566 ἐχόντων,
1615 496 1917 569 προσῆλθεν

338 585 367 634 6
395 580 495 650 τῆς
527 580 903 650 μακρηγορίας
938 581 1072 649 ἡμῖν
1110 579 1280 639 αἴτιος
1308 583 1421 640 τοῖς
1452 580 1771 642 ἐπισκόποις
1815 581 1917 632 πᾶ-

344 685 428 721 σιν
451 668 728 732 Εὐσέϐιος,
759 671 788 722 6
813 672 1113 740 κατήγορος
1144 668 1249 721 τῶν
1275 665 1332 730 ἐξ
1357 665 1557 718 λοιπῶν
1581 664 1915 727 ἐπισκόπων,

342 751 508 815 ἀξιῶν
529 751 783 821 δεχθῆναι
813 753 894 814 εἰς
924 751 1225 804 κοινωνίαν.
1259 747 1742 821 Προσαντιλέγουσί
1776 764 1917 810 τινες

342 835 451 886 τῶν
478 834 810 897 ἐπισκόπων,
842 833 916 904 μὴ
943 835 1050 886 δεῖν
1070 834 1233 886 αὑτὸν
1263 832 1518 902 δεχθῆναι
1549 831 1624 893 ὡς
1651 829 1918 898 συκοφάν·

342 934 461 985 την.
509 918 630 969 Ἐπὶ
662 916 870 980 τούτοις
905 917 1111 970 ἱκέτευε
1141 916 1342 982 λέγων·
1383 915 1599 984 Ἐπειδὴ
1638 915 1669 985 ή
1708 914 1828 984 δίκη
1859 915 1918 966 τὸ

345 1001 596 1053 πλεῖστον
630 999 794 1070 μέρος
822 1000 914 1052 ἐπὶ
939 999 1032 1051 δύο
1070 1000 1160 1069 ἔτη
1197 997 1524 1067 ἐϐασανίσθη
1544 1037 1559 1060 ,
1590 999 1669 1060 είς
1710 997 1919 1067 μάρτυ-

347 1100 446 1153 ρας
469 1083 525 1136 6%
567 1083 856 1154 γεγένηται
892 1085 924 1152 ἡ
963 1081 1273 1152 ὑπέρθεσις,
1304 1081 1490 1150 δέομαι
1518 1081 1617 1150 τῆς
1648 1081 1919 1150 ὑμετέρας

346 1165 620 1234 θεοφιλίας
663 1167 897 1236 σήμερον
935 1163 1190 1236 παραυτά
1219 1164 1398 1216 δοῦναί
1429 1180 1495 1232 με
1535 1164 1660 1226 τοὺς
1712 1163 1918 1231 μάρτυ-

350 1267 468 1319 ρας.
512 1249 573 1300 Εἰ
606 1249 715 1316 γὰρ
753 1250 847 1301 καὶ
899 1249 1209 1309 Ἀντωνῖνος
1252 1248 1280 1298 6
1311 1246 1606 1308 ἐπίσκοπος
1638 1245 1921 1315 ἐτελεύτη-

351 1350 440 1384 σεν
481 1334 508 1384 ό
537 1331 717 1384 λαϐὼν
747 1333 806 1385 τὸ
839 1332 1057 1402 χρυσίον
1105 1335 1196 1384 καὶ
1229 1331 1641 1400 χειροτονήσας,
1677 1330 1790 1382 ἀλλ’
1827 1327 1918 1384 οὖν

345 1431 408 1482 γε
443 1415 692 1484 μένουσιν
721 1419 768 1468 οἰ
807 1417 1095 1478 δεδωκότες
1130 1416 1220 1468 καὶ
1255 1414 1736 1484 χειροτονηθέντες.
1783 1415 1919 1467 Ἐδι-

345 1498 642 1568 καίωσενή
694 1501 940 1569 παροῦσα
975 1499 1188 1560 σύνοδος
1240 1496 1537 1566 ζητηθῆναι
1570 1496 1628 1548 τὸ
1665 1499 1914 1567 πρᾶγμα.

351 1582 414 1632 Ἀ
428 1599 614 1650 ρχεται
646 1585 678 1652 ή
733 1582 988 1646 ὑπόθεσις
1032 1581 1089 1648 ἐξ
1130 1581 1552 1649 ἀναγνώσματος
1585 1579 1696 1632 τῶν
1731 1581 1919 1652 πρώην

347 1663 700 1732 πραχθέντων
743 1665 1170 1736 ὑπομνημάτων.
1213 1664 1472 1734 Είσῆλθον
1518 1664 1568 1714 οἰ
1623 1664 1916 1733 μάρτυρες,

347 1747 596 1816 εἰσῆλθον
626 1751 719 1802 καὶ
748 1748 809 1812 ἒξ
838 1751 942 1801 τῶν
961 1748 1267 1802 δεδωκότων
1299 1749 1391 1800 καὶ
1417 1747 1916 1818 χειροτονηθέντων.

360 1830 448 1882 Ἑν
508 1833 605 1901 μὲν
648 1835 712 1902 τῇ
764 1835 905 1904 ἀρχῇ
945 1833 1234 1904 ἠρνοῦντο·
1290 1832 1652 1902 ἐπιμενόντων
1705 1831 1760 1883 δὲ
1813 1831 1920 1885 τῶν

350 1915 665 1985 μαρτύρων,
703 1915 811 1968 τῶν
868 1916 965 1986 μὲν
1013 1916 1250 1978 λαῖκῶν,
1293 1915 1402 1968 τῶν
1445 1916 1499 1967 6%
1539 1917 1633 1968 καὶ
1681 1916 1918 1986 πρεσϐυ-

345 1997 554 2066 τέρων,
599 1993 680 2061 οἷς
717 1997 900 2062 ἔδοξαν
941 1999 1356 2068 τεθαρρηκέναι,
1387 1998 1480 2050 καλ⁸
1529 1997 1798 2065 γυναικῶν
1840 2016 1920 2051 τι·-

348 2097 475 2141 νων,
512 2083 606 2133 καὶ
649 2081 717 2132 τά
747 2083 860 2151 εἴδη
893 2081 1001 2133 τῶν
1033 2082 1303 2151 ἐνεχύρων
1341 2081 1604 2148 λεγόντων
1625 2120 1638 2140 ,
1675 2081 1768 2132 καὶ
1797 2081 1920 2143 τοὺς

353 2164 556 2224 τόπους
583 2164 676 2216 καὶ
703 2164 828 2226 τοὺς
857 2166 1080 2234 καιροὺς
1115 2165 1208 2216 καὶ
1235 2163 1332 2232 τὴν
1361 2163 1632 2234 ποσότητα
1649 2204 1664 2226 ,
1688 2164 1745 2214 οὑ
1778 2163 1919 2214 πάνυ

350 2245 530 2307 καλῶς
583 2245 930 2317 διακειμένης
977 2245 1155 2300 αὑτῶν
1201 2246 1581 2315 συνειδήσεως,
1616 2245 1920 2315 αὐθαίρετοι

349 2327 667 2395 ὁμολογοῦσι
701 2329 823 2398 δίχα
870 2329 1069 2398 πολλῆς
1126 2330 1402 2398 ἀνάγκης,
1449 2329 1528 2380 ὅτι
1565 2327 1918 2397 Δεδώκαμεν,

349 2410 718 2480 ὡμολόγηται,
773 2414 864 2465 καὶ
913 2413 1238 2481 γεγόναμεν,
1299 2412 1550 2480 τοιαύτην
1606 2411 1922 2480 νομίσαντες

350 2488 488 2544 εἶναι
546 2494 897 2556 ἀκολουθίαν,
956 2496 1042 2548 ἵνα
1096 2496 1335 2564 δόξωμεν
1389 2493 1483 2546 τοῦ
1543 2492 1920 2562 βουλευτηρίου

347 2575 784 2648 ἐλευθεροῦσθαι.
845 2580 952 2632 Καὶ
1014 2579 1108 2631 νῦν
1170 2577 1420 2648 δεόμεθα,
1491 2578 1540 2628 εἰ
1610 2577 1708 2647 μὲν
1779 2578 1923 2629 ἔστιν

348 2662 530 2724 ὅσιον,
582 2665 728 2732 ἡμᾶς
775 2658 912 2715 εἶναι
966 2664 1024 2714 ἐν
1071 2665 1138 2734 τῇ
1184 2661 1493 2732 λειτουργίᾳ
1544 2661 1658 2730 τῆς,
1694 2662 1922 2731 Ἐκκλη-

353 2744 491 2806 σίαςο
522 2746 643 2797 ἐπεὶ
675 2746 776 2798 κάν
819 2745 880 2798 τὸ
921 2747 1158 2816 χρυσίον,
1194 2745 1222 2798 6
1261 2745 1592 2814 δεδώκαμεν,
1639 2745 1724 2797 ἵνα
1750 2745 1926 2797 λάϐω-

354 2843 474 2896 μεν’
536 2827 645 2880 τῶν
706 2828 812 2899 γάρ
874 2830 1146 2896 γυναικῶν
1200 2828 1355 2898 ἡμῶν
1417 2845 1562 2890 τινες
1617 2827 1926 2897 δεδώκαμεν

352 2909 541 2979 σκεύη.
581 2912 640 2964 '0
683 2913 931 2982 Ἰωάννης
953 2913 1087 2983 πρὸς
1121 2912 1292 2966 ταῦτα
1321 2912 1585 2982 ὑπέσχετο
1621 2915 1684 2982 τῇ
1707 2912 1924 2982 συνόδῳ,

349 2994 432 3045 ὅτι
469 2991 573 3046 Τοῦ
620 2996 718 3064 μὲν
774 2995 1152 3066 βουλευτηρίου
1187 2995 1297 3064 ἐγὼ
1325 2996 1520 3058 αὑτοὺς
1561 2996 1656 3048 σὺν
1681 2994 1798 3065 Θεῷ
1826 2997 1927 3048 ἀπ-

350 3076 585 3143 αλλάξω,
617 3077 855 3142 ἀξιώσας
889 3079 979 3130 τὸν
1022 3078 1262 3148 βασιλέαο
1303 3079 1460 3147 ὑμεῖς
1496 3077 1552 3130 δὲ
1591 3079 1928 3148 προστάξατε

354 3161 551 3222 αὐτοὺς
606 3159 790 3212 λαϐεῖν
843 3161 870 3213 6
921 3160 1211 3214 δεδώκασιν
1264 3161 1415 3231 παρά
1467 3159 1574 3212 τῶν
1615 3161 1927 3213 Ἀντωνίνου

353 3243 722 3314 κληρονόμων.
761 3245 1094 3316 Προσέταξεν
1135 3248 1167 3315 ή
1212 3245 1446 3306 σύνοδος,
1480 3245 1541 3296 τὸ
1583 3244 1681 3314 μὲν
1711 3243 1930 3314 χρυσίον

353 3326 550 3390 αὑτοὺς
594 3327 775 3380 λαϐεῖν
831 3328 979 3398 παρὰ
1032 3328 1137 3380 τῶν
1198 3328 1545 3398 κληρονόμων
1595 3326 1928 3389 Ἀντωνίνου,

355 3412 628 3462 κοινωνεῖν
683 3410 739 3462 δὲ
787 3410 934 3463 ἔνδον
975 3411 1068 3462 τοῦ
1111 3410 1516 3481 θυσιαστηρίου,
1550 3407 1688 3464 εἶναι
1733 3411 1790 3463 δὲ
1826 3411 1933 3463 ἀπὸ

355 3491 570 3562 ἱερέων,
599 3493 682 3545 ἵνα
718 3495 791 3564 μή
821 3493 1024 3546 τούτων
1058 3493 1514 3564 συγχωρηθέντων
1549 3493 1672 3556 ἔθος
1709 3493 1933 3562 γένηται

374 3575 740 3647 Ἰουδαῖκδν,ῆ
784 3577 1096 3644 Αίγύπτιον,
1137 3577 1231 3629 τοῦ
1288 3577 1486 3630 πωλεῖν
1527 3578 1618 3630 καὶ
1647 3577 1933 3647 ἀγοράζειν

359 3660 458 3728 τήν
479 3657 792 3728 ίερωσύνηνζ
823 3661 958 3712 Φασὶ
978 3661 1034 3713 δὲ
1065 3660 1156 3712 τὸν
1185 3659 1437 3727 λυμεῶνα
1471 3661 1562 3712 καὶ
1587 3658 1934 3728 ψευδώνυμον

362 3743 704 3813 πατριάρχην
735 3743 843 3795 τῶν
883 3744 1149 3797 Ἰουδαίων
1185 3744 1302 3796 κατ’
1335 3743 1452 3806 ἔτος
1481 3743 1748 3812 ἀμείϐειν,
1775 3743 1808 3814 ἦ
1844 3745 1936 3796 καὶ

359 3828 491 3892 παρ’
548 3826 665 3889 ἔτος
712 3827 836 3890 τοὺς
894 3827 1369 3896 ἀρχισυναγώγους
1430 3827 1520 3878 ἐπὶ
1577 3825 1803 3896 συλλογῇ
1842 3826 1935 3878 τοῦ

359 3910 647 3980 ἀργυρίου,
683 3909 881 3979 ὁμοίως
937 3910 1000 3962 δὲ’
1035 3911 1128 3963 καὶ
1172 3910 1264 3962 τὸν
1310 3910 1554 3980 ζηλωτὴν
1597 3909 1786 3962 τούτου
1830 3909 1938 3962 τῶν

359 3993 674 4058 Αἰγυπτίων
700 3993 1059 4063 πατριάρχην,
1085 3993 1170 4044 ἵνα
1198 3991 1456 4062 πληρωθῇ
1489 3993 1547 4044 τὸ
1578 3993 1934 4063 προφητικόν·

363 4079 428 4128 Ol
474 4075 646 4142 ἱερεῖς
677 4075 867 4140 αὐτῆς
899 4076 1047 4143 μετὰ
1075 4073 1275 4142 δώρων
1311 4077 1730 4142 ἀπεκρίναντο,
1760 4076 1859 4130 καὶ
1886 4080 1939 4130 οἱ

358 4157 662 4226 προφῆται
691 4159 882 4225 αὐτῆς
897 4157 1046 4227 μετὰ
1066 4159 1348 4226 ἀργυρίου
1367 4160 1782 4226 ἐμαντεύοντο.
1815 4160 1942 4212 Τού-

357 4261 468 4294 των
505 4243 718 4295 πάντων
748 4243 864 4294 ἐστὶ
896 4242 988 4294 καὶ
1015 4242 1083 4294 τά
1110 4243 1477 4312 ὑπομνήματα
1519 4245 1608 4295 καὶ
1638 4245 1687 4295 οἰ
1717 4244 1939 4313 κρίναν-

357 4342 470 4388 τες.
507 4326 616 4376 Καὶ
643 4326 742 4376 οὐκ
774 4327 853 4388 είς
887 4325 1011 4394 μίαν
1032 4325 1241 4396 ἡμέραν
1269 4325 1576 4395 γεγένηται,
1605 4328 1679 4389 ὡς
1709 4326 1942 4394 ἐψεύσα-

357 4427 422 4462 το
475 4411 504 4462 ό
553 4409 893 4479 Θεόφιλος,ή
939 4410 1200 4473 ἐξέτασις,
1244 4410 1358 4462 ἀλλ’
1397 4410 1493 4461 ἐπὶ
1529 4409 1622 4462 δύο
1666 4410 1781 4480 ἔτη.
1834 4412 1942 4466 Καὶ

360 4491 622 4561 ἔστερξαν
659 4494 708 4544 οἰ
741 4492 1174 4562 καθαιρεθέντες,
1212 4493 1310 4561 τῆς
1365 4491 1663 4562 μελλούσης
1709 4493 1942 4560 κρίσεως

361 4573 839 4642 ἐλευθερωθέντες,
883 4576 958 4640 ώς
1003 4575 1092 4629 τὸν
1127 4576 1220 4628 ἕνα
1253 4577 1310 4640 ἐξ
1341 4575 1516 4628 αὑτῶν
1543 4575 1752 4628 ἔκδικον
1777 4575 1944 4646 δημο-

365 4657 498 4708 σίων
543 4657 794 4722 γενέσθαι
828 4659 1185 4728 πραγμάτων
1227 4659 1321 4711 καὶ
1349 4660 1426 4720 είς
1454 4658 1579 4719 τοὺς
1617 4658 1817 4722 τόπους
1848 4660 1945 4712 αὑ-

361 4740 474 4791 τῶν
519 4739 696 4810 ’έτεροι
743 4741 1018 4806 ἁείπαιδες
1064 4743 1516 4812 ἀντεισήχθησαν,
1553 4741 1649 4812 βίῳ
1685 4744 1775 4796 καὶ
1803 4743 1944 4810 λόγῳ

361 4824 790 4894 κεκοσμημένοι.
836 4827 946 4878 Καὶ
984 4828 1031 4878 οί
1066 4827 1315 4893 γενναδες
1349 4827 1444 4878 καὶ
1483 4826 1772 4894 φιλόνεικοι
1809 4827 1944 4896 μετὰ

363 4908 466 4975 τὴν
505 4907 748 4959 Ἰωάννου
790 4907 1001 4978 ἐξορίαν
1030 4910 1280 4972 λαϐόντες
1305 4909 1333 4960 ὃ
1368 4909 1557 4961 ἔλαϐον
1591 4910 1671 4979 (οὑ
1701 4909 1808 4980 γὰρ
1833 4910 1944 4978 ἔχει

363 4991 536 5060 ϐνομα
581 4994 612 5061 ἡ
660 4991 846 5054 κακία,
893 4992 1080 5062 ῶσπερ
1121 4993 1238 5045 οὑδέ
1281 4993 1510 5056 οὐσίαν),
1538 4993 1662 5056 τοὺς
1711 4994 1810 5063 μὲν
1841 4994 1946 5064 πρὸ

365 5079 685 5148 τετραετίας
732 5079 984 5148 ῥιφέντας
1029 5079 1190 5132 πάλιν
1220 5080 1552 5150 είσέφρησαν
1585 5082 1662 5143 εἰς
1695 5083 1791 5144 τάς
1825 5082 1946 5132 Ἐκ-

365 5165 616 5231 κλησίας,
645 5167 768 5229 τοὺς
790 5165 844 5217 6%
876 5166 1152 5235 ἐνθέσμως
1184 5182 1202 5202 ι
1239 5166 1677 5236 ἐνθρονισθέντας
1708 5168 1945 5232 ἐξέωσαν

363 5248 460 5298 ἐπί
497 5247 822 5316 σκορπισμῷ
858 5249 968 5299 τῶν
997 5248 1088 5300 τοῦ
1113 5249 1348 5317 Χριστοῦ
1380 5249 1686 5318 προϐάτων.
1715 5250 1788 5301 Τὸ
1822 5250 1946 5319 μέν·

363 5352 450 5386 τοι
477 5335 930 5402 γελοιωδέστατον
965 5337 1202 5396 πάντων,
1231 5337 1427 5406 μᾶλλον
1461 5338 1515 5389 δὲ
1545 5337 1745 5408 θρήνου
1774 5337 1944 5401 ἀξιον,

367 5423 464 5474 ἐὰν
501 5423 759 5495 ἀκούσῃς,
791 5423 1032 5494 Θεόδωρε
1059 5423 1508 5493 φιλομαθέστατε,
1555 5425 1794 5494 Ἠχήσει
1831 5426 1948 5493 μέν

366 5529 508 5572 σου,
551 5514 690 5565 κατὰ
731 5513 820 5565 τὸν
857 5515 1162 5584 προφήτην,
1197 5514 1495 5581 ἀμφότερα
1536 5514 1608 5566 τὰ
1642 5509 1778 5567 ὦτα·
1825 5515 1948 5566 ἀπο-

368 5597 626 5661 κλαύσεις
649 5598 728 5658 δέ,
752 5599 995 5666 φιλόθεος
1022 5598 1118 5661 ὦν,
1148 5600 1274 5661 τοὺς
1311 5599 1666 5669 μαινομένους
1697 5601 1803 5652 τῶν
1837 5603 1950 5653 ἐπι-

372 5684 612 5740 σκόπων.
665 5687 1018 5757 ἐσκοτισμένῃ
1067 5687 1210 5756 χειρὶ
1258 5686 1682 5756 λυμαινομένους
1724 5689 1824 5751 τάς
1851 5689 1952 5741 δω-

375 5771 504 5843 ρεάς
540 5772 633 5826 τοῦ
687 5773 942 5845 Χριστοῦ.
980 5776 1076 5836 'A;
1111 5776 1220 5844 γὰρ
1251 5774 1388 5843 μετά
1420 5776 1671 5844 νηστείας
1702 5777 1795 5830 καὶ
1834 5776 1950 5848 δεήο

438 5925 462 5952 ⁸
487 5924 567 5975 Sic
594 5928 698 5975 cod.
721 5927 924 5990 optime.
952 5927 1146 5977 Edilum
1168 5926 1325 5976 fuerat
1347 5929 1609 5992 ἐνθέσμους.

610 6015 881 6076 ΡΑτιιΟι..
929 6018 1044 6075 Gn.
1093 6019 1143 6077 Χ
1161 6016 1345 6078 LV".

2027 514 2162 560 σεως
2219 499 2313 550 καὶ
2368 497 2687 568 δοκιμασίας
2735 498 2936 570 κλήρου
2992 499 3087 551 καὶ
3143 499 3306 568 φόϐου
3357 499 3406 551 οἰ
3465 498 3595 569 περὶ

2023 580 2226 650 Πέτρον
2259 581 2352 632 καὶ
2393 581 2641 650 Ἰωάννην
2685 583 2900 634 ἐποίουν
2949 581 3300 652 χειροτονίας,
3341 582 3493 633 αὑτοὶ
3531 582 3595 635 τὸ

2023 663 2261 715 ἐναντίον
2322 662 2457 732 μετά
2513 664 2819 734 κραιπάλης
2879 665 2972 717 2a}.
3031 666 3200 736 μέθης
3259 665 3354 718 καὶ
3408 655 3596 736 δώρων

2021 745 2253 817 οἰκτρῶν
2296 746 2364 798 τά
2395 745 2502 798 τῶν
2531 746 2830 818 ἀνθρώπων
2855 747 3202 818 ἐκτρώματα,
3238 748 3274 802 ἃ.
3303 749 3440 819 μήτε
3479 748 3594 817 χοί-

2025 845 2133 898 ρων
2169 828 2378 898 ἀλόγων
2419 830 2451 900 ἢ
2484 830 2659 883 κυνῶν
2687 832 2832 896 ἀξια,
2863 832 3003 885 κατά
3025 833 3116 884 τὸν
3142 831 3596 902 προφητεύσαντα

2023 912 2150 981 περὶ
2201 912 2380 966 αὐτῶν
2424 912 2542 965 Ἰὼϐ
2595 917 2658 966 ἐκ
2703 913 2991 984 προσώπου
3041 915 3138 968 τοῦ
3173 915 3440 987 ,Σωτῆρος⁸
3479 914 3596 981 Οὓς

2022 995 2485 1064 οὺχῂγυησάμην
2514 996 2722 1061 ἀξίους
2750 996 2950 1050 κυνῶν
2981 997 3098 1051 τῶν
3121 997 3277 1067 ἐμῶν
3299 996 3593 1066 νομάδων,

2022 1078 2080 1130 οἳ
2111 1080 2224 1132 ὑπὸ
2244 1080 2516 1148 φρύγανα
2542 1079 2845 1147 διῃτῶντο.
2871 1080 2936 1135 Οἱ
2967 1081 3145 1134 τοίνυν
3181 1081 3318 1152 μετά
3347 1081 3596 1152 μιμάδων

2023 1161 2119 1214 καὶ
2163 1163 2448 1225 Ἰουδαίων,
2484 1164 2558 1226 ώς
2591 1164 2732 1232 φίλοι
2757 1165 2849 1217 τοῦ
2877 1164 3148 1234 Σωτῆρος,
3186 1166 3338 1234 παρά
3373 1165 3483 1219 τῶν
3508 1181 3599 1217 σο-

2025 1245 2140 1312 φῶν
2189 1247 2256 1298 τά
2290 1247 2575 1318 ἀπόρρητα
2613 1249 2710 1317 τῆς
2746 1247 3042 1318 ἱερωσύνης
3086 1247 3594 1302 καταπιστεύονται·

2023 1329 2088 1380 δι’
2116 1328 2209 1392 οὒς
2246 1331 2338 1382 καὶ
2369 1331 2494 1393 τοὺς
2525 1331 2844 1401 εὑκτηρίους
2871 1331 3053 1394 οἴκους
3083 1331 3372 1400 φεύγουσιν
3397 1335 3446 1385 οἰ
3479 1331 3599 1386 λαοὶ

2024 1411 2131 1463 τῶν
2171 1412 2486 1480 όρθοδόξων.
2515 1413 2758 1481 Ἔφθασε
2802 1415 2912 1485 γὰρ
2955 1415 3170 1476 πάντως
3202 1413 3260 1466 τὸ
3293 1415 3474 1468 καινὸν
3504 1417 3599 1468 καὶ

2025 1496 2461 1563 κουφωδέστατον
2481 1497 2572 1550 τοῦ
2599 1498 2940 1568 τολμήματος
2969 1498 3062 1550 καὶ
3099 1496 3289 1566 μέχρις
3320 1498 3479 1567 ήμῶν
3499 1499 3598 1569 τῆς

2025 1580 2166 1632 κατά
2190 1581 2420 1647 Ἔφεσον
2459 1580 2802 1650 Ἐκκλησίας·
2835 1581 2950 1644 πῶς
2983 1581 3090 1652 γάρ
3119 1578 3215 1646 οὑ;
3249 1582 3598 1651 παραθαλασ-

2026 1663 2146 1725 σίας
2170 1661 2355 1732 οὑσης,
2383 1664 2474 1716 καὶ
2514 1663 2709 1734 ῥᾳδίως
2733 1663 3238 1735 διαπορθμευούσης
3265 1665 3363 1727 τὰς
3385 1666 3594 1734 φήμας.

2025 1748 2118 1809 Εἰς
2140 1747 2230 1800 τὸν
2263 1747 2428 1800 τόπον
2449 1747 2577 1815 γάρ,
2609 1748 2806 1818 μᾶλλον
2831 1747 2887 1801 δέ
2931 1750 3011 1809 εἰς
3035 1749 3124 1801 τὸν
3159 1749 3404 1802 Ἰωάννου
3426 1747 3518 1801 τοῦ
3535 1748 3600 1802 τδ

2026 1828 2356 1897 Εὑαγγέλιον
2381 1830 2710 1900 γράψαντος,
2741 1831 2834 1885 τοῦ
2861 1833 2941 1894 εἰς
2972 1831 3034 1884 τὸ
3055 1833 3153 1901 τῆς
3180 1832 3371 1900 σοφίας
3407 1829 3602 1901 στῆθος

2027 1912 2230 1974 πιστῶς
2283 1913 2736 1976 ἐπαναπεσόντος,
2803 1915 2933 1986 περὶ
2992 1910 3054 1968 οὑ
3114 1915 3443 1985 γέγραπται·
3501 1915 3606 1966 Ὃν·

2023 1996 2228 2062 ἠγάπα
2269 2000 2301 2049 ό
2343 1997 2597 2062 Ἰησοῦς·
2623 1997 2682 2049 ὃν
2709 1996 2990 2066 Τιμόθεος,
3029 2001 3056 2050 ὁ
3083 1998 3296 2051 Παύλου
3333 1996 3603 2068 μαθητὴς,

2027 2079 2163 2146 πρὸς
2189 2079 2248 2131 ὃν
2284 2080 2338 2131 αἱ
2373 2078 2464 2131 δύο
2489 2080 2744 2148 φέρονται
2773 2079 2865 2132 τοῦ
2905 2081 3226 2134 Ἀποστόλου
3272 2079 3600 2134 Ἐπιστολαίο

2027 2159 2326 2229 διαδέχεται
2399 2161 2675 2232 βδέλυγμα
2719 2161 3068 2232 ἐρημώσεως.
3117 2164 3607 2234 Χειροτονήσαντες

2028 2246 2136 2317 γάρ
2174 2248 2264 2299 τὸν
2300 2249 2572 2319 Βίκτωρος
2600 2249 2694 2301 τοῦ
2724 2249 3005 2318 τριϐούνου
3037 2250 3309 2319 εὑνοῦχον,
3335 2248 3608 2320 ἐνεθρόνι-

2030 2353 2146 2399 σαν,
2187 2337 2279 2388 καὶ
2332 2337 2420 2389 τὸν
2467 2337 2570 2390 ὑπὸ
2617 2338 2984 2410 ἐϐδομήκοντα
3031 2341 3344 2393 ἐπισκόπων
3374 2339 3576 2409 ἐνθρονι

2029 2423 2221 2476 σθέντα
2248 2425 2304 2475 ἐν
2327 2425 2515 2496 εἱρκτῇ
2547 2425 2890 2490 δαπανῶντες
2927 2427 3087 2498 μέχρι
3111 2428 3207 2496 τῆς
3233 2427 3412 2498 δεῦρο,
3437 2425 3606 2498 ἄνδρα

2033 2511 2339 2580 μονάσαντα
2390 2516 2447 2565 ἐν
2493 2519 2560 2585 τῇ
2613 2517 2822 2585 ἐρήμῳ,
2855 2515 2963 2568 ἀπὸ
3013 2515 3315 2580 ἐγκυκλίων
3368 2516 3607 2586 ἠγμένον

2033 2599 2390 2670 μαθημάτων,
2418 2603 2640 2656 καὶτῶν
2670 2603 2826 2656 θείων
2861 2604 3090 2673 Γραφῶν
3116 2605 3264 2668 ἐντὸς
3293 2605 3603 2674 γενόμενον,

2031 2687 2125 2738 καὶ
2153 2687 2546 2760 διακονήσαντα
2580 2692 2672 2760 ἔτη
2710 2691 2855 2761 τρία.
2887 2692 2997 2744 Καὶ
3025 2691 3136 2744 είθε
3157 2694 3184 2745 6
3212 2694 3608 2764 χειροτονηθεὶς

2032 2775 2282 2844 εὐνοῦχος
2326 2777 2412 2830 διὰ
2449 2776 2565 2846 βίου
2597 2779 2793 2848 σεμνοῦ
2843 2773 2911 2849 ἦν
2971 2779 3227 2849 ἠγμένος,
3269 2780 3362 2833 καὶ
3404 2781 3608 2850 ήμίκα-

2032 2877 2126 2912 κον
2151 2857 2217 2932 ἦν
2247 2862 2306 2914 τὸ
2339 2863 2527 2916 κακόν·
2556 2867 2671 2917 νυνὶ
2699 2865 2776 2929 δὲ,
2809 2866 2912 2935 γῆς
2937 2868 3172 2938 ἔντερον,
3204 2866 3607 2939 γαστρίδουλον,

2033 2948 2356 3020 θηλυμανές,
2399 2952 2606 3021 ἰταμὸν,
2636 2953 2884 3022 μέθυσον,
2910 2954 3264 3024 πορνοκόπον,
3287 2953 3608 3025 ἀργυρώνη-

2033 3057 2143 3105 τον,
2197 3039 2566 3111 ἀνελεύθερον,
2611 3043 2964 3114 φιλάργυρον,
3003 3045 3136 3116 πρὸς
3182 3045 3318 3116 αὑτῇ
3365 3047 3432 3115 τῇ
3465 3044 3612 3112 γενέο

2039 3144 2119 3178 σει
2167 3126 2640 3197 σιδηροκατάδικον
2669 3130 2696 3169 ι)
2720 3171 2734 3193 ,
2773 3131 3052 3202 ἄνανδρον,
3099 3131 3292 3201 ἄθηλυ,
3324 3134 3609 3203 ἐπιμανὲς,

2037 3213 2216 3278 καθὼς
2265 3216 2469 3286 ῆκουσα
2510 3217 2787 3282 πολλάκις,
2840 3218 2907 3270 τά
2947 3217 3208 3290 θεατρικά
3251 3218 3478 3290 κοράσια
3515 3221 3614 3272 ἐπ’

2037 3301 2201 3371 ῶμων
2246 3302 2587 3372 βαστάσαντα
2629 3306 2687 3357 ἐν
2716 3309 3025 3376 σατυρικοῖς
3070 3308 3411 3376 συμποσίοις,
3441 3307 3613 3378 κισσῷ

2036 3391 2135 3458 τὴν
2177 3391 2414 3462 κεφαλὴν
2453 3393 2804 3463 ἐστεμμένον,
2843 3393 2938 3445 καλ⁸
2977 3394 3227 3464 κρατῆρα
3271 3396 3328 3446 ἐν
3363 3398 3429 3465 τῇ
3470 3394 3616 3465 χειρὶ

2040 3480 2340 3549 ἐνημμένον
2376 3483 2744 3552 οίνοχοηκέναι
2780 3485 2838 3537 ἐν
2870 3485 3218 3554 προσχήματι
3251 3483 3345 3537 τοῦ
3385 3484 3614 3554 μυθικοῦ

2040 3568 2314 3624 Διονύσου.
2364 3570 2550 3624 Ταῦτα
2593 3572 2650 3624 δὲ
2697 3572 2875 3626 πάντα
2903 3572 3139 3643 ἔπραξεν
3174 3573 3236 3626 οὑ
3272 3573 3381 3643 πρὸ
3408 3573 3508 3642 τῆς
3536 3576 3617 3636 εἰς

2041 3656 2272 3726 Χριστὸν
2301 3661 2707 3728 μυσταγωγίας,
2732 3661 2867 3714 ἀλλὰ
2904 3661 3043 3730 μετὰ
3064 3661 3126 3713 τὸ
3152 3661 3429 3730 φώτισμα·
3459 3661 3519 3724 6;
3538 3665 3618 3715 αἰ-

2041 3744 2281 3797 νίσσεται
2326 3746 2414 3799 διὰ
2453 3747 2657 3800 τούτων
2703 3748 2836 3818 μηδὲ
2871 3753 2935 3819 τῇ
2975 3749 3267 3802 ἀναστάσει
3317 3749 3612 3803 πιστεύειν.

2043 3833 2156 3900 Τῆς
2201 3833 2310 3904 γάρ
2362 3835 2710 3899 ἀναστάσεως
2746 3835 2835 3888 τὸν
2877 3836 3123 3907 θεμέλιον
3153 3836 3458 3907 σαθρώσας,
3499 3839 3618 3903 πῶς

2043 3915 2196 3984 οὗτος
2237 3923 2328 3975 ἐπὶ
2370 3923 2539 3995 ταύτῃ
2582 3935 2606 3963 ο
2651 3939 2932 3989 πιστεύει;
2973 3928 3001 3978 6
3040 3925 3095 3978 6%
3129 3925 3202 3996 μή
3241 3929 3510 3980 πιστεύων
3548 3932 3618 3998 τῇ

2044 4008 2357 4072 ἀναστάσει,
2389 4010 2504 4073 πῶς
2527 4010 2699 4082 κήρυξ
2717 4013 2939 4082 γένηται
2961 4014 3060 4083 τῆς
3085 4013 3453 4078 ἀναστάσεως,
3479 4017 3622 4072 κατά

2045 4095 2136 4147 τὸν
2167 4097 2404 4150 εἰπόντα·
2440 4096 2572 4163 Πῶς
2610 4098 2679 4151 δὲ
2719 4100 3080 4169 κηρύξωσιν,
3107 4102 3218 4155 ἐὰν
3249 4101 3338 4170 μὴ
3375 4104 3622 4157 πιστεύ-

2045 4199 2279 4247 σωσιν;
2329 4177 2496 4247 Οὗτος
2543 4190 2809 4256 σωφρονεῖ
2859 4188 2958 4258 μὲν
3008 4189 3214 4257 ἀμισθα
3253 4189 3343 4242 διὰ
3378 4190 3618 4262 σιδήρου.

2050 4269 2295 4340 μαίνεται
2329 4271 2386 4324 δὲ
2423 4272 2646 4346 ἄκαρπα
2691 4275 2758 4327 δι’
2798 4276 3003 4329 οἰκείαν
3045 4277 3392 4347 αἰσχρότητα.
3436 4277 3621 4331 Ταῦτα

2046 4361 2103 4413 δέ
2142 4363 2256 4413 ἐστι
2302 4361 2368 4414 τὰ
2416 4362 2554 4415 κατὰ
2595 4363 2692 4432 τήν
2736 4363 2919 4416 Ἀσίαν
2971 4367 3332 4435 γεγενημένα,
3387 4367 3513 4436 περὶ
3547 4359 3622 4418 ὧν

2049 4447 2428 4520 ἐπηρῶτησας,
2461 4449 2546 4502 διὰ
2577 4452 2666 4502 τὸν
2691 4450 2976 4520 γράψαντα
3006 4451 3260 4520 Θεόφιλον
3287 4453 3480 4516 δεκαέξ
3506 4455 3626 4506 ἐπι-

2051 4535 2284 4598 σκόπους
2329 4535 2702 4608 καθῃρηκέναι
2730 4537 2820 4588 τὸν
2864 4538 3133 4608 Ἰωάννην.
3175 4541 3306 4592 Ἐσο
3333 4536 3426 4592 οὖν
3469 4539 3624 4602 εἰδὼς

2049 4623 2140 4674 ἐπὶ
2190 4625 2287 4693 τῆς
2332 4624 2607 4694 ἀληθείας,
2651 4626 2732 4677 δτι
2768 4625 2827 4690 ἔξ
2859 4628 2982 4679 εἰσι.
3021 4628 3234 4682 Τούτων
3279 4629 3397 4683 ἐστὶ
3431 4630 3523 4682 καὶ
3553 4629 3623 4684 τά

2050 4712 2416 4782 ὑπομνήματα
2465 4713 2744 4784 σωζόμενα
2797 4716 2924 4784 παρ’
2950 4717 3081 4784 ήμῖν
3132 4716 3269 4785 μετᾲ
3299 4717 3624 4790 ὑπογραφῆς

2049 4798 2157 4849 τῶν
2187 4799 2452 4852 εἰκοσιδύο
2475 4802 2787 4855 ἐπισκόπων
2808 4803 2915 4854 τῶν
2934 4803 3031 4872 τὴν
3056 4803 3228 4874 ἀρχὴν
3251 4806 3621 4868 ἀκουσάντων,

2051 4889 2144 4940 καὶ
2173 4888 2278 4941 τῶν
2303 4889 2671 4960 ἐϐδομήκοντα
2696 4892 2805 4944 τῶν
2831 4892 3190 4958 καθελάντων,
3221 4895 3314 4946 καὶ
3347 4896 3446 4964 τήν
3469 4895 3625 4965 δίκην

2052 4978 2470 5047 περαιωσάντων
2487 4976 2533 5032 δ.

2123 5065 2270 5120 ΚΕΦ.
2315 5065 2430 5127 IG'.
2463 5098 2529 5108 —-
2576 5067 2633 5121 '0
2655 5070 2836 5124 ΔΙᾹΚ.
2899 5070 3177 5138 Σύγγνωθί
3240 5087 3360 5139 μοι,
3422 5072 3626 5139 Πάτερ,

2053 5151 2370 5222 ὑπερϐαίνει
2405 5153 2572 5225 μέθην
2599 5157 2692 5208 καὶ
2724 5157 2919 5225 μανίαν
2955 5159 3046 5210 καὶ
3075 5157 3323 5225 παίγνιον
3352 5156 3420 5210 τὰ
3444 5157 3628 5210 τοιαῦθ

2052 5257 2138 5294 τα.
2173 5241 2233 5292 Οί
2261 5241 2359 5310 μέν
2385 5241 2492 5311 γάρ
2519 5243 2834 5312 μαινόμενοι
2860 5247 2953 5298 καὶ
2985 5245 3204 5316 μέθυσοι
3227 5247 3319 5298 καὶ
3343 5247 3392 5298 οἰ
3419 5246 3627 5308 παῖδες,

2052 5328 2101 5377 οἰ
2137 5327 2236 5396 μέν
2277 5328 2416 5397 μετά
2453 5328 2550 5398 τὴν
2589 5330 2770 5398 νῆψιν,
2813 5334 2860 5384 οἰ
2890 5332 2947 5384 δὲ
2981 5333 3118 5402 μετά
3145 5333 3244 5402 τὴν
3283 5331 3464 5401 πέψιν·
3506 5335 3554 5386 οἰ
3582 5332 3627 5384 δ’

2053 5414 2201 5466 ἄλλοι
2237 5414 2374 5484 μετά
2413 5415 2506 5485 τὴν
2535 5415 2756 5486 ἔννομον
2786 5417 2998 5488 ἡλικίαν
3018 5418 3326 5489 ἀρνοῦνται,
3365 5421 3628 5489 ἐπαισχυ-

2055 5501 2269 5570 νόμενοι
2295 5504 2408 5564 τοῖς
2433 5503 2671 5573 αἰσχρῶς
2709 5504 2742 5574 ἦ
2778 5506 3024 5568 ἀτάκτως
3058 5506 3445 5576 γεγενημένοις
3478 5507 3510 5576 ἢ
3543 5506 3630 5558 λε-

2055 5589 2356 5659 λεγμένοις·
2384 5582 2528 5641 οὗτοι
2563 5590 2619 5642 δὲ
2644 5593 2702 5642 ἐν
2734 5590 2919 5662 ήλικίᾳ
2946 5591 3125 5662 τελεία
3153 5594 3247 5645 καὶ
3272 5593 3500 5664 δοκούσῃ
3531 5593 3596 5662 νή
3627 5625 3631 5632 -

2119 5804 2148 5842 b
2173 5803 2294 5854 Nola
2319 5805 2539 5868 verbum,
2565 5803 2666 5853 nisi-
2687 5806 2960 5854 rescribere
2988 5805 3112 5854 vchs
3136 5807 3331 5868 σιδήρου
3350 5807 3622 5857 κατάδικον.

2121 5869 2144 5929 ἦ
2176 5869 2355 5929 ρους-ε.
2382 5867 2516 5922 οὗτος
2539 5869 2605 5916 ἔτι
2630 5869 2796 5929 ταύτῃ,
2823 5870 3013 5916 melius.

2120 5925 2150 5968 ιι
2175 5927 2238 5977 Ut
2260 5925 2452 5992 leéalur
2473 5925 2844 5993 περατωσάντων
2865 5942 3040 5981 sensus
3061 5929 3287 5993 postulat.

3165 6013 3205 6073 7
