4122 6386
489 359 565 424 κδ
1789 367 2059 422 PALLm

2161 364 2497 424 )lALOGUS
3667 367 3742 423 55

488 485 582 553 ψει
615 481 952 556 δεδρακότες,
987 485 1047 539 ού
1076 485 1235 558 μόνον
1267 487 1325 540 ού
1360 486 1788 557 μεταμελοῦνται
1833 489 1925 541 ἐπὶ
1955 492 2066 552 τοῖς

491 567 828 639 πραχθεῖσιν,
853 569 968 622 ἀλλ’
995 569 1073 622 ἔτι
1107 569 1354 641 εὔχονται
1383 571 1680 624 ἀσάλευτον
1715 571 1809 624 καὶ
1839 572 2065 641 βεϐαίαν

489 652 760 722 διαμεῖναι
789 653 889 724 τὴν
919 655 1125 708 ἑαυτῶν
1155 646 1556 724 κακοπραγίαν.
1585 657 1649 708 υί
1683 655 1791 726 γάρ
1825 657 1898 726 μὴ
1941 655 2066 726 φρί-

491 734 682 799 ξαντες
713 736 1042 804 Εὐαγγέλιον
1085 738 1348 793 ἐπιθεῖναι
1390 741 1575 807 ἐναγεῖ
1607 741 1838 810 κεφαλῇ,
1874 743 1953 803 είς
2001 741 2068 812 ἢν

490 818 764 884 γυναικῶν
811 821 868 872 αί
922 822 1187 892 ἀνήμεροι
1238 824 1650 892 ἐπωρχήσαντο,
1695 824 1835 874 τίσιν
1891 823 2069 886 ἄλλοις

493 900 1008 972 συναριθμήσονται,
1039 905 1071 974 ἢ
1116 908 1227 967 τοῖς
1265 905 1352 958 τὸν
1383 905 1670 958 ἀκάνθινον
1697 904 1956 971 στέφανον
1994 904 2070 974 τῷ

494 983 610 1053 Υίῷ
663 984 758 1037 τοῦ
822 986 954 1038 Θεοῦ
1006 987 1342 1057 περιθεῖσιν;
1385 989 1556 1051 Αὐτὸς
1587 988 1644 1040 δὲ
1689 990 1737 1040 εί
1777 984 1934 1040 οἶσθα
1973 988 2070 1040 τὸν

488 1066 693 1136 τρόπον
721 1067 821 1137 τῆς
854 1070 1237 1133 καταστάσεως
1263 1070 1570 1142 Πορφυρίου
1598 1071 1690 1124 τοῦ
1732 1071 2067 1142 Ἀντιοχέων,

493 1151 525 1218 ἢ
571 1151 696 1214 τοὺς
740 1154 1204 1224 καταστήσαντας,
1248 1155 1280 1223 ἢ
1325 1155 1416 1208 τὸν
1455 1155 1620 1208 πάλαι
1658 1153 1752 1207 τοῦ
1782 1153 2069 1226 ἀνθρώπου

493 1231 628 1300 βίον,
660 1234 708 1285 εί
737 1233 948 1305 ἄσημος
979 1235 1012 1306 ἢ
1048 1235 1335 1308 ἐπίσημος,
1373 1238 1440 1292 τά
1477 1255 1534 1290 τε
1570 1237 1838 1306 δόγματα,
1868 1239 1916 1290 εί
1939 1237 2071 1307 άλη-

491 1312 560 1382 θῆ
609 1313 641 1384 ἢ
681 1314 877 1386 ψευδῆ,
921 1318 1252 1386 ἀπάγγειλον
1282 1321 1431 1389 ἡμῖν’
1473 1319 1661 1391 ἐπειδὴ
1701 1319 1937 1390 μάλιστα
1977 1319 2071 1372 καὶ

492 1396 809 1468 γεγράφηκε
837 1403 905 1470 τῇ
944 1400 1238 1473 Ἐκκλησία
1272 1401 1574 1472 Ῥωμαίων,
1603 1403 1698 1456 καὶ⁹
1723 1403 2070 1474 ἀντιγράφων

492 1478 592 1532 οὐκ
640 1480 864 1552 ἠξιώθη.
921 1483 978 1536 '0
1028 1485 1272 1537 ’EHIXK.
1315 1486 1372 1536 Ὀ
1412 1484 1573 1547 αὐτὸς
1590 1485 1742 1538 ἔσται
1791 1503 1878 1556 μοι
1915 1485 2070 1553 λόγος

491 1562 592 1632 τῆς
622 1562 894 1635 ἀληθείας·
931 1567 990 1618 ού
1015 1567 1123 1638 γὰρ
1155 1567 1481 1638 ἐπιλήσομαι
1525 1568 1625 1638 τῆς
1675 1566 1768 1620 τοῦ
1797 1568 2068 1620 Δεσπότου

494 1647 678 1716 φωνῆς
723 1649 819 1719 τῆς
870 1649 1152 1721 λεγούσης·
1195 1653 1331 1719 Περὶ
1383 1651 1607 1717 παντὸς
1652 1653 1837 1722 λόγου
1882 1651 2070 1720 ἀργοῦ

490 1725 756 1783 δώσουσι
795 1734 981 1799 λόγον
1013 1737 1066 1787 οί
1099 1733 1396 1802 ἄνθρωποι
1440 1735 1510 1788 ἐν
1557 1735 1749 1803 ἡμέρᾳ
1796 1736 2067 1802 κρίσεως.

506 1810 646 1879 Ἐγὼ
689 1812 750 1865 δὲ
801 1815 1140 1886 προσπλέξας
1182 1815 1470 1889 τολμηρῶς
1530 1819 1736 1887 εἴποιμι
1808 1817 1902 1870 καὶ
1942 1818 2070 1887 περὶ

492 1894 675 1966 πάσης
721 1898 898 1968 ἀργῆς
939 1899 1128 1970 ἀκοῆς.
1167 1901 1262 1964 Ὣς
1297 1899 1428 1968 γοῦν
1461 1901 1555 1954 καὶ¹
1591 1899 1810 1954 σεαυτὸν
1843 1899 2071 1968 ἀσφάλι-

492 1993 603 2043 σαι,
635 1977 690 2030 εῐ
727 1995 781 2034 τι
831 1983 895 2034 οὐ
955 1984 1186 2053 συνορᾷς
1232 1999 1301 2053 με
1348 1983 1655 2053 ἀληθεύειν,
1693 1983 1768 2054 μὴ
1804 1986 1869 2054 τῇ
1909 1983 2071 2054 πολιᾷ

493 2079 598 2128 μου
628 2063 958 2134 ἡττώμενος,
997 2065 1133 2119 ἀλλά
1165 2069 1230 2137 τῇ
1270 2065 1379 2120 τῶν
1422 2069 1766 2138 πραγμάτων
1794 2068 1972 2136 φύσει.
2004 2069 2070 2120 Τί

489 2146 600 2216 γάρ
625 2165 714 2217 μοι
751 2149 816 2201 ἐκ
844 2148 951 2201 τῶν
975 2150 1234 2221 σήμερον,
1263 2150 1296 2220 ἢ
1330 2151 1394 2204 ἐκ
1427 2151 1536 2204 τῶν
1566 2151 1694 2221 χθὲς
1739 2151 2066 2222 εἰρημένων,

489 2228 680 2298 ὄφελος
711 2229 1062 2304 ψευσαμένῳ,
1097 2235 1176 2297 είς
1200 2234 1371 2288 αἰῶνα
1405 2235 1637 2288 ἐνώπιον
1674 2235 1774 2306 τῆς
1804 2234 2068 2308 ἀκριϐοῦς

488 2310 646 2383 δίκης
683 2317 1192 2388 καταισχυνομένῳ;
1235 2317 1351 2381 πῶς
1383 2318 1439 2371 δὲ
1467 2318 1675 2372 ὑποίσω
1712 2318 1804 2371 τὸν
1843 2319 2068 2390 μυλικὸν

488 2392 634 2450 λίθον
671 2396 770 2467 τῆς
818 2399 1144 2463 καταλαλιᾶς
1187 2402 1243 2454 ἐν
1273 2399 1350 2471 τῷ
1379 2401 1633 2472 τραχήλῳ
1670 2402 1771 2473 τῆς
1801 2401 2060 2466 διανοίας,

487 2479 571 2539 είς
613 2477 706 2532 τὸν
755 2478 915 2550 βυθὸν
949 2482 1049 2552 τῆς
1089 2482 1312 2553 γεέννης
1353 2483 1804 2555 κατασπώμενος,
1842 2484 1934 2536 ἐπὶ
1957 2488 2068 2549 τοῖς

487 2560 576 2612 διά
620 2561 729 2615 τῶν
800 2563 1128 2636 ψευσμάτων
1190 2583 1291 2636 μου
1370 2566 1878 2633 σκανδαλισθεῖσιν;
1920 2569 2064 2637 Πορο

489 2643 683 2714 φύριος
740 2638 894 2712 οὗτος
949 2650 1006 2702 ἐν
1060 2650 1156 2719 μὲν
1192 2652 1258 2720 τῇ
1311 2649 1609 2720 Ἐκκλησία
1661 2651 1927 2721 ἐχρόνισε,
1973 2652 2068 2704 καὶ

485 2723 814 2798 διακονήσας
873 2732 966 2783 καὶ
1025 2731 1346 2802 ἱερατεύσας
1400 2735 1460 2785 ἐν
1530 2731 1608 2802 τῷ
1667 2731 2064 2804 πρεσϐυτερίῳ,

488 2811 599 2862 τῶν
664 2811 848 2881 μέντοι
896 2814 1102 2884 χρόνων
1156 2815 1435 2886 ἀλλότριον
1476 2813 1538 2867 τὸ
1576 2810 1708 2886 ἦθος
1743 2816 1943 2886 φέρων,
1986 2818 2067 2879 είς

487 2893 644 2948 οὐδὲν
667 2897 1033 2966 πνευματικὸν
1071 2897 1435 2968 ἐχρησίμευσέ
1471 2914 1602 2950 ποτε
1643 2900 1710 2968 τῇ
1751 2897 2062 2968 Ἑκκλησίᾳο

483 2978 599 3040 τοῖς
649 2977 708 3032 δὲ
754 2979 1101 3050 περιχωρίοις
1145 2993 1170 3020 ο
1205 2979 1312 3033 τῶν
1351 2979 1594 3033 εύλαϐῶν
1639 2981 1950 3034 ἐπισκόπων
1981 2981 2067 3034 ἀεὶ

487 3061 888 3135 ἀντιπράττων,
916 3062 992 3126 ώς
1016 3063 1112 3116 ἂτε
1145 3063 1409 3133 μεγίστης
1444 3061 1518 3116 ὢν
1545 3063 1770 3127 πόλεως,
1802 3064 1893 3116 καὶ
1927 3064 2066 3134 ἔχων

484 3145 611 3210 τοὺς
631 3146 896 3217 ἄρχοντας
921 3147 1007 3199 ἐπ’
1041 3145 1306 3210 ἐξουσίας,
1345 3147 1406 3201 τὸ
1437 3149 1668 3220 πρᾶγμα
1703 3148 2060 3220 ἐκαπήλευεν·

484 3228 850 3283 ἐπιϐουλεύων
882 3229 938 3282 δὲ
981 3231 1099 3294 ταῖς
1142 3232 1363 3300 σεμναῖς
1389 3231 1763 3302 χειροτονίαις,
1796 3232 2064 3304 ὑπεισήρ-

481 3327 610 3381 χετο
636 3315 702 3384 τῇ
735 3313 842 3366 τῶν
866 3313 1081 3386 τρόπων
1109 3312 1373 3384 δεινότητι
1403 3316 1527 3377 τοὺς
1551 3315 1692 3368 κατά
1724 3315 1912 3386 καιρὸν
1941 3317 2060 3368 ἐπι-

485 3394 741 3460 σκόπους,
768 3397 844 3459 ὡς
869 3395 935 3449 ἂν
968 3396 1112 3449 είποι
1136 3413 1241 3460 τις,
1264 3396 1358 3450 καὶ
1382 3397 1614 3462 ἄκοντας
1641 3397 1936 3452 κατασπῶν
1972 3399 2063 3452 ἐπὶ

481 3477 582 3543 τὰς
625 3479 1032 3551 ἀνεμοφθόρους
1078 3481 1225 3548 ἄγων
1266 3481 1616 3553 χειροτονίας.
1662 3483 1845 3536 Δεινὸν
1888 3483 1992 3554 γὰρ
2028 3487 2060 3556 ή

481 3563 762 3628 κολακεία,
794 3563 935 3617 κατά
970 3564 1062 3616 τὸν
1103 3564 1347 3634 κωμικὸν
1391 3564 1720 3636 Μένανδρον,
1758 3565 1896 3635 μετὰ
1939 3568 2064 3620 δυσ-

481 3643 712 3716 τροπίας
745 3647 1224 3717 συγκεκλωσμένη,
1271 3646 1451 3711 καθὼς
1479 3647 1626 3716 λέγει
1652 3648 1718 3688 δ’
1762 3650 2058 3715 Χαλεπὸν,

482 3731 786 3798 Παμφίλη,
801 3729 1081 3799 ἐλευθέρᾳ
1092 3731 1330 3800 γυναικὶ
1345 3731 1494 3799 πρὸς
1506 3733 1738 3799 πόρνην
1742 3731 2034 3801 μάχεσθαι
2044 3752 2057 3765 ·

483 3811 706 3865 πλείονα
741 3807 868 3877 οἶδε,
897 3813 1117 3868 πλείονα
1149 3817 1464 3883 κακουργεῖ·
1495 3813 1807 3884 αἰσχύνεται
1848 3816 2058 3884 οὐδένα,

479 3894 769 3948 κολακεύει
838 3895 1058 3966 μᾶλλον
1115 3895 1256 3950 κατά
1321 3897 1377 3949 δὲ
1412 3897 1505 3949 τὸν
1540 3898 1702 3966 σοφὸν
1749 3899 2056 3970 Σολομῶνα,

480 3977 658 4046 Λόγοι
686 3977 1003 4046 κερκώπων
1015 3980 1298 4048 μαλακοί·
1325 3979 1494 4033 αὐτοὶ
1522 3979 1590 4032 δὲ
1612 3981 1947 4036 τύπτουσιν
1971 3985 2058 4049 είς

480 4059 707 4128 ταμιεῖα
735 4063 986 4128 κοιλίας.
1017 4062 1376 4134 Σωφροσύνης
1410 4063 1509 4134 μὲν
1531 4065 1640 4136 γὰρ
1670 4066 1768 4136 τῆς
1789 4066 1930 4120 κατὰ
1961 4067 2058 4132 τὰς

482 4142 750 4213 σαρκικὰς
796 4144 989 4214 ήδονάς
1029 4145 1090 4197 ού
1127 4145 1285 4215 μόνον
1335 4145 1503 4210 ξένος,
1539 4146 1679 4200 ἀλλά
1718 4148 1811 4202 καὶ
1842 4149 2051 4221 ἐχθρὸς,

481 4223 734 4298 καθάπερ
755 4225 866 4296 γὺψ
894 4226 1088 4299 μύρου,
1130 4228 1485 4300 καθέστηκεν,
1521 4229 1596 4295 ὡς
1631 4235 1850 4303 κρατεῖν
1891 4234 2054 4287 αὐτοῦ

483 4309 670 4379 φήμην
724 4310 820 4363 καὶ
861 4313 959 4380 τῆς
998 4311 1139 4365 κατὰ
1189 4313 1394 4384 Σόδομα
1440 4316 1799 4385 κακομανίας.
1857 4317 2055 4386 Νόμων

480 4391 590 4464 γὰρ
630 4391 724 4446 καὶ
757 4393 968 4464 μέτρων
1000 4396 1093 4448 καὶ
1113 4395 1307 4465 τειχῶν
1339 4397 1607 4465 κειμένων
1637 4399 1788 4469 παρά
1825 4399 1922 4469 τῆς
1954 4399 2056 4469 φύ-

482 4493 620 4538 σεως
652 4477 744 4532 ἐπὶ
772 4479 892 4541 ταῖς
921 4477 1152 4548 ἡδοναῖς,
1180 4478 1256 4542 ὥς
1285 4496 1453 4547 φασιν
1487 4482 1536 4533 οἱ
1569 4481 1771 4546 πολλοὶ,
1808 4483 2056 4553 πατήσας

483 4560 582 4629 μὲν
611 4561 672 4613 τὸ
692 4564 887 4631 τεῖχος,
915 4562 1209 4634 συντρίψας
1236 4563 1294 4616 δέ
1329 4563 1391 4616 τὸ
1422 4564 1638 4636 μέτρον,
1683 4565 1969 4636 ἐνυϐρίσας
1995 4566 2053 4618 δὲ

479 4645 570 4695 τὸν
599 4643 782 4715 νόμον,
809 4646 1010 4717 ταύτην
1042 4647 1321 4719 ἀπεκύησε
1343 4648 1442 4719 τὴν
1477 4649 1762 4719 ὑπόληψιν,
1785 4649 1892 4702 τῶν
1924 4651 2055 4720 γοή-

480 4743 587 4780 των
619 4729 714 4781 καὶ
742 4730 970 4799 ήνιόχων
997 4732 1092 4784 καὶ
1122 4730 1229 4784 τῶν
1267 4731 1338 4784 τά
1366 4731 1568 4785 παλαιὰ
1593 4733 1659 4785 δι’
1689 4733 1828 4803 ἀσχή
1837 4749 1936 4803 μου
1964 4751 2053 4786 κιο

479 4810 688 4880 νήσεως
714 4814 828 4881 μετ’
849 4814 1155 4885 ἐκστροφῆς
1183 4813 1405 4878 σκέλους
1433 4813 1784 4870 δεικνυόντων
1807 4818 2056 4888 προΐστα-

482 4891 608 4945 σθαι
649 4897 744 4947 καὶ
779 4897 1180 4952 συνεστιᾶσθαι.
1218 4897 1380 4969 Γόησι
1414 4899 1512 4968 μὲν
1553 4899 1660 4969 γὰρ
1694 4899 2052 4968 συναγωνίζε-

481 4975 604 5030 σθαι
641 4977 733 5032 καὶ
760 4978 990 5046 φιλικῶς
1017 4979 1312 5050 συμϐαλεῖν
1341 4981 1402 5034 ού
1437 4981 1722 5053 διετράπη,
1755 4981 1830 5045 ὡς
1859 4983 1952 5036 καὶ
1994 4984 2052 5038 ἐν

481 5060 836 5132 ὑπομνήμασι
864 5062 1136 5133 διαφόρων
1165 5065 1440 5136 ἀρχόντων
1477 5065 1812 5137 ἐμφέρεσθαι
1847 5065 2049 5138 ἐγκλήιι

482 5160 650 5213 ματα,
700 5146 800 5198 οὐκ
854 5147 1241 5215 άνεγνωκόταε
1275 5148 1334 5202 τὸ
1390 5151 1683 5220 γνωμικόν·
1742 5152 1808 5202 Ἀ
1853 5151 1926 5221 μὴ
1973 5149 2054 5204 δεῖ

480 5229 672 5294 ποιεῖν,
702 5228 824 5300 μηδ’
853 5230 1078 5284 ὑπονοοῦ
1118 5234 1309 5286 ποιεῖν.
1347 5232 1375 5272 ἀ
1401 5234 1478 5286 Δι’
1513 5233 1571 5286 ὃν
1612 5233 1704 5286 καὶ
1743 5236 1770 5286 ό
1827 5235 2052 5305 μεσίτης

480 5308 716 5381 πληγαῖς
761 5312 998 5385 ἀνῃρέθη
1047 5313 1145 5368 καὶ
1185 5319 1218 5369 ό
1245 5315 1435 5384 εὑρὼν
1473 5329 1495 5356 ε
1519 5317 1836 5385 ἐξωρίσθη,
1879 5318 1980 5372 καὶ
2018 5323 2052 5373 ὁ

479 5393 628 5464 γόης
659 5395 1056 5465 ἐφυγαδεύθη.
1083 5399 1220 5452 Φασὶ
1245 5399 1302 5453 δὲ
1333 5401 1466 5469 πρὸς
1504 5403 1623 5465 ταῖς
1653 5402 2052 5471 προλαϐούσαις

543 5498 571 5528 ⁸
594 5497 916 5570 ῌεριχωρίοις.
945 5500 1065 5551 Nota
1087 5503 1288 5570 formam
1313 5507 1672 5569 lcxicographis
1703 5509 1936 5570 ignotam,
1956 5507 2052 5561 nisi

478 5561 711 5627 Ingnium
734 5561 801 5627 sit;
820 5574 907 5627 prp
929 5565 1220 5627 περιχώροις.

538 5620 569 5661 b
597 5619 846 5693 Mpnandt‘i
870 5619 1154 5693 frggnqg'in'c.
1177 5619 1256 5686 36,
1282 5619 1428 5690 13.60.
1457 5630 1536 5678 ed.
1564 5628 1644 5678 Fr.
1669 5629 1940 5693 Duebneri,
1966 5633 2050 5683 ubl

479 5695 568 5744 pro
593 5685 822 5745 μάχεσθαι
847 5699 875 5732 e
899 5685 1080 5745 Cj’rillo
1099 5685 1371 5738 correCt'um
1399 5698 1472 5738 est
1503 5695 1650 5753 μάχῃ.

545 5745 570 5812 ξ
599 5743 744 5812 Lege.
760 5747 810 5793 in
834 5755 971 5812 νέοιο
993 5761 1106 5812 casn
1129 5750 1215 5796 οὐκ
1238 5753 1527 5812 ἀνεγνωκὼς.

543 5801 572 5843 ιι
599 5801 714 5877 [lic
733 5806 780 5877 in
801 5807 906 5854 cod.
927 5811 998 5877 δίε
1022 5809 1288 5877 habentur:
1305 5801 1354 5860 in
1374 5814 1461 5877 Ed,
1489 5801 1698 5864 deerant
1717 5829 1826 5877 qua
1846 5829 1934 5866 nos
1954 5817 2048 5867 ila-

480 5864 581 5951 lic?
591 5865 1358 5992 ggigcgpl'sgcripsimusmlpolc
1369 5874 1428 5926 ab
1440 5875 1533 5927 hoc
1544 5878 1650 5927 loco
1660 5864 1857 5939 prérsus
1865 5864 2044 5930 έιιεὴὲι.

2169 489 2591 560 κακοπραγίαις,
2645 487 2783 558 μετὰ
2836 491 2934 560 τὴν
2973 485 3304 558 χειροτονίαν
3367 485 3434 538 τά
3487 490 3740 560 κειμήλια

2167 571 2446 641 χωνεύσας
2493 573 2605 633 τοῖς
2657 571 2887 642 ἄρχουσι
2945 569 3418 643 προσαναλίσκειν,
3481 570 3567 623 ἵνα
3618 572 3745 645 δόξῃ

2167 657 2391 726 κρατεῖν
2423 654 2484 705 οὐ
2522 653 2685 725 λόγῳ,
2725 655 2859 707 ἀλλά
2897 652 3188 726 τυραννίδι,
3222 652 3329 705 τῶν
3369 653 3569 717 ἀθλίως
3600 655 3748 727 αὐτῷ

2166 739 2613 809 παραπεσόντων.
2646 739 2724 808 Τῇ
2751 736 2861 809 γὰρ
2903 737 3148 791 Ἰωάννου
3193 736 3376 808 ἐξορία
3420 739 3486 807 τῇ
3531 739 3612 801 είς
3648 739 3748 809 τὴν

2179 821 2480 892 Ἀρμενίων
2534 821 2885 892 συνήκμασεν
2937 822 2966 872 ό
3012 819 3240 882 θάνατος
3293 819 3614 884 Φλαϐιανοῦ,
3648 821 3746 875 τοῦ

2179 902 2496 973 Ἀντιοχέων
2522 903 2844 957 ἐπισκόπου.
2875 903 3217 972 Θεασάμενός
3252 904 3280 954 ό
3308 903 3614 974 Πορφύριος
3645 905 3747 975 τήν

2167 1003 2226 1040 τε
2262 986 2581 1054 ἀνδρωνῖτιν
2610 987 2706 1039 καὶ
2731 985 2829 1056 τὴν
2853 988 3231 1053 γυναικωνῖτιν
3277 985 3427 1055 πόθῳ
3465 987 3744 1057 ἐκκρεμα-

2171 1069 2336 1140 μένην
2368 1069 2446 1138 τῷ
2484 1069 2741 1139 τραχήλῳ
2790 1067 3169 1121 Κωνσταντίου
3229 1067 3323 1120 τοῦ
3371 1069 3748 1140 πρεσϐυτέρου

2168 1151 2260 1203 τοῦ
2301 1152 2362 1216 ἐξ
2393 1151 2618 1204 ἁπαλῶν
2649 1150 2856 1219 ὀνύχων
2895 1149 3276 1214 δουλεύσαντος
3316 1154 3382 1222 τῇ
3427 1152 3743 1222 Ἐκκλησία,

2168 1233 2378 1304 ἀνδρὸς,
2401 1234 2476 1293 ὼς
2502 1233 2749 1302 λέγουσιν
2775 1235 2825 1286 οἱ
2857 1234 3077 1304 Κριταὶ,
3101 1233 3621 1302 ἀμφοτεροδεξιόυο
3649 1237 3747 1288 καὶ

2170 1318 2202 1386 ἠ
2237 1316 2563 1386 νομιζομένη
2595 1316 2703 1386 γάρ
2730 1314 2895 1368 αὑτοῦ
2925 1316 3189 1386 ἀριστερά
3223 1317 3321 1387 τῆς
3348 1316 3522 1370 άλλων
3565 1316 3745 1381 δεξιᾶς

2169 1399 2408 1469 ἀμείνων
2450 1399 2715 1470 ὑπῆρχεν·
2769 1398 2828 1460 ὃς
2868 1397 2937 1450 τά
2969 1399 3065 1466 μὲν
3105 1398 3296 1468 πρῶτα
3337 1401 3394 1450 ἐν
3433 1401 3744 1462 ἐπιστολαῖς

2171 1481 2540 1552 ὑπηρετήσας,
2579 1483 2865 1553 ἄμεμπτος
2894 1480 3002 1534 ἀπὸ
3023 1482 3246 1552 κέρδους
3277 1483 3506 1554 αἰσχροῦ
3531 1485 3624 1536 καὶ
3644 1483 3744 1536 δώ-

2171 1582 2277 1636 ρων
2307 1566 2522 1636 εὑρέθη
2565 1565 2856 1635 μετέπειτα
2898 1564 2954 1616 δὲ
2994 1565 3086 1617 ἐπὶ
3127 1565 3217 1617 τὸν
3256 1565 3610 1636 ἀναγνώστην
3650 1568 3746 1620 καὶ

2167 1648 2410 1702 διάκονον
2441 1648 2671 1717 φθάσας,
2700 1648 2920 1711 ἀκόπως
2945 1647 3216 1720 ἐκράτησε
3244 1652 3342 1718 τῆς
3363 1651 3418 1702 ἐν
3440 1649 3745 1720 ἀνθρώποις

2170 1731 2556 1803 βασιλευούσης
2586 1732 2692 1786 τῶν
2714 1731 2986 1801 γυναικῶν
3009 1731 3225 1802 ἡδονῆς,
3259 1732 3334 1795 ὡς
3363 1731 3511 1800 λέγει
3542 1735 3570 1786 ὁ
3597 1735 3744 1804 Παρ-

2165 1818 2470 1886 οιμιαστής·
2503 1817 2640 1884 Χεὶρ
2681 1814 2984 1870 ἐκλεκτῶν
3024 1816 3308 1884 κρατήσει
3349 1817 3626 1886 εὐχερῶς.
3670 1819 3744 1872 Τὸ

2171 1900 2268 1969 μὲν
2302 1898 2412 1970 γάρ
2459 1902 2681 1970 κρατεῖν
2714 1900 2864 1952 ἐστὶν
2897 1900 3027 1964 ἴσως
3066 1901 3160 1954 καὶ
3202 1900 3310 1954 τῶν
3354 1901 3446 1954 ἐπί
3492 1902 3742 1955 πλεῖστον

2168 1983 2407 2050 φαύλων,
2443 1985 2476 2052 ἢ
2526 1982 2678 2052 φόϐῳ
2723 1981 2755 2052 ἢ
2797 1982 3025 2054 αἰσχύνῃ
3057 1982 3155 2054 τὴν
3179 1982 3265 2036 διὰ
3297 1983 3545 2054 σώματος
3591 1986 3745 2053 ἐνέρ-

2165 2082 2320 2132 γειαν
2361 2065 2675 2118 κωλυόντων
2723 2063 2861 2135 μετὰ
2901 2065 3100 2136 πολλῆς
3132 2067 3229 2135 τῆς
3257 2067 3522 2138 ἀνάγκης·
3563 2067 3640 2138 τῷ
3683 2068 3742 2121 δὲ

2166 2148 2328 2220 ἔρωτι
2358 2149 2466 2201 τῶν
2498 2150 2610 2203 ἄνω
2648 2148 2721 2220 μὴ
2747 2149 3042 2219 ἡττηθῆναι
3074 2153 3186 2212 τοῖς
3217 2151 3386 2214 κάτω,
3434 2152 3592 2222 μόνον
3624 2153 3744 2205 ἐστὶ

2164 2232 2274 2284 τῶν
2300 2231 2580 2301 φιλοθέων,
2611 2232 2704 2296 οὓς
2726 2234 2820 2285 καὶ
2847 2232 3133 2296 ἐκλεκτοὺς
3158 2233 3439 2304 ὠνόμασεν
3467 2236 3500 2304 ή
3527 2236 3742 2306 Γραφὴ,

2165 2315 2244 2377 τὸ,
2290 2315 2429 2384 Χεὶρ
2479 2316 2777 2370 ἐκλεκτῶν
2829 2317 3111 2384 κρατήσει
3164 2317 3445 2386 εὐχερῶς,
3489 2318 3739 2373 εἰποῦσα.

2167 2398 2354 2469 Πραῦς
2406 2398 2504 2469 μὲν
2535 2399 2642 2470 γάρ
2675 2401 2841 2462 ἐστιν,
2887 2400 2935 2451 εί
2970 2399 3061 2452 καί
3099 2417 3183 2464 τις
3230 2400 3408 2463 ἀλλος,
3470 2401 3740 2470 ἀσκητὴς,

2165 2479 2494 2553 διορατικὸς,
2529 2482 2657 2547 ὀξὺς
2695 2482 2924 2536 συνιδεῖν
2946 2525 2960 2547 ,
3003 2482 3202 2554 βραδὺς
3223 2487 3304 2545 είς
3338 2484 3580 2548 κόλασιν,
3612 2484 3740 2537 σύν-

2165 2580 2306 2628 νους,
2342 2565 2402 2618 τὸ
2431 2564 2721 2618 σκεπτικὸν
2754 2565 2840 2618 ἀεὶ
2868 2566 3254 2636 αἰνιττόμενος,
3275 2566 3544 2636 ἐλεήμων,
3574 2567 3740 2635 ἀφιλ-

2163 2645 2426 2718 άργυρος,
2463 2649 2669 2712 δίκαιος
2699 2649 2781 2711 είς
2821 2648 2921 2711 τάς
2990 2649 3198 2719 κρίσεις
3222 2689 3236 2713 ,
3276 2649 3629 2720 μακρόθυμος
3661 2652 3742 2713 είς

2162 2731 2260 2794 τάς
2299 2731 2507 2803 ὕϐρεις,
2543 2731 2758 2794 εὔτονος
2793 2733 2874 2795 είς
2909 2731 2972 2785 τὸ
3012 2736 3215 2799 πεῖσαι,
3243 2733 3576 2805 παρατείνας
3611 2736 3741 2786 πολ-

2164 2812 2318 2878 λάκις
2361 2817 2563 2887 νήστης
2595 2814 2700 2878 ἐως
2739 2815 2997 2886 ἑσπέρας.
3030 2816 3096 2868 ἵν’
3131 2815 3472 2887 ἐλευθερώσῃ
3501 2832 3741 2868 καταπο-

2163 2899 2474 2969 νουμένους,
2526 2899 2720 2969 σεμνὸς
2761 2899 2910 2963 ἰδεῖν,
2946 2898 3141 2969 δριμὺς
3168 2899 3228 2951 τὸ
3257 2898 3495 2969 βλέμμα,
3525 2898 3649 2964 ὀξὺς
3681 2900 3742 2952 τὸ

2165 2982 2432 3054 βάδισμα,
2477 2983 2722 3053 ἄγαμος,
2760 2983 2835 3045 ὡς
2867 2982 3044 3045 εἰκὸς,
3089 2981 3248 3045 ἄνθος
3295 2981 3531 3053 μειδιοῦν
3570 2982 3590 3020 ί
3638 2983 3738 3035 ἐπὶ

2166 3064 2458 3136 προσώπου
2489 3065 2677 3129 σώζων
2706 3065 2800 3118 καὶ
2829 3066 2887 3117 ἐν
2913 3065 3106 3127 αὐταῖς
3144 3067 3264 3127 ταῖς
3305 3065 3500 3127 νόσοις.
3535 3062 3740 3116 Τοῦτον

2163 3145 2256 3202 οὖν
2283 3149 2373 3202 τὸν
2402 3147 2641 3202 τοιοῦτον
2663 3147 3068 3220 παρασκευάζει
3096 3147 3186 3200 διὰ
3233 3148 3532 3218 χρημάτων
3562 3165 3742 3216 φυγα-

2163 3231 2413 3302 δευθῆναι
2443 3231 2522 3301 τῷ
2543 3231 2728 3302 τρόπῳ
2761 3231 2958 3298 τούτῳο
3008 3231 3355 3292 Ἀποστείλας
3378 3234 3456 3294 είς
3483 3231 3544 3283 τὸ
3573 3248 3738 3300 στρα-

2163 3315 2386 3368 τόπεδον
2411 3315 2549 3386 πρὸς
2583 3316 2708 3378 τοὺς
2741 3313 3078 3384 κρατοῦντας
3097 3314 3205 3366 τῶν
3226 3314 3560 3380 ἐπισκόπων,
3595 3317 3740 3368 ποιεῖ

2163 3397 2326 3451 αὐτὸν
2356 3397 2463 3450 ἀπὸ
2507 3397 2834 3468 γράμματος
2885 3396 3164 3466 βασιλικοῦ
3201 3399 3282 3459 είς
3332 3400 3523 3450 Ὄασιν
3560 3397 3736 3469 ἐξορι-

2165 3480 2357 3551 σθῆναι
2383 3481 2458 3544 ὡς
2479 3481 2785 3551 ἁναστάτην
2810 3481 2918 3534 τῶν
2943 3481 3004 3550 δή
3016 3497 3149 3550 μων.
3193 3482 3287 3542 Ὃς
3316 3481 3544 3550 ἐξαυτῆς
3575 3484 3738 3550 γνοὺς

2163 3563 2487 3628 διασώζεται
2513 3563 2661 3634 παρὰ
2693 3563 2800 3616 τῶν
2839 3563 3006 3632 φίλων
3043 3564 3133 3616 ἐπὶ
3163 3562 3260 3634 τὴν
3285 3562 3528 3634 Κύπρον.
3565 3563 3737 3628 Αὐτὸς

2163 3647 2220 3699 δὲ
2258 3651 2286 3700 ό
2325 3645 2634 3718 Πορφύριος
2672 3648 2797 3710 τοὺς
2841 3646 2971 3715 περὶ
3005 3645 3283 3716 Κυριακόν
3317 3647 3413 3700 καὶ
3441 3647 3734 3716 Διόφαντον

2161 3731 2288 3793 τοὺς
2336 3729 2756 3802 πρεσϐυτέρους,
2811 3730 2902 3782 καὶ
2927 3729 3148 3792 λοιποὺς
3183 3728 3476 3798 κληρικοὺς
3504 3730 3608 3783 ὑπὸ
3637 3731 3735 3801 τὴν

2162 3814 2315 3878 τάξιν
2342 3815 2576 3885 ποιήσας
2594 3855 2610 3879 ,
2657 3816 2909 3884 ἐπιτηρεῖ
2935 3813 3147 3884 καιρὸν,
3181 3815 3238 3867 ἐν
3265 3807 3312 3881 ᾧ
3339 3815 3486 3867 πᾶσα
3514 3816 3547 3886 ή
3580 3814 3735 3877 πόλις

2165 3898 2543 3970 μεθωρμίζετο
2575 3900 2633 3950 ἐν
2661 3900 2774 3960 τοῖς
2801 3901 2900 3968 τῆς
2931 3897 3136 3960 πόλεως
3166 3897 3511 3968 προαστείοις
3530 3939 3544 3962 ,
3592 3897 3735 3968 ἔχων

2159 3981 2286 4052 παρ’
2317 3979 2493 4050 ἐαυτῴ
2525 3982 2650 4044 τοὺς
2683 3982 2812 4048 περὶ
2849 3981 3102 4034 Ἀκάκιον
3129 3980 3222 4032 καὶ
3269 3981 3592 4050 Σευηριανὸν
3639 3982 3734 4035 καὶ

2170 4064 2438 4134 Ἀντίοχον
2454 4064 2886 4134 κεκρυμμένους,
2911 4065 3038 4134 μιᾶς
3069 4063 3176 4116 τῶν
3208 4065 3358 4132 παρά
3393 4067 3506 4127 τοῖς
3524 4064 3734 4117 ἔθνεσιν

2157 4148 2438 4218 ἐπισήμων
2462 4145 2664 4218 ἑορτῶν
2695 4146 2783 4200 διά
2813 4146 3128 4217 τετραετίας
3167 4147 3598 4218 ἐπιτελουμένων
3625 4147 3733 4201 τῶν

2166 4229 2500 4301 Ἡρακλείων
2533 4228 2742 4294 ἄθλων,
2789 4229 3100 4300 Ὀλυμπίων
3145 4231 3494 4300 καλουμένων
3515 4271 3530 4295 ,
3566 4232 3624 4283 ἐν
3658 4222 3730 4305 ᾗ,

2153 4312 2230 4375 ὡς
2261 4314 2454 4376 εἰπεῖν,
2492 4310 2881 4380 καὶγυναικῶν
2919 4313 2975 4365 αί
3004 4313 3236 4383 νομάδες
3265 4315 3365 4367 σὺν
3396 4317 3509 4377 τοῖς
3541 4316 3732 4385 δήμοις

2155 4395 2527 4464 ἐκριπίζονται
2553 4397 2645 4448 ἐπὶ
2674 4397 2771 4464 τὴν
2797 4395 3013 4467 Δάφνην
3041 4397 3133 4448 ἐπὶ
3159 4395 3259 4467 θέᾳ
3281 4396 3388 4449 τῶν
3405 4397 3735 4466 ἀγωνιζομέ-

2154 4495 2279 4532 νων.
2322 4479 2760 4549 Ἐπεισπηδήσας
2794 4481 2860 4550 τῇ
2933 4477 3202 4549 ἐκκλησίᾳ
3235 4479 3371 4550 μετά
3399 4479 3507 4532 τῶν
3543 4496 3731 4551 προει-

2155 4561 2407 4632 ρημένων
2440 4561 2758 4614 ἐπισκόπων
2793 4561 2888 4613 καὶ
2923 4560 3200 4632 κληρικῶν
3245 4562 3442 4630 ὀλίγων
3490 4578 3732 4632 χειροτοο

2154 4647 2325 4698 νεῖται
2351 4644 2546 4715 λάθρα,
2573 4643 2752 4717 θυρῶν
2780 4644 3206 4715 κεκλεισμένων,
3245 4645 3383 4715 μετὰ
3408 4644 3607 4716 πολλῆς
3631 4645 3731 4714 τῆς

2155 4729 2410 4798 σπουδῆς,
2441 4729 2518 4791 ώς
2554 4728 2689 4799 μηδέ
2731 4728 2830 4799 τὴν
2866 4728 3034 4800 εὐχὴν
3065 4730 3263 4793 αὐτοὺς
3312 4729 3514 4800 φθάσαι
3545 4731 3731 4782 ἐπιτε-

2152 4809 2342 4873 λέσαι,
2397 4810 2546 4882 φόϐῳ
2593 4809 2688 4863 τοῦ
2732 4810 3167 4882 καταληφθῆναι.
3231 4813 3486 4866 Τοιοῦτον
3537 4811 3648 4884 γὰρ
3691 4815 3726 4884 ή

2155 4893 2390 4963 μοιχεία,
2432 4895 2500 4946 τά
2540 4893 2738 4964 σπόρια
2784 4895 2879 4948 καὶ
2914 4894 3160 4964 γεννῶσα
3204 4897 3296 4948 καὶ
3333 4895 3533 4966 δρῶσα.
3571 4896 3636 4949 Οί
3671 4895 3730 4948 δὲ

2152 4977 2281 5047 περὶ
2308 4976 2634 5048 Σευηριανὸν
2665 4977 2923 5040 λαϐόντες
2968 4979 3031 5030 τὸ
3083 4979 3286 5042 ἱκανὸν,
3322 4979 3388 5030 δι’
3416 4979 3586 5051 ὀρέων
3635 4979 3730 5032 καὶ

2151 5059 2375 5113 ἁνοδιῶν
2402 5059 2621 5128 ἔφυγον,
2646 5061 2735 5114 τὸν
2765 5061 3102 5132 ἀνθρώπινον
3131 5062 3512 5132 διαδράσαντες
3543 5061 3726 5132 φόϐον,

2149 5141 2227 5212 τῷ
2241 5143 2296 5195 δέ
2314 5141 2524 5213 θείῳ,ὃν
2537 5143 2828 5214 ἠγνόησαν,
2846 5145 3259 5216 περιπαρέντες.
3277 5144 3540 5208 Λυθέντος
3559 5144 3613 5198 δὲ
3633 5145 3727 5197 τοῦ

2150 5225 2442 5296 δημοτικοῦ
2462 5227 2689 5298 θεάτρου
2724 5229 2816 5281 καὶ
2830 5227 2937 5280 τῶν
2958 5228 3145 5299 δήμων
3169 5229 3516 5282 εἰσελθόντων
3537 5230 3616 5292 είς
3631 5227 3728 5300 τῆν

2151 5311 2325 5374 πόλιν,
2363 5310 2606 5381 ἠγγέλθη
2627 5311 2809 5374 αὐτοῖς
2831 5311 2890 5363 τὸ
2923 5311 3068 5364 κατά
3097 5311 3186 5364 τὸν
3213 5311 3522 5382 Πορφύριον
3557 5311 3728 5375 πάθος

2149 5395 2245 5448 καὶ
2265 5394 2326 5446 τὸ
2356 5394 2497 5447 κατά
2539 5395 2794 5448 Ἀκάκιον
2821 5395 3027 5466 δρᾶμα.
3058 5397 3602 5468 Διακαρτερήσαντες
3634 5393 3726 5450 οὖν

2150 5477 2250 5548 τὴν
2283 5477 2521 5547 ἑσπέραν
2541 5479 2758 5548 ἐκείνην
2789 5479 2884 5531 ἐπὶ
2908 5478 3004 5549 τὴν
3037 5480 3244 5550 αῦριον,
3278 5479 3354 5542 ὡς
3385 5481 3475 5532 ἐπὶ
3513 5480 3726 5550 μοιχεία

2150 5561 2480 5632 πληγέντες,
2519 5561 2900 5626 διαναστάντες
2939 5561 3301 5634 συνέρῤευσαν
3348 5564 3547 5627 πάντες
3589 5564 3728 5634 μετά

2149 5645 2320 5716 πυρὸς
2342 5646 2436 5699 καὶ
2464 5645 2778 5716 φρυγάνων,
2798 5645 3154 5714 συναφανίσαι
3169 5649 3259 5701 τὸν
3284 5647 3592 5719 Πορφύριον
3613 5648 3726 5710 τοῖς

2148 5728 2438 5800 δωματίοις
2474 5728 2845 5799 βουληθέντες.
2891 5730 2949 5783 'U
2977 5729 3034 5782 δὲ
3061 5731 3372 5803 Πορφύριος
3395 5733 3494 5785 οὐκ
3515 5731 3725 5800 ἀγνοῶν

2149 5812 2177 5865 ὃ
2218 5812 2515 5882 μεμίσηται
2537 5815 2713 5882 μῖσος,
2743 5813 3071 5884 καταλείψας
3099 5816 3188 5870 τὸν
3221 5815 3374 5884 Θεὸν,
3395 5815 3724 5885 καταφεύγει

2221 5937 2240 5979 ί
2265 5939 2346 5992 Sic
2364 5953 2452 6003 pro
2475 5942 2683 6003 μειδιῶν.
