4122 6386
383 356 451 410 53
1354 379 1442 435 DF.
1482 383 1638 441 V'ITA
1671 388 1724 443 S.
1766 391 2043 451 JOANNIS
2081 400 2568 469 CHRYSOSTOML
3550 442 3616 499 5%

381 481 607 548 trarint,
653 502 755 541 non
798 490 964 545 solum
1010 510 1112 549 non
1156 500 1461 565 pmnitentia
1506 520 1808 574 moventur,
1857 512 1951 567 sed

377 570 552 625 adhuc
572 573 895 643 desiderant,
923 592 978 635 ut
1006 584 1153 639 firma
1185 599 1238 642 et
1269 591 1551 651 immobilis
1577 599 1826 668 perduret
1853 619 1948 658 sua

378 660 709 728 improbitas.
761 669 859 735 Qui
903 675 1043 727 enim
1089 693 1193 732 non
1240 680 1559 742 horruerunt
1606 690 1946 762 Evangelium

374 751 602 806 scelesto
626 758 781 826 capiti
813 760 1084 829 imponere
1106 807 1121 832 ,
1148 770 1235 823 cui
1262 772 1490 830 immites
1518 781 1837 837 muliercula:
1863 788 1944 839 in-

372 844 672 913 sultavere;
703 867 827 904 num
856 855 975 909 aliis
1001 864 1509 933 annumerabuntur,
1538 886 1695 938 quam
1724 876 1810 944 qui
1839 878 1944 945 spi-

370 950 524 989 nearn
566 953 816 997 coronam
862 945 954 1000 Dei
1001 949 1135 1005 Filio
1179 953 1866 1025 imposuerunHCizterum
1897 971 1939 1023 si

370 1027 509 1081 nosti
554 1032 769 1087 modum
820 1038 1165 1097 ordinationis
1208 1046 1521 1120 Porphyrii,
1567 1056 1939 1114 Antiochensis

367 1117 623 1187 episcopi,
650 1133 742 1176 aut
766 1124 909 1192 ipsos
933 1132 1022 1199 qui
1048 1148 1166 1187 eum
1206 1117 1550 1207 ordinarunt,
1586 1155 1676 1198 aut
1702 1149 1936 1204 anticam

370 1205 601 1265 hominis
626 1214 810 1282 vitam,
842 1218 1119 1277 obscuram
1145 1240 1211 1279 an
1240 1229 1518 1307 insignem,
1540 1244 1595 1289 et
1614 1236 1934 1307 doctrinam,

364 1311 544 1354 veram
573 1318 641 1356 an
669 1304 854 1361 falsam
880 1351 895 1375 ,
926 1313 1039 1381 ipse
1068 1316 1219 1372 nobis
1247 1304 1481 1379 edissere
1510 1343 1523 1377 :
1554 1329 1782 1385 maxime
1811 1334 1934 1397 quia

363 1389 433 1445 ad
457 1392 745 1451 Ecclesiam
788 1400 1077 1460 Romanam
1104 1409 1349 1479 scripsit,
1381 1422 1434 1468 et
1464 1432 1717 1486 responso
1744 1420 1931 1491 dignus

366 1483 577 1540 habitus
604 1503 709 1543 non
738 1490 853 1546 fuit.
882 1494 1056 1552 EPISC.
1089 1500 1284 1555 Eadem
1312 1506 1438 1559 mihi
1466 1523 1527 1562 ac
1554 1483 1702 1578 prius
1723 1514 1822 1566 erit
1850 1531 1933 1568 ra-

362 1574 439 1629 tio
467 1578 707 1634 veritatis
740 1601 752 1633 :
782 1600 885 1638 non
928 1590 1068 1642 enim
1098 1592 1379 1650 obliviscar
1406 1614 1589 1654 vocem
1616 1603 1821 1658 Domini
1847 1606 1930 1661 di-

359 1667 531 1722 contis
562 1688 575 1723 :
604 1670 680 1724 De
704 1676 840 1728 omni
864 1678 1006 1731 verba
1030 1682 1185 1736 otioso
1211 1686 1417 1742 reddent
1440 1693 1684 1747 rationem
1704 1697 1930 1753 homines

354 2210 591 2266 utilitatis
619 2216 871 2285 accedat,
904 2223 948 2275 si
976 2228 1200 2283 mentiar
1218 2273 1232 2297 ,
1261 2247 1378 2301 qua:
1410 2235 1460 2288 in
1492 2252 1801 2308 perpetuum
1826 2260 1921 2299 co-

352 2312 465 2352 ram
499 2316 688 2359 exacto
710 2306 908 2376 judicio
935 2315 1230 2373 confusioni
1262 2324 1387 2378 mihi
1415 2325 1629 2384 forent?
1657 2336 1921 2401 quomodo

347 2400 528 2446 autem
555 2393 722 2451 feram
755 2401 1007 2458 molarem
1030 2408 1371 2469 detractionis
1403 2416 1630 2485 lapidem
1652 2423 1705 2477 in
1725 2418 1920 2482 vertice

342 2480 563 2549 mentis,
590 2485 640 2538 in
662 2488 977 2555 profundum
994 2497 1250 2565 gehenna:
1278 2503 1565 2575 detractus,
1588 2525 1802 2584 propter
1826 2534 1917 2575 eos

341 2570 434 2638 qui
463 2586 491 2623 a
510 2576 799 2632 mendaciis
827 2586 1131 2643 scandalum
1150 2594 1289 2658 passi
1305 2608 1445 2651 sunt.
1471 2600 1793 2674 Porphyrius
1810 2610 1919 2679 qui-

347 2659 549 2679 ,ψη
603 2666 614 2676 .
673 2666 712 2679 ,η
778 2670 792 2679 .
860 2672 871 2679 .
941 2674 971 2679 --

340 2659 467 2714 dem
488 2661 586 2717 iste
603 2666 651 2718 in
671 2666 903 2725 Ecclesia
921 2674 1008 2729 diu
1023 2690 1256 2735 versatus
1272 2696 1373 2751 est,
1388 2697 1440 2740 et
1456 2689 1660 2746 diaconi
1674 2703 1729 2749 et
1741 2659 1916 2753 sagar-

339 2750 485 2807 dotis
509 2754 717 2813 funcws
736 2762 910 2819 officio
933 2766 988 2822 in
1017 2750 1365 2844 presbyterio,
1398 2781 1510 2837 istis
1534 2786 1745 2853 quidem
1777 2799 1909 2845 tem-

337 2845 561 2912 poribus
593 2849 796 2907 alienos
825 2871 1001 2912 mores
1039 2876 1229 2931 gerens
1254 2908 1269 2931 ,
1302 2869 1353 2922 in
1394 2874 1535 2927 nulla
1572 2893 1818 2948 umquam
1850 2900 1909 2939 re

336 2934 567 3002 spiritali
592 2939 839 2997 Ecclesiae
860 2948 1071 3015 profuit.
1094 2951 1355 3011 Caeterum
1380 2961 1562 3018 vicinis
1581 2975 1637 3021 et
1655 2934 1913 3040 religiosis

332 3029 606 3099 episcopis
634 3046 846 3105 semper
867 3038 1177 3111 adversans,
1205 3058 1388 3118 utpote
1415 3056 1503 3123 qui
1529 3070 1671 3114 esset
1690 3077 1721 3116 e
1747 3029 1913 3119 maxi-

332 3134 420 3173 ma
450 3121 693 3190 civitate,
724 3135 780 3181 et
802 3131 1141 3200 magistratus
1167 3136 1386 3196 haberet
1412 3121 1461 3197 in
1491 3158 1769 3218 potestate,
1797 3170 1908 3211 rem

330 3223 662 3279 cauponatus
683 3226 765 3271 est
786 3236 801 3271 :
821 3224 1016 3277 sanctis
1035 3226 1173 3281 enim
1194 3231 1615 3294 ordinationibus
1633 3243 1906 3316 insidians,

329 3317 546 3361 morum
574 3312 802 3364 versutia
827 3327 946 3369 sese
966 3330 1261 3387 opportune
1287 3324 1583 3385 insinuabat
1609 3333 1659 3388 in
1684 3340 1907 3406 gratiam

326 3396 735 3467 episcoporum,
767 3403 1062 3477 invitosque
1087 3410 1111 3481 (ν
1134 3421 1190 3465 ut
1212 3415 1402 3471 dixerit
1430 3421 1545 3488 quis
1569 3421 1588 3493 )
1614 3396 1909 3486 attrahebat

326 3484 395 3537 ad
449 3485 589 3541 leves
628 3500 682 3544 et
719 3494 905 3551 noxias
942 3499 1316 3559 ordinationes.
1358 3507 1489 3564 Mala
1526 3515 1666 3569 enim
1707 3533 1793 3573 res
1826 3530 1908 3576 est

328 3578 565 3633 adulatio
589 3595 708 3636 cum
735 3589 999 3653 perversis
1022 3595 1261 3649 moribus
1283 3613 1541 3668 connexa,
1564 3605 1710 3674 juxta
1733 3612 1904 3666 comi-

327 3686 451 3725 cum
475 3673 839 3747 Menandrum,
859 3684 947 3751 qui
972 3684 1045 3738 ait
1073 3704 1084 3738 :
1111 3686 1292 3758 Grave,
1315 3710 1344 3745 o
1364 3673 1659 3767 Pamphila,
1678 3702 1906 3772 ingenue

328 3768 531 3821 mulieri
549 3786 663 3824 cum
677 3778 931 3830 meretrice
951 3790 1140 3836 certare
1154 3800 1174 3837 :
1189 3786 1332 3853 plura
1357 3792 1518 3857 novit,
1540 3796 1686 3862 plura
1704 3810 1897 3869 patrat,

328 3861 602 3915 erubescit
628 3867 916 3932 neminem,
947 3871 1290 3946 adulaturque
1317 3882 1487 3947 potius
1517 3861 1613 3939 :iet
1638 3861 1792 3944 ut-ait
1815 3907 1901 3946 sa-

327 3950 481 4018 piens
511 3950 783 4024 Salomon,
823 3957 983 4014 Verba
1009 3967 1328 4023 adulatorum
1354 3975 1568 4040 mollia;
1597 3982 1783 4047 feriunt
1806 4001 1902 4037 au-

328 4049 428 4093 tem
453 4042 526 4095 ad
552 4046 734 4100 ventris
753 4064 908 4117 usque
930 4056 1202 4122 penetralia
1222 4059 1415 4131 (Prov.
1456 4067 1545 4122 26.
1738 4076 1778 4128 A
1809 4091 1900 4131 ca-

326 4134 576 4189 stimonia
604 4138 746 4193 enim
774 4150 825 4195 et
848 4145 1170 4203 continentia
1196 4152 1448 4211 adversus
1478 4163 1718 4220 carnales
1746 4168 1898 4221 volu-

329 4233 505 4291 ptates
534 4241 638 4280 non
668 4230 835 4284 solum
859 4233 1027 4299 abest,
1054 4239 1146 4292 sed
1167 4250 1219 4295 et
1244 4241 1413 4301 hostis
1437 4257 1538 4316 est,
1560 4253 1704 4308 velut
1729 4258 1902 4313 vultur

328 4317 585 4382 unguenti
611 4332 627 4370 :
653 4319 785 4375 adeo
809 4332 865 4375 ut
887 4322 1207 4384 Sodomitico
1225 4334 1431 4391 crimini
1452 4339 1737 4399 obnoxium
1762 4345 1897 4403 fama

329 4403 576 4473 vulgarit.
606 4404 736 4462 Cum
767 4412 907 4466 enim
936 4422 990 4468 et
1019 4415 1161 4487 leges
1187 4429 1241 4475 et
1268 4439 1529 4482 mensura:
1557 4439 1612 4485 et
1638 4436 1775 4488 muri
1803 4452 1898 4491 vo-

325 4491 615 4562 luptatibus
644 4499 751 4552 sint
783 4516 810 4553 a
841 4516 1023 4558 natura
1052 4511 1319 4567 constituti
1345 4556 1359 4578 ,
1391 4526 1446 4570 ut
1480 4520 1636 4589 vulgo
1659 4523 1849 4579 dicitur
1881 4545 1894 4580 :

325 4587 636 4653 proculcato
654 4592 867 4660 quidem
890 4611 1041 4652 muro
1068 4610 1121 4654 et
1144 4605 1407 4661 confracta
1436 4587 1681 4669 mensura
1705 4628 1756 4671 et
1784 4620 1897 4690 lege

323 4675 541 4745 violata,
574 4680 711 4737 hanc
740 4684 806 4739 de
833 4702 891 4742 se
916 4693 1269 4760 suspicionem
1300 4703 1513 4770 genuit,
1546 4711 1895 4779 praestigiato-

326 4765 473 4821 ribus
499 4778 553 4823 et
573 4772 767 4842 aurigis
790 4784 949 4845 atque
975 4780 1037 4835 iis
1052 4784 1138 4851 qui
1169 4765 1447 4846 inhonesto
1476 4765 1616 4849 motu
1639 4765 1758 4853 cum
1782 4802 1895 4857 dis-

328 4866 466 4912 torto
520 4876 676 4916 crure
726 4874 934 4922 veteres
978 4869 1182 4928 fabulas
1224 4878 1512 4948 exhibent,
1571 4902 1798 4955 praeesse
1842 4903 1896 4949 et

324 4950 615 5005 convivari.
643 4953 1115 5026 Prmstigiatoribus
1140 4966 1277 5021 enim
1300 4969 1476 5029 favere
1497 4984 1550 5029 et
1576 4980 1744 5035 amice
1767 4998 1898 5036 con-

324 5039 473 5106 gredi
494 5058 599 5097 non
618 5046 847 5113 erubuit,
868 5049 1009 5105 itaut
1029 5052 1081 5107 in
1103 5058 1232 5111 actis
1256 5059 1478 5126 plurium
1499 5068 1892 5136 magistratuum

325 5128 425 5183 hoc
464 5134 666 5189 crimen
704 5140 1034 5196 contineatur
1066 5164 1079 5200 :
1108 5150 1194 5215 qui
1226 5165 1329 5204 non
1374 5152 1573 5220 legerat
1602 5159 1733 5215 hanc
1760 5178 1888 5217 sen-

325 5222 540 5277 tentiam
565 5243 580 5281 :
608 5226 736 5291 Qua:
780 5228 955 5287 facere
994 5249 1097 5289 non
1133 5250 1365 5307 oportet,
1399 5259 1459 5299 ea
1507 5246 1682 5304 facere
1724 5269 1791 5308 ne
1837 5255 1888 5309 in

324 5317 677 5383 suspicionem
722 5324 922 5382 venias.
952 5330 971 5349 ‘
1009 5328 1235 5399 Pr0pter
1260 5350 1414 5403 quem
1451 5339 1607 5394 etiam
1633 5342 1890 5403 Mediator

326 5405 634 5465 verberibus
674 5424 891 5469 necatus
930 5427 1029 5471 est.
1061 5419 1128 5475 Et
1168 5425 1255 5491 qui
1298 5426 1529 5497 invenit,
1556 5432 1609 5486 in
1645 5438 1890 5494 exsilium

330 5494 512 5558 pulsus
531 5508 631 5565 est,
651 5505 997 5573 pr:estigiator
1015 5524 1139 5563 vero
1161 5512 1211 5566 in
1234 5513 1408 5585 fugam
1428 5494 1575 5575 actus
1596 5522 1712 5581 fuit.
1730 5528 1891 5587 Aiunt

328 5580 471 5638 illum
495 5601 685 5656 prater
708 5596 979 5663 superiora
1004 5601 1223 5667 scelera,
1246 5616 1367 5675 post
1389 5610 1770 5669 ordinationem
1800 5633 1886 5672 sa-

328 5683 417 5726 cra
454 5690 577 5733 vasa
612 5682 873 5742 conﬂasse
900 5695 955 5742 et
990 5689 1042 5742 in
1086 5694 1420 5763 magistratus
1449 5700 1769 5772 impendisse
1792 5749 1805 5771 ,
1834 5720 1889 5764 ut

331 5762 592 5826 videretur
616 5789 718 5830 non
750 5781 972 5848 ratione,
999 5783 1090 5839 sed
1120 5790 1392 5857 tyrannide
1420 5792 1482 5847 iis
1512 5808 1761 5867 prmessc,
1794 5800 1885 5870 qui

2058 518 2330 578 infeliciter
2356 526 2406 581 in
2448 530 2610 598 ipsius
2640 546 2950 603 potestatem
2977 542 3313 602 devenerant.
3345 550 3471 607 Nam
3494 570 3614 612 cum

2054 612 2240 666 exsilio
2263 614 2476 673 Joannis
2498 621 2550 675 in
2573 625 2818 683 Armenia
2834 644 3173 690 concurrerat
3191 652 3333 693 mors
3353 639 3611 708 Flaviani,

2050 702 2422 761 Antiochensis
2449 713 2703 783 episcopi.
2732 718 2863 773 Cum
2889 721 3092 778 videret
3120 726 3441 798 Porphyrius
3470 702 3613 791 viros

2048 799 2103 845 et
2126 790 2350 850 feminas
2374 800 2549 854 studio
2569 806 2799 872 pendere
2831 824 2859 863 a
2886 812 3023 866 collo
3060 824 3113 868 et
3146 790 3438 875 cervicibus
3465 823 3607 879 Con-

2046 883 2223 937 stantii
2248 887 2559 959 presbyteri,
2587 896 2673 962 qui
2701 911 2730 949 a
2760 900 2954 954 teneris
2974 942 2987 963 ,
3018 910 3074 955 ut
3100 905 3244 959 aiunt
3268 948 3282 969 ,
3310 912 3608 980 unguiculis

2045 970 2298 1031 Ecclesiae
2333 983 2626 1051 servierat,
2658 986 2794 1054 viri,
2827 1000 2883 1044 ut
2911 993 2959 1045 in
2990 993 3127 1049 libro
3165 996 3405 1054 Iudicum
3443 1006 3605 1058 ambi-

2043 1062 2204 1117 dextri
2246 1067 2465 1136 (ludia.
2510 1074 2561 1127 3.
2628 1074 2732 1153 l5)
2786 1096 2799 1131 :
2846 1082 3039 1135 etenim
3083 1100 3201 1153 quae
3243 1089 3356 1157 ejus
3392 1092 3605 1147 sinistra

2043 1156 2358 1224 putabatur,
2407 1162 2597 1219 dextra
2639 1169 2859 1224 aliorum
2902 1175 3076 1241 potior
3114 1189 3245 1230 erat.
3276 1156 3386 1247 Qui
3434 1185 3605 1252 primo

2040 1249 2269 1317 quidem,
2301 1268 2419 1308 cum
2450 1257 2515 1310 ab
2542 1260 2777 1328 epistolis
2804 1274 2947 1319 esset
2965 1308 2979 1330 ,
3012 1268 3213 1338 integer
3236 1286 3265 1323 a
3293 1249 3604 1343 turpi-luero

2039 1351 2091 1394 et
2116 1342 2269 1399 donis
2308 1347 2553 1404 inventus
2579 1360 2661 1406 est
2690 1371 2703 1407 :
2733 1365 2911 1423 postea
2938 1368 3113 1413 autem
3154 1361 3322 1417 factus
3350 1342 3517 1421 lector
3549 1377 3604 1422 ct

2037 1431 2287 1490 diaconus
2312 1478 2327 1501 ,
2357 1451 2660 1508 regnantem
2703 1444 2839 1500 inter
2876 1446 3116 1504 homines
3146 1440 3423 1509 mulierum
3450 1457 3602 1514 volu-

2038 1531 2237 1591 ptatem
2274 1528 2389 1581 sine
2432 1530 2611 1587 labore
2649 1538 2948 1604 superavit,
2993 1549 3049 1593 ut
3085 1543 3157 1595 ait
3195 1542 3601 1603 Proverbiorum

2035 1622 2221 1669 auctor
2254 1634 2265 1668 :
2298 1618 2587 1675 Electorum
2626 1640 2803 1680 manus
2845 1629 2994 1697 facile
3034 1631 3371 1689 dominabitur
3398 1637 3416 1703 (
3442 1637 3599 1694 Prov.

2035 1702 2121 1757 12.
2165 1704 2292 1775 24).
2328 1708 2458 1763 Nam
2499 1714 2796 1783 voluptates
2834 1734 3087 1787 superare
3112 1764 3125 1786 ,
3164 1733 3217 1778 et
3253 1726 3327 1780 illi
3372 1702 3601 1786 fortasse

2032 1806 2283 1861 possunt,
2328 1799 2419 1867 qui
2459 1801 2742 1859 admodum
2780 1809 2903 1879 mali
2941 1820 3090 1875 sunt,
3134 1824 3224 1868 aut
3261 1815 3469 1883 timore,
3507 1830 3599 1874 aut

2031 1890 2341 1943 verecundia
2376 1897 2615 1964 corporis
2648 1901 2907 1956 actionem
2947 1904 3256 1963 cohibentes
3284 1912 3446 1965 multa
3472 1928 3592 1967 cum

2029 1979 2277 2035 violentia
2329 2001 2342 2035 :
2390 1994 2445 2038 at
2487 2002 2614 2043 vero
2660 1992 2945 2048 caelestium
2989 2011 3170 2053 amore
3216 2003 3439 2056 terrenis
3490 2020 3593 2058 non

2028 2070 2249 2139 cedere,
2298 2074 2391 2129 Dei
2436 2081 2723 2135 amantium
2760 2085 2930 2139 solum
2976 2096 3085 2153 est,
3130 2104 3262 2159 quos
3305 2100 3359 2146 et
3397 2094 3594 2149 electos

2027 2165 2233 2217 vocavit
2257 2164 2552 2237 Scriptura,
2584 2172 2766 2229 dicens
2795 2195 2808 2229 :
2835 2176 3019 2233 Manus
3045 2181 3308 2237 electorum
3334 2186 3483 2253 facile
3500 2187 3592 2240 do-

2027 2253 2313 2308 minabitur.
2336 2256 2595 2314 Caaterum
2615 2263 2758 2317 mitis
2778 2266 2990 2334 quidem
3011 2268 3099 2323 ille
3118 2279 3217 2334 est,
3238 2273 3279 2325 si
3301 2275 3419 2342 quis
3435 2275 3589 2340 alius,

2023 2352 2229 2407 asceta,
2262 2348 2537 2417 perspicax
2560 2391 2574 2415 ,
2606 2367 2729 2407 acer
2756 2354 2821 2409 ad
2851 2356 3243 2428 intelligendum
3264 2402 3279 2427 ,
3312 2362 3491 2419 tardus
3524 2366 3591 2419 ad

2022 2437 2431 2504 correptionem,
2452 2443 2855 2514 cogitabundus,
2881 2463 3093 2518 semper
3112 2453 3589 2510 considerationem

2021 2522 2265 2591 innuens,
2296 2528 2600 2585 misericors
2618 2574 2634 2599 ,
2658 2537 2893 2603 pecuniae
2916 2539 3131 2595 minime
3156 2543 3395 2611 cupidus.
3423 2545 3473 2598 in
3498 2545 3588 2615 ju-

2019 2615 2169 2671 diciis
2185 2618 2378 2687 justus,
2393 2621 2707 2693 longanimis
2729 2628 2793 2683 ad
2816 2629 3055 2698 injurias,
3078 2632 3142 2686 ad
3160 2635 3584 2702 persuadendum

2017 2707 2333 2776 vehemens,
2366 2710 2575 2780 jejunus
2601 2729 2743 2787 saepe
2779 2721 3067 2788 persistens
3102 2738 3269 2792 usque
3306 2725 3371 2779 ad
3401 2741 3589 2796 veSpe-

2020 2811 2153 2862 ram,
2178 2808 2238 2852 ut
2262 2798 2486 2857 afﬂictos
2509 2803 2777 2871 liberaret,
2801 2808 3051 2878 adSpectu
3072 2815 3405 2881 venerabilis,
3429 2819 3586 2871 oculo

2015 2900 2252 2952 severus,
2270 2890 2425 2945 velox
2445 2893 2651 2949 incessu
2665 2936 2681 2961 ,
2707 2896 2917 2962 caelebs,
2937 2910 2991 2953 ut
3020 2916 3112 2969 par
3126 2911 3236 2968 est,
3253 2904 3583 2960 renidentem

2016 2976 2201 3035 florem
2232 2980 2286 3035 in
2310 2983 2457 3038 vultu
2497 3000 2817 3043 conservans
2856 2991 2908 3044 in
2945 2992 3073 3061 ipsis
3111 3010 3320 3064 quoque
3360 2997 3580 3052 morbis.

2016 3070 2167 3126 Hunc
2194 3073 2352 3143 igitur
2386 3077 2544 3131 talem
2574 3079 2742 3133 virum
2787 3086 3022 3151 pecuniis
3067 3084 3167 3140 hoc
3211 3088 3369 3143 modo
3397 3089 3579 3160 fugare

2016 3163 2248 3215 molitur.
2278 3163 2415 3218 Misit
2436 3167 2502 3220 ad
2524 3167 2842 3225 Comitatum
2864 3182 2917 3227 et
2941 3174 3005 3228 ad
3033 3177 3355 3242 potentiores
3376 3182 3579 3248 episco-

2012 3267 2127 3320 pos,
2143 3264 2299 3323 atque
2310 3255 2450 3313 hunc
2463 3258 2628 3315 literis
2643 3261 2715 3315 lm
2722 3265 2996 3331 peratoriis
3012 3266 3063 3320 in
3075 3265 3234 3322 Oasin
3255 3270 3476 3341 relegari
3487 3285 3581 3325 cu-

2011 3344 2277 3410 rat,veluti
2294 3348 2602 3417 populorum
2620 3354 3054 3421 perturbatorem.
3071 3356 3167 3425 Qui
3186 3360 3360 3414 statim
3373 3361 3460 3416 ubi
3479 3364 3581 3416 hoc

2012 3432 2242 3498 rescivit,
2266 3436 2556 3493 amicorum
2582 3442 2779 3496 auxilio
2807 3444 2858 3497 in
2882 3442 3110 3515 Cyprum
3139 3446 3287 3517 fugit.
3311 3448 3427 3518 Ipse
3448 3467 3575 3506 vero

2010 3521 2336 3596 Porphyrius
2372 3527 2647 3599 Cyriacum
2678 3542 2732 3587 et
2778 3534 3164 3606 Diophantum,
3215 3540 3574 3612 presbyteros,

2009 3613 2333 3686 clericosque
2360 3629 2583 3676 czeteros
2601 3662 2616 3687 ,
2643 3624 2695 3678 in
2728 3627 3020 3691 custodiam
3049 3631 3263 3686 mittens
3285 3672 3299 3697 ,
3328 3632 3578 3689 observat

2010 3714 2217 3776 tempus
2236 3725 2342 3778 quo
2362 3714 2532 3766 omnis
2556 3716 2741 3771 civitas
2767 3718 2834 3772 ad
2858 3720 3158 3777 suburbana
3184 3724 3457 3790 transiret;
3480 3725 3576 3780 ha-

2007 3795 2141 3852 bens
2176 3799 2313 3868 apud
2350 3817 2408 3855 se
2449 3804 2696 3859 Acacium
2720 3847 2736 3871 ,
2775 3808 3118 3865 Severianum
3157 3822 3211 3867 et
3252 3813 3574 3869 Antiochum

2006 3890 2340 3948 absconditos
2358 3935 2373 3959 ,
2407 3897 2575 3964 prima
2600 3898 2685 3953 die
2713 3899 3008 3958 festivitatis
3030 3945 3045 3967 ,
3072 3904 3209 3973 apud
3237 3906 3458 3975 gentiles
3481 3922 3573 3961 ce-

2006 3982 2335 4050 leberrimte,
2367 3986 2728 4058 Olympiorum
2771 3992 2972 4049 scilicet
2998 3995 3107 4060 (sic
3143 3998 3283 4050 enim
3320 4006 3576 4052 vocantur

2005 4076 2293 4131 certamina
2322 4094 2440 4149 qua:
2469 4082 2537 4135 ab
2582 4082 2804 4140 Hercule
2841 4086 3107 4154 instituta,
3138 4100 3326 4158 quarto
3362 4106 3574 4159 quoque

2005 4179 2146 4220 anno
2170 4167 2539 4241 celebrantur)
2575 4189 2586 4224 :
2621 4173 2673 4227 in
2699 4190 2801 4243 qua
2825 4215 2841 4241 ,
2873 4186 2929 4231 ut
2955 4179 3028 4232 ita
3056 4179 3226 4234 dicam
3251 4222 3265 4244 ,
3293 4181 3573 4237 mulierum

2004 4271 2210 4327 greges,
2243 4274 2345 4314 una
2370 4277 2490 4316 cum
2526 4266 2728 4333 populis
2750 4306 2764 4331 ,
2796 4268 3150 4324 effervescunt
3185 4271 3252 4325 ad
3282 4272 3531 4341 Daphnen
3551 4313 3571 4340 ,

2004 4346 2072 4399 ad
2097 4349 2412 4415 spectandos
2445 4350 2669 4408 athletas
2704 4371 2716 4406 ε
2748 4370 2866 4410 cum
2890 4357 2942 4410 in
2966 4360 3243 4414 ecclesiam
3277 4362 3569 4430 irrupisset,

2004 4438 2161 4492 simul
2184 4454 2303 4493 cum
2326 4447 2633 4499 memoratis
2652 4446 2915 4518 episc0pis
2930 4460 2983 4504 et
3001 4451 3206 4505 clericis
3224 4454 3421 4520 paucis,
3436 4454 3571 4507 clam

2002 4528 2297 4597 ordinatur,
2326 4532 2520 4587 clausis
2539 4535 2735 4603 januis,
2765 4539 2926 4593 multa
2948 4555 3067 4594 cum
3101 4540 3463 4607 festinatione;
3493 4543 3571 4597 ita

2003 4627 2060 4671 ut
2080 4635 2147 4673 ne
2174 4623 2526 4688 precationem
2554 4626 2765 4694 quidem
2794 4627 2859 4682 ad
2889 4629 3045 4684 ﬁnem
3078 4631 3436 4700 perduxerint,
3458 4648 3572 4688 me—

2003 4719 2208 4766 tuentes
2238 4729 2305 4766 ne
2340 4714 2878 4784 deprehenderentur.
2920 4721 3046 4777 Tale
3073 4724 3213 4778 enim
3253 4726 3571 4783 adulterium

2002 4809 2103 4866 est,
2135 4802 2308 4871 spuria
2336 4804 2500 4875 gignit
2526 4817 2581 4861 et
2616 4808 2756 4863 facit.
2790 4810 2956 4867 Porro
2981 4813 3296 4869 Severianus
3319 4824 3373 4870 et
3401 4817 3565 4882 socii,

2002 4905 2219 4963 accepto
2245 4899 2413 4966 pretio
2432 4938 2446 4961 ,
2476 4915 2571 4967 per
2594 4912 2805 4958 montes
2833 4914 2887 4958 et
2913 4905 3050 4959 invia
3077 4906 3187 4959 loca
3222 4906 3403 4978 fugere
3423 4950 3436 4971 ,
3467 4909 3565 4964 hu-

2000 5000 2213 5039 manum
2244 4987 2453 5056 quidem
2496 4990 2757 5046 evitantes
2803 4994 3090 5062 periculum
3112 5035 3126 5058 ,
3159 4996 3253 5051 sed
3294 4997 3523 5053 divinam
3545 5042 3565 5067 ,

2001 5093 2157 5143 quam
2190 5078 2533 5148 ignorabant,
2568 5083 2976 5153 indignationem
3009 5088 3353 5144 incurrentes.
3384 5089 3569 5145 Soluto

2000 5177 2175 5222 autem
2196 5171 2372 5238 populi
2391 5175 2713 5242 spectaculo,
2739 5177 3049 5246 populisque
3079 5179 3128 5232 in
3147 5180 3328 5235 urbem
3356 5196 3568 5251 regres-

1998 5258 2089 5319 sis,
2118 5259 2410 5313 nuntiatum
2443 5261 2569 5330 ipsis
2594 5274 2676 5317 est
2710 5266 2834 5334 quid
2873 5265 3164 5339 Porphyrio
3191 5271 3483 5335 evenisset,
3512 5286 3571 5327 et.

1997 5347 2120 5414 quid
2150 5348 2372 5403 Aeacius
2407 5351 2619 5420 egisset.
2668 5352 3000 5411 Sustinentes
3029 5373 3154 5427 ergo
3186 5360 3441 5428 tantisper
3468 5377 3563 5416 ve-

1996 5452 2151 5504 Spere
2179 5438 2274 5493 illo
2304 5458 2467 5511 usque
2506 5444 2557 5496 in
2587 5446 2874 5499 crastinum
2896 5487 2911 5511 ,
2940 5449 3083 5501 velut
3121 5460 3336 5519 propter
3361 5450 3565 5507 adulte-

1998 5529 2131 5584 rium
2176 5533 2436 5599 perculsi,
2476 5548 2858 5592 consurrexere
2880 5578 2896 5603 ,
2928 5553 2990 5593 ac
3026 5540 3336 5597 confluxere
3358 5583 3373 5609 ,
3404 5543 3562 5598 simul

1996 5636 2184 5677 omnes
2205 5638 2324 5679 cum
2348 5625 2466 5693 igne
2488 5635 2544 5681 et
2563 5628 2861 5691 sarmentis,
2878 5629 3226 5703 Porphyrium
3247 5644 3403 5702 atque
3420 5634 3564 5688 mdes

1995 5715 2109 5783 ejus
2134 5716 2314 5772 delere
2346 5718 2603 5774 volentes.
2639 5721 2963 5793 Porphyrius
3003 5736 3177 5781 autem
3219 5742 3320 5781 non
3351 5728 3562 5797 ignarus

1996 5823 2099 5876 quo
2127 5807 2249 5863 odio
2276 5808 2576 5881 haberetur,
2604 5812 2787 5868 relicto
2814 5814 2938 5881 Deo,
2973 5817 3036 5871 ad
3074 5820 3373 5890 prtefectum
3406 5836 3559 5875 exc-iu
