4122 6386
507 401 574 455 55
1766 407 2078 466 PALLADll
2118 408 2458 468 DlALOGUS
3683 405 3754 457 55

505 517 641 570 citus
667 517 896 588 confugit
915 559 930 583 ,
960 519 1291 592 impletisque
1319 521 1368 576 ei
1409 523 1650 578 manibus
1671 565 1686 590 ,
1718 523 1912 578 bellum
1938 525 2075 594 gerit

507 609 759 666 adversus
786 610 1078 666 Servatoris
1107 613 1372 668 auditores
1395 655 1410 678 ,
1451 630 1569 668 eum
1605 624 1848 670 avertens
1874 631 1904 669 a
1932 615 2074 671 bello

419 701 422 706 ’
507 702 758 757 Isaurico.
788 703 855 757 Et
882 703 1045 758 Isauri
1074 705 1285 773 quidem
1326 706 1540 760 maximi
1570 706 1847 776 praedones
1874 705 2073 760 Rosum

504 809 557 852 et
581 797 874 854 Seleuciam
904 799 1181 853 vastabant
1227 818 1239 852 :
1282 799 1606 869 Porphyrius
1644 815 1770 854 vero
1795 810 1849 854 et
1874 798 2073 853 Valen-

506 890 648 944 tinus
683 889 874 946 Comes
897 933 912 956 ,
943 905 1061 945 cum
1088 892 1305 945 armatis
1344 891 1621 947 ecclesiam
1658 891 2072 945 orthodoxornm

503 981 966 1051 deprwdabantur;
993 982 1324 1036 tremendum
1339 982 1512 1037 crucis
1529 983 1757 1051 signum,
1778 983 1915 1051 quod
1933 981 2075 1036 velut

504 1071 812 1139 magistrum
827 1069 878 1125 in
893 1072 1127 1126 humeris
1138 1081 1426 1142 portantes,
1442 1074 1493 1127 in
1509 1081 1647 1128 terra
1660 1073 1854 1127 inculta
1868 1072 2074 1126 litanias

505 1162 750 1231 agebant,
793 1163 1015 1232 pedibus
1046 1164 1278 1232 ipsorum
1308 1165 1702 1220 conculcantes.
1728 1165 1853 1219 Post
1878 1165 2077 1234 aliquot

489 1259 681 1306 autem
708 1252 820 1308 dies
847 1251 1092 1308 festinato
1117 1254 1181 1307 ad
1207 1253 1522 1309 Comitatum
1548 1257 1728 1320 mittit,
1753 1265 1909 1326 atque
1937 1255 2075 1326 apud

510 1343 810 1412 huiusmodi
851 1346 1188 1413 magistratus
1228 1355 1528 1416 comparat,
1563 1355 1621 1400 ut
1653 1346 1864 1415 quidam
1893 1345 2076 1400 viridis

507 1449 569 1488 ac
594 1434 788 1489 crudus
812 1450 970 1490 senex
993 1478 1007 1500 ,
1041 1436 1275 1490 moribus
1304 1438 1563 1504 perversis
1582 1477 1596 1501 ,
1624 1437 1866 1507 obliquus
1888 1477 1902 1498 ,
1930 1437 2072 1491 Prae-

493 1523 676 1579 fectus
700 1525 926 1596 Vigilum
952 1536 1245 1594 crearetur,
1275 1537 1332 1581 ut
1361 1527 1625 1582 licentiam
1657 1529 1859 1584 habens
1886 1529 2077 1597 probos

505 1631 741 1685 quosque
761 1617 1133 1683 calumniandi,
1163 1620 1425 1673 civitatem
1450 1620 1504 1674 in
1530 1635 1690 1673 manu
1709 1619 1940 1682 haberet,
1974 1620 2077 1674 Ne-

491 1705 670 1771 vronis,
695 1706 784 1761 Dei
804 1706 992 1774 hostis,
1015 1723 1192 1764 mores
1221 1710 1450 1763 imitans.
1474 1709 1587 1764 Non
1614 1711 1754 1765 enim
1777 1711 1873 1780 ipsi
1895 1711 2076 1765 datum

505 1808 588 1852 est
603 1799 841 1853 oratione
856 1800 1289 1867 persuadere,sed
1306 1801 1756 1856 irrationabilitate
1768 1813 1819 1856 et
1836 1803 2079 1856 immani-

491 1898 612 1944 -tat.e
632 1904 844 1944 vexare.
871 1889 1072 1958 Quippe
1096 1892 1181 1960 qui
1204 1906 1300 1960 pro
1320 1907 1481 1961 scopo
1503 1908 1606 1946 non
1637 1893 1854 1948 haberet
1873 1894 2080 1962 placere

507 1985 638 2049 Deo,
659 1993 900 2038 errantes
938 1984 1141 2038 animas
1164 1984 1455 2049 reducenti,
1479 1985 1570 2039 sed
1602 1986 1819 2054 implere
1839 1997 2079 2039 ventrem

505 2075 788 2144 serpentis,
810 2076 898 2144 qui
916 2090 1073 2144 super
1090 2084 1272 2143 pectus
1292 2076 1548 2145 graditur.
1571 2076 1754 2145 Populi
1772 2076 1927 2146 igitur
1939 2077 2080 2131 relu-

505 2176 728 2234 ctantes,
744 2167 795 2220 in
813 2167 1033 2221 ecclesia
1045 2167 1220 2230 specie
1235 2166 1446 2236 quidem
1461 2167 1798 2232 conveniunt,
1817 2177 1960 2221 metu
1973 2183 2081 2222 vcr-

507 2260 713 2325 herum,
726 2274 908 2314 revera
925 2267 1099 2313 autem
1112 2259 1272 2312 vitam
1292 2273 1438 2314 suam
1456 2269 1974 2330 exsecrantes,atque
1987 2261 2081 2314 Dei

507 2340 768 2392 ultionem
782 2339 1266 2409 exspectantes.Ad
1286 2340 1397 2396 haec
1415 2344 1750 2412 stupefactus
1764 2345 2082 2404 Theodorus

501 2432 663 2485 dixit:
683 2431 886 2486 Praeter
898 2441 1147 2486 naturam
1165 2440 1218 2487 et
1235 2434 1526 2499 rationem,
1545 2434 1725 2504 Pater,
1743 2454 1828 2494 res
1845 2441 1976 2498 istas
1991 2457 2082 2497 au-

504 2527 612 2578 dio.
635 2523 704 2578 Ut
723 2525 1015 2595 plurimum
1034 2527 1178 2580 enim
1200 2525 1738 2597 vanaegloriaecupidi
1766 2531 2084 2590 hominibus

509 2622 717 2690 placere
730 2621 986 2686 ambiunt,
1008 2623 1368 2678 ctadulatores
1383 2623 1898 2694 inveniuntur,atque
1915 2625 2082 2678 lautas

509 2726 719 2766 mensas
748 2712 1038 2778 instruunt,
1069 2722 1124 2767 ut
1148 2725 1390 2769 amentur
1410 2725 1461 2768 et
1490 2715 1625 2770 bene
1651 2716 1895 2783 audiant,
1923 2717 2079 2770 etiam

508 2814 659 2872 sputa
678 2819 818 2874 saepe
833 2806 1134 2860 tolerantes.
1151 2807 1426 2874 Quomodo
1446 2807 1604 2878 igitur
1620 2808 2083 2879 Porphyrius,sive

509 2895 643 2949 alius
671 2896 953 2965 quispiam,
983 2898 1154 2952 minas
1179 2907 1232 2952 et
1257 2899 1513 2968 supplicia
1534 2909 1691 2969 atque
1712 2901 1894 2954 exsilia
1925 2915 2080 2955 exer-

511 2987 733 3049 cuerint,
765 2987 968 3057 ignoro.
999 2989 1170 3043 Ense.
1202 2988 1313 3044 Hoc
1337 3005 1464 3045 vero
1487 2991 1836 3046 admiratione
1865 2992 2080 3062 dignum

508 3087 610 3146 est,
633 3078 930 3147 Theodore,
955 3081 1093 3150 quod
1117 3082 1180 3136 ad
1203 3090 1406 3137 tantum
1434 3083 1785 3152 improbitatis
1803 3099 2080 3140 excessum

506 3171 862 3239 proruperint,
887 3182 942 3225 ut
971 3187 1076 3226 non
1106 3173 1267 3228 modo
1291 3174 1592 3230 hominibus
1612 3176 1822 3247 placere
1843 3192 1946 3231 non
1966 3188 2081 3232 stu-

507 3262 684 3329 deant,
711 3279 892 3317 verum
925 3264 1216 3320 facinorum
1245 3282 1454 3337 quoque
1476 3283 1691 3321 suorum
1715 3268 2079 3326 confusionem

508 3355 725 3410 minime
745 3371 932 3412 curare
957 3377 969 3410 :
995 3360 1190 3414 malitia
1216 3360 1356 3414 enim
1386 3363 1637 3416 malitiam
1657 3348 1716 3416 in
1743 3365 1937 3419 malitia
1963 3381 2083 3434 pro-

510 3455 704 3501 movet.
742 3448 889 3503 Tune
909 3453 1049 3505 enim
1079 3452 1278 3506 malitia
1305 3453 1515 3508 inanem
1554 3455 1773 3525 gloriam
1803 3457 2078 3526 producit,

508 3553 630 3592 cum
658 3539 926 3595 blanditiis
953 3543 1063 3596 suis
1085 3542 1345 3612 imperare
1373 3544 1575 3599 stolidis
1595 3555 1772 3615 sperat
1800 3565 1814 3600 :
1845 3563 1964 3601 cum
1991 3564 2084 3602 au-

510 3641 613 3686 tem
639 3633 726 3701 qui
755 3642 1065 3702 captantur,
1098 3635 1368 3690 blanditiis
1400 3645 1559 3706 atque
1583 3638 1754 3706 epulis
1782 3640 2083 3708 superiores

511 3721 708 3776 inventi
752 3721 979 3788 fuerint,
1013 3725 1184 3780 minas
1224 3736 1278 3780 et
1305 3727 1560 3797 supplicia
1603 3728 1834 3798 profert,
1865 3739 1918 3785 ut
1951 3745 2085 3800 quos

511 3811 777 3868 blanditiis
800 3827 958 3884 atque
995 3818 1164 3886 epulis
1193 3833 1295 3871 non
1339 3820 1509 3887 potuit
1537 3810 1810 3884 inescare,
1844 3821 2086 3874 immani-

512 3914 618 3959 tate
643 3921 706 3960 ac
728 3914 930 3961 terrore
953 3909 1236 3976 percellat;
1270 3910 1405 3963 sicut
1433 3911 1629 3964 sanctis
1653 3911 1974 3982 martyribus
1999 3927 2086 3966 ac-

511 3995 663 4050 cidit.
704 3996 780 4052 lbi
826 3999 967 4052 enim
1013 4007 1293 4069 utrumque
1343 4000 1782 4069 impendebatur,
1823 4001 2084 4056 donorum

511 4097 666 4156 atque
698 4088 955 4143 honorum
995 4092 1286 4160 excogitata
1318 4091 1503 4161 pedica
1529 4134 1543 4157 ,
1575 4102 1794 4162 captans
1821 4093 2086 4148 inhiantes

511 4179 767 4250 gloriola),
788 4190 840 4236 et
865 4183 1241 4252 suppliciorum
1271 4185 1449 4251 minae,
1475 4186 1769 4254 sartagines
1789 4193 1944 4256 atque
1964 4201 2089 4240 ecu-

511 4274 576 4327 lci
608 4283 661 4329 et
689 4275 870 4329 bestia:
891 4318 909 4341 ,
937 4287 989 4331 et
1015 4293 1360 4347 quaecumque
1387 4279 1452 4332 ad
1479 4293 1698 4348 magnos
1727 4279 1942 4336 dolores
1967 4296 2086 4334 mo-

517 4367 717 4421 vendes
744 4367 933 4423 idonea
967 4378 1121 4433 sunt,
1148 4384 1482 4439 praaparans,
1513 4368 1675 4424 fortes
1702 4380 1756 4425 et
1784 4372 1875 4425 Dei
1906 4386 2086 4426 aman-

513 4472 594 4515 tes
621 4461 896 4516 exhibens.
936 4461 1122 4517 Clerus
1161 4462 1372 4532 quidem
1419 4463 1793 4518 Antiochensis
1832 4464 2088 4534 insignior

515 4555 649 4608 clam
682 4555 892 4624 plebem
922 4553 1140 4625 colligit,
1170 4570 1238 4608 ne
1263 4555 1390 4624 ipsis
1416 4554 1627 4624 quidem
1653 4555 1891 4610 ecclesiae
1919 4556 2090 4624 parie-

516 4646 654 4700 tibus
668 4646 1115 4716 appropinquans,
1135 4661 1340 4700 necnon
1361 4655 1414 4701 et
1436 4654 1542 4699 tota
1566 4646 1783 4716 insignis
1806 4646 2084 4701 mulierum

513 4738 758 4804 societas,
787 4749 1003 4808 propter
1025 4753 1159 4807 quas
1190 4739 1420 4793 maxime
1447 4738 1716 4792 insaniunt
1746 4739 2085 4808 pecuniarum

514 4829 652 4884 avidi
689 4838 948 4898 pastores.
992 4830 1066 4884 De
1092 4830 1251 4885 rebus
1286 4839 1460 4883 autem
1491 4827 2088 4898 Constantinopolitanis

516 4920 638 4990 quid
656 4922 845 4976 attinet
866 4921 1042 4975 dicere
1059 4931 1250 4991 quanta
1280 4920 1559 4973 multitudo
1578 4920 1644 4973 ab
1669 4921 1892 4976 ecclesia
1912 4936 2083 4976 reces-

517 5012 679 5066 serit?
705 5016 1025 5066 conveniens
1051 5013 1149 5067 sub
1172 5013 1281 5079 dio,
1305 5021 1364 5066 ut
1389 5013 1634 5081 superius
1658 5012 1907 5078 diximus,
1939 5017 2008 5068 ita
2031 5023 2088 5068 ut

515 5106 604 5172 qni
645 5121 821 5159 rerum
855 5106 1332 5160 ecclesiasticarum
1385 5107 1684 5174 potiuntur,
1721 5121 1823 5158 non
1862 5107 2088 5160 habeant

517 5197 732 5251 totidem
804 5199 1068 5252 auditores
1138 5198 1329 5252 silentii
1399 5198 1479 5252 sui
1532 5214 1545 5249 :
1621 5214 1874 5267 nusquam
1944 5201 2084 5252 enim

468 5318 470 5320 τ
517 5290 654 5356 apud
691 5306 785 5345 eos
827 5306 1019 5345 sermo.
1056 5291 1201 5344 Duc.
1257 5289 1474 5346 Dubiam
1515 5297 1569 5344 et
1596 5305 1905 5358 suspensam
1940 5307 2089 5342 men-

515 5390 620 5433 tem
674 5397 844 5434 meam
872 5423 884 5443 ,
914 5379 1102 5446 Pater,
1145 5382 1410 5445 liherasti,
1456 5382 1540 5450 qui
1592 5382 1757 5434 oculis
1807 5381 1939 5435 meis
2002 5397 2088 5434 res

517 5472 659 5538 ipsas
685 5469 995 5538 subjeceris.
1039 5470 1168 5524 Nam
1195 5471 1476 5524 verborum
1505 5471 1870 5534 consonantia,
1903 5478 1956 5524 et
1982 5486 2086 5523 non

517 5565 636 5615 ficta
667 5563 899 5615 narratio
928 5563 1207 5617 certiorem
1253 5577 1341 5617 me
1384 5561 1508 5616 fecit
1551 5562 1616 5616 de
1649 5563 1868 5616 veritate
1908 5578 2084 5616 rerum

514 5663 803 5723 gestarum.
836 5652 977 5706 Fieri
1005 5653 1144 5707 enim
1178 5669 1281 5705 non
1315 5663 1518 5722 potest,
1551 5661 1608 5706 ut
1635 5655 1761 5707 falsa
1791 5653 1961 5706 oratio
1987 5652 2087 5705 sibi

519 5744 711 5813 ubique
740 5755 1017 5799 consonet.
1048 5743 1125 5798 Ne
1149 5745 1306 5813 igitur
1329 5745 1586 5813 graveris,
1614 5745 1655 5797 si
1683 5742 1805 5812 quid
1839 5743 1998 5804 nosti,
2027 5757 2086 5795 ea

515 5836 666 5890 nobis
683 5851 919 5906 narrare,
943 5853 1061 5908 qua:
1081 5837 1443 5908 Olympiadem
1467 5847 1729 5907 spectant.
1754 5836 1926 5890 Ense.
1950 5833 2088 5902 Qua-

2181 525 2247 578 lis
2268 539 2328 580 ea
2352 526 2468 580 est?
2497 541 2615 580 nam
2645 527 2825 596 plures
2851 541 2912 580 eo
2941 525 3173 580 nomine.
3203 525 3355 579 οπλα.
3383 522 3749 578 Constantinu-

2180 618 2428 686 politanae
2457 618 2708 674 Ecclesite
2745 620 3060 682 diaconissa,
3092 633 3211 688 qua:
3239 631 3431 686 sponsa
3467 613 3754 685 aliquando

2180 707 2276 761 fuit
2302 707 2538 762 Nebridii
2569 709 2905 779 Exprael‘ecti.
2939 710 3111 764 Ense.
3140 707 3288 763 lllam
3313 706 3525 776 quidem
3553 704 3752 775 optime

2181 799 2325 851 novi.
2356 799 2503 853 Duc.
2536 799 2716 866 Qualis
2747 801 2830 853 illa
2865 799 3053 853 mulier
3081 799 3196 854 est?
3225 799 3396 854 Ense.
3425 797 3519 862 Ne,
3546 811 3747 866 quaiso,

2180 888 2325 942 dicas
2349 931 2364 954 ,
2397 891 2568 958 qualis
2593 891 2781 944 mulier
2801 933 2815 951 ,
2845 891 2938 944 scd
2967 891 3140 960 qualis
3179 890 3337 944 homo
3361 907 3374 942 :
3397 889 3478 942 vir
3506 889 3644 943 enim
3669 897 3753 942 est

2181 989 2374 1047 praeter
2392 984 2630 1050 corporis
2651 981 2907 1034 habitum.
2933 981 3081 1047 Due,
3106 980 3162 1034 ln
3185 980 3321 1049 quo?
3348 980 3518 1033 Ense.
3543 978 3598 1031 ln
3619 979 3753 1043 vita,

2183 1073 2232 1124 in
2264 1071 2566 1137 laboribus,
2602 1074 2652 1126 in
2683 1073 2902 1128 scientia
2945 1083 3000 1127 et
3039 1073 3435 1128 tribulationum
3475 1071 3748 1141 patientia.

2184 1161 2333 1216 Due.
2357 1161 2468 1216 Cur
2487 1177 2613 1231 ergo
2640 1164 2714 1217 illi
2741 1164 3062 1217 conviciatus
3085 1173 3168 1217 est
3190 1160 3548 1231 Theophilus?
3573 1160 3748 1214 Ense.

2179 1252 2432 1318 Quisnam
2451 1253 2537 1307 ille
2553 1254 2668 1308 est?
2693 1247 2838 1308 Due.
2862 1254 3245 1308 Alexandrinus
3259 1254 3555 1323 episcopus.
3576 1252 3751 1306 Ense.

2183 1343 2390 1397 Videris
2415 1345 2563 1407 mihi,
2595 1344 2899 1411 Theodore,
2930 1354 3005 1398 tot
3028 1345 3284 1398 orationis
3307 1344 3473 1412 spatia
3498 1342 3754 1396 oblivioni

2182 1435 2479 1490 tradidisse.
2511 1438 2657 1492 DIAC.
2703 1437 2817 1506 Qua
2855 1439 2905 1491 in
2952 1438 3047 1492 re?
3092 1438 3264 1491 Ense.
3295 1437 3394 1503 Qui
3418 1436 3620 1490 veritati
3649 1451 3759 1489 non

2181 1531 2448 1597 pepercit,
2479 1529 2571 1584 sed
2619 1530 2761 1584 illam
2806 1531 3170 1594 conculcavit,
3202 1537 3260 1582 ut
3299 1529 3538 1597 superior
3577 1542 3756 1582 sermo

2180 1620 2580 1690 comprobavit;
2610 1629 2664 1674 et
2705 1621 2794 1689 qui
2844 1619 3134 1674 Eeclesiam
3177 1633 3296 1687 qua:
3346 1617 3447 1671 sub
3475 1619 3604 1671 caelo
3641 1625 3754 1680 est,

2180 1724 2398 1782 propter
2421 1728 2578 1780 quant
2611 1712 2918 1781 Uuigenitus
2940 1751 2955 1773 ,
2985 1719 3043 1764 ut
3068 1709 3172 1762 dici
3201 1710 3366 1772 solet,
3397 1709 3672 1773 laboravit,
3705 1714 3762 1761 ut

2181 1818 2298 1858 eam
2321 1805 2513 1868 uuiret,
2539 1819 2642 1856 non
2675 1803 2974 1865 honoravit,
3007 1801 3098 1856 sed
3124 1799 3439 1854 contumelia
3460 1798 3637 1854 affecit
3663 1799 3759 1853 ha-

2183 1896 2292 1949 bitu
2320 1910 2437 1959 suo,
2471 1896 2679 1948 mulieri
2707 1904 2887 1963 posset
2917 1909 3135 1963 parcere
3164 1893 3357 1958 vidum,
3385 1907 3502 1961 qua:
3525 1892 3684 1945 vitam
3707 1891 3764 1947 in

2183 1987 2422 2041 oratione
2451 1987 2758 2041 consumit?
2789 1988 2998 2042 Discute
3027 1995 3080 2041 et
3105 1987 3224 2040 vide
3253 1986 3296 2040 si
3323 2001 3482 2055 quem
3511 2001 3760 2055 umquam

2184 2078 2483 2145 improbum
2522 2077 2963 2147 reprehenderit,
2996 2078 3082 2146 qui
3118 2077 3390 2146 probitatis
3419 2091 3629 2146 semper
3667 2076 3764 2130 ho-

2183 2169 2280 2223 stis
2305 2179 2407 2222 est.
2451 2169 2559 2222 Cur
2583 2179 2761 2223 autem
2789 2179 2843 2224 et
2885 2184 2953 2223 ex
2978 2170 3094 2238 ejus
3123 2168 3356 2237 epistolis
3388 2182 3491 2221 non
3519 2168 3765 2236 conjicis,

2184 2259 2450 2327 quomodo
2479 2260 2583 2314 illa:
2623 2261 2762 2314 inter
2789 2275 2848 2314 se
2893 2267 3185 2328 repugnent
3205 2259 3230 2311 ?
3256 2258 3353 2326 Qui
3379 2259 3519 2312 enim
3551 2257 3762 2312 beatum

2189 2350 2534 2419 Epiphanium
2560 2350 2884 2405 Constantiw
2914 2351 2964 2403 in
2993 2351 3164 2421 Cypro
3195 2351 3519 2418 episc0pum,
3548 2349 3638 2418 qui
3669 2350 3765 2402 tri-

2185 2446 2326 2513 ginta
2351 2452 2406 2498 et
2432 2459 2526 2498 sex
2551 2459 2721 2498 annos
2747 2443 3001 2498 Ecclesia:
3031 2441 3258 2511 praefuit,
3289 2442 3495 2511 probris
3519 2441 3768 2495 affecerat

2187 2546 2243 2588 ut
2289 2536 2629 2601 htereticum,
2660 2545 2750 2589 aut
2795 2536 3188 2590 schismaticum
3215 2577 3230 2601 ,
3271 2535 3368 2588 sub
3411 2535 3632 2588 Datnaso
3675 2543 3770 2588 aut

2187 2629 2342 2682 beato
2371 2625 2594 2692 Siricio;
2638 2635 2820 2697 postea
2851 2628 2902 2680 in
2946 2641 3040 2681 sua
3069 2625 3136 2680 ad
3177 2625 3535 2679 Innocentium
3569 2624 3763 2694 Papam

2185 2720 2406 2788 epistola
2433 2721 2737 2790 vituperans
2761 2720 2971 2775 beatum
3000 2720 3277 2782 Joannem,
3302 2718 3650 2788 Epiphanium
3673 2732 3769 2794 nos

2187 2811 2353 2864 minat
2377 2813 2792 2867 sanctissimum.
2821 2810 3038 2879 Quoties
3067 2823 3241 2864 autem
3265 2851 3278 2875 ,
3307 2819 3481 2879 putas,
3512 2817 3567 2864 et
3594 2825 3769 2880 genua

2185 2902 2512 2975 Olympiadis
2537 2905 2805 2958 osculatus
2844 2911 2946 2966 est,
2979 2917 3074 2972 Spe
3103 2917 3460 2968 nummorum,
3501 2901 3585 2954 cui
3627 2915 3769 2954 nunc

2186 2994 2547 3048 conviciatur?
2575 2994 2664 3048 llla
2697 2993 2842 3048 humi
2885 2993 3192 3062 procidente
3231 2992 3299 3046 oh
3327 3007 3443 3046 eam
3471 3007 3583 3046 rem
3612 3001 3665 3045 et
3691 2992 3767 3046 la-

2186 3104 2396 3158 crymas
2417 3087 2690 3149 fundente,
2718 3086 3060 3141 nihilominus
3088 3087 3186 3140 ista
3213 3086 3494 3154 episcopus
3520 3083 3765 3138 faciebat.

2189 3179 2382 3233 Verum
2399 3194 2499 3249 qua
2527 3181 2578 3232 in
2608 3195 2666 3232 re
2693 3178 2764 3232 illi
2792 3179 3117 3231 conviciatus
3143 3176 3261 3230 est?
3292 3175 3439 3230 Due.
3468 3175 3618 3241 Quod
3644 3189 3764 3229 sus-

2186 3269 2388 3338 ceperit
2429 3270 2720 3322 monachos
2773 3268 2869 3322 abs
2908 3283 2967 3322 se
3004 3267 3217 3336 ejectos.
3265 3265 3441 3321 Ense.
3481 3265 3615 3320 Num
3646 3265 3769 3321 licet

2186 3360 2436 3428 episcopo
2459 3367 2551 3412 aut
2570 3358 2743 3423 decet,
2770 3358 3012 3427 quemvis
3036 3372 3067 3411 e
3086 3355 3380 3426 discipulis,
3403 3371 3494 3409 seu
3517 3354 3768 3409 Christia-

2187 3468 2312 3504 nmn
2357 3465 2674 3520 quemquam
2699 3491 2712 3512 ,
2754 3449 2974 3502 omnino
3019 3447 3316 3516 projicere,
3345 3446 3537 3501 nedum
3579 3461 3767 3500 mona-

2188 3543 2384 3597 chum?
2409 3543 2558 3597 Duc.
2603 3541 2658 3597 Si
2688 3557 2808 3596 eum
2851 3542 3130 3606 hcserunt,
3167 3549 3257 3594 aut
3282 3540 3330 3594 ei
3361 3539 3766 3594 maledixerunt.

2189 3633 2362 3688 Ense.
2397 3633 2528 3687 Num
2559 3633 2690 3686 iram
2716 3647 2864 3687 suam
2904 3632 3120 3700 explere
3148 3631 3363 3692 debuit,
3395 3631 3460 3685 de
3486 3631 3773 3686 maledicto

2187 3723 2484 3778 sollicitus?
2512 3722 2789 3790 Quomodo
2837 3723 3008 3777 adhuc
3057 3721 3251 3776 Christi
3289 3721 3638 3777 contumelias
3667 3721 3767 3776 sibi

2189 3825 2392 3884 quaeret
2435 3816 2558 3880 ille,
2584 3817 2670 3885 qui
2717 3815 2898 3886 glorim
2945 3830 3055 3869 suae
3099 3813 3566 3869 velificatur?Cur
3589 3823 3766 3869 autem

2191 3911 2408 3962 omnino
2451 3909 2684 3962 imitatus
2720 3923 2827 3962 non
2855 3917 2938 3962 cst
2975 3907 3285 3976 magistrum
3313 3906 3556 3974 Paulum,
3582 3905 3768 3962 dicen-

2191 4010 2296 4055 tem
2329 4016 2343 4052 :
2379 3998 2733 4053 Maledicimur
2756 4040 2769 4065 ,
2801 4008 2847 4053 et
2888 3998 3219 4052 benedicimus
3251 3999 3311 4070 (l
3372 3996 3490 4052 Cor.
3520 3999 3574 4052 4.
3624 3997 3774 4068 12)?

2193 4093 2340 4146 Duc.
2372 4091 2508 4160 Quid
2543 4092 2700 4160 igitur
2720 4132 2735 4157 ,
2767 4091 2810 4144 si
2843 4089 3075 4145 hmretici
3125 4091 3346 4144 fuissent
3373 4090 3615 4144 monachi
3656 4089 3770 4145 illi?

2194 4185 2368 4240 Ense.
2401 4184 2559 4254 Atqui
2601 4187 2820 4239 omnino
2859 4184 3094 4254 oportuit
3130 4198 3222 4237 eos
3257 4183 3542 4238 emendare
3565 4193 3619 4238 et
3651 4199 3770 4252 pcr-

2189 4275 2436 4340 suadere,
2464 4287 2514 4328 at
2541 4291 2647 4330 non
2673 4275 2952 4345 projicere.
2982 4274 3129 4329 DIAC.
3163 4275 3226 4327 Et
3251 4275 3292 4327 si
3321 4273 3420 4328 hoc
3442 4273 3670 4338 fecisset,
3695 4273 3768 4327 illi

2190 4383 2294 4419 non
2315 4367 2629 4434 paruissent,
2646 4366 2733 4436 qui
2757 4367 3050 4434 pertinaces
3070 4373 3266 4418 essent.
3290 4365 3461 4419 Ense.
3479 4365 3770 4434 Oportebat

2192 4457 2317 4510 illud
2349 4457 2696 4526 apostolicum
2723 4456 2940 4526 exsequi
2975 4475 2987 4508 :
3028 4455 3333 4510 "(creticum
3377 4456 3629 4509 hominem
3657 4464 3770 4524 post

2189 4565 2341 4602 unam
2372 4557 2420 4601 et
2452 4549 2662 4602 alteram
2699 4549 3057 4617 correptionem
3100 4549 3262 4600 devita
3285 4587 3298 4612 ,
3327 4547 3487 4601 sciens
3513 4548 3631 4618 quia
3656 4565 3769 4618 per-

2189 4656 2359 4694 versus
2383 4649 2454 4714 est
2485 4640 2774 4708 Imjusmodi
2802 4639 2938 4711 (Tit.
2969 4641 3022 4694 '5.
3069 4638 3154 4694 l0.
3202 4639 3261 4692 ll
3290 4638 3342 4708 );
3371 4649 3422 4692 at
3449 4654 3553 4692 non
3581 4638 3768 4708 expel-

2191 4733 2301 4785 lere
2322 4773 2334 4794 ,
2371 4740 2426 4786 et
2455 4730 2591 4785 bona
2620 4730 2883 4799 diripere,
2928 4740 3086 4798 atque
3120 4745 3184 4784 ex
3216 4730 3380 4798 patria
3423 4729 3617 4797 ejicere
3645 4744 3766 4784 cum

2189 4823 2588 4891 magistratuum
2612 4821 2789 4874 minis.
2822 4820 2969 4875 Dt/tc.
3000 4821 3107 4874 Viri
3137 4819 3352 4888 perfecti
3381 4818 3610 4874 officium
3635 4819 3764 4872 mihi

2192 4928 2412 4979 narras,
2445 4924 2498 4968 et
2539 4914 2702 4967 Deum
2733 4913 2994 4977 amantis,
3035 4922 3090 4966 et
3133 4912 3442 4981 injuriarum
3491 4912 3759 4981 patientis.

2193 5005 2370 5061 Ense.
2403 5006 2469 5059 Et
2493 5014 2639 5060 certe
2670 5006 2784 5058 laus
2812 5021 3000 5074 magna
3040 5020 3143 5057 non
3175 5014 3255 5058 est
3283 5004 3600 5058 deteriorem
3629 5004 3766 5058 tole-

2191 5112 2328 5152 rare.
2353 5097 2612 5151 Cmterum
2643 5095 2743 5149 nisi
2783 5095 3042 5164 perfectus
3081 5104 3190 5160 est,
3220 5104 3471 5163 quantum
3498 5094 3764 5156 convenit,

2189 5188 2457 5255 quomodo
2486 5189 2766 5256 cpisc0pus
2804 5196 2885 5240 est
2912 5186 3211 5256 ejusmodi?
3258 5185 3594 5254 imperfectus
3624 5186 3765 5240 enim

2191 5280 2512 5352 imperfectis
2531 5297 2633 5334 non
2656 5281 2912 5335 consult-1.
2937 5279 3211 5343 Quomodo
3233 5287 3408 5331 autem
3429 5289 3482 5331 et
3501 5275 3768 5344 Theophi-

2192 5381 2272 5432 lus
2296 5379 2505 5441 dicitur,
2537 5376 2624 5445 qui
2652 5389 2755 5427 non
2785 5382 2926 5427 amat
2954 5373 3138 5438 Deum,
3169 5381 3384 5440 propter
3407 5385 3562 5439 quem
3593 5380 3647 5422 et
3669 5367 3767 5423 hoc

2191 5471 2392 5524 minum
2421 5469 2640 5537 injurias
2671 5466 2929 5534 patienter
2955 5465 3092 5517 ferre
3116 5462 3334 5516 debuit?
3362 5461 3415 5516 Si
3449 5475 3574 5514 vero
3603 5460 3764 5514 Deum

2192 5575 2297 5612 non
2329 5569 2506 5624 amat,
2541 5574 2605 5611 ne
2631 5572 2688 5610 se
2731 5554 2942 5624 quidem
2988 5554 3158 5622 ipsum
3193 5570 3206 5606 :
3247 5554 3333 5622 qui
3367 5561 3542 5604 autem
3573 5552 3766 5604 suimet

2192 5650 2435 5702 inimicus
2463 5658 2576 5712 est,
2608 5645 2876 5716 quomodo
2906 5644 3116 5698 tandem
3158 5644 3290 5696 alios
3315 5639 3546 5694 amabit?
3577 5641 3764 5694 Mirum

2193 5739 2350 5809 igitur
2379 5755 2483 5793 non
2513 5747 2620 5800 est,
2650 5738 2692 5789 si
2733 5735 2800 5788 ob
2840 5734 2890 5788 id
2929 5734 3292 5804 Olympiadem
3335 5733 3553 5792 oderat,
3586 5741 3767 5800 utpote

2196 5847 2312 5902 qua:
2340 5830 2623 5886 monachos
2649 5827 2988 5897 suscepisset.
3027 5825 3168 5881 DILC.
3193 5825 3257 5878 plu
3283 5824 3533 5880 confesso
3555 5823 3764 5894 quidem
3857 5879 3871 5893 ε
