4122 6386
359 391 430 448 55
1355 394 1442 448 DE
1476 395 1634 449 YITA
1677 395 1734 450 S.
1775 391 2057 447 JOANNIS
2094 387 2594 446 CHRYSOSTOMI.
3539 374 3608 427 δέ)

357 516 448 567 ἐπὶ
481 513 570 566 τὸν
611 513 1122 586 στρατοπεδάρχην,
1167 515 1259 568 καὶ
1303 515 1596 586 πληρώσας
1635 514 1800 567 αὑτοῦ
1831 513 1928 577 τάς

358 600 568 669 χεῖρας,
611 598 1018 669 ἀντιστρατεύει
1051 602 1163 662 τοῖς
1191 599 1490 670 ἀκροαταῖς
1523 599 1616 650 τοῦ
1657 597 1928 668 Σωτῆρος,

359 679 709 750 ἀποστρέψας
762 680 870 734 τῶν
916 681 1235 751 Ἰσαυρικῶν
1282 683 1552 752 πολέμων.
1590 683 1700 734 Καὶ
1739 682 1789 733 οί
1837 680 1934 750 μὲν

358 763 788 838 ληστρικώτατοι
816 766 1060 836 Ἴσαυροι
1098 767 1280 818 Ῥόσον
1312 769 1404 820 καὶ
1433 765 1752 818 Σελεύκειαν
1775 763 1936 834 ἐπόρ-

360 847 486 899 θουν
511 865 523 878 ·
569 848 877 920 Πορφύριος
919 850 974 902 δὲ
1013 853 1106 904 καὶ
1133 853 1484 914 Οὑαλεντῖνος
1524 853 1552 902 6
1582 852 1756 919 κόμης
1800 849 1936 918 μετά

359 929 466 982 τῶν
499 931 734 984 ὁπλιτῶν
771 932 868 1002 τὴν
898 935 1194 1003 ἐκκλησίαν
1234 935 1340 986 τῶν
1383 933 1676 1006 ὀρθοδόξων
1719 931 1938 1002 ἐλεηλά-

361 1030 513 1065 τουν·
547 1014 606 1066 τὸ
633 1016 1069 1086 φρικωδέστατον
1083 1017 1184 1070 τοῦ
1211 1019 1443 1087 σταυροῦ
1478 1019 1728 1086 σημεῖον,
1763 1015 1791 1065 ὃ
1820 1016 1938 1067 ἀντὶ

361 1094 681 1150 διδασκάλου
720 1101 809 1150 ἐπ’
839 1097 1005 1168 ὤμων
1026 1101 1280 1172 φέροντες
1305 1102 1397 1152 ἐπὶ
1426 1102 1528 1169 γῆς
1569 1099 1810 1171 ἀσπόρου
1831 1099 1938 1150 ἐλι-

361 1179 618 1244 τάνευον,
665 1183 776 1244 τοῖς
815 1181 1021 1234 ἐαυτῶν
1063 1184 1190 1235 ποσὶ
1227 1184 1698 1253 συμπατήσαντες.
1739 1185 1934 1250 Διαγε-

365 1262 602 1332 νομένων
648 1264 705 1317 δὲ
749 1264 994 1335 ἡμερῶν,
1029 1265 1347 1318 ἀποστέλλει
1387 1269 1443 1318 ἐν
1476 1265 1552 1335 τῷ
1597 1265 1940 1337 στρατοπέδῳ

367 1346 694 1410 σπουδαίως,
745 1349 840 1400 καὶ
873 1349 1280 1418 παρασκευάζει
1334 1349 1467 1421 πρὸς
1516 1352 1628 1411 τοῖς
1674 1349 1938 1412 τοιούτοις

365 1428 626 1499 ἄρχουσιν
659 1430 789 1484 ἴδιόν
812 1448 932 1484 τινα
959 1433 1329 1503 ὠμογέροντα,
1355 1435 1673 1504 δύστροπον,
1711 1431 1939 1494 σκολιὸν,

365 1514 806 1585 χειροτονηθῆναι
840 1515 1231 1586 νυκτέπαρχον.
1259 1516 1346 1570 ἵνα
1371 1517 1457 1568 ἐπ’
1487 1517 1666 1578 ἀδείας
1694 1517 1829 1586 ἔχων
1848 1515 1941 1568 τοῦ

369 1600 723 1667 συκοφαντεῖν
747 1598 872 1661 τοὺς
906 1599 1244 1662 σπουδαίους,
1279 1599 1610 1671 χειρώσηται
1641 1601 1737 1671 τὴν
1766 1599 1940 1662 πόλιν,

367 1679 618 1750 Νέρωνος
645 1679 738 1732 τοῦ
775 1679 1038 1752 θεομάχου
1061 1682 1506 1754 ἀπομιμούμενος
1534 1685 1659 1744 τοὺς
1688 1683 1941 1754 τρόπους.

365 1764 446 1816 Οὐ
470 1762 579 1834 γὰρ
603 1763 752 1834 αὑτῷ
775 1764 1037 1833 πάρεστιν
1060 1765 1136 1836 τῷ
1161 1765 1304 1836 λόγῳ
1338 1767 1563 1831 πείθειν,
1585 1765 1720 1819 ἀλλά
1755 1765 1946 1836 ἀλογία

370 1848 465 1899 καὶ
512 1847 802 1919 δυσμενείᾳ
850 1847 1074 1910 θλίϐειν,
1111 1850 1212 1902 οὑκ
1259 1849 1435 1920 ἔχοντι
1493 1850 1695 1902 σκοπὸν
1750 1849 1944 1920 ἀρέσαι

369 1928 518 1999 Θεῷ,
561 1931 920 2000 πλανωμένας
951 1932 1278 2001 προσάγοντι
1311 1933 1509 2003 ψυχάς,
1527 1934 1640 1987 ἀλλ’
1670 1933 1945 2003 ἐμπλῆσαι

364 2009 574 2083 όφιώδη
597 2015 838 2081 γαστέρα
867 2014 962 2066 ἐπὶ
985 2013 1062 2083 τῷ
1094 2013 1276 2086 στήθει
1308 2015 1646 2085 βαδίζουσαν.
1683 2016 1837 2068 Εἰσὶν
1854 2011 1946 2068 οὖν

369 2095 465 2147 καὶ
513 2095 737 2158 ἄκοντες
781 2109 806 2136 α
844 2099 894 2149 οί
937 2097 1057 2150 λαοὶ
1102 2096 1180 2168 τῷ
1227 2098 1326 2168 μὲν
1372 2099 1549 2151 δοκεῖν
1591 2098 1948 2167 συναγόμενοι

371 2179 522 2248 φόϐῳ
562 2179 670 2232 τῶν
707 2180 982 2249 αἰκισμῶν
1027 2182 1084 2233 ἐν
1112 2185 1177 2251 τῇ
1212 2182 1495 2252 ἐκκλησία,
1533 2185 1596 2253 τῇ
1632 2182 1687 2234 δὲ
1722 2181 1949 2253 ἀληθείᾳ

365 2261 782 2332 δυσφημοῦντες
812 2264 993 2316 αὐτῶν
1018 2265 1116 2335 τὴν
1150 2264 1318 2335 ζωὴν,
1348 2264 1491 2329 ἐξειν
1535 2267 1634 2336 τὴν
1676 2266 1826 2334 παρά
1852 2264 1946 2318 τοῦ

371 2345 508 2398 Θεοῦ
538 2346 819 2416 ἀντίληψιν
859 2345 884 2384 δ
919 2348 1304 2418 ἀναμένοντες.
1348 2350 1491 2420 Πρὸς
1538 2348 1710 2402 ταῦτα
1761 2351 1789 2401 6
1821 2349 1949 2401 Θεό-

371 2427 544 2498 δωρος
591 2429 1027 2500 ἐκπληττόμενος
1075 2430 1226 2499 ἔλεγε
1248 2446 1260 2459 °
1294 2431 1452 2502 Παρά
1487 2431 1647 2502 φύσιν
1697 2431 1812 2502 ὁρῶ
1842 2431 1949 2483 τῶν

369 2513 545 2580 λόγων
567 2513 633 2566 τά
658 2516 978 2586 πράγματα,
1009 2516 1209 2587 Πάτερ.
1249 2516 1335 2579 Ὠς
1361 2516 1469 2589 γὰρ
1499 2517 1594 2569 ἐπὶ
1621 2516 1681 2569 τὸ
1703 2515 1948 2568 πλεῖστον

372 2600 424 2651 οἱ
456 2599 744 2665 κενόδοξοι,
775 2599 1226 2672 ἀνθρωπάρεσκοι
1256 2601 1410 2664 ὄντες
1430 2643 1444 2665 ,
1483 2601 1576 2654 καὶ
1603 2601 1833 2662 κόλακες
1860 2599 1949 2651 εὑ-

375 2681 686 2753 ρίσκονται,
736 2683 832 2736 καὶ
861 2683 1140 2754 τραπέζας
1170 2683 1482 2747 πολυτελεῖς
1521 2686 1912 2755 ἐπιτεχνῶνται
1933 2727 1948 2750 ,

374 2763 470 2816 τοῦ
499 2764 851 2834 ἀγαπηθῆναι
879 2765 1037 2836 χάριν
1073 2767 1166 2818 καὶ
1201 2768 1359 2819 καλοὶ
1397 2766 1626 2820 ἀκοῦσαι
1649 2809 1663 2834 ,
1715 2771 1810 2822 καὶ
1853 2772 1951 2840 ἐμ-

375 2849 706 2920 πτυσμάτων
729 2849 1041 2920 ἀνεχόμενοι
1076 2850 1353 2914 πολλάκις.
1388 2851 1512 2914 Πῶς
1540 2852 1716 2904 τοίνυν
1748 2856 1775 2906 6
1807 2854 1950 2925 Πορ·

375 2931 588 3000 φύριος,
616 2931 648 3002 ἢ
680 2942 703 2970 ο
733 2932 889 2996 ἄλλος
918 2950 1021 2996 τις,
1053 2934 1152 2996 τάς
1181 2933 1408 2997 ἀπειλάς
1442 2935 1652 2997 καὶτὰς
1683 2938 1952 3007 τιμωρίας

375 3019 469 3067 καὶ
517 3016 616 3079 τὰς
669 3015 884 3086 ἐξορίας
933 3016 1274 3087 ἐξήσκησαν,
1337 3019 1551 3090 ἀπορῶ.
1597 3019 1655 3072 '0
1701 3021 1948 3074 ἘΠΙΣΚ.

375 3096 545 3150 Τοῦτο
563 3098 671 3169 γάρ
695 3102 807 3151 ἐστι
837 3099 895 3150 τὸ
917 3099 1246 3169 θαυμαστὸν,
1269 3100 1530 3170 Θεόδωρε,
1552 3102 1632 3154 ὅτι
1657 3105 1736 3165 είς
1766 3103 1954 3155 τοσοῦ-

371 3195 467 3233 τον
515 3181 712 3244 κακίας
743 3180 978 3249 ήλάκασι
1023 3182 1242 3252 μέτρον,
1279 3182 1354 3245 ὡς
1386 3183 1446 3235 οὑ
1479 3184 1637 3254 μόνον
1671 3186 1744 3256 μὴ
1779 3185 1950 3238 σπεύ-

374 3264 487 3317 δειν
535 3264 789 3336 ἀρέσκειν
832 3264 1161 3335 ἀνθρώποις,
1194 3264 1328 3319 ἀλλά
1377 3268 1468 3319 καὶ
1513 3268 1614 3337 τῆς
1655 3269 1794 3340 ὑπὲρ
1843 3269 1952 3321 τῶν

379 3348 776 3418 πραττομένων
821 3348 1085 3418 αἰσχύνης
1116 3351 1238 3418 μηδ’
1258 3348 1393 3412 ὅλως
1415 3351 1721 3420 φροντίζειν
1742 3368 1754 3380 ·
1784 3355 1952 3405 κακία

377 3429 487 3501 γάρ
529 3431 726 3494 κακίας
770 3433 828 3484 ἐν
873 3430 1042 3500 κακίᾳ
1076 3431 1328 3502 προάγει.
1368 3433 1501 3485 Τότε
1544 3435 1651 3505 γὰρ
1694 3437 1726 3504 ή
1787 3438 1953 3490 κακία

379 3513 742 3583 προσάλλεται
776 3515 874 3586 τὴν
908 3515 1231 3580 κενοδοξίαν,
1261 3517 1349 3570 ὅτε
1379 3518 1587 3583 ἐλπίζει
1613 3523 1834 3591 κρατεῖν
1867 3522 1956 3574 διά

378 3598 476 3668 τῆς
501 3598 786 3661 κολακείας
819 3599 925 3652 τῶν
958 3601 1201 3671 ἀνοήτων
1221 3618 1235 3632 ·
1269 3602 1397 3654 ὅταν
1421 3603 1477 3654 δὲ
1508 3603 1772 3676 ἀνώτεροι
1803 3607 1952 3674 εὑρεο

378 3681 514 3734 θῶσι
569 3684 662 3734 καὶ
714 3683 1002 3747 κολακείας
1031 3685 1122 3736 καὶ
1158 3686 1436 3757 τραπέζης
1485 3689 1534 3740 οἱ
1575 3690 1948 3758 θηρευόμενοι,

374 3764 472 3828 τὰς
502 3767 733 3831 ἀπειλάς
756 3771 850 3820 καὶ
877 3769 976 3832 τάς
1008 3771 1278 3841 τιμωρίας
1306 3771 1590 3842 προφέρει,
1624 3773 1710 3834 ἵν’,
1741 3772 1834 3831 οὓς
1859 3774 1960 3826 οὑκ

375 3847 626 3902 ὲδελέασε
652 3851 903 3923 τραπέζῃ
929 3853 960 3922 ἢ
999 3853 1279 3924 κολακεία,
1308 3855 1632 3927 καταπτήξῃ
1666 3854 1956 3927 ἀπανθρω·

378 3931 479 4003 πίᾳ.
521 3934 616 3985 καὶ
669 3933 806 3997 δέει,
837 3935 916 3997 ὡς
969 3937 1061 3988 ἐπὶ
1113 3936 1223 3989 τῶν
1281 3937 1594 4008 μαρτύρων.
1657 3939 1803 3991 Ἑκεί
1851 3939 1959 4009 γάρ

376 4015 662 4088 ἀμφότερα
693 4017 1052 4083 ἐτεκταίνετο,
1085 4021 1177 4072 καὶ
1211 4021 1243 4089 ή
1287 4021 1375 4072 διά
1405 4021 1592 4092 δώρων
1636 4023 1730 4074 καὶ⁸
1783 4021 1961 4091 τιμῶν

375 4102 792 4172 μηχανευομένη
824 4103 1010 4170 παγίς,
1037 4103 1162 4165 τοὺς
1185 4104 1312 4172 περὶ
1335 4104 1404 4156 τά
1425 4104 1647 4176 δοξάρια
1666 4106 1960 4176 κεχηνότας

378 4183 624 4254 θηρῶσα,
678 4186 772 4238 καὶ
810 4187 842 4256 ἡ
889 4185 977 4237 διά
1021 4185 1296 4238 κολάσεων
1343 4187 1570 4258 ἀπειλὴ,
1615 4189 1827 4257 τήγανα
1869 4188 1962 4240 καὶ

378 4265 728 4338 άρθρέμὸολα
755 4269 846 4320 καὶ
884 4268 1071 4338 θηρία,
1098 4268 1191 4321 καὶ
1221 4269 1319 4320 ὅσα
1349 4271 1478 4340 περὶ
1511 4272 1746 4341 σφοδράν
1770 4271 1962 4342 ὀδύνην

378 4351 659 4420 ἐπιτήδεια
686 4352 1102 4424 εὑτρεπίζουσα,
1125 4354 1250 4416 τοὺς
1276 4354 1556 4423 ἀνδρείους
1573 4357 1664 4407 καὶ
1684 4355 1962 4423 φιλοθέους

377 4433 818 4488 ἀναδεικνύουσα.
850 4437 908 4489 '0
941 4436 1124 4506 μέντοι
1150 4437 1350 4508 κλῆρος
1379 4440 1407 4491 6
1450 4439 1766 4508 Ἀντιοχέων
1794 4440 1822 4490 6
1844 4439 1963 4490 ἐπί-

383 4533 556 4587 σημος
583 4520 984 4590 κεκρυμμένως
1020 4523 1264 4589 συνάγει,
1319 4522 1454 4593 μηδὲ
1489 4521 1805 4589 πλησιάζων
1851 4525 1962 4583 τοῖς

377 4603 579 4672 τοίχοις
608 4604 708 4672 τῆς
737 4605 1051 4674 ἐκκλησίας,
1081 4607 1174 4658 καὶ
1203 4607 1350 4658 πᾶσα
1391 4609 1422 4678 ἡ
1470 4608 1741 4677 ἐπίσημος
1775 4622 1960 4673 γυναι-

381 4689 618 4750 κωνῖτις,
650 4687 716 4739 δι’
750 4688 813 4751 ἀς
850 4689 1083 4758 μάλιστα
1103 4689 1364 4762 ἔκφρονες
1394 4692 1678 4760 γεγόνασιν
1717 4692 1766 4743 οἱ
1789 4692 1959 4760 ἀργυ-

384 4770 593 4840 ρολόγοι
631 4772 738 4824 τῶν
763 4774 1100 4844 ἡγουμένων.
1129 4775 1266 4846 Περὶ
1298 4775 1354 4828 δέ
1388 4775 1495 4828 τῶν
1527 4778 1963 4828 Κωνσταντινου-

382 4855 590 4918 πόλεως
623 4856 676 4908 τί
703 4857 783 4909 δεῖ
812 4858 907 4909 καὶ
951 4857 1152 4926 λέγειν,
1200 4859 1323 4910 ὅσον
1373 4859 1576 4930 πλῆθος
1614 4860 1825 4930 ἀπέστη
1864 4859 1961 4928 τῆς

377 4942 691 5014 ἐκκλησίας,
725 4947 956 5013 συνάγον
993 4949 1048 4998 ἐν
1079 4946 1156 5016 τῷ
1192 4947 1441 5018 ὑπαίθρῳ
1465 4987 1478 5012 ,
1521 4949 1596 5011 ώς
1629 4952 1961 5019 προειρήκα-

380 5047 501 5098 μεν,
537 5031 612 5094 ὡς
644 5032 779 5102 μηδέ
805 5034 928 5095 τους
968 5034 1306 5105 κρατοῦντας
1337 5035 1446 5088 τῶν
1489 5034 1960 5105 ἐκκλησιαστικῶν

378 5121 719 5190 πραγμάτων
746 5120 889 5190 ἔχειν
922 5122 1208 5184 τοσούτους
1234 5123 1508 5193 ἀκροατάς
1527 5124 1625 5194 τῆς
1663 5124 1850 5192 σιγῆς;
1878 5124 1962 5176 λό-

376 5223 472 5272 γος
503 5208 610 5278 γάρ
637 5207 871 5277 οὐδαμοῦ
899 5209 1028 5280 παρ’
1058 5210 1263 5272 αὑτοῖς.
1299 5211 1358 5263 '0
1393 5209 1568 5262 ΔΙΛΚ.
1631 5211 1961 5281 Ἡλευθέρω-

380 5293 477 5356 σάς
508 5312 608 5362 μου
636 5295 734 5365 τὴν
761 5295 1017 5358 διάνοιαν,
1051 5297 1253 5365 Πάτερ,
1289 5299 1353 5367 τῇ
1379 5297 1678 5367 ἀμφιϐολία
1700 5297 1957 5350 δεδουλω-

382 5379 571 5448 μένην,
605 5384 718 5444 τοῖς
749 5382 1048 5452 ὀφθαλμοῖς
1076 5401 1175 5453 μου
1218 5387 1577 5452 παραστήσας
1605 5383 1673 5435 τὰ
1702 5385 1959 5453 πράγμα-

376 5484 465 5523 τα.
513 5471 572 5523 Ἡ
602 5473 711 5545 γάρ
738 5475 1026 5544 συμφωνία
1068 5474 1176 5525 τῶν
1225 5473 1417 5540 λόγων,
1473 5477 1565 5526 καὶ
1594 5477 1626 5542 ή
1679 5474 1957 5543 ἄσκηπτος

377 5556 627 5629 διήγησις
653 5560 1066 5631 ἐπληροφόρησέ
1091 5579 1157 5631 με
1193 5562 1368 5630 ἀληθῆ
1401 5557 1537 5613 εἶναι
1568 5562 1636 5613 τὰ
1660 5563 1958 5632 γεγενημέο

379 5663 445 5698 να
470 5664 482 5676 °
529 5648 790 5702 ἀδύνατον
825 5652 933 5720 γάρ
965 5651 1132 5721 ψευδῆ
1181 5650 1336 5715 λόγον
1362 5649 1538 5719 ἐαυτῷ
1575 5651 1954 5720 συμφωνῆσαι.

443 5816 468 5887 ξ
607 5819 1950 5887 Big.c_:":_1ufn§;._(‘.m'l.Mndicogmﬁxovzsq,sicutelﬂmrg.

444 5876 471 5914 ι’
503 5880 581 5928 sic
601 5876 706 5928 θοαί.
734 5883 855 5929 Mm].
891 5884 1078 5931 Iichlmn
1105 5886 1258 5933 funral
1283 5883 1524 5941 ἀνείλη-ξλιν-

444 5941 467 5969 ε
494 5942 586 5989 Καί
763 5944 960 6006 [lib-olus
983 5953 1148 5993 autem
1172 5949 1218 6002 ἡ.

2049 511 2393 582 Ἀνεπαχθῶς
2424 510 2603 562 τοίνυν
2637 506 2895 576 διήγησαι
2935 503 3066 573 ἡμῖν
3092 500 3184 554 καὶ
3227 497 3295 551 τὰ
3329 494 3492 582 κατὲ
3513 491 3614 582 τὴν

2051 578 2403 665 Ὀλυμπιάδα,
2453 591 2568 659 εἴγε
2593 590 2674 653 τίς
2707 606 2787 640 σοι
2813 586 3031 655 γνῶσις.
3070 585 3126 636 '0
3171 581 3416 634 'EHIEK.
3448 578 3614 665 Ποίαν

2035 663 2274 750 ταύτήνς
2307 678 2495 747 ἐπειδή
2533 678 2638 729 εἱσι
2680 674 2774 727 καὶ
2803 673 3009 743 ἐτεραι.
3051 670 3110 722 '0
3137 669 3320 721 ΔΙΛΚ.
3349 666 3460 736 Τὴν
3499 663 3616 750 διά-

2035 746 2851 820 κονον-Κώνσταντινουπόλεως,
2891 755 3108 825 νύμφην
3145 752 3277 804 ποτὲ
3315 746 3616 818 γενομένην

2034 845 2321 916 Νεϐριδίου
2364 843 2457 898 τοῦ
2498 842 2604 895 ἀπὸ
2640 842 2915 909 ἐπάρχων.
2954 839 3012 890 '0
3055 836 3302 888 'EIIIEK.
3341 833 3450 916 Ιξαὶ

2036 948 2099 998 γε
2125 913 2259 982 οἶδα.
2304 930 2360 982 '0
2390 930 2571 982 ΔΙΑΚ.
2601 926 2825 996 Ποταπὴ
2878 923 3018 993 γυνὴ
3041 921 3299 991 τυγχάνει
3324 913 3494 982 οὖσα;
3549 915 3608 967 '0

2050 1014 2295 1068 ἘΠΙΣΚ.
2342 1015 2433 1084 Μὴ
2480 1013 2603 1080 λέγε
2643 1011 2808 1080 γυνὴ,
2839 1009 2952 1062 ἀλλ’
2985 1004 3094 1070 οἷος
3129 1004 3438 1075 ἄνθρωπος·
3479 999 3618 1069 ἀνὴρ

2037 1099 2145 1166 γάρ
2172 1100 2286 1149 ἐστι
2320 1096 2471 1166 παρά
2503 1095 2564 1148 τὸ
2581 1095 2676 1147 τοῦ
2710 1095 2960 1164 σώματος
2985 1091 3188 1161 σχῆμα.
3222 1089 3278 1140 '0
3305 1087 3489 1139 ΔΙΑΚ.
3531 1085 3619 1137 Ἐν

2039 1182 2180 1245 τίνι,
2225 1183 2282 1232 '0
2317 1181 2566 1232 'EIIIEK.
2594 1179 2691 1230 Ἔν
2727 1195 2786 1230 τε
2823 1177 2922 1248 βίῳ
2958 1176 3052 1228 καὶ
3087 1174 3268 1234 πόνοις
3302 1171 3395 1224 καὶ
3419 1167 3620 1248 γνώσει

2041 1265 2133 1317 καὶ
2156 1269 2219 1334 τῇ
2256 1263 2361 1316 τῶν
2396 1261 2767 1330 περιστάσεων
2790 1246 3055 1330 ὑπομονῇ.
3082 1258 3142 1308 '0
3169 1255 3351 1307 ΔΙΑΚ.
3379 1251 3504 1314 Πῶς
3527 1246 3621 1304 οὖν

2043 1349 2070 1398 6
2119 1346 2373 1415 Θεόφιλος
2429 1344 2596 1416 αὑτὴν
2636 1343 3008 1415 ὲλοιδόρησεν;
3056 1341 3112 1393 '0
3165 1335 3407 1391 ἘΠΙΣΚ.
3463 1337 3620 1398 Ποῖος

2042 1423 2223 1493 οὗτος
2288 1431 2344 1482 '0
2392 1430 2575 1482 ΔΙΑΚ.
2619 1429 2680 1480 '0
2733 1426 3128 1496 Ἀλεξανδρέων
3179 1421 3503 1494 ἡγούμενος.
3560 1418 3621 1472 '0

2058 1514 2302 1566 'EIIIXK.
2332 1513 2556 1574 Ἐοικάς
2589 1528 2700 1582 μοι,
2718 1511 2983 1582 Θεόδωρε,
3009 1509 3136 1570 τοὺς
3169 1505 3454 1566 τοσούτους
3474 1501 3625 1556 διαύ-

2044 1597 2169 1660 λους
2215 1597 2325 1649 τῶν
2371 1597 2545 1664 λόγων
2589 1595 2728 1668 λήθῃ
2776 1593 3160 1662 κεκαλυφέναι.
3207 1592 3267 1644 '0
3317 1591 3500 1642 ΔΙΑΚ.
3535 1585 3624 1640 Ἐν

2045 1681 2185 1747 τίνι;
2225 1683 2283 1734 '0
2327 1682 2572 1734 'EHIEK.
2615 1681 2672 1734 '0
2702 1681 2801 1750 τῆς
2832 1679 3090 1750 ἀληθείας
3127 1677 3201 1747 μὴ
3263 1675 3621 1744 φεισάμενος,

2046 1765 2180 1818 ἀλλά
2217 1765 2421 1836 ταύτην
2457 1766 2882 1835 καταπατήσας,
2924 1765 2999 1826 ώς
3030 1765 3076 1815 οἱ
3112 1761 3443 1832 προάγοντες
3471 1758 3620 1825 λόγοι

2047 1849 2414 1921 παρέστησαν,
2443 1852 2537 1902 καὶ
2567 1851 2594 1902 6
2617 1849 2714 1920 τήν
2750 1848 3074 1920 Ἐκκλησίαν
3112 1846 3204 1899 ὑπ’
3230 1844 3458 1915 οὐρανὸν
3484 1881 3500 1905 ,
3548 1841 3615 1894 δι’

2046 1933 2112 2002 ἥν
2130 1936 2157 1986 6
2174 1933 2503 2004 Μουογενὴς,
2536 1934 2596 1986 τὸ
2621 1932 2684 2002 δὴ
2709 1933 3017 2002 λεγόμενον,
3043 1929 3265 1999 ἐσκύλη,
3298 1929 3387 1982 ἵνα
3417 1927 3622 1995 ταύτην

2048 2017 2244 2088 ὲνώσῃ,
2295 2017 2368 2088 μή
2408 2019 2675 2088 τιμήσας,
2719 2016 2832 2069 ἀλλ’
2881 2015 3172 2086 ἐνυϐρίσας
3218 2011 3296 2083 τῷ
3348 2011 3622 2082 σχήματι,

2048 2101 2306 2169 γυναικὸς
2351 2100 2463 2170 ἔχει
2504 2099 2792 2168 φείσασθαι
2840 2100 3032 2170 χήρας,
3087 2101 3143 2151 ἐν
3186 2097 3517 2166 προσευχαῖς
3565 2093 3626 2146 τὸ

2049 2185 2146 2255 ζῇν
2174 2183 2603 2252 άναλισκούσης;
2649 2184 3166 2254 Ἐμπερινόστησον,
3189 2180 3280 2233 καὶ
3309 2179 3385 2232 ίδε
3407 2179 3460 2230 εί
3500 2177 3624 2231 τινά

2051 2285 2179 2321 ποτε
2214 2267 2320 2319 τῶν
2361 2267 2546 2319 κακῶν
2591 2265 2936 2336 ἐλοιδόρησε,
2988 2262 3320 2334 μισευλαϐὴς
3363 2261 3624 2331 ὑπάρχων

2048 2352 2156 2405 ἀεί.
2199 2351 2297 2404 Διά
2323 2351 2374 2403 τί
2406 2350 2462 2403 δὲ
2494 2352 2588 2403 καὶ
2620 2353 2684 2403 ἐκ
2717 2349 2824 2402 τῶν
2867 2348 3163 2402 ἐπιστολῶν
3197 2345 3360 2400 αὑτοῦ
3396 2345 3457 2398 οὑ
3502 2361 3624 2397 στο-

2050 2436 2211 2509 χάζῃ,
2243 2435 2359 2498 πῶς
2387 2436 2526 2487 εἰσιν
2556 2433 2796 2487 ἐναντίαι
2835 2433 3124 2503 ἀλλήλαις;
3166 2430 3481 2499 Ἐπιφάνιον
3518 2427 3626 2500 γάρ

2050 2523 2138 2573 τὸν
2162 2521 2433 2590 μακάριον
2469 2519 2560 2572 τὸν
2590 2517 2975 2580 Κωνσταντίας
3001 2517 3099 2588 τῆς
3143 2514 3372 2587 Κύπρου
3403 2514 3625 2567 ἐπίσκο-

2054 2620 2172 2668 πον,
2202 2601 2553 2674 τριακονταὲξ
2592 2601 2684 2671 ἔτη
2705 2600 2944 2671 ἄρξαντα
2977 2600 3076 2670 τῆς
3119 2598 3463 2670 Ἐκκλησίας,
3498 2596 3626 2649 δυσ-

2052 2688 2310 2754 φημήσας
2332 2726 2346 2747 ,
2402 2685 2476 2747 ώς
2525 2683 2800 2754 αἱρετικὸν
2829 2681 2861 2753 ἢ
2892 2682 3282 2752 σχισματάριον
3315 2681 3406 2732 ἐπὶ⁵
3447 2680 3629 2750 Δαμά-

2053 2785 2146 2821 σου
2181 2767 2212 2839 ή
2250 2767 2508 2838 Σηρικίου
2554 2766 2646 2818 τοῦ
2695 2766 2998 2836 μακαρίου,
3037 2765 3261 2835 ὕστερον
3297 2766 3352 2816 ἐν
3392 2765 3458 2832 τῇ
3493 2761 3628 2833 πρὸς

2052 2852 2140 2904 τὸν
2175 2852 2361 2904 πάπαν
2406 2850 2746 2902 Ἰννοκέντιον
2791 2849 3068 2918 ἐπιστολῇ,
3100 2845 3353 2918 λοιδορῶν
3387 2845 3480 2898 τὸν
3527 2862 3630 2915 μσ-

2054 2936 2244 3006 κάριον
2273 2935 2546 3004 Ἰωάννην,
2575 2933 2890 3004 εὑρίσκεται
2918 2933 3217 3002 ἁγιώτατον
3233 2930 3518 3000 ὀνομάζων
3537 2929 3628 2981 τὸν

2067 3019 2401 3087 Ἐπιφάνιον.
2435 3019 2672 3081 Ποσάκις
2695 3017 2750 3070 δὲ
2785 3017 2957 3080 θέλεις
2981 3017 3073 3069 καὶ¹
3099 3016 3166 3068 τά
3187 3015 3388 3083 γόνατα
3426 3013 3627 3082 ταύτης

2055 3103 2330 3174 ἐφίλησεν,
2357 3101 2530 3154 ἐλπίδι
2560 3103 2654 3153 τοῦ
2681 3102 2966 3172 ἀργυρίου,
2989 3100 3054 3171 ἢν
3089 3095 3182 3152 νῦν
3206 3099 3452 3168 λοιδορεῖ,
3488 3096 3630 3149 ἐκεί-

2054 3205 2151 3257 νης
2184 3186 2357 3256 χαμαὶ
2382 3185 2686 3256 πιπτούσης
2720 3187 2811 3237 ἐπὶ
2835 3183 2914 3254 τῷ
2949 3184 3256 3254 πράγματι,
3289 3182 3382 3235 καὶ
3416 3181 3626 3250 δάκρυα

2057 3269 2365 3342 ραινυύσης,
2399 3269 2698 3322 ἐπισκόπου
2731 3267 2902 3320 ταῦτα
2929 3266 3228 3328 ποιοῦντος.
3264 3263 3410 3334 Πλὴν
3439 3266 3496 3318 ἐν
3525 3264 3630 3316 τίνι

2057 3353 2388 3422 ἐλοιδόρησεν
2419 3353 2585 3422 αὑτήν
2604 3347 2706 3415 ;"0
2737 3349 2911 3403 AIAK.
2960 3352 3045 3413 Ὠς
3077 3349 3478 3419 ὑποδεξαμένην
3505 3348 3632 3412 τοὺς

2059 3438 2147 3489 ὑπ’
2171 3434 2335 3488 αὑτοῦ
2399 3433 2651 3505 ριφέντας
2682 3433 2966 3504 μοναχούς.
3011 3435 3070 3486 '0
3111 3434 3355 3486 'EHIXK.
3394 3433 3502 3485 Καὶ
3544 3432 3630 3499 ἕξ-

2056 3536 2204 3572 εστιν
2226 3517 2506 3586 ἐπισκόπῳ
2539 3517 2571 3587 ἢ
2617 3517 2825 3586 πρέπον
2855 3517 2990 3579 ὅλως
3026 3518 3235 3586 ῥίπτειν
3277 3517 3369 3568 τὸν
3402 3515 3632 3585 τυχόντα

2062 3603 2328 3673 μαθητὴν,
2357 3604 2486 3672 μήτι
2507 3617 2569 3668 γε
2595 3603 2686 3652 καὶ
2720 3599 3048 3670 μονάζοντα;
3085 3602 3145 3654 '0
3174 3601 3358 3653 ΔΙΑΚ.
3407 3600 3494 3660 Ὠς
3537 3599 3631 3652 ἐάν

2059 3685 2380 3758 παρώξυναν
2422 3685 2603 3746 αὑτὸν,
2639 3685 2671 3755 ἢ
2702 3685 2890 3747 κακῶς
2927 3680 3101 3737 εἷπον.
3139 3679 3198 3737 '0
3239 3684 3487 3736 'EIIIEK.
3523 3685 3633 3736 Καὶ

2057 3773 2154 3840 τὴν
2190 3770 2324 3823 ἰδίαν
2353 3769 2519 3839 ὀργὴν
2543 3767 2772 3836 ὠφειλεν
2805 3767 3179 3838 ἐκπληρῶσαι,
3207 3765 3506 3837 φροντίζων
3536 3766 3632 3836 τῆς

2060 3852 2430 3922 κακηγορίας;
2479 3851 2602 3912 Πῶς
2650 3850 2730 3902 ἐτι
2791 3845 2944 3914 οὗτος
3000 3850 3097 3913 τὰς
3157 3849 3397 3920 Χριστοῦ
3443 3849 3631 3921 ὕϐρεις

2060 3937 2308 4007 ζητήσει,
2340 3939 2368 3988 ὁ
2411 3929 2537 4001 περὶ
2568 3934 2666 3998 τὰς
2711 3935 2844 3997 ἰδίας
2878 3933 3269 4004 ἀσχολούμενος
3301 3935 3491 3999 δόξας;
3534 3935 3630 3988 Διά

2059 4020 2112 4072 τί
2154 4019 2210 4072 δὲ
2255 4019 2390 4082 ὅλως
2432 4019 2524 4070 τὸν
2556 4018 2776 4071 εἰπόντα
2805 4017 3123 4071 διδάσκαλον
3155 4018 3255 4070 οὐκ
3291 4019 3630 4088 ἐμιμήσατο,

2062 4103 2514 4171 Λοιδορούμενοι
2537 4103 2907 4170 εὐλογοῦμεν
2922 4119 2940 4165 ;
2972 4103 3028 4155 '0
3055 4103 3236 4157 ΔΙΛΚ.
3263 4101 3327 4154 Τί
3345 4097 3458 4160 οὖν.
3486 4103 3559 4166 ὼς
3585 4106 3632 4155 εἰ

2062 4186 2356 4257 ἑτερόδοξοι
2385 4187 2630 4256 ὑπῆρχον
2663 4189 2712 4238 οἱ
2750 4185 3105 4256 μονάζοντες;
3139 4187 3196 4239 '0
3241 4185 3485 4240 'EIIIXK.
3523 4187 3633 4239 Καὶ

2063 4272 2276 4333 πάντως
2304 4271 2413 4323 ἔδει
2445 4268 2839 4341 διορθώσασθαι
2860 4271 2954 4322 καὶ
2989 4273 3191 4331 πεῖσαι,
3222 4269 3294 4338 μὴ
3313 4269 3418 4340 γάρ
3456 4269 3630 4338 ῥῖζναι.

2074 4354 2132 4406 '0
2167 4353 2345 4406 ΔΙΛΚ.
2391 4355 2476 4417 Ὠς
2514 4355 2561 4405 εί
2603 4352 2883 4404 καὶτοῦτο
2918 4352 3207 4422 ἐποίησεν,
3248 4353 3402 4404 αὐτοὶ
3442 4351 3497 4404 δὲ
3535 4353 3632 4405 οὑκ

2063 4437 2414 4506 ἐπείσθησαν.
2449 4437 2740 4505 φιλόνεικοι
2791 4436 2973 4500 ὅντες;
3019 4437 3076 4488 '0
3123 4435 3362 4491 'EﬂlEK.
3395 4436 3468 4488 Τὸ
3496 4439 3631 4489 ἀπο-

2065 4520 2306 4574 στολικὸν
2357 4521 2465 4572 ἔδει
2500 4519 2759 4589 ποιῆσαν
2819 4521 2928 4573 Τὸν
2973 4519 3273 4586 αἱρετικὸν
3321 4517 3633 4587 ἄνθρωπον

2058 4610 2207 4673 μετὰ
2237 4605 2384 4672 μίαν
2411 4604 2505 4656 καὶ
2531 4601 2820 4670 δευτέραν
2859 4604 3185 4655 νουθεσίαν
3213 4602 3519 4669 παραιτοῦ,
3556 4605 3636 4655 εί-

2063 4687 2178 4751 δὼς
2202 4689 2290 4740 ὅτι
2311 4686 2703 4754 ἐξέστραπται
2741 4690 2772 4739 ό
2803 4685 3070 4750 τοιοῦτος
3088 4702 3100 4714 ·
3138 4687 3212 4756 μὴ
3235 4686 3340 4756 γάρ
3371 4685 3520 4757 ῥῖψαι
3541 4688 3633 4738 καὶ

2061 4771 2390 4842 λεηλατῆσαι
2425 4773 2520 4824 καὶ
2545 4771 2650 4834 ἔξω
2676 4772 2776 4840 τῆς
2805 4769 3151 4840 θρεψαμένης
3191 4769 3461 4822 ἀπελάσαι
3495 4771 3631 4839 μετά

2061 4856 2156 4922 τῆς
2183 4855 2289 4907 τῶν
2315 4854 2588 4925 ἀρχόντων
2611 4853 2856 4923 ἀπειλῆς.
2904 4854 2959 4904 '0
2993 4851 3170 4905 ΔΙΑΚ.
3197 4852 3413 4904 Τελείου
3440 4852 3632 4922 ἀνδρὸς

2064 4957 2153 5006 μοι
2173 4938 2350 5004 λέγεις
2395 4937 2568 5010 μέτρα
2597 4937 2689 4990 καὶ
2724 4936 3005 5006 θεοφιλοῦς
3049 4937 3142 4988 καὶ
3175 4935 3516 5000 ἀνεξικάκου.
3571 4939 3630 4990 '0

2074 5023 2319 5075 'EHIEK.
2349 5023 2458 5074 Καὶ
2483 5021 2587 5093 μὴν
2611 5023 2710 5074 οὑκ
2725 5021 2840 5074 ἐστι
2863 5021 3006 5091 μέγα
3029 5019 3300 5091 ἐγκώμιον
3321 5021 3409 5074 τὸν
3429 5022 3630 5090 ἥττονα

2063 5107 2346 5175 βαστάσαι.
2381 5106 2525 5177 Πλὴν
2552 5109 2598 5159 εί
2635 5106 2710 5177 μὴ
2743 5106 2857 5158 ἐστι
2886 5106 3109 5169 τέλειος,
3139 5106 3260 5158 ὅσον
3278 5101 3474 5178 ἦκενά.
3512 5106 3628 5168 πῶς

2060 5194 2153 5244 καὶ
2183 5193 2476 5255 ἐπίσκοπος
2516 5194 2544 5244 6
2577 5189 2845 5254 τοιοῦτος;
2881 5191 3076 5259 ἀτελὴς
3109 5191 3215 5260 γάρ
3253 5190 3458 5243 ἀτελῶν
3487 5191 3632 5244 οὐδέ·

2061 5293 2188 5328 ποτε
2235 5277 2543 5345 προνοήσει.
2595 5274 2715 5338 Πῶς
2751 5275 2805 5327 δέ
2849 5276 2942 5326 καὶ
2976 5274 3230 5342 Θεόφιλος
3280 5274 3513 5341 λέγεται,
3553 5277 3625 5346 μὴ

2061 5359 2230 5427 φιλῶν
2283 5360 2373 5411 τὸν
2410 5360 2564 5419 Θεὸν,
2609 5358 2676 5410 δι’
2714 5358 2773 5410 ὃν
2808 5358 3004 5426 ῶφειλε
3037 5358 3134 5420 τάς
3185 5358 3292 5411 τῶν
3326 5357 3628 5428 ἀνθρώπων

2061 5443 2245 5514 ὕϐρεις
2279 5443 2476 5514 ῥαδίως
2503 5442 2718 5512 φέρειν;
2745 5443 2808 5494 EE
2832 5443 2886 5493 δέ
2919 5443 3050 5494 Θεὸν
3077 5443 3137 5494 ού
3169 5442 3327 5510 φιλεῖ.
3364 5443 3523 5510 δῆλον
3546 5443 3630 5494 οὑν

2057 5527 2112 5578 δὲ
2149 5526 2372 5579 ἐαυτόν·
2415 5527 2443 5577 6
2469 5525 2525 5578 δὲ
2553 5525 2746 5576 ἑαυτοῦ
2787 5524 2976 5594 ἐχθρὸς
3006 5564 3019 5584 ,
3071 5526 3184 5587 πῶς
3216 5525 3398 5578 λοιπὸν
3438 5525 3630 5588 ἄλλους

2059 5611 2305 5679 φιλήσει;
2345 5609 2550 5661 Οὐκοῦν
2576 5608 2725 5660 οὐδὲν
2756 5609 2924 5672 ξένον,
2955 5611 3003 5659 εί
3036 5608 3226 5659 τούτου
3261 5610 3418 5678 χάριν
3441 5607 3628 5677 ἔψεξεν

2071 5692 2428 5760 Ὀλυμπιάδα,
2447 5691 2521 5754 ὡς
2542 5691 2662 5753 τοὺς
2679 5690 3004 5760 μονάζοντας
3020 5691 3336 5762 δεξαμένην.
3369 5692 3428 5743 '0
3444 5693 3622 5746 AIAK.

2070 5775 2424 5845 Ὠμολόγηται
2458 5776 2574 5844 μὲν,
2615 5776 2695 5827 ὅτι
2725 5775 2977 5844 Θεόφιλος
2999 5775 3212 5846 ὀργίλον
3246 5775 3466 5846 ἐποίησε
3495 5776 3629 5848 πρῶ·

2122 5945 2147 5982 ά
2175 5944 2274 5993 lum
2295 5946 2458 6007 potius
2481 5946 2603 6000 ἥκει.
