4122 6386
503 337 572 393 57
1759 349 2076 411 PALLADII
2114 357 2451 418 DIALOGUS
3562 407 3570 418 -
3675 373 3748 430 58

498 467 640 537 γμα,
682 450 847 537 ῥίψας
873 454 1096 522 αὐτοὺς,
1145 459 1198 512 εί
1218 477 1358 524 τινες
1387 461 1457 515 ἂν
1482 459 1610 527 εἷεν,
1642 466 1751 518 εἴτε
1778 466 2068 537 όρθόδοξοι,

497 535 606 586 εἴτε
637 535 988 609 αἱρετικοίοή
1019 541 1203 608 μέντοι
1227 543 1472 608 διάκονος
1487 545 1586 598 οὐκ
1617 535 1845 615 ὠφειλεν
1874 551 2073 615 αὐτοὺς

500 616 875 685 ὐποδέξασθαις
914 618 976 675 '0
1020 622 1266 680 ἘΠΙΣΚ.
1307 627 1371 679 Τί
1406 645 1488 680 σοι
1513 624 1606 682 οὖν
1635 630 1847 701 ὲφάνη;
1886 633 2068 698 καλῶς

497 702 885 772 πεποιηκέναι,
925 705 959 776 ἥ
1001 707 1216 775 κακῶς;
1253 711 1310 764 '0
1332 711 1512 766 ΔΙΑΚ.
1544 709 1711 768 Εἶπον
1741 716 1821 770 ὅτι
1867 719 2068 780 κακῶς.

508 783 568 835 '0
613 785 851 841 ἘΠΙΣΚ.
888 789 998 842 Kal
1021 789 1046 815 “
1075 792 1290 845 εὐποιία
1321 795 1564 865 κρίνεται
1602 813 1764 861 ποτε;
1809 797 1866 851 '0
1885 801 2066 852 ΔΙΑΚ.

495 867 605 953 K_al
649 871 786 953 πάνυ
823 889 909 941 γε,
945 875 1070 928 ὅταν
1177 877 1269 930 ἐπὶ
1301 877 1486 932 κακῶν
1513 881 1608 933 καὶ
1639 881 1714 953 μὴ
1746 883 2070 950 ὀφειλόντων

496 947 557 1037 εὕ
595 951 785 1006 παθεῖν
823 947 1209 1029 γινομένηίίὍ
1245 960 1494 1016 ἘΠΙΣΚ.
1528 947 1685 1026 Τίνες
1702 947 1898 1018 τοίνυν
1929 962 2070 1037 ἦσαν

495 1036 548 1086 οί
566 1039 1008 1108 πεντακισχίλιοι,
1023 1041 1114 1106 οὒς
1129 1042 1351 1115 ἔθρεψεν
1372 1047 1400 1097 6
1422 1046 1609 1119 Σωτὴρ
1631 1049 1694 1100 ἐκ
1711 1050 1871 1102 πέντε
1892 1036 2069 1120 ἄρτων

499 1121 772 1191 κριθίνων,
810 1125 963 1178 καλοὶ
993 1127 1025 1196 ἦ
1061 1128 1250 1192 κακοί;
1291 1129 1349 1181 '0
1375 1131 1558 1184 AIAK.
1584 1132 1838 1200 Δηλονότι
1880 1134 2065 1200 καλοὶ,

499 1204 575 1266 ὡς
602 1205 750 1278 παρὰ
780 1207 869 1260 τοῦ
903 1208 1153 1282 Σωτῆρος
1173 1212 1492 1282 τραφέντες.
1523 1216 1581 1268 '0
1621 1215 1858 1271 ἘΠΙΣΚ.
1895 1218 1992 1271 Διὰ
2017 1221 2070 1270 τί

497 1283 589 1339 οὖν
627 1288 885 1358 κριθίνοις
912 1292 1246 1363 ἐτράφησαν,
1271 1295 1424 1349 καλοὶ
1455 1297 1635 1363 ὕντες;
1679 1300 1737 1351 '0
1762 1301 1944 1353 ΔΙΑΚ.
1972 1302 2070 1354 Διά

497 1370 706 1440 σπάνην
727 1372 855 1436 ἴσως
884 1374 1124 1446 πυρίνων
1141 1377 1232 1430 καὶ
1254 1377 1431 1448 λιμόν.
1460 1379 1518 1432 '0
1555 1381 1802 1438 ἘΠΙΣΚ.
1834 1384 1959 1448 Πῶς
1976 1383 2068 1438 οὖν

493 1451 838 1516 ὀνειδίζονται
871 1457 963 1508 ἐπὶ
994 1457 1243 1530 ἀπιστίᾳ,
1277 1460 1352 1524 ὡς
1383 1461 1538 1516 καλοὶ
1576 1463 1608 1534 ἢ
1659 1464 1734 1528 ὡς
1763 1467 1955 1527 κακοῖς
2010 1470 2067 1522 '0

494 1534 673 1590 AIAK.
691 1538 752 1590 Εἰ
778 1538 1144 1603 ὀνειδίζονται,
1162 1543 1236 1605 ώς
1266 1545 1427 1597 κακοὶ
1462 1545 1724 1617 δηλονότι.
1750 1547 2069 1602 ’θἘΠιΣΚ.

495 1620 607 1674 Kal
655 1621 907 1677 δύνανται
947 1626 996 1676 οἱ
1035 1625 1192 1677 αὐτοὶ
1238 1626 1394 1680 καλοὶ
1430 1623 1573 1682 εἶναι
1613 1629 1709 1683 καὶ
1759 1633 1954 1697 κακοί;
2009 1633 2067 1687 '0

495 1706 679 1760 AIAK.
719 1707 830 1760 Kal
865 1707 1006 1762 πάνυ
1041 1726 1124 1777 γε.
1170 1709 1229 1762 '0
1285 1709 1526 1766 ἘΠΙΣΚ.
1572 1713 1732 1777 Πῶς;
1779 1716 1836 1768 '0
1881 1717 2063 1772 ΔΙΑΚ.

506 1789 593 1850 Ὡς
628 1790 723 1859 μὲν
748 1789 884 1860 πρὸς
911 1791 1157 1863 χείρονας
1198 1793 1372 1858 καλοὶ,
1400 1795 1476 1858 ὡς
1502 1795 1559 1848 δέ
1583 1798 1720 1869 πρὸς
1749 1799 2068 1870 κρείττονας

493 1873 672 1925 κακοί.
708 1874 766 1927 '0
795 1876 1040 1928 ἘΠΙΣΚ.
1058 1875 1387 1946 Θαυμασίως
1416 1877 1663 1949 εἴρηκας.
1686 1881 1872 1951 Τούτῳ
1890 1882 2066 1936 τοίνυν

491 1955 571 2023 τῷ
611 1956 797 2026 τρόπῳ
847 1959 941 2011 καὶ
990 1960 1038 2011 οί
1096 1959 1422 2029 μονάζοντες
1464 1963 1559 2016 καὶ
1610 1964 1766 2017 καλοὶ
1801 1961 1940 2036 ἦσαν
1972 1968 2066 2020 καὶ

491 2041 673 2092 κακοί.
706 2038 807 2092 Kal
835 2043 867 2110 ή
907 2041 1006 2111 μὲν
1035 2043 1330 2116 πιστοτάτη
1358 2043 1433 2109 ώς
1464 2046 1662 2110 καλοὺς
1705 2048 1901 2113 αὐτοὺς
1950 2050 2067 2114 ἐξέ-

491 2139 670 2176 νισεν·
700 2124 729 2175 6
784 2124 841 2177 δὲ
905 2123 1205 2195 θαυμάσιος
1259 2126 1336 2191 ώς
1387 2130 1593 2193 κακοὺς
1649 2129 1892 2202 ἔρριψεν,
1926 2132 2065 2204 ὅπερ

491 2205 594 2258 οὐκ
626 2205 753 2289 ἔδει.
793 2208 850 2259 '0
879 2209 1060 2262 ΔῘΑΚ.
1105 2208 1245 2262 Ἀλλ’
1287 2211 1404 2282 ἐρεῖ
1453 2228 1553 2270 σοι.
1611 2211 1693 2266 ὅτι
1734 2213 1857 2266 Ἐπὶ
1917 2214 2065 2289 λύπῃ

493 2287 600 2370 ἐμῇ
628 2288 790 2354 ἐδέξω
815 2291 940 2352 τοὺς
963 2289 1190 2362 ἐχθρούς
1218 2309 1341 2362 μου.
1386 2293 1443 2346 '0
1481 2293 1728 2350 ἘΠΙΣΚ.
1757 2295 1935 2361 Ὄλως
1964 2287 2065 2370 μὲν

490 2367 588 2422 οὖν
616 2371 832 2442 ἥττημα
864 2372 1010 2443 αὐτῷ
1041 2375 1186 2426 ἐστιν
1208 2414 1223 2436 ,
1262 2375 1342 2427 ὅτι
1376 2375 1470 2428 καὶ
1508 2375 1737 2448 ἐχθροὺς
1773 2367 2062 2450 ὀνομάζει,

489 2454 520 2503 ὁ
558 2451 837 2524 χρεώστης
869 2454 976 2507 τῶν
1029 2454 1239 2526 ὕϐρεων
1284 2457 1360 2520 ὡς
1415 2457 1650 2530 Χριστοῦ
1712 2465 1974 2535 μιμητής.
2007 2463 2064 2519 '0

490 2535 666 2588 ΔῙΑΚ.
705 2535 813 2589 Ποῦ
862 2537 948 2590 δαὶ
1000 2539 1348 2603 ὀνειδίζονται
1399 2541 1449 2592 οἱ
1501 2545 1928 2614 πεντακισχίλιοι
1961 2548 2065 2600 ὐπὸ

491 2619 587 2672 τοῦ
623 2620 894 2690 Σωτῆρος,
932 2621 1006 2684 ὡς
1038 2623 1294 2692 εῖρηκας;
1345 2626 1404 2676 οὐ
1441 2624 1550 2697 γὰρ
1577 2627 1960 2698 ἀναφέρονται.
2003 2631 2063 2685 '0

501 2701 746 2755 ἘΠΙΣΚ.
785 2705 974 2758 Ἡνίκα
1008 2706 1502 2777 συναθροισθέντες,
1526 2709 1854 2782 ἐκδευτὲρου
1888 2731 2062 2784 προσ-

488 2782 648 2856 ῆλθον
675 2786 752 2854 τῷ
793 2787 984 2856 Ἰησοῦ,
1009 2788 1339 2854 ἀκούσαντες
1360 2808 1372 2820 ·
1406 2791 1643 2859 Ζητεῗτέ
1669 2811 1774 2862 με,
1834 2782 1948 2864 οὐχ
1974 2796 2062 2850 ὅτι

491 2867 680 2921 εἴδετε
713 2869 929 2938 σημεῖα
976 2872 1074 2924 καὶ
1125 2872 1358 2940 τέρατα,
1405 2875 1658 2929 ἀλλ’ὅτι
1703 2877 1953 2947 ἐφάγετε
1991 2879 2060 2933 ἐκ

491 2949 611 3004 τῶν
652 2951 863 3018 ἄρτων.
921 2954 1018 3007 καὶ
1083 2955 1504 3024 ἐχορτάσθητε.
1567 2958 1625 3012 '0
1669 2959 1945 3031 Θεόδωρος
1988 2958 2063 3014 εἷ-

491 3052 626 3088 πεν’
669 3037 989 3105 Σαφέστατα
1036 3037 1166 3108 ἔχει.
1213 3041 1270 3092 '0
1309 3041 1554 3094 ἘΠΙΣΚ.
1613 3043 1672 3094 '0
1719 3041 1777 3095 δέ
1825 3042 2059 3112 ψεκτὸς,

485 3117 628 3170 κατὰ
643 3119 799 3172 τοῦτο
814 3121 906 3172 καὶ
926 3121 1112 3184 κακός.
1141 3124 1198 3175 '0
1212 3125 1391 3176 ΔΙΑΚ.
1406 3123 1702 3192 Μενοῦνγε.
1730 3127 1787 3178 '0
1813 3114 2059 3185 ἘΠΙΣΚ.

490 3201 708 3264 Κακοὺς
742 3197 834 3254 οὖν
868 3202 1114 3274 ἔθρεψεν,
1155 3206 1188 3275 ἢ
1217 3205 1415 3268 καλοὺς
1440 3209 1468 3259 6
1499 3208 1726 3278 Σωτήρ;
1769 3209 1826 3262 '0
1874 3211 2056 3264 AIAK.

500 3282 861 3355 Ὠμολόγηται
919 3287 1000 3339 ὅτι
1036 3287 1256 3351 κακούς·
1284 3291 1366 3341 Οὐ
1405 3288 1513 3358 γὰρ
1570 3292 1780 3359 χρείαν
1805 3292 2060 3360 ἔχουσιν

488 3372 543 3420 οἱ
583 3370 954 3437 ὑγιαίνοντες
999 3372 1235 3440 ἰατροῦ,
1289 3372 1425 3426 ἀλλ’
1459 3376 1513 3426 οὶ
1554 3374 1750 3441 κακῶς
1792 3375 2054 3444 ἔχοντες.

497 3451 557 3503 Ὁ
599 3453 844 3507 ἘΠΙΣΚ.
897 3453 962 3504 Τί
1011 3449 1136 3520 οὕνς
1188 3456 1354 3508 κακὸν
1398 3457 1695 3528 πεποίηκεν
1738 3459 2056 3529 Ὀλυμπιάς,

485 3534 578 3587 τὸν
613 3535 810 3604 ἑαυτῆς
841 3535 1042 3606 Κύριον
1077 3538 1455 3609 μιμησαμένη,
1482 3538 1588 3592 τὸν
1628 3540 1930 3608 ,ϐρέχοντα
1958 3547 2059 3598 καί

486 3619 896 3673 ἀνατέλλοντα
947 3621 1054 3674 τὸν
1107 3621 1324 3675 ἑαυτοῦ
1395 3622 1572 3690 ἣλιον
1627 3624 1725 3676 ἐπὶ
1786 3625 2058 3692 δικαίους

486 3703 585 3756 καί
617 3701 899 3766 ἀδίκους;
926 3702 1024 3756 κᾶν
1057 3705 1105 3757 οἱ
1138 3706 1422 3775 Φαρισαῖοι
1465 3707 1764 3772 ὀνειδίζωσι
1789 3711 1916 3774 τοὺς
1951 3729 2056 3781 μαι

484 3784 674 3854 θιητάς,
702 3784 970 3851 λέγοντες·
1023 3785 1078 3838 '0
1111 3785 1482 3855 διδάσκαλος
1512 3790 1681 3860 ὑμῶν
1701 3792 1853 3860 μετὰ
1877 3797 2056 3846 τελω-

483 3865 607 3920 νῶν
635 3867 733 3920 καὶ
776 3868 1138 3937 ἁμαρτωλῶν
1171 3872 1359 3926 ἐσθίει
1405 3873 1504 3925 καὶ
1536 3875 1716 3929 πίνει.
1774 3876 1832 3929 '0
1870 3877 2053 3931 ΔΙΑΚ.

500 3949 589 4012 Ὠς
618 3949 783 4012 ἔοικε,
819 3950 971 4022 παρὰ
1011 3951 1109 4022 τὴν
1169 3952 1382 4008 σύνεσιν
1409 3953 1518 4008 τῶν
1567 3957 1779 4011 πολλῶν
1835 3959 2058 4012 κακολο-

487 4037 662 4101 γεῖται
697 4035 795 4104 μὲν
846 4035 916 4088 τὰ
981 4035 1174 4106 σεμνὰ,
1235 4036 1466 4104 φιλεῖται
1512 4037 1568 4091 δὲ
1612 4040 1680 4093 τά
1729 4043 1948 4112 αἰσχρά.
1997 4043 2055 4096 '0

497 4116 744 4174 ἘΠΙΣΚ.
785 4119 930 4190 Πρὸς
955 4119 1008 4172 τί
1044 4136 1125 4172 σοι
1151 4111 1305 4182 οὕτος
1337 4123 1366 4173 6
1400 4120 1575 4189 λόγος,
1631 4111 2052 4194 φιλαληθέστατε

483 4202 759 4274 Θεόδωρε;
795 4204 855 4257 '0
888 4205 1068 4258 ΔΙΑΚ.
1121 4204 1242 4257 Ὅτι
1271 4205 1320 4257 εί
1355 4205 1430 4276 μὴ
1479 4207 1544 4260 σὺ
1591 4206 1914 4276 ἐγύμνωσάς
1964 4227 2054 4280 μοι

482 4285 573 4339 τὸν
598 4285 775 4354 λόγον,
807 4287 1226 4355 συλλογιστικῶς
1263 4284 1588 4358 σαφηνίσας,
1627 4291 1708 4352 είς
1763 4291 1861 4358 τὴν
1901 4293 2054 4345 ἀναί-

483 4367 677 4438 σθητον
703 4370 1092 4440 συναπηγόμην
1114 4369 1292 4434 δόξαν,
1332 4371 1394 4423 οὐ
1437 4370 1516 4440 τῷ
1548 4373 1732 4442 σκοπῷ
1773 4374 1873 4443 τῆς
1907 4375 2055 4427 ἐλευ-

483 4449 669 4520 θερίας
696 4451 724 4492 ι)
754 4453 1055 4522 προσέχων,
1089 4452 1224 4506 ἀλλὰ
1265 4457 1376 4517 τοῖς
1407 4455 1663 4523 Θεοφίλου
1695 4455 1960 4528 θρύλλοις.
1995 4457 2055 4509 '0

483 4533 729 4587 ἘΠΙΣΚ.
781 4535 990 4587 Οὐκοῦν
1043 4536 1105 4588 τὸ
1159 4537 1397 4590 ἐναντίον
1449 4537 1542 4590 ἐὰν
1580 4539 1970 4610 ὰποδειχθῶσιν
2006 4541 2054 4592 οἰ

480 4617 628 4685 ἅγιοι
651 4620 846 4671 ἐκεῖνοι
871 4619 1057 4691 ἄνδρες
1077 4622 1136 4673 οὐ
1167 4622 1325 4691 μόνον
1355 4623 1416 4674 οὐ
1444 4623 1623 4687 κακοὶ,
1646 4623 1781 4678 ἀλλὰ
1805 4626 1898 4678 καὶ
1927 4625 2055 4678 πολ-

481 4701 606 4762 λοὺς
642 4701 750 4754 ἀπὸ
779 4700 975 4766 κακίας
1000 4704 1135 4774 πρὸς
1165 4703 1364 4775 ἀρετὴν
1405 4706 1866 4775 ἐπαναγαγόντες,
1896 4708 2052 4780 δῆλος

480 4784 632 4838 ἔσται
673 4786 703 4838 ὁ
734 4785 940 4840 τούτων
989 4787 1223 4859 διώκτης
1256 4789 1404 4856 ἄξιος
1451 4791 1510 4844 οὐ
1562 4791 1877 4864 διωχθῆναι,
1935 4795 2048 4848 ἀλλ’

479 4867 787 4939 ἐλεηθῆναι,
839 4869 915 4934 ὡς
963 4873 1091 4933 τοὺς
1127 4872 1224 4942 μὲν
1254 4871 1451 4936 καλοὺς
1491 4875 1578 4927 ἀεὶ
1633 4876 2046 4947 λυμαινόμενος,

476 4952 605 5015 τοὺς
634 4951 692 5004 δὲ
718 4955 924 5016 κακοὺς
944 4954 1362 5025 ἀποδεχόμενος.
1397 4954 1457 5008 '0
1483 4957 1667 5012 ΔΙΑΚ.
1699 4959 1888 5024 Οὕτως
1917 4961 2051 5032 ἔχει,

476 5034 553 5099 ὡς
587 5037 833 5107 εἴρηκας.
867 5036 986 5090 Κᾶν
1033 5037 1142 5109 γὰρ
1189 5038 1264 5109 μὴ
1296 5038 1686 5110 άποδειχθῶσιν
1722 5043 1920 5097 ἐκεῖνοι
1966 5063 2052 5098 σο-

478 5116 568 5184 φοί
599 5135 657 5170 τε
687 5121 781 5173 καὶ
808 5119 976 5188 ἆγιοι,
999 5119 1074 5182 ὥς
1095 5139 1258 5190 φασιν
1289 5123 1339 5174 οἰ
1367 5122 1570 5188 πολλοὶ,
1602 5125 1756 5188 ἐκτὸς
1793 5126 2054 5197 μέμψεως

477 5200 630 5254 ἔσται
656 5203 689 5268 ή
720 5203 1022 5274 Ὀλυμπιὰς
1040 5206 1104 5256 ἐκ
1127 5204 1235 5258 τῶν
1261 5204 1636 5275 προλαϐόντων
1658 5208 2050 5280 συλλογισμῶν,

475 5283 539 5335 τὸ
567 5283 658 5336 τοῦ
684 5285 933 5356 Σωτῆρος
966 5287 1190 5358 μίμημα
1249 5287 1653 5361 ἐπιδειξαμένη.
1704 5292 1762 5344 '0
1801 5293 2048 5348 ἘΠΙΣΚ.

475 5367 590 5421 Kal
621 5367 777 5421 ποίαν
816 5369 984 5438 μείζω
1009 5373 1142 5443 ὁρᾷς
1170 5373 1476 5443 μαρτυρίαν
1502 5374 1612 5427 τῶν
1646 5375 1922 5446 πράξεων,
1953 5379 2052 5444 τὴν

473 5451 570 5504 τοῦ
595 5452 944 5522 Εὐάγγελίου,
980 5456 1132 5527 ῆτὴν
1163 5457 1451 5527 Θεοφίλου;
1504 5459 1561 5512 '0
1587 5459 1768 5513 ΔΙΑΚ.
1817 5461 2048 5531 Ἄπαγε,

474 5535 799 5606 παρακαλῶ·
825 5537 1168 5608 ὡμολόγηται
1215 5540 1323 5612 γὰρ
1373 5541 1522 5612 παρὰ
1581 5543 1712 5596 πᾶσι
1767 5545 2053 5611 κάκείνους

473 5617 637 5670 αὐτὸν
667 5619 774 5671 ἀπό
811 5637 955 5683 τινος
979 5622 1150 5692 ὀργῆς
1178 5625 1272 5678 καὶ
1302 5625 1594 5696 φιλαρχίας
1647 5628 1922 5698 ἐρρῖφθαι,
1957 5635 2050 5685 καὶ

474 5700 678 5770 ταύτην
703 5702 809 5755 ἀπὸ
833 5702 1256 5775 δεισιδαιμονίας
1299 5710 1390 5762 καὶ
1424 5709 1622 5782 ἔχθρας
1678 5711 2049 5785 λελοιδορηκέ-

541 5837 564 5862 ﬂ
599 5837 725 5883 Mdv
751 5842 1027 5888 articulum.

541 5895 568 5938 δ
589 5897 770 5950 Salvin.
800 5903 992 5965 conjicit
1013 5903 1242 5962 ἀληθείας.

2177 491 2285 538 ναι,
2307 479 2783 550 προφασισαμένου
2811 483 3024 538 ἐκείνου
3039 483 3164 547 τοὺς
3195 483 3540 554 μονάζοντας.
3565 485 3747 540 Ἀστο-

2175 559 2240 627 χή
2249 575 2347 622 σας
2373 559 2480 632 γάρ
2500 563 2592 614 ἐπὶ
2607 566 2726 628 ταῖς
2744 565 3128 638 δουλοπρεπέσι
3151 568 3458 630 κολακείαις
3473 569 3552 640 τῷ
3579 569 3748 641 μηδὲν

2175 644 2302 712 παρ’
2332 645 2500 716 αὐτῆς
2526 647 2822 718 εἰληφέναι,
2854 650 2990 721 πλὴν
3019 650 3319 722 βρωμάτων
3347 651 3380 722 ἢ
3425 650 3632 716 ξενίων,
3665 654 3746 715 είς

2174 725 2440 798 λοιδορίαν
2463 732 2692 802 ἐτράπη·
2715 733 2871 787 τοῦτο
2887 736 2990 806 γὰρ
3004 736 3165 788 αὐτοῦ
3179 737 3237 788 τὸ
3259 735 3376 798 ἔθος
3399 739 3491 790 ἐπὶ
3502 736 3742 793 πάντων,

2245 809 2394 867 ΚΕΦ.
2441 812 2541 866 IZ'.
2573 844 2644 854 -—
2667 817 2726 868 '0
2764 817 3005 871 ἘΠΙΣΚ.
3030 815 3228 870 Ἀκουε
3257 819 3459 881 τοίνυν,
3481 819 3746 873 διακόνων

2173 893 2378 963 ἄριστε.
2425 896 2566 968 Ὀρῶ
2614 898 2722 969 γάρ
2765 917 2823 952 σε
2877 901 3146 972 χρήσιμον
3193 901 3271 972 τῷ
3311 904 3492 972 κοινῷ
3529 904 3590 956 τὸ
3635 903 3742 973 γὰρ

2174 977 2458 1032 σπουδαῖόν
2487 996 2578 1034 σου
2607 982 2665 1032 ἐν
2713 981 2791 1051 τῷ
2840 983 2945 1052 νέῳ
2994 983 3254 1052 ἐχέγγυον
3301 984 3392 1037 τοῦ
3442 983 3654 1055 ἔντιμον
3683 986 3743 1038 ἐν

2170 1058 2318 1129 γήρᾳ.
2339 1059 2577 1115 ἔσεσθαι.
2601 1063 2664 1115 υἱ
2687 1064 2878 1133 ἄνδρες
2899 1059 3042 1118 οὗτοι
3067 1066 3124 1132 ἐξ
3148 1066 3370 1120 ἁπαλῶν
3400 1067 3628 1137 ὀνύχων,
3646 1068 3741 1120 καὶ

2169 1140 2512 1209 Χριστιανῶν
2585 1145 2810 1212 γονέων,
2873 1145 2993 1216 Θεῷ
3049 1148 3430 1217 ὑποταγέντες,
3494 1136 3595 1203 οὐκ
3650 1151 3745 1220 ὴν-
3791 1136 3814 1191 ’‹

2171 1220 2409 1292 έσχοντο,
2442 1226 2562 1278 οὐδὲ
2601 1227 2793 1299 κομιδῇ
2829 1229 3040 1300 νέοι,τῇ
3076 1231 3391 1303 ματαιότητι
3422 1232 3700 1286 δουλεῦσαι
3721 1273 3736 1296 ,

2169 1305 2290 1358 οὐδέ
2315 1310 2426 1371 τοῖς
2449 1309 2625 1378 ὄχλοις
2659 1313 3186 1384 συναναστραφῆναι,
3227 1315 3363 1370 ἀλλὰ
3407 1316 3740 1372 καταλαϐόν-

2167 1405 2258 1451 τες
2295 1390 2394 1461 τήν
2422 1393 2487 1444 ἐκ
2533 1393 2876 1464 μεσημϐρίας
2914 1396 3168 1467 ἀοίκητον
3203 1399 3392 1470 πόρρω
3421 1416 3523 1453 που
3553 1398 3739 1470 κειμιε⁴

2167 1489 2265 1543 νην
2321 1477 2420 1546 τῆς
2461 1477 2804 1548 οἰκουμένης,
2857 1482 3252 1550 συνεστήσαντο
3307 1483 3567 1547 καλύϐας,
3613 1485 3738 1538 ὅσον

2166 1555 2446 1626 διαφυγεῖν
2474 1558 2570 1630 τὴν
2593 1559 2887 1631 ἐπάχθειαν
2916 1563 3016 1633 τῆς
3051 1563 3279 1635 ἡλιακῆς
3307 1565 3606 1635 λαμπάδος,
3635 1567 3730 1618 καὶ

2166 1638 2265 1709 τὴν
2301 1640 2491 1712 δρόσον
2532 1643 2630 1714 τὴν
2684 1646 2750 1697 ἐκ
2785 1646 2877 1699 τοῦ
2929 1648 3108 1718 ἀέρος.
3145 1649 3233 1701 Ἐν
3273 1643 3362 1712 αἶς
3421 1649 3734 1718 διάγοντες,

2167 1722 2353 1792 εὐχαῖς
2381 1724 2474 1777 καὶ
2516 1725 2904 1798 άναγνώσμασι
2953 1731 3044 1784 τὸν
3092 1730 3298 1784 ἐαυτῶν
3348 1732 3736 1804 κατηνάλωσαν

2167 1805 2355 1875 χρόνον
2387 1805 2436 1872 ἀ,
2486 1809 2736 1864 τοσοῦτον
2762 1812 3030 1878 θλιϐέντες
3059 1817 3181 1878 τοὺς
3214 1817 3457 1888 καρποὺς
3489 1817 3595 1869 τῶν
3623 1833 3736 1886 χει-

2171 1890 2276 1958 ρῶν
2303 1893 2360 1944 ἐν
2414 1891 2596 1964 ἔργοις
2656 1902 3005 1967 σωματικοῖς,
3037 1899 3158 1952 ὅσον
3207 1902 3286 1964 εἰς
3313 1901 3519 1971 τροφὴν
3544 1900 3733 1971 εὐτελῆ

2167 1973 2502 2043 ἐπαρκέσαι,
2577 1977 2799 2048 ἄμεινον
2869 1981 3209 2051 ἡγησάμενοι
3275 1982 3734 2051 συναγελάζεσθαι

2164 2055 2388 2126 δορκάσι
2417 2061 2510 2112 καί
2540 2063 2818 2132 προυθοίς
2845 2065 2877 2135 ἦ
2912 2064 3211 2134 βουϐάλοις,
3243 2066 3276 2137 ἢ
3318 2067 3734 2137 συνευωχεῖσθαι

2165 2145 2277 2205 τοῖς
2305 2143 2436 2196 Θεὸν
2475 2145 2757 2212 ἀγνοοῦσιν
2790 2147 3112 2219 ἀνθρώποις.
3172 2150 3387 2204 Τούτων
3437 2153 3466 2204 6
3519 2151 3616 2221 μὲν
3641 2168 3734 2219 γε·

2168 2226 2453 2296 ραιότατος
2508 2229 2652 2298 ἀμφὶ
2703 2231 2771 2284 τά
2821 2235 3174 2304 ἐννενήκοντα
3228 2235 3585 2306 παριππάσας
3615 2235 3728 2306 ἔτη.

2167 2311 2574 2382 συνανεστράφη
2607 2313 2686 2382 τῷ
2709 2317 2966 2388 μακαρίῳ
3004 2319 3291 2391 Ἀντωνίῳ,
3329 2320 3503 2390 Ἱέραξ
3533 2319 3731 2373 καλού-

2167 2411 2346 2463 μενος,
2384 2396 2447 2447 τὸ
2481 2395 2667 2468 κύριον
2701 2399 2870 2469 ὄνομα
2897 2403 3062 2455 εἰσέτι
3093 2403 3188 2456 καὶ
3216 2403 3461 2475 ἐνισχών·
3497 2405 3524 2456 ὁ
3547 2405 3592 2456 δ’
3623 2405 3735 2456 ἐτε-

2167 2493 2258 2546 ρος
2297 2477 2620 2548 Ἀμμώνιος,
2653 2483 2750 2535 σὺν
2771 2481 2922 2536 δυσὶν
2953 2484 3199 2554 ἀδελφοῖς
3227 2488 3495 2557 άσκηταῖς
3527 2487 3620 2540 καὶ
3651 2486 3732 2539 ἐνὶ

2163 2561 2464 2630 ἐπισκόπῳ,
2500 2563 2549 2615 οἳ
2596 2563 2690 2615 καὶ
2728 2564 3211 2636 κλοιοφορήσαντες
3261 2569 3353 2622 ἐπὶ
3411 2569 3726 2634 Οὐάλεντος,

2163 2642 2553 2715 ἐξωρίσθησαν,
2581 2646 2657 2710 ὡς
2685 2649 2832 2702 πᾶσα
2861 2650 3211 2719 ἐπιγινώσκει
3253 2655 3286 2722 ή
3335 2653 3726 2723 Ἀλεξάνδρεια,

2163 2723 2568 2797 ἑξηκοντούτης
2595 2731 2822 2784 τοιοῦτοι
2876 2731 3026 2796 ὄντες
3071 2737 3128 2788 ἐν
3162 2735 3380 2802 γνώσει,
3433 2737 3507 2798 ὼς
3558 2736 3728 2806 μηδὲν

2162 2810 2358 2874 αὐτοὺς
2403 2811 2713 2881 διαφεύγειν
2754 2815 2860 2868 τῶν
2911 2817 2969 2868 ἐν
2998 2821 3117 2880 ταῖς
3169 2819 3407 2889 Γραφαῖς
3448 2823 3556 2884 τοῖς
3598 2820 3728 2873 πολ-

2161 2892 2274 2957 λοῖς
2302 2895 2714 2966 ἀπορουμένων.
2737 2891 2836 2952 1Ὠν
2875 2902 2925 2953 οἱ
2968 2902 3064 2970 μὲν
3093 2901 3186 2956 δύο
3210 2902 3596 2975 ἐκοιμήθησαν,
3636 2921 3728 2956 τε·

2160 2976 2521 3047 λευτήσαντες
2552 2981 2609 3031 ἐν
2639 2981 3228 3038 Κωνσταντινουπόλει·
3273 2986 3576 3056 Ἀμμώνιος
3605 2987 3724 3058 μὲν,

2159 3061 2236 3125 ὡς
2281 3064 2328 3114 οἰ
2382 3064 2510 3130 περὶ
2561 3063 2827 3134 Αὐρήλιον
2887 3066 2981 3118 καὶ
3049 3068 3308 3122 Σισίννιον
3361 3069 3719 3141 διηγήσαντο,

2160 3144 2544 3214 προφητεύσας
2573 3147 2700 3215 περὶ
2727 3147 2824 3218 τὴν
2853 3147 3028 3213 ἔξοδον
3054 3189 3068 3212 ,
3117 3150 3191 3214 ώς
3221 3151 3451 3220 μεγάλου
3482 3152 3728 3222 διωγμοῦ

2159 3227 2545 3298 ἐπιγενομένου
2622 3229 2716 3282 καὶ
2793 3230 3088 3300 σχίσματος
3157 3237 3279 3298 ταῖς
3342 3236 3720 3306 Ἐκκλησίαις,

2158 3310 2436 3379 αἴσχιστον
2459 3311 2610 3374 τέλος
2638 3313 2961 3380 ἀπενεγκεῖν
2992 3317 3117 3378 τοὺς
3169 3317 3394 3382 αἰτίους,
3426 3319 3519 3371 καὶ
3555 3318 3726 3382 οὕτως

2159 3392 2422 3462 ἐνωθῆναι
2447 3395 2545 3456 τὰς
2589 3394 2930 3465 Ἐκκλησίας’
2959 3396 2987 3449 ὃ
3013 3397 3076 3468 δὴ
3117 3399 3212 3452 καὶ
3243 3401 3306 3452 ἐκ
3335 3401 3530 3472 μέρους
3563 3403 3724 3469 γεγέ-

2157 3493 2337 3545 νηται,
2389 3477 2481 3530 καὶ
2525 3478 2832 3548 γενήσεται.
2880 3478 3156 3534 Ἐντεῦθεν
3202 3481 3308 3553 γάρ
3338 3500 3498 3536 τινων
3527 3483 3594 3536 τὰ
3623 3484 3729 3537 σώ-

2160 3575 2324 3628 ματα,
2355 3560 2666 3613 ἐπισκόπων
2718 3578 2776 3615 τε
2806 3563 2897 3614 καὶ
2945 3562 3145 3616 λαῖκῶν
3164 3603 3178 3628 ,
3219 3567 3252 3635 ή
3295 3565 3446 3630 νόσος
3487 3565 3513 3606 ά
3546 3584 3725 3636 παρα-

2156 3641 2416 3707 λαϐοῦσα,
2454 3645 2719 3708 ποικίλοις
2758 3646 2986 3700 πάθεσιν
3033 3647 3336 3719 ἐμερίζετο,
3377 3650 3596 3720 πυρετῷ
3627 3650 3728 3721 μὲν

2160 3725 2388 3796 μαλακῷ
2423 3726 2493 3778 τὰ
2532 3727 2814 3798 σπλάγχνα
2840 3729 3188 3794 διακαίουσα,
3237 3732 3463 3802 κνησμῷ
3514 3733 3560 3784 δ’
3593 3735 3726 3802 ἀφο-

2158 3810 2306 3879 ρήτῳ
2333 3810 2431 3879 τὴν
2466 3810 2785 3879 ἐπιφάνειαν
2813 3812 2939 3883 ὃλην
2975 3816 3086 3877 τοῖς
3135 3814 3312 3880 ὄνυξιν
3345 3815 3721 3888 ἐξορύττουσα,

2156 3891 2331 3944 κώλου
2365 3909 2426 3944 τε
2462 3897 2702 3963 συνεχεῖς
2754 3894 3064 3966 ἀλγηδόνες.
3108 3897 3265 3961 Τινὸς
3313 3899 3442 3970 περί
3493 3917 3554 3952 τε
3599 3902 3725 3964 τοὺς

2157 3974 2324 4038 πόδας
2350 3974 2725 4046 ὑδρωπιῶντος
2747 3977 3012 4050 οἰδήματα
3051 3979 3289 4034 πελιδνά’
3311 3983 3496 4052 ἐτέρου
3519 3982 3577 4035 δὲ
3610 3983 3728 4053 ῥεύ-

2159 4075 2304 4129 ματα
2334 4058 2557 4128 περὶτὰ
2595 4059 2831 4132 τέσσαρα
2883 4061 3058 4133 ἄρθρα
3102 4063 3300 4134 θερμὸν
3349 4065 3553 4137 ψυχρὸν
3597 4070 3726 4131 τοὺς

2155 4141 2339 4204 κακῶς
2399 4143 2817 4213 ὑπογράψαντας
2865 4145 3158 4210 δακτύλους
3213 4147 3456 4219 ἔφρισσε,
3521 4149 3614 4203 τοῦ
3664 4167 3725 4203 τε

2155 4224 2319 4293 ἤτρου
2347 4223 2641 4296 φλεγμονὴ,
2689 4227 2781 4279 καὶ
2820 4227 2907 4282 διὰ
2936 4231 3124 4300 μορίου
3156 4231 3298 4295 τινὸς
3319 4231 3565 4304 σηπεδὼν
3596 4233 3724 4286 δυσ-

2153 4305 2317 4358 ωδίαν
2378 4307 2458 4369 εἰς
2488 4307 2698 4378 μακρὸν
2745 4311 3164 4379 παρατείνουσα,
3211 4313 3497 4386 σκώληκας
3527 4327 3550 4354 ο
3593 4331 3723 4383 γεν-

2155 4386 2324 4441 νῶσα.
2370 4388 2694 4459 Ὀρθόπνοιά
2744 4408 2804 4444 τε
2854 4393 2990 4463 πρὸς
3032 4394 3243 4458 τούτοις
3295 4398 3388 4450 καὶ
3439 4396 3721 4461 δύσπνοια,

2155 4469 2251 4523 καὶ¹
2305 4472 2521 4525 πάντων
2581 4472 2688 4526 τῶν
2749 4474 2924 4546 μελῶν
2983 4478 3274 4542 διατάσειςο
3334 4480 3620 4550 φαντασίαι
3661 4498 3723 4535 τε

2154 4556 2465 4626 νυκτεριναὶ
2489 4559 2568 4619 εἰς
2601 4558 2768 4621 κύνας
2815 4560 3124 4626 λυττῶντας
3157 4564 3249 4617 καὶ
3303 4563 3547 4637 ξιφήρεις
3593 4565 3726 4637 βαρ-

2155 4637 2374 4709 ϐάρους,
2414 4637 2805 4707 ἁλλόγλωσσον,
2846 4646 3138 4717 κυματώδη
3179 4646 3198 4685 ἲ
3233 4647 3416 4718 φωνὴν
3465 4647 3722 4719 ὲξηχοῦν-

2155 4737 2264 4782 τες,
2302 4723 2851 4793 μετεσχηματίζοντο,
2884 4725 3089 4781 ἄϋπνον
3116 4729 3207 4781 τὸν
3236 4729 3400 4784 ὕπνον
3429 4731 3723 4785 ἀποτελοῦ-

2157 4821 2264 4858 σιν.
2300 4805 2524 4876 Ἒτερος
2570 4807 2626 4860 δὲ
2672 4807 2732 4873 ἐξ
2781 4809 2948 4862 ἵππου
2985 4810 3188 4878 πεσὼν,
3237 4813 3331 4866 καὶ
3367 4814 3629 4886 καυληδὺν
3662 4819 3724 4870 τὸ

2152 4888 2324 4972 δεξιὸν
2348 4889 2617 4956 κατεάξας
2671 4893 2878 4959 σκέλος,
2919 4898 3230 4966 παραυτίκα
3261 4899 3321 4952 τὸ
3354 4898 3452 4970 ζῇν
3479 4902 3724 4972 άπέρρηο

2159 4971 2266 5056 ξεν·
2298 4971 2455 5035 ἄλλος
2504 4975 2882 5042 ἀποκλεισθεὶς
2935 4979 3033 5050 τὴν
3091 4983 3293 5052 φωνὴν,
3346 4971 3725 5056 ὀκταμηνιαίῳ

2154 5055 2331 5126 χρόνῳ
2367 5057 2460 5109 ἐπὶ
2509 5057 2694 5128 κλίνης
2744 5061 3108 5132 ἐταριχεύετο,
3143 5065 3279 5135 μηδὲ
3332 5066 3410 5135 τῷ
3456 5067 3570 5136 ἰδίῳ
3600 5055 3722 5121 616-

2156 5156 2284 5223 ματι
2337 5139 2438 5204 τὰς
2493 5144 2682 5214 χεῖρας
2730 5147 3027 5216 προσάγειν
3081 5147 3454 5219 δεδυνημένος.
3493 5152 3721 5223 ’Έτερος

2153 5221 2262 5286 ζῶν
2293 5223 2360 5278 τὰ
2391 5225 2557 5297 σκέλη
2610 5227 2716 5292 ἕως
2775 5230 3018 5298 γονάτων
3083 5234 3201 5286 κατ’
3239 5234 3418 5303 ὀλίγον
3472 5221 3724 5306 ἐπρίζετο

2153 5306 2245 5390 ἐπὶ
2276 5308 2538 5377 τριετίαν,
2588 5311 2910 5380 ὲρυσιπέλου
2950 5314 3109 5385 δῆθεν
3150 5317 3249 5380 τὰς
3307 5319 3564 5390 ἀφορμὰς
3596 5336 3721 5388 γεν-

2152 5389 2368 5455 νῶντοςο
2415 5391 2572 5454 ἄλλος
2597 5393 2695 5464 τὴν
2732 5395 2982 5462 γλῶσσαν
3012 5398 3249 5465 οἰδήσας,
3287 5399 3362 5463 ῶς
3407 5389 3558 5471 φασι,
3587 5403 3724 5474 μετὰ

2152 5471 2351 5545 λάϐρου
2381 5475 2638 5547 πυρετοῦ,
2679 5477 2754 5540 ὡς
2779 5477 3098 5550 διάφραγμα
3132 5483 3344 5537 κεῖσθαι
3375 5485 3450 5556 τῷ
3493 5471 3720 5559 στόματι

2212 5613 2236 5678 ‘_
2256 5613 2432 5678 Georg.
2461 5614 2595 5678 addit
2612 5615 2697 5663 τοῦ
2720 5617 2839 5678 βίου.

2213 5672 2436 5746 δ’(ἷθοΐὲ.
2453 5672 2729 5725 ἐπισκόπων
2742 5695 2793 5725 τε
2812 5680 2892 5726 καὶ
2911 5681 3163 5743 κληρικῶν,
3185 5683 3358 5744 ὁμοίως
3377 5685 3525 5734 δὲκαὶ
3545 5687 3718 5736 λαῐκῶν

2205 5753 2355 5790 νοσος.

2205 5755 2227 5781 ν
2323 5754 2355 5790 ς.

2150 5754 2356 5870 Σῆθοῖίὶρι
2399 5800 2680 5870 σκωλήκια,-
2709 5801 2838 5862 quod
2897 5803 2956 5852 ad
3003 5803 3296 5857 scrimuram
3343 5808 3540 5870 codicis,
3588 5809 3720 5861 ουδ’

2153 5859 2294 5920 ληκα,
2318 5861 2517 5920 propius
2537 5859 2812 5912 accedeiet.

2219 5917 2238 5957 ί
2262 5917 2494 5981 ιὲεοκαὶ
2514 5925 2784 5985 κυματώδη,
2808 5930 2860 5975 et
2880 5939 2992 5977 mox
3030 5928 3318 5992 ἐξηχοῦντας.
