4122 6386
402 388 470 444 57
1382 389 1469 448 DE
1511 389 1667 446 VITA
1705 390 1762 447 S.
1802 390 2078 448 JOANNIS
2114 390 2608 451 CHRYSOSTOMI.
3592 392 3663 451 5B

402 511 506 569 est,
533 501 883 572 Theophilum
907 502 1173 557 iracundia
1205 502 1465 572 percitum
1494 503 1543 557 id
1564 504 1759 573 egisse,
1781 504 1870 574 qui
1889 518 1983 559 eos

408 593 627 662 ejecerit
648 631 668 659 ,
693 594 1013 663 quicumque
1042 594 1116 647 illi
1147 593 1382 659 fuerint,
1412 596 1525 649 sive
1563 594 1844 650 orthodoxi
1874 597 1986 651 sive

406 685 646 739 lueretici
682 701 696 737 :
744 701 921 741 nonne
972 686 1266 741 diaconissa
1309 687 1489 741 debuit
1531 687 1650 742 illos
1682 688 1987 758 suscipere?

406 777 583 832 Eme.
615 778 751 843 Quid
785 779 943 848 igitur
970 780 1063 832 tibi
1093 779 1321 845 videtur,
1352 779 1488 834 bene
1516 794 1582 833 an
1610 780 1749 834 male
1776 780 1988 850 egisse?

408 869 554 921 Duc.
583 868 720 931 Dixi,
745 869 902 923 male.
929 869 1101 923 EPISC.
1126 870 1207 922 An
1227 884 1475 939 umquam
1498 870 1842 924 beneficentia
1862 884 1991 924 con-

407 960 721 1014 demnatur?
748 960 901 1014 Duc.
936 960 1002 1014 Et
1028 960 1244 1014 omnino
1264 961 1499 1029 quidem,
1521 976 1641 1015 cum
1666 960 1722 1014 fit
1747 961 1798 1014 in
1822 960 1990 1015 malos

405 1061 463 1106 et
495 1051 752 1106 beneficio
782 1051 1045 1122 indignos.
1080 1051 1253 1107 EPISC.
1293 1051 1517 1120 Quinam
1554 1052 1711 1121 igitur
1734 1064 1886 1107 erant
1915 1053 1989 1105 illi

407 1145 686 1213 quinquies
711 1143 855 1198 mille
879 1158 1013 1213 quos
1033 1143 1283 1199 Servator
1303 1143 1538 1213 quinque
1560 1142 1873 1197 hordeaceis
1898 1156 1991 1213 pa-

410 1238 568 1291 nibus
591 1236 870 1302 saturavit,
893 1236 1016 1289 boni
1044 1252 1109 1288 an
1137 1236 1298 1289 mali?
1326 1236 1475 1291 Duc.
1503 1236 1635 1290 Boni
1657 1235 1877 1299 scilicet,
1903 1243 1990 1287 ut-

411 1336 535 1397 pote
563 1344 592 1381 a
617 1327 897 1383 Servatore
926 1328 1126 1381 nutriti.
1160 1328 1252 1381 ΕΡ.
1285 1327 1459 1393 Quare
1497 1328 1654 1397 igitur
1682 1326 1991 1381 hordeaceis

411 1419 547 1487 pasti
574 1426 718 1481 sunt,
752 1419 842 1488 qui
872 1418 996 1472 boni
1023 1418 1239 1471 essent?
1268 1418 1415 1472 Duc.
1444 1417 1524 1471 οι)
1552 1418 1823 1486 penuriam
1856 1417 1992 1469 lorte

414 1510 739 1563 triticeorum
760 1548 777 1573 ,
806 1516 897 1562 aut
939 1508 1006 1562 ob
1036 1506 1250 1561 famem.
1283 1507 1376 1561 ΕΡ.
1422 1504 1698 1573 Quomodo
1728 1505 1888 1574 igitur
1922 1503 1992 1558 ob

414 1600 839 1655 incredulitatem
869 1600 1230 1666 increpantur,
1254 1608 1312 1651 ut
1333 1599 1456 1651 boni
1483 1613 1550 1651 an
1576 1605 1633 1651 ut
1657 1596 1814 1650 mali?
1840 1596 1990 1650 Duc.

414 1690 608 1760 Utique
633 1691 790 1756 mali,
818 1690 906 1759 qui
936 1690 1298 1757 increpantur.
1346 1688 1441 1741 ΕΡ.
1476 1689 1555 1742 An
1598 1687 1721 1742 boni
1750 1686 1906 1740 iidem
1939 1695 1993 1741 et

418 1782 541 1834 mali
563 1795 683 1835 esse
710 1779 965 1849 possunt?
994 1779 1146 1834 Duc.
1173 1779 1351 1835 Certe.
1381 1780 1474 1832 ΕΡ.
1503 1777 1817 1845 Quomodo?
1840 1779 1988 1832 Duc.

417 1874 750 1927 Deteriorum
794 1871 1010 1941 quidem
1063 1872 1459 1940 comparatione
1503 1870 1664 1935 boni,
1710 1870 1991 1925 meliorum

416 1978 542 2019 vero
600 1964 744 2018 mali.
810 1963 904 2017 ΕΡ.
954 1962 1083 2018 Mire
1135 1962 1332 2017 dixisti.
1377 1962 1490 2017 Hoc
1531 1962 1688 2031 igitur
1725 1960 1885 2015 modo
1938 1970 1993 2015 et

413 2054 660 2107 monachi
692 2053 765 2106 illi
806 2064 861 2107 et
906 2052 1030 2107 boni
1073 2062 1225 2106 erant
1266 2061 1321 2105 et
1362 2052 1506 2106 mali.
1550 2050 1616 2105 Et
1657 2050 1747 2104 illa
1777 2049 1992 2121 quidem

415 2143 722 2197 fidelissima
771 2157 864 2197 eos
909 2152 965 2196 ut
1015 2143 1183 2197 bonos
1230 2142 1461 2212 hospitio
1509 2142 1746 2210 accepit,
1802 2140 1991 2195 miriﬁ-

413 2248 510 2287 cus
558 2248 686 2287 vero
725 2232 813 2288 ille
863 2242 917 2287 ut
957 2232 1126 2287 malos
1172 2233 1330 2302 ejecit
1376 2249 1389 2285 :
1440 2232 1579 2302 quod
1628 2247 1734 2287 non
1789 2232 1988 2286 debuit.

416 2324 566 2377 Duc.
596 2322 703 2377 Sed
742 2322 885 2377 dicet
926 2323 1019 2377 tibi
1047 2323 1208 2392 quis:
1244 2322 1310 2378 Ut
1353 2322 1627 2377 molestias
1666 2322 1797 2376 mihi
1835 2336 1989 2377 crea-

416 2430 523 2476 res.
554 2416 796 2470 inimicos
822 2429 969 2470 meos
998 2416 1297 2484 suscepisti.
1330 2415 1423 2469 ΕΡ.
1457 2415 1683 2468 Prorsus
1712 2414 1871 2484 igitur
1896 2412 1991 2467 de-

416 2509 593 2562 lictum
621 2509 674 2562 in
703 2523 769 2563 eo
800 2517 914 2574 est,
946 2507 1086 2577 quod
1115 2517 1169 2562 et
1196 2508 1438 2562 inimicos
1478 2506 1742 2576 appellat,
1774 2506 1862 2575 qui
1886 2545 1901 2569 ,
1935 2512 1989 2560 ut

413 2598 611 2653 Christi
638 2600 891 2663 imitator,
915 2598 1135 2669 injurias
1160 2599 1432 2653 remittere
1453 2598 1654 2653 debuit.
1684 2598 1833 2652 DIAC.
1861 2597 1991 2653 Ubi-

416 2704 537 2743 nam
587 2704 714 2743 vero
738 2690 1103 2759 vituperantur
1129 2690 1363 2759 quinque
1397 2688 1560 2743 millia
1600 2705 1629 2743 a
1673 2688 1989 2754 Servatore,

415 2788 474 2832 ut
498 2779 718 2833 dixisti?
746 2796 850 2833 non
878 2780 1021 2834 enim
1047 2781 1302 2849 scriptum
1329 2789 1430 2835 est.
1460 2780 1553 2834 ΕΡ.
1576 2781 1709 2834 Cum
1757 2779 1991 2835 secundo

416 2871 722 2942 congregati
777 2871 842 2926 ad
868 2871 1141 2925 Christum
1173 2879 1546 2937 accesserunt,
1578 2880 1631 2925 et
1676 2871 1986 2926 audierunt:

419 2966 655 3031 Qutcritts
684 2980 779 3030 me,
810 2981 911 3017 non
932 2966 1048 3032 quia
1075 2965 1270 3018 vidistis
1312 2965 1458 3033 signa
1505 2972 1553 3016 et
1604 2963 1835 3035 prodigia
1862 3005 1877 3029 ,
1903 2962 1991 3017 sed

414 3058 535 3125 quia
559 3057 898 3111 manducastis
923 3073 985 3111 ea:
1024 3058 1267 3126 panibus,
1297 3066 1344 3111 et
1395 3057 1605 3111 saturati
1649 3059 1763 3111 estis
1810 3056 1988 3131 (Joan.

416 3152 469 3200 t5.
496 3148 608 3217 26).
662 3147 973 3202 Theodorus
1010 3149 1116 3202 ait:
1170 3147 1594 3202 Manifestissima
1630 3162 1717 3203 res
1743 3158 1844 3204 est.
1895 3149 1989 3203 ΕΡ.

415 3240 515 3305 Qui
537 3248 717 3293 autem
740 3239 1102 3308 vituperabilis
1124 3279 1142 3303 ,
1172 3239 1273 3293 hoc
1298 3239 1414 3307 ipso
1431 3247 1484 3293 et
1508 3239 1677 3293 malus
1707 3248 1809 3293 est.
1835 3240 1987 3294 Duc.

418 3330 492 3382 Ita
517 3344 666 3384 sane.
698 3330 792 3382 ΕΡ.
818 3329 980 3384 Malos
1007 3330 1185 3400 igitur,
1214 3346 1281 3384 an
1307 3330 1475 3385 bonos
1518 3331 1661 3399 pavit
1694 3330 1990 3386 Servatur?

421 3422 569 3475 “IAC.
593 3421 648 3475 ln
677 3422 923 3478 confesso
951 3434 1064 3488 est,
1095 3425 1236 3492 quod
1265 3425 1464 3478 malos:
1500 3423 1622 3477 Non
1665 3426 1805 3479 enim
1851 3434 1992 3495 egent

418 3517 503 3582 qui
522 3517 633 3569 sani
660 3526 775 3569 sunt
800 3517 1010 3578 medico,
1033 3519 1119 3570 sed
1146 3520 1229 3584 qui
1256 3519 1387 3572 male
1414 3518 1592 3572 habent
1623 3518 1771 3587 (Luc.
1792 3521 1844 3575 5.
1875 3520 1987 3590 51).

420 3606 592 3659 Ertsc.
624 3606 757 3671 Quid
801 3606 992 3676 igitur?
1022 3609 1159 3662 male
1204 3607 1327 3662 fecit
1368 3610 1639 3679 Olympias
1660 3652 1675 3677 ,
1708 3611 1989 3666 Dominum

417 3714 571 3751 suum
612 3699 833 3752 imitata.
887 3699 988 3765 Qui
1037 3702 1163 3771 pluit
1212 3712 1259 3754 et
1311 3703 1468 3755 solem
1510 3704 1632 3756 oriri
1679 3704 1799 3773 facit
1841 3719 1993 3773 super

411 3790 580 3859 justas
607 3798 657 3843 et
686 3791 899 3861 injustos
941 3791 1154 3859 (Matth.
1186 3793 1238 3846 5.
1269 3792 1392 3861 45):
1427 3794 1551 3847 licet
1592 3793 1843 3847 Pharisaei
1892 3809 1989 3848 ex-

418 3880 672 3948 probrent
713 3881 1018 3950 discipulis,
1073 3881 1308 3937 dicentes
1346 3901 1359 3935 :
1404 3882 1645 3953 Magister
1678 3894 1834 3938 vester
1875 3900 1990 3937 cum

417 3969 697 4037 publicanis
743 3980 790 4023 ct
840 3972 1182 4041 peccatoribus
1227 3973 1496 4026 manducat
1556 3984 1602 4028 et
1652 3973 1771 4028 bibit
1825 3973 1985 4043 (Ibid.

417 4062 469 4113 9.
525 4063 634 4132 11).
681 4062 830 4117 Duc.
877 4064 1076 4119 Praeter
1127 4065 1558 4134 intelligentiam,
1614 4076 1672 4121 ut
1723 4068 1910 4134 video,
1958 4083 1989 4121 a

416 4152 596 4205 multis
641 4154 1003 4222 vituperantur
1044 4155 1255 4224 quidem
1302 4155 1558 4223 honesta,
1605 4167 1658 4211 et.
1700 4160 1869 4227 turpia
1910 4159 1989 4213 di-

416 4244 666 4314 liguntur.
702 4245 791 4299 ΕΡ.
821 4245 929 4299 Cur
982 4247 1078 4299 ista
1133 4246 1288 4313 dicis,
1339 4247 1573 4301 veritatis
1631 4250 1990 4303 amantissime

416 4335 736 4389 Theodore?
784 4336 932 4391 Duc.
984 4337 1115 4403 Quia
1158 4338 1259 4391 nisi
1311 4352 1611 4392 sermonem
1674 4348 1819 4392 tuum
1866 4355 1987 4393 cum

414 4427 814 4481 ratiocinatione
863 4428 1163 4496 aperuisses
1204 4437 1296 4482 aut
1340 4429 1719 4497 explicuisses,
1768 4430 1821 4482 iu
1874 4441 1987 4484 sto—

418 4515 579 4570 lidam
630 4516 930 4586 abripiebar
971 4518 1324 4582 sententiam,
1368 4533 1530 4587 scopo
1582 4518 1839 4573 libertatis
1880 4536 1988 4573 non

413 4608 731 4672 attendens,
779 4610 872 4664 sed
904 4610 1179 4680 'l'he0pbili
1206 4610 1397 4664 abulis.
1453 4611 1548 4664 ΕΡ.
1578 4610 1713 4678 Quid
1758 4612 1914 4680 igitur
1955 4628 1988 4666 e

412 4698 681 4752 contrario
703 4738 717 4761 ,
764 4700 808 4753 si
847 4700 946 4752 viri
982 4699 1054 4753 illi
1092 4702 1259 4754 sancti
1295 4699 1756 4767 demonstrentur,
1793 4702 1985 4756 nedum

414 4790 574 4854 mali,
625 4789 718 4844 sed
754 4799 810 4844 et
849 4792 938 4860 qui
991 4793 1186 4845 multos
1226 4792 1292 4846 ab
1331 4792 1667 4861 improbitate
1713 4792 1781 4847 ad
1826 4794 1989 4847 virtu-

414 4893 521 4935 tem
568 4882 915 4936 reduxerint?
964 4881 1244 4937 manifeste
1290 4884 1565 4952 apparebit
1606 4884 1814 4939 illorum
1864 4901 1987 4953 per-

411 4981 627 5025 secutor
665 4987 771 5025 non
809 4971 997 5042 dignus
1038 4974 1437 5040 persecutione,
1482 4972 1577 5027 sed
1621 4974 1982 5040 miseratione,

411 5070 468 5113 nt
512 5062 600 5130 qui
627 5061 795 5115 bonos
824 5076 1033 5129 semper
1058 5063 1296 5126 vexavit,
1327 5063 1493 5117 malos
1527 5064 1797 5132 suscipiat.
1835 5063 1983 5118 Duc.

411 5153 485 5206 lta
528 5162 641 5219 est,
682 5164 739 5207 ut
778 5154 929 5208 dicis.
969 5154 1099 5209 Nam
1147 5156 1269 5209 licet
1315 5155 1387 5210 illi
1422 5157 1688 5225 sapientes
1725 5167 1779 5212 et
1816 5159 1984 5213 sancti

413 5258 520 5297 non
549 5242 775 5307 fuerint,
807 5254 861 5298 ut
884 5246 1121 5315 plerique
1170 5246 1385 5311 dicunt,
1429 5258 1578 5303 extra
1616 5251 1987 5318 reprehensio-

414 5350 535 5388 nem
560 5335 662 5389 erit
689 5336 994 5407 Olympias,
1028 5346 1085 5390 ut
1108 5347 1251 5406 patet
1273 5354 1341 5391 ex
1374 5339 1635 5409 superiori
1680 5341 1981 5406 ratiocinio,

410 5444 527 5495 qua:
555 5426 853 5482 Servaturis
884 5429 1228 5484 imitationem
1250 5431 1568 5485 exhibuerit.
1588 5432 1679 5486 ΕΡ.
1709 5434 1982 5498 Quodnam

410 5535 537 5573 vero
551 5529 815 5589 gestorum
837 5522 1042 5576 fidelius
1060 5524 1413 5577 testimonium
1437 5524 1618 5578 vides?
1636 5526 1899 5594 Evangelii
1914 5542 1980 5581 an

410 5610 722 5681 Theophili?
746 5612 891 5667 Dutc.
914 5615 1093 5683 Apage
1110 5612 1203 5674 sis.
1226 5629 1434 5682 quzcso:
1459 5625 1665 5669 constat
1686 5617 1825 5669 enim
1842 5616 1982 5686 apud

408 5719 592 5758 omnes
610 5745 625 5769 ,
652 5705 795 5759 illum
824 5705 898 5758 ira
925 5704 1150 5775 quadam
1180 5714 1233 5760 et
1268 5706 1554 5762 ambitione
1579 5708 1863 5777 impulsum
1890 5723 1985 5763 eos

414 5796 720 5864 projccisse,
739 5806 789 5852 et
817 5795 950 5851 banc
978 5796 1046 5852 ab
1074 5797 1446 5869 superstitione
1472 5809 1524 5854 et
1542 5798 1662 5855 odio
1689 5799 1978 5869 profectam

2092 519 2234 572 esse,
2262 516 2514 560 causante
2535 504 2829 574 'l‘heOphilo
2855 547 2868 569 ,
2895 510 3182 560 monachos
3215 505 3385 573 ipsum
3414 506 3664 562 conviciis

2092 600 2395 669 appetiisse.
2414 600 2542 655 Cum
2555 598 2697 654 enim
2711 598 2987 653 servilibus
3003 598 3112 653 suis
3127 597 3394 651 blanditiis
3407 596 3536 650 nihi!
3548 611 3666 670 pro-

2095 687 2334 752 fecisset,
2358 698 2416 744 et
2437 689 2565 743 nihil
2592 688 2659 743 ab
2682 703 2744 743 ea
2766 696 2958 757 prater
2975 687 3146 742 edulia
3171 696 3225 741 et
3244 688 3396 741 xenia
3424 688 3662 755 accepis-

2092 790 2194 847 set,
2213 781 2278 836 ad
2294 782 2527 836 convicia
2544 781 2703 835 vertit
2719 795 2777 835 se
2795 799 2808 833 :
2827 781 2941 849 ejus
2960 780 3100 835 enim
3121 782 3165 834 is
3180 795 3295 834 mos
3322 781 3373 834 in
3396 780 3661 835 omnibus.

2163 870 2290 926 Cu.
2318 887 2447 926 xvu.
2472 902 2541 911 —
2569 871 2749 927 Ense.
2792 872 2928 926 Audi
2962 872 3138 941 igitur,
3180 870 3520 925 diaconorum
3568 885 3665 941 op-

2097 965 2242 1019 time.
2266 963 2397 1019 Nam
2426 964 2579 1019 video
2628 963 2836 1033 publico
2858 962 3110 1033 prodesse
3148 972 3234 1017 te:
3286 962 3383 1017 illa
3417 961 3559 1016 enim
3609 962 3665 1019 in

2090 1053 2365 1123 juventute
2386 1054 2617 1124 gravitas
2642 1054 2828 1123 pignus
2856 1052 3120 1123 quoddam
3160 1062 3277 1114 est,
3318 1060 3372 1107 te
3417 1052 3474 1106 in
3511 1064 3665 1105 sene-

2095 1154 2238 1201 ctute
2260 1145 2622 1200 honorabilem
2645 1145 2778 1199 fore.
2796 1144 2907 1199 Viri
2930 1145 3015 1199 isti
3037 1160 3066 1198 a
3088 1144 3390 1213 parentibus
3405 1136 3675 1198 Christian?

2096 1236 2178 1289 nis
2217 1236 2353 1300 orti,
2394 1245 2445 1290 et
2469 1250 2499 1289 a
2530 1235 2726 1291 teneris
2754 1234 3046 1305 unguiculis
3068 1235 3178 1288 Deo
3224 1234 3419 1289 subditi
3442 1274 3456 1295 .
3506 1248 3663 1287 num-

2095 1340 2253 1395 quam
2281 1326 2423 1396 passi
2447 1334 2600 1393 sunt,
2628 1342 2695 1380 ne
2715 1326 3001 1380 admodum
3022 1324 3237 1396 quidem
3282 1324 3663 1379 adolescentuli

2094 1432 2214 1471 cum
2243 1426 2421 1472 essent
2445 1459 2460 1483 ,
2487 1419 2688 1473 servire
2711 1418 2961 1481 vanitati,
2992 1431 3164 1486 neque
3187 1430 3306 1470 cum
3336 1415 3487 1469 turba
3542 1430 3666 1469 ver-

2095 1510 2200 1563 sari
2221 1549 2236 1575 ,
2266 1508 2361 1563 sed
2390 1518 2709 1578 occupantes
2744 1508 3081 1563 solitudinem
3100 1549 3116 1571 ,
3140 1522 3259 1576 quae
3284 1506 3349 1559 ad
3392 1505 3667 1560 meridiem

2095 1611 2173 1654 est
2197 1642 2211 1665 ,
2239 1600 2423 1669 procul
2450 1600 2519 1653 ab
2549 1599 2823 1654 hominum
2845 1598 3117 1654 domicilio
3148 1599 3326 1660 sitam,
3351 1596 3449 1650 sibi
3470 1597 3668 1649 consti-

2099 1702 2304 1746 tuerunt
2331 1692 2534 1762 tuguria
2552 1733 2566 1757 ,
2591 1692 2781 1761 quibus
2812 1701 3012 1745 tantum
3041 1690 3168 1744 solis
3208 1688 3472 1742 radiorum
3497 1686 3667 1741 mole-

2096 1785 2224 1839 stias
2243 1785 2500 1840 evitarent
2523 1786 2726 1839 etaeris
2753 1799 2949 1838 rorem.
2975 1784 3031 1837 ln
3048 1781 3239 1853 quibus
3263 1782 3518 1847 viventes,
3548 1794 3667 1834 ora-

2097 1876 2227 1929 tioni
2256 1884 2412 1945 atque
2444 1875 2657 1930 lectioni
2702 1882 2907 1944 tempus
2927 1889 3077 1927 suum
3114 1870 3512 1941 impenderunt,
3532 1869 3669 1925 adeo

2096 1967 2336 2021 contritis
2361 1966 2494 2021 volis
2519 1982 2770 2021 manuum
2793 1967 2845 2019 in
2861 1964 3111 2034 operibus
3137 1963 3393 2032 corporis,
3411 1969 3665 2031 quantum

2097 2058 2226 2112 satis
2253 2066 2397 2113 esset
2426 2058 2490 2112 ad
2522 2069 2733 2113 tenuem
2755 2057 2982 2110 victum:
3012 2054 3200 2108 melius
3224 2052 3323 2106 rati
3340 2052 3519 2106 vivere
3540 2064 3663 2104 cum

2096 2148 2300 2216 capreis
2322 2157 2376 2203 et
2394 2147 2838 2202 struthiocamelis
2883 2154 2938 2200 et
2962 2143 3196 2207 bubalis,
3252 2156 3411 2211 quam
3460 2138 3664 2209 epulari

2096 2253 2215 2293 cum
2246 2238 2544 2294 hominibus
2568 2239 2655 2308 qui
2684 2239 2928 2308 ignorant
2949 2238 3129 2291 Deum.
3163 2234 3359 2289 Horum
3385 2241 3511 2287 natu
3545 2246 3663 2286 ma-

2096 2331 2269 2383 ximus
2287 2371 2303 2395 ,
2330 2330 2609 2399 nonaginta
2640 2329 2804 2384 ferme
2830 2341 3075 2398 egressus
3094 2340 3261 2380 annos
3279 2366 3294 2391 ,
3324 2331 3668 2378 conversatus

2097 2430 2181 2476 est
2203 2435 2321 2475 cum
2350 2420 2505 2475 beato
2534 2420 2783 2485 Antonio,
2821 2419 3013 2472 Hierax
3040 2418 3151 2487 ipse
3170 2414 3499 2485 appellatus,
3525 2413 3665 2483 quod

2096 2514 2364 2585 pr0prium
2392 2528 2586 2567 nomen
2614 2526 2783 2581 usque
2806 2510 2873 2565 ad
2900 2510 3042 2564 hunc
3065 2509 3205 2563 diem
3252 2507 3465 2560 retinet.
3518 2504 3667 2558 Alius

2094 2623 2220 2662 vero
2258 2607 2569 2661 Ammonius
2590 2604 2964 2675 sexagenarius
3002 2616 3123 2657 cum
3167 2600 3374 2655 duobus
3418 2596 3668 2652 fratribus

2096 2697 2369 2751 monachis
2395 2705 2449 2751 et
2476 2710 2581 2750 uno
2601 2695 2850 2764 episcopo
2871 2734 2885 2758 ,
2908 2693 2996 2761 qui
3021 2691 3119 2747 sub
3140 2690 3358 2743 Valente
3380 2702 3499 2743 cum
3519 2685 3669 2740 boias

2096 2789 2373 2853 tulissent,
2420 2787 2765 2852 exsularunt,
2819 2794 2877 2838 ut
2927 2783 3073 2838 novit
3108 2782 3280 2835 omnis
3320 2777 3665 2833 Alexandria:

2098 2890 2241 2935 tanta
2273 2880 2477 2950 prmditi
2505 2879 2723 2934 scientia
2745 2919 2759 2944 ,
2784 2887 2842 2931 ut
2858 2877 2989 2930 nihil
3015 2875 3402 2944 Scripturarum
3452 2886 3547 2925 eos
3587 2868 3666 2923 fu-

2096 2981 2275 3043 geret,
2307 2987 2423 3041 quae
2448 2970 2710 3040 plerisque
2735 2968 3005 3037 impervia:
3025 2974 3167 3020 sunt.
3198 2964 3277 3018 Ex
3303 2962 3387 3016 his
3413 2961 3519 3015 duo
3545 2961 3665 3030 qui-

2096 3065 2216 3120 dem
2246 3064 2558 3134 quiescunt.
2587 3060 2777 3115 mortui
2829 3055 3320 3124 Constantinopoli:
3353 3053 3666 3107 Ammonius

2096 3162 2307 3219 autem,
2365 3163 2422 3207 ut
2472 3160 2752 3205 narrarunt
2790 3148 3033 3204 Aurelius
3082 3155 3136 3200 et
3184 3145 3479 3208 Sisinnius,
3526 3143 3666 3196 circa

2096 3248 2217 3300 vita:
2241 3245 2438 3299 exitum
2468 3242 2838 3313 prophetavit,
2876 3248 2997 3309 post
3045 3252 3290 3307 magnam
3340 3233 3666 3304 persecutio-

2098 3351 2217 3390 nem
2248 3344 2300 3389 et
2337 3333 2565 3388 schisma
2596 3332 2648 3386 in
2673 3330 2906 3385 Ecclesia
2935 3328 3219 3399 pessimum
3245 3325 3442 3380 exitum
3481 3337 3666 3391 repor-

2097 3433 2298 3479 taturos
2325 3425 2439 3493 ejus
2465 3431 2742 3488 auctores,
2795 3431 2849 3475 et
2881 3420 2959 3474 sic
3010 3418 3275 3473 Ecclesias
3326 3416 3530 3469 unitum
3579 3413 3661 3467 iri.

2095 3516 2246 3585 Quod
2273 3516 2482 3586 quidem
2513 3530 2577 3569 ex
2609 3523 2754 3584 parte
2783 3513 2975 3566 factum
3001 3519 3111 3574 est,
3142 3518 3198 3564 et
3222 3510 3331 3563 fiet.
3362 3507 3488 3561 Inde
3524 3507 3666 3561 enim

2095 3609 2441 3679 quorumdam
2468 3594 2838 3676 episc0porum
2862 3612 2917 3658 et
2937 3604 3187 3657 laicorum
3209 3614 3430 3669 corpora
3452 3598 3665 3651 morbus

2096 3715 2361 3770 occupans
2381 3741 2398 3768 ,
2417 3700 2579 3753 variis
2599 3697 2874 3753 doloribus
2899 3693 3255 3757 distrahebat,
3288 3692 3426 3745 lenta
3452 3689 3663 3760 quidem

2096 3793 2242 3849 febre
2263 3792 2462 3846 viscera
2492 3804 2777 3859 perurens,
2808 3796 2966 3856 atque
2992 3783 3311 3838 intolerabili
3340 3782 3542 3852 pruritu
3587 3789 3661 3833 too

2096 3895 2201 3939 tam
2216 3882 2455 3952 corporis
2472 3879 2806 3949 superficiem
2834 3878 3096 3947 unguibus
3126 3875 3381 3940 fodicans,
3399 3871 3667 3941 crassique

2095 3973 2329 4028 intestini
2368 3971 2605 4027 continui
2633 3968 2867 4023 dolores.
2901 3968 3020 4021 Alio
3061 3981 3196 4035 aqua
3233 3964 3491 4018 intercute
3522 3962 3669 4015 labo-

2096 4074 2264 4130 rante,
2278 4063 2419 4119 lividi
2434 4063 2623 4133 pedum
2639 4071 2870 4115 tumores
2890 4078 2902 4111 :
2917 4059 3068 4113 alteri
3080 4065 3256 4112 autem
3270 4056 3516 4109 humores
3529 4067 3667 4107 nunc

2094 4159 2279 4221 calidi.
2303 4171 2445 4212 nunc
2470 4154 2665 4225 frigidi,
2689 4169 2785 4222 per
2812 4163 3038 4221 quatuor
3064 4150 3312 4204 articulos
3341 4146 3633 4201 detinentes
3650 4185 3669 4207 ι

2094 4250 2287 4320 digitos
2304 4291 2318 4314 ,
2350 4247 2438 4318 qui
2460 4248 2594 4301 male
2616 4244 3036 4313 subscripserant
3054 4284 3069 4307 ,
3090 4252 3320 4296 tremore
3336 4239 3662 4293 afliciebant:

2095 4352 2150 4396 et
2173 4339 2469 4395 abdominis
2494 4337 2834 4392 inflammatio
2852 4351 2948 4390 seu
2972 4345 3161 4397 tumor,
3186 4340 3240 4387 et
3260 4347 3352 4400 per
3372 4332 3667 4385 membrum

2093 4429 2357 4502 quoddam
2387 4428 2612 4498 putredo
2646 4427 2933 4496 pessimum
2960 4424 3176 4478 odorem
3229 4424 3411 4491 procul
3459 4421 3665 4489 disper-

2092 4536 2258 4591 gens,
2287 4530 2341 4574 et
2382 4534 2591 4574 vermes
2626 4532 2906 4587 generans.
2962 4516 3222 4569 Przeterea
3260 4513 3570 4580 orthopnma
3613 4519 3669 4564 t-t

2094 4610 2385 4680 respirandi
2411 4609 2711 4674 difﬁcultas,
2745 4618 2900 4675 atque
2926 4606 3159 4660 omnium
3181 4604 3536 4658 membrorum
3557 4602 3666 4656 ἀίω

2096 4706 2261 4759 tentio
2293 4722 2308 4757 :
2337 4705 2462 4757 item
2489 4711 2763 4756 nocturna:
2793 4701 3049 4769 imagines
3076 4700 3126 4752 in
3155 4698 3391 4751 rabiosus
3416 4709 3593 4756 canes,
3614 4704 3665 4747 et

2092 4796 2288 4850 strictis
2300 4795 2513 4849 ensibus
2524 4794 2795 4859 barbaros,
2814 4792 3140 4862 peregrinam
3153 4800 3206 4844 et
3219 4789 3568 4843 turbulentam
3582 4802 3666 4839 vo-

2092 4901 2209 4941 cem
2261 4896 2512 4941 sonantes
2548 4884 3053 4939 transformabantur
3086 4883 3380 4936 insomnem
3418 4895 3663 4933 somnum

2095 4978 2484 5048 peragentibus.
2505 4978 2653 5031 Alius
2674 4989 2871 5044 autem,
2888 4978 2978 5046 qui
3006 4991 3071 5028 ex
3094 4990 3229 5043 equo
3250 4972 3521 5037 decidens,
3541 4986 3662 5025 cum

2092 5072 2258 5127 caulis
2287 5072 2338 5125 in
2365 5086 2569 5125 morem
2600 5070 2842 5125 dextrum
2871 5084 2994 5123 crus
3018 5068 3125 5121 sibi
3166 5065 3440 5135 fregisset,
3485 5065 3661 5117 statim

2094 5164 2253 5216 vitam
2279 5163 2517 5231 abrupit:
2550 5162 2683 5215 alius
2706 5201 2720 5225 ,
2768 5160 3049 5215 interclusa
3080 5172 3240 5220 voce,
3284 5166 3406 5210 octo
3456 5168 3667 5207 nienses

2094 5256 2145 5309 in
2176 5256 2313 5309 lecto
2344 5264 2640 5308 maceratus
2666 5263 2777 5318 est,
2801 5253 2887 5321 qui
2909 5268 2974 5305 ne
2995 5251 3073 5303 ori
3104 5248 3319 5318 quidem
3348 5262 3445 5300 suo
3476 5261 3670 5299 manus

2092 5346 2375 5400 admovere
2397 5347 2624 5400 valebat.
2648 5345 2811 5398 Alteri
2840 5345 2957 5397 vivo
2977 5357 3129 5396 crura
3169 5341 3235 5394 ad
3287 5355 3457 5410 genua
3490 5353 3657 5406 usque

2094 5436 2344 5505 paulatim
2390 5452 2487 5507 per
2530 5436 2813 5489 triennium
2861 5434 3087 5487 dissecta
3139 5441 3296 5494 sunt,
3345 5429 3664 5500 erysipelate

2091 5526 2338 5581 videlicet
2385 5527 2661 5581 materiam
2710 5523 3124 5594 suppeditante:
3169 5522 3303 5575 alius
3346 5520 3561 5584 inflata,
3604 5527 3663 5570 ut

2091 5619 2269 5682 aiunt,
2301 5617 2509 5687 lingua,
2531 5634 2651 5673 cum
2679 5616 2829 5671 febre
2871 5615 3205 5679 vehementi,
3231 5623 3288 5667 ut
3338 5610 3669 5681 gurgulionis

2092 5712 2435 5778 interseptum
2459 5712 2511 5764 in
2543 5726 2635 5764 ore
2660 5719 2801 5763 esset
2819 5707 3067 5763 dentibus
3119 5705 3379 5768 adfixum,
3409 5717 3527 5755 cum
3554 5700 3665 5754 lin-t

2093 5818 2193 5871 gna
2222 5803 2273 5857 in
2296 5802 2411 5861 loco
2437 5801 2537 5858 sibi
2560 5818 2587 5857 a
2610 5810 2795 5857 natura
2821 5798 3037 5855 definito
3063 5813 3168 5853 non
3191 5799 3452 5853 haereret.
3483 5792 3534 5847 in
3564 5807 3656 5854 ou.-
