4122 6386
434 335 502 392 n
1675 327 1996 390 PALLADII
2033 330 2366 392 DIALOGUS
3615 348 3685 400 σὺ

431 447 600 518 gillari
631 447 1016 504 confessionem
1042 449 1271 517 scripsit.
1297 449 1362 502 Et
1381 463 1600 504 cernere
1620 456 1735 502 erat
1756 445 2006 502 divinitus

433 539 721 592 immissam
753 541 916 603 iram,
948 542 1105 594 variis
1127 539 1296 608 patriis
1318 539 1511 593 bellum
1535 537 1866 593 inferentem.
1905 537 2005 602 Qui

431 629 642 698 quidem
669 633 964 684 animarum
995 633 1256 685 medicum
1283 639 1334 684 et
1355 631 1689 684 delinitorem
1717 631 2004 684 exacerba-

433 729 585 781 rant,
613 731 772 790 atque
798 723 885 775 Dei
909 723 1250 790 interpretem
1285 737 1313 774 a
1345 721 1529 774 salutis
1572 721 1779 775 officina
1831 721 2004 774 dimo-

431 823 646 879 verant,
667 828 948 882 corporum
974 814 1191 868 medicis
1205 815 1272 868 ad
1287 815 1618 869 vexationem
1641 813 2000 868 tradebantur:

432 903 519 971 qui
549 903 785 958 dolorem
810 904 1020 973 quidem
1049 905 1222 958 solitis
1247 905 1494 960 remediis
1531 906 1793 974 augebant
1814 946 1830 970 ,
1862 906 2002 959 salu-

433 1001 537 1047 tem
568 1003 742 1049 autem
773 1012 874 1049 non
902 997 1279 1066 procurabant.
1297 997 1428 1063 Quis
1456 997 1594 1051 enim
1609 997 1904 1052 medebitur
1930 997 2000 1062 ei,

432 1085 520 1152 qui
548 1100 577 1139 a
620 1085 728 1140 Deo
756 1087 1007 1155 punitur?
1033 1097 1089 1142 ut
1113 1088 1187 1141 ait
1214 1088 1502 1158 propheta:
1537 1087 1799 1157 Numquid
1827 1088 2002 1139 medici

430 1175 774 1241 suscitabunt,
823 1187 867 1229 et
910 1177 1275 1245 conﬁtebuntur
1315 1179 1400 1231 tibi
1442 1178 1610 1248 (Paul.
1641 1178 1728 1232 87.
1762 1178 1885 1243 li)?
1914 1177 2003 1231 Sic

433 1280 620 1320 omnes
647 1267 896 1320 Ecclesiae
925 1277 1026 1321 tuas
1052 1269 1196 1337 pacis
1239 1268 1528 1324 adversarii
1566 1269 1862 1338 perierunt,
1901 1267 2004 1321 Do-

432 1358 594 1410 mine.
621 1356 889 1412 Cteterum
921 1360 1089 1412 fertur
1113 1361 1413 1428 sepulcrum
1441 1359 1705 1414 Ammonii
1757 1357 2002 1412 monachi

431 1449 710 1503 horrorem
756 1450 918 1504 febris
941 1451 1226 1516 expellere.
1261 1451 1509 1520 Sepultus
1551 1466 1676 1506 vero
1723 1460 1804 1504 est
1857 1459 2002 1502 trans

431 1555 582 1596 mare
628 1542 681 1594 in
738 1544 992 1612 martyrio
1041 1543 1438 1610 Apostolorum.
1495 1543 1661 1597 Porro
1721 1543 2001 1610 episcopus

431 1629 717 1685 Dioscorus
737 1672 751 1696 ,
779 1631 867 1700 qui
886 1672 900 1695 ,
934 1640 993 1685 ut
1016 1631 1228 1698 dicunt,
1259 1633 1540 1700 plurimum
1563 1633 1726 1688 Deum
1758 1640 2001 1700 precatus

431 1723 620 1788 fuerat,
641 1733 696 1778 ut
723 1733 814 1776 aut
842 1738 1024 1792 pacem
1050 1723 1404 1777 Ecclesiarum
1420 1723 1644 1788 videret,
1661 1733 1750 1775 aut
1770 1739 2002 1775 morere-

433 1823 533 1875 tur,
551 1823 720 1868 morte
733 1813 922 1882 dignus
936 1813 997 1866 ha
1006 1814 1144 1867 bitus
1159 1823 1258 1876 est,
1273 1814 1519 1882 quoniam
1535 1812 1761 1867 mundos
1780 1827 1904 1881 pace
1921 1812 2001 1864 di—

430 1922 566 1975 gnus
587 1921 689 1960 non
714 1915 828 1960 erat
853 1925 867 1960 :
895 1918 946 1960 et
963 1906 1202 1973 sepultus
1224 1908 1274 1959 in
1301 1907 1553 1976 martyrio
1569 1947 1583 1971 ,
1607 1904 1746 1974 quod
1773 1914 1853 1958 est
1877 1913 2000 1959 ante

434 2007 635 2066 portam
657 2015 670 2048 :
689 1998 761 2051 ita
787 2007 845 2052 ut
863 1998 1102 2067 plurimae
1119 1999 1389 2063 mulieres,
1420 1997 1633 2051 omissis
1651 2012 1744 2066 per
1764 2004 1998 2051 sanctam

432 2099 718 2160 martyrem
745 2090 1060 2159 juramentis
1089 2133 1103 2157 ,
1138 2106 1228 2159 per
1256 2106 1439 2158 preces
1477 2089 1710 2143 Dioscori
1736 2089 1997 2158 jnrarent.

433 2179 508 2235 De
534 2181 748 2250 reliquis
779 2191 952 2235 autem
979 2181 1252 2236 monachis
1278 2182 1470 2234 multus
1495 2181 1621 2234 mihi
1663 2196 1839 2235 sermo
1876 2195 2000 2234 con-

433 2281 734 2326 sumeretur
751 2273 802 2326 in
830 2274 1098 2328 narrando
1121 2291 1134 2324 :
1158 2285 1212 2328 et
1238 2283 1291 2327 tu
1312 2273 1536 2328 fortasse
1555 2274 1620 2327 ad
1636 2273 1736 2326 alia
1762 2274 1996 2338 festinas,

431 2377 465 2413 ο
495 2362 572 2415 vir
598 2362 673 2416 tui
697 2364 926 2417 nominis
944 2405 960 2428 ,
994 2364 1290 2418 Theodore.
1319 2365 1469 2419 Duc.
1498 2364 1565 2418 Et
1592 2367 1711 2434 quis
1739 2364 1874 2418 adeo
1919 2365 2001 2418 in-

432 2453 558 2507 felix
575 2495 590 2517 ,
614 2464 670 2508 ut
685 2456 1078 2511 narrationibus
1097 2456 1164 2511 de
1191 2457 1380 2510 virtute
1397 2457 1569 2511 locum
1597 2472 1700 2510 non
1731 2456 1998 2524 prmbeat?

432 2545 527 2601 Dic
557 2549 731 2617 igitur,
755 2563 966 2617 quaeso,
999 2557 1052 2602 et
1079 2564 1411 2619 quocumque
1431 2550 1726 2604 rationabili
1752 2563 1998 2603 sermone

430 2637 663 2691 animum
691 2653 866 2692 meum
887 2654 914 2692 a
939 2640 1278 2695 szecularibus
1305 2640 1710 2710 cogitationibus
1729 2639 1994 2694 abducito.

431 2727 603 2782 EPISC.
625 2728 715 2782 Est
732 2729 888 2798 igitur
900 2731 1032 2784 alter
1043 2731 1232 2785 Hierax
1249 2731 1466 2800 profano
1476 2731 1684 2801 quidem
1698 2732 1998 2786 nominatus

429 2820 678 2880 nomine,
711 2820 1037 2888 spiritalibus
1079 2832 1255 2876 autem
1277 2823 1513 2877 moribus
1555 2834 1874 2878 exornatus:
1906 2828 1996 2893 qui

430 2909 657 2976 primum
681 2908 891 2978 quidem
915 2920 1062 2963 extra
1095 2920 1257 2965 totam
1282 2911 1566 2983 zEgyptum
1591 2923 1644 2966 et
1670 2913 1995 2970 Thebaidem

428 3006 480 3058 in
508 3018 740 3064 montem
792 3009 1138 3081 Porphyriten
1175 3010 1320 3064 solus
1362 3018 1759 3076 secesserat,et
1784 3013 1994 3080 quidem

426 3097 542 3152 sine
567 3099 676 3154 ullo
698 3100 924 3154 hominis
949 3101 1156 3167 afﬂatu,
1181 3111 1405 3172 quatuor
1431 3116 1598 3156 annos
1618 3103 1992 3170 perseveravit,

427 3191 553 3244 solis
595 3203 874 3248 contentus
927 3195 1204 3248 virtutibus
1264 3195 1330 3249 ad
1377 3195 1665 3249 solatium:
1714 3205 1893 3265 postea
1942 3199 1993 3250 in

427 3285 713 3339 solitudine
781 3285 962 3339 Nitriae
1007 3287 1186 3355 viginti
1225 3288 1456 3355 quinque
1510 3302 1676 3341 annos
1725 3289 1834 3358 egit
1874 3304 1993 3342 cum

427 3376 741 3444 supradictis
757 3375 1176 3432 Patribus.Huic
1201 3377 1468 3431 daemones
1489 3381 1742 3432 instantes
1760 3419 1776 3444 ,
1805 3389 1860 3432 ut
1883 3380 1995 3448 ipse

428 3466 582 3520 nobis
610 3469 868 3532 narravit,
902 3470 1189 3536 longaavam
1216 3470 1372 3522 vitam
1402 3470 1792 3538 promittentes,
1811 3485 1840 3522 a
1868 3485 1990 3538 pro-

431 3557 599 3623 posita
626 3571 721 3624 spe
742 3559 908 3626 ipsqu
939 3559 1209 3611 dimovere
1234 3559 1548 3624 studebant,
1607 3559 1992 3612 transforman-

429 3658 510 3700 tes
529 3661 587 3700 se
608 3647 658 3700 iu
690 3649 902 3717 angelos
925 3649 1058 3702 lucis
1077 3689 1092 3713 ,
1123 3649 1393 3704 dicentes:
1417 3649 1799 3719 Quinquaginta
1828 3665 1995 3704 annos

427 3739 600 3792 adhuc
619 3740 856 3793 victurus
875 3755 967 3794 es:
1011 3741 1276 3809 quomodo
1323 3741 1374 3794 in
1424 3755 1605 3796 eremo
1655 3741 1994 3809 perdurabis?

431 3831 520 3884 Ille
543 3842 719 3886 autem
762 3833 1028 3901 sapienter
1064 3850 1156 3901 per
1200 3833 1353 3886 fidem
1416 3827 1726 3902 respondit,
1773 3832 1990 3887 dicens:

427 3921 786 3976 Contristastis
830 3939 949 3988 me,
992 3925 1200 3977 brevius
1248 3925 1498 3991 propositi
1533 3924 1632 3975 mei
1653 3932 1860 3992 tempus
1911 3923 1993 3976 di-

427 4022 636 4067 centes:
667 4013 1010 4066 ducentorum
1040 4015 1178 4066 enim
1203 4029 1460 4068 annorum
1505 4021 1813 4081 apparatum
1865 4013 1993 4064 mihi

429 4103 479 4156 in
501 4117 681 4157 eremo
710 4103 1084 4159 instruxeram.
1117 4103 1268 4170 Quod
1310 4112 1367 4156 ut
1393 4101 1694 4163 audierunt,
1737 4102 1994 4156 ululantes

425 4194 802 4249 discesserunt.
836 4196 900 4248 Et
939 4194 1077 4248 hunc
1125 4196 1330 4263 ipsum,
1361 4210 1518 4264 quem
1570 4192 1840 4248 dtemones
1889 4208 1992 4248 non

425 4295 848 4348 commoverant,
879 4286 1184 4340 diuturnum
1211 4287 1258 4340 ei
1284 4287 1404 4339 vita:
1431 4297 1637 4354 tempus
1685 4287 1996 4353 promitten-

425 4387 534 4443 tes,
563 4388 619 4432 ut
648 4380 816 4433 virum
846 4381 898 4432 in
943 4380 1198 4434 desidiam
1243 4380 1609 4449 pertraherent
1628 4421 1642 4444 ,
1670 4379 1994 4448 Theophilus

425 4484 557 4538 papa
608 4469 865 4538 Principis
912 4471 1086 4524 edicto
1132 4471 1358 4540 migrare
1399 4471 1582 4539 jussit,
1626 4480 1680 4525 et
1719 4471 1784 4523 ad
1835 4473 1992 4524 talem

423 4562 627 4631 redegit
674 4563 1074 4628 necessitatem,
1123 4575 1182 4618 ut
1231 4563 1296 4618 ad
1324 4563 1640 4618 Comitatum
1690 4564 1791 4618 iret
1835 4582 1848 4617 :
1904 4565 1990 4632 qui

425 4670 564 4710 nunc
619 4665 735 4723 post
788 4666 1012 4709 mortem
1074 4657 1372 4717 Ammonii,
1431 4672 1634 4708 rursum
1694 4654 1995 4708 desertissi-

424 4761 562 4800 mam
601 4748 936 4801 solitudinem
978 4751 1212 4818 repetiit,
1257 4749 1418 4802 aratri
1469 4747 1755 4817 evangelici
1799 4749 1994 4801 veritus

424 4837 724 4906 parabolam
781 4837 927 4906 (Luc.
982 4837 1035 4891 9.
1101 4838 1214 4904 6‘2).
1277 4839 1420 4890 Alius
1476 4853 1657 4892 rursus
1720 4838 1995 4908 presbyter

425 4929 570 4984 Isaac
619 4931 868 4997 nomine,
927 4930 1218 4998 discipulus
1263 4931 1506 4996 Macarii,
1553 4933 1641 5000 qui
1693 4931 1789 4985 fuit
1838 4932 1996 4986 disci-

423 5021 578 5089 pulus
607 5023 854 5087 Antonii,
908 5021 1209 5076 solitudinis
1257 5023 1677 5088 amantissimus,
1733 5023 1992 5092 quinqua—

423 5113 565 5182 ginta
612 5127 778 5165 annos
823 5128 1022 5182 agens,
1061 5112 1382 5181 Scripturam
1432 5128 1642 5166 omnem
1686 5113 1995 5166 memoriter

423 5213 642 5267 tenens,
693 5215 926 5256 cerastas
971 5214 1245 5271 serpentes
1296 5202 1346 5256 in
1401 5203 1642 5256 manibus
1686 5204 1800 5256 sine
1854 5205 1992 5272 peri-

421 5293 543 5348 culo
571 5303 785 5362 portans
805 5337 819 5361 ,
850 5311 914 5348 ex
946 5296 1127 5348 matris
1157 5303 1304 5348 utero
1343 5295 1519 5363 virgo,
1567 5308 1684 5346 cum
1725 5296 1994 5361 septennis

421 5386 758 5442 solitudinem
835 5388 1063 5441 incolere
1122 5387 1400 5456 cmpisset,
1475 5395 1587 5452 post
1649 5383 1992 5456 quadraginta

419 5494 619 5543 anulos,
667 5494 789 5532 cum
834 5479 1096 5547 praedictis
1125 5519 1139 5542 ,
1193 5494 1221 5529 a
1267 5476 1559 5544 Theophila
1609 5476 1786 5544 Papa,
1833 5478 1992 5530 veluti

421 5573 632 5633 cribro,
697 5587 954 5625 excussus
1005 5581 1106 5625 est.
1168 5571 1314 5624 Alter
1367 5572 1510 5626 Isaac
1572 5571 1879 5642 presbyter,
1941 5583 1996 5627 et

421 5665 538 5731 ipse
579 5663 864 5732 discipulus
893 5678 956 5716 ac
999 5678 1272 5717 successor
1304 5662 1483 5716 Cronii
1532 5664 1858 5734 presbyteri,
1909 5663 1992 5717 di-

423 5755 607 5825 scipuli
649 5754 886 5825 ejusdem
935 5753 1181 5818 Antonii,
1216 5753 1601 5822 Scripturarnm
1646 5765 1698 5809 ct
1751 5756 1861 5824 ipse
1908 5771 1990 5825 pe-

2115 446 2249 502 ritus
2273 464 2430 518 quam
2484 451 2570 518 qui
2615 452 2874 516 maxime,
2933 452 3209 522 hospitalis
3261 457 3304 509 si
3348 459 3464 527 quis
3515 462 3683 529 alius,

2114 538 2250 594 adeo
2277 549 2334 594 ut
2359 556 2465 609 pra:
2491 558 2693 595 summa
2726 545 3048 618 humanitate
3074 545 3356 616 hospitium
3407 550 3457 604 in
3507 568 3686 606 eremo

2114 632 2475 684 construxerit
2503 632 2568 685 ad
2613 633 2941 702 refrigerium
2993 652 3252 704 mgrorum
3299 643 3679 697 monachorum

2115 732 2166 776 ct
2192 723 2588 792 peregrinorum
2611 767 2625 788 ,
2654 725 2720 779 ad
2749 727 3052 781 invisendos
3094 729 3278 785 beatos
3319 730 3506 788 Patres
3561 736 3684 790 illuc

2111 814 2755 887 advenientium(dicitur
2804 827 2978 872 autem
3030 819 3098 873 ab
3126 822 3267 874 omni
3317 822 3394 876 ira
3419 824 3678 896 alienus),

2112 906 2436 975 trigesimum
2463 924 2656 961 annum
2688 924 2806 963 cum
2837 911 3030 979 egisset
3062 911 3111 964 in
3141 927 3355 968 secessu
3380 956 3392 973 .
3425 931 3527 970 una
3555 932 3677 972 cum

2110 995 2192 1051 his
2213 1007 2428 1051 vexatus
2447 1011 2546 1052 est.
2581 999 2658 1052 Ex
2691 1000 2770 1052 his
2795 1011 2968 1055 autem
2995 1002 3140 1057 Isaac
3182 1005 3324 1072 prior
3373 1017 3583 1062 centum
3629 1021 3682 1064 et

2109 1089 2480 1158 quinquaginta
2498 1091 2596 1144 sub
2625 1107 2681 1144 se
2703 1092 2988 1147 monachos
3019 1093 3277 1149 habebat:
3329 1101 3478 1166 cujus
3518 1101 3679 1156 disci—

2109 1179 2262 1246 pulos
2283 1189 2483 1248 septem
2515 1191 2604 1233 aut
2621 1191 2740 1235 octo
2761 1184 3319 1252 episc0pasconstituit
3333 1189 3678 1259 Theophilus,

2107 1274 2233 1327 dum
2264 1273 2621 1343 Theophilus,
2654 1275 2757 1330 hoc
2775 1288 2852 1331 εει
2879 1317 2894 1341 ,
2929 1278 3020 1331 Dei
3054 1294 3267 1345 atnans,
3300 1292 3441 1336 esset
3483 1302 3496 1337 :
3547 1285 3677 1340 alter

2107 1374 2281 1417 autem
2303 1365 2557 1420 ducentos
2585 1373 2640 1420 et
2663 1367 2878 1421 decem:
2909 1369 3059 1438 cujus
3079 1371 3236 1424 etiam
3265 1373 3507 1442 discipuli
3562 1378 3671 1446 plu-

2107 1455 2228 1508 rimi
2254 1457 2516 1524 episcopis
2543 1460 2872 1512 annumerati
2919 1470 3059 1513 sunt.
3091 1461 3154 1515 Hi
3207 1473 3363 1525 sunt,
3405 1482 3536 1534 quos
3585 1485 3654 1522 nu

2106 1545 2226 1600 dius
2255 1548 2438 1600 tertius
2464 1550 2871 1604 memoravimus
2905 1551 3088 1605 lsidori
3114 1555 3404 1624 presbyteri
3445 1573 3602 1612 causa
3647 1577 3675 1613 a

2107 1636 2400 1706 TheOphilo
2426 1637 2566 1708 Papa
2613 1639 2814 1708 ejectos
2861 1657 2927 1695 ex
2981 1638 3182 1698 eremo.
3235 1645 3296 1698 Hi
3339 1657 3494 1711 sunt,
3547 1666 3680 1718 quos

2107 1728 2408 1782 sacerdotes
2436 1737 2491 1783 et
2517 1729 2720 1784 diaconi
2747 1731 3146 1800 despexerunt;
3179 1743 3234 1788 et
3251 1751 3388 1804 quos
3432 1739 3483 1792 in
3537 1741 3680 1792 viro.

2109 1834 2222 1871 rum
2245 1819 2603 1874 confusionem
2652 1822 2821 1875 virilis
2869 1824 3059 1878 tnulier
3101 1828 3368 1895 suscepit,
3425 1840 3582 1900 atque
3630 1833 3681 1886 in

2106 1910 2472 1978 episcoporum
2538 1913 3031 1969 condemnationem
3127 1919 3316 1974 mulier
3385 1921 3681 1979 diaconissa

2106 2001 2335 2071 hospitio
2385 2005 2625 2072 excepit;
2663 2005 2814 2074 cujus
2865 2005 2979 2059 laus
3018 2009 3068 2060 in
3118 2007 3678 2070 Ecclesiisumltarum

2107 2111 2280 2148 rerum
2323 2111 2480 2148 causa
2522 2096 2854 2150 celebratur:
2905 2100 3293 2155 Samaritanum
3344 2103 3524 2168 illum,
3566 2110 3672 2176 qui-

2105 2203 2328 2256 cumque
2374 2187 2582 2242 tandem
2614 2189 2702 2243 ille
2740 2192 2841 2256 sit,
2895 2192 3128 2256 imitata,
3175 2196 3261 2262 qui
3313 2211 3343 2248 a
3390 2197 3679 2254 latronibus

2104 2280 2468 2342 vulneratum,
2515 2279 2830 2334 semivivum
2878 2283 2928 2334 in
2969 2282 3232 2338 descensu
3273 2285 3486 2342 Jericho
3529 2291 3676 2342 inve-

2103 2371 2289 2435 niens,
2318 2373 2530 2440 proprio
2549 2372 2695 2425 illum
2724 2373 3262 2443 imposuitjumento,
3292 2388 3346 2433 et
3387 2379 3452 2434 ad
3501 2383 3679 2435 stabn~

2105 2461 2210 2514 lum
2240 2475 2403 2530 usque
2453 2462 2596 2528 tulit,
2625 2471 2784 2532 atque
2834 2462 3177 2518 humanitatis
3206 2467 3383 2522 oleum
3411 2483 3528 2522 cum
3581 2471 3676 2524 ad-

2103 2553 2392 2621 stringente
2429 2553 2550 2605 vino
2613 2553 2970 2622 permiscens,
3001 2555 3306 2610 vulneribus
3362 2559 3676 2614 medicinam

2102 2642 2244 2697 fecit.
2269 2643 2336 2696 Et
2362 2642 2476 2697 haec
2502 2644 2712 2714 quidem
2743 2645 2810 2699 de
2839 2645 2953 2699 istis
2979 2645 3116 2699 dicta
3145 2647 3268 2700 sint.
3296 2647 3554 2715 Quantam
3583 2667 3677 2704 au-

2103 2744 2206 2787 tem
2232 2744 2286 2788 et
2313 2735 2654 2803 pecuniarum
2675 2744 2729 2788 et
2754 2736 3069 2804 praediorum
3100 2738 3304 2806 copiam
3361 2741 3678 2809 pauperibus

2101 2826 2447 2889 distribuerit,
2467 2842 2571 2880 non
2589 2843 2760 2881 meum
2791 2837 2870 2881 est
2885 2828 3082 2889 dicere,
3105 2831 3197 2883 sed
3216 2847 3396 2884 eorum
3415 2834 3500 2902 qui
3518 2833 3678 2888 bene-

2103 2919 2276 2972 ﬁcium
2303 2929 2651 2988 acceperunt:
2685 2921 2833 2973 exsul
2851 2921 3044 2989 quippe
3062 2936 3180 2974 cum
3206 2937 3381 2978 essem
3403 2966 3416 2986 ,
3447 2925 3495 2977 ei
3528 2927 3677 2980 oneri

2102 3023 2207 3061 non
2229 3008 2322 3062 fui.
2343 3007 2418 3062 De
2443 3024 2504 3062 ea
2539 3024 2668 3063 vero
2690 3009 2812 3063 audi
2845 3012 2968 3079 quid
3013 3013 3336 3079 prasclarius.
3369 3015 3679 3071 Parentibus

2100 3098 2304 3165 orbata,
2338 3100 2454 3152 viro
2480 3100 2758 3169 conjuncta
2785 3116 2902 3155 cum
2920 3113 3078 3167 esset,
3111 3103 3180 3156 ita
3201 3104 3309 3157 Deo
3335 3105 3565 3170 volente,
3589 3123 3676 3160 re.

2100 3205 2216 3243 rum
2235 3191 2470 3244 omnium
2491 3193 2711 3260 przcscio
2731 3201 2784 3246 et
2811 3193 3070 3247 humanos
3087 3206 3310 3249 eventus
3331 3198 3678 3266 prmvidente,

2100 3282 2188 3335 vix
2229 3281 2412 3352 viginti
2463 3298 2678 3336 menses
2719 3284 2896 3336 carnis
2941 3285 3220 3353 voluptati,
3266 3303 3384 3354 quae
3427 3289 3676 3343 omnibus

2101 3378 2347 3444 imperat,
2393 3375 2632 3438 servivit,
2660 3391 2780 3428 cum
2807 3377 3026 3430 maritus
3053 3377 3168 3446 ejus
3195 3389 3399 3432 natura:
3435 3379 3673 3434 debitum

2099 3467 2204 3518 cito
2228 3463 2598 3534 persolvisset.
2641 3465 2840 3518 Dicitur
2864 3477 3040 3520 autem
3070 3483 3209 3521 nunc
3235 3471 3398 3522 etiam
3427 3481 3481 3523 et
3525 3472 3674 3540 virgo

2098 3570 2236 3610 esse.
2266 3555 2394 3622 Quae
2418 3556 2559 3609 enim
2588 3556 2754 3624 potuit
2780 3557 3083 3624 apostolica:
3113 3557 3211 3626 legi
3243 3561 3442 3614 servire
3479 3578 3493 3614 :
3550 3560 3673 3614 Volo

2097 3646 2509 3698 adolescentiores
2520 3646 2692 3700 viduas
2707 3647 3092 3706 nubere.matres
3109 3651 3328 3718 familias
3343 3652 3502 3720 esse(i
3519 3651 3670 3705 .Tim.

2099 3738 2151 3791 5.
2187 3737 2306 3808 H);
2336 3752 2398 3792 ea
2425 3738 2638 3807 quidem
2679 3754 2783 3792 non
2817 3740 3096 3805 sustinuit;
3123 3751 3297 3796 tamen
3329 3757 3448 3796 cum
3479 3761 3672 3814 genere

2098 3837 2153 3881 et
2181 3827 2384 3894 opibus,
2411 3838 2567 3897 atque
2588 3829 2888 3897 cognitione
2911 3829 3135 3898 plurium
3162 3831 3521 3898 scientiarum,
3551 3850 3673 3888 nec.

2099 3933 2203 3970 non
2229 3918 2439 3986 ingenio
2465 3918 2665 3972 liberali
2696 3929 2748 3974 et
2772 3919 2940 3973 forma
2972 3931 3132 3990 atque
3151 3924 3323 3977 aetatis
3351 3923 3484 3978 ﬂore
3514 3941 3672 3980 exor-

2099 4020 2219 4062 nata
2247 4021 2406 4075 esset,
2445 4012 2663 4064 secundi
2692 4013 2921 4082 conjugii
2959 4013 3197 4082 laqueos,
3245 4031 3452 4084 caprea:
3484 4018 3670 4082 instar,

2097 4102 2365 4164 audacter,
2416 4101 2734 4154 transiliens.
2764 4099 2914 4156 Iusto
2955 4104 3086 4156 enim
3113 4105 3193 4157 lea:
3222 4106 3386 4172 posita
3413 4122 3513 4157 non
3555 4117 3626 4159 est
3655 4149 3667 4170 ,

2099 4194 2186 4244 sed
2211 4193 2390 4262 iugum
2413 4193 2816 4257 detrectantibus,
2865 4198 3109 4264 profertis,
3142 4207 3189 4249 et
3225 4198 3287 4250 iis
3331 4200 3414 4267 qui
3461 4199 3670 4252 libidine

2098 4285 2286 4350 expleri
2316 4302 2414 4338 non
2447 4296 2650 4354 possunt
2678 4287 2752 4354 (Ι.
2779 4285 2911 4341 Tim.
2942 4289 2990 4339 1.
3013 4284 3097 4354 9).
3118 4286 3348 4357 Contigit
3375 4299 3551 4342 autem
3582 4305 3671 4358 per

2098 4375 2378 4438 quamdam
2412 4376 2620 4428 Satana:
2667 4367 2936 4438 invidiam,
2984 4385 3042 4429 ut
3085 4377 3199 4444 ejus
3244 4387 3561 4446 praematura
3589 4396 3670 4432 vt-

2099 4465 2272 4519 duitas
2299 4466 2562 4519 delatione
2588 4467 2653 4518 aii
2682 4465 2966 4520 Theodosii
2998 4467 3336 4535 Imperatoris
3370 4483 3526 4522 aures
3555 4484 3671 4537 per-

2099 4558 2333 4622 veniret,
2366 4558 2453 4625 qui
2501 4573 2615 4611 eam
2653 4557 2858 4627 Elpidio
2892 4558 3117 4620 cuidam,
3156 4568 3378 4626 cognato
3419 4575 3537 4620 suo,
3577 4559 3670 4613 Hi-

2101 4665 2286 4718 Spano,
2328 4650 2378 4702 in
2406 4650 2798 4702 matrimonium
2837 4649 2965 4703 dare
2985 4651 3248 4718 cupiebat.
3281 4651 3375 4703 llic
3408 4667 3526 4704 cum
3555 4668 3671 4706 eam

2100 4743 2321 4796 multum
2365 4751 2588 4804 orasset,
2621 4756 2720 4796 nec
2763 4741 3047 4810 quidquam
3091 4741 3160 4793 ab
3201 4757 3263 4794 ea
3307 4742 3666 4810 impetrasset,

2098 4834 2282 4887 dolore
2309 4833 2528 4888 affectus
2565 4843 2667 4896 est,
2699 4833 3028 4902 signiﬁcante
3057 4833 3183 4886 illa:
3213 4833 3268 4887 Si
3301 4850 3386 4888 me
3416 4835 3666 4888 voluisset

2098 4926 2212 4978 Rex
2233 4941 2382 4979 meus
2410 4940 2528 4977 cum
2555 4925 2670 4977 viro
2691 4926 2887 4988 vivere,
2918 4924 3086 4976 virum
3119 4923 3246 4976 mihi
3278 4941 3381 4976 non
3409 4925 3660 4978 abstulis-

2099 5027 2215 5069 Set:
2244 5016 2492 5085 quoniam
2514 5027 2687 5069 autem
2717 5030 2800 5069 me
2839 5016 3128 5084 coujugalis
3157 5017 3276 5068 vita:
3307 5014 3525 5069 minime
3556 5015 3668 5068 ido-

2100 5125 2251 5163 neam
2299 5109 2563 5177 cognovit,
2595 5123 2692 5161 nec
2741 5123 2896 5177 posse
2943 5109 3058 5161 viro
3099 5107 3328 5177 placere,
3379 5118 3432 5161 et
3463 5107 3609 5160 illum
3637 5122 3669 5161 ο

2098 5200 2336 5268 corporis
2375 5199 2596 5253 vinculis
2636 5199 2894 5262 liberavit,
2925 5207 2979 5251 ct
3007 5214 3092 5252 me
3133 5213 3162 5250 a
3191 5197 3504 5266 gI‘JIVisSiIIIO
3539 5197 3667 5264 jugo

2099 5303 2254 5360 atque
2275 5307 2304 5344 a
2325 5292 2421 5344 viri
2443 5291 2694 5344 servitute
2719 5289 2934 5357 eripuit,
2967 5304 3127 5341 suave
3156 5303 3307 5340 suum
3329 5289 3657 5339 castimonia:

2095 5385 2276 5453 jugum
2321 5383 2483 5436 menti
2523 5396 2652 5434 mem
2695 5381 2988 5448 imponens.
3039 5379 3165 5432 Post
3213 5378 3312 5430 hoc
3355 5390 3665 5444 responsum

2096 5479 2245 5548 jubet
2268 5467 2596 5530 Theodosius
2614 5473 2870 5527 Prmfccto
2896 5473 3060 5534 urbis,
3097 5481 3156 5525 ut
3182 5471 3298 5537 ejus
3325 5469 3460 5522 bona
3490 5482 3666 5521 serva-

2102 5579 2304 5632 rentur,
2332 5567 2620 5637 usquedum
2648 5565 2856 5633 triginta
2887 5563 3059 5618 mtatis
3081 5578 3248 5616 annos
3276 5559 3662 5629 explesset.Qui

2101 5662 2275 5715 statim
2326 5671 2442 5728 post
2488 5657 2824 5726 Imperatoris
2873 5655 3218 5718 mandatum,
3269 5667 3501 5718 eousque
3547 5666 3664 5703 eam

2101 5753 2326 5819 vexavit,
2370 5751 2614 5806 incitatus
2655 5747 2722 5802 ab
2767 5747 2996 5817 Elpidio,
3036 5755 3090 5800 ut
3119 5761 3186 5800 ne
3215 5744 3514 5800 facultatem
3547 5741 3661 5814 qui-
