4122 6386
408 341 483 403 59
1418 344 1505 399 DE
1542 344 1703 402 VITA
1743 346 1799 401 S.
1850 346 2135 405 JOANNIS
2170 348 2673 405 CIIRYSOSTOMI.
3597 348 3667 401 ϐυ

411 459 733 531 ἀντερείδων
780 460 893 521 τοῖς
942 457 1142 525 ὀδοῦσι,
1175 458 1250 532 μὴ
1283 461 1569 532 χωρούσης
1605 465 1704 535 τῆς
1739 463 1991 535 γλώσσης

412 545 473 600 ἐν
503 542 580 614 τῷ
602 542 892 613 ὡρισμένῳ
924 541 1076 612 παρά
1126 543 1225 614 τῆς
1271 544 1486 612 φύσεως
1525 546 1695 618 τόπῳ.
1734 550 1792 601 ἐν
1816 545 1989 617 πυξίῳ

410 626 627 698 γράψας
662 624 1049 695 ἐξομολόγησιν
1081 628 1338 680 ἐποιεῖτο.
1381 629 1489 683 Καὶ
1529 625 1598 700 ἦν
1634 630 1759 683 ἰδεῖν
1791 631 1989 701 θεήλα-

411 726 502 764 τον
528 709 695 781 ὀργὴν
724 710 1000 781 διαφόροις
1027 711 1319 781 τιμωρίαις
1350 713 1775 785 στρατηγοῦσαν.
1799 718 1860 768 Ol
1883 716 1990 790 γὰρ

411 793 502 846 τὸν
533 793 642 846 τῶν
669 792 856 863 ψυχῶν
892 793 1075 865 ἰατρὸν
1117 795 1211 847 καί¹
1258 795 1508 849 ἐπαοιδὸν
1554 796 1987 866 παροξύναντες.

410 878 505 933 καὶ
538 880 976 949 μεταστήσαντες
1022 878 1116 932 τοῦ
1170 879 1272 949 τῆς
1324 881 1596 951 σωτηρίας
1629 883 1989 953 ἐργαστηρίου

409 963 501 1016 τὸν
528 965 812 1034 ὑποφήτην
838 964 1052 1028 τούτου,
1081 966 1195 1029 τοῖς
1219 964 1328 1021 τῶν
1366 967 1633 1037 σωμάτων
1670 968 1872 1040 ἰατροῖς
1910 969 1991 1029 εἰς

409 1047 666 1117 αἰκισμὺν
714 1047 1081 1117 παρεδίδοντο.
1114 1048 1307 1119 ὀδύνην
1362 1050 1461 1120 μὲν
1513 1051 1989 1121 ἐπιχορηγούντων

407 1133 524 1193 τοῖς
578 1131 954 1201 νομιζομένοις
1027 1132 1379 1203 φαρμάκοις,
1447 1134 1722 1204 σωτηρίαν
1788 1133 1832 1186 δ’
1890 1135 1989 1187 ούκ

409 1212 801 1283 ἐμποιούντων.
836 1214 931 1277 Τίς
974 1214 1085 1284 γάρ
1141 1215 1351 1269 ἰάσεται
1376 1216 1468 1269 τὸν
1516 1215 1621 1269 ὑπὸ
1653 1216 1786 1270 Θεοῦ
1817 1235 1988 1287 τιμω-

410 1296 698 1370 ρούμενον,
751 1298 828 1362 ὡς
877 1299 909 1350 6
948 1299 1436 1375 npocpﬂmcﬁéyev
1492 1301 1591 1369 Μὴ
1631 1302 1814 1369 ίατροί
1842 1304 1989 1357 ἀνα-

409 1382 753 1452 στήσουσι,
808 1385 910 1437 καί
973 1383 1530 1453 ἐξομολογήσονταί
1587 1401 1730 1449 σοι;
1803 1385 1990 1452 Οὕτως

410 1465 728 1520 ἀπώλλυντο
782 1466 983 1529 πάντες
1020 1469 1068 1519 οἰ
1098 1467 1552 1539 άντιπράττοντες
1577 1472 1642 1540 τῇ
1675 1472 1864 1541 εἰρήνῃ
1891 1471 1990 1541 τῆς

422 1548 752 1620 Ἐκκλησίας
781 1567 895 1610 σου.
943 1549 1138 1620 Κύριε.
1182 1552 1416 1619 Λέγεται
1467 1551 1523 1605 δὲ
1565 1552 1626 1605 τὸ
1657 1553 1847 1624 μνῆμα
1893 1554 1988 1608 τοῦ

413 1632 737 1702 μονάζοντος
783 1634 1093 1704 Ἀμμωνίου
1136 1635 1323 1697 νόσους
1352 1635 1449 1698 τὰς
1491 1637 1619 1707 περί
1659 1638 1811 1707 ῥῖγος
1832 1637 1988 1692 ἐλαύ-

409 1734 542 1771 νειν.
570 1718 847 1771 Τέθαπται
868 1718 925 1771 δὲ
950 1720 1006 1771 ἐν
1030 1718 1108 1789 τῷ
1138 1719 1422 1790 μαρτυρίῳ
1456 1719 1565 1773 τῶν
1617 1722 1952 1775 Ἀποστόλων
1969 1763 1984 1785 ,

409 1801 584 1874 πέραν
628 1801 926 1873 θαλάσσης.
986 1803 1047 1856 'O
1096 1803 1153 1855 δέ
1204 1803 1500 1866 ἐπίσκοπος
1553 1804 1862 1875 Διόσκορος,
1913 1806 1989 1872 ῶς

411 1903 596 1955 φασιν,
628 1887 924 1957 εὐξάμενος
958 1888 1205 1949 πλεῖστα,
1240 1888 1273 1960 ἥ
1302 1890 1525 1959 εἰρήνην
1564 1888 1688 1942 ἰδεῖν
1717 1889 1826 1943 τῶν
1862 1892 1987 1944 Ἐκ-

410 1969 671 2041 κλησιῶν,
699 1970 733 2040 ἢ
763 1969 914 2032 τέλος
944 1970 1008 2023 τὸ
1040 1970 1255 2032 ἐαυτοῦ,
1299 1970 1611 2044 κατηξιώθη
1649 1972 1741 2026 τοῦ
1770 1972 1953 2037 τέλους
1971 2016 1985 2035 ,

409 2053 597 2124 ἐπειδὴ
626 2054 727 2106 οὐκ
750 2048 818 2123 ἦν
848 2052 996 2117 ἄξιος
1046 2057 1075 2107 6
1124 2054 1328 2124 κόσμος
1362 2056 1462 2124 τῆς
1510 2057 1756 2127 εἰρήνης.
1784 2058 1988 2125 Ταφεὶς

409 2139 469 2191 ἐν
490 2138 566 2209 τῷ
590 2138 698 2208 πρὸ
724 2137 824 2206 τῆς
850 2136 1025 2205 πύλης
1074 2139 1359 2208 μαρτυρίῳ
1397 2148 1436 2202 ⁸,
1483 2138 1560 2202 ὡς
1598 2139 1697 2203 τάς
1731 2140 1987 2207 πλείστας

405 2222 517 2275 τῶν
540 2220 817 2291 γυναικῶν
869 2221 1272 2291 καταλειψάσας
1311 2223 1410 2292 τῆς
1444 2222 1723 2294 μάρτυρος
1745 2227 1870 2288 τοὺς
1895 2228 1986 2295 ὄρ-

407 2322 559 2369 κους,
609 2304 750 2358 κατά
780 2303 887 2357 τῶν
944 2305 1118 2375 εὐχῶν
1168 2306 1459 2377 Διοσκόρου
1498 2307 1737 2374 ὀμνύειν.
1772 2310 1907 2378 Περί
1932 2310 1986 2362 δὲ

312 2390 315 2393 ’
405 2387 515 2443 τῶν
542 2388 743 2442 λοιπῶν
764 2389 1019 2458 ἀσκητῶν
1042 2387 1206 2452 πολύς
1230 2406 1320 2459 μοι
1350 2389 1508 2459 λόγος
1534 2392 1987 2446 καταναλίσκεται

406 2474 487 2535 εἰς
535 2472 595 2524 τὸ
627 2471 1015 2542 διηγήσασθαι,
1080 2471 1211 2534 ἴσως
1274 2474 1632 2544 ἐπειγομένου
1673 2491 1801 2539 σου,
1863 2494 1991 2548 φερ-

403 2554 588 2627 ώνυμε
617 2555 891 2626 ἄνθρωπε.
933 2557 989 2610 ὐ
1026 2557 1209 2611 ΔΙΑΚ.
1237 2558 1346 2610 Καὶ
1378 2557 1461 2621 τίς
1492 2558 1633 2612 οὓτω
1653 2560 1986 2631 τρισάθλιος,

405 2644 518 2703 τοῖς
546 2641 646 2713 τῆς
675 2642 876 2712 ἀρετῆς
903 2641 1205 2712 διηγήμασι
1245 2641 1319 2712 μὴ
1352 2641 1527 2706 διδοὺς
1584 2642 1803 2715 χώραν;
1848 2645 1988 2713 Λέγε

403 2724 604 2786 τοίνυν,
642 2725 965 2796 παρακαλῶ,
989 2727 1085 2778 καὶ
1114 2727 1411 2796 οἰῳδήποτε
1442 2727 1585 2797 λόγῳ
1625 2728 1834 2800 εὐλόγῳ
1884 2731 1985 2782 ἀπ-

404 2811 582 2878 άγαγέ
637 2828 737 2881 μου
785 2811 877 2863 τὸν
927 2809 1051 2863 νοῦν
1097 2811 1207 2864 τῶν
1270 2811 1536 2882 βιωτικῶν
1582 2813 1888 2883 νοημάτων.
1932 2816 1989 2867 Ὀ

416 2894 670 2947 ἘΠΙΣΚ.
705 2894 860 2946 Ἔστι
884 2893 1061 2947 τοίνυν
1088 2894 1274 2965 ’έτερος
1317 2893 1512 2965 Ἰέραξ,
1553 2895 1850 2966 Ἑλληνικῷ
1890 2897 1989 2967 μὲν

403 2978 737 3047 καλούμενος
782 2978 1028 3048 ὀνόματι,
1063 2982 1454 3048 πνευματικοῖς
1481 2978 1538 3031 δὲ
1578 2982 1987 3050 κεκοσμημένος

403 3063 646 3134 τρόποις·
676 3063 734 3126 ὃς
762 3063 830 3116 τὰ
859 3064 957 3133 μὲν
989 3062 1182 3134 πρῶτα
1233 3062 1339 3129 ἔξω
1368 3063 1551 3133 πάσης
1593 3064 1869 3132 Αἰγύπτου
1898 3066 1989 3118 καὶ

402 3146 668 3218 Θηϐαΐδος
697 3148 753 3199 ἐν
780 3146 857 3216 τῷ
891 3146 1208 3217 Πορφυρίτῃ
1257 3145 1372 3215 ὄρει
1406 3146 1564 3216 μόνος
1594 3148 1952 3220 ἀναχωρήσας
1972 3190 1988 3209 ,

403 3231 532 3284 ἀνευ
561 3230 730 3296 πνοῆς
764 3229 1134 3300 ἀνθρωπίνης,
1188 3229 1431 3299 τέσσαρα
1470 3231 1838 3303 ἐκαρτέρησεν
1870 3232 1988 3303 ἐτη,

406 3316 599 3386 μόναις
631 3318 753 3377 ταῖς
792 3316 1015 3386 ἀρεταῖς
1077 3313 1417 3385 ἀρκούμενος
1483 3316 1560 3378 εἰς
1613 3315 1991 3385 παράκλησιν·

404 3400 597 3452 ἔπειτα
625 3398 683 3451 δέ
730 3400 794 3469 τῇ
842 3398 942 3469 τῆς
989 3396 1224 3466 Νιτρίας
1274 3397 1468 3468 ἐρήμῳ
1518 3399 1862 3451 εἰκοσιπέντε
1895 3400 1991 3470 ἐτη

406 3487 521 3554 ἅμα
552 3486 662 3546 τοῖς
693 3482 1110 3554 προειρημένοις
1157 3482 1458 3551 Πατράσιν.
1520 3482 1708 3553 Τούτῳ
1738 3483 1993 3554 δαίμονες

408 3569 746 3632 ἐπιστάντες,
776 3567 852 3631 ὡς
908 3567 1070 3630 αὐτὸς
1117 3568 1250 3637 ἡμῖν
1284 3566 1603 3639 διηγήσατο,
1642 3568 1992 3638 πολυχρόνιον

406 3653 551 3725 ζωὴν
593 3652 1006 3715 ὑποϐάλλοντες,
1057 3651 1167 3704 ἀπὸ
1223 3653 1324 3721 τῆς
1372 3652 1743 3724 προκειμένης
1778 3653 1993 3717 ἐλπίδος

410 3737 655 3792 σαλεύειν
686 3734 1033 3798 ἐσπούδαζον,
1075 3735 1682 3805 μετασχηματισθέντες
1711 3737 1792 3799 εἰς
1820 3737 1990 3804 ἀγγέ-

406 3821 530 3886 λους
556 3822 752 3890 φωτός·
780 3821 1121 3889 Πεντήκοντα
1171 3820 1287 3889 ἐτη,
1317 3819 1587 3887 λέγοντες,
1618 3819 1761 3890 ἔχεις
1798 3819 1988 3890 ζῆσαι,

408 3904 525 3968 πῶς
554 3905 917 3975 καρτερήσεις
947 3905 1004 3955 ἐν
1038 3904 1103 3973 τῇ
1136 3904 1364 3974 ἐρήμῳ;
1401 3903 1459 3955 Ὀ
1485 3902 1542 3955 δὲ
1570 3904 1637 3973 τῇ
1671 3903 1883 3956 συνέσει
1905 3902 1993 3955 διά

406 3988 508 4058 τῆς
569 3989 808 4051 πίστεως
868 3985 1237 4059 ἀνθυποφέρει
1292 3988 1493 4056 φήσας·
1534 3988 1871 4058 Ἐλυπήσατέ
1901 4006 1990 4058 με,

409 4070 668 4123 ἐλάττονα
700 4070 800 4140 τῆς
826 4068 1136 4141 προθέσεως
1186 4070 1277 4123 τὸν
1329 4071 1519 4141 χρόνον
1569 4071 1834 4134 εἰπόντες·
1880 4069 1993 4123 δια-

408 4153 606 4207 κοσίων
649 4152 760 4223 γάρ
813 4152 952 4204 ἐτῶν
1009 4154 1365 4224 παρασκευὴν
1422 4153 1877 4223 ἐπιησάμηνρέν
1925 4156 1991 4223 τῇ

408 4239 619 4310 ἐρήμῳ.
664 4239 727 4291 Οἰ
775 4238 833 4291 δὲ
867 4237 1197 4300 ἀκούσαντες
1229 4236 1433 4307 ᾤχοντο
1479 4236 1842 4302 ὀλολύζοντες.
1884 4237 1995 4289 Καὶ

408 4321 596 4375 τοῦτον
624 4321 715 4375 τὸν
746 4320 1010 4381 τοιοῦτον,
1050 4320 1112 4373 ὃν
1141 4321 1190 4372 οἱ
1236 4320 1490 4389 δαίμονες
1523 4321 1624 4373 οὐκ
1668 4318 1990 4382 ἐσάλευσαν,

409 4406 702 4477 πολυμήκη
727 4406 920 4478 χρόνον
949 4408 1029 4469 εἰς
1048 4405 1282 4476 άκηδίαν
1321 4404 1698 4475 σοφισάμενοι,
1732 4404 1758 4455 6
1805 4403 1995 4468 πάπας

407 4490 664 4558 Θεόφιλος
712 4490 805 4545 διὰ
851 4492 1276 4562 προστάγματος
1346 4489 1507 4542 αὑτὸν
1562 4488 1989 4560 μετανέστησεν,

409 4576 502 4629 καὶ
532 4577 612 4640 εἰς
673 4575 945 4646 τοσαύτην
1001 4576 1360 4647 περιέστησεν
1418 4574 1701 4642 ἀνάγκην,
1762 4572 1838 4636 ὡς
1900 4573 1991 4628 καὶ

411 4660 773 4732 στρατόπεδον
799 4660 1148 4714 καταλαϐεῖν·
1206 4659 1265 4724 ὃς
1299 4658 1394 4711 νῦν
1427 4657 1566 4729 μετὰ
1607 4656 1705 4727 τὴν
1740 4656 1994 4727 κοίμησιν

421 4744 732 4815 Ἀμμωνίου
766 4744 865 4815 τὴν
909 4744 1230 4816 πανέρημον
1284 4743 1445 4796 πάλιν
1506 4741 1835 4812 κατείληφε,
1894 4742 1994 4810 τὴν

409 4827 503 4880 τοῦ
566 4828 799 4899 ἀρότρου
855 4827 1173 4898 παραϐολὴν
1249 4825 1525 4895 φοϐηθείς.
1590 4824 1783 4887 Ἀλλος
1833 4823 1993 4876 πάλιν

410 4912 779 4983 πρεσϐύτερος
819 4911 1006 4964 Ἰσαὰκ
1049 4909 1361 4980 λεγόμενος.
1410 4907 1660 4979 μαθητής
1706 4909 1992 4978 Μακαρίου

409 4995 505 5049 τοῦ
539 4995 782 5067 μαθητοῦ
819 4995 1127 5056 Ἀντωνίου,
1165 4993 1466 5064 φιλέρημος
1517 4994 1767 5061 εἰσάγαν,
1798 5009 1995 5063 πεντη-

409 5080 603 5134 κοστὸν
633 5080 750 5145 ἐτος
777 5079 947 5148 ἄγων,
979 5079 1121 5132 κατὰ
1157 5077 1395 5132 διάνοιαν
1426 5077 1613 5142 σώζων
1668 5077 1768 5149 τὴν
1811 5079 1994 5130 πᾶσαν

409 5165 656 5237 Ρραφὴν,
709 5165 984 5235 κεράστας
1029 5164 1184 5232 ὄφεις
1212 5166 1269 5215 ἐν
1297 5164 1419 5225 ταῖς
1464 5163 1650 5233 χερσὶν
1696 5161 1995 5223 ἀκινδύνως

408 5249 719 5319 βαστάζων,
747 5247 1015 5320 παρθένος
1037 5250 1101 5301 ἐκ
1137 5249 1371 5318 μήτρας,
1408 5247 1677 5315 έπταετὴς
1707 5247 1735 5285 ι’
1757 5247 1995 5301 καταλα-

410 5331 521 5386 ϐὼν
548 5333 649 5403 τὴν
700 5332 926 5403 ἔρημον,
968 5332 1105 5402 μετὰ
1156 5330 1568 5400 τεσσαράκοντα
1609 5331 1701 5401 ἐτη
1759 5332 1855 5383 σὺν
1884 5332 1997 5391 τοῖς

410 5416 831 5487 προειρημένοις
860 5416 1010 5486 παρά
1048 5413 1140 5467 τοῦ
1192 5414 1348 5467 πάπα
1377 5413 1632 5481 Θεοφίλου
1676 5412 1992 5477 ἐσινιάζετο.

412 5498 639 5571 Ἕτερος
675 5499 861 5552 Ἰσαάκ
892 5500 1283 5570 πρεσϐύτερος,
1318 5498 1414 5550 καὶ
1439 5498 1599 5560 αὐτὸς
1631 5497 1879 5566 μαθητής
1904 5497 1997 5550 καὶ

409 5581 649 5653 διάδοχος
682 5586 917 5652 Κρονίου
938 5582 1029 5636 τοῦ
1065 5581 1463 5653 πρεσϐυτέρου,
1502 5581 1744 5651 μαθητοῦ
1780 5582 1872 5634 καί
1902 5581 1998 5635 αύ-

409 5666 504 5721 τοῦ
559 5668 879 5733 Ἀντωνίου,
933 5666 1234 5737 γνωστικὺς
1288 5666 1382 5719 καὶ
1436 5666 1595 5730 αὐτὸς
1647 5667 1703 5718 ἐν
1753 5665 1997 5735 Γραφαῖς

471 5854 501 5918 ξ·
522 5854 671 5905 Addit
696 5857 874 5913 Georg.
899 5857 968 5914 τῷ
992 5856 1039 5902 ἐν
1059 5862 1115 5918 τῇ
1143 5855 1272 5917 Δρυί.

474 5916 502 5958 δ
524 5918 704 5982 Georg.
730 5921 999 5977 πενταετὴς.

2096 464 2542 535 ὑπερϐαλλόντως
2561 507 2578 531 ,
2634 465 2910 536 φιλόξενος
2936 467 2983 520 εἰ
3015 465 3110 520 καί
3161 483 3246 531 τις
3282 464 3460 530 ἄλλος.
3494 466 3571 531 ὡς
3597 467 3666 524 δι’

2094 549 2193 601 ὑπε
2204 549 2397 619 ρϐολὴν
2451 551 2861 622 φιλανθρωπίας
2894 550 3216 621 ξενοδοχεῖον
3258 553 3667 607 κατασκευάσαι

2091 632 2150 684 ἐν
2179 636 2243 704 τῇ
2277 636 2577 706 πανερήμῳ
2624 636 2704 698 εἰς
2750 635 3011 705 ἀνάψυξιν
3045 635 3140 688 καὶ
3170 634 3278 687 τῶν
3326 635 3668 706 ἀρρωστούν-

2091 732 2200 769 των
2230 719 2502 789 μοναχῶν.
2558 720 2653 772 καὶ
2685 718 2794 773 τῶν
2840 719 3312 790 ἐπιχωριαζόντων
3339 717 3503 782 ξένων
3538 717 3668 783 θέας

2090 800 2275 853 ἕνεκεν
2311 801 2419 854 τῶν
2452 801 2733 873 μακαρίων
2774 802 3056 870 Πατέρων,
3103 801 3234 870 φασὶ
3264 800 3341 861 δὲ,
3374 802 3543 870 ὀργῆς
3570 801 3666 855 ἀλ⁹

2089 883 2319 955 λότριος,
2360 886 2678 956 τριακοστὸν
2715 884 2834 948 ἔτος
2875 886 3023 953 ἄγων
3087 887 3143 937 ἐν
3175 886 3240 955 τῇ
3300 886 3664 957 ἀναχωρήσει,

2093 970 2189 1022 σὺν
2231 967 2441 1032 τούτοις
2491 971 2859 1039 ἐκακουχεττο.
2905 968 3119 1020 Τούτων
3172 970 3200 1021 ὁ
3251 969 3347 1037 μὲν
3406 970 3666 1040 πρότερος

2102 1051 2289 1105 Ἰσαὰκ
2316 1052 2508 1105 ἐκατὸν
2535 1053 2871 1123 πεντήκοντα
2893 1047 3037 1121 εἶχεν
3069 1052 3157 1119 ὑφ’
3188 1051 3377 1103 ἐαυτὸν
3400 1050 3664 1119 ἀσκητάς·

2088 1131 2149 1191 οὗ
2177 1138 2272 1189 καί¹
2328 1136 2574 1206 μαθητάς
2619 1135 2951 1199 ἐπισκόπους
2997 1136 3328 1194 κατέστησεν
3351 1135 3380 1187 ό
3408 1134 3668 1201 Θεόφιλος

2090 1220 2195 1284 ἐως
2220 1219 2413 1290 ἐπτὰῆ
2449 1218 2610 1282 ὀκτὼ,
2642 1219 2805 1289 ἡνίκα
2829 1217 3073 1286 θεόφιλος
3091 1213 3179 1287 ἦν·
3215 1220 3243 1270 ό
3270 1216 3314 1269 δ’
3345 1217 3427 1269 ἓτε
3437 1234 3529 1287 ρος
3554 1217 3669 1271 δια.-

2090 1304 2307 1368 κοσίους
2334 1303 2484 1365 δέκα,
2508 1298 2568 1357 οὗ
2595 1303 2688 1355 καὶ
2711 1301 2876 1356 αὐτοῦ
2907 1300 3091 1354 πολλοὶ
3117 1302 3175 1353 ἐν
3216 1301 3534 1364 ἐπισκόποις
3564 1317 3669 1367 μα-

2092 1387 2253 1458 θηταὶ
2282 1386 2799 1458 κατηριθμήθησαν.
2830 1380 2987 1438 Οὗτοί
3024 1386 3152 1447 εἰσι,
3199 1384 3326 1453 περί
3364 1377 3440 1436 ὧν
3476 1383 3667 1455 τρίτην

2089 1474 2308 1543 ἡμέραν
2339 1470 2739 1541 διηγησάμεθα,
2790 1467 3061 1539 Ίσιδώρου
3094 1469 3252 1539 χάριν
3296 1467 3388 1521 τοῦ
3427 1467 3666 1538 πρεσϐυο

2092 1559 2252 1628 τέρου
2281 1557 2381 1627 τῆς
2404 1558 2614 1627 ἐρήμου
2642 1552 2873 1624 ήλάσθαι
2899 1552 3048 1620 παρὰ
3082 1552 3340 1605 Θεοφίλου
3372 1551 3463 1605 τοῦ
3486 1553 3664 1605 πάπα.

2092 1638 2249 1696 Οὗτοί
2273 1643 2431 1703 εἰσιν,
2465 1638 2558 1701 οὒς
2583 1636 2834 1708 παρεῖδον
2866 1637 3030 1706 ἱερεῖς
3061 1634 3154 1686 καὶ
3174 1632 3425 1699 Λ.υἵται,
3458 1635 3554 1688 καὶ
3588 1637 3669 1697 εἰς

2094 1724 2355 1795 αἰσχύνην
2385 1722 2594 1792 ἀνδρῶν
2638 1718 2859 1791 ἀνδρεία
2915 1717 3053 1788 γυνὴ
3106 1715 3421 1781 ὑπεδέξατο,
3466 1718 3563 1795 καί
3590 1720 3669 1779 εἰς

2093 1811 2267 1879 κρῖμα
2319 1807 2635 1859 ἐπισκόπων
2698 1804 2942 1865 διάκονος
2989 1800 3177 1871 θήλεια
3241 1799 3501 1864 ἐξένισεν,
3544 1794 3611 1869 ἧς
3639 1800 3670 1852 6

2092 1890 2312 1953 ἔπαινος
2356 1892 2415 1943 ἐν
2458 1893 2576 1952 ταῖς
2613 1887 2959 1958 Ἐκκλησίαις
3008 1884 3426 1956 ἐμπολιτεύεται
3460 1883 3668 1937 πολλῶν

2090 1976 2297 2039 ἕνεκεν,
2339 1975 2429 2028 τὸν
2468 1972 2814 2043 Σαμαρείτην
2863 1972 3088 2033 ἐκεῖνον,
3135 1970 3283 2032 ὅστις
3338 1968 3467 2021 ποτέ
3517 1969 3667 2033 ἐστι,

2094 2060 2479 2129 μιμησαμένη,
2509 2057 2568 2119 ὃς
2593 2056 2685 2109 τὸν
2741 2055 2844 2108 ὑπὸ
2878 2053 3087 2124 λῃστῶν
3120 2052 3490 2124 συντριϐέντα,
3537 2054 3670 2122 ἡμι-

2091 2142 2249 2213 θανῆ,
2286 2146 2343 2195 ἐν
2363 2145 2428 2213 τῇ
2461 2140 2757 2195 καταϐάσει
2793 2140 3002 2211 Ἱεριχὼ
3057 2137 3257 2209 εὑρὼν,
3314 2137 3407 2190 ἐπὶ
3444 2137 3506 2190 τὸ
3538 2136 3670 2189 ἴδιον

2091 2226 2416 2280 ἐπεϐίϐασεν
2448 2224 2740 2291 ὑποζύγιον
2774 2224 2935 2293 μέχρι
2984 2222 3078 2275 τοῦ
3140 2221 3455 2292 πανδοκείου
3486 2221 3671 2288 ἐνηνο-

2091 2310 2221 2382 χὼς,
2246 2310 2340 2363 καὶ
2379 2310 2443 2361 τὸ
2491 2309 2593 2378 τῆς
2643 2306 3054 2378 φιλανθρωπίας
3103 2306 3279 2360 ἔλαιον
3309 2307 3406 2358 σὺν
3434 2304 3512 2374 τῷ
3542 2302 3668 2355 στύ-

2092 2412 2246 2464 φοντι
2281 2392 2409 2461 οἴνῳ
2434 2393 2675 2462 κεράσας
2712 2392 2900 2444 ἰάσατο
2929 2391 2996 2444 τά
3031 2391 3320 2461 οἰδήματα.
3357 2388 3466 2440 Καὶ
3497 2386 3671 2439 ταῦτα

2095 2480 2192 2550 μὲν
2223 2475 2480 2548 εἰρήσθω.
2506 2476 2678 2544 Ὂσην
2701 2476 2758 2528 δὲ
2783 2475 3101 2545 περιουσίαν
3128 2473 3426 2544 χρημάτων
3453 2471 3487 2542 ἢ
3537 2488 3673 2541 κτη-

2094 2565 2280 2633 μάτων
2299 2562 2413 2623 τοίς
2435 2558 2708 2629 δεομένοις
2765 2558 3056 2624 διένειμεν,
3086 2559 3188 2610 οὐκ
3213 2556 3343 2627 ἐμὸν
3369 2556 3431 2608 τὸ
3455 2554 3668 2622 λέγειν,

2090 2646 2226 2698 ἀλλά
2249 2643 2357 2696 τῶν
2396 2639 2456 2695 εὖ
2513 2641 2815 2694 παθόντων·
2857 2641 3145 2712 ὑπερόριος
3169 2639 3277 2711 γάρ
3322 2638 3418 2703 ὢν,
3459 2637 3674 2708 ἀϐαρὴς

2092 2728 2426 2800 ἐφυλάχθην.
2455 2728 2723 2779 ¹Ἄκουσον
2751 2725 2809 2778 δέ
2854 2726 2953 2796 τῆς
2985 2726 3229 2795 μείζονος
3282 2721 3508 2794 ἀρετῆς.
3558 2723 3675 2791 Ὀρ-

2092 2814 2234 2884 φανὴ
2259 2812 2368 2882 γάρ
2400 2811 2556 2881 ἀνδρὶ
2613 2808 2941 2877 συναφθεῖσα
2993 2809 3053 2860 οὐ
3109 2805 3462 2877 συνεχωρήθη
3522 2804 3675 2875 παρά

2091 2895 2184 2948 τοῦ
2220 2892 2567 2964 προγνὼστου
2597 2892 2754 2953 Θεοῦ,
2791 2892 2884 2945 τοῦ
2957 2890 3296 2963 προορῶντος
3322 2889 3421 2951 τάς
3450 2886 3557 2942 τῶν
3582 2888 3673 2939 ἀν-

2092 2977 2325 3050 θρώπων
2352 2976 2608 3039 ἐκϐάσεις
2674 3017 2688 3037 ,
2718 2975 2839 3028 οὐδὲ
2866 2974 3039 3027 εἴκοσι
3070 2973 3243 3043 μῆνας
3280 2971 3563 3025 δουλεῦσαι
3606 2972 3670 3041 τῇ

2090 3062 2191 3131 τῆς
2255 3061 2454 3130 σαρκὸς
2510 3059 2668 3130 ήδονῇ
2720 3057 2821 3127 τῆς
2861 3057 3078 3110 πάντων
3134 3054 3542 3126 βασιλευούσης,
3578 3054 3672 3107 τοῦ

2094 3143 2454 3212 συναφθέντος
2510 3142 2647 3211 αὐτῇ
2695 3139 2975 3210 συντόμως
3005 3139 3065 3192 τὸ
3092 3139 3192 3209 τῆς
3250 3137 3468 3208 φύσεως
3514 3135 3674 3208 χρέος

2092 3226 2506 3298 άπαιτηθέντος.
2561 3226 2797 3293 Λέγεται
2845 3224 2904 3277 δὲ
2953 3221 3221 3291 παρθένος
3276 3222 3564 3292 ὑπάρχεινν
3600 3219 3677 3282 ὡς

2091 3315 2123 3383 ή
2172 3317 2327 3383 φήμη
2378 3309 2640 3362 διδάσκει.
2687 3307 2966 3378 Δυναμένη
3028 3307 3137 3377 γάρ
3191 3305 3271 3375 τῷ
3334 3303 3678 3373 ἀποστολικῷ

2093 3382 2244 3466 νόμῳ
2275 3392 2558 3446 δουλεῦσαι
2590 3391 2687 3461 τῷ.
2714 3391 3015 3458 Βούλομαι
3039 3386 3331 3455 νεωτέρας
3360 3387 3551 3456 χήρας
3575 3382 3678 3456 γα-

2088 3478 2246 3549 μεῑν.
2288 3474 2765 3531 οἰκοδεσποτεῖν·
2800 3474 2899 3525 ούκ
2928 3472 3203 3542 ἠνέσχετο,
3236 3470 3440 3537 καίπερ
3470 3472 3563 3523 κα)⁸
3585 3470 3678 3537 γέ-

2094 3580 2172 3616 νει
2196 3562 2291 3615 καὶ
2326 3558 2540 3624 πλούτῳ
2591 3557 2685 3610 καί
2726 3555 2947 3626 παιδεία
2981 3554 3322 3625 μαθημάτων
3350 3553 3675 3619 πολυτελῶν,

2094 3644 2189 3698 καὶ
2219 3644 2418 3713 εὐφυΐᾳ
2467 3640 2679 3710 φύσεως
2719 3640 2813 3693 καί
2858 3637 3051 3700 ἄνθους
3096 3637 3216 3709 ὥρᾳ
3264 3638 3676 3707 κεκοσμημένη,

2092 3728 2347 3799 δορκάδος
2380 3726 2534 3795 δίκην
2560 3724 2655 3777 τοῦ
2684 3722 2938 3792 δευτέρου
2986 3722 3169 3792 γάμου
3201 3722 3301 3791 τὴν
3355 3721 3556 3789 παγίδα
3586 3722 3680 3774 ἀν-

2094 3810 2267 3874 εκτῶς
2294 3808 2746 3880 ύπερπηδήσασα.
2776 3806 2990 3871 Δικαίῳ
3012 3807 3123 3874 γὰρ
3150 3806 3337 3873 νόμος
3364 3806 3435 3858 οὐ
3467 3804 3676 3868 κεῖται,

2096 3895 2234 3948 ἀλλ’
2279 3890 2739 3953 ἀνυποτάκτοις,
2774 3889 3086 3958 βεϐήλοις,
3150 3888 3503 3956 ἀκορέστοις
3544 3889 3677 3955 περὶ

2096 3977 2344 4048 φθοράν.
2403 3977 2602 4046 Ἔτυχε
2658 3974 2717 4027 δέ
2761 3974 2904 4027 κατά
2957 3989 3082 4026 τινα
3138 3971 3333 4041 φθόνον
3391 3974 3682 4026 σατανικὸν

2094 4059 2550 4131 δηλατορευθῆναι
2596 4056 2801 4128 ταύτης
2860 4057 2959 4128 τὴν
2989 4056 3166 4126 ἄωρον
3215 4055 3444 4127 χηρείαν
3477 4056 3556 4118 εἰς
3584 4057 3682 4119 τὰς

2096 4144 2263 4208 ἀκοάς
2290 4142 2568 4197 Θεοδοσίου
2632 4142 2726 4195 τοῦ
2776 4140 3058 4210 βασιλέως,
3082 4140 3142 4203 ὃς
3198 4139 3466 4193 ἔσπευσεν
3513 4138 3682 4207 αὐτὴν

2108 4228 2359 4299 Ἐλπιδίῳ
2384 4227 2492 4280 τινὶ
2541 4227 2795 4293 συγγενεί
2830 4223 3026 4277 ἐαυτοῦ
3068 4223 3266 4292 Σπάνῳ
3316 4221 3549 4292 συνάψαι
3603 4222 3683 4284 εἰς

2095 4313 2291 4382 γάμον.
2323 4312 2435 4364 Καὶ
2456 4308 2628 4363 πολλά
2650 4307 2960 4379 λιπαρήσας
2988 4306 3085 4376 τὴν
3122 4306 3429 4377 ἄνθρωπον,
3472 4307 3682 4358 ἀποτυ-

2095 4394 2206 4466 χὼν
2234 4392 2501 4464 ἐλυπήθη,
2552 4391 2879 4461 δηλωσάσης
2930 4389 3122 4458 αὐτῆς·
3153 4390 3216 4441 Εἰ
3252 4388 3505 4442 ἐϐούλετό
3538 4406 3604 4459 με
3656 4392 3686 4442 6

2094 4478 2226 4551 ἐμὸς
2265 4477 2515 4549 βασιλεὺς
2538 4475 2730 4547 ἄρρενι
2760 4472 2950 4543 συζῇν,
2985 4473 3086 4525 οὐκ
3107 4472 3172 4527 ἀν
3209 4489 3311 4543 μου
3338 4473 3430 4525 τὸν
3469 4472 3686 4544 πρῶτον

2094 4562 2366 4633 ἀφείλετο·
2391 4560 2504 4615 ἀλλ’
2527 4557 2712 4627 ἐπειδὴ
2742 4556 3115 4627 ἀνεπιτήδειόν
3154 4573 3220 4627 με
3244 4556 3322 4627 τῷ
3353 4557 3686 4627 πεφυρμένῳ

2098 4645 2199 4716 βίῳ
2216 4644 2380 4714 ἔγνω,
2412 4646 2487 4715 μὴ
2519 4638 2826 4710 δυναμένην
2859 4638 3014 4710 ἀνδρὶ
3052 4640 3269 4709 ἀρέσαι.
3298 4639 3548 4697 κάκεῖνον
3590 4639 3684 4692 τοῦ

2095 4726 2294 4799 δεσμοῦ
2313 4725 2682 4797 ἠλευθέρωσε.
2719 4720 2865 4791 κάμὲ
2895 4720 2991 4773 τοῦ
3034 4720 3339 4793 βαρυτάτου
3371 4718 3538 4788 ζυγοῦ
3593 4721 3688 4772 καὶ

2095 4811 2193 4881 τῆς
2221 4809 2482 4881 ἀνδρικῆς
2512 4804 2757 4867 δουλείας
2791 4804 3089 4874 ἀπήλλαξε,
3125 4806 3216 4858 τὸν
3248 4803 3484 4875 χρηστὸν
3523 4801 3684 4855 αὑτοῦ

2098 4893 2260 4962 ζυγὸν
2291 4893 2387 4962 τῆς
2422 4893 2751 4963 ἐγκρατείας
2789 4890 3000 4954 ἐπιθείς
3030 4907 3132 4960 μου
3179 4892 3245 4959 τῇ
3280 4886 3510 4957 διανοίᾳ.
3532 4886 3688 4940 Μετὰ

2096 4975 2192 5047 τὴν
2234 4976 2529 5046 ἀπόκρισιν
2568 4974 2775 5047 ταύτην
2821 4973 3156 5045 προστάσσει
3206 4969 3287 5041 τῷ
3328 4969 3554 5041 ἐπάρχῳ
3589 4968 3688 5037 τῆς

2099 5058 2325 5122 πόλεως,
2369 5058 2725 5129 φρουρεῖσθαι
2782 5057 2988 5127 ταύτης
3038 5057 3107 5109 τά
3160 5055 3485 5127 πράγματα,
3528 5051 3687 5123 μέχρι

2098 5135 2160 5194 οὗ
2191 5140 2469 5213 πληρώσει
2513 5141 2811 5212 τριάκοντα
2863 5140 2957 5211 ἐτη
3002 5139 3101 5209 τήν
3143 5137 3238 5191 τοῦ
3275 5137 3524 5206 σώματος
3570 5135 3682 5205 ήλι-

2100 5224 2244 5279 κίαν.
2302 5227 2399 5287 ’ος
2458 5225 2687 5297 ἐξαυτῆς
2746 5224 2926 5279 λαϐὼν
2968 5224 3067 5292 τὴν
3109 5222 3205 5275 τοῦ
3254 5220 3517 5290 βασιλέως
3573 5221 3683 5272 ἐπι-

2098 5308 2324 5381 τροπήν,
2362 5310 2443 5369 εἰς
2467 5308 2725 5362 τοσοῦτον
2777 5306 2948 5376 αὐτὴν
2983 5304 3218 5367 ἔθλιϐεν,
3250 5302 3689 5371 ὑποϐαλλόμενος

2098 5393 2203 5445 ὑπὸ
2229 5391 2323 5445 τοῦ
2366 5389 2659 5454 Ἑλπιδίου,
2700 5392 2777 5454 ὡς
2831 5388 2906 5460 μὴ
2945 5388 3089 5457 ἔχειν
3135 5385 3381 5451 ἐξουσίαν
3416 5385 3550 5455 μηδέ
3576 5388 3690 5449 τοῖς

2099 5478 2386 5546 ἐπισήμοις
2421 5474 2806 5543 συντυγχάνειν
2858 5472 2967 5524 τῶν
3021 5471 3356 5529 ἐπισκόπων,
3392 5469 3523 5540 μηδέ
3564 5469 3689 5521 Ἐκο

2100 5559 2297 5630 κλησίᾳ
2331 5556 2723 5628 παραϐάλλειν,
2757 5556 2847 5608 ἵνα
2901 5553 3232 5607 στενωθεῖσα
3267 5553 3373 5607 ὑπὸ
3406 5553 3504 5623 τῆς
3548 5554 3690 5622 ἀκη-

2098 5642 2236 5708 δίας,
2289 5640 2576 5712 καταπέσῃ
2615 5642 2695 5703 εἰς
2738 5641 2837 5708 τὴν
2877 5640 3091 5712 αἵρεσιν
3135 5638 3227 5692 τοῦ
3259 5638 3460 5708 γάμου.
3514 5637 3578 5689 'Il
3632 5635 3691 5691 δὲ

2101 5726 2261 5780 πλέον
2312 5724 2560 5795 ήσθεῖσα,
2617 5723 2705 5777 καὶ
2758 5723 2837 5793 τῷ
2870 5721 2990 5792 Θεῷ
3041 5723 3510 5795 εύχαριστήσασα,
3566 5720 3692 5776 ἀντ-

2171 5910 2190 5933 τ
2215 5904 2399 5965 Codex,
2420 5904 2502 5960 τάς
2521 5904 2616 5951 τῶν
2640 5904 2804 5967 ψυχῶν
2831 5903 2932 5953 ἑκὸ.
