  <div class='ocr_page' id='page_1' title='image "/cluster/home/n/w/nwhite01/storage/ocr_20150623/47/nnc1.0046978321/117.png"; bbox 0 0 4122 6386; ppageno 0'>
   <div class='ocr_carea' id='block_1_1' title="bbox 396 276 3662 345">
    <p class='ocr_par' dir='ltr' id='par_1_1' title="bbox 396 276 3662 345">
     <span class='ocr_line' id='line_1_1' title="bbox 396 276 3662 345; baseline 0 -5"><span class='ocrx_word' id='word_1_1' title='bbox 396 281 465 344; x_wconf 71' lang='lat'>6|</span> <span class='ocrx_word' id='word_1_2' title='bbox 843 276 851 284; x_wconf 88' lang='grc'><em>’</em></span> <span class='ocrx_word' id='word_1_3' title='bbox 1667 282 1984 345; x_wconf 73' lang='lat' dir='ltr'><strong>PM.qu</strong></span> <span class='ocrx_word' id='word_1_4' title='bbox 2029 288 2378 345; x_wconf 79' lang='lat' dir='ltr'>DIALOCUS</span> <span class='ocrx_word' id='word_1_5' title='bbox 3590 284 3662 340; x_wconf 70' lang='grc' dir='ltr'>σε</span> 
     </span>
    </p>
   </div>
   <div class='ocr_carea' id='block_1_2' title="bbox 385 404 1971 480">
    <p class='ocr_par' dir='ltr' id='par_1_2' title="bbox 385 404 1971 480">
     <span class='ocr_line' id='line_1_2' title="bbox 385 404 1971 480; baseline 0.004 -23"><span class='ocrx_word' id='word_1_6' title='bbox 385 406 629 475; x_wconf 77' lang='grc' dir='ltr'>εδήλωσε</span> <span class='ocrx_word' id='word_1_7' title='bbox 671 404 750 477; x_wconf 81' lang='grc' dir='ltr'>τῷ</span> <span class='ocrx_word' id='word_1_8' title='bbox 783 405 994 477; x_wconf 86' lang='grc' dir='ltr'>βασιλεῖ</span> <span class='ocrx_word' id='word_1_9' title='bbox 1030 405 1223 461; x_wconf 87' lang='grc' dir='ltr'>ταῦτα·</span> <span class='ocrx_word' id='word_1_10' title='bbox 1259 408 1585 479; x_wconf 85' lang='grc' dir='ltr'>Πρέπουσαν</span> <span class='ocrx_word' id='word_1_11' title='bbox 1622 409 1849 480; x_wconf 86' lang='grc' dir='ltr'>βασιλεῖ,</span> <span class='ocrx_word' id='word_1_12' title='bbox 1877 411 1971 464; x_wconf 75' lang='grc' dir='ltr'>καὶ</span> 
     </span>
    </p>
   </div>
   <div class='ocr_carea' id='block_1_3' title="bbox 383 489 1966 564">
    <p class='ocr_par' dir='ltr' id='par_1_3' title="bbox 383 489 1966 564">
     <span class='ocr_line' id='line_1_3' title="bbox 383 489 1966 564; baseline 0.003 -23"><span class='ocrx_word' id='word_1_13' title='bbox 383 489 768 560; x_wconf 79' lang='grc' dir='ltr'>ἁρμόττουσαν</span> <span class='ocrx_word' id='word_1_14' title='bbox 798 490 999 562; x_wconf 78' lang='grc' dir='ltr'>ἀρετὴν</span> <span class='ocrx_word' id='word_1_15' title='bbox 1031 493 1315 563; x_wconf 86' lang='grc' dir='ltr'>ἐπισκόπῳ</span> <span class='ocrx_word' id='word_1_16' title='bbox 1356 494 1434 555; x_wconf 86' lang='grc' dir='ltr'>εἰς</span> <span class='ocrx_word' id='word_1_17' title='bbox 1460 494 1560 564; x_wconf 82' lang='grc' dir='ltr'>ἐμὲ</span> <span class='ocrx_word' id='word_1_18' title='bbox 1582 493 1680 563; x_wconf 81' lang='grc' dir='ltr'>τὴν</span> <span class='ocrx_word' id='word_1_19' title='bbox 1707 492 1966 563; x_wconf 76' lang='grc' dir='ltr'>ταπεινὴν</span> 
     </span>
    </p>
   </div>
   <div class='ocr_carea' id='block_1_4' title="bbox 388 572 1967 647">
    <p class='ocr_par' dir='ltr' id='par_1_4' title="bbox 388 572 1967 647">
     <span class='ocr_line' id='line_1_4' title="bbox 388 572 1967 647; baseline 0.002 -20"><span class='ocrx_word' id='word_1_20' title='bbox 388 572 670 637; x_wconf 73' lang='grc' dir='ltr'>ἐπεδείξω,</span> <span class='ocrx_word' id='word_1_21' title='bbox 702 573 956 639; x_wconf 80' lang='grc' dir='ltr'>δέσποτα,</span> <span class='ocrx_word' id='word_1_22' title='bbox 992 574 1255 639; x_wconf 90' lang='grc' dir='ltr'>κελεύσας</span> <span class='ocrx_word' id='word_1_23' title='bbox 1303 575 1800 646; x_wconf 90' lang='grc' dir='ltr'>παραφυλαχθῆναί</span> <span class='ocrx_word' id='word_1_24' title='bbox 1865 592 1967 647; x_wconf 90' lang='grc' dir='ltr'>μου</span> 
     </span>
    </p>
   </div>
   <div class='ocr_carea' id='block_1_5' title="bbox 388 652 1971 731">
    <p class='ocr_par' dir='ltr' id='par_1_5' title="bbox 388 652 1971 731">
     <span class='ocr_line' id='line_1_5' title="bbox 388 652 1971 731; baseline 0.003 -22"><span class='ocrx_word' id='word_1_25' title='bbox 388 658 450 709; x_wconf 78' lang='grc' dir='ltr'>τὸ</span> <span class='ocrx_word' id='word_1_26' title='bbox 471 656 771 727; x_wconf 80' lang='grc' dir='ltr'>βαρύτατον</span> <span class='ocrx_word' id='word_1_27' title='bbox 800 659 1041 727; x_wconf 82' lang='grc' dir='ltr'>φορτίον,</span> <span class='ocrx_word' id='word_1_28' title='bbox 1075 658 1205 731; x_wconf 86' lang='grc' dir='ltr'>περί</span> <span class='ocrx_word' id='word_1_29' title='bbox 1232 652 1294 712; x_wconf 78' lang='grc' dir='ltr'>οῦ</span> <span class='ocrx_word' id='word_1_30' title='bbox 1324 658 1657 730; x_wconf 75' lang='grc' dir='ltr'>ἐφρόντιζον,</span> <span class='ocrx_word' id='word_1_31' title='bbox 1709 659 1857 723; x_wconf 82' lang='grc' dir='ltr'>ὅπως</span> <span class='ocrx_word' id='word_1_32' title='bbox 1891 659 1971 713; x_wconf 91' lang='grc' dir='ltr'>δι-</span> 
     </span>
    </p>
   </div>
   <div class='ocr_carea' id='block_1_6' title="bbox 385 741 1972 813">
    <p class='ocr_par' dir='ltr' id='par_1_6' title="bbox 385 741 1972 813">
     <span class='ocr_line' id='line_1_6' title="bbox 385 741 1972 813; baseline 0.002 -21"><span class='ocrx_word' id='word_1_33' title='bbox 385 741 603 811; x_wconf 80' lang='grc' dir='ltr'>οικηθῇ·</span> <span class='ocrx_word' id='word_1_34' title='bbox 626 741 810 812; x_wconf 78' lang='grc' dir='ltr'>μεῖζον</span> <span class='ocrx_word' id='word_1_35' title='bbox 825 741 881 794; x_wconf 86' lang='grc' dir='ltr'>δέ</span> <span class='ocrx_word' id='word_1_36' title='bbox 905 743 1174 813; x_wconf 84' lang='grc' dir='ltr'>ποιήσεις,</span> <span class='ocrx_word' id='word_1_37' title='bbox 1204 742 1512 813; x_wconf 81' lang='grc' dir='ltr'>προστάξας</span> <span class='ocrx_word' id='word_1_38' title='bbox 1529 742 1663 796; x_wconf 83' lang='grc' dir='ltr'>αὑτὸ</span> <span class='ocrx_word' id='word_1_39' title='bbox 1691 746 1803 807; x_wconf 91' lang='grc' dir='ltr'>τοῖς</span> <span class='ocrx_word' id='word_1_40' title='bbox 1820 759 1972 796; x_wconf 89' lang='grc' dir='ltr'>πενο-</span> 
     </span>
    </p>
   </div>
   <div class='ocr_carea' id='block_1_7' title="bbox 390 822 1970 898">
    <p class='ocr_par' dir='ltr' id='par_1_7' title="bbox 390 822 1970 898">
     <span class='ocr_line' id='line_1_7' title="bbox 390 822 1970 898; baseline 0.003 -22"><span class='ocrx_word' id='word_1_41' title='bbox 390 822 573 894; x_wconf 85' lang='grc' dir='ltr'>μένοις</span> <span class='ocrx_word' id='word_1_42' title='bbox 599 825 692 877; x_wconf 80' lang='grc' dir='ltr'>καὶ</span> <span class='ocrx_word' id='word_1_43' title='bbox 717 827 838 888; x_wconf 87' lang='grc' dir='ltr'>ταῖς</span> <span class='ocrx_word' id='word_1_44' title='bbox 881 824 1229 896; x_wconf 84' lang='grc' dir='ltr'>Ἐκκλησίαις</span> <span class='ocrx_word' id='word_1_45' title='bbox 1265 825 1776 898; x_wconf 86' lang='grc' dir='ltr'>διασκορπισθῆναι.</span> <span class='ocrx_word' id='word_1_46' title='bbox 1828 823 1970 893; x_wconf 83' lang='grc' dir='ltr'>Ἐγὼ</span> 
     </span>
    </p>
   </div>
   <div class='ocr_carea' id='block_1_8' title="bbox 387 905 1971 981">
    <p class='ocr_par' dir='ltr' id='par_1_8' title="bbox 387 905 1971 981">
     <span class='ocr_line' id='line_1_8' title="bbox 387 905 1971 981; baseline 0.001 -20"><span class='ocrx_word' id='word_1_47' title='bbox 387 905 497 977; x_wconf 69' lang='grc' dir='ltr'>τάρ</span> <span class='ocrx_word' id='word_1_48' title='bbox 521 907 852 979; x_wconf 80' lang='grc' dir='ltr'>ἀπηυξάμην</span> <span class='ocrx_word' id='word_1_49' title='bbox 879 920 906 949; x_wconf 79' lang='grc' dir='ltr'>ι</span> <span class='ocrx_word' id='word_1_50' title='bbox 956 910 1122 962; x_wconf 86' lang='grc' dir='ltr'>πάλαι</span> <span class='ocrx_word' id='word_1_51' title='bbox 1150 911 1246 981; x_wconf 77' lang='grc' dir='ltr'>τὴν</span> <span class='ocrx_word' id='word_1_52' title='bbox 1277 913 1340 964; x_wconf 87' lang='grc' dir='ltr'>ἐκ</span> <span class='ocrx_word' id='word_1_53' title='bbox 1386 911 1486 980; x_wconf 90' lang='grc' dir='ltr'>τῆς</span> <span class='ocrx_word' id='word_1_54' title='bbox 1531 909 1793 980; x_wconf 80' lang='grc' dir='ltr'>διανομῆς</span> <span class='ocrx_word' id='word_1_55' title='bbox 1819 925 1971 962; x_wconf 81' lang='grc' dir='ltr'>κενο-</span> 
     </span>
    </p>
   </div>
   <div class='ocr_carea' id='block_1_9' title="bbox 385 990 1967 1064">
    <p class='ocr_par' dir='ltr' id='par_1_9' title="bbox 385 990 1967 1064">
     <span class='ocr_line' id='line_1_9' title="bbox 385 990 1967 1064; baseline 0.001 -20"><span class='ocrx_word' id='word_1_56' title='bbox 385 990 587 1057; x_wconf 81' lang='grc' dir='ltr'>δοξίαν,</span> <span class='ocrx_word' id='word_1_57' title='bbox 617 992 767 1055; x_wconf 84' lang='grc' dir='ltr'>ὅπως</span> <span class='ocrx_word' id='word_1_58' title='bbox 801 993 875 1063; x_wconf 84' lang='grc' dir='ltr'>μὴ</span> <span class='ocrx_word' id='word_1_59' title='bbox 914 992 1175 1064; x_wconf 86' lang='grc' dir='ltr'>ἀμελήσω</span> <span class='ocrx_word' id='word_1_60' title='bbox 1209 992 1305 1046; x_wconf 87' lang='grc' dir='ltr'>τοῦ</span> <span class='ocrx_word' id='word_1_61' title='bbox 1336 993 1433 1064; x_wconf 86' lang='grc' dir='ltr'>τῆς</span> <span class='ocrx_word' id='word_1_62' title='bbox 1467 995 1681 1062; x_wconf 92' lang='grc' dir='ltr'>φύσεως</span> <span class='ocrx_word' id='word_1_63' title='bbox 1710 992 1967 1057; x_wconf 91' lang='grc' dir='ltr'>πλούτου,</span> 
     </span>
    </p>
   </div>
   <div class='ocr_carea' id='block_1_10' title="bbox 388 1071 1967 1148">
    <p class='ocr_par' dir='ltr' id='par_1_10' title="bbox 388 1071 1967 1148">
     <span class='ocr_line' id='line_1_10' title="bbox 388 1071 1967 1148; baseline 0.002 -22"><span class='ocrx_word' id='word_1_64' title='bbox 388 1075 700 1146; x_wconf 77' lang='grc' dir='ltr'>ἑλιττομένη</span> <span class='ocrx_word' id='word_1_65' title='bbox 729 1077 856 1145; x_wconf 78' lang='grc' dir='ltr'>περὶ</span> <span class='ocrx_word' id='word_1_66' title='bbox 885 1077 984 1148; x_wconf 78' lang='grc' dir='ltr'>τὴν</span> <span class='ocrx_word' id='word_1_67' title='bbox 1028 1076 1181 1148; x_wconf 81' lang='grc' dir='ltr'>ὑλην.</span> <span class='ocrx_word' id='word_1_68' title='bbox 1212 1071 1381 1139; x_wconf 71' lang='grc' dir='ltr'>Οὗτος</span> <span class='ocrx_word' id='word_1_69' title='bbox 1398 1075 1708 1130; x_wconf 87' lang='grc' dir='ltr'>ἐπανελθὼν</span> <span class='ocrx_word' id='word_1_70' title='bbox 1738 1075 1848 1129; x_wconf 82' lang='grc' dir='ltr'>ἀπὸ</span> <span class='ocrx_word' id='word_1_71' title='bbox 1872 1075 1967 1129; x_wconf 86' lang='grc' dir='ltr'>τοῦ</span> 
     </span>
    </p>
   </div>
   <div class='ocr_carea' id='block_1_11' title="bbox 386 1157 1968 1232">
    <p class='ocr_par' dir='ltr' id='par_1_11' title="bbox 386 1157 1968 1232">
     <span class='ocr_line' id='line_1_11' title="bbox 386 1157 1968 1232; baseline 0.003 -24"><span class='ocrx_word' id='word_1_72' title='bbox 386 1157 524 1229; x_wconf 79' lang='grc' dir='ltr'>πρὸς</span> <span class='ocrx_word' id='word_1_73' title='bbox 556 1159 806 1230; x_wconf 80' lang='grc' dir='ltr'>Μάξιμον</span> <span class='ocrx_word' id='word_1_74' title='bbox 843 1159 1104 1232; x_wconf 88' lang='grc' dir='ltr'>πολέμου,</span> <span class='ocrx_word' id='word_1_75' title='bbox 1140 1161 1472 1232; x_wconf 77' lang='grc' dir='ltr'>προσέταξεν</span> <span class='ocrx_word' id='word_1_76' title='bbox 1494 1159 1829 1225; x_wconf 80' lang='grc' dir='ltr'>ἐξουσιάζειν</span> <span class='ocrx_word' id='word_1_77' title='bbox 1867 1160 1968 1213; x_wconf 89' lang='grc' dir='ltr'>αὑ-</span> 
     </span>
    </p>
   </div>
   <div class='ocr_carea' id='block_1_12' title="bbox 388 1242 1970 1315">
    <p class='ocr_par' dir='ltr' id='par_1_12' title="bbox 388 1242 1970 1315">
     <span class='ocr_line' id='line_1_12' title="bbox 388 1242 1970 1315; baseline 0.004 -22"><span class='ocrx_word' id='word_1_78' title='bbox 388 1242 488 1313; x_wconf 82' lang='grc' dir='ltr'>τὴν</span> <span class='ocrx_word' id='word_1_79' title='bbox 542 1242 651 1296; x_wconf 88' lang='grc' dir='ltr'>τῶν</span> <span class='ocrx_word' id='word_1_80' title='bbox 706 1244 1069 1315; x_wconf 84' lang='grc' dir='ltr'>πραγμάτων,</span> <span class='ocrx_word' id='word_1_81' title='bbox 1116 1244 1357 1309; x_wconf 89' lang='grc' dir='ltr'>ἀκούσας</span> <span class='ocrx_word' id='word_1_82' title='bbox 1414 1245 1505 1298; x_wconf 84' lang='lat' dir='ltr'><strong>rbv</strong></span> <span class='ocrx_word' id='word_1_83' title='bbox 1540 1244 1637 1314; x_wconf 87' lang='grc' dir='ltr'>τῆς</span> <span class='ocrx_word' id='word_1_84' title='bbox 1682 1244 1970 1314; x_wconf 81' lang='grc' dir='ltr'>ἀσκήσεως</span> 
     </span>
    </p>
   </div>
   <div class='ocr_carea' id='block_1_13' title="bbox 384 1324 1969 1399">
    <p class='ocr_par' dir='ltr' id='par_1_13' title="bbox 384 1324 1969 1399">
     <span class='ocr_line' id='line_1_13' title="bbox 384 1324 1969 1399; baseline 0.001 -20"><span class='ocrx_word' id='word_1_85' title='bbox 384 1326 561 1398; x_wconf 81' lang='grc' dir='ltr'>αὐτῆς</span> <span class='ocrx_word' id='word_1_86' title='bbox 605 1328 779 1382; x_wconf 84' lang='grc' dir='ltr'>τόνον.</span> <span class='ocrx_word' id='word_1_87' title='bbox 828 1328 884 1383; x_wconf 87' lang='grc' dir='ltr'><strong>Ὀ</strong></span> <span class='ocrx_word' id='word_1_88' title='bbox 909 1329 1093 1382; x_wconf 76' lang='grc' dir='ltr'><strong>ΔΙΑΚ.</strong></span> <span class='ocrx_word' id='word_1_89' title='bbox 1132 1329 1370 1394; x_wconf 87' lang='grc' dir='ltr'>Δικαίως</span> <span class='ocrx_word' id='word_1_90' title='bbox 1406 1324 1499 1383; x_wconf 85' lang='grc' dir='ltr'>οὖν</span> <span class='ocrx_word' id='word_1_91' title='bbox 1548 1327 1718 1399; x_wconf 84' lang='grc' dir='ltr'>αὐτὴν</span> <span class='ocrx_word' id='word_1_92' title='bbox 1744 1327 1907 1398; x_wconf 88' lang='grc' dir='ltr'>ἐτίμα</span> <span class='ocrx_word' id='word_1_93' title='bbox 1939 1329 1969 1381; x_wconf 88' lang='grc' dir='ltr'>ό</span> 
     </span>
    </p>
   </div>
   <div class='ocr_carea' id='block_1_14' title="bbox 400 1410 1969 1483">
    <p class='ocr_par' dir='ltr' id='par_1_14' title="bbox 400 1410 1969 1483">
     <span class='ocr_line' id='line_1_14' title="bbox 400 1410 1969 1483; baseline -0.001 -18"><span class='ocrx_word' id='word_1_94' title='bbox 400 1412 671 1482; x_wconf 77' lang='grc' dir='ltr'>Ἰωάννης,</span> <span class='ocrx_word' id='word_1_95' title='bbox 711 1412 1060 1483; x_wconf 84' lang='grc' dir='ltr'>ἀσκουμένην</span> <span class='ocrx_word' id='word_1_96' title='bbox 1118 1412 1311 1476; x_wconf 76' lang='grc' dir='ltr'>οὕτως.</span> <span class='ocrx_word' id='word_1_97' title='bbox 1353 1413 1411 1465; x_wconf 86' lang='grc' dir='ltr'>Ὀ</span> <span class='ocrx_word' id='word_1_98' title='bbox 1452 1412 1697 1465; x_wconf 81' lang='grc' dir='ltr'>ἘΠΙΣΚ.</span> <span class='ocrx_word' id='word_1_99' title='bbox 1742 1410 1969 1481; x_wconf 79' lang='grc' dir='ltr'>’Δπέχε-</span> 
     </span>
    </p>
   </div>
   <div class='ocr_carea' id='block_1_15' title="bbox 384 1493 1967 1565">
    <p class='ocr_par' dir='ltr' id='par_1_15' title="bbox 384 1493 1967 1565">
     <span class='ocr_line' id='line_1_15' title="bbox 384 1493 1967 1565; baseline 0.002 -20"><span class='ocrx_word' id='word_1_100' title='bbox 384 1509 475 1547; x_wconf 75' lang='grc' dir='ltr'>ται</span> <span class='ocrx_word' id='word_1_101' title='bbox 510 1494 609 1564; x_wconf 84' lang='grc' dir='ltr'>μὲν</span> <span class='ocrx_word' id='word_1_102' title='bbox 640 1495 748 1565; x_wconf 84' lang='grc' dir='ltr'>γάρ</span> <span class='ocrx_word' id='word_1_103' title='bbox 780 1494 1060 1565; x_wconf 71' lang='grc' dir='ltr'>ἐμψύχων,</span> <span class='ocrx_word' id='word_1_104' title='bbox 1104 1494 1320 1548; x_wconf 90' lang='grc' dir='ltr'>ἀλουτεῖ</span> <span class='ocrx_word' id='word_1_105' title='bbox 1346 1494 1374 1534; x_wconf 74' lang='grc' dir='ltr'>ιι</span> <span class='ocrx_word' id='word_1_106' title='bbox 1417 1493 1474 1546; x_wconf 86' lang='grc' dir='ltr'>δὲ</span> <span class='ocrx_word' id='word_1_107' title='bbox 1506 1494 1567 1547; x_wconf 85' lang='grc' dir='ltr'>τὸ</span> <span class='ocrx_word' id='word_1_108' title='bbox 1601 1494 1869 1548; x_wconf 89' lang='grc' dir='ltr'>πλεῖστον·</span> <span class='ocrx_word' id='word_1_109' title='bbox 1900 1494 1967 1548; x_wconf 84' lang='grc' dir='ltr'>ἂν</span> 
     </span>
    </p>
   </div>
   <div class='ocr_carea' id='block_1_16' title="bbox 384 1577 1968 1651">
    <p class='ocr_par' dir='ltr' id='par_1_16' title="bbox 384 1577 1968 1651">
     <span class='ocr_line' id='line_1_16' title="bbox 384 1577 1968 1651; baseline -0.001 -18"><span class='ocrx_word' id='word_1_110' title='bbox 384 1577 443 1633; x_wconf 79' lang='grc' dir='ltr'>δὲ</span> <span class='ocrx_word' id='word_1_111' title='bbox 464 1578 619 1649; x_wconf 84' lang='grc' dir='ltr'>χρεία</span> <span class='ocrx_word' id='word_1_112' title='bbox 648 1578 869 1648; x_wconf 90' lang='grc' dir='ltr'>γένηται</span> <span class='ocrx_word' id='word_1_113' title='bbox 892 1579 961 1632; x_wconf 84' lang='grc' dir='ltr'>δι’</span> <span class='ocrx_word' id='word_1_114' title='bbox 994 1579 1305 1651; x_wconf 70' lang='grc' dir='ltr'>ἀρρωστίαν</span> <span class='ocrx_word' id='word_1_115' title='bbox 1344 1579 1564 1649; x_wconf 82' lang='grc' dir='ltr'>(πάσχει</span> <span class='ocrx_word' id='word_1_116' title='bbox 1586 1577 1695 1650; x_wconf 86' lang='grc' dir='ltr'>γάρ</span> <span class='ocrx_word' id='word_1_117' title='bbox 1729 1578 1968 1650; x_wconf 90' lang='grc' dir='ltr'>συνεχῶς</span> 
     </span>
    </p>
   </div>
   <div class='ocr_carea' id='block_1_17' title="bbox 384 1656 1967 1733">
    <p class='ocr_par' dir='ltr' id='par_1_17' title="bbox 384 1656 1967 1733">
     <span class='ocr_line' id='line_1_17' title="bbox 384 1656 1967 1733; baseline 0.003 -20"><span class='ocrx_word' id='word_1_118' title='bbox 384 1663 476 1715; x_wconf 81' lang='grc' dir='ltr'>τὸν</span> <span class='ocrx_word' id='word_1_119' title='bbox 511 1663 779 1732; x_wconf 83' lang='grc' dir='ltr'>στόμαχον</span> <span class='ocrx_word' id='word_1_120' title='bbox 799 1656 879 1730; x_wconf 79' lang='grc' dir='ltr'>ὀ),</span> <span class='ocrx_word' id='word_1_121' title='bbox 913 1664 1009 1717; x_wconf 85' lang='grc' dir='ltr'>σὺν</span> <span class='ocrx_word' id='word_1_122' title='bbox 1039 1661 1118 1733; x_wconf 79' lang='grc' dir='ltr'>τῷ</span> <span class='ocrx_word' id='word_1_123' title='bbox 1148 1662 1454 1733; x_wconf 84' lang='grc' dir='ltr'>χιτωνίσκῳ</span> <span class='ocrx_word' id='word_1_124' title='bbox 1477 1664 1591 1726; x_wconf 89' lang='grc' dir='ltr'>τοῖς</span> <span class='ocrx_word' id='word_1_125' title='bbox 1620 1662 1774 1716; x_wconf 77' lang='grc' dir='ltr'>ὕδασι</span> <span class='ocrx_word' id='word_1_126' title='bbox 1799 1680 1967 1718; x_wconf 89' lang='grc' dir='ltr'>κατα-</span> 
     </span>
    </p>
   </div>
   <div class='ocr_carea' id='block_1_18' title="bbox 385 1744 1962 1818">
    <p class='ocr_par' dir='ltr' id='par_1_18' title="bbox 385 1744 1962 1818">
     <span class='ocr_line' id='line_1_18' title="bbox 385 1744 1962 1818; baseline 0.001 -19"><span class='ocrx_word' id='word_1_127' title='bbox 385 1745 581 1810; x_wconf 85' lang='grc' dir='ltr'>ϐαίνει,</span> <span class='ocrx_word' id='word_1_128' title='bbox 608 1746 905 1818; x_wconf 76' lang='grc' dir='ltr'>αἰδουμένη</span> <span class='ocrx_word' id='word_1_129' title='bbox 953 1747 1048 1800; x_wconf 80' lang='grc' dir='ltr'>καὶ</span> <span class='ocrx_word' id='word_1_130' title='bbox 1085 1746 1306 1817; x_wconf 76' lang='grc' dir='ltr'>ἑαυτὴν,</span> <span class='ocrx_word' id='word_1_131' title='bbox 1346 1744 1420 1810; x_wconf 87' lang='grc' dir='ltr'>ῶς</span> <span class='ocrx_word' id='word_1_132' title='bbox 1453 1764 1640 1815; x_wconf 86' lang='grc' dir='ltr'>φασιν.</span> <span class='ocrx_word' id='word_1_133' title='bbox 1688 1747 1748 1801; x_wconf 92' lang='lat'><strong>&#39;0</strong></span> <span class='ocrx_word' id='word_1_134' title='bbox 1780 1748 1962 1802; x_wconf 77' lang='lat' dir='ltr'>AIAK.</span> 
     </span>
    </p>
   </div>
   <div class='ocr_carea' id='block_1_19' title="bbox 386 1830 1967 1903">
    <p class='ocr_par' dir='ltr' id='par_1_19' title="bbox 386 1830 1967 1903">
     <span class='ocr_line' id='line_1_19' title="bbox 386 1830 1967 1903; baseline 0 -19"><span class='ocrx_word' id='word_1_135' title='bbox 386 1830 622 1899; x_wconf 79' lang='grc' dir='ltr'>Λέγεται</span> <span class='ocrx_word' id='word_1_136' title='bbox 666 1831 722 1885; x_wconf 86' lang='grc' dir='ltr'>δέ</span> <span class='ocrx_word' id='word_1_137' title='bbox 762 1832 857 1885; x_wconf 84' lang='grc' dir='ltr'>καί</span> <span class='ocrx_word' id='word_1_138' title='bbox 904 1830 1041 1902; x_wconf 78' lang='grc' dir='ltr'>αὕτη</span> <span class='ocrx_word' id='word_1_139' title='bbox 1078 1832 1218 1885; x_wconf 88' lang='grc' dir='ltr'>πάνυ</span> <span class='ocrx_word' id='word_1_140' title='bbox 1257 1830 1716 1902; x_wconf 79' lang='grc' dir='ltr'>τεθεραπευκέναι</span> <span class='ocrx_word' id='word_1_141' title='bbox 1740 1832 1830 1885; x_wconf 84' lang='grc' dir='ltr'>τὸν</span> <span class='ocrx_word' id='word_1_142' title='bbox 1860 1849 1967 1903; x_wconf 88' lang='grc' dir='ltr'>μα-</span> 
     </span>
    </p>
   </div>
   <div class='ocr_carea' id='block_1_20' title="bbox 386 1913 1966 1986">
    <p class='ocr_par' dir='ltr' id='par_1_20' title="bbox 386 1913 1966 1986">
     <span class='ocr_line' id='line_1_20' title="bbox 386 1913 1966 1986; baseline 0 -19"><span class='ocrx_word' id='word_1_143' title='bbox 386 1915 578 1983; x_wconf 87' lang='grc' dir='ltr'>κάριον</span> <span class='ocrx_word' id='word_1_144' title='bbox 623 1914 897 1986; x_wconf 79' lang='grc' dir='ltr'>Ἰωάννην.</span> <span class='ocrx_word' id='word_1_145' title='bbox 949 1916 1006 1968; x_wconf 85' lang='grc' dir='ltr'>ὐ</span> <span class='ocrx_word' id='word_1_146' title='bbox 1049 1915 1297 1968; x_wconf 82' lang='grc' dir='ltr'>ἘΠΙΣΚ.</span> <span class='ocrx_word' id='word_1_147' title='bbox 1343 1916 1453 1969; x_wconf 69' lang='grc' dir='ltr'>Καὶ</span> <span class='ocrx_word' id='word_1_148' title='bbox 1485 1916 1538 1968; x_wconf 91' lang='grc' dir='ltr'>τί</span> <span class='ocrx_word' id='word_1_149' title='bbox 1559 1913 1707 1980; x_wconf 83' lang='grc' dir='ltr'>ἀξιον</span> <span class='ocrx_word' id='word_1_150' title='bbox 1734 1915 1832 1984; x_wconf 89' lang='grc' dir='ltr'>τῆς</span> <span class='ocrx_word' id='word_1_151' title='bbox 1866 1915 1966 1967; x_wconf 77' lang='grc' dir='ltr'>αὑ·</span> 
     </span>
    </p>
   </div>
   <div class='ocr_carea' id='block_1_21' title="bbox 384 1996 1968 2070">
    <p class='ocr_par' dir='ltr' id='par_1_21' title="bbox 384 1996 1968 2070">
     <span class='ocr_line' id='line_1_21' title="bbox 384 1996 1968 2070; baseline 0.001 -22"><span class='ocrx_word' id='word_1_152' title='bbox 384 1996 480 2050; x_wconf 87' lang='grc' dir='ltr'>τοῦ</span> <span class='ocrx_word' id='word_1_153' title='bbox 509 1998 713 2068; x_wconf 87' lang='grc' dir='ltr'>ἀρετῆς</span> <span class='ocrx_word' id='word_1_154' title='bbox 760 2000 842 2062; x_wconf 92' lang='grc' dir='ltr'>εἰς</span> <span class='ocrx_word' id='word_1_155' title='bbox 889 1997 1053 2051; x_wconf 76' lang='grc' dir='ltr'>αὐτὸν</span> <span class='ocrx_word' id='word_1_156' title='bbox 1093 1997 1435 2063; x_wconf 82' lang='grc' dir='ltr'>ἐπεδείξατο;</span> <span class='ocrx_word' id='word_1_157' title='bbox 1480 2000 1530 2051; x_wconf 91' lang='grc' dir='ltr'>εἰ</span> <span class='ocrx_word' id='word_1_158' title='bbox 1576 1999 1649 2070; x_wconf 80' lang='grc' dir='ltr'>μὴ</span> <span class='ocrx_word' id='word_1_159' title='bbox 1679 1997 1740 2052; x_wconf 90' lang='lat' dir='ltr'>rb</span> <span class='ocrx_word' id='word_1_160' title='bbox 1773 1997 1968 2069; x_wconf 88' lang='grc' dir='ltr'>ἀπερί-</span> 
     </span>
    </p>
   </div>
   <div class='ocr_carea' id='block_1_22' title="bbox 388 2081 1968 2155">
    <p class='ocr_par' dir='ltr' id='par_1_22' title="bbox 388 2081 1968 2155">
     <span class='ocr_line' id='line_1_22' title="bbox 388 2081 1968 2155; baseline 0.001 -22"><span class='ocrx_word' id='word_1_161' title='bbox 388 2095 628 2134; x_wconf 88' lang='grc' dir='ltr'>σπαστον</span> <span class='ocrx_word' id='word_1_162' title='bbox 659 2082 757 2153; x_wconf 87' lang='grc' dir='ltr'>τῆς</span> <span class='ocrx_word' id='word_1_163' title='bbox 781 2081 1156 2154; x_wconf 84' lang='grc' dir='ltr'>καθημερινῆς</span> <span class='ocrx_word' id='word_1_164' title='bbox 1198 2081 1376 2153; x_wconf 82' lang='grc' dir='ltr'>μάζας</span> <span class='ocrx_word' id='word_1_165' title='bbox 1400 2081 1814 2155; x_wconf 84' lang='grc' dir='ltr'>παρασχομένη·</span> <span class='ocrx_word' id='word_1_166' title='bbox 1832 2082 1968 2154; x_wconf 81' lang='grc' dir='ltr'>ὅπερ</span> 
     </span>
    </p>
   </div>
   <div class='ocr_carea' id='block_1_23' title="bbox 385 2161 1969 2237">
    <p class='ocr_par' dir='ltr' id='par_1_23' title="bbox 385 2161 1969 2237">
     <span class='ocr_line' id='line_1_23' title="bbox 385 2161 1969 2237; baseline 0.002 -23"><span class='ocrx_word' id='word_1_167' title='bbox 385 2161 536 2217; x_wconf 75' lang='grc' dir='ltr'>ἐστὶν</span> <span class='ocrx_word' id='word_1_168' title='bbox 564 2165 625 2216; x_wconf 84' lang='grc' dir='ltr'>οὑ</span> <span class='ocrx_word' id='word_1_169' title='bbox 664 2164 858 2237; x_wconf 82' lang='grc' dir='ltr'>μικρὸν</span> <span class='ocrx_word' id='word_1_170' title='bbox 883 2168 996 2228; x_wconf 89' lang='grc' dir='ltr'>τοῖς</span> <span class='ocrx_word' id='word_1_171' title='bbox 1018 2164 1111 2218; x_wconf 90' lang='grc' dir='ltr'>τοῦ</span> <span class='ocrx_word' id='word_1_172' title='bbox 1145 2164 1380 2234; x_wconf 81' lang='grc' dir='ltr'>Χριστοῦ</span> <span class='ocrx_word' id='word_1_173' title='bbox 1419 2165 1702 2237; x_wconf 88' lang='grc' dir='ltr'>ἐργάταις,</span> <span class='ocrx_word' id='word_1_174' title='bbox 1753 2164 1969 2235; x_wconf 89' lang='grc' dir='ltr'>νύκτωρ</span> 
     </span>
    </p>
   </div>
   <div class='ocr_carea' id='block_1_24' title="bbox 384 2247 1968 2321">
    <p class='ocr_par' dir='ltr' id='par_1_24' title="bbox 384 2247 1968 2321">
     <span class='ocr_line' id='line_1_24' title="bbox 384 2247 1968 2321; baseline 0.001 -22"><span class='ocrx_word' id='word_1_175' title='bbox 384 2262 445 2299; x_wconf 78' lang='grc' dir='ltr'>τε</span> <span class='ocrx_word' id='word_1_176' title='bbox 468 2247 562 2300; x_wconf 78' lang='grc' dir='ltr'>καὶ</span> <span class='ocrx_word' id='word_1_177' title='bbox 605 2248 724 2318; x_wconf 77' lang='grc' dir='ltr'>μεθ’</span> <span class='ocrx_word' id='word_1_178' title='bbox 762 2249 977 2319; x_wconf 79' lang='grc' dir='ltr'>ἡμέραν</span> <span class='ocrx_word' id='word_1_179' title='bbox 1008 2248 1078 2301; x_wconf 81' lang='grc' dir='ltr'>τὰ</span> <span class='ocrx_word' id='word_1_180' title='bbox 1099 2248 1193 2302; x_wconf 86' lang='grc' dir='ltr'>τοῦ</span> <span class='ocrx_word' id='word_1_181' title='bbox 1223 2248 1458 2321; x_wconf 78' lang='grc' dir='ltr'>Χριστοῦ</span> <span class='ocrx_word' id='word_1_182' title='bbox 1502 2249 1859 2320; x_wconf 88' lang='grc' dir='ltr'>μεριμνῶσιν·</span> <span class='ocrx_word' id='word_1_183' title='bbox 1893 2249 1968 2312; x_wconf 83' lang='grc' dir='ltr'>ῶς</span> 
     </span>
    </p>
   </div>
   <div class='ocr_carea' id='block_1_25' title="bbox 385 2326 1965 2404">
    <p class='ocr_par' dir='ltr' id='par_1_25' title="bbox 385 2326 1965 2404">
     <span class='ocr_line' id='line_1_25' title="bbox 385 2326 1965 2404; baseline 0.001 -21"><span class='ocrx_word' id='word_1_184' title='bbox 385 2326 532 2397; x_wconf 86' lang='grc' dir='ltr'>λέγει</span> <span class='ocrx_word' id='word_1_185' title='bbox 580 2330 827 2395; x_wconf 82' lang='grc' dir='ltr'>Παῦλος,</span> <span class='ocrx_word' id='word_1_186' title='bbox 876 2330 1253 2402; x_wconf 71' lang='grc' dir='ltr'>ἀσπαζόμενος</span> <span class='ocrx_word' id='word_1_187' title='bbox 1312 2331 1565 2404; x_wconf 83' lang='grc' dir='ltr'>Περσίδα,</span> <span class='ocrx_word' id='word_1_188' title='bbox 1620 2331 1682 2384; x_wconf 99' lang='lat' dir='ltr'>rb</span> <span class='ocrx_word' id='word_1_189' title='bbox 1733 2331 1865 2385; x_wconf 75' lang='grc' dir='ltr'>αὑτὸ</span> <span class='ocrx_word' id='word_1_190' title='bbox 1899 2334 1965 2403; x_wconf 82' lang='grc' dir='ltr'>τῇ</span> 
     </span>
    </p>
   </div>
   <div class='ocr_carea' id='block_1_26' title="bbox 399 2413 1966 2488">
    <p class='ocr_par' dir='ltr' id='par_1_26' title="bbox 399 2413 1966 2488">
     <span class='ocr_line' id='line_1_26' title="bbox 399 2413 1966 2488; baseline 0.001 -21"><span class='ocrx_word' id='word_1_191' title='bbox 399 2413 724 2485; x_wconf 85' lang='grc' dir='ltr'>Ὀλυμπιάδι</span> <span class='ocrx_word' id='word_1_192' title='bbox 758 2415 899 2486; x_wconf 86' lang='grc' dir='ltr'>τάχα</span> <span class='ocrx_word' id='word_1_193' title='bbox 940 2416 1212 2488; x_wconf 81' lang='grc' dir='ltr'>καμούσῃ·</span> <span class='ocrx_word' id='word_1_194' title='bbox 1253 2416 1666 2478; x_wconf 81' lang='grc' dir='ltr'>Ἀσπάσασθε,</span> <span class='ocrx_word' id='word_1_195' title='bbox 1718 2416 1966 2487; x_wconf 87' lang='grc' dir='ltr'>γράφων,</span> 
     </span>
    </p>
   </div>
   <div class='ocr_carea' id='block_1_27' title="bbox 385 2497 1970 2568">
    <p class='ocr_par' dir='ltr' id='par_1_27' title="bbox 385 2497 1970 2568">
     <span class='ocr_line' id='line_1_27' title="bbox 385 2497 1970 2568; baseline 0.002 -18"><span class='ocrx_word' id='word_1_196' title='bbox 385 2497 650 2567; x_wconf 82' lang='grc' dir='ltr'>Περσίδα</span> <span class='ocrx_word' id='word_1_197' title='bbox 694 2497 811 2564; x_wconf 80' lang='grc' dir='ltr'>τὴν</span> <span class='ocrx_word' id='word_1_198' title='bbox 851 2498 1190 2568; x_wconf 78' lang='grc' dir='ltr'>ἀγαπητὴν,</span> <span class='ocrx_word' id='word_1_199' title='bbox 1239 2498 1372 2568; x_wconf 79' lang='grc' dir='ltr'>ἥτις</span> <span class='ocrx_word' id='word_1_200' title='bbox 1412 2498 1615 2553; x_wconf 80' lang='grc' dir='ltr'>πολλὰ</span> <span class='ocrx_word' id='word_1_201' title='bbox 1643 2500 1970 2554; x_wconf 77' lang='grc' dir='ltr'>ἐκοπίασεν</span> 
     </span>
    </p>
   </div>
   <div class='ocr_carea' id='block_1_28' title="bbox 383 2580 1967 2652">
    <p class='ocr_par' dir='ltr' id='par_1_28' title="bbox 383 2580 1967 2652">
     <span class='ocr_line' id='line_1_28' title="bbox 383 2580 1967 2652; baseline 0.001 -16"><span class='ocrx_word' id='word_1_202' title='bbox 383 2582 457 2636; x_wconf 81' lang='grc' dir='ltr'>ἐν</span> <span class='ocrx_word' id='word_1_203' title='bbox 489 2583 781 2650; x_wconf 82' lang='grc' dir='ltr'>Κυρίφ.--</span> <span class='ocrx_word' id='word_1_204' title='bbox 803 2584 866 2636; x_wconf 81' lang='lat' dir='ltr'>Ol</span> <span class='ocrx_word' id='word_1_205' title='bbox 898 2581 1123 2649; x_wconf 84' lang='grc' dir='ltr'>πάντες</span> <span class='ocrx_word' id='word_1_206' title='bbox 1157 2582 1268 2652; x_wconf 76' lang='grc' dir='ltr'>γὰρ</span> <span class='ocrx_word' id='word_1_207' title='bbox 1299 2581 1373 2636; x_wconf 86' lang='grc' dir='ltr'>τὰ</span> <span class='ocrx_word' id='word_1_208' title='bbox 1408 2581 1639 2636; x_wconf 80' lang='grc' dir='ltr'>ἑαυτῶν</span> <span class='ocrx_word' id='word_1_209' title='bbox 1664 2580 1967 2651; x_wconf 77' lang='grc' dir='ltr'>ζητοῦσιν,</span> 
     </span>
    </p>
   </div>
   <div class='ocr_carea' id='block_1_29' title="bbox 384 2661 1968 2738">
    <p class='ocr_par' dir='ltr' id='par_1_29' title="bbox 384 2661 1968 2738">
     <span class='ocr_line' id='line_1_29' title="bbox 384 2661 1968 2738; baseline 0.001 -20"><span class='ocrx_word' id='word_1_210' title='bbox 384 2663 485 2718; x_wconf 78' lang='grc' dir='ltr'>καί</span> <span class='ocrx_word' id='word_1_211' title='bbox 511 2666 583 2719; x_wconf 87' lang='grc' dir='ltr'>οὐ</span> <span class='ocrx_word' id='word_1_212' title='bbox 606 2666 680 2719; x_wconf 84' lang='grc' dir='ltr'>τὰ</span> <span class='ocrx_word' id='word_1_213' title='bbox 707 2664 814 2719; x_wconf 87' lang='grc' dir='ltr'>τοῦ</span> <span class='ocrx_word' id='word_1_214' title='bbox 841 2665 1119 2734; x_wconf 84' lang='grc' dir='ltr'>Χριστοῦ.</span> <span class='ocrx_word' id='word_1_215' title='bbox 1157 2661 1286 2719; x_wconf 80' lang='grc' dir='ltr'>Οἶδα</span> <span class='ocrx_word' id='word_1_216' title='bbox 1330 2665 1537 2736; x_wconf 80' lang='grc' dir='ltr'>ταύτην</span> <span class='ocrx_word' id='word_1_217' title='bbox 1568 2666 1659 2719; x_wconf 84' lang='grc' dir='ltr'>τὸν</span> <span class='ocrx_word' id='word_1_218' title='bbox 1699 2667 1968 2738; x_wconf 82' lang='grc' dir='ltr'>μακάριον</span> 
     </span>
    </p>
   </div>
   <div class='ocr_carea' id='block_1_30' title="bbox 384 2746 1965 2820">
    <p class='ocr_par' dir='ltr' id='par_1_30' title="bbox 384 2746 1965 2820">
     <span class='ocr_line' id='line_1_30' title="bbox 384 2746 1965 2820; baseline 0.001 -20"><span class='ocrx_word' id='word_1_219' title='bbox 384 2746 691 2816; x_wconf 87' lang='grc' dir='ltr'>Νεκτάριον</span> <span class='ocrx_word' id='word_1_220' title='bbox 733 2747 897 2820; x_wconf 76' lang='grc' dir='ltr'>πλέον</span> <span class='ocrx_word' id='word_1_221' title='bbox 930 2748 1502 2820; x_wconf 86' lang='grc' dir='ltr'>τεθεραπευκέναι,ῶς</span> <span class='ocrx_word' id='word_1_222' title='bbox 1528 2748 1621 2801; x_wconf 78' lang='grc' dir='ltr'>καὶ</span> <span class='ocrx_word' id='word_1_223' title='bbox 1644 2751 1700 2801; x_wconf 89' lang='grc' dir='ltr'>ἐν</span> <span class='ocrx_word' id='word_1_224' title='bbox 1734 2751 1846 2812; x_wconf 87' lang='grc' dir='ltr'>τοῖς</span> <span class='ocrx_word' id='word_1_225' title='bbox 1875 2750 1965 2802; x_wconf 87' lang='grc' dir='ltr'>ἐκ·</span> 
     </span>
    </p>
   </div>
   <div class='ocr_carea' id='block_1_31' title="bbox 383 2816 1970 2902">
    <p class='ocr_par' dir='ltr' id='par_1_31' title="bbox 383 2816 1970 2902">
     <span class='ocr_line' id='line_1_31' title="bbox 383 2816 1970 2902; baseline 0.001 -18"><span class='ocrx_word' id='word_1_226' title='bbox 383 2830 789 2902; x_wconf 76' lang='grc' dir='ltr'>κλησιαστικοίς</span> <span class='ocrx_word' id='word_1_227' title='bbox 829 2816 966 2902; x_wconf 79' lang='grc' dir='ltr'>οίὺτῇ</span> <span class='ocrx_word' id='word_1_228' title='bbox 1004 2816 1308 2885; x_wconf 81' lang='grc' dir='ltr'>πείθεσθαι.</span> <span class='ocrx_word' id='word_1_229' title='bbox 1384 2831 1729 2902; x_wconf 80' lang='grc' dir='ltr'>Ἀμφιλόχιον</span> <span class='ocrx_word' id='word_1_230' title='bbox 1778 2831 1835 2884; x_wconf 87' lang='grc' dir='ltr'>δέ</span> <span class='ocrx_word' id='word_1_231' title='bbox 1877 2834 1970 2886; x_wconf 78' lang='grc' dir='ltr'>καὶ</span> 
     </span>
    </p>
   </div>
   <div class='ocr_carea' id='block_1_32' title="bbox 388 2913 1971 2986">
    <p class='ocr_par' dir='ltr' id='par_1_32' title="bbox 388 2913 1971 2986">
     <span class='ocr_line' id='line_1_32' title="bbox 388 2913 1971 2986; baseline 0.001 -18"><span class='ocrx_word' id='word_1_232' title='bbox 388 2916 659 2985; x_wconf 86' lang='grc' dir='ltr'>Ὀπτιμον</span> <span class='ocrx_word' id='word_1_233' title='bbox 691 2915 785 2968; x_wconf 77' lang='grc' dir='ltr'>καὶ</span> <span class='ocrx_word' id='word_1_234' title='bbox 811 2915 1109 2986; x_wconf 88' lang='grc' dir='ltr'>Γρηγόριον</span> <span class='ocrx_word' id='word_1_235' title='bbox 1134 2916 1230 2968; x_wconf 79' lang='grc' dir='ltr'>καὶ</span> <span class='ocrx_word' id='word_1_236' title='bbox 1262 2913 1466 2986; x_wconf 79' lang='grc' dir='ltr'>Πέτρον</span> <span class='ocrx_word' id='word_1_237' title='bbox 1492 2915 1582 2967; x_wconf 80' lang='grc' dir='ltr'>τὸν</span> <span class='ocrx_word' id='word_1_238' title='bbox 1610 2915 1838 2984; x_wconf 81' lang='grc' dir='ltr'>ἀδελφὸν</span> <span class='ocrx_word' id='word_1_239' title='bbox 1873 2915 1971 2969; x_wconf 85' lang='grc' dir='ltr'>Βα-</span> 
     </span>
    </p>
   </div>
   <div class='ocr_carea' id='block_1_33' title="bbox 386 2997 1966 3068">
    <p class='ocr_par' dir='ltr' id='par_1_33' title="bbox 386 2997 1966 3068">
     <span class='ocr_line' id='line_1_33' title="bbox 386 2997 1966 3068; baseline 0 -16"><span class='ocrx_word' id='word_1_240' title='bbox 386 2998 605 3064; x_wconf 87' lang='grc' dir='ltr'>σιλείου,</span> <span class='ocrx_word' id='word_1_241' title='bbox 642 2999 736 3051; x_wconf 73' lang='grc' dir='ltr'>καὶ</span> <span class='ocrx_word' id='word_1_242' title='bbox 788 2997 1103 3066; x_wconf 81' lang='grc' dir='ltr'>Ἐπιφάνιον</span> <span class='ocrx_word' id='word_1_243' title='bbox 1153 2999 1245 3051; x_wconf 84' lang='grc' dir='ltr'>τὸν</span> <span class='ocrx_word' id='word_1_244' title='bbox 1292 2997 1542 3067; x_wconf 80' lang='grc' dir='ltr'>Κύπρου,</span> <span class='ocrx_word' id='word_1_245' title='bbox 1599 3000 1725 3063; x_wconf 78' lang='grc' dir='ltr'>τοὺς</span> <span class='ocrx_word' id='word_1_246' title='bbox 1760 2999 1966 3068; x_wconf 82' lang='grc' dir='ltr'>ἁγίους,</span> 
     </span>
    </p>
   </div>
   <div class='ocr_carea' id='block_1_34' title="bbox 382 3077 1970 3155">
    <p class='ocr_par' dir='ltr' id='par_1_34' title="bbox 382 3077 1970 3155">
     <span class='ocr_line' id='line_1_34' title="bbox 382 3077 1970 3155; baseline 0 -20"><span class='ocrx_word' id='word_1_247' title='bbox 382 3084 436 3135; x_wconf 88' lang='grc' dir='ltr'>τί</span> <span class='ocrx_word' id='word_1_248' title='bbox 465 3081 547 3136; x_wconf 85' lang='grc' dir='ltr'>δεῖ</span> <span class='ocrx_word' id='word_1_249' title='bbox 573 3082 668 3135; x_wconf 77' lang='grc' dir='ltr'>καὶ</span> <span class='ocrx_word' id='word_1_250' title='bbox 700 3080 900 3149; x_wconf 86' lang='grc' dir='ltr'>λέγειν,</span> <span class='ocrx_word' id='word_1_251' title='bbox 944 3077 1026 3145; x_wconf 77' lang='grc' dir='ltr'>οἷς</span> <span class='ocrx_word' id='word_1_252' title='bbox 1065 3080 1161 3135; x_wconf 69' lang='grc' dir='ltr'>καὶ</span> <span class='ocrx_word' id='word_1_253' title='bbox 1209 3081 1466 3153; x_wconf 87' lang='grc' dir='ltr'>κτήματα</span> <span class='ocrx_word' id='word_1_254' title='bbox 1504 3080 1690 3152; x_wconf 83' lang='grc' dir='ltr'>ἀγρῶν</span> <span class='ocrx_word' id='word_1_255' title='bbox 1717 3082 1809 3135; x_wconf 72' lang='grc' dir='ltr'>καὶ</span> <span class='ocrx_word' id='word_1_256' title='bbox 1833 3086 1970 3155; x_wconf 87' lang='grc' dir='ltr'>χρή-</span> 
     </span>
    </p>
   </div>
   <div class='ocr_carea' id='block_1_35' title="bbox 386 3163 1973 3236">
    <p class='ocr_par' dir='ltr' id='par_1_35' title="bbox 386 3163 1973 3236">
     <span class='ocr_line' id='line_1_35' title="bbox 386 3163 1973 3236; baseline 0 -18"><span class='ocrx_word' id='word_1_257' title='bbox 386 3182 531 3236; x_wconf 87' lang='grc' dir='ltr'>ματα</span> <span class='ocrx_word' id='word_1_258' title='bbox 560 3165 910 3236; x_wconf 82' lang='grc' dir='ltr'>ἐδωρήσατο;</span> <span class='ocrx_word' id='word_1_259' title='bbox 950 3164 1213 3235; x_wconf 85' lang='grc' dir='ltr'>Ὀπτίμου</span> <span class='ocrx_word' id='word_1_260' title='bbox 1242 3164 1300 3218; x_wconf 79' lang='grc' dir='ltr'>δὲ</span> <span class='ocrx_word' id='word_1_261' title='bbox 1334 3163 1698 3227; x_wconf 81' lang='grc' dir='ltr'>τελευτῶντος</span> <span class='ocrx_word' id='word_1_262' title='bbox 1729 3165 1789 3218; x_wconf 85' lang='grc' dir='ltr'>ἐν</span> <span class='ocrx_word' id='word_1_263' title='bbox 1820 3167 1973 3219; x_wconf 81' lang='grc' dir='ltr'>Κων-</span> 
     </span>
    </p>
   </div>
   <div class='ocr_carea' id='block_1_36' title="bbox 386 3246 1972 3320">
    <p class='ocr_par' dir='ltr' id='par_1_36' title="bbox 386 3246 1972 3320">
     <span class='ocr_line' id='line_1_36' title="bbox 386 3246 1972 3320; baseline 0.001 -19"><span class='ocrx_word' id='word_1_264' title='bbox 386 3248 827 3303; x_wconf 81' lang='grc' dir='ltr'>σταντινουπόλει</span> <span class='ocrx_word' id='word_1_265' title='bbox 886 3248 980 3303; x_wconf 71' lang='grc' dir='ltr'>καὶ</span> <span class='ocrx_word' id='word_1_266' title='bbox 1031 3250 1157 3311; x_wconf 82' lang='grc' dir='ltr'>τοὺς</span> <span class='ocrx_word' id='word_1_267' title='bbox 1200 3246 1516 3318; x_wconf 84' lang='grc' dir='ltr'>ὀφθαλμοὺς</span> <span class='ocrx_word' id='word_1_268' title='bbox 1572 3247 1730 3311; x_wconf 84' lang='grc' dir='ltr'>ἰδίαις</span> <span class='ocrx_word' id='word_1_269' title='bbox 1782 3249 1972 3320; x_wconf 75' lang='grc' dir='ltr'>χερσὶν</span> 
     </span>
    </p>
   </div>
   <div class='ocr_carea' id='block_1_37' title="bbox 385 3330 1973 3402">
    <p class='ocr_par' dir='ltr' id='par_1_37' title="bbox 385 3330 1973 3402">
     <span class='ocr_line' id='line_1_37' title="bbox 385 3330 1973 3402; baseline 0.001 -19"><span class='ocrx_word' id='word_1_270' title='bbox 385 3332 730 3402; x_wconf 88' lang='grc' dir='ltr'>ἐκάμμυσεν.</span> <span class='ocrx_word' id='word_1_271' title='bbox 765 3331 907 3402; x_wconf 84' lang='grc' dir='ltr'>Πρὸς</span> <span class='ocrx_word' id='word_1_272' title='bbox 953 3330 1163 3394; x_wconf 85' lang='grc' dir='ltr'>τούτοις</span> <span class='ocrx_word' id='word_1_273' title='bbox 1195 3331 1443 3395; x_wconf 74' lang='grc' dir='ltr'>καὶτοὺς</span> <span class='ocrx_word' id='word_1_274' title='bbox 1479 3330 1746 3393; x_wconf 79' lang='grc' dir='ltr'>ἐλεεινοὺς</span> <span class='ocrx_word' id='word_1_275' title='bbox 1770 3331 1832 3384; x_wconf 87' lang='grc' dir='ltr'>ού</span> <span class='ocrx_word' id='word_1_276' title='bbox 1873 3348 1973 3402; x_wconf 81' lang='grc' dir='ltr'>με·</span> 
     </span>
    </p>
   </div>
   <div class='ocr_carea' id='block_1_38' title="bbox 383 3413 1975 3486">
    <p class='ocr_par' dir='ltr' id='par_1_38' title="bbox 383 3413 1975 3486">
     <span class='ocr_line' id='line_1_38' title="bbox 383 3413 1975 3486; baseline 0.003 -20"><span class='ocrx_word' id='word_1_277' title='bbox 383 3415 553 3486; x_wconf 86' lang='grc' dir='ltr'>τρίως</span> <span class='ocrx_word' id='word_1_278' title='bbox 574 3414 841 3484; x_wconf 77' lang='grc' dir='ltr'>ἀνέψυξεν</span> <span class='ocrx_word' id='word_1_279' title='bbox 869 3417 928 3468; x_wconf 90' lang='grc' dir='ltr'>ἐν</span> <span class='ocrx_word' id='word_1_280' title='bbox 946 3417 1136 3480; x_wconf 81' lang='grc' dir='ltr'>πᾶσιν,</span> <span class='ocrx_word' id='word_1_281' title='bbox 1181 3414 1454 3485; x_wconf 87' lang='grc' dir='ltr'>Ἀντίοχον</span> <span class='ocrx_word' id='word_1_282' title='bbox 1488 3413 1583 3467; x_wconf 76' lang='grc' dir='ltr'>καὶ</span> <span class='ocrx_word' id='word_1_283' title='bbox 1610 3415 1863 3469; x_wconf 83' lang='grc' dir='ltr'>Ἀκάκιον</span> <span class='ocrx_word' id='word_1_284' title='bbox 1881 3417 1975 3470; x_wconf 78' lang='grc' dir='ltr'>καί</span> 
     </span>
    </p>
   </div>
   <div class='ocr_carea' id='block_1_39' title="bbox 385 3498 1973 3570">
    <p class='ocr_par' dir='ltr' id='par_1_39' title="bbox 385 3498 1973 3570">
     <span class='ocr_line' id='line_1_39' title="bbox 385 3498 1973 3570; baseline 0 -18"><span class='ocrx_word' id='word_1_285' title='bbox 385 3498 738 3570; x_wconf 79' lang='grc' dir='ltr'>Σευηριανὸν,</span> <span class='ocrx_word' id='word_1_286' title='bbox 766 3498 859 3552; x_wconf 78' lang='grc' dir='ltr'>καὶ</span> <span class='ocrx_word' id='word_1_287' title='bbox 893 3498 1081 3562; x_wconf 89' lang='grc' dir='ltr'>ἀπλῶς</span> <span class='ocrx_word' id='word_1_288' title='bbox 1111 3501 1175 3552; x_wconf 90' lang='grc' dir='ltr'>ἐκ</span> <span class='ocrx_word' id='word_1_289' title='bbox 1206 3498 1405 3570; x_wconf 86' lang='grc' dir='ltr'>μέρους</span> <span class='ocrx_word' id='word_1_290' title='bbox 1454 3498 1662 3561; x_wconf 85' lang='grc' dir='ltr'>πάντας</span> <span class='ocrx_word' id='word_1_291' title='bbox 1691 3498 1819 3560; x_wconf 80' lang='grc' dir='ltr'>τοὺς</span> <span class='ocrx_word' id='word_1_292' title='bbox 1851 3499 1973 3552; x_wconf 88' lang='grc' dir='ltr'>ἐπι-</span> 
     </span>
    </p>
   </div>
   <div class='ocr_carea' id='block_1_40' title="bbox 386 3580 1975 3655">
    <p class='ocr_par' dir='ltr' id='par_1_40' title="bbox 386 3580 1975 3655">
     <span class='ocr_line' id='line_1_40' title="bbox 386 3580 1975 3655; baseline 0 -20"><span class='ocrx_word' id='word_1_293' title='bbox 386 3582 696 3653; x_wconf 86' lang='grc' dir='ltr'>δημοῦντας</span> <span class='ocrx_word' id='word_1_294' title='bbox 732 3584 1058 3655; x_wconf 76' lang='grc' dir='ltr'>ίερατικοὺς,</span> <span class='ocrx_word' id='word_1_295' title='bbox 1082 3581 1339 3655; x_wconf 85' lang='grc' dir='ltr'>ἀσκητῶν</span> <span class='ocrx_word' id='word_1_296' title='bbox 1393 3580 1508 3651; x_wconf 81' lang='grc' dir='ltr'>δέἢ</span> <span class='ocrx_word' id='word_1_297' title='bbox 1549 3580 1834 3653; x_wconf 87' lang='grc' dir='ltr'>παρθένων</span> <span class='ocrx_word' id='word_1_298' title='bbox 1879 3583 1975 3635; x_wconf 89' lang='grc' dir='ltr'>ἀν-</span> 
     </span>
    </p>
   </div>
   <div class='ocr_carea' id='block_1_41' title="bbox 388 3652 1977 3737">
    <p class='ocr_par' dir='ltr' id='par_1_41' title="bbox 388 3652 1977 3737">
     <span class='ocr_line' id='line_1_41' title="bbox 388 3652 1977 3737; baseline 0.001 -20"><span class='ocrx_word' id='word_1_299' title='bbox 388 3664 748 3736; x_wconf 81' lang='grc' dir='ltr'>αριθμήτους.</span> <span class='ocrx_word' id='word_1_300' title='bbox 784 3652 1049 3737; x_wconf 72' lang='grc' dir='ltr'>Ἶωάννης</span> <span class='ocrx_word' id='word_1_301' title='bbox 1100 3652 1306 3736; x_wconf 67' lang='grc' dir='ltr'>μέντοι,</span> <span class='ocrx_word' id='word_1_302' title='bbox 1347 3664 1534 3736; x_wconf 84' lang='grc' dir='ltr'>ἐπειδὴ</span> <span class='ocrx_word' id='word_1_303' title='bbox 1560 3652 1753 3736; x_wconf 85' lang='grc' dir='ltr'>κρίνας</span> <span class='ocrx_word' id='word_1_304' title='bbox 1785 3661 1874 3737; x_wconf 82' lang='grc' dir='ltr'>ἦν,</span> <span class='ocrx_word' id='word_1_305' title='bbox 1901 3666 1977 3730; x_wconf 88' lang='grc' dir='ltr'>ὠς</span> 
     </span>
    </p>
   </div>
   <div class='ocr_carea' id='block_1_42' title="bbox 388 3748 1973 3819">
    <p class='ocr_par' dir='ltr' id='par_1_42' title="bbox 388 3748 1973 3819">
     <span class='ocr_line' id='line_1_42' title="bbox 388 3748 1973 3819; baseline 0 -18"><span class='ocrx_word' id='word_1_306' title='bbox 388 3750 588 3814; x_wconf 88' lang='grc' dir='ltr'>εἰπεῖν,</span> <span class='ocrx_word' id='word_1_307' title='bbox 603 3749 775 3813; x_wconf 83' lang='grc' dir='ltr'>τύπος</span> <span class='ocrx_word' id='word_1_308' title='bbox 804 3748 1131 3812; x_wconf 68' lang='grc' dir='ltr'>ἀποσταλεὶς</span> <span class='ocrx_word' id='word_1_309' title='bbox 1159 3751 1271 3811; x_wconf 87' lang='grc' dir='ltr'>τοῖς</span> <span class='ocrx_word' id='word_1_310' title='bbox 1306 3748 1603 3819; x_wconf 85' lang='grc' dir='ltr'>μετέπειτα</span> <span class='ocrx_word' id='word_1_311' title='bbox 1631 3748 1973 3815; x_wconf 80' lang='grc' dir='ltr'>ἐπισκόποις,</span> 
     </span>
    </p>
   </div>
   <div class='ocr_carea' id='block_1_43' title="bbox 386 3829 1977 3903">
    <p class='ocr_par' dir='ltr' id='par_1_43' title="bbox 386 3829 1977 3903">
     <span class='ocr_line' id='line_1_43' title="bbox 386 3829 1977 3903; baseline 0 -19"><span class='ocrx_word' id='word_1_312' title='bbox 386 3832 453 3885; x_wconf 86' lang='lat' dir='ltr'>rb</span> <span class='ocrx_word' id='word_1_313' title='bbox 478 3832 627 3896; x_wconf 82' lang='grc' dir='ltr'>ὅπως</span> <span class='ocrx_word' id='word_1_314' title='bbox 669 3832 946 3902; x_wconf 83' lang='grc' dir='ltr'>ὀφείλουσι</span> <span class='ocrx_word' id='word_1_315' title='bbox 1005 3831 1126 3903; x_wconf 77' lang='grc' dir='ltr'>ζῇν,</span> <span class='ocrx_word' id='word_1_316' title='bbox 1176 3830 1319 3885; x_wconf 89' lang='grc' dir='ltr'>κατά</span> <span class='ocrx_word' id='word_1_317' title='bbox 1363 3830 1453 3883; x_wconf 84' lang='grc' dir='ltr'>τὸν</span> <span class='ocrx_word' id='word_1_318' title='bbox 1495 3829 1728 3895; x_wconf 88' lang='grc' dir='ltr'>Παῦλον,</span> <span class='ocrx_word' id='word_1_319' title='bbox 1763 3832 1821 3884; x_wconf 82' lang='grc' dir='ltr'>ὲν</span> <span class='ocrx_word' id='word_1_320' title='bbox 1862 3831 1977 3903; x_wconf 83' lang='grc' dir='ltr'>ἰδίῳ</span> 
     </span>
    </p>
   </div>
   <div class='ocr_carea' id='block_1_44' title="bbox 391 3912 1976 3987">
    <p class='ocr_par' dir='ltr' id='par_1_44' title="bbox 391 3912 1976 3987">
     <span class='ocr_line' id='line_1_44' title="bbox 391 3912 1976 3987; baseline -0.002 -17"><span class='ocrx_word' id='word_1_321' title='bbox 391 3916 708 3987; x_wconf 84' lang='grc' dir='ltr'>μισθώματι</span> <span class='ocrx_word' id='word_1_322' title='bbox 743 3914 977 3986; x_wconf 80' lang='grc' dir='ltr'>κηρῦξαι</span> <span class='ocrx_word' id='word_1_323' title='bbox 997 3916 1094 3985; x_wconf 79' lang='grc' dir='ltr'>τὴν</span> <span class='ocrx_word' id='word_1_324' title='bbox 1131 3913 1443 3986; x_wconf 88' lang='grc' dir='ltr'>μετάνοιαν,</span> <span class='ocrx_word' id='word_1_325' title='bbox 1475 3912 1702 3984; x_wconf 75' lang='grc' dir='ltr'>μηδενὸς</span> <span class='ocrx_word' id='word_1_326' title='bbox 1736 3914 1976 3984; x_wconf 86' lang='grc' dir='ltr'>ἀπτόμε-</span> 
     </span>
    </p>
   </div>
   <div class='ocr_carea' id='block_1_45' title="bbox 388 3997 1975 4072">
    <p class='ocr_par' dir='ltr' id='par_1_45' title="bbox 388 3997 1975 4072">
     <span class='ocr_line' id='line_1_45' title="bbox 388 3997 1975 4072; baseline -0.004 -17"><span class='ocrx_word' id='word_1_327' title='bbox 388 4018 480 4065; x_wconf 88' lang='grc' dir='ltr'>νος</span> <span class='ocrx_word' id='word_1_328' title='bbox 510 4001 617 4054; x_wconf 87' lang='grc' dir='ltr'>τῶν</span> <span class='ocrx_word' id='word_1_329' title='bbox 638 4001 739 4072; x_wconf 89' lang='grc' dir='ltr'>τῆς</span> <span class='ocrx_word' id='word_1_330' title='bbox 785 3998 1133 4070; x_wconf 86' lang='grc' dir='ltr'>Ἐκκλησίας,</span> <span class='ocrx_word' id='word_1_331' title='bbox 1154 3998 1222 4052; x_wconf 83' lang='grc' dir='ltr'>τά</span> <span class='ocrx_word' id='word_1_332' title='bbox 1248 3999 1347 4069; x_wconf 89' lang='grc' dir='ltr'>τῆς</span> <span class='ocrx_word' id='word_1_333' title='bbox 1374 3998 1588 4068; x_wconf 82' lang='grc' dir='ltr'>ἡμέρας</span> <span class='ocrx_word' id='word_1_334' title='bbox 1612 3997 1782 4068; x_wconf 90' lang='grc' dir='ltr'>μόνης</span> <span class='ocrx_word' id='word_1_335' title='bbox 1807 3998 1975 4068; x_wconf 80' lang='grc' dir='ltr'>ἐλάμ-</span> 
     </span>
    </p>
   </div>
   <div class='ocr_carea' id='block_1_46' title="bbox 390 4081 1979 4155">
    <p class='ocr_par' dir='ltr' id='par_1_46' title="bbox 390 4081 1979 4155">
     <span class='ocr_line' id='line_1_46' title="bbox 390 4081 1979 4155; baseline -0.003 -17"><span class='ocrx_word' id='word_1_336' title='bbox 390 4085 523 4139; x_wconf 87' lang='grc' dir='ltr'>ϐανε</span> <span class='ocrx_word' id='word_1_337' title='bbox 564 4084 851 4155; x_wconf 79' lang='grc' dir='ltr'>βρώματα,</span> <span class='ocrx_word' id='word_1_338' title='bbox 882 4082 1231 4154; x_wconf 84' lang='grc' dir='ltr'>δραπετεύων</span> <span class='ocrx_word' id='word_1_339' title='bbox 1270 4083 1359 4136; x_wconf 76' lang='grc' dir='ltr'>ἀεὶ</span> <span class='ocrx_word' id='word_1_340' title='bbox 1389 4082 1488 4153; x_wconf 84' lang='grc' dir='ltr'>τὴν</span> <span class='ocrx_word' id='word_1_341' title='bbox 1525 4081 1784 4151; x_wconf 85' lang='grc' dir='ltr'>τοιαύτην</span> <span class='ocrx_word' id='word_1_342' title='bbox 1814 4098 1979 4153; x_wconf 84' lang='grc' dir='ltr'>φρον-</span> 
     </span>
    </p>
   </div>
   <div class='ocr_carea' id='block_1_47' title="bbox 388 4164 1981 4237">
    <p class='ocr_par' dir='ltr' id='par_1_47' title="bbox 388 4164 1981 4237">
     <span class='ocr_line' id='line_1_47' title="bbox 388 4164 1981 4237; baseline -0.002 -16"><span class='ocrx_word' id='word_1_343' title='bbox 388 4168 530 4224; x_wconf 86' lang='grc' dir='ltr'>τίδα.</span> <span class='ocrx_word' id='word_1_344' title='bbox 570 4169 807 4236; x_wconf 84' lang='grc' dir='ltr'>Λέγεται</span> <span class='ocrx_word' id='word_1_345' title='bbox 835 4167 893 4220; x_wconf 85' lang='grc' dir='ltr'>δέ</span> <span class='ocrx_word' id='word_1_346' title='bbox 924 4168 1005 4220; x_wconf 81' lang='grc' dir='ltr'>ὅτι</span> <span class='ocrx_word' id='word_1_347' title='bbox 1037 4166 1133 4220; x_wconf 88' lang='grc' dir='ltr'>καί</span> <span class='ocrx_word' id='word_1_348' title='bbox 1180 4164 1487 4237; x_wconf 60' lang='grc' dir='ltr'>αἰδουμένῳ</span> <span class='ocrx_word' id='word_1_349' title='bbox 1527 4165 1712 4235; x_wconf 85' lang='grc' dir='ltr'>ἐῴκει,</span> <span class='ocrx_word' id='word_1_350' title='bbox 1764 4166 1863 4235; x_wconf 89' lang='grc' dir='ltr'>τῆς</span> <span class='ocrx_word' id='word_1_351' title='bbox 1892 4168 1981 4219; x_wconf 83' lang='grc' dir='ltr'>αἰ-</span> 
     </span>
    </p>
   </div>
   <div class='ocr_carea' id='block_1_48' title="bbox 390 4248 1978 4326">
    <p class='ocr_par' dir='ltr' id='par_1_48' title="bbox 390 4248 1978 4326">
     <span class='ocr_line' id='line_1_48' title="bbox 390 4248 1978 4326; baseline -0.002 -20"><span class='ocrx_word' id='word_1_352' title='bbox 390 4253 598 4326; x_wconf 86' lang='grc' dir='ltr'>σθητῆς</span> <span class='ocrx_word' id='word_1_353' title='bbox 634 4250 1067 4322; x_wconf 88' lang='grc' dir='ltr'>μεταλαμϐάνων</span> <span class='ocrx_word' id='word_1_354' title='bbox 1091 4252 1319 4320; x_wconf 79' lang='grc' dir='ltr'>τροφῆς.</span> <span class='ocrx_word' id='word_1_355' title='bbox 1361 4250 1571 4319; x_wconf 83' lang='grc' dir='ltr'>Ὥσπερ</span> <span class='ocrx_word' id='word_1_356' title='bbox 1598 4249 1708 4320; x_wconf 89' lang='grc' dir='ltr'>γάρ</span> <span class='ocrx_word' id='word_1_357' title='bbox 1736 4248 1832 4302; x_wconf 81' lang='grc' dir='ltr'>ἐπὶ</span> <span class='ocrx_word' id='word_1_358' title='bbox 1868 4249 1978 4303; x_wconf 89' lang='grc' dir='ltr'>τῶν</span> 
     </span>
    </p>
   </div>
   <div class='ocr_carea' id='block_1_49' title="bbox 393 4332 1979 4409">
    <p class='ocr_par' dir='ltr' id='par_1_49' title="bbox 393 4332 1979 4409">
     <span class='ocr_line' id='line_1_49' title="bbox 393 4332 1979 4409; baseline -0.002 -20"><span class='ocrx_word' id='word_1_359' title='bbox 393 4338 600 4409; x_wconf 75' lang='grc' dir='ltr'>μήλων,</span> <span class='ocrx_word' id='word_1_360' title='bbox 632 4335 771 4389; x_wconf 74' lang='grc' dir='ltr'>ἐπὰν</span> <span class='ocrx_word' id='word_1_361' title='bbox 801 4332 1159 4387; x_wconf 78' lang='grc' dir='ltr'>πεπανθῶσιν</span> <span class='ocrx_word' id='word_1_362' title='bbox 1208 4334 1288 4396; x_wconf 86' lang='grc' dir='ltr'>εἰς</span> <span class='ocrx_word' id='word_1_363' title='bbox 1341 4332 1531 4403; x_wconf 86' lang='grc' dir='ltr'>ἀκρον,</span> <span class='ocrx_word' id='word_1_364' title='bbox 1560 4333 1661 4385; x_wconf 72' lang='grc' dir='ltr'>οὐκ</span> <span class='ocrx_word' id='word_1_365' title='bbox 1693 4332 1979 4402; x_wconf 90' lang='grc' dir='ltr'>ἀνέχονται</span> 
     </span>
    </p>
   </div>
   <div class='ocr_carea' id='block_1_50' title="bbox 392 4415 1977 4492">
    <p class='ocr_par' dir='ltr' id='par_1_50' title="bbox 392 4415 1977 4492">
     <span class='ocr_line' id='line_1_50' title="bbox 392 4415 1977 4492; baseline -0.004 -19"><span class='ocrx_word' id='word_1_366' title='bbox 392 4417 732 4492; x_wconf 87' lang='grc' dir='ltr'>παραμένειν</span> <span class='ocrx_word' id='word_1_367' title='bbox 757 4418 837 4489; x_wconf 79' lang='grc' dir='ltr'>τῷ</span> <span class='ocrx_word' id='word_1_368' title='bbox 873 4417 1075 4488; x_wconf 87' lang='grc' dir='ltr'>κλάδῳ.</span> <span class='ocrx_word' id='word_1_369' title='bbox 1107 4417 1205 4487; x_wconf 77' lang='grc' dir='ltr'>τὴν</span> <span class='ocrx_word' id='word_1_370' title='bbox 1236 4415 1330 4469; x_wconf 89' lang='grc' dir='ltr'>τοῦ</span> <span class='ocrx_word' id='word_1_371' title='bbox 1378 4415 1638 4468; x_wconf 84' lang='grc' dir='ltr'>δεσπότου</span> <span class='ocrx_word' id='word_1_372' title='bbox 1669 4418 1827 4487; x_wconf 85' lang='grc' dir='ltr'>χεῖρα</span> <span class='ocrx_word' id='word_1_373' title='bbox 1857 4417 1977 4468; x_wconf 86' lang='grc' dir='ltr'>ἐπι-</span> 
     </span>
    </p>
   </div>
   <div class='ocr_carea' id='block_1_51' title="bbox 392 4498 1981 4576">
    <p class='ocr_par' dir='ltr' id='par_1_51' title="bbox 392 4498 1981 4576">
     <span class='ocr_line' id='line_1_51' title="bbox 392 4498 1981 4576; baseline -0.004 -18"><span class='ocrx_word' id='word_1_374' title='bbox 392 4504 681 4576; x_wconf 80' lang='grc' dir='ltr'>ζητοῦντα·</span> <span class='ocrx_word' id='word_1_375' title='bbox 712 4501 858 4555; x_wconf 84' lang='grc' dir='ltr'>οῦτω</span> <span class='ocrx_word' id='word_1_376' title='bbox 886 4502 979 4555; x_wconf 72' lang='grc' dir='ltr'>καὶ</span> <span class='ocrx_word' id='word_1_377' title='bbox 1008 4501 1102 4553; x_wconf 69' lang='grc' dir='ltr'>ἐπὶ</span> <span class='ocrx_word' id='word_1_378' title='bbox 1131 4501 1240 4553; x_wconf 90' lang='grc' dir='ltr'>τῶν</span> <span class='ocrx_word' id='word_1_379' title='bbox 1281 4498 1473 4568; x_wconf 83' lang='grc' dir='ltr'>ἀγίων,</span> <span class='ocrx_word' id='word_1_380' title='bbox 1523 4498 1651 4552; x_wconf 82' lang='grc' dir='ltr'>ὅταν</span> <span class='ocrx_word' id='word_1_381' title='bbox 1686 4498 1981 4570; x_wconf 83' lang='grc' dir='ltr'>ὑπερφυῶς</span> 
     </span>
    </p>
   </div>
   <div class='ocr_carea' id='block_1_52' title="bbox 393 4581 1982 4661">
    <p class='ocr_par' dir='ltr' id='par_1_52' title="bbox 393 4581 1982 4661">
     <span class='ocr_line' id='line_1_52' title="bbox 393 4581 1982 4661; baseline -0.006 -18"><span class='ocrx_word' id='word_1_382' title='bbox 393 4588 669 4661; x_wconf 84' lang='grc' dir='ltr'>ὲρασθῶσι</span> <span class='ocrx_word' id='word_1_383' title='bbox 698 4587 793 4640; x_wconf 87' lang='grc' dir='ltr'>τοῦ</span> <span class='ocrx_word' id='word_1_384' title='bbox 811 4585 1042 4648; x_wconf 83' lang='grc' dir='ltr'>κάλλους</span> <span class='ocrx_word' id='word_1_385' title='bbox 1060 4583 1169 4638; x_wconf 86' lang='grc' dir='ltr'>τῶν</span> <span class='ocrx_word' id='word_1_386' title='bbox 1189 4584 1459 4655; x_wconf 78' lang='grc' dir='ltr'>οὐρανίων</span> <span class='ocrx_word' id='word_1_387' title='bbox 1482 4582 1848 4652; x_wconf 86' lang='grc' dir='ltr'>πραγμάτων,</span> <span class='ocrx_word' id='word_1_388' title='bbox 1874 4581 1982 4654; x_wconf 80' lang='grc' dir='ltr'>πρὸ</span> 
     </span>
    </p>
   </div>
   <div class='ocr_carea' id='block_1_53' title="bbox 388 4665 1983 4745">
    <p class='ocr_par' dir='ltr' id='par_1_53' title="bbox 388 4665 1983 4745">
     <span class='ocr_line' id='line_1_53' title="bbox 388 4665 1983 4745; baseline -0.006 -18"><span class='ocrx_word' id='word_1_389' title='bbox 388 4675 490 4744; x_wconf 86' lang='grc' dir='ltr'>τῆς</span> <span class='ocrx_word' id='word_1_390' title='bbox 508 4672 821 4745; x_wconf 81' lang='grc' dir='ltr'>ὡρισμένης</span> <span class='ocrx_word' id='word_1_391' title='bbox 842 4668 1024 4736; x_wconf 81' lang='grc' dir='ltr'>ἐξόδου</span> <span class='ocrx_word' id='word_1_392' title='bbox 1052 4667 1365 4736; x_wconf 82' lang='grc' dir='ltr'>ἐπείγονται</span> <span class='ocrx_word' id='word_1_393' title='bbox 1398 4669 1581 4736; x_wconf 85' lang='grc' dir='ltr'>τυχεῖν</span> <span class='ocrx_word' id='word_1_394' title='bbox 1612 4668 1711 4737; x_wconf 82' lang='grc' dir='ltr'>τῆς</span> <span class='ocrx_word' id='word_1_395' title='bbox 1745 4665 1983 4734; x_wconf 79' lang='grc' dir='ltr'>ἐπαγγε-</span> 
     </span>
    </p>
   </div>
   <div class='ocr_carea' id='block_1_54' title="bbox 392 4749 1979 4827">
    <p class='ocr_par' dir='ltr' id='par_1_54' title="bbox 392 4749 1979 4827">
     <span class='ocr_line' id='line_1_54' title="bbox 392 4749 1979 4827; baseline -0.005 -16"><span class='ocrx_word' id='word_1_396' title='bbox 392 4758 533 4822; x_wconf 80' lang='grc' dir='ltr'>λίας·</span> <span class='ocrx_word' id='word_1_397' title='bbox 580 4755 834 4827; x_wconf 83' lang='grc' dir='ltr'>καθάπερ</span> <span class='ocrx_word' id='word_1_398' title='bbox 889 4755 983 4808; x_wconf 73' lang='grc' dir='ltr'>καί⁸</span> <span class='ocrx_word' id='word_1_399' title='bbox 1038 4753 1130 4806; x_wconf 77' lang='grc' dir='ltr'>ἐπὶ</span> <span class='ocrx_word' id='word_1_400' title='bbox 1187 4752 1296 4805; x_wconf 90' lang='grc' dir='ltr'>τῶν</span> <span class='ocrx_word' id='word_1_401' title='bbox 1346 4750 1684 4804; x_wconf 88' lang='grc' dir='ltr'>δεσποτικῶν</span> <span class='ocrx_word' id='word_1_402' title='bbox 1729 4749 1979 4804; x_wconf 89' lang='grc' dir='ltr'>παιδίων.</span> 
     </span>
    </p>
   </div>
   <div class='ocr_carea' id='block_1_55' title="bbox 405 4832 1984 4911">
    <p class='ocr_par' dir='ltr' id='par_1_55' title="bbox 405 4832 1984 4911">
     <span class='ocr_line' id='line_1_55' title="bbox 405 4832 1984 4911; baseline -0.008 -16"><span class='ocrx_word' id='word_1_403' title='bbox 405 4843 618 4896; x_wconf 86' lang='grc' dir='ltr'>Ἐκεῖνα</span> <span class='ocrx_word' id='word_1_404' title='bbox 649 4839 759 4911; x_wconf 91' lang='grc' dir='ltr'>γάρ</span> <span class='ocrx_word' id='word_1_405' title='bbox 790 4836 1049 4898; x_wconf 87' lang='grc' dir='ltr'>πολλάκις</span> <span class='ocrx_word' id='word_1_406' title='bbox 1074 4838 1140 4907; x_wconf 83' lang='grc' dir='ltr'>τῇ</span> <span class='ocrx_word' id='word_1_407' title='bbox 1179 4834 1477 4907; x_wconf 79' lang='grc' dir='ltr'>προσδοκίᾳ</span> <span class='ocrx_word' id='word_1_408' title='bbox 1497 4836 1565 4905; x_wconf 84' lang='grc' dir='ltr'>τῇ</span> <span class='ocrx_word' id='word_1_409' title='bbox 1606 4832 1716 4886; x_wconf 89' lang='grc' dir='ltr'>τῶν</span> <span class='ocrx_word' id='word_1_410' title='bbox 1751 4832 1984 4904; x_wconf 88' lang='grc' dir='ltr'>μελιπή-</span> 
     </span>
    </p>
   </div>
   <div class='ocr_carea' id='block_1_56' title="bbox 391 4916 1985 4994">
    <p class='ocr_par' dir='ltr' id='par_1_56' title="bbox 391 4916 1985 4994">
     <span class='ocr_line' id='line_1_56' title="bbox 391 4916 1985 4994; baseline -0.008 -13"><span class='ocrx_word' id='word_1_411' title='bbox 391 4942 539 4982; x_wconf 85' lang='grc' dir='ltr'>κτων</span> <span class='ocrx_word' id='word_1_412' title='bbox 588 4924 853 4994; x_wconf 87' lang='grc' dir='ltr'>ἀθήγουσι</span> <span class='ocrx_word' id='word_1_413' title='bbox 895 4920 926 4958; x_wconf 70' lang='grc' dir='ltr'>ιι</span> <span class='ocrx_word' id='word_1_414' title='bbox 960 4919 1069 4973; x_wconf 90' lang='grc' dir='ltr'>τῶν</span> <span class='ocrx_word' id='word_1_415' title='bbox 1114 4918 1494 4990; x_wconf 89' lang='grc' dir='ltr'>προκειμένων</span> <span class='ocrx_word' id='word_1_416' title='bbox 1535 4916 1842 4988; x_wconf 85' lang='grc' dir='ltr'>βρωμάτων</span> <span class='ocrx_word' id='word_1_417' title='bbox 1891 4916 1985 4969; x_wconf 83' lang='grc' dir='ltr'>ἐπὶ</span> 
     </span>
    </p>
   </div>
   <div class='ocr_carea' id='block_1_57' title="bbox 394 5000 1987 5081">
    <p class='ocr_par' dir='ltr' id='par_1_57' title="bbox 394 5000 1987 5081">
     <span class='ocr_line' id='line_1_57' title="bbox 394 5000 1987 5081; baseline -0.006 -17"><span class='ocrx_word' id='word_1_418' title='bbox 394 5009 612 5081; x_wconf 81' lang='grc' dir='ltr'>φυλακῇ</span> <span class='ocrx_word' id='word_1_419' title='bbox 643 5011 742 5080; x_wconf 84' lang='grc' dir='ltr'>τῆς</span> <span class='ocrx_word' id='word_1_420' title='bbox 767 5004 1023 5079; x_wconf 82' lang='grc' dir='ltr'>ὀρέξεως,</span> <span class='ocrx_word' id='word_1_421' title='bbox 1052 5004 1118 5057; x_wconf 78' lang='grc' dir='ltr'>ἵν’</span> <span class='ocrx_word' id='word_1_422' title='bbox 1147 5001 1506 5075; x_wconf 82' lang='grc' dir='ltr'>ἐμπλησθῶσι</span> <span class='ocrx_word' id='word_1_423' title='bbox 1535 5002 1635 5073; x_wconf 84' lang='grc' dir='ltr'>τῆς</span> <span class='ocrx_word' id='word_1_424' title='bbox 1673 5000 1987 5072; x_wconf 74' lang='grc' dir='ltr'>προσδοκωσ</span> 
     </span>
    </p>
   </div>
   <div class='ocr_carea' id='block_1_58' title="bbox 399 5085 1987 5163">
    <p class='ocr_par' dir='ltr' id='par_1_58' title="bbox 399 5085 1987 5163">
     <span class='ocr_line' id='line_1_58' title="bbox 399 5085 1987 5163; baseline -0.006 -17"><span class='ocrx_word' id='word_1_425' title='bbox 399 5092 567 5163; x_wconf 81' lang='grc' dir='ltr'>μένης</span> <span class='ocrx_word' id='word_1_426' title='bbox 590 5091 951 5162; x_wconf 90' lang='grc' dir='ltr'>γλυκύτητος.</span> <span class='ocrx_word' id='word_1_427' title='bbox 988 5088 1304 5158; x_wconf 87' lang='grc' dir='ltr'>Γνωρίσωσι</span> <span class='ocrx_word' id='word_1_428' title='bbox 1331 5086 1390 5141; x_wconf 80' lang='grc' dir='ltr'>δὲ</span> <span class='ocrx_word' id='word_1_429' title='bbox 1438 5087 1565 5149; x_wconf 82' lang='grc' dir='ltr'>τοὺς</span> <span class='ocrx_word' id='word_1_430' title='bbox 1600 5085 1795 5154; x_wconf 84' lang='grc' dir='ltr'>λόγους</span> <span class='ocrx_word' id='word_1_431' title='bbox 1828 5087 1880 5139; x_wconf 91' lang='grc' dir='ltr'>οἰ</span> <span class='ocrx_word' id='word_1_432' title='bbox 1904 5086 1987 5147; x_wconf 91' lang='grc' dir='ltr'>εἰς</span> 
     </span>
    </p>
   </div>
   <div class='ocr_carea' id='block_1_59' title="bbox 397 5169 1983 5247">
    <p class='ocr_par' dir='ltr' id='par_1_59' title="bbox 397 5169 1983 5247">
     <span class='ocr_line' id='line_1_59' title="bbox 397 5169 1983 5247; baseline -0.004 -20"><span class='ocrx_word' id='word_1_433' title='bbox 397 5175 459 5228; x_wconf 83' lang='lat' dir='ltr'>rb</span> <span class='ocrx_word' id='word_1_434' title='bbox 487 5175 619 5229; x_wconf 81' lang='grc' dir='ltr'>αὐτὸ</span> <span class='ocrx_word' id='word_1_435' title='bbox 653 5176 797 5245; x_wconf 86' lang='grc' dir='ltr'>ίχνος</span> <span class='ocrx_word' id='word_1_436' title='bbox 825 5177 925 5247; x_wconf 78' lang='grc' dir='ltr'>τῆς</span> <span class='ocrx_word' id='word_1_437' title='bbox 941 5171 1316 5243; x_wconf 82' lang='grc' dir='ltr'>πνευματικῆς</span> <span class='ocrx_word' id='word_1_438' title='bbox 1344 5171 1569 5240; x_wconf 85' lang='grc' dir='ltr'>πορείας</span> <span class='ocrx_word' id='word_1_439' title='bbox 1590 5169 1983 5240; x_wconf 86' lang='grc' dir='ltr'>ἐμϐεϐηκότες·</span> 
     </span>
    </p>
   </div>
   <div class='ocr_carea' id='block_1_60' title="bbox 397 5251 1989 5331">
    <p class='ocr_par' dir='ltr' id='par_1_60' title="bbox 397 5251 1989 5331">
     <span class='ocr_line' id='line_1_60' title="bbox 397 5251 1989 5331; baseline -0.005 -17"><span class='ocrx_word' id='word_1_440' title='bbox 397 5261 594 5329; x_wconf 80' lang='grc' dir='ltr'>Λόγον</span> <span class='ocrx_word' id='word_1_441' title='bbox 650 5260 759 5331; x_wconf 77' lang='grc' dir='ltr'>γὰρ</span> <span class='ocrx_word' id='word_1_442' title='bbox 788 5257 1049 5312; x_wconf 82' lang='grc' dir='ltr'>συνετὸν</span> <span class='ocrx_word' id='word_1_443' title='bbox 1074 5256 1184 5310; x_wconf 82' lang='grc' dir='ltr'>ἐὰν</span> <span class='ocrx_word' id='word_1_444' title='bbox 1209 5255 1449 5322; x_wconf 76' lang='grc' dir='ltr'>ἀκούσῃ</span> <span class='ocrx_word' id='word_1_445' title='bbox 1489 5253 1704 5323; x_wconf 70' lang='grc' dir='ltr'>σοφός,</span> <span class='ocrx_word' id='word_1_446' title='bbox 1757 5251 1989 5306; x_wconf 77' lang='grc' dir='ltr'>αἰνέσει</span> 
     </span>
    </p>
   </div>
   <div class='ocr_carea' id='block_1_61' title="bbox 397 5340 1453 5411">
    <p class='ocr_par' dir='ltr' id='par_1_61' title="bbox 397 5340 1453 5411">
     <span class='ocr_line' id='line_1_61' title="bbox 397 5340 1453 5411; baseline -0.002 -14"><span class='ocrx_word' id='word_1_447' title='bbox 397 5346 605 5407; x_wconf 80' lang='grc' dir='ltr'>αὐτὸν,</span> <span class='ocrx_word' id='word_1_448' title='bbox 634 5344 731 5398; x_wconf 79' lang='grc' dir='ltr'>καὶ</span> <span class='ocrx_word' id='word_1_449' title='bbox 768 5344 860 5398; x_wconf 82' lang='grc' dir='ltr'>ἐπ’</span> <span class='ocrx_word' id='word_1_450' title='bbox 878 5343 1066 5399; x_wconf 78' lang='grc' dir='ltr'>αὑτὸν</span> <span class='ocrx_word' id='word_1_451' title='bbox 1094 5340 1453 5411; x_wconf 70' lang='grc' dir='ltr'>προσθήσει.</span> 
     </span>
    </p>
   </div>
   <div class='ocr_carea' id='block_1_62' title="bbox 463 5485 1989 5554">
    <p class='ocr_par' dir='ltr' id='par_1_62' title="bbox 463 5485 1989 5554">
     <span class='ocr_line' id='line_1_62' title="bbox 463 5485 1989 5554; baseline -0.001 -15"><span class='ocrx_word' id='word_1_452' title='bbox 463 5491 489 5554; x_wconf 62' lang='lat' dir='ltr'><strong>f</strong></span> <span class='ocrx_word' id='word_1_453' title='bbox 504 5491 683 5554; x_wconf 61' lang='lat' dir='ltr'>Georg.</span> <span class='ocrx_word' id='word_1_454' title='bbox 701 5490 828 5553; x_wconf 74' lang='lat' dir='ltr'><strong>legit</strong></span> <span class='ocrx_word' id='word_1_455' title='bbox 840 5491 1126 5554; x_wconf 75' lang='grc' dir='ltr'>ἐπηυξάμην,</span> <span class='ocrx_word' id='word_1_456' title='bbox 1138 5488 1542 5552; x_wconf 64' lang='grc' dir='ltr'>ροδῐκενοδοξίαν,</span> <span class='ocrx_word' id='word_1_457' title='bbox 1556 5486 1744 5537; x_wconf 82' lang='lat' dir='ltr'>addens</span> <span class='ocrx_word' id='word_1_458' title='bbox 1755 5485 1989 5549; x_wconf 80' lang='grc' dir='ltr'>ἐκφυγεῖν.</span> 
     </span>
    </p>
   </div>
   <div class='ocr_carea' id='block_1_63' title="bbox 464 5551 1349 5611">
    <p class='ocr_par' dir='ltr' id='par_1_63' title="bbox 464 5551 1349 5611">
     <span class='ocr_line' id='line_1_63' title="bbox 464 5551 1349 5611; baseline -0.003 -9"><span class='ocrx_word' id='word_1_459' title='bbox 464 5551 493 5591; x_wconf 73' lang='lat' dir='ltr'>b</span> <span class='ocrx_word' id='word_1_460' title='bbox 513 5552 630 5602; x_wconf 87' lang='lat' dir='ltr'>Cod.</span> <span class='ocrx_word' id='word_1_461' title='bbox 642 5551 849 5611; x_wconf 60' lang='grc' dir='ltr'>’ἀλωὴ-ἠ.</span> <span class='ocrx_word' id='word_1_462' title='bbox 872 5551 1132 5602; x_wconf 74' lang='lat' dir='ltr'>manifesto</span> <span class='ocrx_word' id='word_1_463' title='bbox 1144 5551 1349 5601; x_wconf 36' lang='lat' dir='ltr'>’errure.</span> 
     </span>
    </p>
   </div>
   <div class='ocr_carea' id='block_1_64' title="bbox 469 5610 1987 5677">
    <p class='ocr_par' dir='ltr' id='par_1_64' title="bbox 469 5610 1987 5677">
     <span class='ocr_line' id='line_1_64' title="bbox 469 5610 1987 5677; baseline -0.004 -14"><span class='ocrx_word' id='word_1_464' title='bbox 469 5618 492 5644; x_wconf 69' lang='grc' dir='ltr'><strong>ο</strong></span> <span class='ocrx_word' id='word_1_465' title='bbox 519 5615 632 5663; x_wconf 66' lang='lat' dir='ltr'><strong>Haec</strong></span> <span class='ocrx_word' id='word_1_466' title='bbox 655 5622 731 5663; x_wconf 77' lang='lat' dir='ltr'>est</span> <span class='ocrx_word' id='word_1_467' title='bbox 771 5616 1014 5676; x_wconf 75' lang='lat' dir='ltr'>scriptura</span> <span class='ocrx_word' id='word_1_468' title='bbox 1032 5615 1328 5677; x_wconf 77' lang='lat' dir='ltr'>Georgiana,</span> <span class='ocrx_word' id='word_1_469' title='bbox 1348 5627 1376 5661; x_wconf 73' lang='grc' dir='ltr'>ε</span> <span class='ocrx_word' id='word_1_470' title='bbox 1397 5610 1733 5663; x_wconf 84' lang='lat' dir='ltr'>Benedicliuis</span> <span class='ocrx_word' id='word_1_471' title='bbox 1768 5616 1987 5672; x_wconf 75' lang='lat' dir='ltr'>recepta.</span> 
     </span>
    </p>
   </div>
   <div class='ocr_carea' id='block_1_65' title="bbox 400 5676 1004 5731">
    <p class='ocr_par' dir='ltr' id='par_1_65' title="bbox 400 5676 1004 5731">
     <span class='ocr_line' id='line_1_65' title="bbox 400 5676 1004 5731; baseline -0.007 -4"><span class='ocrx_word' id='word_1_472' title='bbox 400 5676 521 5727; x_wconf 60' lang='lat' dir='ltr'>C011.</span> <span class='ocrx_word' id='word_1_473' title='bbox 544 5677 625 5723; x_wconf 81' lang='lat' dir='ltr'><strong>rbv</strong></span> <span class='ocrx_word' id='word_1_474' title='bbox 644 5677 1004 5731; x_wconf 83' lang='grc' dir='ltr'>οἰκοδεσπότην.</span> 
     </span>
    </p>
   </div>
   <div class='ocr_carea' id='block_1_66' title="bbox 464 5734 1990 5799">
    <p class='ocr_par' dir='ltr' id='par_1_66' title="bbox 464 5734 1990 5799">
     <span class='ocr_line' id='line_1_66' title="bbox 464 5734 1990 5799; baseline -0.004 -15"><span class='ocrx_word' id='word_1_475' title='bbox 464 5736 492 5775; x_wconf 76' lang='grc' dir='ltr'>ιι</span> <span class='ocrx_word' id='word_1_476' title='bbox 519 5737 611 5785; x_wconf 81' lang='lat' dir='ltr'>l’ro</span> <span class='ocrx_word' id='word_1_477' title='bbox 632 5739 905 5799; x_wconf 77' lang='grc' dir='ltr'>ἀθίγουσι,η</span> <span class='ocrx_word' id='word_1_478' title='bbox 929 5751 1018 5799; x_wconf 88' lang='lat' dir='ltr'>pro</span> <span class='ocrx_word' id='word_1_479' title='bbox 1038 5754 1054 5785; x_wconf 91' lang='grc' dir='ltr'>ι</span> <span class='ocrx_word' id='word_1_480' title='bbox 1076 5737 1469 5799; x_wconf 57' lang='lat' dir='ltr'>usurpaquuod</span> <span class='ocrx_word' id='word_1_481' title='bbox 1497 5736 1786 5799; x_wconf 56' lang='lat' dir='ltr'>sexcenties</span> <span class='ocrx_word' id='word_1_482' title='bbox 1806 5734 1854 5799; x_wconf 60' lang='lat' dir='ltr'>in</span> <span class='ocrx_word' id='word_1_483' title='bbox 1876 5746 1990 5781; x_wconf 78' lang='lat' dir='ltr'><strong>mss.</strong></span> 
     </span>
    </p>
   </div>
   <div class='ocr_carea' id='block_1_67' title="bbox 402 5796 1986 5862">
    <p class='ocr_par' dir='ltr' id='par_1_67' title="bbox 402 5796 1986 5862">
     <span class='ocr_line' id='line_1_67' title="bbox 402 5796 1986 5862; baseline -0.001 -17"><span class='ocrx_word' id='word_1_484' title='bbox 402 5800 635 5851; x_wconf 67' lang='lat' dir='ltr'>occuli-it.</span> <span class='ocrx_word' id='word_1_485' title='bbox 663 5796 904 5850; x_wconf 51' lang='lat' dir='ltr'>Ca&#39;élcrum</span> <span class='ocrx_word' id='word_1_486' title='bbox 928 5796 1092 5848; x_wconf 74' lang='lat' dir='ltr'><strong>ihema</strong></span> <span class='ocrx_word' id='word_1_487' title='bbox 1113 5796 1271 5862; x_wconf 65' lang='lat' dir='ltr'>ipsimi</span> <span class='ocrx_word' id='word_1_488' title='bbox 1293 5796 1371 5861; x_wconf 71' lang='grc' dir='ltr'>(ἀ,</span> <span class='ocrx_word' id='word_1_489' title='bbox 1387 5798 1520 5860; x_wconf 82' lang='grc' dir='ltr'>θίγω)</span> <span class='ocrx_word' id='word_1_490' title='bbox 1544 5797 1604 5847; x_wconf 82' lang='lat' dir='ltr'>ad</span> <span class='ocrx_word' id='word_1_491' title='bbox 1627 5797 1986 5858; x_wconf 81' lang='lat' dir='ltr'>neologismum</span> 
     </span>
    </p>
   </div>
   <div class='ocr_carea' id='block_1_68' title="bbox 417 5863 656 5925">
    <p class='ocr_par' dir='ltr' id='par_1_68' title="bbox 417 5863 656 5925">
     <span class='ocr_line' id='line_1_68' title="bbox 417 5863 656 5925; baseline 0.008 -16"><span class='ocrx_word' id='word_1_492' title='bbox 417 5863 656 5925; x_wconf 71' lang='lat' dir='ltr'>pertinet.</span> 
     </span>
    </p>
   </div>
   <div class='ocr_carea' id='block_1_69' title="bbox 2146 406 3659 481">
    <p class='ocr_par' dir='ltr' id='par_1_69' title="bbox 2146 406 3659 481">
     <span class='ocr_line' id='line_1_69' title="bbox 2146 406 3659 481; baseline -0.001 -16"><span class='ocrx_word' id='word_1_493' title='bbox 2146 411 2305 465; x_wconf 78' lang='grc' dir='ltr'>ΚΕΦ.</span> <span class='ocrx_word' id='word_1_494' title='bbox 2360 408 2468 463; x_wconf 78' lang='lat' dir='ltr'>ll-l’.</span> <span class='ocrx_word' id='word_1_495' title='bbox 2503 440 2571 450; x_wconf 91' lang='lat'><strong><em>-—</em></strong></span> <span class='ocrx_word' id='word_1_496' title='bbox 2611 409 2669 464; x_wconf 87' lang='grc' dir='ltr'><strong>Ὁ</strong></span> <span class='ocrx_word' id='word_1_497' title='bbox 2717 411 2902 465; x_wconf 78' lang='grc' dir='ltr'><strong>ΔΙΑΚ.</strong></span> <span class='ocrx_word' id='word_1_498' title='bbox 2955 407 3343 481; x_wconf 83' lang='grc' dir='ltr'>Παρεκάλεσάς</span> <span class='ocrx_word' id='word_1_499' title='bbox 3392 424 3482 480; x_wconf 87' lang='grc' dir='ltr'>με,</span> <span class='ocrx_word' id='word_1_500' title='bbox 3509 406 3659 480; x_wconf 81' lang='grc' dir='ltr'>τίμιε</span> 
     </span>
    </p>
   </div>
   <div class='ocr_carea' id='block_1_70' title="bbox 2072 492 3661 566">
    <p class='ocr_par' dir='ltr' id='par_1_70' title="bbox 2072 492 3661 566">
     <span class='ocr_line' id='line_1_70' title="bbox 2072 492 3661 566; baseline -0.001 -20"><span class='ocrx_word' id='word_1_501' title='bbox 2072 492 2274 566; x_wconf 86' lang='grc' dir='ltr'>Πάτερ,</span> <span class='ocrx_word' id='word_1_502' title='bbox 2307 492 2700 565; x_wconf 85' lang='grc' dir='ltr'>πεπονημένως</span> <span class='ocrx_word' id='word_1_503' title='bbox 2741 510 2830 563; x_wconf 90' lang='grc' dir='ltr'>μοι</span> <span class='ocrx_word' id='word_1_504' title='bbox 2851 495 2979 565; x_wconf 78' lang='grc' dir='ltr'>περὶ</span> <span class='ocrx_word' id='word_1_505' title='bbox 3010 492 3229 546; x_wconf 84' lang='grc' dir='ltr'>πάντων</span> <span class='ocrx_word' id='word_1_506' title='bbox 3260 492 3661 564; x_wconf 78' lang='grc' dir='ltr'>διηγησάμενος</span> 
     </span>
    </p>
   </div>
   <div class='ocr_carea' id='block_1_71' title="bbox 2068 575 3661 649">
    <p class='ocr_par' dir='ltr' id='par_1_71' title="bbox 2068 575 3661 649">
     <span class='ocr_line' id='line_1_71' title="bbox 2068 575 3661 649; baseline -0.003 -18"><span class='ocrx_word' id='word_1_507' title='bbox 2068 578 2142 631; x_wconf 85' lang='grc' dir='ltr'>τά</span> <span class='ocrx_word' id='word_1_508' title='bbox 2168 578 2309 631; x_wconf 80' lang='grc' dir='ltr'>αὐτὰ</span> <span class='ocrx_word' id='word_1_509' title='bbox 2333 578 2434 647; x_wconf 87' lang='grc' dir='ltr'>τῆς</span> <span class='ocrx_word' id='word_1_510' title='bbox 2467 575 2847 649; x_wconf 90' lang='grc' dir='ltr'>προλαϐούσης</span> <span class='ocrx_word' id='word_1_511' title='bbox 2869 578 3079 647; x_wconf 87' lang='grc' dir='ltr'>φήμης,</span> <span class='ocrx_word' id='word_1_512' title='bbox 3102 575 3239 645; x_wconf 87' lang='grc' dir='ltr'>μετά</span> <span class='ocrx_word' id='word_1_513' title='bbox 3262 591 3410 638; x_wconf 86' lang='grc' dir='ltr'>τινος</span> <span class='ocrx_word' id='word_1_514' title='bbox 3434 575 3661 645; x_wconf 88' lang='grc' dir='ltr'>χάριτος</span> 
     </span>
    </p>
   </div>
   <div class='ocr_carea' id='block_1_72' title="bbox 2070 656 3661 733">
    <p class='ocr_par' dir='ltr' id='par_1_72' title="bbox 2070 656 3661 733">
     <span class='ocr_line' id='line_1_72' title="bbox 2070 656 3661 733; baseline -0.003 -19"><span class='ocrx_word' id='word_1_515' title='bbox 2070 659 2313 733; x_wconf 84' lang='grc' dir='ltr'>ἀρτύσας</span> <span class='ocrx_word' id='word_1_516' title='bbox 2339 660 2407 714; x_wconf 84' lang='grc' dir='ltr'>τά</span> <span class='ocrx_word' id='word_1_517' title='bbox 2430 660 2718 732; x_wconf 89' lang='grc' dir='ltr'>εἰρημένα.</span> <span class='ocrx_word' id='word_1_518' title='bbox 2752 659 2924 713; x_wconf 91' lang='grc' dir='ltr'>Τοῦτο</span> <span class='ocrx_word' id='word_1_519' title='bbox 2954 659 3011 713; x_wconf 86' lang='grc' dir='ltr'>δὲ</span> <span class='ocrx_word' id='word_1_520' title='bbox 3053 657 3217 726; x_wconf 87' lang='grc' dir='ltr'>λέγω,</span> <span class='ocrx_word' id='word_1_521' title='bbox 3242 658 3326 711; x_wconf 83' lang='grc' dir='ltr'>ὅτι</span> <span class='ocrx_word' id='word_1_522' title='bbox 3354 656 3508 711; x_wconf 81' lang='grc' dir='ltr'>οὐδὲν</span> <span class='ocrx_word' id='word_1_523' title='bbox 3531 656 3661 710; x_wconf 88' lang='grc' dir='ltr'>ἐϐά-</span> 
     </span>
    </p>
   </div>
   <div class='ocr_carea' id='block_1_73' title="bbox 2074 741 3661 817">
    <p class='ocr_par' dir='ltr' id='par_1_73' title="bbox 2074 741 3661 817">
     <span class='ocr_line' id='line_1_73' title="bbox 2074 741 3661 817; baseline -0.002 -22"><span class='ocrx_word' id='word_1_524' title='bbox 2074 761 2160 817; x_wconf 90' lang='grc' dir='ltr'>ρει</span> <span class='ocrx_word' id='word_1_525' title='bbox 2192 744 2290 815; x_wconf 81' lang='grc' dir='ltr'>τὴν</span> <span class='ocrx_word' id='word_1_526' title='bbox 2318 743 2647 815; x_wconf 80' lang='grc' dir='ltr'>Ἐκκλησίαν</span> <span class='ocrx_word' id='word_1_527' title='bbox 2682 746 2716 815; x_wconf 90' lang='grc' dir='ltr'>ή</span> <span class='ocrx_word' id='word_1_528' title='bbox 2763 741 2856 797; x_wconf 89' lang='grc' dir='ltr'>τοῦ</span> <span class='ocrx_word' id='word_1_529' title='bbox 2890 741 3191 796; x_wconf 81' lang='grc' dir='ltr'>ἐπισκόπου</span> <span class='ocrx_word' id='word_1_530' title='bbox 3220 743 3419 813; x_wconf 81' lang='grc' dir='ltr'>τροφὴ,</span> <span class='ocrx_word' id='word_1_531' title='bbox 3466 741 3516 793; x_wconf 90' lang='grc' dir='ltr'>εἰ</span> <span class='ocrx_word' id='word_1_532' title='bbox 3558 741 3661 811; x_wconf 91' lang='grc' dir='ltr'>τῆς</span> 
     </span>
    </p>
   </div>
   <div class='ocr_carea' id='block_1_74' title="bbox 2084 824 3660 899">
    <p class='ocr_par' dir='ltr' id='par_1_74' title="bbox 2084 824 3660 899">
     <span class='ocr_line' id='line_1_74' title="bbox 2084 824 3660 899; baseline -0.003 -17"><span class='ocrx_word' id='word_1_533' title='bbox 2084 828 2414 898; x_wconf 87' lang='grc' dir='ltr'>Ἐκκλησίας</span> <span class='ocrx_word' id='word_1_534' title='bbox 2471 825 2880 899; x_wconf 88' lang='grc' dir='ltr'>μετελάμϐανεν</span> <span class='ocrx_word' id='word_1_535' title='bbox 2908 828 2936 880; x_wconf 91' lang='grc' dir='ltr'>ό</span> <span class='ocrx_word' id='word_1_536' title='bbox 2975 825 3130 893; x_wconf 73' lang='grc' dir='ltr'>ἅγιος</span> <span class='ocrx_word' id='word_1_537' title='bbox 3182 824 3460 897; x_wconf 85' lang='grc' dir='ltr'>Ἰωάννης,</span> <span class='ocrx_word' id='word_1_538' title='bbox 3515 824 3660 879; x_wconf 85' lang='grc' dir='ltr'>κατά</span> 
     </span>
    </p>
   </div>
   <div class='ocr_carea' id='block_1_75' title="bbox 2069 907 3675 979">
    <p class='ocr_par' dir='ltr' id='par_1_75' title="bbox 2069 907 3675 979">
     <span class='ocr_line' id='line_1_75' title="bbox 2069 907 3675 979; baseline -0.001 -15"><span class='ocrx_word' id='word_1_539' title='bbox 2069 911 2162 965; x_wconf 86' lang='grc' dir='ltr'>τὸν</span> <span class='ocrx_word' id='word_1_540' title='bbox 2212 913 2452 965; x_wconf 88' lang='grc' dir='ltr'>εἰπόντα·</span> <span class='ocrx_word' id='word_1_541' title='bbox 2502 910 2711 976; x_wconf 75' lang='grc' dir='ltr'>’Δξιος</span> <span class='ocrx_word' id='word_1_542' title='bbox 2759 907 2864 979; x_wconf 76' lang='grc' dir='ltr'>γὰρ</span> <span class='ocrx_word' id='word_1_543' title='bbox 2904 911 2941 965; x_wconf 81' lang='grc' dir='ltr'><em>ὁ</em></span> <span class='ocrx_word' id='word_1_544' title='bbox 2972 908 3228 979; x_wconf 79' lang='grc' dir='ltr'>ἐργάτης</span> <span class='ocrx_word' id='word_1_545' title='bbox 3270 909 3382 978; x_wconf 81' lang='grc' dir='ltr'>τῆς</span> <span class='ocrx_word' id='word_1_546' title='bbox 3433 909 3675 979; x_wconf 73' lang='grc' dir='ltr'>τροφῆς.</span> 
     </span>
    </p>
   </div>
   <div class='ocr_carea' id='block_1_76' title="bbox 2069 993 3658 1063">
    <p class='ocr_par' dir='ltr' id='par_1_76' title="bbox 2069 993 3658 1063">
     <span class='ocr_line' id='line_1_76' title="bbox 2069 993 3658 1063; baseline -0.001 -14"><span class='ocrx_word' id='word_1_547' title='bbox 2069 995 2278 1049; x_wconf 89' lang='grc' dir='ltr'>αὐτοῦ·</span> <span class='ocrx_word' id='word_1_548' title='bbox 2312 995 2409 1049; x_wconf 81' lang='grc' dir='ltr'>καί</span> <span class='ocrx_word' id='word_1_549' title='bbox 2444 994 2631 1056; x_wconf 87' lang='grc' dir='ltr'>πάλιν,</span> <span class='ocrx_word' id='word_1_550' title='bbox 2672 994 2766 1059; x_wconf 83' lang='grc' dir='ltr'>Τίς</span> <span class='ocrx_word' id='word_1_551' title='bbox 2791 994 3093 1063; x_wconf 80' lang='grc' dir='ltr'>ποιμαίνει</span> <span class='ocrx_word' id='word_1_552' title='bbox 3148 994 3432 1062; x_wconf 79' lang='grc' dir='ltr'>ποίμνην,</span> <span class='ocrx_word' id='word_1_553' title='bbox 3459 993 3558 1047; x_wconf 79' lang='grc' dir='ltr'>καί</span> <span class='ocrx_word' id='word_1_554' title='bbox 3588 993 3658 1047; x_wconf 81' lang='grc' dir='ltr'>ἐκ</span> 
     </span>
    </p>
   </div>
   <div class='ocr_carea' id='block_1_77' title="bbox 2067 1075 3659 1148">
    <p class='ocr_par' dir='ltr' id='par_1_77' title="bbox 2067 1075 3659 1148">
     <span class='ocr_line' id='line_1_77' title="bbox 2067 1075 3659 1148; baseline -0.002 -15"><span class='ocrx_word' id='word_1_555' title='bbox 2067 1079 2177 1133; x_wconf 90' lang='grc' dir='ltr'>τοῦ</span> <span class='ocrx_word' id='word_1_556' title='bbox 2207 1078 2511 1148; x_wconf 70' lang='grc' dir='ltr'>γάλακτος</span> <span class='ocrx_word' id='word_1_557' title='bbox 2568 1075 2674 1145; x_wconf 86' lang='grc' dir='ltr'>τῆς</span> <span class='ocrx_word' id='word_1_558' title='bbox 2721 1076 2982 1145; x_wconf 73' lang='grc' dir='ltr'>ποίμνης</span> <span class='ocrx_word' id='word_1_559' title='bbox 3019 1077 3133 1130; x_wconf 81' lang='grc' dir='ltr'>οὐκ</span> <span class='ocrx_word' id='word_1_560' title='bbox 3187 1076 3414 1140; x_wconf 77' lang='grc' dir='ltr'>ἐσθίει;</span> <span class='ocrx_word' id='word_1_561' title='bbox 3457 1077 3553 1144; x_wconf 85' lang='grc' dir='ltr'>τίς</span> <span class='ocrx_word' id='word_1_562' title='bbox 3585 1076 3659 1130; x_wconf 68' lang='grc' dir='ltr'>δέ</span> 
     </span>
    </p>
   </div>
   <div class='ocr_carea' id='block_1_78' title="bbox 2068 1160 3654 1232">
    <p class='ocr_par' dir='ltr' id='par_1_78' title="bbox 2068 1160 3654 1232">
     <span class='ocr_line' id='line_1_78' title="bbox 2068 1160 3654 1232; baseline -0.001 -14"><span class='ocrx_word' id='word_1_563' title='bbox 2068 1164 2310 1232; x_wconf 71' lang='grc' dir='ltr'>φυτεύει</span> <span class='ocrx_word' id='word_1_564' title='bbox 2343 1160 2689 1232; x_wconf 81' lang='grc' dir='ltr'>ἀμπελῶνα,</span> <span class='ocrx_word' id='word_1_565' title='bbox 2724 1161 2823 1214; x_wconf 83' lang='grc' dir='ltr'>καί</span> <span class='ocrx_word' id='word_1_566' title='bbox 2859 1162 2929 1214; x_wconf 79' lang='grc' dir='ltr'>ἐκ</span> <span class='ocrx_word' id='word_1_567' title='bbox 2954 1160 3061 1214; x_wconf 88' lang='grc' dir='ltr'>τοῦ</span> <span class='ocrx_word' id='word_1_568' title='bbox 3096 1161 3331 1228; x_wconf 81' lang='grc' dir='ltr'>καρποῦ</span> <span class='ocrx_word' id='word_1_569' title='bbox 3361 1160 3548 1215; x_wconf 81' lang='grc' dir='ltr'>αὑτοῦ</span> <span class='ocrx_word' id='word_1_570' title='bbox 3581 1164 3654 1216; x_wconf 83' lang='grc' dir='ltr'>οὐ</span> 
     </span>
    </p>
   </div>
   <div class='ocr_carea' id='block_1_79' title="bbox 2063 1244 3658 1317">
    <p class='ocr_par' dir='ltr' id='par_1_79' title="bbox 2063 1244 3658 1317">
     <span class='ocr_line' id='line_1_79' title="bbox 2063 1244 3658 1317; baseline -0.001 -16"><span class='ocrx_word' id='word_1_571' title='bbox 2063 1246 2503 1316; x_wconf 80' lang='grc' dir='ltr'>μεταλαμϐάνει</span> <span class='ocrx_word' id='word_1_572' title='bbox 2523 1246 2632 1312; x_wconf 85' lang='grc' dir='ltr'>;Οὑ</span> <span class='ocrx_word' id='word_1_573' title='bbox 2665 1246 2763 1316; x_wconf 83' lang='grc' dir='ltr'>τῆς</span> <span class='ocrx_word' id='word_1_574' title='bbox 2778 1245 3000 1317; x_wconf 87' lang='grc' dir='ltr'>Γραφῆς</span> <span class='ocrx_word' id='word_1_575' title='bbox 3026 1247 3143 1299; x_wconf 78' lang='grc' dir='ltr'>ἐστι</span> <span class='ocrx_word' id='word_1_576' title='bbox 3174 1244 3348 1300; x_wconf 84' lang='grc' dir='ltr'>ταῦτα</span> <span class='ocrx_word' id='word_1_577' title='bbox 3371 1247 3466 1300; x_wconf 86' lang='grc' dir='ltr'>καί</span> <span class='ocrx_word' id='word_1_578' title='bbox 3484 1244 3658 1300; x_wconf 76' lang='grc' dir='ltr'>πολλὰ</span> 
     </span>
    </p>
   </div>
   <div class='ocr_carea' id='block_1_80' title="bbox 2068 1327 3659 1402">
    <p class='ocr_par' dir='ltr' id='par_1_80' title="bbox 2068 1327 3659 1402">
     <span class='ocr_line' id='line_1_80' title="bbox 2068 1327 3659 1402; baseline 0.002 -21"><span class='ocrx_word' id='word_1_579' title='bbox 2068 1327 2269 1402; x_wconf 79' lang='grc' dir='ltr'>’έτερα;</span> <span class='ocrx_word' id='word_1_580' title='bbox 2301 1330 2360 1382; x_wconf 86' lang='lat'>&#39;0</span> <span class='ocrx_word' id='word_1_581' title='bbox 2407 1329 2657 1383; x_wconf 70' lang='lat' dir='ltr'>‘EIIIZK.</span> <span class='ocrx_word' id='word_1_582' title='bbox 2685 1328 3018 1401; x_wconf 85' lang='grc' dir='ltr'>Πρεπόντως</span> <span class='ocrx_word' id='word_1_583' title='bbox 3070 1328 3168 1398; x_wconf 78' lang='grc' dir='ltr'>μὲν</span> <span class='ocrx_word' id='word_1_584' title='bbox 3200 1329 3294 1382; x_wconf 72' lang='grc' dir='ltr'>καί⁵</span> <span class='ocrx_word' id='word_1_585' title='bbox 3319 1328 3553 1393; x_wconf 83' lang='grc' dir='ltr'>συνετῶς</span> <span class='ocrx_word' id='word_1_586' title='bbox 3585 1332 3659 1384; x_wconf 77' lang='grc' dir='ltr'>εἰ·</span> 
     </span>
    </p>
   </div>
   <div class='ocr_carea' id='block_1_81' title="bbox 2072 1406 3659 1484">
    <p class='ocr_par' dir='ltr' id='par_1_81' title="bbox 2072 1406 3659 1484">
     <span class='ocr_line' id='line_1_81' title="bbox 2072 1406 3659 1484; baseline 0.001 -18"><span class='ocrx_word' id='word_1_587' title='bbox 2072 1429 2264 1483; x_wconf 90' lang='grc' dir='ltr'>ρηκας,</span> <span class='ocrx_word' id='word_1_588' title='bbox 2282 1406 2329 1465; x_wconf 78' lang='grc' dir='ltr'>ὦ</span> <span class='ocrx_word' id='word_1_589' title='bbox 2353 1411 2617 1482; x_wconf 85' lang='grc' dir='ltr'>Θεόδωρε·</span> <span class='ocrx_word' id='word_1_590' title='bbox 2646 1411 2881 1483; x_wconf 84' lang='grc' dir='ltr'>πρόσθες</span> <span class='ocrx_word' id='word_1_591' title='bbox 2906 1411 2964 1464; x_wconf 83' lang='grc' dir='ltr'>δὲ</span> <span class='ocrx_word' id='word_1_592' title='bbox 2989 1414 3103 1473; x_wconf 90' lang='grc' dir='ltr'>τοῖς</span> <span class='ocrx_word' id='word_1_593' title='bbox 3131 1412 3445 1484; x_wconf 83' lang='grc' dir='ltr'>εἰρημένοις</span> <span class='ocrx_word' id='word_1_594' title='bbox 3474 1412 3659 1479; x_wconf 85' lang='grc' dir='ltr'>λόγοις</span> 
     </span>
    </p>
   </div>
   <div class='ocr_carea' id='block_1_82' title="bbox 2069 1494 3658 1568">
    <p class='ocr_par' dir='ltr' id='par_1_82' title="bbox 2069 1494 3658 1568">
     <span class='ocr_line' id='line_1_82' title="bbox 2069 1494 3658 1568; baseline 0.001 -19"><span class='ocrx_word' id='word_1_595' title='bbox 2069 1496 2165 1549; x_wconf 84' lang='grc' dir='ltr'>καί</span> <span class='ocrx_word' id='word_1_596' title='bbox 2212 1495 2282 1548; x_wconf 89' lang='grc' dir='ltr'>τά</span> <span class='ocrx_word' id='word_1_597' title='bbox 2324 1494 2570 1565; x_wconf 80' lang='grc' dir='ltr'>ἑπόμενα</span> <span class='ocrx_word' id='word_1_598' title='bbox 2621 1496 2861 1566; x_wconf 77' lang='grc' dir='ltr'>ῥήματα.</span> <span class='ocrx_word' id='word_1_599' title='bbox 2896 1496 3175 1561; x_wconf 82' lang='grc' dir='ltr'>Ἐξουσίας</span> <span class='ocrx_word' id='word_1_600' title='bbox 3220 1498 3329 1568; x_wconf 82' lang='grc' dir='ltr'>γάρ</span> <span class='ocrx_word' id='word_1_601' title='bbox 3373 1495 3658 1566; x_wconf 85' lang='grc' dir='ltr'>διδομένης</span> 
     </span>
    </p>
   </div>
   <div class='ocr_carea' id='block_1_83' title="bbox 2068 1578 3657 1651">
    <p class='ocr_par' dir='ltr' id='par_1_83' title="bbox 2068 1578 3657 1651">
     <span class='ocr_line' id='line_1_83' title="bbox 2068 1578 3657 1651; baseline 0.002 -19"><span class='ocrx_word' id='word_1_602' title='bbox 2068 1578 2221 1650; x_wconf 89' lang='grc' dir='ltr'>παρά</span> <span class='ocrx_word' id='word_1_603' title='bbox 2257 1578 2351 1632; x_wconf 86' lang='grc' dir='ltr'>τοῦ</span> <span class='ocrx_word' id='word_1_604' title='bbox 2388 1578 2533 1650; x_wconf 88' lang='grc' dir='ltr'>ἱεροῦ</span> <span class='ocrx_word' id='word_1_605' title='bbox 2572 1579 2740 1648; x_wconf 89' lang='grc' dir='ltr'>νόμου</span> <span class='ocrx_word' id='word_1_606' title='bbox 2763 1580 2888 1642; x_wconf 81' lang='grc' dir='ltr'>τοὺς</span> <span class='ocrx_word' id='word_1_607' title='bbox 2917 1579 2984 1633; x_wconf 91' lang='grc' dir='ltr'>τά</span> <span class='ocrx_word' id='word_1_608' title='bbox 3020 1579 3142 1651; x_wconf 84' lang='grc' dir='ltr'>ἰερά</span> <span class='ocrx_word' id='word_1_609' title='bbox 3161 1578 3564 1651; x_wconf 74' lang='grc' dir='ltr'>ἐργαζομένους</span> <span class='ocrx_word' id='word_1_610' title='bbox 3591 1583 3657 1635; x_wconf 88' lang='grc' dir='ltr'>ἐκ</span> 
     </span>
    </p>
   </div>
   <div class='ocr_carea' id='block_1_84' title="bbox 2065 1662 3656 1735">
    <p class='ocr_par' dir='ltr' id='par_1_84' title="bbox 2065 1662 3656 1735">
     <span class='ocr_line' id='line_1_84' title="bbox 2065 1662 3656 1735; baseline 0 -18"><span class='ocrx_word' id='word_1_611' title='bbox 2065 1664 2161 1718; x_wconf 89' lang='grc' dir='ltr'>τοῦ</span> <span class='ocrx_word' id='word_1_612' title='bbox 2192 1662 2337 1735; x_wconf 75' lang='grc' dir='ltr'>ἱεροῦ</span> <span class='ocrx_word' id='word_1_613' title='bbox 2365 1664 2590 1728; x_wconf 85' lang='grc' dir='ltr'>ἐσθίειν,</span> <span class='ocrx_word' id='word_1_614' title='bbox 2625 1663 2654 1715; x_wconf 93' lang='grc' dir='ltr'>ό</span> <span class='ocrx_word' id='word_1_615' title='bbox 2683 1662 3015 1733; x_wconf 87' lang='grc' dir='ltr'>πλεονέκτης</span> <span class='ocrx_word' id='word_1_616' title='bbox 3040 1664 3150 1717; x_wconf 88' lang='grc' dir='ltr'>τῶν</span> <span class='ocrx_word' id='word_1_617' title='bbox 3177 1663 3401 1733; x_wconf 82' lang='grc' dir='ltr'>ἀγαθῶν</span> <span class='ocrx_word' id='word_1_618' title='bbox 3441 1664 3656 1730; x_wconf 89' lang='grc' dir='ltr'>Παῦλος</span> 
     </span>
    </p>
   </div>
   <div class='ocr_carea' id='block_1_85' title="bbox 2067 1744 3657 1817">
    <p class='ocr_par' dir='ltr' id='par_1_85' title="bbox 2067 1744 3657 1817">
     <span class='ocr_line' id='line_1_85' title="bbox 2067 1744 3657 1817; baseline 0.001 -17"><span class='ocrx_word' id='word_1_619' title='bbox 2067 1746 2121 1800; x_wconf 90' lang='grc' dir='ltr'>τί</span> <span class='ocrx_word' id='word_1_620' title='bbox 2143 1746 2426 1817; x_wconf 87' lang='grc' dir='ltr'>ἐπιφέρει;</span> <span class='ocrx_word' id='word_1_621' title='bbox 2454 1747 2576 1799; x_wconf 84' lang='grc' dir='ltr'>Οὐκ</span> <span class='ocrx_word' id='word_1_622' title='bbox 2603 1744 2963 1815; x_wconf 83' lang='grc' dir='ltr'>ἐχρησάμην</span> <span class='ocrx_word' id='word_1_623' title='bbox 2995 1745 3071 1815; x_wconf 79' lang='grc' dir='ltr'>τῇ</span> <span class='ocrx_word' id='word_1_624' title='bbox 3112 1747 3371 1814; x_wconf 81' lang='grc' dir='ltr'>ἐξουσίᾳ</span> <span class='ocrx_word' id='word_1_625' title='bbox 3403 1748 3497 1800; x_wconf 71' lang='grc' dir='ltr'>ἐπὶ</span> <span class='ocrx_word' id='word_1_626' title='bbox 3541 1750 3657 1812; x_wconf 81' lang='grc' dir='ltr'>τοῖς</span> 
     </span>
    </p>
   </div>
   <div class='ocr_carea' id='block_1_86' title="bbox 2070 1829 3655 1902">
    <p class='ocr_par' dir='ltr' id='par_1_86' title="bbox 2070 1829 3655 1902">
     <span class='ocr_line' id='line_1_86' title="bbox 2070 1829 3655 1902; baseline -0.001 -17"><span class='ocrx_word' id='word_1_627' title='bbox 2070 1831 2421 1902; x_wconf 78' lang='grc' dir='ltr'>σωματικοῖς,</span> <span class='ocrx_word' id='word_1_628' title='bbox 2442 1829 2530 1882; x_wconf 79' lang='grc' dir='ltr'>ἵνα</span> <span class='ocrx_word' id='word_1_629' title='bbox 2557 1829 2914 1896; x_wconf 79' lang='grc' dir='ltr'>συγκοινωνὸς</span> <span class='ocrx_word' id='word_1_630' title='bbox 2934 1831 3184 1901; x_wconf 89' lang='grc' dir='ltr'>γένωμαι</span> <span class='ocrx_word' id='word_1_631' title='bbox 3198 1829 3293 1883; x_wconf 92' lang='grc' dir='ltr'>τοῦ</span> <span class='ocrx_word' id='word_1_632' title='bbox 3319 1830 3655 1900; x_wconf 85' lang='grc' dir='ltr'>Εύαγγελίου</span> 
     </span>
    </p>
   </div>
   <div class='ocr_carea' id='block_1_87' title="bbox 2068 1912 3658 1984">
    <p class='ocr_par' dir='ltr' id='par_1_87' title="bbox 2068 1912 3658 1984">
     <span class='ocr_line' id='line_1_87' title="bbox 2068 1912 3658 1984; baseline 0.001 -19"><span class='ocrx_word' id='word_1_633' title='bbox 2068 1913 2125 1965; x_wconf 87' lang='grc' dir='ltr'>ἐν</span> <span class='ocrx_word' id='word_1_634' title='bbox 2156 1915 2271 1977; x_wconf 85' lang='grc' dir='ltr'>τοῖς</span> <span class='ocrx_word' id='word_1_635' title='bbox 2299 1914 2711 1981; x_wconf 82' lang='grc' dir='ltr'>πνευματικοῖς,</span> <span class='ocrx_word' id='word_1_636' title='bbox 2746 1912 2820 1982; x_wconf 84' lang='grc' dir='ltr'>μὴ</span> <span class='ocrx_word' id='word_1_637' title='bbox 2848 1914 3139 1983; x_wconf 90' lang='grc' dir='ltr'>γενόμενος</span> <span class='ocrx_word' id='word_1_638' title='bbox 3182 1914 3519 1984; x_wconf 86' lang='grc' dir='ltr'>πρόσκομμα</span> <span class='ocrx_word' id='word_1_639' title='bbox 3542 1916 3658 1978; x_wconf 83' lang='grc' dir='ltr'>τοῖς</span> 
     </span>
    </p>
   </div>
   <div class='ocr_carea' id='block_1_88' title="bbox 2068 1993 3658 2066">
    <p class='ocr_par' dir='ltr' id='par_1_88' title="bbox 2068 1993 3658 2066">
     <span class='ocr_line' id='line_1_88' title="bbox 2068 1993 3658 2066; baseline 0.001 -17"><span class='ocrx_word' id='word_1_640' title='bbox 2068 1995 2338 2060; x_wconf 84' lang='grc' dir='ltr'>ἀσθενέσι,</span> <span class='ocrx_word' id='word_1_641' title='bbox 2379 1993 2522 2048; x_wconf 87' lang='grc' dir='ltr'>κατά</span> <span class='ocrx_word' id='word_1_642' title='bbox 2543 1994 2636 2047; x_wconf 83' lang='grc' dir='ltr'>τὸν</span> <span class='ocrx_word' id='word_1_643' title='bbox 2678 1994 2922 2047; x_wconf 89' lang='grc' dir='ltr'>εἰπόντα·</span> <span class='ocrx_word' id='word_1_644' title='bbox 2962 1995 3098 2049; x_wconf 82' lang='grc' dir='ltr'>Ἐὰν</span> <span class='ocrx_word' id='word_1_645' title='bbox 3145 1994 3255 2066; x_wconf 75' lang='grc' dir='ltr'>γάρ</span> <span class='ocrx_word' id='word_1_646' title='bbox 3311 2013 3401 2062; x_wconf 82' lang='grc' dir='ltr'>τις</span> <span class='ocrx_word' id='word_1_647' title='bbox 3448 1994 3548 2064; x_wconf 79' lang='grc' dir='ltr'>ἴδῃ</span> <span class='ocrx_word' id='word_1_648' title='bbox 3579 2010 3658 2051; x_wconf 78' lang='grc' dir='ltr'>σε</span> 
     </span>
    </p>
   </div>
   <div class='ocr_carea' id='block_1_89' title="bbox 2068 2077 3653 2149">
    <p class='ocr_par' dir='ltr' id='par_1_89' title="bbox 2068 2077 3653 2149">
     <span class='ocr_line' id='line_1_89' title="bbox 2068 2077 3653 2149; baseline 0 -14"><span class='ocrx_word' id='word_1_649' title='bbox 2068 2082 2177 2135; x_wconf 85' lang='grc' dir='ltr'>τὸν</span> <span class='ocrx_word' id='word_1_650' title='bbox 2221 2079 2446 2148; x_wconf 76' lang='grc' dir='ltr'>ἔχοντα</span> <span class='ocrx_word' id='word_1_651' title='bbox 2487 2078 2719 2147; x_wconf 75' lang='grc' dir='ltr'>γνῶσιν</span> <span class='ocrx_word' id='word_1_652' title='bbox 2773 2080 2832 2131; x_wconf 81' lang='grc' dir='ltr'>ἐν</span> <span class='ocrx_word' id='word_1_653' title='bbox 2884 2077 3142 2149; x_wconf 70' lang='grc' dir='ltr'>ἀσθενείᾳ</span> <span class='ocrx_word' id='word_1_654' title='bbox 3199 2081 3653 2149; x_wconf 79' lang='grc' dir='ltr'>κατακείμενον,</span> 
     </span>
    </p>
   </div>
   <div class='ocr_carea' id='block_1_90' title="bbox 2068 2161 3657 2232">
    <p class='ocr_par' dir='ltr' id='par_1_90' title="bbox 2068 2161 3657 2232">
     <span class='ocr_line' id='line_1_90' title="bbox 2068 2161 3657 2232; baseline 0 -14"><span class='ocrx_word' id='word_1_655' title='bbox 2068 2163 2208 2232; x_wconf 82' lang='grc' dir='ltr'>οὺχί</span> <span class='ocrx_word' id='word_1_656' title='bbox 2236 2164 2276 2231; x_wconf 74' lang='grc' dir='ltr'><strong><em>ἠ</em></strong></span> <span class='ocrx_word' id='word_1_657' title='bbox 2310 2164 2669 2229; x_wconf 77' lang='grc' dir='ltr'>συνείδησις</span> <span class='ocrx_word' id='word_1_658' title='bbox 2697 2161 2886 2216; x_wconf 81' lang='grc' dir='ltr'>αὑτοῦ</span> <span class='ocrx_word' id='word_1_659' title='bbox 2902 2162 3201 2229; x_wconf 84' lang='grc' dir='ltr'>ἀσθενοῦς</span> <span class='ocrx_word' id='word_1_660' title='bbox 3230 2163 3406 2230; x_wconf 81' lang='grc' dir='ltr'>ὄντος</span> <span class='ocrx_word' id='word_1_661' title='bbox 3432 2164 3657 2219; x_wconf 81' lang='grc' dir='ltr'>οἰκοδο-</span> 
     </span>
    </p>
   </div>
   <div class='ocr_carea' id='block_1_91' title="bbox 2065 2245 3657 2319">
    <p class='ocr_par' dir='ltr' id='par_1_91' title="bbox 2065 2245 3657 2319">
     <span class='ocr_line' id='line_1_91' title="bbox 2065 2245 3657 2319; baseline -0.001 -17"><span class='ocrx_word' id='word_1_662' title='bbox 2065 2246 2397 2318; x_wconf 80' lang='grc' dir='ltr'>μηθήσεται</span> <span class='ocrx_word' id='word_1_663' title='bbox 2429 2247 2509 2310; x_wconf 88' lang='grc' dir='ltr'>εἰς</span> <span class='ocrx_word' id='word_1_664' title='bbox 2541 2246 2602 2299; x_wconf 89' lang='lat' dir='ltr'>rb</span> <span class='ocrx_word' id='word_1_665' title='bbox 2625 2245 2694 2298; x_wconf 87' lang='grc' dir='ltr'>τά</span> <span class='ocrx_word' id='word_1_666' title='bbox 2723 2245 2926 2315; x_wconf 88' lang='grc' dir='ltr'>ἀσθενῆ</span> <span class='ocrx_word' id='word_1_667' title='bbox 2968 2247 3282 2317; x_wconf 84' lang='grc' dir='ltr'>μιμεῖσθαι;</span> <span class='ocrx_word' id='word_1_668' title='bbox 3325 2246 3387 2300; x_wconf 86' lang='grc' dir='ltr'>Εἰ</span> <span class='ocrx_word' id='word_1_669' title='bbox 3414 2247 3513 2318; x_wconf 83' lang='grc' dir='ltr'>μὲν</span> <span class='ocrx_word' id='word_1_670' title='bbox 3546 2249 3657 2319; x_wconf 82' lang='grc' dir='ltr'>γὰρ</span> 
     </span>
    </p>
   </div>
   <div class='ocr_carea' id='block_1_92' title="bbox 2071 2329 3655 2402">
    <p class='ocr_par' dir='ltr' id='par_1_92' title="bbox 2071 2329 3655 2402">
     <span class='ocr_line' id='line_1_92' title="bbox 2071 2329 3655 2402; baseline 0 -18"><span class='ocrx_word' id='word_1_671' title='bbox 2071 2330 2266 2402; x_wconf 85' lang='grc' dir='ltr'>μέχρις</span> <span class='ocrx_word' id='word_1_672' title='bbox 2306 2329 2462 2401; x_wconf 85' lang='grc' dir='ltr'>ήμῶν</span> <span class='ocrx_word' id='word_1_673' title='bbox 2511 2330 2754 2400; x_wconf 83' lang='grc' dir='ltr'>εἱστήκει</span> <span class='ocrx_word' id='word_1_674' title='bbox 2789 2330 2860 2382; x_wconf 80' lang='grc' dir='ltr'>τὰ</span> <span class='ocrx_word' id='word_1_675' title='bbox 2901 2333 3225 2400; x_wconf 88' lang='grc' dir='ltr'>πράγματα,</span> <span class='ocrx_word' id='word_1_676' title='bbox 3279 2330 3492 2394; x_wconf 73' lang='grc' dir='ltr'>οὐδενὸς</span> <span class='ocrx_word' id='word_1_677' title='bbox 3535 2331 3655 2402; x_wconf 83' lang='grc' dir='ltr'>μεθ’</span> 
     </span>
    </p>
   </div>
   <div class='ocr_carea' id='block_1_93' title="bbox 2067 2407 3656 2485">
    <p class='ocr_par' dir='ltr' id='par_1_93' title="bbox 2067 2407 3656 2485">
     <span class='ocr_line' id='line_1_93' title="bbox 2067 2407 3656 2485; baseline -0.001 -18"><span class='ocrx_word' id='word_1_678' title='bbox 2067 2416 2216 2485; x_wconf 78' lang='grc' dir='ltr'>ἡμᾶς</span> <span class='ocrx_word' id='word_1_679' title='bbox 2231 2413 2610 2483; x_wconf 82' lang='grc' dir='ltr'>διαδεξομένου</span> <span class='ocrx_word' id='word_1_680' title='bbox 2636 2413 2735 2484; x_wconf 79' lang='grc' dir='ltr'>τὴν</span> <span class='ocrx_word' id='word_1_681' title='bbox 2750 2411 2845 2465; x_wconf 89' lang='grc' dir='ltr'>τοῦ</span> <span class='ocrx_word' id='word_1_682' title='bbox 2870 2412 3000 2466; x_wconf 90' lang='grc' dir='ltr'>λαοῦ</span> <span class='ocrx_word' id='word_1_683' title='bbox 3032 2413 3350 2484; x_wconf 90' lang='grc' dir='ltr'>θεραπείαν,</span> <span class='ocrx_word' id='word_1_684' title='bbox 3383 2407 3451 2485; x_wconf 79' lang='grc' dir='ltr'>ἦν</span> <span class='ocrx_word' id='word_1_685' title='bbox 3480 2414 3656 2467; x_wconf 86' lang='grc' dir='ltr'>εἰπεῖν</span> 
     </span>
    </p>
   </div>
   <div class='ocr_carea' id='block_1_94' title="bbox 2068 2495 3657 2569">
    <p class='ocr_par' dir='ltr' id='par_1_94' title="bbox 2068 2495 3657 2569">
     <span class='ocr_line' id='line_1_94' title="bbox 2068 2495 3657 2569; baseline -0.001 -19"><span class='ocrx_word' id='word_1_686' title='bbox 2068 2497 2516 2569; x_wconf 90' lang='grc' dir='ltr'>πλημμελοῦντα·</span> <span class='ocrx_word' id='word_1_687' title='bbox 2568 2496 2865 2567; x_wconf 84' lang='grc' dir='ltr'>Βιώσωμεν</span> <span class='ocrx_word' id='word_1_688' title='bbox 2918 2497 2994 2560; x_wconf 88' lang='grc' dir='ltr'>ὡς</span> <span class='ocrx_word' id='word_1_689' title='bbox 3038 2495 3363 2566; x_wconf 89' lang='grc' dir='ltr'>βουλόμεθα,</span> <span class='ocrx_word' id='word_1_690' title='bbox 3412 2496 3657 2551; x_wconf 86' lang='grc' dir='ltr'>ἀπολαύ-</span> 
     </span>
    </p>
   </div>
   <div class='ocr_carea' id='block_1_95' title="bbox 2071 2578 3655 2651">
    <p class='ocr_par' dir='ltr' id='par_1_95' title="bbox 2071 2578 3655 2651">
     <span class='ocr_line' id='line_1_95' title="bbox 2071 2578 3655 2651; baseline 0 -19"><span class='ocrx_word' id='word_1_691' title='bbox 2071 2597 2259 2643; x_wconf 89' lang='grc' dir='ltr'>σαντες</span> <span class='ocrx_word' id='word_1_692' title='bbox 2301 2579 2411 2632; x_wconf 90' lang='grc' dir='ltr'>τῶν</span> <span class='ocrx_word' id='word_1_693' title='bbox 2439 2578 2708 2649; x_wconf 86' lang='grc' dir='ltr'>βιωτικῶν</span> <span class='ocrx_word' id='word_1_694' title='bbox 2760 2580 3117 2651; x_wconf 89' lang='grc' dir='ltr'>πραγμάτων·</span> <span class='ocrx_word' id='word_1_695' title='bbox 3152 2578 3422 2650; x_wconf 83' lang='grc' dir='ltr'>ἐπειδὴδέ</span> <span class='ocrx_word' id='word_1_696' title='bbox 3455 2580 3505 2632; x_wconf 90' lang='grc' dir='ltr'>οἰ</span> <span class='ocrx_word' id='word_1_697' title='bbox 3534 2580 3655 2650; x_wconf 82' lang='grc' dir='ltr'>μεθ’</span> 
     </span>
    </p>
   </div>
   <div class='ocr_carea' id='block_1_96' title="bbox 2069 2660 3655 2736">
    <p class='ocr_par' dir='ltr' id='par_1_96' title="bbox 2069 2660 3655 2736">
     <span class='ocr_line' id='line_1_96' title="bbox 2069 2660 3655 2736; baseline 0.002 -20"><span class='ocrx_word' id='word_1_698' title='bbox 2069 2663 2213 2735; x_wconf 73' lang='grc' dir='ltr'>ἡμᾶς</span> <span class='ocrx_word' id='word_1_699' title='bbox 2247 2662 2324 2727; x_wconf 83' lang='grc' dir='ltr'>ὡς</span> <span class='ocrx_word' id='word_1_700' title='bbox 2363 2662 2704 2725; x_wconf 89' lang='grc' dir='ltr'>διδασκάλοις</span> <span class='ocrx_word' id='word_1_701' title='bbox 2737 2664 2871 2733; x_wconf 83' lang='grc' dir='ltr'>ἡμῖν</span> <span class='ocrx_word' id='word_1_702' title='bbox 2926 2660 3188 2734; x_wconf 83' lang='grc' dir='ltr'>χρῶνται,</span> <span class='ocrx_word' id='word_1_703' title='bbox 3240 2662 3331 2715; x_wconf 81' lang='grc' dir='ltr'>τὸν</span> <span class='ocrx_word' id='word_1_704' title='bbox 3385 2663 3655 2736; x_wconf 77' lang='grc' dir='ltr'>ἡμέτερον</span> 
     </span>
    </p>
   </div>
   <div class='ocr_carea' id='block_1_97' title="bbox 2070 2745 3654 2821">
    <p class='ocr_par' dir='ltr' id='par_1_97' title="bbox 2070 2745 3654 2821">
     <span class='ocr_line' id='line_1_97' title="bbox 2070 2745 3654 2821; baseline 0.001 -22"><span class='ocrx_word' id='word_1_705' title='bbox 2070 2745 2504 2818; x_wconf 89' lang='grc' dir='ltr'>προϐαλλόμενοι</span> <span class='ocrx_word' id='word_1_706' title='bbox 2554 2746 2718 2816; x_wconf 89' lang='grc' dir='ltr'>νόμον</span> <span class='ocrx_word' id='word_1_707' title='bbox 2771 2746 2866 2800; x_wconf 83' lang='grc' dir='ltr'>καί</span> <span class='ocrx_word' id='word_1_708' title='bbox 2901 2746 3043 2810; x_wconf 80' lang='grc' dir='ltr'>ἐθος,</span> <span class='ocrx_word' id='word_1_709' title='bbox 3084 2747 3378 2816; x_wconf 78' lang='grc' dir='ltr'>ἀναγκαῖόν</span> <span class='ocrx_word' id='word_1_710' title='bbox 3431 2750 3545 2801; x_wconf 84' lang='grc' dir='ltr'>ἐστι</span> <span class='ocrx_word' id='word_1_711' title='bbox 3578 2750 3654 2821; x_wconf 79' lang='grc' dir='ltr'>μὴ</span> 
     </span>
    </p>
   </div>
   <div class='ocr_carea' id='block_1_98' title="bbox 2072 2828 3657 2903">
    <p class='ocr_par' dir='ltr' id='par_1_98' title="bbox 2072 2828 3657 2903">
     <span class='ocr_line' id='line_1_98' title="bbox 2072 2828 3657 2903; baseline 0.001 -19"><span class='ocrx_word' id='word_1_712' title='bbox 2072 2831 2233 2903; x_wconf 89' lang='grc' dir='ltr'>μόνον</span> <span class='ocrx_word' id='word_1_713' title='bbox 2264 2832 2478 2894; x_wconf 81' lang='grc' dir='ltr'>ἑαυτοῖς</span> <span class='ocrx_word' id='word_1_714' title='bbox 2532 2830 2765 2895; x_wconf 83' lang='grc' dir='ltr'>ζῶντας,</span> <span class='ocrx_word' id='word_1_715' title='bbox 2798 2828 2938 2884; x_wconf 89' lang='grc' dir='ltr'>ἀλλά</span> <span class='ocrx_word' id='word_1_716' title='bbox 2968 2830 3046 2900; x_wconf 82' lang='grc' dir='ltr'>τῷ</span> <span class='ocrx_word' id='word_1_717' title='bbox 3076 2831 3215 2901; x_wconf 85' lang='grc' dir='ltr'>ὑπὲρ</span> <span class='ocrx_word' id='word_1_718' title='bbox 3248 2832 3403 2902; x_wconf 79' lang='grc' dir='ltr'>ήμῶν</span> <span class='ocrx_word' id='word_1_719' title='bbox 3450 2832 3657 2886; x_wconf 78' lang='grc' dir='ltr'>ἀποθα-</span> 
     </span>
    </p>
   </div>
   <div class='ocr_carea' id='block_1_99' title="bbox 2070 2914 3658 2987">
    <p class='ocr_par' dir='ltr' id='par_1_99' title="bbox 2070 2914 3658 2987">
     <span class='ocr_line' id='line_1_99' title="bbox 2070 2914 3658 2987; baseline -0.001 -17"><span class='ocrx_word' id='word_1_720' title='bbox 2070 2916 2213 2970; x_wconf 90' lang='grc' dir='ltr'>νόντι</span> <span class='ocrx_word' id='word_1_721' title='bbox 2247 2916 2340 2969; x_wconf 80' lang='grc' dir='ltr'>καὶ</span> <span class='ocrx_word' id='word_1_722' title='bbox 2372 2914 2672 2986; x_wconf 90' lang='grc' dir='ltr'>ἐγερθέντι,</span> <span class='ocrx_word' id='word_1_723' title='bbox 2700 2914 2795 2967; x_wconf 77' lang='grc' dir='ltr'>καὶ</span> <span class='ocrx_word' id='word_1_724' title='bbox 2824 2914 2886 2966; x_wconf 87' lang='grc' dir='ltr'>τὸ</span> <span class='ocrx_word' id='word_1_725' title='bbox 2912 2925 2936 2953; x_wconf 75' lang='grc' dir='ltr'><strong>ο</strong></span> <span class='ocrx_word' id='word_1_726' title='bbox 2966 2914 3061 2966; x_wconf 87' lang='grc' dir='ltr'>τοῦ</span> <span class='ocrx_word' id='word_1_727' title='bbox 3091 2914 3222 2969; x_wconf 90' lang='grc' dir='ltr'>λαοῦ</span> <span class='ocrx_word' id='word_1_728' title='bbox 3247 2915 3658 2987; x_wconf 73' lang='grc' dir='ltr'>παραϐιαζομέο</span> 
     </span>
    </p>
   </div>
   <div class='ocr_carea' id='block_1_100' title="bbox 2071 2998 3657 3070">
    <p class='ocr_par' dir='ltr' id='par_1_100' title="bbox 2071 2998 3657 3070">
     <span class='ocr_line' id='line_1_100' title="bbox 2071 2998 3657 3070; baseline -0.001 -16"><span class='ocrx_word' id='word_1_729' title='bbox 2071 3016 2197 3064; x_wconf 90' lang='grc' dir='ltr'>νους</span> <span class='ocrx_word' id='word_1_730' title='bbox 2222 2998 2320 3070; x_wconf 82' lang='grc' dir='ltr'>τὴν</span> <span class='ocrx_word' id='word_1_731' title='bbox 2344 2998 2650 3064; x_wconf 87' lang='grc' dir='ltr'>ἀσθένειαν,</span> <span class='ocrx_word' id='word_1_732' title='bbox 2694 2998 2787 3050; x_wconf 77' lang='grc' dir='ltr'>ἐπὶ</span> <span class='ocrx_word' id='word_1_733' title='bbox 2819 2998 2881 3052; x_wconf 90' lang='lat' dir='ltr'>rb</span> <span class='ocrx_word' id='word_1_734' title='bbox 2927 2998 3366 3070; x_wconf 77' lang='grc' dir='ltr'>σωφρονέστερον</span> <span class='ocrx_word' id='word_1_735' title='bbox 3395 3000 3487 3052; x_wconf 83' lang='grc' dir='ltr'>καί</span> <span class='ocrx_word' id='word_1_736' title='bbox 3520 3000 3657 3053; x_wconf 84' lang='grc' dir='ltr'>ἀπε⁹</span> 
     </span>
    </p>
   </div>
   <div class='ocr_carea' id='block_1_101' title="bbox 2072 3081 3651 3155">
    <p class='ocr_par' dir='ltr' id='par_1_101' title="bbox 2072 3081 3651 3155">
     <span class='ocr_line' id='line_1_101' title="bbox 2072 3081 3651 3155; baseline 0 -18"><span class='ocrx_word' id='word_1_737' title='bbox 2072 3083 2380 3155; x_wconf 89' lang='grc' dir='ltr'>ριττότερον</span> <span class='ocrx_word' id='word_1_738' title='bbox 2404 3082 2568 3153; x_wconf 90' lang='grc' dir='ltr'>μέρος</span> <span class='ocrx_word' id='word_1_739' title='bbox 2593 3083 2748 3151; x_wconf 80' lang='grc' dir='ltr'>ἄγειν</span> <span class='ocrx_word' id='word_1_740' title='bbox 2776 3081 2875 3153; x_wconf 86' lang='grc' dir='ltr'>τὴν</span> <span class='ocrx_word' id='word_1_741' title='bbox 2888 3081 3061 3148; x_wconf 78' lang='grc' dir='ltr'>τάξιν,</span> <span class='ocrx_word' id='word_1_742' title='bbox 3091 3083 3316 3146; x_wconf 76' lang='grc' dir='ltr'>ἑαυτοὺς</span> <span class='ocrx_word' id='word_1_743' title='bbox 3336 3083 3651 3137; x_wconf 81' lang='grc' dir='ltr'>νουθετοῦν·</span> 
     </span>
    </p>
   </div>
   <div class='ocr_carea' id='block_1_102' title="bbox 2071 3165 3658 3235">
    <p class='ocr_par' dir='ltr' id='par_1_102' title="bbox 2071 3165 3658 3235">
     <span class='ocr_line' id='line_1_102' title="bbox 2071 3165 3658 3235; baseline 0.001 -15"><span class='ocrx_word' id='word_1_744' title='bbox 2071 3184 2189 3231; x_wconf 90' lang='grc' dir='ltr'>τας,</span> <span class='ocrx_word' id='word_1_745' title='bbox 2215 3166 2358 3220; x_wconf 87' lang='grc' dir='ltr'>κατά</span> <span class='ocrx_word' id='word_1_746' title='bbox 2383 3166 2476 3220; x_wconf 83' lang='lat' dir='ltr'><strong>rbv</strong></span> <span class='ocrx_word' id='word_1_747' title='bbox 2494 3166 2741 3234; x_wconf 82' lang='grc' dir='ltr'>λέγοντα·</span> <span class='ocrx_word' id='word_1_748' title='bbox 2807 3166 2903 3232; x_wconf 66' lang='lat' dir='ltr'>TI;-</span> <span class='ocrx_word' id='word_1_749' title='bbox 2931 3165 3103 3219; x_wconf 78' lang='grc' dir='ltr'>ἐστιν</span> <span class='ocrx_word' id='word_1_750' title='bbox 3130 3166 3439 3234; x_wconf 81' lang='grc' dir='ltr'>ἄνθρωπος</span> <span class='ocrx_word' id='word_1_751' title='bbox 3475 3169 3509 3219; x_wconf 85' lang='grc' dir='ltr'>ό</span> <span class='ocrx_word' id='word_1_752' title='bbox 3548 3184 3658 3235; x_wconf 75' lang='grc' dir='ltr'>φο·-</span> 
     </span>
    </p>
   </div>
   <div class='ocr_carea' id='block_1_103' title="bbox 2074 3247 3660 3319">
    <p class='ocr_par' dir='ltr' id='par_1_103' title="bbox 2074 3247 3660 3319">
     <span class='ocr_line' id='line_1_103' title="bbox 2074 3247 3660 3319; baseline 0 -16"><span class='ocrx_word' id='word_1_753' title='bbox 2074 3250 2363 3319; x_wconf 82' lang='grc' dir='ltr'>6ούμενος</span> <span class='ocrx_word' id='word_1_754' title='bbox 2392 3248 2500 3302; x_wconf 82' lang='grc' dir='ltr'>τὸν</span> <span class='ocrx_word' id='word_1_755' title='bbox 2537 3249 2756 3316; x_wconf 84' lang='grc' dir='ltr'>Κύριον</span> <span class='ocrx_word' id='word_1_756' title='bbox 2772 3264 2792 3312; x_wconf 89' lang='grc'><em>;</em></span> <span class='ocrx_word' id='word_1_757' title='bbox 2843 3248 3233 3317; x_wconf 84' lang='grc' dir='ltr'>νομοθετήσει</span> <span class='ocrx_word' id='word_1_758' title='bbox 3260 3249 3421 3314; x_wconf 86' lang='grc' dir='ltr'>αὐτῷ</span> <span class='ocrx_word' id='word_1_759' title='bbox 3449 3249 3519 3302; x_wconf 80' lang='grc' dir='ltr'>ὲν</span> <span class='ocrx_word' id='word_1_760' title='bbox 3540 3247 3660 3315; x_wconf 82' lang='grc' dir='ltr'>ὀδῷ</span> 
     </span>
    </p>
   </div>
   <div class='ocr_carea' id='block_1_104' title="bbox 2071 3327 3659 3406">
    <p class='ocr_par' dir='ltr' id='par_1_104' title="bbox 2071 3327 3659 3406">
     <span class='ocr_line' id='line_1_104' title="bbox 2071 3327 3659 3406; baseline -0.011 -3"><span class='ocrx_word' id='word_1_761' title='bbox 2071 3327 2112 3406; x_wconf 73' lang='grc' dir='ltr'><strong><em>ᾖ</em></strong></span> <span class='ocrx_word' id='word_1_762' title='bbox 2138 3334 2478 3403; x_wconf 63' lang='grc' dir='ltr'>ίίρετίσατο-</span> <span class='ocrx_word' id='word_1_763' title='bbox 2532 3333 2661 3395; x_wconf 84' lang='grc' dir='ltr'>Τοῖς</span> <span class='ocrx_word' id='word_1_764' title='bbox 2693 3332 2794 3402; x_wconf 79' lang='grc' dir='ltr'>μὲν</span> <span class='ocrx_word' id='word_1_765' title='bbox 2822 3332 2933 3404; x_wconf 80' lang='grc' dir='ltr'>γὰρ</span> <span class='ocrx_word' id='word_1_766' title='bbox 2967 3331 3263 3403; x_wconf 88' lang='grc' dir='ltr'>προπετέσι</span> <span class='ocrx_word' id='word_1_767' title='bbox 3287 3332 3381 3386; x_wconf 76' lang='grc' dir='ltr'>καὶ</span> <span class='ocrx_word' id='word_1_768' title='bbox 3406 3333 3659 3398; x_wconf 83' lang='grc' dir='ltr'>ἐλεεινοῖς</span> 
     </span>
    </p>
   </div>
   <div class='ocr_carea' id='block_1_105' title="bbox 2074 3414 3655 3487">
    <p class='ocr_par' dir='ltr' id='par_1_105' title="bbox 2074 3414 3655 3487">
     <span class='ocr_line' id='line_1_105' title="bbox 2074 3414 3655 3487; baseline -0.001 -18"><span class='ocrx_word' id='word_1_769' title='bbox 2074 3417 2481 3487; x_wconf 85' lang='grc' dir='ltr'>ἁμαρτάνουσιν</span> <span class='ocrx_word' id='word_1_770' title='bbox 2526 3415 2950 3485; x_wconf 85' lang='grc' dir='ltr'>ἀπερισκέπτως</span> <span class='ocrx_word' id='word_1_771' title='bbox 2985 3414 3268 3485; x_wconf 88' lang='grc' dir='ltr'>νομοθετεῖ</span> <span class='ocrx_word' id='word_1_772' title='bbox 3299 3416 3329 3467; x_wconf 85' lang='grc' dir='ltr'>ὁ</span> <span class='ocrx_word' id='word_1_773' title='bbox 3359 3416 3655 3486; x_wconf 83' lang='grc' dir='ltr'>Δεσπότης,</span> 
     </span>
    </p>
   </div>
   <div class='ocr_carea' id='block_1_106' title="bbox 2075 3496 3659 3568">
    <p class='ocr_par' dir='ltr' id='par_1_106' title="bbox 2075 3496 3659 3568">
     <span class='ocr_line' id='line_1_106' title="bbox 2075 3496 3659 3568; baseline 0 -17"><span class='ocrx_word' id='word_1_774' title='bbox 2075 3499 2150 3562; x_wconf 88' lang='grc' dir='ltr'>ὼς</span> <span class='ocrx_word' id='word_1_775' title='bbox 2179 3499 2274 3552; x_wconf 80' lang='grc' dir='ltr'>ἀτε</span> <span class='ocrx_word' id='word_1_776' title='bbox 2294 3498 2355 3551; x_wconf 85' lang='lat' dir='ltr'>rb</span> <span class='ocrx_word' id='word_1_777' title='bbox 2380 3498 2479 3567; x_wconf 90' lang='grc' dir='ltr'>τῆς</span> <span class='ocrx_word' id='word_1_778' title='bbox 2527 3496 2773 3560; x_wconf 87' lang='grc' dir='ltr'>δουλείας</span> <span class='ocrx_word' id='word_1_779' title='bbox 2803 3496 3208 3568; x_wconf 78' lang='grc' dir='ltr'>ἀσπαζομένοις</span> <span class='ocrx_word' id='word_1_780' title='bbox 3242 3496 3477 3568; x_wconf 81' lang='grc' dir='ltr'>πνεῦμα,</span> <span class='ocrx_word' id='word_1_781' title='bbox 3519 3500 3659 3551; x_wconf 83' lang='grc' dir='ltr'>κατὰ</span> 
     </span>
    </p>
   </div>
   <div class='ocr_carea' id='block_1_107' title="bbox 2072 3579 3659 3651">
    <p class='ocr_par' dir='ltr' id='par_1_107' title="bbox 2072 3579 3659 3651">
     <span class='ocr_line' id='line_1_107' title="bbox 2072 3579 3659 3651; baseline 0 -17"><span class='ocrx_word' id='word_1_782' title='bbox 2072 3582 2165 3634; x_wconf 82' lang='lat' dir='ltr'><strong>rbv</strong></span> <span class='ocrx_word' id='word_1_783' title='bbox 2194 3580 2388 3651; x_wconf 84' lang='grc' dir='ltr'>ᾠδικὸν</span> <span class='ocrx_word' id='word_1_784' title='bbox 2410 3579 2595 3632; x_wconf 71' lang='grc' dir='ltr'>Δαυῒδο</span> <span class='ocrx_word' id='word_1_785' title='bbox 2619 3579 3025 3649; x_wconf 83' lang='grc' dir='ltr'>Νομοθετήσει</span> <span class='ocrx_word' id='word_1_786' title='bbox 3052 3580 3269 3647; x_wconf 83' lang='grc' dir='ltr'>Κύριος</span> <span class='ocrx_word' id='word_1_787' title='bbox 3288 3579 3659 3650; x_wconf 82' lang='grc' dir='ltr'>ἁμαρτάνον-</span> 
     </span>
    </p>
   </div>
   <div class='ocr_carea' id='block_1_108' title="bbox 2076 3661 3658 3733">
    <p class='ocr_par' dir='ltr' id='par_1_108' title="bbox 2076 3661 3658 3733">
     <span class='ocr_line' id='line_1_108' title="bbox 2076 3661 3658 3733; baseline -0.001 -16"><span class='ocrx_word' id='word_1_788' title='bbox 2076 3682 2183 3729; x_wconf 77' lang='grc' dir='ltr'>τας</span> <span class='ocrx_word' id='word_1_789' title='bbox 2208 3664 2277 3716; x_wconf 68' lang='grc' dir='ltr'>ἐν</span> <span class='ocrx_word' id='word_1_790' title='bbox 2299 3662 2435 3727; x_wconf 83' lang='grc' dir='ltr'>ὀδῷ·</span> <span class='ocrx_word' id='word_1_791' title='bbox 2462 3661 2685 3716; x_wconf 88' lang='grc' dir='ltr'>κολάσει</span> <span class='ocrx_word' id='word_1_792' title='bbox 2732 3662 2789 3715; x_wconf 82' lang='grc' dir='ltr'>δὲ</span> <span class='ocrx_word' id='word_1_793' title='bbox 2824 3662 3285 3733; x_wconf 86' lang='grc' dir='ltr'>παραϐαίνοντας·</span> <span class='ocrx_word' id='word_1_794' title='bbox 3320 3666 3348 3716; x_wconf 90' lang='grc' dir='ltr'>ό</span> <span class='ocrx_word' id='word_1_795' title='bbox 3385 3663 3444 3716; x_wconf 88' lang='grc' dir='ltr'>δέ</span> <span class='ocrx_word' id='word_1_796' title='bbox 3487 3680 3550 3732; x_wconf 91' lang='grc' dir='ltr'>γε</span> <span class='ocrx_word' id='word_1_797' title='bbox 3578 3663 3658 3716; x_wconf 89' lang='grc' dir='ltr'>δί-</span> 
     </span>
    </p>
   </div>
   <div class='ocr_carea' id='block_1_109' title="bbox 2078 3743 3662 3817">
    <p class='ocr_par' dir='ltr' id='par_1_109' title="bbox 2078 3743 3662 3817">
     <span class='ocr_line' id='line_1_109' title="bbox 2078 3743 3662 3817; baseline 0 -16"><span class='ocrx_word' id='word_1_798' title='bbox 2078 3764 2228 3809; x_wconf 84' lang='grc' dir='ltr'>καιος</span> <span class='ocrx_word' id='word_1_799' title='bbox 2254 3743 2495 3815; x_wconf 79' lang='grc' dir='ltr'>ὑπερϐὰς</span> <span class='ocrx_word' id='word_1_800' title='bbox 2520 3745 2589 3798; x_wconf 83' lang='grc' dir='ltr'>τὰ</span> <span class='ocrx_word' id='word_1_801' title='bbox 2622 3745 2796 3815; x_wconf 86' lang='grc' dir='ltr'>μέτρα</span> <span class='ocrx_word' id='word_1_802' title='bbox 2832 3743 2926 3797; x_wconf 88' lang='grc' dir='ltr'>τοῦ</span> <span class='ocrx_word' id='word_1_803' title='bbox 2966 3744 3063 3815; x_wconf 87' lang='grc' dir='ltr'>τῆς</span> <span class='ocrx_word' id='word_1_804' title='bbox 3092 3744 3336 3809; x_wconf 87' lang='grc' dir='ltr'>δουλείας</span> <span class='ocrx_word' id='word_1_805' title='bbox 3377 3746 3543 3817; x_wconf 84' lang='grc' dir='ltr'>νόμου</span> <span class='ocrx_word' id='word_1_806' title='bbox 3574 3746 3662 3802; x_wconf 84' lang='grc' dir='ltr'>διά</span> 
     </span>
    </p>
   </div>
   <div class='ocr_carea' id='block_1_110' title="bbox 2076 3826 3658 3898">
    <p class='ocr_par' dir='ltr' id='par_1_110' title="bbox 2076 3826 3658 3898">
     <span class='ocr_line' id='line_1_110' title="bbox 2076 3826 3658 3898; baseline 0 -17"><span class='ocrx_word' id='word_1_807' title='bbox 2076 3830 2138 3883; x_wconf 84' lang='grc' dir='ltr'>τὸ</span> <span class='ocrx_word' id='word_1_808' title='bbox 2161 3830 2380 3898; x_wconf 76' lang='grc' dir='ltr'>ἀγαπᾷν</span> <span class='ocrx_word' id='word_1_809' title='bbox 2416 3830 2507 3881; x_wconf 85' lang='grc' dir='ltr'>τὸν</span> <span class='ocrx_word' id='word_1_810' title='bbox 2527 3828 2826 3896; x_wconf 86' lang='grc' dir='ltr'>Δεσπότην,</span> <span class='ocrx_word' id='word_1_811' title='bbox 2858 3827 2950 3878; x_wconf 73' lang='grc' dir='ltr'>ἐπὶ</span> <span class='ocrx_word' id='word_1_812' title='bbox 2979 3826 3040 3878; x_wconf 86' lang='lat' dir='ltr'>rb</span> <span class='ocrx_word' id='word_1_813' title='bbox 3070 3827 3170 3897; x_wconf 82' lang='grc' dir='ltr'>τῆς</span> <span class='ocrx_word' id='word_1_814' title='bbox 3203 3828 3477 3892; x_wconf 82' lang='grc' dir='ltr'>υἱοθεσίας</span> <span class='ocrx_word' id='word_1_815' title='bbox 3507 3830 3658 3881; x_wconf 87' lang='grc' dir='ltr'>ἐπει-</span> 
     </span>
    </p>
   </div>
   <div class='ocr_carea' id='block_1_111' title="bbox 2078 3906 3662 3982">
    <p class='ocr_par' dir='ltr' id='par_1_111' title="bbox 2078 3906 3662 3982">
     <span class='ocr_line' id='line_1_111' title="bbox 2078 3906 3662 3982; baseline 0.001 -19"><span class='ocrx_word' id='word_1_816' title='bbox 2078 3912 2304 3982; x_wconf 88' lang='grc' dir='ltr'>γόμενος</span> <span class='ocrx_word' id='word_1_817' title='bbox 2354 3909 2538 3980; x_wconf 85' lang='grc' dir='ltr'>μέρος,</span> <span class='ocrx_word' id='word_1_818' title='bbox 2568 3907 2763 3962; x_wconf 85' lang='grc' dir='ltr'>ἐαυτοῦ</span> <span class='ocrx_word' id='word_1_819' title='bbox 2797 3907 3098 3979; x_wconf 84' lang='grc' dir='ltr'>νομοθέτης</span> <span class='ocrx_word' id='word_1_820' title='bbox 3147 3910 3373 3977; x_wconf 88' lang='grc' dir='ltr'>γίνεται·</span> <span class='ocrx_word' id='word_1_821' title='bbox 3396 3906 3508 3974; x_wconf 74' lang='grc' dir='ltr'>οἷος</span> <span class='ocrx_word' id='word_1_822' title='bbox 3526 3906 3605 3982; x_wconf 76' lang='grc' dir='ltr'>ἦν</span> <span class='ocrx_word' id='word_1_823' title='bbox 3631 3912 3662 3964; x_wconf 90' lang='grc' dir='ltr'>ό</span> 
     </span>
    </p>
   </div>
   <div class='ocr_carea' id='block_1_112' title="bbox 2079 3989 3662 4060">
    <p class='ocr_par' dir='ltr' id='par_1_112' title="bbox 2079 3989 3662 4060">
     <span class='ocr_line' id='line_1_112' title="bbox 2079 3989 3662 4060; baseline -0.003 -13"><span class='ocrx_word' id='word_1_824' title='bbox 2079 3992 2225 4055; x_wconf 86' lang='grc' dir='ltr'>Ἰὼϐ,</span> <span class='ocrx_word' id='word_1_825' title='bbox 2254 3993 2349 4046; x_wconf 82' lang='grc' dir='ltr'>καί</span> <span class='ocrx_word' id='word_1_826' title='bbox 2402 3990 2572 4045; x_wconf 89' lang='grc' dir='ltr'>ποιῶν</span> <span class='ocrx_word' id='word_1_827' title='bbox 2605 3990 2700 4042; x_wconf 80' lang='grc' dir='ltr'>καί</span> <span class='ocrx_word' id='word_1_828' title='bbox 2729 3989 2922 4057; x_wconf 86' lang='grc' dir='ltr'>λέγων·</span> <span class='ocrx_word' id='word_1_829' title='bbox 2957 3990 3258 4057; x_wconf 76' lang='grc' dir='ltr'>Διαθήκην</span> <span class='ocrx_word' id='word_1_830' title='bbox 3283 3990 3508 4060; x_wconf 78' lang='grc' dir='ltr'>ἐθέμην</span> <span class='ocrx_word' id='word_1_831' title='bbox 3536 3992 3662 4057; x_wconf 86' lang='grc' dir='ltr'>τοῖς</span> 
     </span>
    </p>
   </div>
   <div class='ocr_carea' id='block_1_113' title="bbox 2080 4071 3658 4145">
    <p class='ocr_par' dir='ltr' id='par_1_113' title="bbox 2080 4071 3658 4145">
     <span class='ocr_line' id='line_1_113' title="bbox 2080 4071 3658 4145; baseline -0.003 -14"><span class='ocrx_word' id='word_1_832' title='bbox 2080 4074 2405 4145; x_wconf 61' lang='grc' dir='ltr'>ὀφθαλμοῖς</span> <span class='ocrx_word' id='word_1_833' title='bbox 2418 4091 2559 4143; x_wconf 88' lang='grc' dir='ltr'>μου,</span> <span class='ocrx_word' id='word_1_834' title='bbox 2589 4072 2686 4126; x_wconf 81' lang='grc' dir='ltr'>καὶ</span> <span class='ocrx_word' id='word_1_835' title='bbox 2719 4074 2792 4126; x_wconf 85' lang='grc' dir='ltr'>οὐ</span> <span class='ocrx_word' id='word_1_836' title='bbox 2812 4072 2894 4139; x_wconf 76' lang='grc' dir='ltr'>μὴ</span> <span class='ocrx_word' id='word_1_837' title='bbox 2917 4071 3174 4137; x_wconf 80' lang='grc' dir='ltr'>συνήσω</span> <span class='ocrx_word' id='word_1_838' title='bbox 3202 4072 3303 4126; x_wconf 74' lang='grc' dir='ltr'>ἐπὶ</span> <span class='ocrx_word' id='word_1_839' title='bbox 3335 4072 3658 4141; x_wconf 80' lang='grc' dir='ltr'>παρθένον.</span> 
     </span>
    </p>
   </div>
   <div class='ocr_carea' id='block_1_114' title="bbox 2080 4154 3662 4229">
    <p class='ocr_par' dir='ltr' id='par_1_114' title="bbox 2080 4154 3662 4229">
     <span class='ocr_line' id='line_1_114' title="bbox 2080 4154 3662 4229; baseline -0.003 -16"><span class='ocrx_word' id='word_1_840' title='bbox 2080 4160 2176 4224; x_wconf 82' lang='grc' dir='ltr'>Τίς</span> <span class='ocrx_word' id='word_1_841' title='bbox 2207 4159 2267 4212; x_wconf 81' lang='grc' dir='ltr'>δέ</span> <span class='ocrx_word' id='word_1_842' title='bbox 2289 4154 2358 4229; x_wconf 79' lang='grc' dir='ltr'>ἦν</span> <span class='ocrx_word' id='word_1_843' title='bbox 2402 4160 2436 4229; x_wconf 82' lang='grc' dir='ltr'><strong>ἡ</strong></span> <span class='ocrx_word' id='word_1_844' title='bbox 2470 4156 2738 4227; x_wconf 74' lang='grc' dir='ltr'>διαθήκης</span> <span class='ocrx_word' id='word_1_845' title='bbox 2786 4156 2847 4209; x_wconf 91' lang='lat' dir='ltr'>rb</span> <span class='ocrx_word' id='word_1_846' title='bbox 2877 4157 3075 4221; x_wconf 85' lang='grc' dir='ltr'>αὑτοὺς</span> <span class='ocrx_word' id='word_1_847' title='bbox 3118 4158 3536 4227; x_wconf 85' lang='grc' dir='ltr'>ἀτακτήσαντας</span> <span class='ocrx_word' id='word_1_848' title='bbox 3581 4158 3662 4222; x_wconf 86' lang='grc' dir='ltr'>εἰς</span> 
     </span>
    </p>
   </div>
   <div class='ocr_carea' id='block_1_115' title="bbox 2079 4239 3663 4315">
    <p class='ocr_par' dir='ltr' id='par_1_115' title="bbox 2079 4239 3663 4315">
     <span class='ocr_line' id='line_1_115' title="bbox 2079 4239 3663 4315; baseline -0.002 -19"><span class='ocrx_word' id='word_1_849' title='bbox 2079 4243 2178 4315; x_wconf 82' lang='grc' dir='ltr'>τὴν</span> <span class='ocrx_word' id='word_1_850' title='bbox 2212 4240 2565 4312; x_wconf 83' lang='grc' dir='ltr'>σωφροσύνην</span> <span class='ocrx_word' id='word_1_851' title='bbox 2594 4241 2896 4310; x_wconf 85' lang='grc' dir='ltr'>ἐκκοπῆναι</span> <span class='ocrx_word' id='word_1_852' title='bbox 2946 4239 2998 4294; x_wconf 71' lang='grc' dir='ltr'>ί.</span> <span class='ocrx_word' id='word_1_853' title='bbox 3048 4240 3279 4310; x_wconf 82' lang='grc' dir='ltr'>Ὁμοίως</span> <span class='ocrx_word' id='word_1_854' title='bbox 3309 4239 3485 4308; x_wconf 86' lang='grc' dir='ltr'>λέγων</span> <span class='ocrx_word' id='word_1_855' title='bbox 3512 4241 3605 4293; x_wconf 78' lang='grc' dir='ltr'>καὶ</span> <span class='ocrx_word' id='word_1_856' title='bbox 3633 4241 3663 4293; x_wconf 86' lang='grc' dir='ltr'>ό</span> 
     </span>
    </p>
   </div>
   <div class='ocr_carea' id='block_1_116' title="bbox 2081 4321 3664 4393">
    <p class='ocr_par' dir='ltr' id='par_1_116' title="bbox 2081 4321 3664 4393">
     <span class='ocr_line' id='line_1_116' title="bbox 2081 4321 3664 4393; baseline -0.003 -14"><span class='ocrx_word' id='word_1_857' title='bbox 2081 4324 2270 4379; x_wconf 79' lang='grc' dir='ltr'>Δαυίδ·</span> <span class='ocrx_word' id='word_1_858' title='bbox 2319 4325 2549 4393; x_wconf 85' lang='grc' dir='ltr'>Ὤμοσα</span> <span class='ocrx_word' id='word_1_859' title='bbox 2586 4324 2683 4376; x_wconf 82' lang='grc' dir='ltr'>καί</span> <span class='ocrx_word' id='word_1_860' title='bbox 2741 4322 2984 4391; x_wconf 80' lang='grc' dir='ltr'>ἕστησα</span> <span class='ocrx_word' id='word_1_861' title='bbox 3026 4321 3133 4375; x_wconf 89' lang='grc' dir='ltr'>τοῦ</span> <span class='ocrx_word' id='word_1_862' title='bbox 3175 4321 3561 4391; x_wconf 71' lang='grc' dir='ltr'>φυλάξασθαι</span> <span class='ocrx_word' id='word_1_863' title='bbox 3591 4324 3664 4375; x_wconf 81' lang='grc' dir='ltr'>τὰ</span> 
     </span>
    </p>
   </div>
   <div class='ocr_carea' id='block_1_117' title="bbox 2082 4403 3665 4478">
    <p class='ocr_par' dir='ltr' id='par_1_117' title="bbox 2082 4403 3665 4478">
     <span class='ocr_line' id='line_1_117' title="bbox 2082 4403 3665 4478; baseline -0.002 -16"><span class='ocrx_word' id='word_1_864' title='bbox 2082 4410 2337 4478; x_wconf 77' lang='grc' dir='ltr'>κρίματα</span> <span class='ocrx_word' id='word_1_865' title='bbox 2370 4406 2480 4476; x_wconf 84' lang='grc' dir='ltr'>τῆς</span> <span class='ocrx_word' id='word_1_866' title='bbox 2516 4406 2913 4471; x_wconf 80' lang='grc' dir='ltr'>δικαιοσύνης</span> <span class='ocrx_word' id='word_1_867' title='bbox 2940 4419 3077 4457; x_wconf 90' lang='grc' dir='ltr'>σου·</span> <span class='ocrx_word' id='word_1_868' title='bbox 3112 4403 3174 4458; x_wconf 90' lang='lat' dir='ltr'>rb</span> <span class='ocrx_word' id='word_1_869' title='bbox 3225 4404 3665 4476; x_wconf 75' lang='grc' dir='ltr'>ἐπαμφοτερίζον</span> 
     </span>
    </p>
   </div>
   <div class='ocr_carea' id='block_1_118' title="bbox 2082 4481 3664 4559">
    <p class='ocr_par' dir='ltr' id='par_1_118' title="bbox 2082 4481 3664 4559">
     <span class='ocr_line' id='line_1_118' title="bbox 2082 4481 3664 4559; baseline -0.002 -16"><span class='ocrx_word' id='word_1_870' title='bbox 2082 4490 2178 4543; x_wconf 79' lang='grc' dir='ltr'>καὶ</span> <span class='ocrx_word' id='word_1_871' title='bbox 2209 4488 2463 4551; x_wconf 81' lang='grc' dir='ltr'>ἐνδυάζον</span> <span class='ocrx_word' id='word_1_872' title='bbox 2480 4486 2581 4555; x_wconf 87' lang='grc' dir='ltr'>τῆς</span> <span class='ocrx_word' id='word_1_873' title='bbox 2592 4486 2981 4558; x_wconf 83' lang='grc' dir='ltr'>γνώμηςόρκῳ</span> <span class='ocrx_word' id='word_1_874' title='bbox 3004 4484 3262 4557; x_wconf 83' lang='grc' dir='ltr'>πεδήσας.</span> <span class='ocrx_word' id='word_1_875' title='bbox 3298 4481 3399 4542; x_wconf 76' lang='grc' dir='ltr'>Ὧν</span> <span class='ocrx_word' id='word_1_876' title='bbox 3418 4489 3664 4559; x_wconf 77' lang='grc' dir='ltr'>μιμητὴς</span> 
     </span>
    </p>
   </div>
   <div class='ocr_carea' id='block_1_119' title="bbox 2084 4570 3666 4645">
    <p class='ocr_par' dir='ltr' id='par_1_119' title="bbox 2084 4570 3666 4645">
     <span class='ocr_line' id='line_1_119' title="bbox 2084 4570 3666 4645; baseline 0 -19"><span class='ocrx_word' id='word_1_877' title='bbox 2084 4573 2338 4645; x_wconf 85' lang='grc' dir='ltr'>πατέρων</span> <span class='ocrx_word' id='word_1_878' title='bbox 2366 4571 2445 4634; x_wconf 87' lang='grc' dir='ltr'>ὡς</span> <span class='ocrx_word' id='word_1_879' title='bbox 2481 4570 2705 4641; x_wconf 90' lang='grc' dir='ltr'>γνήσιος</span> <span class='ocrx_word' id='word_1_880' title='bbox 2751 4570 2888 4633; x_wconf 81' lang='grc' dir='ltr'>υίὸς,</span> <span class='ocrx_word' id='word_1_881' title='bbox 2916 4570 3011 4623; x_wconf 78' lang='grc' dir='ltr'>καὶ</span> <span class='ocrx_word' id='word_1_882' title='bbox 3048 4570 3109 4623; x_wconf 82' lang='grc' dir='ltr'>οὑ</span> <span class='ocrx_word' id='word_1_883' title='bbox 3138 4570 3294 4636; x_wconf 90' lang='grc' dir='ltr'>νόθος</span> <span class='ocrx_word' id='word_1_884' title='bbox 3328 4572 3590 4643; x_wconf 78' lang='grc' dir='ltr'>ὑπάρχων</span> <span class='ocrx_word' id='word_1_885' title='bbox 3636 4574 3666 4626; x_wconf 86' lang='grc' dir='ltr'>ό</span> 
     </span>
    </p>
   </div>
   <div class='ocr_carea' id='block_1_120' title="bbox 2082 4650 3683 4727">
    <p class='ocr_par' dir='ltr' id='par_1_120' title="bbox 2082 4650 3683 4727">
     <span class='ocr_line' id='line_1_120' title="bbox 2082 4650 3683 4727; baseline 0 -18"><span class='ocrx_word' id='word_1_886' title='bbox 2082 4655 2360 4725; x_wconf 82' lang='grc' dir='ltr'>Ἰωάννης,</span> <span class='ocrx_word' id='word_1_887' title='bbox 2391 4652 2682 4707; x_wconf 86' lang='grc' dir='ltr'>πλαδῶσαν</span> <span class='ocrx_word' id='word_1_888' title='bbox 2703 4651 2801 4723; x_wconf 78' lang='grc' dir='ltr'>τὴν</span> <span class='ocrx_word' id='word_1_889' title='bbox 2832 4651 2943 4705; x_wconf 89' lang='grc' dir='ltr'>τῶν</span> <span class='ocrx_word' id='word_1_890' title='bbox 2976 4650 3279 4724; x_wconf 84' lang='grc' dir='ltr'>ἀνθρώπων</span> <span class='ocrx_word' id='word_1_891' title='bbox 3318 4655 3521 4726; x_wconf 86' lang='grc' dir='ltr'>ἀγέλην</span> <span class='ocrx_word' id='word_1_892' title='bbox 3545 4658 3683 4727; x_wconf 79' lang='grc' dir='ltr'>ταῖς¹</span> 
     </span>
    </p>
   </div>
   <div class='ocr_carea' id='block_1_121' title="bbox 2082 4735 3664 4810">
    <p class='ocr_par' dir='ltr' id='par_1_121' title="bbox 2082 4735 3664 4810">
     <span class='ocr_line' id='line_1_121' title="bbox 2082 4735 3664 4810; baseline 0 -17"><span class='ocrx_word' id='word_1_893' title='bbox 2082 4741 2357 4810; x_wconf 84' lang='grc' dir='ltr'>διαφόροις</span> <span class='ocrx_word' id='word_1_894' title='bbox 2391 4736 2710 4807; x_wconf 83' lang='grc' dir='ltr'>ἐπιθυμίαις</span> <span class='ocrx_word' id='word_1_895' title='bbox 2741 4736 2927 4808; x_wconf 78' lang='grc' dir='ltr'>ῥαῖσαι</span> <span class='ocrx_word' id='word_1_896' title='bbox 2965 4735 3281 4808; x_wconf 90' lang='grc' dir='ltr'>γλιχόμενος</span> <span class='ocrx_word' id='word_1_897' title='bbox 3316 4740 3409 4792; x_wconf 76' lang='grc' dir='ltr'>ἐπὶ</span> <span class='ocrx_word' id='word_1_898' title='bbox 3441 4740 3501 4793; x_wconf 86' lang='lat' dir='ltr'>rb</span> <span class='ocrx_word' id='word_1_899' title='bbox 3540 4756 3664 4792; x_wconf 88' lang='grc' dir='ltr'>στε-</span> 
     </span>
    </p>
   </div>
   <div class='ocr_carea' id='block_1_122' title="bbox 2084 4817 3664 4893">
    <p class='ocr_par' dir='ltr' id='par_1_122' title="bbox 2084 4817 3664 4893">
     <span class='ocr_line' id='line_1_122' title="bbox 2084 4817 3664 4893; baseline 0 -18"><span class='ocrx_word' id='word_1_900' title='bbox 2084 4823 2336 4893; x_wconf 90' lang='grc' dir='ltr'>γνότερον</span> <span class='ocrx_word' id='word_1_901' title='bbox 2376 4821 2541 4893; x_wconf 91' lang='grc' dir='ltr'>μέρος</span> <span class='ocrx_word' id='word_1_902' title='bbox 2568 4817 2660 4874; x_wconf 75' lang='grc' dir='ltr'>τοῦ</span> <span class='ocrx_word' id='word_1_903' title='bbox 2695 4820 2831 4890; x_wconf 88' lang='grc' dir='ltr'>βίου,</span> <span class='ocrx_word' id='word_1_904' title='bbox 2858 4820 3052 4874; x_wconf 87' lang='grc' dir='ltr'>ἐαυτοῦ</span> <span class='ocrx_word' id='word_1_905' title='bbox 3100 4820 3362 4893; x_wconf 80' lang='grc' dir='ltr'>δικαστὴς</span> <span class='ocrx_word' id='word_1_906' title='bbox 3388 4824 3481 4876; x_wconf 72' lang='grc' dir='ltr'>καὶ</span> <span class='ocrx_word' id='word_1_907' title='bbox 3504 4839 3664 4893; x_wconf 76' lang='grc' dir='ltr'>νομοο</span> 
     </span>
    </p>
   </div>
   <div class='ocr_carea' id='block_1_123' title="bbox 2085 4903 3667 4977">
    <p class='ocr_par' dir='ltr' id='par_1_123' title="bbox 2085 4903 3667 4977">
     <span class='ocr_line' id='line_1_123' title="bbox 2085 4903 3667 4977; baseline -0.015 -16"><span class='ocrx_word' id='word_1_908' title='bbox 2085 4906 2247 4976; x_wconf 84' lang='grc' dir='ltr'>θέτης</span> <span class='ocrx_word' id='word_1_909' title='bbox 2268 4904 2493 4974; x_wconf 85' lang='grc' dir='ltr'>ἐγίνετο,</span> <span class='ocrx_word' id='word_1_910' title='bbox 2518 4903 2839 4974; x_wconf 84' lang='grc' dir='ltr'>ἀμεταθέτῳ</span> <span class='ocrx_word' id='word_1_911' title='bbox 2880 4904 3063 4973; x_wconf 85' lang='grc' dir='ltr'>κρίσει</span> <span class='ocrx_word' id='word_1_912' title='bbox 3103 4905 3496 4976; x_wconf 63' lang='grc' dir='ltr'>πυκνούμενος,</span> <span class='ocrx_word' id='word_1_913' title='bbox 3527 4923 3667 4977; x_wconf 72' lang='grc' dir='ltr'>συμ,</span> 
     </span>
    </p>
   </div>
   <div class='ocr_carea' id='block_1_124' title="bbox 2085 4988 3665 5059">
    <p class='ocr_par' dir='ltr' id='par_1_124' title="bbox 2085 4988 3665 5059">
     <span class='ocr_line' id='line_1_124' title="bbox 2085 4988 3665 5059; baseline 0.001 -16"><span class='ocrx_word' id='word_1_914' title='bbox 2085 4991 2287 5044; x_wconf 91' lang='grc' dir='ltr'>ποσίων</span> <span class='ocrx_word' id='word_1_915' title='bbox 2320 4990 2413 5042; x_wconf 79' lang='grc' dir='ltr'>καὶ</span> <span class='ocrx_word' id='word_1_916' title='bbox 2460 4988 2733 5055; x_wconf 86' lang='grc' dir='ltr'>συλλόγων</span> <span class='ocrx_word' id='word_1_917' title='bbox 2771 4988 3119 5059; x_wconf 87' lang='grc' dir='ltr'>εὐτραπέλων</span> <span class='ocrx_word' id='word_1_918' title='bbox 3152 4991 3245 5044; x_wconf 89' lang='grc' dir='ltr'>καί</span> <span class='ocrx_word' id='word_1_919' title='bbox 3291 4991 3665 5059; x_wconf 83' lang='grc' dir='ltr'>γελωτοποιῶν</span> 
     </span>
    </p>
   </div>
   <div class='ocr_carea' id='block_1_125' title="bbox 2086 5071 3665 5145">
    <p class='ocr_par' dir='ltr' id='par_1_125' title="bbox 2086 5071 3665 5145">
     <span class='ocr_line' id='line_1_125' title="bbox 2086 5071 3665 5145; baseline -0.001 -18"><span class='ocrx_word' id='word_1_920' title='bbox 2086 5077 2180 5127; x_wconf 78' lang='grc' dir='ltr'>καὶ</span> <span class='ocrx_word' id='word_1_921' title='bbox 2204 5072 2577 5144; x_wconf 89' lang='grc' dir='ltr'>ματαιολόγων</span> <span class='ocrx_word' id='word_1_922' title='bbox 2595 5073 2980 5143; x_wconf 89' lang='grc' dir='ltr'>ἀποσχοινίσας</span> <span class='ocrx_word' id='word_1_923' title='bbox 2994 5071 3320 5142; x_wconf 83' lang='grc' dir='ltr'>ἀνθρώπων,</span> <span class='ocrx_word' id='word_1_924' title='bbox 3354 5073 3665 5145; x_wconf 85' lang='grc' dir='ltr'>θωρακίσας</span> 
     </span>
    </p>
   </div>
   <div class='ocr_carea' id='block_1_126' title="bbox 2088 5155 3667 5230">
    <p class='ocr_par' dir='ltr' id='par_1_126' title="bbox 2088 5155 3667 5230">
     <span class='ocr_line' id='line_1_126' title="bbox 2088 5155 3667 5230; baseline 0 -19"><span class='ocrx_word' id='word_1_925' title='bbox 2088 5157 2281 5211; x_wconf 80' lang='grc' dir='ltr'>ἐαυτοῦ</span> <span class='ocrx_word' id='word_1_926' title='bbox 2310 5157 2402 5209; x_wconf 84' lang='grc' dir='ltr'>τὸν</span> <span class='ocrx_word' id='word_1_927' title='bbox 2445 5157 2542 5227; x_wconf 88' lang='grc' dir='ltr'>τῆς</span> <span class='ocrx_word' id='word_1_928' title='bbox 2569 5156 2750 5226; x_wconf 74' lang='grc' dir='ltr'>ψυχῆς</span> <span class='ocrx_word' id='word_1_929' title='bbox 2795 5155 3076 5227; x_wconf 83' lang='grc' dir='ltr'>ὀφθαλμὸν</span> <span class='ocrx_word' id='word_1_930' title='bbox 3111 5160 3178 5228; x_wconf 82' lang='grc' dir='ltr'>τῇ</span> <span class='ocrx_word' id='word_1_931' title='bbox 3224 5158 3322 5211; x_wconf 89' lang='grc' dir='ltr'>τοῦ</span> <span class='ocrx_word' id='word_1_932' title='bbox 3360 5158 3667 5230; x_wconf 86' lang='grc' dir='ltr'>πνεύματος</span> 
     </span>
    </p>
   </div>
   <div class='ocr_carea' id='block_1_127' title="bbox 2088 5239 3667 5312">
    <p class='ocr_par' dir='ltr' id='par_1_127' title="bbox 2088 5239 3667 5312">
     <span class='ocr_line' id='line_1_127' title="bbox 2088 5239 3667 5312; baseline -0.001 -16"><span class='ocrx_word' id='word_1_933' title='bbox 2088 5239 2380 5311; x_wconf 78' lang='grc' dir='ltr'>πανοπλίᾳ,</span> <span class='ocrx_word' id='word_1_934' title='bbox 2417 5240 2502 5294; x_wconf 81' lang='grc' dir='ltr'>ἵνα</span> <span class='ocrx_word' id='word_1_935' title='bbox 2535 5240 2611 5311; x_wconf 83' lang='grc' dir='ltr'>μὴ</span> <span class='ocrx_word' id='word_1_936' title='bbox 2644 5239 2733 5292; x_wconf 93' lang='grc' dir='ltr'>διά</span> <span class='ocrx_word' id='word_1_937' title='bbox 2782 5240 3085 5311; x_wconf 89' lang='grc' dir='ltr'>συμποσίου</span> <span class='ocrx_word' id='word_1_938' title='bbox 3134 5241 3167 5311; x_wconf 78' lang='grc' dir='ltr'><strong>ἢ</strong></span> <span class='ocrx_word' id='word_1_939' title='bbox 3223 5242 3453 5312; x_wconf 88' lang='grc' dir='ltr'>ἀκαίρου</span> <span class='ocrx_word' id='word_1_940' title='bbox 3508 5241 3667 5309; x_wconf 85' lang='grc' dir='ltr'>λόγου</span> 
     </span>
    </p>
   </div>
   <div class='ocr_carea' id='block_1_128' title="bbox 2090 5321 3671 5397">
    <p class='ocr_par' dir='ltr' id='par_1_128' title="bbox 2090 5321 3671 5397">
     <span class='ocr_line' id='line_1_128' title="bbox 2090 5321 3671 5397; baseline -0.002 -18"><span class='ocrx_word' id='word_1_941' title='bbox 2090 5324 2445 5396; x_wconf 81' lang='grc' dir='ltr'>παρείσδυσιν</span> <span class='ocrx_word' id='word_1_942' title='bbox 2499 5321 2737 5395; x_wconf 85' lang='grc' dir='ltr'>εὑροῦσα</span> <span class='ocrx_word' id='word_1_943' title='bbox 2799 5324 2833 5394; x_wconf 83' lang='grc' dir='ltr'>ἡ</span> <span class='ocrx_word' id='word_1_944' title='bbox 2888 5322 3168 5395; x_wconf 81' lang='grc' dir='ltr'>ἀφροσύνη</span> <span class='ocrx_word' id='word_1_945' title='bbox 3219 5323 3519 5397; x_wconf 77' lang='grc' dir='ltr'>ἐξαφανίσῃ</span> <span class='ocrx_word' id='word_1_946' title='bbox 3571 5323 3671 5395; x_wconf 80' lang='grc' dir='ltr'>τὴν</span> 
     </span>
    </p>
   </div>
   <div class='ocr_carea' id='block_1_129' title="bbox 2091 5404 3670 5481">
    <p class='ocr_par' dir='ltr' id='par_1_129' title="bbox 2091 5404 3670 5481">
     <span class='ocr_line' id='line_1_129' title="bbox 2091 5404 3670 5481; baseline -0.001 -19"><span class='ocrx_word' id='word_1_947' title='bbox 2091 5407 2465 5481; x_wconf 80' lang='grc' dir='ltr'>σωφροσύνην,</span> <span class='ocrx_word' id='word_1_948' title='bbox 2516 5407 2655 5461; x_wconf 80' lang='grc' dir='ltr'>κατὰ</span> <span class='ocrx_word' id='word_1_949' title='bbox 2698 5406 2790 5460; x_wconf 84' lang='grc' dir='ltr'>τὸν</span> <span class='ocrx_word' id='word_1_950' title='bbox 2845 5406 3089 5461; x_wconf 76' lang='grc' dir='ltr'>εἰπόντα·</span> <span class='ocrx_word' id='word_1_951' title='bbox 3147 5408 3502 5475; x_wconf 78' lang='grc' dir='ltr'>Φθείρουσιν</span> <span class='ocrx_word' id='word_1_952' title='bbox 3554 5404 3670 5475; x_wconf 72' lang='grc' dir='ltr'>ἤθη</span> 
     </span>
    </p>
   </div>
   <div class='ocr_carea' id='block_1_130' title="bbox 2091 5488 3677 5563">
    <p class='ocr_par' dir='ltr' id='par_1_130' title="bbox 2091 5488 3677 5563">
     <span class='ocr_line' id='line_1_130' title="bbox 2091 5488 3677 5563; baseline -0.001 -18"><span class='ocrx_word' id='word_1_953' title='bbox 2091 5494 2326 5562; x_wconf 77' lang='grc' dir='ltr'>χρηστὰ</span> <span class='ocrx_word' id='word_1_954' title='bbox 2355 5495 2579 5563; x_wconf 81' lang='grc' dir='ltr'>ὁμιλίαι</span> <span class='ocrx_word' id='word_1_955' title='bbox 2631 5490 2831 5545; x_wconf 82' lang='grc' dir='ltr'>κακαί.</span> <span class='ocrx_word' id='word_1_956' title='bbox 2871 5491 2963 5544; x_wconf 86' lang='grc' dir='ltr'>Διὸ</span> <span class='ocrx_word' id='word_1_957' title='bbox 2992 5490 3087 5543; x_wconf 76' lang='grc' dir='ltr'>καὶ</span> <span class='ocrx_word' id='word_1_958' title='bbox 3126 5488 3548 5561; x_wconf 90' lang='grc' dir='ltr'>συνεσκευάσθη·</span> <span class='ocrx_word' id='word_1_959' title='bbox 3578 5489 3677 5560; x_wconf 89' lang='grc' dir='ltr'>βα-</span> 
     </span>
    </p>
   </div>
   <div class='ocr_carea' id='block_1_131' title="bbox 2096 5570 3670 5647">
    <p class='ocr_par' dir='ltr' id='par_1_131' title="bbox 2096 5570 3670 5647">
     <span class='ocr_line' id='line_1_131' title="bbox 2096 5570 3670 5647; baseline -0.003 -18"><span class='ocrx_word' id='word_1_960' title='bbox 2096 5578 2191 5647; x_wconf 73' lang='grc' dir='ltr'>ρὺς</span> <span class='ocrx_word' id='word_1_961' title='bbox 2220 5575 2330 5647; x_wconf 79' lang='grc' dir='ltr'>γὰρ</span> <span class='ocrx_word' id='word_1_962' title='bbox 2368 5577 2551 5639; x_wconf 85' lang='grc' dir='ltr'>αὑτοῖς</span> <span class='ocrx_word' id='word_1_963' title='bbox 2597 5570 2666 5647; x_wconf 83' lang='grc' dir='ltr'>ἦν</span> <span class='ocrx_word' id='word_1_964' title='bbox 2696 5576 2791 5628; x_wconf 83' lang='grc' dir='ltr'>καί</span> <span class='ocrx_word' id='word_1_965' title='bbox 2817 5573 3165 5645; x_wconf 90' lang='grc' dir='ltr'>φαινόμενος,</span> <span class='ocrx_word' id='word_1_966' title='bbox 3197 5572 3446 5644; x_wconf 82' lang='grc' dir='ltr'>καθάπερ</span> <span class='ocrx_word' id='word_1_967' title='bbox 3480 5570 3670 5641; x_wconf 90' lang='grc' dir='ltr'>λύχνος</span> 
     </span>
    </p>
   </div>
   <div class='ocr_carea' id='block_1_132' title="bbox 2092 5653 3670 5732">
    <p class='ocr_par' dir='ltr' id='par_1_132' title="bbox 2092 5653 3670 5732">
     <span class='ocr_line' id='line_1_132' title="bbox 2092 5653 3670 5732; baseline -0.001 -21"><span class='ocrx_word' id='word_1_968' title='bbox 2092 5660 2360 5731; x_wconf 76' lang='grc' dir='ltr'>λημιῶσιν</span> <span class='ocrx_word' id='word_1_969' title='bbox 2388 5662 2650 5732; x_wconf 69' lang='grc' dir='ltr'>ὄμμασιν.</span> <span class='ocrx_word' id='word_1_970' title='bbox 2684 5659 2936 5723; x_wconf 85' lang='grc' dir='ltr'>Τοιοῦτός</span> <span class='ocrx_word' id='word_1_971' title='bbox 2972 5676 3056 5722; x_wconf 86' lang='grc' dir='ltr'>τις</span> <span class='ocrx_word' id='word_1_972' title='bbox 3087 5653 3155 5728; x_wconf 80' lang='grc' dir='ltr'>ἦν</span> <span class='ocrx_word' id='word_1_973' title='bbox 3183 5658 3212 5711; x_wconf 84' lang='grc' dir='ltr'>ὁ</span> <span class='ocrx_word' id='word_1_974' title='bbox 3249 5655 3538 5729; x_wconf 81' lang='grc' dir='ltr'>συμπαθὴς</span> <span class='ocrx_word' id='word_1_975' title='bbox 3573 5656 3670 5727; x_wconf 81' lang='grc' dir='ltr'>Ἱε-</span> 
     </span>
    </p>
   </div>
   <div class='ocr_carea' id='block_1_133' title="bbox 2161 5804 2992 5853">
    <p class='ocr_par' dir='ltr' id='par_1_133' title="bbox 2161 5804 2992 5853">
     <span class='ocr_line' id='line_1_133' title="bbox 2161 5804 2992 5853; baseline 0 -2"><span class='ocrx_word' id='word_1_976' title='bbox 2161 5807 2179 5827; x_wconf 77' lang='grc'><strong><em>⁸</em></strong></span> <span class='ocrx_word' id='word_1_977' title='bbox 2207 5805 2501 5853; x_wconf 73' lang='lat' dir='ltr'>Redundare</span> <span class='ocrx_word' id='word_1_978' title='bbox 2526 5804 2721 5852; x_wconf 70' lang='lat' dir='ltr'>videtur</span> <span class='ocrx_word' id='word_1_979' title='bbox 2739 5805 2992 5853; x_wconf 78' lang='lat' dir='ltr'>articulus.</span> 
     </span>
    </p>
   </div>
   <div class='ocr_carea' id='block_1_134' title="bbox 2164 5857 3676 5929">
    <p class='ocr_par' dir='ltr' id='par_1_134' title="bbox 2164 5857 3676 5929">
     <span class='ocr_line' id='line_1_134' title="bbox 2164 5857 3676 5929; baseline -0.003 -12"><span class='ocrx_word' id='word_1_980' title='bbox 2164 5864 2185 5906; x_wconf 75' lang='grc' dir='ltr'>ί</span> <span class='ocrx_word' id='word_1_981' title='bbox 2211 5869 2396 5918; x_wconf 78' lang='lat' dir='ltr'>Sensus</span> <span class='ocrx_word' id='word_1_982' title='bbox 2419 5873 2512 5927; x_wconf 76' lang='lat' dir='ltr'><strong>est,</strong></span> <span class='ocrx_word' id='word_1_983' title='bbox 2538 5872 2587 5916; x_wconf 77' lang='grc' dir='ltr'>ιη</span> <span class='ocrx_word' id='word_1_984' title='bbox 2617 5868 2773 5929; x_wconf 79' lang='lat' dir='ltr'>fallor,</span> <span class='ocrx_word' id='word_1_985' title='bbox 2800 5870 2918 5917; x_wconf 77' lang='lat' dir='ltr'>iste:</span> <span class='ocrx_word' id='word_1_986' title='bbox 2942 5862 3191 5924; x_wconf 81' lang='lat' dir='ltr'>Quodnam</span> <span class='ocrx_word' id='word_1_987' title='bbox 3211 5869 3316 5917; x_wconf 77' lang='lat' dir='ltr'>erat</span> <span class='ocrx_word' id='word_1_988' title='bbox 3341 5861 3462 5915; x_wconf 78' lang='lat' dir='ltr'><strong><em>illud</em></strong></span> <span class='ocrx_word' id='word_1_989' title='bbox 3484 5857 3676 5927; x_wconf 70' lang='grc' dir='ltr'>[α’άωῖ</span> 
     </span>
    </p>
   </div>
  </div>
