4122 6386
454 374 518 430 61
1440 377 1526 432 DE
1569 377 1721 433 VITA
1764 378 1818 433 S.
1860 372 2136 436 JOANNIS
2170 380 2657 440 CIIIlYSOSTOMI.
3647 405 3715 460 σε

457 492 577 545 dem
632 488 849 544 haberet
888 504 1007 543 cum
1042 489 1333 559 insignibus
1368 491 1631 560 episcopis
1670 491 2030 560 colloquendi,

461 595 631 650 neque
657 579 723 633 ad
752 580 1030 635 ecclesiam
1057 580 1345 635 accedendi
1367 600 1378 634 :
1404 591 1459 635 ut
1488 596 1595 649 pra:
1631 582 1886 651 angustiis
1913 582 2028 634 ania

457 673 527 725 mi
550 688 601 725 ιιι
634 671 867 740 conjugii
903 672 1224 726 voluntatem
1247 672 1533 728 decideret.
1559 674 1646 727 Illa
1676 689 1802 727 vero
1824 673 1894 726 ob
1918 673 2030 728 haec

456 764 646 826 la-tior,
677 774 730 817 et
765 764 961 832 gratias
991 764 1097 816 Deo
1119 779 1303 833 agens,
1348 764 1471 817 talia
1502 765 1807 833 Imperatori
1839 780 2030 819 renun-

454 853 603 906 tiavit
644 869 657 905 :
711 852 1025 921 Imperatori
1066 853 1296 906 debitam
1349 864 1403 906 et
1445 868 1731 923 congruam
1779 855 2031 924 episc0pn

452 948 700 1001 virtutem
732 947 782 1001 in
824 962 909 1001 me
934 946 1189 1001 humilem
1236 947 1544 1009 exhibuisti.
1584 945 1835 1011 domine;
1878 963 2029 1000 man-

449 1038 584 1093 dans
606 1054 765 1108 grave
790 1055 925 1092 onus
955 1055 1132 1092 meum
1169 1038 1444 1103 custodiri,
1474 1041 1627 1108 cujus
1650 1054 1831 1093 curam
1869 1039 2031 1094 habe-

449 1128 593 1196 bam,
617 1140 674 1183 ut
696 1130 1176 1184 administraretur.
1201 1130 1368 1199 Majus
1394 1138 1569 1183 autem
1598 1129 1807 1195 feceris,
1831 1131 1873 1183 si
1902 1129 2027 1183 illud

448 1221 770 1289 pauperibus
800 1230 854 1274 et
897 1220 1153 1275 Eeelesiis
1179 1221 1424 1275 distribui
1460 1220 1702 1289 jusseris.
1747 1220 1859 1289 Ego
1886 1223 2026 1275 enim

448 1311 552 1381 jam
579 1313 776 1366 dudum
808 1329 996 1367 vanam
1024 1313 1246 1382 gloriam
1274 1330 1340 1368 ex
1366 1314 1627 1382 ejusmodi
1655 1314 2028 1369 distributione

447 1402 728 1469 deprecata
756 1418 894 1465 sum,
929 1417 996 1456 ne
1026 1403 1351 1472 negligerem
1386 1403 1578 1456 anima:
1605 1403 1835 1469 divitias,
1866 1404 2027 1457 rebus

449 1494 674 1548 terrenis
697 1494 966 1561 implicita.
1002 1493 1188 1563 Itaque
1216 1493 1551 1563 postmodum
1573 1509 1816 1548 reversus
1836 1510 1864 1547 a
1887 1495 2026 1549 bello

446 1583 701 1638 adversus
728 1585 1031 1651 Maximum,
1056 1584 1215 1653 jussit
1237 1600 1351 1638 eam
1379 1585 1636 1638 bonorum
1667 1599 1884 1639 suorum
1924 1602 2024 1655 po-

447 1682 689 1728 testatem
739 1673 958 1739 habere,
1009 1675 1187 1729 audita
1226 1676 1433 1730 virtutis
1476 1675 1591 1743 ejus
1641 1677 2020 1745 magnitudine.

447 1768 597 1823 Duc.
627 1769 811 1824 Merito
840 1786 968 1839 ergo
993 1786 1109 1825 eam
1142 1770 1436 1826 honorabat
1465 1771 1716 1835 Joannes,
1745 1791 1862 1842 qua:
1889 1772 2025 1829 hanc

446 1860 567 1913 vita:
596 1863 829 1930 regulam
858 1862 1124 1916 servabat.
1151 1862 1329 1917 Ense.
1356 1863 1599 1917 Abstinet
1618 1874 1791 1917 autem
1822 1865 1889 1919 ab
1910 1866 2026 1918 ani-

445 1953 621 2018 matis,
645 1962 699 2006 et
726 1954 897 2007 rarius
926 1953 1118 2007 balneo
1145 1955 1327 2007 utitur.
1358 1951 1413 2008 Si
1439 1962 1613 2007 autem
1638 1964 1852 2023 propter
1874 1954 2023 2008 inﬁr-

444 2043 680 2097 mitatem
708 2044 871 2097 utitur
909 2044 1055 2114 (nam
1084 2043 1282 2113 smpius
1313 2043 1587 2097 stomacho
1616 2043 1868 2114 laborat),
1900 2060 2022 2098 cum

444 2137 621 2190 tunica
649 2136 699 2189 in
727 2152 914 2206 aquam
937 2137 1232 2203 descendit,
1251 2152 1309 2191 se
1329 2152 1537 2206 quoque
1564 2138 1752 2206 ipsam,
1774 2147 1832 2192 ut
1853 2137 2018 2203 aiunt,

444 2230 694 2284 reverita.
742 2230 890 2284 Due.
938 2230 1137 2284 Dicitur
1182 2230 1341 2283 etiam
1392 2229 1503 2297 ipsa
1546 2230 1770 2283 multum
1807 2243 2023 2284 curasse

445 2323 659 2376 beatum
688 2320 967 2375 Joannem.
1001 2321 1176 2375 Ense.
1202 2320 1402 2389 Ecquid
1430 2320 1646 2389 dignum
1674 2320 1789 2387 ejus
1827 2320 2021 2374 virtute

444 2414 499 2466 in
537 2429 657 2466 eum
688 2411 975 2482 prasslitit?
1006 2412 1109 2465 nisi
1135 2411 1273 2481 quod
1305 2426 1407 2463 non
1439 2411 1678 2479 permisit
1714 2410 2022 2479 quotidiano

443 2518 561 2555 eum
592 2502 711 2555 cibo
752 2501 974 2555 distrahi
1021 2519 1035 2554 :
1078 2501 1219 2569 quod
1258 2501 1472 2571 quidem
1502 2502 1779 2554 minimum
1808 2516 1912 2554 non
1941 2510 2023 2555 est

442 2592 635 2647 Christi
663 2594 940 2663 operariis,
984 2592 1217 2646 interdiu
1247 2601 1511 2661 noctuque
1536 2592 1603 2646 de
1630 2592 1789 2645 rebus
1821 2592 2020 2646 Christi

443 2685 706 2739 sollicitis.
753 2684 1013 2738 Similiter
1056 2683 1272 2749 Paulus,
1317 2682 1552 2737 salutans
1582 2682 1875 2748 Persidem,
1902 2698 2021 2752 qua:

444 2776 542 2845 ipsi
576 2777 779 2831 fortean
803 2791 905 2829 non
929 2774 1187 2829 dissimile
1212 2773 1559 2829 ministerium
1586 2775 1838 2843 prmbuit:
1864 2774 2022 2828 Salu-

442 2878 561 2931 tate,
585 2866 777 2936 inquit,
817 2866 1048 2920 dilectam
1071 2864 1330 2918 Persidem
1350 2906 1365 2930 ,
1406 2880 1519 2932 qua?
1540 2865 1749 2917 multum
1778 2864 2020 2918 laboravit

440 2959 494 3013 in
542 2959 755 3011 Domino
788 2957 960 3029 (Rom.
982 2957 1069 3010 16.
1095 2956 1205 3019 12).
1256 2954 1442 3008 Omnes
1484 2955 1616 3007 enim
1644 2972 1758 3026 qua:
1783 2972 1877 3009 sua
1902 2967 2020 3009 sunt

439 3059 692 3119 quteruut,
735 3058 779 3102 et
806 3065 907 3101 non
945 3063 1057 3115 qua:
1085 3047 1269 3101 Christi
1306 3045 1561 3117 (Philipp.
1590 3046 1645 3099 2.
1680 3046 1792 3115 21).
1822 3047 1944 3101 Scio
1968 3058 2021 3101 et

440 3142 652 3196 beatum
672 3140 973 3195 Nectarium
1004 3141 1123 3209 plus
1156 3155 1272 3193 eam
1298 3137 1545 3204 coluisse,
1580 3140 1647 3191 ita
1676 3148 1732 3193 ut
1767 3141 1818 3193 in
1848 3142 2019 3195 eccle-

440 3234 671 3288 siasticis
701 3234 859 3286 rebus
885 3232 933 3286 ei
961 3230 1373 3299 obtemperaret.
1407 3229 1631 3285 Sanetos
1648 3246 1777 3285 vero
1801 3231 2021 3299 Amphi-

440 3324 670 3378 lochium
700 3334 752 3376 et
782 3321 1050 3391 Optimum
1079 3331 1133 3375 et
1175 3321 1487 3391 Gregorium
1517 3336 1581 3376 ac
1623 3320 1858 3388 Petrum,
1904 3321 2018 3375 fra-

439 3426 573 3472 trem
622 3415 823 3479 Basilii,
868 3426 1027 3484 atque
1075 3413 1449 3482 Epiphaniam,
1498 3411 1657 3483 Cypri
1688 3413 2014 3482 episcopum,

439 3510 564 3579 quid
611 3510 799 3563 attinet
824 3507 1023 3573 dicere,
1077 3507 1265 3575 quibus
1293 3520 1539 3575 agrorum
1572 3507 1937 3574 possessiones
1964 3514 2019 3559 et

439 3601 691 3672 pecunias
740 3599 991 3653 dederit?
1030 3598 1288 3651 Moriente
1337 3606 1513 3649 autem
1561 3596 2017 3665 Constantinopoli

440 3690 671 3761 Optimo,
694 3691 808 3758 ejus
837 3690 997 3743 etiam
1024 3688 1209 3743 oculos
1235 3688 1478 3741 manibus
1506 3688 1618 3741 suis
1642 3687 1852 3740 clausit.
1876 3687 2018 3741 Prm-

440 3793 584 3839 terea
617 3781 944 3836 miserabiles
970 3794 1179 3850 quoque
1206 3779 1324 3832 illos
1359 3793 1465 3831 non
1500 3778 1839 3832 mediocriter
1864 3778 2018 3833 refri-

439 3875 640 3943 geravit
668 3874 718 3926 in
742 3872 1009 3937 omnibus,
1044 3870 1388 3934 Antiochum,
1417 3870 1668 3923 Acacium
1696 3879 1751 3924 et
1774 3868 2019 3924 Severia-

441 3980 603 4031 num;
628 3973 810 4031 atque,
849 3970 908 4017 ut
931 3977 1038 4017 uno
1061 3960 1226 4015 verbo
1249 3977 1314 4014 ex
1345 3968 1493 4030 parte
1521 3961 1865 4029 complectar,
1896 3977 2013 4015 om-

441 4073 538 4112 nes
565 4057 968 4127 peregrinantes
993 4054 1238 4117 clericos,
1275 4062 1329 4107 et
1350 4054 1732 4106 monachorum
1760 4068 1823 4107 ac
1857 4054 2017 4123 virgi-

441 4164 567 4202 num
612 4147 869 4201 inﬁnitam
910 4144 1321 4199 multitudinem.
1352 4143 1587 4199 Joannes
1612 4153 1810 4209 tamen,
1836 4154 2016 4213 utpote

441 4243 636 4296 missus
664 4242 750 4310 qui
778 4239 1022 4308 exemplo
1051 4246 1214 4300 esset,
1245 4246 1302 4290 ut
1329 4237 1397 4290 ita
1428 4236 1623 4299 dicam,
1656 4237 1891 4290 venturis
1912 4237 2013 4305 epi-

441 4333 635 4400 scopis,
655 4331 922 4401 quomodo
942 4330 1119 4383 vivere
1132 4327 1380 4392 debeant,
1400 4325 1709 4381 decreverat
1724 4328 2014 4381 secundum

442 4424 679 4486 Paulum,
713 4422 821 4475 suis
849 4418 1126 4489 stipendiis
1161 4419 1453 4487 praedicare
1481 4417 1846 4487 paenitentiam
1882 4436 1894 4471 :
1937 4418 2016 4470 ni-

439 4514 512 4567 hil
560 4512 1037 4566 ecclesiasticarum
1082 4525 1259 4563 rerum
1298 4510 1563 4577 attingens
1590 4548 1605 4572 ,
1650 4508 2012 4579 quotidianum

437 4603 714 4657 dumtaxat
753 4604 927 4657 cibum
962 4602 1225 4665 sumebat,
1260 4601 1416 4653 talem
1462 4614 1674 4668 semper
1714 4615 1893 4653 curam
1930 4601 2013 4653 l'u-

438 4695 607 4762 giens.
637 4694 799 4747 Aiunt
823 4700 999 4746 autem
1022 4691 1338 4745 verecundia
1370 4689 1506 4744 afﬁci
1538 4691 1729 4753 visum,
1754 4690 1878 4744 dum
1901 4706 2015 4744 sen-

438 4786 575 4840 sibili
599 4793 904 4839 vcsceretur
929 4783 1069 4837 cibo.
1092 4781 1548 4848 Quemadmodum
1572 4782 1714 4835 enim
1745 4782 1795 4834 in
1819 4782 2010 4850 pomis,

437 4892 560 4930 cum
583 4892 645 4930 ea
666 4874 731 4929 ad
753 4889 1012 4929 summam
1035 4875 1370 4942 pervenerint
1389 4874 1769 4939 maturitatem,
1791 4875 1841 4928 in
1866 4890 2015 4929 ramo

439 4979 753 5035 permanere
770 4979 876 5017 non
901 4965 1184 5027 sustinent,
1213 4963 1410 5017 domini
1456 4979 1670 5017 manum
1707 4966 1974 5034 poscentia
1998 4984 2010 5019 :

440 5059 517 5111 sic
542 5066 597 5110 et
622 5056 672 5108 in
702 5056 919 5118 sanctis,
943 5070 1061 5108 eum
1089 5070 1247 5123 supra
1278 5055 1492 5108 modum
1516 5056 1808 5110 caelestium
1834 5073 2014 5110 rerum

440 5148 833 5220 pulchritudine
858 5148 995 5216 capti
1030 5156 1172 5213 sunt,
1201 5156 1325 5202 ante
1352 5147 1626 5202 deﬁnitum
1665 5149 1787 5202 vita:
1814 5150 2011 5204 exitum

440 5241 542 5295 frui
565 5239 825 5309 promissa
852 5237 1177 5292 beatitudine
1198 5238 1463 5292 festinant.
1494 5238 1585 5293 Sic
1603 5249 1657 5293 et
1681 5240 1733 5293 in
1761 5238 2014 5295 berilibus

441 5330 689 5399 parvulis.
719 5327 798 5381 Illi
834 5329 975 5381 enim
1002 5342 1144 5397 saepe
1168 5328 1401 5382 crustula
1430 5339 1819 5398 exspectantes,
1848 5345 2012 5400 appo-

440 5422 572 5475 sitos
617 5421 766 5475 cibos
810 5435 916 5474 non
946 5430 1182 5489 tangunt,
1214 5421 1608 5489 appetitumqne
1642 5422 1910 5489 cohibent,
1958 5434 2016 5477 ut

438 5524 744 5585 exspectata
791 5512 1069 5567 dulcedine
1110 5521 1431 5566 saturentur.
1484 5514 1786 5581 Aguoscent
1834 5524 2011 5568 autem

441 5604 540 5660 bos
567 5620 862 5671 sermones,
894 5606 982 5674 qui
1013 5604 1199 5658 iisdem
1231 5604 1466 5674 vestigiis
1494 5606 1614 5659 vita:
1655 5606 1906 5675 spiritalis
1933 5607 2017 5661 in-

439 5697 652 5751 sistunt.
691 5695 902 5750 Verbum
933 5698 1072 5751 enim
1097 5697 1300 5765 sapiens
1325 5697 1367 5750 si
1396 5698 1612 5750 audierit
1637 5699 1790 5765 scius,
1828 5701 2009 5755 lauda-

444 5791 510 5842 bit
532 5790 679 5857 illud,
712 5799 755 5844 et
778 5790 845 5843 ad
865 5806 917 5845 se
945 5789 1146 5860 adjiciet
1175 5787 1355 5859 (Eccli.
1382 5787 1469 5843 21.
1498 5788 1607 5861 18).

2211 494 2338 550 CAP.
2378 511 2524 552 xvin.
2547 530 2619 540 —
2640 502 2786 559 Duc.
2815 505 3125 568 Consolatus
3150 528 3210 569 es
3252 533 3371 587 me,
3410 531 3713 583 venerando

2135 584 2313 651 Pater,
2330 590 2417 657 qui
2438 591 2564 644 mihi
2586 605 2828 650 accurate
2845 605 3159 668 narraveris,
3176 618 3222 661 et
3238 584 3420 665 eadem
3439 629 3556 682 qum
3575 618 3710 674 fama

2136 675 2461 779 vulgaverat,
2486 684 2648 749 gratia
2666 688 2887 754 quadam
2910 692 3196 750 condieris.
3224 699 3336 755 Hoc
3361 675 3539 761 autem
3567 707 3709 779 dico,

2138 767 2265 872 nihil
2295 775 2443 872 operi
2473 774 2725 833 Ecclesia:
2752 782 2984 840 futurum
3030 789 3191 846 fuisse
3216 794 3408 851 victum
3431 800 3664 872 episcopi

2136 861 2178 912 si
2211 862 2276 915 ab
2303 862 2537 920 Ecclesia
2561 884 2681 924 eum
2713 878 3002 946 accepisset
3037 881 3219 937 beatus
3246 861 3512 958 Joannes,
3535 861 3708 964 jurita,

2134 966 2252 1004 eum
2278 956 2368 1022 qui
2395 956 2522 1011 dicit
2551 979 2565 1013 :
2599 960 2795 1032 Dignus
2831 966 2973 1021 enim
3017 978 3090 1023 est
3134 978 3397 1041 operarius
3447 956 3557 1038 cibo
3614 956 3707 1040 suo

2140 1047 2371 1118 (Matth.
2414 1053 2500 1106 10.
2554 1057 2658 1122 10;
2709 1060 2733 1112 1
2770 1059 2908 1115 Tim.
2944 1062 2994 1115 5.
3035 1062 3153 1133 18);
3192 1071 3247 1120 et
3303 1081 3540 1122 rursus:
3586 1071 3719 1136 Quis

2134 1141 2300 1232 pascit
2330 1160 2554 1213 gregem,
2576 1158 2625 1201 et
2662 1148 2726 1203 de
2764 1151 2897 1205 lacte
2919 1154 3090 1223 gregis
3110 1172 3216 1209 non
3244 1162 3529 1214 manduca:
3548 1164 3574 1217 Ρ
3599 1165 3716 1232 quis

2134 1231 2576 1326 plantatvineam,
2598 1240 2724 1295 etde
2740 1242 2919 1311 [ructu
2934 1244 3048 1313 ejus
3066 1262 3169 1299 non
3186 1246 3333 1305 edit?
3354 1251 3398 1321 (1
3428 1250 3555 1309 Cor.
3659 1258 3712 1326 7)

2132 1319 2328 1377 Nonne
2347 1324 2478 1392 haec,
2496 1337 2548 1382 et
2572 1332 2739 1385 multa
2755 1334 2857 1387 alia
2882 1334 3177 1405 Scriptura:
3189 1348 3318 1394 sunt
3332 1319 3553 1397 ?Eptsc.
3574 1319 3712 1401 Con-

2134 1427 2265 1509 grue
2286 1415 2506 1484 quidem
2521 1426 2575 1473 et
2590 1423 2866 1492 sapienter
2884 1426 3102 1483 locutus
3124 1445 3206 1497 es,
3232 1447 3265 1485 ο
3285 1430 3604 1491 Theodore:
3631 1439 3710 1492 di-

2131 1507 2236 1553 etis
2258 1511 2435 1557 autem
2454 1508 2634 1563 verbis
2650 1511 2785 1567 adde
2808 1522 2859 1566 et
2884 1520 3188 1585 sequentia.
3212 1520 3348 1575 Cum
3372 1526 3517 1579 enim
3548 1543 3705 1582 sacra

2129 1590 2215 1646 lex
2242 1595 2441 1689 tribuat
2472 1597 2807 1669 facultatem,
2841 1616 2899 1661 ut
2924 1611 3014 1678 qui
3038 1626 3195 1667 sacra
3227 1614 3459 1682 faciunt,
3495 1636 3616 1689 qua:
3638 1622 3707 1679 de

2128 1685 2372 1739 sacrario
2389 1690 2986 1765 suntedant,majorum
3004 1699 3273 1757 bonorum
3291 1706 3483 1761 avidus
3503 1685 3704 1767 Daulus

2280 1769 2608 1877 additiNon
2638 1795 2755 1877 usus
2781 1798 2894 1836 sum
2937 1786 3031 1839 hac
3052 1801 3293 1857 potestate
3324 1797 3441 1868 (Ib.
3474 1813 3524 1855 υ.
3560 1804 3624 1858 12
3649 1808 3706 1877 ),

2130 1858 2588 1965 irrcorporalihus,
2622 1880 2677 1922 ut
2702 1874 2972 1945 Evangelii
3006 1882 3272 1955 particeps
3300 1858 3418 1943 liam
3463 1894 3512 1947 in
3543 1858 3699 1965 spiri:

2132 1950 2362 2050 talibus,
2404 1970 2472 2010 ne
2493 1958 2867 2018 oﬂ'endiculum
2896 1983 3067 2024 essem
3104 1950 3324 2031 infirmis
3344 2021 3358 2044 ,
3385 1982 3533 2050 juxta
3572 1950 3702 2042 eum

2128 2040 2367 2143 quidicit
2384 2061 2403 2143 ε.
2430 2045 2493 2099 Si
2520 2048 2651 2101 enim
2673 2054 2783 2121 quis
2823 2057 3002 2110 viderit
3029 2069 3095 2125 te,
3127 2067 3213 2133 qui
3239 2040 3696 2143 habes-scientiam,

2128 2131 2181 2232 in
2195 2131 2515 2235 infirmitate
2533 2140 2803 2211 jacentem,
2831 2164 2995 2204 nonne
3035 2158 3337 2212 conscientia
3362 2163 3491 2232 ejus,
3530 2168 3618 2235 qui
3639 2131 3702 2222 sit

2126 2221 2772 2327 inﬁrmusuardiﬁcabitur
2819 2238 2883 2290 ad
2915 2240 3223 2300 imitandum
3272 2221 3490 2305 inﬁrma
3526 2221 3698 2327 (Ibid.

2127 2311 2182 2365 8.
2216 2314 2362 2385 10)?
2402 2315 2456 2372 Si
2478 2324 2638 2417 ‘enim
2684 2340 2771 2380 res
2809 2326 2861 2381 in
2903 2332 3056 2386 nobis
3092 2336 3378 2407 sisterent,
3424 2311 3702 2417 nullusque

2125 2415 2248 2503 post
2285 2420 2384 2461 nos
2428 2409 2494 2464 ad
2522 2416 2699 2482 populi
2725 2431 2905 2473 curam
2945 2436 3288 2485 successurus
3318 2431 3453 2489 foret
3474 2478 3490 2503 ,
3521 2409 3702 2496 dicere

2127 2494 2309 2590 liceret
2336 2505 2577 2569 peccanti
2604 2523 2617 2560 :
2649 2507 2899 2568 Vivamus
2920 2554 2936 2579 ,
2968 2526 3025 2569 ut
3052 2519 3255 2589 placet,
3285 2534 3339 2579 et
3362 2494 3701 2590 smcularibus

2138 2587 2298 2686 rebus
2325 2591 2706 2663 indulgeamus.
2734 2601 2993 2668 Quoniam
3024 2619 3198 2664 autem
3228 2587 3314 2683 qui
3348 2628 3466 2686 post
3492 2636 3589 2676 nos
3619 2587 3700 2677 fu;

2129 2679 2228 2731 turi
2258 2691 2401 2744 sunt,
2432 2686 2582 2740 nobis
2612 2698 2669 2742 ut
2707 2696 2970 2761 magistris
2999 2679 3437 2777 utentur,‘leg.em
3461 2722 3696 2770 nostram

2124 2777 2179 2821 et
2198 2775 2630 2831 consuetudinem
2662 2781 2759 2836 sibi
2799 2799 3156 2854 proponeutes
3193 2813 3207 2849 :
3258 2775 3361 2852 non
3392 2803 3547 2858 nobis
3571 2806 3700 2874 ipsis

2125 2867 2326 2914 tantum
2354 2864 2530 2921 vivere
2556 2884 2772 2927 necesse
2795 2888 2896 2943 est,
2922 2880 3013 2933 sed
3044 2883 3093 2937 ei
3120 2888 3205 2954 qui
3240 2905 3334 2956 pro
3365 2893 3518 2949 nobis
3546 2864 3692 2952 aior-

2125 2958 2248 3044 tuus
2286 2963 2368 3007 est
2397 2965 2450 3009 et
2478 2965 2798 3032 resurrexit,
2823 2978 2980 3037 atque
3016 2976 3192 3043 populi
3223 2978 3577 3041 inﬁrmitatem
3606 3005 3697 3044 ro-

2124 3040 2374 3149 borantes
2397 3052 2640 3119 exemplo
2667 3067 2846 3112 nostro
2866 3061 2928 3113 ad
2950 3040 3410 3133 temporautitirem
3437 3086 3490 3129 et
3520 3040 3697 3149 fruga-

2124 3134 2308 3190 liorem
2349 3140 2508 3193 vitam
2535 3143 2816 3214 adducere,
2842 3167 2939 3206 nos
2970 3154 3111 3222 ipsos
3136 3162 3517 3233 corripientes,
3544 3134 3693 3237 juiita

2124 3241 2246 3281 eum
2291 3232 2380 3299 qui
2428 3234 2586 3290 dicit:
2619 3237 2744 3303 Quis
2789 3252 2861 3295 est
2903 3245 3051 3300 homo
3087 3252 3172 3319 qui
3214 3254 3351 3307 timet
3379 3232 3701 3316 Dominum!

2128 3320 2296 3424 legent
2326 3329 2600 3424 statuet-ei
2626 3330 2684 3424 in
2711 3332 2818 3424 eia,
2846 3352 2994 3404 quant
3036 3340 3182 3411 elegit
3219 3346 3235 3412 (
3264 3344 3408 3401 Psul.
3451 3352 3539 3404 24.
3575 3354 3693 3424 12).

2123 3409 2253 3464 Nam
2283 3418 2579 3473 temerariis
2597 3422 2809 3489 quidem
2840 3436 2893 3479 et
2919 3409 3307 3488 miserabilibus
3330 3409 3694 3507 imprudenter

2122 3506 2463 3571 peccantibus
2507 3511 2677 3581 legem
2720 3518 2867 3583 ponit
2904 3519 3187 3589 Dominus,
3235 3506 3697 3596 quasirservitutis

2124 3597 2363 3662 Spiritum
2389 3604 2709 3671 amantibus,
2733 3607 2879 3674 juxta
2910 3614 3235 3681 psalmistam
3259 3621 3507 3678 Davidem
3541 3645 3553 3681 :
3593 3628 3695 3684 Le-

2123 3702 2244 3787 gem.
2276 3689 2415 3742 dabit
2468 3691 2713 3751 Dominus
2752 3700 3150 3771 delinquentibus
3194 3712 3245 3764 in
3289 3717 3372 3767 via
3408 3717 3567 3784 (Ibid.
3597 3722 3691 3790 8):

2124 3789 2303 3872 puniet
2327 3790 2504 3836 autem
2532 3793 2968 3858 transgressores.
3007 3796 3196 3854 Verum
3223 3804 3397 3872 justus
3417 3789 3692 3867 mensuras

2120 3871 2330 3970 servilis
2358 3875 2488 3944 legis
2512 3894 2920 3970 supergressus,
2948 3890 3068 3958 quia
3099 3871 3265 3965 diligit
3293 3900 3593 3970 Dominum,
3624 3909 3690 3960 ad

2122 3958 2468 4062 hereditatem
2496 3968 2796 4062 adoptionis
2823 3974 3079 4035 festinans
3101 4024 3116 4047 ,
3153 3958 3251 4040 sibi
3284 3988 3382 4058 ipsi
3422 3958 3692 4062 legislator

2121 4060 2233 4142 est:
2264 4056 2433 4123 qualis
2472 4060 2739 4129 eratJob,
2781 4067 2868 4135 qui
2894 4068 3120 4126 faciebat
3162 4056 3319 4131 simul
3351 4090 3403 4135 et
3444 4056 3692 4142 dicebat:

2122 4140 2308 4239 Repigi
2325 4146 2490 4215 [trdus
2519 4166 2632 4203 cum
2659 4156 2818 4208 oculis
2847 4160 2987 4224 meis,
3026 4172 3073 4215 et
3113 4181 3212 4219 non
3240 4171 3466 4239 cogitabo
3506 4174 3569 4228 de
3596 4140 3697 4231 vir;

2120 4234 2235 4303 giae
2285 4236 2416 4306 (Job
2458 4241 2679 4313 51.1).
2725 4246 2999 4314 Quodnam
3041 4265 3218 4311 autem
3263 4234 3377 4315 erat
3420 4264 3549 4319 illud
3594 4268 3695 4323 fte-

2120 4326 2239 4391 dus,
2269 4344 2382 4394 eos,
2405 4334 2492 4399 qui
2526 4334 2805 4392 inordinati
2827 4353 3023 4409 essent,
3054 4347 3117 4399 ad
3140 4351 3504 4409 castimoniam
3531 4360 3695 4415 abdu-

2119 4420 2287 4472 cere?
2312 4420 2568 4477 Similiter
2592 4426 2719 4480 dicit
2743 4429 2935 4484 David:
2964 4433 3162 4502 Juravi,
3194 4452 3241 4492 et
3267 4446 3420 4497 statui
3441 4451 3693 4505 custodire

2112 4508 2322 4609 judicia
2341 4513 2559 4581 justitiw
2594 4526 2693 4609 tua:
2720 4517 2901 4590 (Psal.
2942 4524 3069 4579 118.
3112 4528 3245 4601 106)
3274 4547 3288 4598 ;
3324 4548 3443 4588 cum
3493 4552 3707 4609 anceps'

2120 4610 2173 4652 et
2199 4600 2416 4655 dubium
2456 4608 2651 4660 mentis
2681 4613 3008 4679 propositum
3040 4600 3346 4683 juramento
3382 4600 3693 4684 adstrinxis-

2255 4692 2487 4759 Quorum
2525 4708 2730 4765 patrum
2759 4701 2993 4758 imitator
3025 4706 3259 4767 Joannes
3280 4754 3295 4779 ,
3346 4726 3406 4769 ut
3426 4717 3693 4787 legitimus

2120 4781 2261 4883 filius
2283 4824 2298 4850 ,
2326 4800 2433 4839 non
2461 4798 2635 4842 autem
2665 4794 2875 4860 spurius
2900 4837 2915 4861 ,
2943 4807 3330 4865 putrescentem
3360 4781 3516 4865 variis
3538 4818 3689 4883 cupi-

2118 4871 2368 4929 ditatibus
2411 4876 2683 4934 hominum
2748 4898 2963 4954 gregem
3027 4904 3217 4947 sanare
3264 4894 3574 4956 desiderans
3606 4871 3687 4960 ⁵ιιι]

2118 4964 2317 5059 arctius
2355 4969 2476 5022 vita:
2516 4986 2703 5040 genus,
2734 4978 2814 5030 sui
2848 4978 3010 5047 judex
3040 4992 3093 5037 et
3122 4985 3391 5055 legislator
3417 4991 3529 5059 fuit,
3561 5010 3691 5052 con-

2119 5057 2279 5110 stanti
2312 5063 2581 5130 proposito
2610 5079 2668 5120 se
2710 5069 2987 5139 roborans,
3029 5088 3059 5127 a
3086 5080 3341 5135 conviviis
3382 5093 3436 5139 et
3460 5057 3692 5146 conven-

2121 5148 2260 5202 tibus
2304 5150 2594 5209 facetorum
2619 5198 2634 5223 ,
2662 5159 3001 5218 ridiculorum
3026 5206 3042 5230 ,
3067 5180 3367 5227 scurrarum
3397 5179 3652 5235 recedens
3673 5224 3688 5246 ,

2120 5242 2315 5297 mentis
2359 5260 2471 5299 sua:
2509 5250 2718 5304 oculum
2763 5255 2983 5321 spiritali
3010 5268 3274 5325 armatura
3306 5269 3579 5335 muniens,
3620 5242 3686 5328 ne

2121 5347 2215 5402 per
2260 5336 2444 5404 epulas
2489 5348 2544 5393 et
2601 5341 3001 5413 intempestivos
3063 5364 3338 5410 sermones
3393 5358 3688 5429 ingressum

2121 5434 2268 5521 nacta
2300 5428 2542 5480 vecordia
2568 5470 2583 5494 ,
2615 5433 2979 5489 castimoniam
3010 5438 3232 5508 deleret,
3260 5444 3409 5513 juxta
3450 5428 3569 5504 eum
3602 5456 3690 5521 qui

2119 5515 2277 5569 dicit:
2307 5516 2644 5589 Corrumpunt
2670 5524 2822 5578 bonos
2846 5543 3006 5583 mores
3029 5532 3275 5603 colloquia
3303 5554 3459 5606 prava
3479 5542 3527 5607 (1
3544 5582 3554 5593 .
3571 5515 3688 5599 Cbr.

2120 5608 2209 5663 15.
2236 5608 2368 5705 55).
2395 5611 2517 5705 Ideo
2540 5615 2743 5670 insidiis
2766 5622 3029 5689 appetitus
3050 5633 3163 5680 est:
3194 5630 3369 5697 gravis
3397 5635 3537 5688 enim
3564 5638 3693 5705 ipsis

2119 5709 2252 5766 erat,
2282 5702 2371 5772 qui
2398 5703 2617 5772 luceret,
2652 5719 2709 5762 ut
2734 5709 2945 5766 lucerna
2973 5715 3311 5785 lippientibus
3338 5725 3523 5784 oculs.
3549 5702 3701 5785 Talis

2125 5802 2238 5847 erat
2271 5795 2577 5853 misericors
2602 5798 2881 5872 Jcrcniias,
2912 5807 2999 5875 qui
3033 5808 3325 5881 principum
3357 5824 3407 5869 et
3446 5821 3692 5875 sacerdo-
