4122 6386
375 348 446 404 63
1613 338 1932 395 PALLADII
1975 336 2308 395 DI.\LOCUS
3564 337 3633 392 αι

377 469 485 511 tum
508 456 926 513 incredulitatem
957 455 1209 529 lacrymis
1245 455 1506 526 deplorat,
1535 464 1587 509 et
1615 455 1794 509 addit:
1826 454 1951 518 Quis

375 550 512 603 dabit
541 551 691 618 capiti
714 567 820 603 meo
845 566 1049 619 aquam,
1073 559 1223 616 atque
1247 547 1406 602 oculis
1431 548 1552 600 meis
1573 551 1756 617 fontem
1788 546 1952 615 lacry-

375 644 604 695 nsarum."
625 652 672 695 et
702 642 907 712 plorabo
928 642 1009 694 die
1036 658 1095 694 ac
1116 651 1258 693 nocte
1277 641 1519 709 populum
1540 654 1725 692 meum:
1747 654 1947 702 rursus,

378 732 506 797 Quis
534 733 673 795 dabit
702 733 825 786 mihi
847 734 897 787 in
922 731 1195 787 solitudine
1215 731 1542 783 diversorium
1581 729 1862 783 ultimum?
1906 739 1953 782 et

377 825 723 895 derelinquam
766 826 1010 895 populum
1048 842 1215 879 meum
1238 867 1252 888 ,
1297 835 1342 879 et
1366 824 1596 879 recedam
1623 823 1684 877 ab
1719 824 1808 890 eis,
1837 825 1954 890 quia

377 931 547 970 omnes
584 916 802 970 adulteri
838 926 951 970 sunt
982 916 1119 988 (Ier.
1156 916 1211 972 9.
1245 918 1298 976 1,
1325 916 1360 970 2
1383 916 1436 988 );
1483 924 1679 971 caelum
1706 914 1955 983 praevari-

377 1016 616 1060 catorum
636 1016 956 1061 conventum
982 1007 1263 1061 nominans
1292 1007 1541 1059 falsorum
1572 1004 1949 1074 prepltetarum

378 1112 440 1151 ac
459 1097 823 1161 sacerdotum;
859 1098 995 1153 sicut
1016 1098 1140 1153 alibi
1164 1099 1326 1152 Deum
1357 1097 1656 1166 alloquitur,
1686 1111 1790 1150 non
1813 1094 1954 1166 quod

384 1186 474 1240 ille
501 1188 746 1256 ignoret,
792 1188 884 1242 sed
933 1189 1069 1242 sicut
1100 1203 1198 1243 nos
1226 1204 1346 1241 eum
1390 1187 1581 1240 imitari
1629 1186 1952 1241 debeamus:

382 1275 614 1343 Domine,
643 1279 685 1332 si
714 1278 821 1332 sedi
858 1280 911 1332 in
937 1280 1151 1333 concilio
1179 1278 1480 1344 ludentium,
1513 1277 1602 1332 sed
1637 1277 1893 1331 reverebar
1924 1293 1957 1328 a

380 1369 515 1437 facie
538 1378 659 1422 tua:
684 1370 822 1424 solus
852 1370 1116 1436 sedebam,
1146 1370 1383 1439 quoniam
1429 1369 1764 1422 amaritudine
1792 1368 1957 1438 reple-

393 1470 471 1514 tus
499 1476 609 1513 sum
654 1459 804 1531 (Jer.
848 1461 936 1515 15.
992 1459 1110 1534 17).
1154 1461 1400 1515 Coosona
1449 1462 1529 1515 eis
1573 1462 1731 1514 etiam
1794 1460 1956 1515 David

389 1551 652 1620 loquitur:
680 1550 803 1605 Non
824 1552 931 1605 sedi
947 1569 1059 1605 cum
1079 1553 1289 1606 concilio
1314 1552 1566 1616 vanitatis,
1589 1561 1634 1605 ct
1657 1569 1769 1605 cum
1787 1553 1960 1621 iniqua

380 1640 662 1711 gerentibus
713 1658 814 1694 non
857 1643 1095 1696 introibo.
1136 1643 1288 1711 Quod
1335 1643 1606 1713 explicans
1645 1644 1822 1697 addit:
1854 1643 1955 1697 Odi

379 1731 636 1785 ecclesiam
661 1733 1064 1803 malignantium,
1091 1742 1136 1787 et
1160 1751 1273 1788 eum
1297 1734 1465 1804 impiis
1507 1751 1608 1789 non
1633 1735 1811 1788 sedebo
1834 1749 1853 1788 :
1879 1737 1961 1790 la-

356 1821 504 1876 ~vabo
538 1822 669 1876 inter
711 1823 998 1878 innocentes
1026 1841 1209 1879 manus
1246 1842 1382 1880 meas
1405 1866 1419 1889 ,
1477 1826 1577 1880 hoc
1596 1837 1679 1881 est
1700 1867 1716 1890 ,
1761 1826 1961 1881 activas

380 1912 685 1968 facultates:
717 1924 761 1967 et
798 1915 1118 1969 circumdabo
1145 1915 1306 1970 altare
1326 1927 1488 1983 tuum,
1516 1915 1737 1972 Domine
1775 1916 1960 1989 (Psal.

379 2006 469 2061 25.
513 2004 672 2076 4-6).
705 2006 804 2074 Qui
843 2018 1020 2062 autem
1064 2008 1242 2064 minus
1279 2008 1462 2064 altaris
1500 2024 1685 2064 curam
1724 2009 1958 2074 habent,

380 2108 435 2151 et
462 2097 511 2151 ei
540 2107 685 2168 terga
714 2108 945 2163 vertunt,
978 2115 1083 2156 non
1116 2101 1387 2170 proposito
1407 2143 1421 2165 ,
1451 2101 1545 2156 sed
1576 2103 1681 2155 vita
1709 2114 1825 2165 sua,
1852 2115 1961 2156 non

380 2188 553 2242 solum
591 2188 748 2244 illotis
798 2190 1042 2246 manibus
1083 2200 1138 2245 et
1173 2191 1596 2262 sanguinolentis
1619 2233 1634 2256 ,
1680 2207 1960 2247 munerum

382 2279 669 2335 donatione
691 2296 754 2335 ac
780 2283 1142 2351 perceptione,
1165 2293 1323 2352 atque
1349 2282 1494 2337 falsis
1513 2283 1961 2350 accusationibus,

384 2368 483 2423 sed
510 2370 781 2425 lutulentis
828 2372 1048 2439 pedibus
1077 2373 1414 2428 calcitrantes
1437 2414 1453 2441 ,
1483 2374 1611 2428 illud
1647 2374 1959 2428 concedant.

382 2460 460 2515 De
481 2461 671 2531 quibus
686 2462 927 2517 Ezechiel
952 2463 1204 2534 propheta
1228 2464 1641 2534 prmsignillcans
1657 2466 1731 2520 ait
1748 2464 1961 2537 (Ezech.

381 2549 435 2604 8.
478 2551 671 2621 7-17):
718 2551 1010 2607 Introduxit
1041 2571 1117 2607 me
1143 2554 1210 2607 ad
1245 2555 1542 2609 vestibulum
1574 2556 1712 2621 atrii,
1747 2564 1795 2609 et
1836 2556 1960 2623 vidi,

382 2649 430 2693 et
448 2656 559 2695 ecce
589 2645 815 2711 foramen
852 2660 1007 2697 unum
1027 2645 1077 2698 in
1095 2645 1305 2716 pariete.
1334 2645 1402 2699 Et
1445 2647 1574 2700 dixit
1599 2647 1666 2700 ad
1688 2663 1801 2700 me:
1828 2645 1962 2701 Per-

382 2729 520 2801 fode,
545 2731 622 2798 ﬁli
644 2733 878 2787 hominis.
906 2733 967 2787 Et
990 2735 1118 2805 fodi,
1141 2752 1201 2789 ac
1231 2736 1353 2801 vidi,
1382 2746 1429 2791 et
1453 2753 1562 2792 ecce
1582 2738 1763 2792 ostium
1783 2754 1958 2792 unum.

384 2819 451 2874 Iit
481 2822 609 2875 dixit
648 2823 716 2876 ad
746 2840 861 2879 me:
890 2823 1187 2896 Ingredere,
1222 2838 1268 2881 et
1293 2827 1406 2881 vide
1426 2828 1825 2883 abominationes
1848 2846 1962 2900 pes-

382 2913 557 2979 simas,
588 2929 713 2981 quas
731 2916 921 2985 faciunt
949 2917 1050 2969 hic.
1075 2916 1143 2970 Et
1165 2918 1420 2989 ingressus
1445 2936 1576 2987 sum,
1599 2930 1647 2975 et
1671 2937 1784 2975 ecce
1802 2923 1965 2976 omnis

380 3004 658 3058 similitudo
686 3008 879 3077 reptilis
905 3018 951 3061 et
974 3009 1222 3074 iumenti,
1273 3011 1489 3065 etidola
1517 3028 1649 3066 vana
1688 3012 1958 3067 abomina-

387 3095 570 3149 tiones.
593 3095 659 3150 Et
679 3097 808 3151 dixit
829 3099 988 3153 mihi:
1020 3099 1222 3165 Vidisti,
1246 3101 1325 3169 ﬁli
1347 3102 1586 3169 hominis,
1611 3119 1725 3174 qua:
1748 3104 1965 3158 seniores

382 3187 563 3244 domus
591 3187 760 3244 Israel
785 3191 978 3259 faciunt
1008 3193 1061 3245 in
1091 3193 1327 3259 tenebris,
1357 3194 1410 3247 in
1436 3194 1701 3260 cubiculo,
1730 3204 1963 3249 mentem

383 3279 632 3336 innuens.
675 3280 802 3335 Ideo
830 3283 1101 3338 dixerunt:
1130 3283 1253 3338 Non
1280 3285 1410 3338 videt
1453 3302 1544 3340 nos
1574 3284 1853 3342 Dominus:
1878 3287 1964 3341 de-

381 3368 582 3438 reliquit
618 3369 866 3425 Dominus
887 3381 1085 3427 terram.
1125 3373 1189 3427 Et
1219 3374 1348 3428 dixit
1381 3376 1449 3429 ad
1468 3392 1598 3430 'me:
1631 3376 1809 3431 Adhuc
1832 3378 1966 3432 vide-

384 3457 460 3512 bis
483 3460 876 3517 abominationes
901 3465 1140 3534 majores,
1174 3482 1301 3535 quas
1350 3468 1433 3520 isti
1460 3470 1675 3538 faciunt.
1701 3468 1771 3522 Et
1797 3470 1967 3524 intro-

383 3551 530 3605 duxit
555 3569 632 3606 me
672 3555 724 3608 in
748 3556 905 3608 alium
947 3556 1135 3623 locum,
1181 3568 1332 3627 atque
1357 3561 1571 3613 ostendit
1600 3562 1759 3615 mihi:
1785 3571 1833 3615 et
1857 3579 1968 3617 ecce

386 3641 456 3695 ibi
484 3645 715 3699 mulieres
738 3647 994 3715 sedebant,
1027 3649 1321 3720 plangentes
1352 3650 1622 3706 Thambos.
1652 3653 1719 3707 Et
1745 3670 1959 3710 rursus:

398 3733 694 3790 Introduxit
736 3754 815 3790 me
856 3740 907 3791 in
935 3739 1140 3793 domum
1170 3739 1376 3794 Domini
1421 3743 1708 3797 interiorem
1732 3760 1751 3798 :
1784 3755 1829 3799 et
1856 3762 1967 3800 ecce

387 3826 457 3879 ibi
484 3827 658 3897 viginti
699 3838 913 3898 quatuor
942 3829 1160 3884 seniores
1182 3871 1198 3896 ,
1226 3840 1271 3884 et
1301 3832 1457 3904 facies
1481 3849 1651 3886 eorum
1673 3873 1690 3899 ,
1730 3845 1777 3888 et
1813 3836 1968 3890 dorsa

385 3931 559 3969 eorum
582 3926 760 3969 contra
786 3918 964 3970 altare.
998 3918 1064 3972 Et
1095 3920 1223 3973 dixit
1248 3923 1316 3973 ad
1342 3938 1420 3975 me
1441 3939 1460 3976 :
1489 3921 1748 3993 Numquid
1767 3926 1870 3980 leve
1895 3938 1968 3980 est

387 4006 482 4059 hoc
508 4006 644 4073 quod
663 4006 784 4075 facit
810 4008 987 4063 domus
1015 4007 1223 4064 Israel?
1242 4011 1421 4066 Coacti
1453 4013 1648 4069 fuimus
1669 4015 1822 4085 hujus
1847 4032 1968 4087 pro-

387 4099 563 4170 pheta:
585 4101 798 4168 capituli
822 4104 1148 4169 meminisse,
1178 4116 1392 4173 propter
1416 4106 1852 4175 'unpudentiores,
1875 4109 1967 4178 qui

386 4206 448 4248 se
473 4208 592 4248 esse
616 4193 814 4263 aliquid
837 4204 1044 4263 putant,
1067 4205 1122 4251 et
1146 4197 1350 4266 seipsos
1369 4198 1695 4266 dementant,
1725 4215 1787 4256 ac
1805 4201 1970 4256 eccle-

385 4284 654 4339 siasticam
695 4299 877 4354 pacem
919 4286 1265 4356 perturbant:
1297 4303 1363 4343 eo
1409 4289 1551 4358 quod
1582 4298 1728 4361 terga
1757 4300 1968 4348 vertunt

389 4391 591 4431 mensae
614 4377 841 4441 Domini,
868 4376 1061 4440 Quibus
1080 4378 1337 4447 judicium
1358 4396 1459 4433 non
1481 4389 1665 4446 cessat,
1688 4390 1735 4435 et
1756 4383 1969 4452 perditio

385 4482 559 4519 eorum
600 4482 700 4519 non
737 4465 975 4519 dormitat
1019 4465 1093 4539 (2
1167 4466 1310 4521 Petr.
1363 4467 1416 4521 2.
1450 4470 1518 4539 5)
1562 4485 1578 4523 :
1623 4471 1711 4539 qui
1761 4483 1966 4526 terrena

389 4561 623 4627 sapiunt,
651 4558 717 4612 de
743 4559 934 4627 quibus
960 4557 1146 4625 Iudas,
1175 4558 1337 4614 frater
1362 4558 1569 4623 Jacobi,
1596 4562 1702 4616 ait:
1733 4560 1805 4614 Hi
1828 4573 1963 4628 sunt,

388 4652 476 4720 qui
520 4651 572 4704 in
602 4650 764 4720 epulis
793 4651 966 4703 vestris
1008 4650 1240 4715 maculat,
1271 4652 1586 4706 convivantes
1614 4653 1723 4706 sine
1750 4654 1928 4707 timore
1950 4695 1966 4719 ,

402 4742 693 4811 semetipsos
717 4752 1015 4813 pascentes:
1045 4742 1199 4795 nubes
1244 4743 1351 4796 sine
1392 4760 1523 4813 aqua
1543 4785 1558 4807 ,
1606 4761 1719 4813 qua
1754 4762 1785 4798 a
1813 4747 1969 4801 ventis

326 4822 349 4844 ’
396 4834 842 4905 circumferuntur:
870 4821 1055 4902 [luctus
1083 4834 1179 4903 feri
1223 4834 1400 4899 maris,
1447 4835 1807 4905 despumantes
1849 4854 1970 4891 suas

392 4925 750 4996 confusiones:
779 4924 946 4978 sidera
987 4926 1231 4986 errantia,
1258 4925 1438 4991 quibus
1466 4926 1630 4996 caligo
1659 4926 1970 4980 tenebrarum

392 5026 587 5069 servata
607 5024 679 5069 est
706 5016 759 5068 in
785 5026 1026 5069 internum
1071 5013 1247 5086 (ludat
1275 5031 1324 5069 υ.
1352 5014 1438 5069 12.
1470 5016 1591 5087 15).
1614 5015 1747 5072 Cum
1793 5029 1970 5072 autem

393 5109 549 5162 nubes
593 5109 701 5162 sine
733 5122 866 5179 aqua
902 5107 1151 5174 vocavit,
1202 5108 1393 5162 malam
1421 5123 1608 5163 eorum
1659 5111 1973 5181 significavit

393 5201 728 5273 grandinem,
755 5203 925 5256 vineae
951 5201 1340 5256 adversariam:
1371 5216 1489 5256 cum
1519 5203 1749 5257 errantia
1775 5204 1965 5269 sidera,

395 5295 613 5350 insidias
638 5296 791 5350 navis
815 5294 1136 5365 designavit:
1167 5309 1283 5363 qua:
1312 5293 1524 5360 quidem
1558 5295 1709 5349 navis
1734 5305 1790 5350 et
1817 5297 1971 5353 vinea

395 5386 634 5443 Ecclesia
658 5396 758 5441 est.
787 5385 1040 5453 Qurcnam
1083 5395 1261 5440 autem
1306 5385 1392 5440 illa
1424 5396 1546 5440 sunt
1565 5426 1580 5449 ,
1612 5401 1732 5457 qum
1759 5387 1879 5441 talia
1904 5405 1969 5444 es

392 5479 711 5535 necessitate
736 5478 1163 5547 subsequentur?
1201 5477 1338 5530 Audi
1369 5492 1553 5531 rursus
1590 5478 1835 5534 eumdem
1858 5495 1973 5549 pro-

396 5575 610 5644 phetam
651 5569 985 5626 Ezechielem
1016 5579 1357 5623 narrantem:
1393 5567 1458 5621 Et
1486 5570 1703 5623 ostenait
1742 5571 1886 5633 mihi,
1919 5582 1966 5625 et

391 5683 506 5721 ecce
529 5666 621 5720 viri
648 5665 904 5720 veniebant
931 5662 995 5716 de
1017 5664 1095 5715 via
1125 5670 1285 5731 porta:
1308 5660 1604 5731 superioris,
1637 5676 1751 5733 qua:
1770 5664 1973 5732 respicit

389 5765 457 5817 ad
499 5759 812 5829 Aquilonem,
854 5765 899 5808 et
925 5753 1316 5822 uniuscuiusque
1339 5753 1526 5806 securis
1565 5752 1616 5806 in
1648 5770 1803 5807 manu
1840 5755 1966 5824 ejus.

2064 451 2152 506 Vir
2172 468 2366 523 quoque
2385 468 2516 506 unus
2535 453 2585 507 in
2612 453 2776 508 medio
2802 466 2975 507 eorum
2997 455 3202 508 vestitus
3229 454 3400 519 talari,
3428 469 3476 508 et
3503 473 3632 510 zona

2056 544 2286 611 sapphiri
2311 544 2365 597 in
2392 543 2590 598 renibus
2618 545 2746 615 ejus.
2792 543 2857 598 Et
2880 546 3095 614 ingrcssi
3122 555 3240 598 sunt
3264 587 3278 611 ,
3307 555 3351 599 et
3391 557 3631 600 steterunt

2047 638 2201 706 juxta
2227 637 2389 690 altare
2411 652 2619 690 (ereum:
2647 647 2693 690 et
2719 636 2882 708 gloria
2904 636 3112 692 Domini
3136 637 3301 691 Israel
3325 641 3547 692 ascendit
3572 642 3634 694 de

2058 726 2326 780 Cherubim
2345 769 2359 794 ,
2402 743 2514 798 qua:
2536 738 2642 780 erat
2667 728 2721 780 in
2746 728 2870 796 ipsis
2899 727 2968 781 ad
2994 729 3181 781 atrium
3210 728 3410 781 domus.
3440 729 3504 783 Et
3532 746 3621 784 vo-

2056 820 2187 873 cavit
2212 820 2375 873 virum
2401 820 2486 889 qui
2513 821 2720 874 indutus
2748 829 2854 874 erat
2881 821 3051 887 talari,
3082 822 3166 891 qui
3186 822 3394 875 habebat
3420 822 3475 875 in
3497 824 3634 875 lunt-

2059 910 2133 963 bis
2155 911 2261 964 suis
2285 926 2485 965 zonam.
2517 909 2585 963 Et
2614 912 2741 964 dixit
2770 910 3017 965 Dominus
3044 911 3113 964 ad
3131 928 3248 966 eum
3276 929 3294 965 :
3319 911 3500 966 Transi
3547 931 3635 982 per

2057 1001 2273 1055 mediam
2295 1002 2544 1055 civitatem
2564 1000 2871 1064 Jerusalem,
2895 1012 2941 1055 et
2964 1002 3031 1055 da
3054 1003 3251 1072 signum
3268 1019 3420 1072 super
3440 1003 3632 1072 frontes

2058 1092 2281 1146 virorum
2310 1092 2613 1163 gementium
2654 1101 2703 1146 et
2729 1092 3006 1146 dolentium
3042 1108 3195 1161 super
3221 1093 3414 1147 cunctis
3440 1096 3633 1148 abomi-

2059 1183 2365 1249 nationibus,
2395 1198 2509 1253 qute
2550 1184 2680 1252 ﬁunt
2716 1184 2770 1236 in
2810 1183 2972 1238 medio
3000 1200 3194 1240 eorum.
3237 1184 3302 1239 Et
3329 1186 3433 1239 illis
3467 1186 3593 1240 dixit
3617 1228 3635 1252 ,

2061 1289 2154 1329 sex
2186 1275 2292 1328 illis
2317 1275 2542 1340 scilicet,
2573 1276 2662 1344 qui
2696 1275 2962 1330 habebant
2984 1290 3199 1331 secures
3219 1318 3233 1341 ,
3259 1276 3509 1332 Audiente
3531 1295 3630 1343 nte,

2060 1365 2143 1420 Ite
2165 1369 2218 1421 in
2243 1369 2489 1421 civitatem
2511 1407 2526 1433 ,
2560 1377 2820 1438 sequentes
2862 1384 2974 1422 cum
2998 1409 3013 1434 ,
3060 1369 3307 1424 videlicet
3337 1385 3458 1424 eum
3483 1412 3497 1434 ,
3546 1373 3634 1439 qui

2061 1459 2213 1528 signa
2242 1459 2417 1528 posuit
2440 1474 2604 1528 super
2634 1458 2874 1524 frontes;
2905 1469 2950 1514 et
2976 1462 3235 1528 percutite,
3281 1470 3326 1514 et
3351 1478 3412 1515 ne
3450 1464 3640 1532 parcite

2061 1550 2220 1603 oculis
2249 1551 2436 1615 vestris,
2482 1566 2637 1621 neque
2663 1551 3034 1605 misereamini:
3062 1568 3248 1617 senem,
3278 1552 3632 1608 adolescentu-

2063 1640 2167 1694 lum
2186 1683 2201 1704 ,
2238 1642 2500 1711 virginem,
2529 1643 2788 1712 parvulos,
2837 1651 2886 1696 et
2924 1642 3158 1697 mulieres
3188 1643 3450 1713 interﬁcite
3479 1660 3639 1715 usque

2062 1733 2130 1787 ad
2157 1734 2564 1789 internecionem.
2597 1735 2676 1788 Ad
2706 1751 2877 1789 omnes
2912 1746 3100 1801 autent,
3148 1752 3298 1806 super
3320 1753 3442 1807 quos
3470 1746 3542 1791 est
3565 1737 3640 1790 si-

2063 1845 2239 1900 gnum,
2270 1845 2333 1882 ne
2356 1828 2595 1895 accedite,
2623 1837 2672 1882 et
2694 1844 2727 1881 a
2750 1828 2936 1894 sanctis
2962 1829 3084 1882 meis
3111 1829 3333 1898 incipite.
3361 1827 3642 1900 Coeperunt

2064 1938 2180 1991 ergo
2226 1938 2260 1974 a
2300 1921 2418 1973 viris
2463 1918 2739 1974 senioribus
2761 1961 2775 1981 .
2823 1921 2910 1989 qui
2954 1931 3096 1973 erant
3127 1925 3181 1974 in
3229 1920 3378 1974 domo
3430 1919 3640 1975 Domini

2065 2010 2276 2086 (Ezech.
2321 2013 2376 2067 9.
2408 2012 2562 2083 1-6).
2591 2010 2646 2066 Si
2673 2012 2791 2082 quis
2833 2022 3011 2067 autem
3038 2020 3184 2081 putet
3213 2014 3326 2067 lucc
3349 2012 3417 2067 de
3442 2012 3642 2067 Iudaeis

2066 2115 2267 2160 tantum
2291 2104 2528 2174 praedici,
2561 2105 2604 2159 is
2627 2102 2928 2159 Servatoris
2952 2103 3238 2159 adventum
3262 2104 3472 2159 videtur
3493 2104 3646 2174 igno-

2070 2210 2191 2250 rare
2216 2214 2229 2250 :
2253 2211 2360 2250 non
2386 2196 2529 2250 enim
2557 2205 2680 2250 ante
2718 2194 3075 2264 captivitatem
3101 2193 3398 2249 sacerdOtio
3432 2193 3645 2249 functus

2065 2295 2148 2340 est
2178 2284 2445 2340 Ezechiel.
2473 2284 2659 2340 Adhuc
2679 2286 2820 2339 enim
2854 2300 2985 2354 puer
3021 2284 3305 2340 admodum
3349 2300 3473 2340 cum
3499 2286 3639 2340 tribu

2065 2376 2192 2431 Levi
2219 2377 2269 2430 in
2298 2377 2652 2445 captivitatem
2683 2376 2939 2430 abductus
2969 2385 3089 2440 est;
3125 2391 3219 2446 per
3241 2375 3333 2430 Dei
3357 2375 3639 2445 dispensa-

2068 2470 2263 2523 tionem
2282 2468 2549 2538 trigesimo
2574 2482 2714 2521 anno
2738 2468 2940 2523 visione
2960 2466 3252 2522 futurorum
3273 2466 3466 2538 dignus
3490 2467 3644 2522 habi-

2068 2569 2150 2614 tus
2179 2569 2259 2614 est
2280 2602 2294 2624 ,
2336 2558 2586 2614 sacerdos
2612 2559 2665 2613 in
2691 2558 2802 2628 ipsa
2830 2560 3162 2628 captivitate,
3193 2570 3251 2614 ut
3279 2559 3394 2630 ipse
3418 2570 3597 2615 narrat
3624 2576 3641 2614 :

2069 2651 2135 2706 Et
2157 2657 2348 2723 factum
2376 2661 2450 2705 est
2468 2652 2520 2705 in
2542 2652 2794 2721 trigesimo
2814 2668 2968 2716 anno,
2993 2650 3045 2704 in
3068 2668 3236 2705 mense
3252 2661 3451 2721 quarto,
3472 2651 3646 2721 quinta

2067 2743 2248 2797 mensis
2264 2759 2282 2796 :
2306 2752 2351 2796 et
2371 2758 2463 2813 ego
2487 2759 2624 2796 eram
2644 2742 2697 2796 in
2725 2744 2889 2797 medio
2914 2743 3218 2812 captivitatis
3242 2760 3393 2815 super
3437 2744 3646 2814 fluvium

2067 2833 2267 2889 Chobar
2292 2833 2512 2907 (Ezech.
2547 2835 2597 2889 1.
2630 2835 2652 2887 1
2678 2832 2735 2904 );
2767 2842 2822 2889 et
2849 2848 3032 2887 rursus
3061 2835 3217 2902 paulo
3257 2842 3408 2902 post:
3456 2830 3647 2888 Fartus

2068 2934 2138 2979 est
2164 2941 2324 2979 sermo
2343 2924 2549 2978 Domini
2576 2926 2644 2977 ad
2668 2923 3003 2990 Ezechielem,
3036 2924 3198 2992 ﬁlium
3225 2922 3372 2987 Buzi,
3404 2925 3643 2978 sacerdo-

2069 3027 2167 3071 tem
2185 3019 2238 3071 in
2258 3027 2392 3071 terra
2408 3016 2762 3072 Chaldazorum
2782 3018 2850 3070 ad
2870 3018 3058 3087 ﬂumen
3073 3015 3274 3073 Chobar
3299 3015 3463 3084 (Ibid.
3491 3031 3541 3070 v.
3561 3016 3638 3085 5).

2067 3108 2123 3165 Si
2152 3111 2272 3180 quis
2295 3118 2471 3163 autem
2502 3108 2627 3162 hinc
2655 3109 2705 3162 in
2737 3108 3008 3177 angustias
3030 3107 3299 3171 redactus,
3329 3106 3523 3161 dixerit
3547 3120 3646 3159 no-

2069 3202 2148 3255 bis
2169 3200 2329 3256 :Cum
2349 3201 2677 3269 pmcesserit
2700 3201 2965 3264 Servator,
2996 3201 3084 3270 qui
3101 3209 3149 3254 et
3173 3199 3348 3254 crucis
3362 3199 3567 3269 signum
3596 3200 3648 3253 in

2068 3291 2240 3345 fronte
2254 3290 2413 3353 dedit,
2440 3305 2604 3360 quare
2622 3289 2898 3345 advenisse
2921 3289 3153 3344 creditus
3168 3303 3272 3343 non
3297 3298 3379 3344 est
3400 3289 3650 3344 Servator

2069 3384 2158 3452 qui
2195 3382 2519 3452 Vespasiano
2557 3381 2810 3435 Romanis
2838 3381 3161 3450 imperante,
3191 3380 3389 3435 delevit
3419 3380 3649 3448 quadra-

2068 3476 2273 3544 gesimo
2299 3483 2417 3543 post
2440 3489 2579 3526 anno
2605 3487 2948 3543 synagogam,
2976 3488 3094 3542 quae
3120 3471 3297 3541 iniqua
3319 3469 3651 3540 patraverat?

2069 3564 2395 3633 suscepimus
2414 3563 2627 3633 quidem
2651 3563 2747 3616 ista
2770 3562 3087 3617 sentientem
3112 3601 3127 3624 ,
3160 3561 3332 3631 ipsum
3376 3571 3555 3615 autem
3586 3569 3645 3614 ut

2071 3656 2192 3710 novi
2238 3655 2559 3709 'l‘estamenti
2584 3653 2748 3708 lilium
2774 3695 2789 3719 ,
2833 3668 3086 3719 oramus,
3119 3663 3175 3706 ut
3219 3652 3377 3706 fidem
3423 3651 3654 3706 habeant

2069 3748 2232 3802 l’aulo
2257 3747 2441 3801 talium
2462 3748 2734 3817 magistro,
2757 3746 2844 3816 qui
2872 3748 2938 3800 de
2958 3746 3205 3800 omnibus
3224 3745 3483 3814 ejusmodi
3503 3745 3652 3800 libris

2068 3839 2228 3894 dicit:
2262 3838 2391 3893 Htec
2421 3849 2586 3892 autem
2627 3840 2680 3892 in
2709 3839 2876 3909 ﬁgura
2912 3838 3263 3906 contingebant
3287 3837 3426 3903 illis;
3464 3838 3652 3903 scripta

2069 3945 2181 3983 vero
2201 3939 2316 3983 sunt
2340 3929 2409 3981 ad
2434 3929 2798 3997 correptionem
2828 3938 3069 3988 nostram,
3103 3929 3154 3982 in
3174 3944 3301 3997 quos
3330 3929 3456 3995 ﬁnes
3482 3943 3645 3982 stecu-

2050 4017 2247 4074 'lorum
2296 4017 2610 4074 devenerunt
2652 4019 2727 4091 (ι.
2751 4018 2870 4074 Cor.
2903 4020 2990 4073 10.
3023 4017 3132 4090 11).
3163 4018 3287 4074 Haec
3311 4027 3484 4073 autem
3510 4018 3651 4086 dico,

2070 4124 2400 4178 nequaquam
2424 4123 2737 4178 apprecans,
2765 4118 2824 4163 ut
2839 4109 3045 4180 gladius
3068 4108 3273 4164 ferreus
3294 4110 3473 4164 veniat
3490 4122 3652 4178 super

2071 4202 2312 4256 inimicos
2344 4202 2457 4267 Dei,
2485 4202 2642 4255 absit.
2677 4201 2857 4270 Neque
2885 4203 3025 4256 enim
3054 4201 3122 4256 de
3148 4202 3325 4272 gladio
3369 4202 3545 4257 ferreo
3572 4202 3650 4256 lo-

2072 4293 2251 4362 quitur
2273 4292 2550 4362 propheta,
2575 4291 2666 4346 sed
2688 4291 2754 4345 de
2777 4292 2881 4345 alia
2912 4292 3137 4363 quadam
3155 4294 3416 4362 punitrice
3437 4292 3650 4359 virtute,

2073 4384 2140 4438 de
2165 4399 2267 4453 qua
2295 4382 2542 4437 Ezechiel
2564 4383 2717 4436 dicit:
2750 4381 2908 4436 Terra
2935 4399 3085 4454 super
3127 4400 3277 4454 quam
3316 4384 3541 4455 gladium
3568 4385 3650 4437 in-

2073 4478 2257 4531 ducam
2305 4478 2576 4548 (inducam
2621 4493 2747 4531 vero
2787 4476 2836 4530 id
2865 4486 2947 4531 est
2978 4476 3335 4547 permittam),
3381 4485 3427 4530 et
3472 4477 3654 4547 ceperit

2073 4571 2293 4641 papulas
2313 4580 2458 4624 terrte
2481 4572 2641 4623 virum
2668 4586 2844 4632 unum,
2866 4581 2913 4623 et
2940 4579 3126 4638 ponent
3147 4568 3242 4623 sibi
3267 4570 3651 4639 speculatorem,

2072 4674 2119 4717 et
2142 4665 2314 4717 viderit
2334 4663 2617 4734 speculator
2643 4662 2869 4732 gladium
2890 4663 3181 4727 venientem,
3206 4671 3252 4714 et
3273 4662 3389 4715 tuba
3413 4662 3651 4724 sonuerit,

2073 4765 2122 4810 et
2145 4758 2344 4826 signum
2369 4755 2560 4808 dederit
2585 4754 2772 4824 papula
2794 4795 2807 4815 ,
2851 4764 3000 4819 atque
3036 4754 3252 4807 audierit
3292 4753 3378 4815 qui
3404 4753 3579 4812 audit.
3609 4762 3655 4805 et

2074 4862 2173 4899 non
2189 4846 2392 4911 caverit;
2406 4846 2602 4899 veniens
2618 4855 2782 4899 autem
2804 4844 3004 4914 gladius
3017 4843 3398 4915 apprehendat-it
3417 4842 3654 4912 aliquem;

2076 4919 2371 5006 sanguinem
2398 4939 2508 5006 ejus
2543 4936 2606 4990 ab
2624 4952 2683 4990 eo
2706 4938 2977 5003 requiram,
3004 4933 3123 5005 qitia
3148 4953 3249 4989 non
3275 4935 3464 4988 audivit
3489 4950 3656 4988 vocem

2076 5030 2224 5081 tubaz.
2256 5028 2323 5081 Et
2355 5042 2573 5081 rursus:
2606 5026 2666 5081 Si
2689 5037 2856 5079 autem
2873 5029 3157 5091 speculator
3183 5025 3359 5079 viderit
3382 5026 3656 5078 uenientem

2074 5122 2319 5193 gladium,
2334 5130 2381 5172 et
2400 5119 2516 5172 tuba
2530 5136 2629 5172 non
2644 5119 2895 5184 cecinerit,
2911 5135 3069 5189 neque
3083 5118 3268 5183 popqu
3283 5117 3658 5188 signiﬁcaverit;

2076 5212 2275 5266 veniens
2304 5220 2471 5263 autem
2510 5210 2712 5280 gladius
2749 5210 3137 5280 apprehenderit
3169 5210 3422 5277 aliquem:
3449 5209 3655 5277 sangui-

2077 5319 2189 5357 nem
2216 5302 2326 5372 ejus
2351 5302 2412 5355 de
2438 5317 2592 5353 manu
2617 5301 2945 5370 speculatoris
2974 5301 3228 5370 requiram
3251 5341 3264 5360 ,
3289 5298 3406 5368 quia
3434 5314 3547 5350 cum
3584 5299 3657 5348 vi-

2078 5394 2217 5446 deret
2264 5391 2488 5462 gladium
2513 5433 2529 5457 ,
2580 5392 2697 5444 tuba
2724 5407 2826 5444 non
2878 5392 3058 5444 cecinit
3098 5389 3323 5461 (Esceh.
3373 5390 3463 5443 55.
3489 5387 3649 5456 2-6).

2081 5482 2357 5551 Ejusmodi
2388 5481 2677 5550 periculum
2704 5521 2720 5548 ,
2766 5496 3099 5550 nequaquam
3126 5480 3397 5534 dormiens
3428 5479 3652 5534 inﬁdeli-

2081 5573 2202 5627 tatis
2241 5588 2451 5639 somno,
2495 5587 2669 5641 neque
2714 5571 2999 5641 voluptatis
3030 5572 3233 5641 pigritia
3257 5572 3407 5642 piger
3426 5612 3441 5637 ,
3472 5572 3654 5626 beatus

2076 5662 2309 5718 Joannes
2329 5671 2450 5716 ante
2466 5663 2648 5717 oculos
2673 5661 2892 5724 habens,
2923 5664 3079 5716 altius
3105 5663 3226 5716 tuba
3248 5662 3528 5725 clamabat,
3549 5678 3652 5715 non

2078 5754 2360 5809 obscurum
2391 5753 2555 5808 edens
2579 5767 2789 5820 sonum,
2820 5752 2912 5807 sed
2940 5762 3177 5822 apertam
3203 5754 3358 5823 plane
3377 5753 3654 5807 scientiam
