4122 6386
433 349 504 407 65
1457 360 1541 415 DE
1580 360 1741 416 VITA
1780 362 1840 416 S.
1876 361 2161 419 JOANNIS
2195 361 2704 419 CHRYSOSTOML
3628 365 3699 423 (Β

439 469 656 545 ρεμίας.
685 470 713 522 ὁ
731 468 995 540 δάκρυσιν
1044 468 1440 542 ὀλοφυρόμενος
1464 472 1571 525 τῶν
1605 474 1879 544 ἀρχόντων
1919 476 2015 529 καὶ

432 556 544 609 τῶν
575 553 763 625 ἱερέων
794 553 891 624 τὴν
924 554 1203 616 ἀπιστίαν,
1252 556 1539 624 ἐπιλέγων·
1577 558 1667 623 Τίς
1699 556 1878 612 δώσει
1895 577 2014 627 μου

432 636 510 707 τῇ
542 635 779 707 κεφαλῇ
808 636 983 704 ὕδωρ,
1028 637 1128 690 καὶ
1160 638 1486 707 ὀφθαλμοῖς
1510 656 1629 708 μου
1679 640 1875 710 πηγὰς
1924 640 2022 696 δα.

433 723 665 788 κρύων;
699 720 796 773 καί
834 722 1173 790 κλαύσομαι
1216 720 1322 776 τὸν
1347 725 1499 776 λαόν
1516 741 1635 792 μου
1665 722 1891 792 ἡμέρας
1914 725 2014 779 καὶ

431 805 676 871 νυκτός·
710 803 890 863 πάλιν,
928 805 1023 868 Τίς
1046 803 1223 858 δώσει
1241 822 1341 874 μοι
1371 807 1638 875 σταθμὸν
1667 808 1930 877 ἔσχατον
1951 809 2021 861 ἐν

436 886 509 953 τῇ
534 886 764 955 ἑρὴμφ;
803 886 902 939 καὶ
930 887 1272 955 καταλείψω
1293 888 1396 940 τὸν
1417 892 1571 942 λαόν
1590 908 1732 957 μου,
1786 893 1883 944 καὶ
1912 893 2021 945 ἀπο

441 972 769 1039 ελεύσομαι
802 970 904 1023 ἀπ’
942 968 1162 1035 αὐτῶν,
1216 969 1366 1023 διότι
1417 971 1639 1038 πάντες
1672 973 2016 1042 μοιχῶνται·

442 1054 660 1109 σύνοδον
679 1051 1018 1106 ἀθετοῦντων
1047 1053 1139 1107 τὸν
1176 1053 1430 1121 σύλλογον
1455 1056 1736 1126 ὀνομάζων
1760 1058 1867 1109 τῶν
1887 1057 2021 1127 ψευ-

435 1134 793 1208 δοπροφητῶν
820 1137 913 1189 καὶ
958 1136 1168 1207 ἰερέων·
1197 1137 1274 1201 ὡς
1312 1138 1408 1192 καὶ
1435 1137 1671 1210 ἀλλαχοῦ
1709 1144 2021 1209 προσφωνεῖ

435 1221 520 1290 τῷ
554 1220 696 1290 Θεῷ,
750 1220 848 1291 οὐχ
895 1221 971 1284 ὼς
1024 1219 1186 1275 αὑτοῦ
1225 1221 1565 1287 ἀγνοοῦντος,
1606 1223 1719 1276 ἀλλ’
1748 1223 1824 1287 ὡς
1864 1224 2020 1295 ἡμῶν

436 1304 757 1373 ὀφειλόντων
788 1304 1093 1375 μιμεῖσθαι·
1164 1307 1362 1375 Κύριε,
1397 1309 1450 1361 εὶ
1483 1305 1737 1362 ἐκάθισα
1765 1309 1837 1362 έν
1867 1324 2018 1362 συν-

437 1387 610 1456 εδρίῳ
662 1386 861 1441 αὐτῶν
908 1386 1253 1453 παιζόντων,
1290 1391 1427 1444 ἀλλ’
1462 1392 1844 1460 εὐλαϐούμην
1901 1391 2018 1446 ἀπὸ

438 1473 762 1539 προσώπου
790 1486 927 1527 σου·
961 1474 1299 1541 καταμόνας
1318 1473 1646 1543 ἐκαθήμην,
1669 1475 1759 1528 ὅτι
1781 1478 2021 1543 πικρίας

438 1555 843 1625 ἐνεπλήσθην.
877 1557 1094 1628 Συνῳδά
1154 1557 1212 1611 δὲ
1269 1557 1482 1622 τούτοις
1536 1560 1629 1613 καὶ
1680 1558 1861 1625 Δαυῒδ,
1898 1563 2020 1615 Οὐκ

436 1641 688 1695 ἐκάθισα
702 1644 852 1711 μετά
874 1640 1196 1709 συνεδρίου
1218 1643 1635 1711 ματαιότητος,
1667 1643 1860 1712 λέγων,
1922 1646 2021 1699 καί

434 1725 584 1794 μετὰ
608 1724 1114 1793 παρανομούντων
1132 1726 1204 1778 οὐ
1232 1723 1319 1793 μὴ
1349 1724 1619 1779 εἰσέλθω·
1643 1725 1739 1779 καὶ
1768 1726 2020 1799 ὲπιφέρει

441 1806 770 1878 σαφηνίζων·
803 1807 1096 1876 Ἐμίσησα
1128 1808 1465 1875 ἐκκλησίαν
1503 1810 2017 1879 πονηρευομένων,

439 1892 538 1944 καὶ
561 1889 711 1960 μετὰ
737 1889 969 1959 ἀσεϐῶν
990 1892 1062 1945 οὐ
1078 1890 1164 1960 μὴ
1182 1891 1430 1944 καθίσω·
1448 1893 1697 1961 νίψομαι
1718 1893 1790 1946 έν
1811 1892 2021 1960 ἀθώοις

438 1974 547 2041 τὰς
578 1972 779 2043 χεῷάς
824 1991 967 2043 μου,
998 1973 1094 2037 τάς
1124 1975 1435 2044 πρακτικὰς
1461 1974 1738 2045 δυνάμεις,
1771 1976 1870 2030 καὶ
1916 1994 2021 2031 κυ-

431 2057 654 2110 nam
686 2055 752 2109 τὸ
784 2055 1224 2123 θυσιαστήριόν
1254 2072 1396 2121 σου,
1424 2058 1697 2125 Κύριε.οἰ
1725 2060 1782 2112 δὲ
1803 2058 2021 2113 ἔλαττον

440 2140 822 2209 φροντίσαντες
871 2138 965 2193 τοῦ
1034 2138 1439 2211 θυσιαστηρίου,
1482 2143 1575 2194 καὶ
1633 2141 1815 2205 δόντες
1869 2141 2021 2213 αὐτῷ

440 2221 585 2275 νῶτα
614 2222 673 2275 ού
698 2221 952 2294 προθέσει
977 2221 1093 2276 ἀλλ’
1211 2222 1436 2292 βιοῦσιν,
1477 2224 1537 2277 οὐ
1582 2224 1743 2295 μόνον
1774 2224 2021 2289 ἀνίπτοις

440 2306 596 2377 χερσὶ
624 2305 720 2358 καὶ
772 2306 1141 2377 ᾑμαγμέναις,
1187 2306 1501 2379 δωροδοκίᾳ,
1558 2307 1875 2379 δωροληψίᾳ
1927 2308 2023 2361 καὶ

439 2389 834 2462 ψευδογραφίᾳ,
868 2390 1005 2444 ἀλλὰ
1037 2391 1132 2445 καὶ
1160 2390 1578 2462 πεπηλωμένοις
1624 2393 1751 2445 ποσὶ
1784 2392 1886 2456 λὰξ
1913 2410 2020 2445 πα-

442 2473 681 2538 τοῦντες·
711 2476 838 2547 περὶ
872 2470 947 2528 ὧν
970 2475 1339 2546 αἰνιττόμενος
1376 2478 1404 2529 ὀ
1436 2477 1721 2548 προφήτης
1764 2475 2022 2549 Ἰεζεκιήλ

445 2576 624 2629 φησιν·
670 2557 974 2626 Είσήγαγέ
1019 2575 1096 2627 με
1122 2558 1221 2611 ἐπὶ
1266 2560 1337 2613 τὰ
1359 2560 1628 2628 πρόθυρα
1659 2558 1770 2629 τῆς
1797 2559 2020 2627 αὐλῆς,

443 2639 543 2694 καί
564 2637 748 2700 εἶδον,
780 2639 880 2694 καὶ
911 2639 1040 2695 ίδοὺ
1063 2641 1182 2709 ὀπὴ
1204 2642 1314 2711 μιά
1335 2642 1404 2695 ἑν
1422 2641 1503 2708 τῷ
1529 2642 1727 2711 τοίχῳ.
1758 2644 1868 2698 Kal
1892 2641 2024 2699 εἷπε

442 2725 592 2792 πρὸς
615 2723 710 2793 μέ·
746 2723 1051 2791 Διόρυξον,
1096 2725 1189 2778 υἱὲ
1224 2723 1558 2793 ἀνθρώπου.
1591 2727 1700 2781 Kal
1742 2726 2019 2795 διώρυξα,

441 2806 539 2860 καὶ
583 2803 767 2871 εἶδον,
810 2806 910 2860 καὶ
953 2807 1081 2861 ὶδοὺ
1130 2808 1277 2876 θύρα
1297 2808 1425 2877 μία.
1457 2808 1564 2863 Kal
1591 2805 1721 2863 εἶπε
1752 2810 1901 2878 πρὸς
1919 2809 2019 2879 μέ·

439 2890 715 2953 Εἷσελθε,
750 2889 848 2944 καὶ
887 2889 977 2943 Ζδε
1007 2889 1116 2957 τὰς
1159 2892 1412 2960 ἀνομίας
1460 2891 1567 2958 τὰς
1611 2899 1899 2961 πονηρὰς,
1951 2895 2025 2960 ἇς

442 2974 724 3028 ποιοῦσιν
768 2968 903 3029 ὧδε.
961 2975 1071 3029 Kal
1129 2974 1425 3043 εισῆλθον
1448 3016 1464 3040 ,
1516 2976 1614 3031 καὶ
1668 2977 1799 3031 ἰδοὺ
1856 2976 2025 3031 πᾶσα

442 3059 723 3127 ὁμοίωσις
746 3059 997 3128 ἑρπετοῦ
1020 3059 1119 3113 καί
1136 3059 1419 3129 κτήνους,
1444 3062 1542 3115 καὶ
1570 3060 1792 3115 εἰδωλα
1804 3061 2026 3131 μάταια

437 3142 844 3212 βδελύγματα.
878 3142 990 3197 Kal
1013 3142 1147 3197 εἶπέ
1178 3161 1298 3213 μοι·
1347 3144 1664 3213 Ἑώρακας,
1691 3146 1786 3199 υίὲ
1806 3146 2017 3212 ἀνθρώ-

443 3241 581 3289 που,
608 3224 648 3280 ἁ
667 3225 951 3280 ποιοῦσιν
977 3230 1032 3281 οί
1059 3229 1449 3296 πρεσϐύτεροι
1474 3228 1645 3282 οίκου
1683 3228 1931 3296 Ἰσραὴλ
1955 3229 2026 3282 ἑν

443 3308 736 3374 σκοτεινῷ
756 3309 828 3363 ἐν
859 3309 939 3375 τῷ
963 3311 1222 3376 κοιτῶνι,
1247 3311 1428 3365 αὐτῶν
1459 3312 1699 3366 διάνοιαν
1727 3313 2027 3382 αἰνιττόμε-

384 3464 387 3467 _
445 3394 723 3456 νος.Διότι
750 3388 946 3447 εἷπον·
966 3397 1089 3463 Οὐχ
1114 3393 1225 3463 ὁρᾷ
1255 3397 1468 3461 Κύριος
1491 3393 1671 3465 ἡμᾶς,
1709 3396 2025 3466 ἐγκαταλέο

443 3479 617 3530 λοιπε
674 3478 891 3545 Κύριος
938 3476 1055 3546 τὴν
1084 3478 1219 3547 γῆν.
1270 3479 1382 3532 Kal
1410 3476 1545 3533 εἶπε
1583 3480 1736 3548 πρὸς
1779 3478 1872 3549 μέ·
1899 3481 2027 3533 Ἔτι

446 3559 582 3628 ὄψει
632 3560 881 3629 ἀνομίας
926 3558 1224 3628 μείζονας,
1284 3560 1358 3628 ἀς
1395 3558 1560 3617 οὗτοι
1611 3562 1875 3618 ποιοῦσι.
1918 3561 2028 3618 Kal

443 3642 729 3713 είσήγτιγέ
761 3660 838 3712 με
867 3645 954 3710 είς
978 3643 1183 3713 ἓτερον
1209 3646 1415 3709 τόπον,
1446 3646 1545 3699 καὶ
1573 3645 1765 3710 ἕδειξέ
1787 3661 1909 3716 μοι·
1930 3645 2031 3699 καί

449 3726 575 3780 ἰδοὺ
598 3726 726 3780 ἐκεῖ
738 3726 1018 3796 γυναῖκες
1038 3725 1366 3797 καθήμεναι
1389 3730 1709 3783 κλαίουσαι
1730 3729 1848 3796 τὴν
1878 3731 2031 3799 Θαμ-

446 3807 603 3871 ϐούζ.
643 3810 753 3863 Καὶ
778 3809 956 3863 πάλιν·
992 3809 1295 3880 Είσήγαγέ
1334 3828 1412 3880 με
1447 3813 1537 3878 εὶς
1563 3811 1670 3865 τὸν
1698 3808 1870 3866 οἷκον
1908 3816 2026 3868 Κυ-

441 3896 578 3961 ρίου
598 3893 704 3947 τὸν
726 3892 1041 3961 ἐσώτερον·
1058 3894 1156 3949 καὶ
1182 3893 1310 3948 ιδοὺ
1335 3895 1466 3949 ἐκεῖ
1475 3895 1671 3949 εἴκοσι
1688 3895 1786 3949 καί
1805 3898 2029 3950 τέσσα-

443 3996 547 4045 ρες
600 3979 1008 4046 πρεσϐύτεροι,
1062 3977 1161 4031 καὶ
1206 3978 1279 4031 τὰ
1326 3979 1622 4044 πρόσωπα
1699 3978 1898 4033 αὐτῶν
1940 3979 2031 4034 δι-

444 4059 842 4129 εστραμμὲνα,
862 4059 961 4115 καί
978 4058 1348 4115 νῶτααὺτῶν
1360 4060 1459 4114 ἐπὶ
1483 4060 1550 4115 τὸ
1575 4061 2027 4131 θυσιαστήριον.

449 4145 555 4197 Κιιί
595 4142 726 4197 εἷπε
782 4143 932 4213 πρὸς
978 4144 1078 4213 μέ·
1124 4142 1224 4211 Μὴ
1255 4143 1440 4213 μικρά
1479 4143 1688 4206 ταῦτα.
1726 4144 1767 4200 ἀ
1799 4149 1832 4200 ό
1865 4141 2032 4211 οἶκος

462 4228 710 4299 Ἰσραὴλ
746 4226 930 4293 ποιεῖ;
980 4226 1435 4299 Ἦναγκάσθημεν
1478 4227 1537 4281 δὲ
1566 4228 1668 4299 τῆς
1694 4228 1789 4282 τοῦ
1817 4229 2032 4300 προφή-

452 4326 541 4364 του
571 4310 878 4383 περικοπῆς
930 4310 1304 4382 μνημονεῦσαι
1353 4310 1443 4364 διὰ
1469 4311 1596 4375 τοὺς
1616 4310 2033 4381 ἀφειδεστὲρους

450 4395 559 4447 τῶν
585 4395 847 4467 οἰομένων
879 4389 1017 4447 εἷναί
1048 4411 1123 4459 τι,
1148 4395 1243 4448 καὶ⁵
1276 4394 1502 4458 ἑαυτοὺς
1517 4394 2028 4467 φρεναπατούντων,

457 4480 547 4532 καὶ
576 4479 675 4549 τὴν
711 4476 1167 4549 ὲκκλησιαστικὴν
1196 4479 1421 4550 εἰρήνην
1453 4479 1811 4549 συγχεόντων,
1862 4477 1951 4532 διά
1971 4477 2033 4531 τὸ

450 4562 597 4617 νῶτα
620 4561 804 4616 δοῦναι
841 4564 907 4633 τῇ
937 4562 1031 4615 τοῦ
1078 4562 1285 4633 Κυρίου
1310 4562 1578 4634 τραπέζῃ,
1618 4557 1719 4629 Οἷς
1758 4562 1824 4616 τὸ
1856 4561 2033 4630 κρῖμα

451 4646 563 4699 οὐκ
622 4643 811 4715 ἀργεῖ,
863 4644 962 4701 καί
1022 4643 1062 4710 ἡ
1126 4644 1393 4698 ἀπώλεια
1447 4644 1648 4699 αὐτῶν
1697 4646 1770 4698 οὐ
1813 4642 2035 4699 νυστά-

451 4724 566 4789 ζει·
628 4729 679 4781 οί
743 4728 813 4781 τὰ
872 4727 1091 4795 ἐπίγεια
1158 4727 1520 4800 φρονοῦντες,
1582 4728 1713 4800 περὶ
1764 4721 1841 4781 ὧν
1898 4726 2031 4780 Ἰού-

450 4812 546 4877 δας
604 4814 633 4866 ὁ
692 4811 916 4880 ἁδελφὸς
959 4811 1214 4865 Ἰακώϐου
1274 4811 1467 4880 φησίν·
1539 4807 1717 4867 Οὗτοί
1771 4815 1930 4865 είσιν
1978 4813 2032 4865 οί

453 4898 523 4949 ἐν
566 4896 695 4962 ταῖς
763 4893 1020 4964 ἀγάπαις
1060 4894 1227 4964 ὑμῶν
1262 4893 1559 4961 σπιλάδες
1583 4934 1601 4959 ,
1649 4894 2034 4963 συνευωχού-

450 4993 620 5045 μενοι
671 4976 925 5044 ἀφόϐως,
975 4973 1229 5039 ἑαυτοὺς
1283 4976 1724 5043 ποιμαίνοντες·
1784 4973 2036 5043 νεφέλαι

454 5054 699 5121 ἄνυδροι
720 5053 837 5109 ὑπὸ
865 5053 1101 5122 ἀνέμων
1113 5056 1452 5123 φερόμεναι,
1476 5055 1574 5109 καὶ
1603 5056 1837 5125 κύματα
1861 5054 2036 5123 ἄγρια

455 5134 774 5202 θαλάσσης
833 5132 1227 5202 ἐπαφρίζοντα
1272 5138 1380 5201 τὰς
1421 5135 1650 5190 ἑαυτῶν
1698 5135 1995 5204 αἰσχύνας
2016 5174 2032 5199 ,

455 5214 701 5284 ἀστέρες
732 5212 1061 5283 πλανῆται,
1092 5210 1182 5279 οἷς
1221 5208 1275 5269 δ’
1298 5215 1473 5285 ζόφος
1508 5216 1615 5271 τοῦ
1655 5217 1918 5283 σκότους
1948 5218 2036 5280 εἰς

456 5295 640 5348 αἰῶνα
677 5295 1009 5362 τετήρηται.
1041 5291 1118 5367 τῌ
1165 5295 1264 5365 μὲν
1299 5296 1406 5366 γὰρ
1439 5295 1698 5365 νεφέλας
1737 5295 2035 5364 ἀνύδρους

457 5373 710 5437 ἐκάλεσε,
741 5373 841 5443 τὴν
872 5372 1114 5442 πονηρὰν
1157 5374 1336 5426 αὐτῶν
1388 5374 1608 5445 ᾐνίξατο
1638 5374 1899 5445 χάλαζαν,
1937 5375 2034 5447 τὴν

456 5454 555 5525 τῆς
583 5453 827 5524 ἀμπέλου
876 5454 1166 5507 ἀντίδικον·
1276 5453 1333 5507 δὲ
1382 5454 1698 5523 πλανῆτας
1740 5456 2033 5524 ἀστέρας,

456 5532 520 5584 τὸ
550 5532 649 5603 τῆς
676 5532 803 5602 νηὸς
835 5531 1119 5586 ἐπίϐουλον
1157 5532 1469 5603 ὑπῃνίξατο·
1501 5534 1623 5603 ἥτις
1648 5532 1777 5597 ναῦς
1798 5533 1893 5587 καὶ
1924 5535 2034 5605 ἀμ-

459 5612 619 5676 πελός
643 5613 790 5667 ἐστιν
807 5614 841 5684 ὴ
878 5611 1192 5683 Ἐκκλησία.
1224 5613 1358 5667 Τίνα
1386 5614 1443 5667 δέ
1471 5616 1639 5678 ἐστιν,
1666 5613 1702 5669 ἃ
1731 5617 1845 5676 τοῖς
1868 5616 2038 5669 τοιού-

459 5744 512 5802 τις
526 5749 695 5799 nempe
715 5735 843 5802 oculi
862 5744 1171 5798 merentur.
1199 5737 1244 5788 si
1266 5735 1315 5787 in
1347 5735 1680 5802 castimoniam
1716 5737 2034 5802 peccavetfim,

459 5800 508 5846 Id
531 5805 709 5856 est,~ut
732 5800 893 5862 potius
934 5806 1236 5849 emerentur
1257 5801 1388 5849 oculi
1433 5815 1579 5862 quam
1604 5804 1654 5850 in
1696 5800 2031 5851 castimoniam

462 5866 740 5927 Egccarpnl.
770 5861 915 5909 Forte
940 5863 1166 5927 τρσροιὶι
1186 5869 1356 5911 auctor
1373 5862 1432 5911 ad
1456 5861 1604 5914 Verba
1630 5864 1714 5913 illa
1740 5863 1993 5927 Evangelii
2016 5878 2031 5913 :

464 5920 521 5971 Si
541 5921 713 5971 oculus
728 5926 838 5972 mus
854 5920 1151 5975 scandalizet
1170 5930 1232 5986 ιε,
1243 5937 1358 5977 erue
1377 5936 1507 5975 eum.
1714 5944 1719 5949 -

2120 492 2233 540 τοις
2266 476 2455 546 ἕψεται
2486 475 2547 540 ἐξ
2584 476 2865 544 ἀνάγκηςς
2924 476 3189 531 ’Ἄκουσον
3217 479 3378 533 πάλιν
3409 478 3503 532 τοῦ
3534 477 3703 534 αὐτοῦ

2120 559 2479 631 διηγουμένου
2523 560 2801 629 προφήτου
2860 559 3146 632 Ἱεζεκιήλ·
3185 562 3298 616 Kal
3348 562 3542 627 ἕδειζέ
3573 581 3699 632 μοι,

2121 644 2223 696 καὶ
2259 643 2391 698 ίδοὺ
2438 642 2657 710 ἄνδρες
2702 642 3029 711 ἐξήρχοντο
3082 644 3202 699 ἀπὸ
3248 643 3359 713 τῆς
3398 645 3541 701 ὀδοῦ
3588 645 3701 715 τῆς

2120 728 2324 793 πύλης
2350 725 2461 793 τῆς
2484 723 2734 793 ὑψηλῆς
2760 724 2869 792 τῆς
2882 725 3241 795 βλεπούσης
3272 728 3423 797 πρὸς
3444 728 3699 798 βορρᾶν,

2120 812 2217 864 καὶ
2250 809 2511 864 ἑκάστου
2541 808 2735 872 πέλυξ
2764 809 2833 861 ἐν
2865 807 2938 876 τῇ
2975 810 3127 878 χειρὶ
3162 812 3369 865 αὐτοῦ.
3405 812 3515 867 Kal
3546 813 3702 882 ἀνὴρ

2118 889 2206 960 εἷς
2236 894 2306 947 ἐν
2326 891 2495 961 μέσῳ
2525 891 2742 957 αὐτῶν,
2771 891 3106 958 ἐνδεδυκὼς
3129 894 3383 963 ποδήρη,
3424 897 3521 949 καὶ
3550 895 3700 966 ζώνη

2120 977 2458 1046 σαπφείρου
2482 975 2580 1029 ἐπὶ
2612 974 2723 1044 τῆς
2753 976 2985 1045 ὀσφύος
3010 976 3217 1031 αὑτοῦ.
3242 981 3352 1031 Kal
3383 978 3699 1048 εἰσῆλθον,

2120 1060 2220 1113 καὶ
2248 1061 2521 1127 ἔστησαν
2541 1059 2813 1128 ἐχόμενοι
2837 1059 2943 1114 τοῦ
2971 1061 3405 1128 θυσιαστηρίου
3427 1062 3537 1116 τοῦ
3563 1066 3705 1130 χαλ-

2121 1144 2231 1198 κοῦ
2252 1159 2267 1174 ·
2293 1144 2392 1197 καὶ
2416 1145 2453 1213 ή
2476 1142 2625 1206 δόξα
2643 1142 2750 1196 τοῦ
2776 1142 2926 1197 Θεοῦ
2964 1142 3203 1211 Ἰσραὴλ
3225 1143 3408 1211 ἀνέϐη
3441 1143 3561 1199 ἀπὸ
3582 1143 3704 1199 τῶν

2122 1229 2425 1297 χερουϐὶμ,
2464 1228 2503 1294 τ’,
2538 1222 2699 1280 οὖσα
2727 1226 2819 1279 ἐπ’
2852 1225 3054 1279 αὐτῶν
3082 1228 3171 1293 είς
3207 1226 3276 1281 τὸ
3316 1227 3549 1293 αίθριον
3593 1228 3703 1283 τοῦ

2122 1311 2313 1364 οικου.
2344 1310 2396 1362 K
2418 1310 2458 1361 tl
2493 1307 2755 1363 ἐκάλεσε
2798 1310 2904 1362 τὸν
2930 1308 3120 1377 ἄνδρα
3159 1308 3268 1363 τὸν
3305 1310 3705 1380 ἐνδεδυμένον

2120 1394 2230 1448 τὸν
2250 1392 2503 1459 ποδήρη,
2536 1392 2606 1458 ὃς
2633 1389 2800 1462 εἶχεν
2827 1393 2927 1446 ἐπὶ
2964 1392 3076 1461 τῆς
3112 1394 3345 1462 ὀσφύος
3368 1395 3559 1449 αὑτοῦ
3589 1395 3706 1461 τὴν

2121 1477 2329 1545 ζώνην.
2375 1478 2486 1531 Kal
2522 1473 2650 1531 εἷπε
2688 1478 2899 1544 Κύριος
2923 1476 3074 1544 πρὸς
3111 1479 3319 1531 αὐτόν·
3360 1478 3565 1532 Δίελθε
3599 1478 3705 1546 μέ-

2121 1577 2244 1629 σην
2270 1560 2388 1627 τὴν
2424 1562 2606 1615 πόλιν
2634 1561 2749 1629 τὴν
2789 1559 3208 1629 Ἰερουσαλὴμ,
3239 1559 3338 1614 καί
3362 1560 3468 1627 δὸς
3494 1559 3562 1613 τὸ
3588 1577 3704 1629 ση-

2117 1645 2289 1714 μεῖον
2323 1644 2422 1697 ἐπὶ
2468 1644 2541 1698 τὰ
2572 1644 2815 1713 μέτωπα
2850 1641 2970 1697 τῶν
2995 1642 3234 1709 ἀνδρῶν
3263 1641 3381 1697 τῶν
3410 1660 3705 1698 καταστε-

2121 1726 2418 1788 ναζόντων
2469 1726 2569 1782 καὶ
2608 1728 3113 1795 κατοδυνωμένων
3158 1727 3259 1779 ἐπὶ
3303 1726 3529 1793 πάσαις
3572 1727 3706 1793 ταῖς

2122 1812 2396 1880 ἀνομίαις
2441 1809 2573 1875 ταῖς
2619 1809 2960 1877 γινομέναις
2997 1809 3068 1862 ἑν
3097 1809 3267 1879 μέσῳ
3319 1808 3539 1865 αὐτῶν.
3593 1809 3705 1865 Kal

2122 1894 2327 1960 αὐτοῖς
2350 1894 2501 1957 εἷπε,
2540 1892 2738 1963 δηλαδὴ
2772 1896 2883 1955 τοῖς
2913 1892 2971 1958 ἒξ
3020 1896 3133 1957 τοῖς
3172 1893 3353 1964 ἔχουσι
3380 1894 3506 1956 τοὺς
3536 1892 3706 1946 πέλυ-

2122 1995 2246 2042 κας,
2285 1978 2614 2043 ἀκούοντός
2655 1992 2807 2045 μου·
2851 1978 3186 2044 Πορεύεσθε
3233 1979 3316 2043 είς
3365 1976 3484 2043 τὴν
3527 1978 3707 2030 πόλιν

2122 2062 2315 2115 ὀπίσω
2342 2058 2528 2114 αὐτοῦ
2550 2099 2562 2119 ,
2599 2058 2801 2129 δηλαδὴ
2852 2058 2948 2111 τοῦ
2990 2061 3057 2113 τὰ
3092 2063 3292 2130 σημεῖα
3329 2059 3569 2123 τιθέντος
3612 2060 3706 2113 ἐπὶ

2120 2144 2230 2197 τῶν
2257 2143 2542 2214 μετώπιον,
2571 2143 2669 2195 καὶ
2696 2143 2945 2196 κόπτετε
2962 2186 2975 2203 ,
3013 2143 3109 2195 καὶ
3141 2142 3228 2212 μὴ
3261 2144 3557 2213 φείσησθε
3580 2141 3707 2209 τοῖς

2123 2226 2454 2297 ὀφθαλμοῖς
2478 2224 2668 2295 ὑμῶν,
2703 2226 2800 2278 καί
2823 2225 2908 2293 μὴ
2936 2224 3232 2293 ἐλεήσητε
3251 2242 3266 2258 ·
3297 2227 3710 2297 πρεσϐύτερον

2122 2311 2219 2365 καί
2257 2311 2588 2364 νεανίσκον
2629 2310 2728 2363 καί
2769 2310 3073 2375 παρθένον
3111 2309 3210 2362 καί
3241 2309 3431 2378 νήπια
3469 2309 3567 2363 καὶ
3609 2326 3707 2378 γυ-

2122 2394 2334 2459 ναῖκας
2360 2393 2757 2447 ἀποκτείνατε
2785 2395 2872 2458 είς
2903 2391 3240 2462 ἑξάλειψιν.
3285 2392 3415 2446 Ἐπί
3456 2391 3527 2445 δὲ
3557 2391 3709 2446 πάν·

2122 2496 2250 2545 τας,
2281 2480 2376 2547 ἐφ’
2430 2478 2543 2545 οὓς
2574 2479 2708 2531 ἐστι
2739 2476 2806 2530 τὸ
2851 2476 3123 2546 σημεῖον,
3157 2476 3243 2545 μὴ
3272 2477 3577 2545 ἐγγίσητε,
3604 2476 3706 2530 καί

2122 2561 2240 2616 ἀπὸ
2257 2560 2372 2615 τῶν
2393 2561 2577 2629 ἁγίων
2591 2577 2710 2629 μου
2729 2558 3013 2627 ἅρξασθε.
3043 2558 3155 2612 Kal
3175 2558 3436 2627 ἤρξαντο
3458 2560 3578 2614 ἀπὸ
3588 2557 3710 2614 τῶν

2122 2642 2357 2713 ἀνδρῶν
2385 2642 2503 2697 τῶν
2532 2640 2973 2710 πρεσϐυτέρων,
3015 2640 3072 2695 οἳ
3112 2638 3276 2711 ἦσαν
3318 2643 3390 2696 ἑν
3438 2642 3520 2709 τῷ
3563 2643 3711 2709 οἴκῳ

2124 2729 2369 2796 Κυρίου.
2410 2727 2470 2779 Εἰ
2508 2725 2565 2779 δέ
2597 2743 2682 2789 τις
2710 2725 2920 2795 νομίζει
2963 2726 3228 2797 περὶτῶν
3259 2726 3397 2781 κατά
3434 2726 3532 2795 τὴν
3572 2729 3708 2781 Ἰου-

2123 2811 2277 2863 δαίαν
2314 2807 2751 2881 προφητεύεσθαι
2771 2807 2962 2871 ταῦτα,
2997 2804 3151 2870 οὗτος
3184 2809 3328 2862 ἔοικε
3360 2810 3454 2863 καὶ¹
3481 2810 3580 2882 τὴν
3609 2808 3706 2863 τοῦ

2126 2892 2377 2961 Σωτῆρος
2423 2890 2719 2961 ἐπιδημίαν
2764 2891 3127 2962 ὴγοοηκέναι·
3180 2892 3242 2945 οὐ
3297 2892 3406 2964 γὰρ
3453 2892 3559 2963 πρὸ
3605 2890 3710 2962 τῆς

2124 2974 2499 3045 αἰχμαλωσίας
2541 2972 2855 3044 ίεράτευσεν
2896 2984 2926 3026 ο
2987 2972 3269 3045 ’ἰεζεκιήλ.
3306 2976 3444 3039 ιΙαίς
3481 2975 3589 3047 γὰρ
3627 2974 3710 3028 ἔτι

2127 3057 2320 3127 νεαρὸς
2363 3055 2921 3127 συναιχμαλωτισθεὶς
2952 3056 3094 3110 κατά
3126 3057 3436 3129 οἰκονομίαν
3476 3056 3616 3111 Θεοῦ
3639 3059 3707 3129 τῇ

2128 3139 2268 3210 φυλῇ
2299 3138 2393 3192 τοῦ
2435 3139 2586 3199 Λευῒ,
2614 3138 2692 3207 τῷ
2722 3137 3033 3210 τριακοστῷ
3065 3140 3178 3193 ἔτει
3201 3141 3298 3209 τῆς
3314 3140 3558 3213 ὁράσεως
3582 3157 3713 3193 κατ-

2127 3223 2375 3289 αξιοῦται
2422 3222 2532 3276 τῶν
2563 3221 2888 3292 μελλόντων,
2917 3223 3212 3294 ἰερατεύων
3246 3225 3304 3276 ὲν
3333 3226 3399 3294 τῇ
3427 3222 3713 3293 αἰχμαλω-

2130 3309 2241 3378 σία,
2287 3308 2363 3370 ὡς
2402 3305 2563 3369 αὐτὸς
2604 3306 2924 3374 ὑφηγεῖται·
2969 3308 3078 3362 Kal
3104 3306 3341 3377 ἐγένετο
3364 3305 3536 3371 ἐντῷ
3557 3322 3717 3376 τρια-

2127 3390 2327 3456 κοστῷ
2371 3390 2512 3455 ἑτει,
2546 3388 2618 3441 ἑν
2656 3388 2736 3453 τῷ
2785 3390 3043 3458 τετάρτῳ
3084 3392 3232 3460 μηνί
3255 3433 3271 3455 ,
3316 3390 3555 3459 πέμπτη
3604 3389 3711 3444 τοῦ

2122 3476 2355 3544 μηνός·
2390 3474 2485 3528 καὶ
2532 3474 2645 3545 ἐγὼ
2672 3473 2837 3541 ἤμην
2863 3474 2935 3525 ἐν
2957 3475 3126 3542 μέσῳ
3154 3474 3264 3543 τῆς
3297 3475 3716 3544 αἰχμαλωσίας

2126 3558 2224 3611 ἐπὶ
2249 3557 2353 3611 τοῦ
2382 3557 2651 3626 ποταμοῦ
2682 3557 2785 3610 τοῦ
2814 3556 3024 3624 Χοϐάρ.
3059 3557 3168 3610 Καὶ
3192 3556 3355 3611 πάλιν
3388 3557 3505 3627 μετ’
3528 3556 3706 3625 ὀλίγα·

2140 3640 2406 3711 Ἐγένετο
2420 3641 2603 3709 λόγος
2620 3642 2844 3709 Κυρίου
2861 3641 3011 3710 πρὸς
3042 3640 3335 3709 Ἰεζεκιὴλ,
3357 3641 3494 3695 υίόν
3517 3638 3714 3705 Bona,

2128 3724 2234 3776 τὸν
2267 3723 2423 3791 ἱερέα
2464 3724 2535 3777 ἐν
2562 3722 2639 3792 γῇ
2679 3722 2992 3776 Χαλδαίων
3021 3724 3121 3777 ἐπὶ
3148 3724 3253 3779 τοῦ
3301 3723 3573 3792 ποταμοῦ
3602 3725 3716 3777 Χο-

2130 3807 2257 3876 ϐάρ.
2284 3809 2347 3862 Εἰ
2376 3808 2434 3862 δὲ
2458 3806 2708 3860 ἐντεῦθεν
2730 3806 3083 3877 στενούμενός
3110 3824 3195 3871 τις
3214 3810 3329 3880 ἐρεῖ
3354 3810 3509 3879 ἡμῖν·
3571 3808 3715 3879 Προ-

2131 3891 2483 3964 ηγησαμένου
2498 3888 2590 3943 τοῦ
2611 3890 2863 3961 Σωτῆρος
2881 3928 2897 3953 ,
2928 3889 2988 3954 ὃς
3013 3891 3107 3943 καὶ
3134 3890 3195 3944 τὸ
3232 3893 3457 3961 σημεῖον
3483 3888 3716 3944 δέδωκεν

2132 3976 2224 4029 ἐπὶ
2270 3974 2377 4029 τῶν
2429 3972 2695 4045 μετώπων
2745 3972 2840 4026 τοῦ
2895 3972 3131 4044 σταυροῦ
3154 4012 3179 4036 ,.
3214 3972 3718 4044 ἐπηκολουθηκέναι

2131 4056 2519 4129 ἀπιστηθέντος
2546 4055 2640 4110 τοῦ
2670 4056 2944 4127 Σωτῆρος,
2968 4055 3067 4128 τὴν
3095 4055 3372 4126 βασιλείαν
3425 4055 3720 4126 Ῥωμαίων

2134 4143 2227 4197 ἐπὶ
2275 4139 2687 4196 Οὐεσπασιανοῦ
2743 4139 3111 4209 συγκόψαντας
3165 4140 3244 4211 τῷ
3291 4139 3716 4211 τεσσαρακοστῷ

2134 4226 2243 4281 ἔτει
2269 4226 2368 4296 τὴν
2388 4223 2460 4278 τά
2488 4223 2785 4295 παράνομα
2805 4223 3190 4293 ἐργασαμένην
3213 4224 3553 4294 συναγωγήν·
3580 4223 3718 4276 ἀπο⁴

2131 4309 2397 4380 δεχόμεθα
2430 4308 2528 4379 μὲν
2553 4306 2646 4359 τὸν
2683 4304 2858 4359 ταῦτα
2902 4305 3148 4369 νοοῦντα,
3194 4304 3623 4379 παρακαλοῦμεν
3658 4305 3719 4359 δὲ

2132 4392 2315 4454 αὐτὸν,
2350 4392 2426 4456 ὡς
2459 4390 2580 4444 υἱὸν
2606 4390 2707 4460 τῆς
2731 4388 2941 4458 Καινῆς
2969 4388 3246 4461 Διαθήκης
3268 4431 3283 4456 ,
3317 4388 3602 4444 πείθεσθαι
3637 4386 3724 4458 τῷ

2132 4474 2241 4528 τῶν
2273 4474 2531 4528 τοιούτων
2559 4472 2739 4544 μύστῃ
2768 4471 2965 4541 Παύλῳ
2990 4472 3069 4542 τῷ
3101 4472 3312 4541 λέγοντι
3341 4473 3470 4543 περὶ
3500 4472 3718 4526 πάντων

2131 4559 2238 4613 τῶν
2267 4557 2521 4612 τοιούτων
2553 4556 2772 4627 βιϐλίων
2798 4555 2879 4619 τὸ,
2919 4556 3112 4610 Ταῦτα
3152 4556 3221 4610 δὲ
3253 4556 3519 4624 τυπικῶς
3565 4571 3720 4611 συν-

2132 4642 2368 4695 έϐαινεν
2387 4639 2660 4704 ἐκείνοις·
2674 4635 2900 4706 ἐγράφη
2916 4637 2984 4691 δὲ
3002 4638 3153 4706 πρὸς
3173 4640 3499 4695 νουθεσίαν
3524 4636 3717 4707 ἡμῶν,

2133 4727 2221 4790 είς
2248 4723 2358 4788 οὓς
2397 4722 2470 4777 τὰ
2499 4720 2642 4789 τέλη
2677 4720 2796 4774 τῶν
2824 4719 3058 4774 αἰώνων
3088 4721 3484 4789 κατήντηκεν.
3531 4719 3719 4775 Ταῦτα

2134 4804 2189 4857 δὲ
2215 4804 2377 4871 λέγω,
2418 4802 2539 4873 οὐχὶ
2574 4800 2644 4855 δι’
2678 4801 2845 4871 εὐχῆς
2888 4800 3029 4870 ἔχων
3060 4800 3287 4872 σιδηρᾶν
3326 4800 3601 4873 ῥομφαίαν
3633 4799 3721 4852 ἐλ-

2138 4884 2249 4938 θεῖν
2293 4883 2387 4935 ἐπὶ
2422 4884 2550 4946 τοὺς
2579 4881 2808 4951 ἐχθροὺς
2839 4880 2939 4934 τοῦ
2967 4881 3126 4944 Θεοῦ,
3176 4881 3389 4950 ἄπαγεί
3440 4878 3565 4934 οὗτε
3610 4879 3725 4950 γὰρ

2138 4966 2265 5035 περὶ
2289 4964 2513 5035 σιδηρᾶς
2542 4965 2570 5017 ό
2591 4963 2875 5033 προφήτης
2901 4962 3176 5033 σημαίνει,
3204 4962 3341 5015 ἀλλά
3364 4961 3488 5031 περὶ
3523 4961 3719 5032 ἐτέρας

2135 5044 2280 5107 τινὸς
2313 5043 2639 5112 κολαστικῆς
2669 5042 2969 5112 δυνάμεως,
3001 5043 3130 5114 περὶ
3154 5036 3224 5113 ἦς
3263 5043 3292 5094 ό
3331 5040 3497 5105 αὐτὸς
3550 5040 3717 5103 Ἰεζε-

2137 5123 2260 5193 κιὴλ
2283 5123 2460 5190 λέγει·
2488 5120 2581 5190 Γῆ
2611 5122 2703 5191 ἐφ’
2737 5119 2818 5189 ἢν
2845 5122 3150 5191 ῥομφαίαν
3169 5122 3367 5190 ἐπάγω
3394 5120 3487 5173 ἐπ’
3519 5120 3725 5187 αὐτὴν

2137 5201 2235 5271 (τὸ
2265 5201 2341 5262 δὲ,
2376 5199 2596 5269 ἐπάγω,
2628 5199 2748 5252 ἀντὶ
2786 5198 2901 5264 τοῦ,
2929 5199 3359 5272 συγχωρήσω),
3392 5199 3655 5269 καίλάϐῃ
3685 5202 3725 5254 ό

2134 5280 2284 5345 λαός
2309 5279 2417 5347 τῆς
2450 5278 2562 5349 γῆς
2603 5278 2793 5347 ἄνδρα
2830 5279 2940 5332 ἕνα
2959 5319 2973 5341 ,
3003 5279 3101 5333 καί
3139 5279 3449 5333 δώσουσιν
3480 5279 3724 5346 ἑαυτοῖς

2134 5363 2220 5427 εις
2244 5358 2481 5414 σκοπὸν
2508 5358 2608 5412 καὶ
2638 5358 2735 5425 ἴδῃ
2756 5361 2789 5411 ό
2816 5358 3050 5424 σκοπὸς
3079 5357 3193 5427 τὴν
3204 5358 3515 5428 ⁴ῥομφαίαν
3545 5359 3719 5427 ἐρχο-

2128 5440 2344 5509 μένην.
2381 5438 2481 5492 καὶ
2528 5438 2805 5505 σαλπίσῃ
2846 5436 2923 5505 τῇ
2957 5437 3283 5508 σάλπιγγι,
3333 5437 3434 5492 καί
3472 5437 3720 5509 σημάνῃ

2134 5517 2215 5584 τῷ
2243 5517 2390 5583 λαῷ,
2418 5517 2516 5570 καί
2544 5517 2781 5584 ἀκούσῃ
2813 5520 2846 5570 ό
2873 5518 3132 5586 ἁκούων,
3174 5518 3273 5572 καὶ
3306 5515 3394 5587 μὴ
3438 5516 3721 5587 φυλάξη-

2135 5617 2257 5653 ται·
2299 5597 2644 5652 ἐπελθοῦσα
2670 5596 2739 5649 δὲ
2765 5598 2802 5663 ή
2834 5599 3099 5667 ῥομφαία
3130 5598 3436 5666 καταλάϐῃ
3465 5599 3618 5665 τινὰ,
3647 5597 3719 5653 τὸ

2134 5674 2279 5747 αἷμα
2314 5676 2503 5732 αὑτοῦ
2533 5675 2603 5740 ἐξ
2646 5676 2834 5731 αὐτοῦ
2861 5678 3186 5746 ἑκζητήσω,
3217 5679 3308 5733 ὅτι
3344 5681 3455 5733 οὐκ
3484 5678 3720 5747 ἤκουσε

2135 5756 2247 5826 τῆς
2274 5755 2480 5824 φωνῆς
2508 5753 2618 5823 τῆς
2649 5755 3004 5828 σάλπιγγος.
3043 5760 3153 5813 Kal
3176 5760 3358 5813 πάλιν·
3413 5758 3555 5814 Ἐὰν
3578 5758 3647 5813 δὲ
3681 5761 3724 5813 ό

2135 5835 2368 5902 σκοπὸς
2415 5835 2514 5903 ῑδῃ
2564 5835 2679 5901 τὴν
2722 5837 3030 5906 ῥομφαίαν
3070 5840 3420 5908 ἐρχομένην,
3476 5839 3575 5893 καί
3623 5840 3719 5911 μὴ

2138 5916 2414 5985 σαλπίση
2442 5913 2514 5982 τῇ
2543 5914 2851 5986 σάλπιγγι,
2888 5917 2985 5973 καί
3035 5914 3116 5982 τῷ
3142 5919 3270 5986 λαῷ
3302 5920 3390 5991 μὴ
3429 5918 3718 5998 σημάντῑν
