4122 6386
402 377 487 434 ιθδ
1648 376 1965 433 ΡᾹΙᾸΑΙΠΙ

2081 378 2356 441 ALOGUS
3599 375 3668 432 66

406 485 753 543 ἐπελθοῦσα
776 485 844 539 δὲ
873 486 910 554 ἠ
928 486 1198 555 ῥομφαία
1221 486 1525 555 καταλάϐῃ
1554 492 1706 552 τινὰ,
1748 488 1814 541 τὸ
1842 484 1985 557 αἷμα

406 571 596 628 αὑτοῦ
629 571 698 625 ἐκ
729 569 840 638 τῆς
869 572 1066 640 χειρὸς
1093 572 1200 626 τοῦ
1230 572 1467 626 σκοποῦ
1510 570 1819 639 ἐκζητήσω
1844 612 1859 636 ,
1891 572 1979 626 ὅτι

407 653 552 708 ἰδὼν
599 652 716 720 τὴν
756 654 1077 721 ῥομφαίαν,
1124 656 1236 707 οὐκ
1272 653 1591 707 ἐσάλπισε.
1646 653 1846 707 Τοῦτον
1892 655 1983 709 τὸν

406 737 651 792 κίνδυνον
695 736 794 805 οὑχ
843 734 1027 788 ὑπνῶν
1065 735 1156 789 τὸν
1202 738 1300 806 τῆς
1331 737 1588 799 ἀπιστίας
1630 736 1827 802 ὑπνον,
1861 737 1983 791 οὑδὲ

396 820 579 875 ὀκνῶν
608 818 699 872 τὸν
724 820 823 890 τῆς
850 818 1159 890 φιληδονίας
1187 819 1343 873 δκνον
1364 822 1393 871 ὁ
1425 818 1692 891 μακάριος
1731 821 1983 892 Ἰωάννης

404 904 513 973 πρὸ
556 902 851 973 ὀφθαλμῶν
897 902 1058 973 ἔχων,
1112 901 1445 974 ὑψηλότερον
1484 904 1785 972 σάλπιγγος
1830 905 1981 968 ἐϐόα,

401 988 506 1040 οὑκ
534 987 728 1057 ἄδηλον
764 987 998 1056 φθόγγον
1040 986 1341 1057 σημαίνων,
1375 985 1489 1039 ἀλλ’
1522 986 1741 1058 εὑδηλον
1782 988 1983 1057 γνῶσιν

407 1071 663 1141 παρέχων
687 1070 786 1140 τῆς
821 1069 1132 1139 διώολικῆς
1169 1069 1484 1140 ῥομφαίας,
1529 1070 1826 1140 παρεκάλει
1853 1070 1984 1139 φεύ-

405 1168 525 1221 γειν
548 1154 674 1216 τοὺς
704 1153 929 1215 πάντας.
959 1153 1069 1205 Καὶ
1103 1153 1218 1205 ὅσοι
1250 1153 1346 1222 μὲν
1376 1152 1436 1205 τὸ
1471 1154 1709 1217 συνειδὸς
1739 1153 1981 1227 καθαρὸν

404 1236 657 1308 καθάπερ
682 1238 903 1307 σημεῖον
936 1237 1031 1289 ἐπὶ
1063 1236 1157 1290 τοῦ
1189 1237 1290 1306 τῆς
1316 1235 1494 1307 ψυχῆς
1529 1236 1778 1308 μετώπου
1804 1238 1982 1309 ἔσχον,

402 1321 589 1391 ’χάριτι
617 1319 752 1372 Θεοῦ
783 1320 879 1372 σὺν
907 1320 1035 1390 ὑμῖν
1068 1323 1178 1383 τοῖς
1223 1323 1433 1384 πιστοῖς
1473 1320 1766 1391 Ῥωμαίοις
1795 1322 1983 1376 διεσώ-

408 1402 597 1474 θησαν·
629 1402 744 1455 ὅσοι
785 1402 829 1455 δ’
877 1399 944 1456 αὖ
978 1402 1139 1455 πάλιν
1183 1403 1623 1474 μεμολυμμένον,
1661 1407 1789 1469 τοὺς
1816 1406 1979 1473 λαοὺς

405 1489 503 1541 καὶ
530 1488 656 1551 τοὺς
690 1487 853 1557 ἰερεῖς
886 1489 967 1550 εἰς
997 1487 1096 1558 τὴν
1109 1488 1228 1540 κατ’
1264 1487 1506 1559 ἀλλήλων
1532 1488 1860 1555 φιλονεικίαν
1889 1491 1979 1556 ἐξ·-

406 1571 666 1633 έκαυσαν,
702 1570 788 1624 ἵνα
812 1572 925 1634 τοῖς
955 1572 1152 1633 κοινοῖς
1186 1572 1372 1632 κακοῖς
1391 1570 1452 1623 τὸ
1486 1571 1605 1625 καθ’
1636 1573 1861 1636 ἑαυτοὺς
1889 1590 1982 1627 συ-

406 1656 725 1709 σκιάσωσιν.
761 1655 820 1708 ὐ
840 1657 1024 1708 ΔΙΛΚ.
1050 1655 1380 1724 Θαυμασίως
1411 1654 1509 1725 μὲν
1537 1656 1784 1727 εἴρηκας.
1822 1658 1980 1729 Ὠμο-

405 1739 631 1810 λόγηται
676 1740 752 1805 δὲ,
796 1741 876 1794 ὅτι
922 1741 1201 1811 ἀμήχανόν
1232 1742 1349 1793 ἐστι
1386 1741 1650 1811 πρᾶγμα,
1696 1740 1981 1812 ἄνθρωπον

404 1824 693 1895 ἄμεμπτον
721 1827 778 1878 ἐν
806 1823 882 1895 τῷ
915 1824 1177 1895 περιγείῳ
1209 1824 1308 1894 βίῳ
1351 1823 1525 1894 τούτῳ
1563 1824 1854 1896 εὑρεθῆναι
1887 1826 1984 1879 τέ-

403 1908 568 1973 λειον,
601 1910 701 1980 τῆς
729 1908 953 1981 Γραφῆς
981 1908 1246 1978 λεγούσης
1274 1907 1556 1979 πολλαχῶς
1576 1925 1588 1937 ·
1628 1911 1723 1976 Τίς
1759 1910 1985 1979 καυχή-

402 2007 575 2047 σεται
598 1993 794 2063 άτνὴν
824 1993 989 2062 ἔχειν
1013 1993 1127 2060 τὴν
1160 1993 1441 2061 καρδίανς
1470 1994 1508 2062 ἣ
1535 1994 1627 2060 τίς
1653 1995 1984 2063 παρρησιά-

403 2091 574 2130 σεται
622 2076 875 2145 καθαρὸς
921 2070 1075 2130 εἷναι
1117 2077 1235 2130 ἀπὸ
1267 2077 1588 2147 ἁμαρτίας;
1639 2078 1784 2150 Πλὴν
1833 2079 1984 2148 ὅμως

400 2161 503 2214 οὑκ
530 2159 672 2229 ἔγνω
702 2158 1110 2230 χρήσασθαιτῷ
1134 2159 1313 2231 καιρῷ
1337 2162 1365 2213 6
1397 2165 1668 2231 μακάριος
1703 2161 1979 2232 Ἰωάννης·

398 2247 514 2308 τοῖς
566 2244 676 2316 γάρ
727 2244 1159 2315 κεκρατημένοις
1205 2245 1267 2297 οὑ
1325 2244 1405 2297 δεῖ
1452 2249 1858 2317 παρεγχειρεῖν.
1924 2247 1983 2301 '0

415 2328 662 2383 ἘΠΙΣΚ.
706 2327 930 2391 Ἔοικάς
988 2345 1117 2399 μοι,
1168 2327 1301 2382 καλὲ
1350 2329 1593 2399 Θεόδωρε
1617 2371 1631 2394 ,
1677 2331 1983 2403 πανοῦργος

399 2410 685 2483 ὑπάρχειν.
719 2412 1072 2482 Συμπάθειαν
1099 2411 1241 2483 γὰρ,
1265 2412 1342 2475 ῶς
1371 2411 1580 2483 ἔπρεπέ
1615 2429 1718 2476 σοι,
1763 2415 1858 2467 ἀπ’
1885 2415 1985 2485 ἀρ-

400 2494 502 2565 χῆς
528 2497 660 2565 ἡμῖν
689 2494 1125 2566 προϐαλλόμενος
1162 2494 1299 2565 μετά
1324 2511 1473 2557 τινος
1512 2495 1881 2562 κατανύξεως,
1913 2498 1981 2552 ἐκ

399 2576 495 2630 τοῦ
539 2577 681 2632 κατὰ
726 2578 919 2650 μικρὸν
961 2579 1190 2651 εὑρίσκῃ
1245 2576 1636 2648 φιλοσκώπτης
1686 2579 1979 2651 ὑπάρχων·

400 2660 524 2715 οὕτε
556 2662 665 2734 γὰρ
703 2664 755 2715 οἰ
782 2663 1126 2733 νομιζόμενοι
1157 2660 1340 2731 ἐχθροὶ
1378 2659 1520 2713 οὑτω
1545 2660 1732 2726 δεινῶς
1763 2662 1834 2716 τά
1860 2666 1980 2719 κατ’

400 2744 565 2799 αὑτὸν
616 2744 1007 2815 διεμέμψαντο.
1072 2745 1130 2798 'O
1179 2745 1363 2797 AIAK.
1404 2744 1550 2814 Πρὸς
1589 2744 1641 2798 τί
1670 2746 1978 2820 ἠχθέσθης,

402 2826 703 2899 φιλαλήθης
734 2828 991 2893 ἀκούσας,
1035 2829 1247 2899 Πάτερς
1274 2829 1356 2881 ὅτι
1394 2824 1564 2881 εἷπον·
1598 2829 1673 2882 Οὑ
1711 2832 1981 2903 προσέσχε

397 2910 478 2983 τῷ
509 2910 686 2984 καιρῷ
713 2912 743 2964 6
774 2913 1043 2983 μακάριος
1094 2912 1380 2982 Ἰωάννης;
1414 2910 1513 2982 τῆς
1545 2910 1768 2984 Γραφῆς
1794 2913 1983 2983 λεγού-

398 3009 501 3063 aq:
517 3007 536 3029 ·
580 2994 685 3049 Ἐν
709 2995 919 3061 τόποις
944 2992 1263 3048 δυναστῶν
1284 2993 1369 3064 μὴ
1391 2994 1726 3064 ύφίστασο·
1758 2998 1850 3050 καὶ
1878 2999 1984 3052 πά-

397 3077 504 3145 λιν,
549 3077 661 3132 Τὸν
698 3077 909 3147 καιρὸν
931 3075 1424 3148 ἐξαγοραζόμενοι
1446 3119 1460 3142 ,
1493 3079 1729 3151 μάλιστα
1754 3082 1848 3135 ἐπὶ
1876 3082 1981 3136 τῶν

400 3162 722 3234 παραίνεσιν
754 3161 787 3234 ἢ
822 3161 1091 3234 ὠφέλειαν
1126 3162 1200 3233 μὴ
1233 3162 1566 3234 δεχομένων.
1610 3164 1669 3217 '0
1730 3164 1978 3225 ’EIIISK.

396 3244 675 3317 Μακάριοί
698 3246 821 3298 ἐστε
843 3286 859 3311 ,
889 3243 1034 3299 οὑτω
1069 3244 1170 3309 τάς
1204 3245 1427 3317 Γραφάς
1455 3246 1853 3319 ἑρμηνεύοντες
1875 3265 1891 3279 ·
1921 3251 1982 3304 τὸ

393 3331 528 3401 γὰρ,
564 3329 669 3383 Ἐν
690 3330 898 3395 τόποις
916 3328 1237 3383 δυναστῶν
1251 3327 1339 3397 μὴ
1362 3329 1691 3398 ὑφίστασο,
1720 3333 1871 3404 παρά
1904 3335 1983 3406 τῷ

408 3414 808 3485 Ἐκκλησιαστῇ
831 3453 847 3478 ,
899 3412 1037 3485 πρὸς
1080 3415 1210 3476 τοὺς
1252 3412 1505 3477 ἀναξίους
1547 3416 1641 3468 καὶ
1688 3415 1982 3485 ἀδυνάτους

398 3497 696 3569 ιερωσύνης
723 3495 961 3567 εἴρηται,
992 3496 1079 3548 ἵνα
1122 3496 1197 3567 μὴ
1234 3495 1440 3566 ταύτην
1470 3497 1784 3566 άρπάζωσι.
1812 3503 1985 3556 Δυνά-

397 3595 527 3642 στας
551 3579 660 3650 γάρ
684 3579 811 3642 τοὺς
841 3580 959 3632 κατ’
989 3581 1191 3650 ἀρετὴν
1221 3579 1579 3644 διδασκάλους
1613 3580 1761 3650 λέγει
1789 3599 1804 3614 ·
1832 3585 1983 3653 πρῶ-

392 3678 487 3717 τον
522 3662 651 3725 τοὺς
679 3661 1012 3724 ἀποστόλους
1030 3703 1044 3723 ,
1074 3661 1272 3725 οἵτινες
1296 3657 1439 3732 ἦσαν
1466 3665 1728 3719 δυνάσται
1746 3706 1760 3729 ,
1793 3667 1855 3720 τὸ
1883 3669 1983 3739 τῆς

393 3746 676 3816 δυνάμεως
702 3745 1070 3816 ἠμφιεσμένοι
1101 3745 1340 3817 πνεῦμα,
1367 3745 1559 3801 ἔπειτα
1582 3750 1707 3814 τοὺς
1738 3752 1981 3823 μιμητάς

394 3830 619 3885 τούτων.
650 3831 760 3884 Καὶ⁵
784 3830 867 3896 τὸ,
899 3828 1276 3900 ἐξαγορὰζειν
1316 3829 1386 3884 δὲ
1406 3833 1512 3885 τὸν
1550 3833 1781 3903 καιρὸν,
1810 3836 1983 3891 τοιοῦ-

395 3914 489 3969 τόν
516 3912 685 3979 ἐστιν,
728 3914 827 3985 οὐχ
870 3913 958 3968 ἵνα
993 3910 1402 3985 ὑποκριθῶμεν.
1453 3916 1716 3982 κλέπταις
1757 3920 1980 3991 συντρέ-

395 4014 601 4069 χοντες,
637 3998 733 4051 καὶ
783 3995 922 4068 μετά
943 3997 1160 4068 ,μοιχῶν
1188 3999 1287 4069 τὴν
1325 3999 1518 4071 μερίδα
1569 4000 1832 4067 τιθέντες,
1864 4004 1979 4058 ἀλλ’

397 4082 485 4138 ἵνα
527 4082 670 4137 κατά
706 4082 797 4135 τὸν
842 4081 1032 4154 καιρὸν
1078 4083 1176 4153 τῆς
1208 4084 1485 4156 ἁμαρτίας
1511 4084 1600 4139 διὰ
1642 4086 1742 4157 τῆς
1782 4088 1981 4160 ἀρετῆς

391 4168 756 4239 ἀγοράσωμεν
801 4166 894 4221 τὸν
941 4167 1153 4238 καιρὸν,
1189 4167 1264 4239 μὴ
1316 4170 1665 4242 πωλήσαντες
1704 4171 1867 4226 αὑτὸν
1912 4177 1977 4247 τῇ

394 4252 666 4325 ἁμαρτίᾳ.
704 4253 765 4306 ’0
812 4251 870 4306 δὲ
900 4252 1042 4306 κατὰ
1097 4253 1294 4324 μικρὸν
1332 4254 1511 4325 τούτῳ
1556 4254 1633 4326 τῷ
1663 4257 1849 4328 τρόπῳ
1888 4259 1980 4312 τὸν

392 4338 584 4409 καιρὸν
616 4335 986 4408 ἐξαγοράζων,
1015 4336 1136 4391 ὅλον
1172 4337 1367 4390 ἑαυτοῦ
1396 4338 1458 4391 τὸ
1483 4339 1583 4410 ζῇν
1613 4339 1973 4412 ἐξηγόρασεν,

392 4421 803 4491 παραχωρήσας
835 4419 902 4472 τά
934 4418 1028 4472 τοῦ
1065 4418 1181 4489 βίου
1217 4419 1368 4490 ἡδέα,
1419 4421 1504 4473 ἴνα
1551 4422 1620 4476 τά
1669 4424 1811 4495 ὑπὲρ
1864 4425 1980 4497 βίον

392 4503 625 4574 εὑρήσῃ.
657 4502 870 4573 Ὥσπερ
895 4503 989 4555 καὶ
1020 4503 1069 4554 οἱ
1100 4501 1377 4574 μάρτυρες
1406 4507 1763 4576 πεποιήκασι,
1797 4508 1980 4575 δόντες

388 4586 453 4641 τὸ
478 4588 579 4659 ζῇν
611 4587 674 4640 τὸ
699 4586 1010 4657 αἰμάτινον,
1036 4586 1136 4657 τὴν
1166 4586 1474 4656 ἀφθαρσίαν
1508 4588 1977 4662 ὲκληρονόμησαν,

391 4672 595 4742 κυρίως
620 4670 776 4723 αὑτοὶ
805 4670 898 4723 τὸν
930 4669 1122 4738 καιρὸν
1162 4667 1258 4733 ἐξα
1272 4670 1616 4740 ίοράσαντες.
1674 4672 1738 4727 Εἰ
1790 4675 1849 4728 δὲ
1901 4677 1978 4750 μὴ

389 4754 531 4809 οὑτω
560 4754 735 4809 ταῦτα
768 4756 991 4815 νοεῖται,
1020 4753 1233 4806 ἔσονται
1261 4753 1425 4806 καὶοί
1452 4755 1582 4825 περὶ
1614 4757 1853 4812 Μωῦσέα
1883 4761 1978 4813 καὶ

402 4838 590 4893 Ἠλίαν
626 4838 720 4891 καὶ
777 4835 1018 4907 Μιχαίαν
1072 4836 1166 4889 καὶ
1205 4835 1405 4906 Δανιὴλ
1471 4838 1565 4890 καὶ
1580 4838 1835 4912 Ἰωάννην
1884 4842 1978 4896 τὸν

389 4922 699 4994 Βαπτιστὴν
728 4921 822 4975 καὶ
867 4919 1094 4973 Ἡσαΐαν
1128 4920 1223 4972 καὶ
1255 4919 1462 4991 Πέτρον
1493 4921 1587 4974 καὶ
1618 4921 1853 4990 Παῦλον,
1890 4925 1977 4980 ἵνα

392 5007 467 5078 μὴ
495 5006 743 5069 πλείονας
768 5003 909 5058 εἴπω
927 5044 941 5067 ,
990 5002 1080 5055 τὸν
1107 5001 1315 5055 ἑαυτῶν
1346 5003 1538 5073 καιρὸν
1570 5004 1939 5074 ἀγνοήσαντες
1958 5026 1974 5042 ο

388 5090 573 5163 ἐπειδὴ
601 5092 630 5145 6
677 5089 777 5162 μὲν
825 5090 971 5160 φυγῇ
1002 5087 1100 5159 τήν
1130 5087 1403 5157 σωτηρίαν
1438 5087 1615 5159 ἐαυτῷ
1667 5090 1974 5162 πορίζεται,

384 5174 475 5227 διά
506 5178 597 5227 τὸν
623 5173 842 5243 ἔλεγχον
866 5173 960 5226 τὸν
985 5171 1123 5244 πρός
1154 5188 1298 5236 τινα,
1324 5172 1383 5223 ἐν
1405 5172 1587 5243 ὄρεσιν
1615 5172 1827 5228 ἐθνικοῦ
1854 5179 1980 5245 πρό-

389 5259 529 5313 ϐατα
560 5259 739 5329 νέμων
759 5275 774 5288 ·
801 5259 829 5312 6
860 5258 917 5310 δὲ
949 5258 1053 5311 ὑπὸ
1085 5257 1257 5326 κάρου
1296 5258 1363 5328 τῇ
1405 5256 1548 5329 λύπῃ
1584 5259 1859 5325 πιεσθεὶς,
1897 5263 1978 5326 εἰς

388 5342 557 5396 ὑπνον
582 5341 904 5400 κατέπεσεν,
944 5340 1069 5393 οὑτε
1097 5340 1279 5410 τοίχου
1318 5339 1352 5411 ἢ
1394 5339 1598 5411 πέτρας
1630 5342 1790 5396 σκιάν
1827 5345 1979 5416 εὑρί-

389 5443 558 5491 σκων,
597 5425 711 5479 ἀλλ’
757 5424 863 5477 ὑπὸ
899 5424 1066 5493 φυτὸν
1094 5423 1439 5495 ἀρκεύθινον,
1474 5424 1503 5477 6
1542 5425 1636 5478 καὶ
1670 5427 1805 5479 αὑτὸ
1833 5428 1978 5498 ἀμυ-

387 5511 529 5581 δρῶς
561 5507 974 5574 κατασκεπάζει
1008 5523 1034 5551 ι
1056 5526 1071 5541 ·
1111 5510 1141 5561 ὁ
1169 5509 1228 5563 δὲ
1265 5509 1558 5582 ἐπρίζετο·
1590 5511 1618 5563 6
1645 5509 1703 5564 δὲ
1732 5512 1814 5573 εἰς
1840 5511 1976 5566 λάκ-

390 5612 486 5648 κον
519 5594 751 5649 λεόντων
778 5593 1011 5664 ἐχαλᾶτο
1036 5594 1177 5666 ὑπὲρ
1204 5594 1512 5657 εὐσεϐείας·
1536 5596 1565 5647 ὁ
1592 5594 1649 5648 δὲ
1678 5598 1737 5649 ἐν
1760 5597 1974 5669 φυλακῇ

393 5679 557 5752 ἡγουν
597 5679 753 5752 μυχῷ
778 5698 884 5735 τινι
911 5680 1132 5752 δέσμιος
1161 5681 1516 5751 ἐφυλάσσετο,
1543 5682 1707 5752 ἄρτον
1740 5682 1978 5754 θλίψεως

456 5866 484 5896 ⁸
518 5866 598 5916 Slc
617 5866 729 5919 cod.
749 5871 904 5916 recte.
925 5868 1128 5920 Edﬂum
1165 5866 1323 5920 fuerat
1353 5869 1709 5927 κατασκευάζει,
1753 5872 1971 5925 Coleler.

389 5927 504 5991 636,
529 5929 588 5991 Δ,
608 5931 937 5985 κατασκιάζιι.

2092 490 2185 541 καὶ
2219 488 2366 561 ὕδωρ
2413 488 2596 542 στενὸν
2644 487 3058 551 καταδικασθεὶς
3104 486 3419 557 λαμϐάνειν,
3466 485 3533 541 ἵν’
3580 490 3672 544 ἐπὶ

2089 572 2298 642 μακρὸν
2327 572 2766 642 κατατηκόμενκ
2799 572 3007 642 χρόνον.
3036 571 3125 642 βίᾳ
3166 570 3227 623 τδ
3251 569 3349 641 ζῇν
3385 572 3669 645 ἀποῤῥήξῃ

2084 652 2176 707 διὰ
2204 653 2302 723 τὴν
2333 654 2470 726 πρὸς
2497 654 2722 722 βασιλέα
2746 654 2869 707 τινὰ
2898 654 3230 724 παρρησίαν.
3264 654 3330 706 Τί
3361 654 3419 707 δέ
3452 672 3543 725 μοι
3584 654 3670 707 λέο

2088 734 2197 800 ξεις
2220 737 2347 807 περὶ
2366 736 2456 790 τοῦ
2480 737 2682 805 ἀςύγου
2704 738 3064 808 ἐν’γεννητοῖς
3088 736 3364 805 γυναικῶν
3398 738 3669 803 Ἰωάννου;

2085 815 2193 889 ἆρα
2230 821 2329 872 οὑκ
2370 819 2512 886 ἐγνω
2539 819 2615 889 τῷ
2645 819 2822 891 καιρῷ
2852 820 3161 890 χρήσασθαι
3183 861 3197 882 ,
3227 819 3414 891 ἐπειδὴ
3453 820 3543 875 διὰ
3577 820 3672 874 τὸν

2086 904 2503 956 ἀνεπισκίαστον
2558 904 2776 974 ἔλεγχον
2823 905 2922 973 τῆς
2981 903 3220 976 Ἡρώδου
3282 905 3527 975 μοιχείας
3572 905 3671 977 τὴν

2086 985 2326 1055 κεφαλὴν
2369 986 2661 1058 ἀπετμήθη
2682 1028 2696 1048 ,
2734 986 3031 1057 κηδόμενος
3067 986 3163 1039 τοῦ
3202 987 3442 1059 Ἡρώδου
3477 989 3553 1052 ὡς
3586 991 3671 1041 ία-

2084 1067 2212 1137 τρδς
2247 1069 2531 1132 νοσοῦντος
2562 1070 2624 1122 τὸ
2652 1069 2869 1123 ἀνίατον
2905 1069 3074 1134 πάθος
3099 1070 3133 1142 ἢ
3163 1071 3336 1123 καίων
3362 1070 3395 1141 ἢ
3419 1071 3667 1141 τέμνων;

2082 1144 2154 1221 ᾯ
2186 1151 2327 1221 λόγῳ
2369 1151 2464 1205 καὶ
2506 1152 2759 1223 Ἰωάννης
2790 1151 2956 1206 ἐλεῶν
2996 1152 3029 1223 ἢ
3069 1153 3260 1221 φιλῶν,
3296 1153 3496 1225 ἧλεγχε
3539 1157 3686 1221 τοὺς.

2083 1234 2390 1299 νοσοῦντας.
2419 1237 2481 1289 Εἰ
2510 1236 2567 1289 δὲ
2599 1238 2627 1290 ὀ
2675 1235 2987 1307 Βαπτιστής
3018 1237 3111 1290 τὸν
3144 1239 3336 1309 καιρὸν
3374 1241 3475 1293 οὑκ
3504 1240 3667 1309 ἔγνω,

2084 1319 2203 1383 πῶς
2234 1320 2326 1373 τὸν
2351 1320 2600 1392 τεχνίτην
2644 1320 2754 1374 τῶν
2785 1320 2996 1374 αἰώνων
3027 1323 3120 1375 καὶ
3162 1322 3390 1395 ποιητὴν
3432 1324 3667 1393 ἐπέγνω,

2085 1405 2281 1475 φήσας·
2312 1404 2434 1459 Ἴδε
2456 1409 2490 1459 ό
2521 1404 2736 1475 Ἀμνὸς
2762 1403 2868 1457 τοῦ
2896 1403 3064 1469 Θεοῦ,
3093 1408 3127 1459 ό
3145 1407 3327 1477 αίρων
3353 1407 3465 1476 τὴν
3485 1409 3670 1479 ἀμαρ-

2083 1489 2220 1541 τίαν
2264 1486 2370 1541 τοῦ
2402 1488 2672 1557 κόσμου;
2709 1488 2834 1553 Πῶς
2881 1488 2939 1541 δὲ
2982 1490 3083 1543 οὑκ
3120 1490 3262 1557 ἔγνω
3315 1492 3526 1556 Παῦλος
3574 1496 3669 1548 καὶ

2084 1570 2290 1642 Πέτρος
2317 1570 2407 1623 τὸν
2439 1571 2651 1642 καιρὸν,
2677 1574 2727 1625 οἰ
2757 1571 2940 1626 στῦλοι
2965 1574 3065 1645 τῆς
3107 1574 3464 1646 Ἐκκλησίας,
3494 1578 3544 1630 οἱ
3574 1579 3671 1632 καὶ

2087 1655 2225 1723 μετά
2259 1653 2490 1708 θάνατον
2524 1655 2794 1719 κλείοντες
2823 1657 2916 1709 καί¹
2945 1657 3254 1724 ἀνοίγοντες
3281 1660 3406 1722 τοὺς
3430 1660 3530 1731 τῆς
3566 1678 3665 1731 με·

2083 1737 2301 1800 τανοίας
2349 1738 2573 1809 καιροὺς
2629 1742 2740 1802 τοίς
2798 1738 3142 1810 βουλομένοις
3194 1742 3288 1794 καὶ
3341 1742 3668 1814 κρούουσιν;

2083 1818 2272 1889 ἐπειδὴ
2304 1820 2539 1890 μάλιστα
2559 1824 2587 1874 6
2628 1822 2727 1891 μὲν
2757 1824 2849 1875 ἐπὶ
2877 1823 3043 1887 πόδας
3079 1824 3405 1896 σταυροῦται
3430 1867 3445 1892 ,
3477 1828 3557 1890 εἰς
3585 1829 3672 1881 οὑ-

2087 1902 2249 1973 ρανὺν
2281 1904 2380 1974 τὴν
2417 1905 2643 1976 πορείαν
2680 1907 2982 1978 σημαίνων,
3013 1910 3042 1961 6
3069 1908 3127 1961 δὲ
3158 1912 3552 1981 καρατομεῖται
3581 1910 3670 1966 διὰ

2083 1987 2183 2058 τὴν
2221 1989 2279 2041 ἐν
2326 1987 2549 2059 Χριστῴ
2582 1991 2919 2061 παρρησίαν,
2954 1992 3042 2047 ἵνα
3082 1992 3183 2059 τῆς
3216 1992 3386 2058 ὅντως
3422 1995 3667 2067 κεφαλῆς

2087 2073 2161 2141 μὴ
2192 2069 2419 2144 ἐκπέσῃ.
2451 2072 2541 2143 Μὴ
2584 2073 2764 2126 τοίνυν
2796 2074 3060 2144 ἀποδέχου
3099 2075 3226 2138 τοὺς
3272 2078 3391 2147 μετ’
3435 2078 3667 2151 ἐπισκήο

2081 2153 2228 2222 ψεως
2253 2152 2351 2225 τὴν
2377 2155 2485 2209 τῶν
2518 2155 2689 2224 ἀγίων
2720 2157 3104 2223 διαϐάλλοντας
3127 2161 3458 2232 παρρησίαν.
3504 2163 3669 2217 Ἐθνι-

2083 2237 2194 2292 κῶν
2217 2238 2325 2310 γάρ
2348 2240 2440 2292 καὶ
2460 2241 2787 2311 οἰησισόφων
2811 2243 2842 2312 ἡ
2871 2243 3125 2314 συνήθεια
3150 2243 3311 2315 αὕτη,
3341 2247 3668 2315 φιλοζωοῦν-

2082 2339 2190 2374 των
2219 2323 2313 2376 καὶ
2356 2324 2882 2393 φιλοσκωπτούντων
2918 2326 3019 2397 τὴν
3048 2326 3156 2380 τῶν
3197 2330 3494 2401 μαρτύρων
3524 2332 3670 2386 ἀδει-

2081 2405 2219 2460 λίαν.
2252 2406 2389 2461 Οὑτε
2422 2408 2531 2480 γάρ
2570 2409 2843 2480 μάχαιραν
2871 2410 3157 2480 ἀμϐλεῖαν,
3198 2412 3322 2466 οὔτε
3356 2416 3669 2487 παρρησίαν

2081 2491 2360 2563 ἄπρακτον
2383 2488 2523 2547 εἶναι
2546 2493 2648 2547 δεῖ.
2682 2494 2790 2547 Καὶ
2816 2493 3004 2566 ῶσπερ
3031 2494 3122 2548 τοῦ
3159 2495 3331 2571 μύρου
3364 2498 3669 2570 ἀχώριστος

2082 2575 2116 2644 ἡ
2143 2576 2371 2641 εὐωδία,
2410 2576 2555 2630 οὑτω
2592 2577 2690 2648 τῆς
2717 2579 3029 2649 παρρησίας
3057 2582 3090 2650 ή
3119 2579 3317 2634 εὑνοια.
3358 2582 3468 2636 Καὶ
3491 2585 3541 2636 εἰ
3571 2585 3669 2655 μὲν

2086 2656 2367 2724 ἰδιωτικῶς
2412 2660 2507 2713 ἐπὶ
2554 2660 2782 2713 οἰκετῶν
2831 2662 2864 2731 ἢ
2914 2662 3082 2731 φίλων
3124 2664 3157 2734 ἢ
3194 2664 3342 2718 ἰδίων
3372 2667 3421 2719 οἰ
3457 2665 3667 2737 ἔλεγχοι

2082 2741 2339 2810 ἐγίνοντο,
2372 2744 2459 2813 ἐφ’
2489 2739 2565 2797 ὧν
2595 2744 2772 2797 καὶτὸ
2804 2745 3127 2816 ἐρυθριάσαι
3153 2748 3430 2819 φορτικὸν,
3468 2749 3667 2821 ἐγκλη-

2081 2839 2172 2886 τος
2212 2824 2341 2888 ῐσως
2374 2826 2403 2877 6
2445 2827 2983 2897 παρρησιαζόμενος,
3018 2827 3142 2882 οὔτε
3185 2830 3395 2902 καιρὸν,
3426 2830 3550 2886 οὕτε
3576 2834 3667 2887 τό·
3732 2873 3736 2877 -

2082 2924 2182 2959 πον
2211 2908 2511 2979 γνωρίσας·
2550 2910 2598 2960 εἰ
2631 2909 2687 2961 δὲ
2719 2909 2973 2982 καθάπερ
2996 2912 3055 2964 ἐν
3083 2913 3338 2985 μακέλλῳ
3366 2918 3432 2986 τῇ
3465 2917 3666 2990 ἐκκλη-

2083 2991 2174 3060 σίᾳ
2206 2989 2299 3042 καὶ
2337 2990 2387 3042 οἰ
2420 2989 2634 3044 ἔπαινοι
2668 2992 2909 3060 γίνονται
2953 2993 3060 3047 τῶν
3108 2996 3537 3067 κατορθούντων,
3573 2989 3668 3054 καὶ

2079 3075 2129 3126 οἱ
2162 3073 2320 3143 ψόγοι
2349 3073 2458 3127 τῶν
2483 3076 2852 3144 ἀμελούντων,
2876 3077 2930 3131 τί
2952 3080 3340 3151 τραχυνόμεθα
3375 3082 3514 3155 πρὸς
3538 3087 3668 3149 τοὺς

2080 3157 2338 3229 ἐλέγχους
2361 3158 2664 3230 ἀνωνύμως
2691 3162 2787 3214 καὶ
2828 3163 3125 3232 ἐπωφελῶς
3154 3166 3287 3236 ἡμῖν
3309 3167 3663 3237 γινομένους;

2083 3242 2385 3306 σιτεύοντες
2430 3242 2531 3307 τὰς
2560 3244 2770 3309 αἰτίας,
2816 3249 2877 3300 οὑ
2914 3246 3226 3320 πειθόμενοι
3262 3249 3340 3320 τῷ
3382 3253 3664 3324 εἰρηκότι·

2079 3324 2212 3380 Πᾶν
2242 3325 2307 3379 τὸ
2340 3326 2412 3379 ἐν
2431 3326 2721 3394 μακέλλῳ
2750 3331 3144 3400 πωλούμενον
3183 3334 3436 3399 ἐσθίετε,
3471 3336 3670 3405 μηδὲν

2079 3409 2525 3477 ἀνακρίνοντες.
2559 3409 2623 3463 Εἰ
2661 3411 2719 3465 δὲ
2752 3413 2827 3483 μὴ
2870 3413 3029 3467 τοῦτο
3054 3414 3228 3478 ἔσται,
3261 3415 3473 3472 ἔσονται
3503 3419 3667 3475 πάλιν

2079 3493 2130 3544 οἱ
2157 3492 2302 3561 ἅγιοι
2323 3493 2775 3559 σκανδαλίσαντες
2796 3496 2894 3566 μέν
2912 3514 3064 3563 τινας
3091 3500 3276 3563 πόλεις
3299 3502 3331 3572 ἢ
3360 3501 3544 3574 χώρας
3572 3505 3668 3562 ἐπὶ

2080 3580 2191 3639 τοῖς
2212 3576 2472 3647 ἐλέγχοις,
2495 3579 2991 3650 ἐκτραχηλίσαντες
3006 3584 3064 3636 δὲ
3084 3587 3197 3648 τοῖς
3220 3586 3465 3651 ἐπαίνοις
3479 3588 3665 3653 ἄλλας.

2082 3660 2305 3731 Πρῶτος
2323 3662 2352 3713 ὁ
2374 3662 2530 3731 ἆγιος
2561 3663 2698 3729 Ἰὼϐ,
2720 3666 2974 3738 Φοινίκην
2994 3668 3120 3722 τινὰ
3141 3668 3442 3725 διαϐάλλων
3461 3670 3666 3743 χώραν,

2080 3744 2157 3805 ῶς
2194 3746 2581 3818 ἐπισπωμένην
2623 3747 2716 3801 τὸν
2758 3748 2906 3819 αὑτῷ
2947 3752 3437 3823 προσπολεμοῦντα
3466 3758 3665 3822 Σατάν,

2080 3827 2263 3892 καθὼς
2293 3828 2478 3898 λέγει·
2511 3830 2932 3900 Μεριτεύονται
2973 3833 3042 3886 δὲ
3074 3837 3263 3889 αὐτὸν
3294 3837 3437 3908 γένη
3473 3842 3668 3895 Φοινί-

2080 3929 2221 3966 κων.
2255 3911 2485 3967 Ἔπειτα
2507 3915 2745 3987 Μωὺσῆς
2770 3916 2863 3969 καὶ
2885 3918 2933 3969 οἱ
2963 3919 3238 3989 προφῆται
3266 3920 3361 3991 τὴν
3392 3923 3668 3991 Δίγυπτον

2078 3996 2470 4063 διαϐάλλοντες,
2504 4000 2598 4052 καὶ
2622 4001 2849 4070 κάμινον
2876 4001 3100 4074 σιδηρᾶν
3134 4006 3659 4077 προσαγορεύοντες,

2079 4081 2174 4134 καὶ
2202 4082 2416 4145 σκότοςς
2444 4083 2538 4136 καὶ
2563 4082 2661 4155 τὴν
2683 4083 3048 4155 Παλαιστίνην
3079 4087 3544 4160 ἐγκωμιάζοντες,
3570 4096 3665 4149 καὶ

2077 4164 2184 4233 γῆν
2208 4165 2542 4233 ἐπαγγελίας
2570 4166 2993 4233 ἀποκαλοῦντες,
3020 4169 3416 4245 εὑρισκομένην
3435 4175 3535 4245 τὴν
3564 4177 3666 4246 μὲν

2080 4249 2355 4331 Αἴγυπτον
2375 4249 2452 4321 τῷ
2471 4251 2746 4321 σπουδαίῳ
2763 4251 2867 4321 γῆν
2886 4254 3242 4321 ἐπαγγελίας,
3267 4256 3344 4328 τῷ
3359 4258 3414 4311 δὲ
3438 4260 3668 4331 ρᾳθὺμῳ

2076 4330 2175 4403 τὴν
2218 4333 2605 4404 Παλαιστίνην,
2647 4334 2709 4387 οὑ
2761 4334 2921 4405 μόνον
2974 4338 3207 4407 κάμινον
3246 4330 3494 4413 σιδηρᾶν,
3530 4330 3667 4399 ἀλλά

2078 4418 2172 4470 καὶ
2196 4418 2384 4482 σκότος
2406 4417 2670 4491 ἐξώτερον
2694 4422 2761 4490 τῇ
2800 4421 3027 4491 ἀπιστίᾳ
3047 4437 3062 4451 ·
3092 4423 3253 4476 ὁπότε
3286 4426 3346 4477 οὑ
3381 4426 3452 4479 τὰ
3483 4427 3662 4500 χωρία

2076 4502 2253 4570 ψεκτά
2280 4502 2313 4575 ἢ
2343 4504 2619 4567 ἐπαινετά,
2662 4504 2799 4558 ἀλλὰ.
2823 4505 2891 4559 τά
2916 4506 3343 4578 ἐπιτηδεύματα.
3377 4510 3442 4562 Τί
3485 4511 3542 4564 δέ
3574 4528 3665 4584 μοι

2078 4586 2171 4638 καί
2199 4587 2280 4650 εἰς
2320 4586 2495 4657 μῆκος
2520 4587 2783 4642 ἐκτείνειν
2828 4591 2921 4642 τὸν
2955 4588 3133 4657 λόγον,
3176 4591 3270 4644 καὶ
3313 4592 3388 4663 μὴ
3418 4593 3528 4647 ἀπὸ
3553 4595 3666 4649 τῶν

2078 4669 2359 4741 συντόμων
2410 4671 2714 4741 άρχεσθαι;
2762 4667 2914 4743 *Αρά
2961 4689 3025 4741 γε
3081 4676 3110 4727 6
3155 4673 3368 4738 Παῦλος
3391 4677 3666 4745 ψεύστας

2078 4752 2303 4824 Κρῆτας
2332 4753 2643 4818 ἀποκαλῶν,
2685 4754 2780 4810 καὶ
2808 4756 3050 4819 Γαλάτας
3080 4757 3399 4826 ἀνοήτους,
3418 4761 3513 4815 καὶ
3552 4764 3664 4817 Κο-

2079 4835 2318 4909 ρινθίους
2355 4839 2874 4907 πεφυσιωμένους,
2910 4840 3003 4892 καὶ
3023 4840 3215 4904 ἄλλους
3254 4842 3421 4910 ἄλλα,
3455 4844 3665 4910 τούτοις

2082 4919 2261 4990 μόνοις
2290 4920 2532 4990 συνέγνω
2563 4922 2632 4975 τὰ
2664 4922 2833 4991 πάθη,
2867 4922 2942 4987 ὡς
2969 4924 3154 4994 μόνοις
3179 4925 3271 4979 τὸν
3299 4927 3521 4999 ἔλεγχον
3568 4932 3665 4984 ἐπ-

2078 5004 2319 5073 αγαγὼν,
2349 5005 2382 5077 ἧ
2408 5006 2503 5059 καὶ
2531 5010 2643 5071 τοῖς
2676 5009 2870 5071 πᾶσιν;
2900 5007 2932 5078 ἢ
2958 5009 3225 5065 ἀνάπαλιν
3247 5014 3502 5079 πιστοὺς
3528 5016 3663 5070 Ῥω-

2081 5090 2276 5160 μαίους
2319 5090 2632 5151 ἀποκαλῶν,
2679 5092 2771 5145 καί
2812 5093 3051 5161 μύστας
3090 5094 3391 5162 Ἐφεσίους,
3441 5091 3524 5162 οἷς
3572 5114 3664 5153 κατ

2078 5173 2408 5245 ὑψηλότερον
2434 5174 2771 5238 ἐπιστέλλει,
2812 5175 2907 5228 καὶ
2944 5176 3362 5247 φιλαδέλφους
3397 5180 3666 5237 Θεσσαλο-

2078 5260 2268 5320 νικεῖς,
2308 5256 2490 5327 μόνοις
2526 5258 2899 5329 περιέγραψεν
2928 5261 3054 5324 τοὺς
3090 5262 3376 5329 ἐπαίνους;
3413 5266 3488 5319 Οὑ
3525 5279 3664 5319 παν-

2075 5357 2203 5404 τως·
2223 5338 2339 5394 ἀλλ*
2366 5338 2442 5394 ὡς
2471 5342 2920 5413 πνευματοφόρος
2944 5344 3155 5398 τέθεικε
3184 5348 3278 5399 καὶ
3304 5349 3432 5412 τοὺς
3459 5350 3666 5419 ψόγους

2078 5425 2173 5478 καὶ
2213 5425 2340 5488 τοὺς
2395 5424 2672 5488 ἐπαίνους,
2732 5426 2820 5479 ἵνα
2872 5422 3049 5498 δ’μὲν
3095 5429 3245 5496 ἄξιος
3271 5431 3380 5485 τῶν
3421 5434 3662 5488 ἐπαίνων

2078 5510 2354 5579 ἐπιγνοὺς,
2386 5508 2595 5581 τονωθῇ
2623 5512 2691 5580 τῇ
2725 5511 3025 5584 προθυμία,
3054 5515 3083 5567 6
3102 5514 3159 5568 δὲ
3186 5514 3373 5587 ἕτερος
3398 5518 3660 5588 ἐντυχὼν,

2077 5593 2306 5666 ὀδυνηθῇ
2336 5596 2401 5666 τῇ
2437 5595 2763 5665 ὑπομνήσει,
2803 5596 3248 5668 ἀποτριψάμενος
3280 5600 3374 5653 τοῦ
3406 5600 3578 5672 ψόγου
3600 5604 3664 5656 τδ

2078 5677 2269 5733 αἴτιον.
2298 5676 2435 5732 οὑτε
2464 5673 2557 5732 οὖν
2581 5678 2733 5749 μόνοι
2757 5679 2994 5733 Γαλάται
3022 5682 3260 5754 ἀνόητοι,
3288 5684 3413 5737 οὑτε
3445 5686 3663 5757 Κρῆτες

2077 5761 2330 5831 ψεῦσται,
2364 5759 2488 5815 οὔτε
2524 5761 2802 5834 Κορίνθιοι
2828 5764 3204 5836 ὑπερήφανοι·
3236 5769 3513 5841 πανταχοῦ
3550 5771 3662 5843 γὰρ

2077 5845 2148 5899 τὰ
2176 5844 2353 5899 πάντα
2376 5844 2633 5916 ὑπάρχει,
2663 5845 2757 5899 τοῦ
2796 5847 2925 5917 μίαν
2948 5842 3087 5902 εἶναι
3137 5852 3231 5905 καὶ
3268 5852 3367 5924 τὴν
3408 5842 3663 5926 ἁμαρτά-

2080 5946 2275 5987 νουσαν
2308 5927 2397 5983 καὶ
2445 5927 2545 6000 τήν
2591 5928 2960 6001 κατορθοῦσαν
2994 5930 3176 6002 φύσιν,
3212 5934 3306 5990 καὶ
3352 5935 3530 5991 ἐκεῖνο
3563 5936 3684 5993 καῒκ
