4122 6386
439 367 507 421 65
1431 360 1516 414 DE
1558 358 1714 413 VITA
1754 357 1791 412 S
1853 353 2129 411 JOANNIS
2165 353 2656 413 CllRYSOSTOMl.
3622 363 3691 416 (ut

433 482 568 534 dans
586 476 829 532 diabolici
846 475 1024 546 gladii,
1046 474 1221 544 fugere
1236 486 1421 526 omnes
1438 472 1761 525 hortabatur.
1777 470 2015 537 Quicum-

434 585 537 638 que
552 580 726 624 autem
748 565 1121 622 conscientiam
1136 580 1345 635 puram,
1361 564 1516 617 veluti
1533 564 1741 632 signum
1760 562 1809 613 in
1825 558 2015 613 anima:

438 664 630 725 fronte,
665 660 995 721 habuerunt,
1026 672 1119 724 per
1145 656 1364 725 gratiam
1394 654 1484 708 Dei
1511 668 1629 707 cum
1650 651 1800 706 vobis
1820 650 2017 703 Roma-

436 752 519 804 nis
535 750 773 804 ﬁdelibus
793 749 984 802 servati
1003 756 1125 801 sunt
1145 762 1159 799 :
1182 746 1271 816 qui
1289 761 1414 799 vero
1435 745 1777 813 inquinatam,
1794 742 2014 810 populos

435 857 497 897 ac
541 842 844 896 sacerdotes
884 841 935 893 in
978 850 1215 893 mutuum
1243 847 1509 892 certamen
1540 836 1928 899 accenderunt,
1958 843 2013 886 ut

439 933 661 1000 publicis
690 932 841 985 malis
881 945 974 984 sua
1021 928 1419 983 obumbrarent.
1456 927 1603 979 DIAC.
1634 926 1764 979 Mire
1800 923 2010 993 quidem

436 1026 646 1079 dixisti.
693 1022 911 1077 Constat
950 1030 1125 1075 autem
1155 1019 1264 1074 ﬁeri
1296 1034 1398 1072 non
1437 1032 1625 1087 posse,
1676 1028 1731 1070 ut
1771 1016 1931 1069 immo
1959 1015 2010 1068 in

437 1117 535 1170 hac
558 1128 761 1171 terrena
785 1116 887 1168 vita
921 1111 1401 1182 irrcprehensibilis
1426 1124 1643 1179 prorsus
1673 1107 1968 1161 inveniatur
1990 1148 2008 1173 ,

435 1209 646 1263 dicente
684 1206 921 1276 pluribus
962 1206 1015 1258 in
1046 1205 1180 1257 locis
1208 1202 1476 1270 Scriptura
1512 1218 1525 1254 :
1558 1200 1681 1265 Quis
1716 1197 2011 1268 gloriabitur

435 1299 679 1351 mundum
703 1314 755 1351 se
780 1297 959 1349 habere
979 1295 1103 1348 cor?
1126 1304 1212 1346 aut
1248 1294 1357 1361 quis
1384 1292 1622 1360 ﬁduciam
1661 1287 1882 1351 habebit,
1915 1304 2010 1357 pu-

434 1407 547 1442 rum
567 1406 620 1443 se
643 1406 749 1443 esse
767 1406 797 1440 a
826 1398 1026 1456 peccato
1049 1386 1228 1458 (Prov.
1255 1385 1347 1440 20.
1375 1385 1467 1453 9)?
1499 1384 1688 1438 Verum
1722 1399 1823 1435 non
1864 1383 2010 1435 novit

432 1482 510 1534 uti
534 1491 772 1549 tempore
799 1480 852 1533 Β.
881 1478 1113 1533 Joannes
1145 1496 1156 1530 :
1190 1492 1276 1531 res
1302 1477 1442 1530 enim
1468 1476 1780 1529 constitutas
1810 1483 2008 1527 temere

435 1586 650 1625 movere
677 1585 781 1624 non
811 1577 1039 1638 Oportet.
1067 1568 1242 1622 Ertsc.
1270 1567 1473 1620 Videris
1501 1566 1649 1630 mihi,
1678 1566 1815 1620 bone
1835 1564 2008 1618 Theo-

433 1660 585 1724 dore,
616 1661 831 1714 nimium
860 1668 1064 1714 astutus
1095 1674 1232 1713 esse.
1258 1658 1390 1711 Cum
1421 1657 1560 1710 enim
1602 1657 1749 1709 initio
1787 1656 2008 1709 misera—

437 1752 634 1805 tionem
661 1793 675 1816 ,
709 1762 764 1804 ut
812 1750 1032 1814 decuit,
1064 1749 1218 1803 nobis
1264 1747 1565 1802 exhibueris
1609 1761 1731 1800 cum
1780 1746 2005 1815 quadam

435 1843 839 1908 compunctione
869 1883 884 1907 ,
913 1840 1034 1895 inde
1057 1840 1306 1909 paulatim
1349 1839 1502 1892 dicax
1542 1838 1723 1891 irrisor
1757 1837 2007 1891 inveniris

424 1934 552 1975 esse
575 1940 590 1976 :
612 1935 786 1989 neque
808 1919 900 1988 qui
920 1920 1248 1987 putabantur
1266 1918 1494 1989 inimici,
1513 1928 1622 1976 tam
1640 1923 1838 1979 acriter
1855 1924 2009 1979 illum

429 2015 833 2079 vituperarunt.
854 2010 1004 2064 Duc.
1024 2010 1164 2075 Quid
1181 2010 1693 2081 indignaris,Pater,
1711 2016 1803 2085 qui
1819 2017 2015 2070 verita-

431 2100 503 2155 tis
523 2116 714 2155 amans
727 2101 906 2168 audis,
925 2103 1069 2172 quod
1085 2100 1314 2155 dixerim
1335 2119 1443 2157 non
1461 2114 1785 2161 observasse
1798 2115 2013 2178 tempus

429 2191 647 2245 beatum
670 2191 973 2247 Joannem?
994 2208 1117 2246 cum
1142 2192 1423 2262 Scriptura
1449 2195 1627 2248 dicat:
1663 2194 1728 2249 In
1762 2198 1888 2251 locis
1919 2216 2013 2267 po-

428 2286 651 2338 tentium
673 2302 735 2339 ne
764 2286 1023 2340 subsistas
1049 2285 1235 2355 (Prov.
1263 2285 1353 2339 ‘23.
1378 2286 1457 2357 6.)
1482 2307 1494 2341 :
1525 2299 1578 2343 et
1608 2304 1825 2356 rursus,
1854 2290 2015 2346 Redi-

428 2388 626 2432 meutes
644 2387 843 2444 tempus
861 2378 1074 2449 (Ep/tes.
1093 2381 1147 2442 5,
1168 2379 1259 2447 if;
1280 2381 1536 2451 Gol.4.5),
1559 2385 1857 2452 praesertim
1876 2385 1925 2438 in
1946 2386 2012 2441 iis

426 2470 520 2539 qui
542 2472 747 2525 monita
772 2472 1172 2544 utilitatemque
1190 2492 1297 2529 non
1318 2474 1633 2529 admittunt.
1661 2476 1838 2532 Eptsc.
1860 2477 2009 2532 Beati

420 2562 583 2625 estis,
604 2564 799 2633 quisic
819 2563 1131 2636 Scripturas
1151 2568 1606 2638 interpretamini.
1633 2568 1687 2624 Id
1704 2572 1847 2625 enim
1867 2573 2009 2641 apud

425 2652 823 2719 Ecclesiasten,
853 2656 919 2712 In
944 2660 1073 2713 locis
1096 2671 1366 2726 potentum
1394 2680 1454 2715 ne
1481 2664 1710 2728 steteris,
1740 2664 2007 2721 adversus

422 2743 681 2815 indignos
702 2755 757 2800 et
783 2745 1072 2817 incapaces
1104 2751 1398 2804 sacerdotii
1420 2751 1624 2806 dictum
1648 2763 1755 2818 est,
1781 2771 1847 2809 ne
1873 2756 2007 2810 illud

422 2836 660 2906 rapiant.
678 2836 936 2893 Potentes
966 2841 1133 2907 enim,
1158 2842 1375 2897 virtutis
1392 2846 1831 2914 magistrosdicit
1858 2867 1870 2901 :
1896 2851 2007 2918 prio

420 2942 574 2981 mum
598 2928 818 2997 quidem
846 2930 1146 2999 apostolos,
1178 2932 1269 3001 qui
1296 2943 1454 2987 erant
1486 2943 1756 3003 potentes,
1782 2936 2003 2991 virtutis

424 3018 674 3087 spiritum
699 3019 913 3075 induti:
947 3021 1143 3078 deinde
1162 3040 1351 3079 eorum
1380 3025 1698 3082 imitatores.
1742 3026 1806 3080 Et
1830 3027 1963 3083 illud
1986 3071 2001 3095 ,

417 3109 692 3166 Redimere
709 3122 932 3179 tempus,
954 3115 1181 3184 perinde
1194 3126 1278 3173 est
1294 3133 1380 3180 ac,
1395 3116 1471 3173 Ne
1486 3119 1780 3189 hypocrita:
1802 3120 1998 3183 simus.

421 3211 540 3248 cum
568 3194 769 3250 furibus
797 3205 1070 3250 currentes
1094 3237 1109 3261 ,
1137 3205 1190 3250 et
1211 3211 1331 3250 eum
1358 3196 1610 3251 adulteris
1654 3207 1853 3266 partem
1894 3214 1991 3267 po-

421 3296 643 3350 nentes;
672 3286 764 3339 sed
795 3295 851 3340 ut
892 3297 1128 3355 tempore
1165 3302 1261 3341 suo
1311 3298 1517 3355 tempus
1556 3289 1758 3358 peccati
1799 3289 1992 3344 virtute

417 3376 737 3431 redimamus
760 3418 775 3441 ,
801 3392 903 3430 non
932 3377 1057 3431 illud
1086 3386 1301 3446 peccato
1330 3378 1639 3432 vendentes.
1670 3378 1770 3446 Qui
1814 3388 1989 3433 autem

420 3470 521 3524 hoc
562 3471 720 3524 modo
766 3470 1018 3539 paulatim
1059 3480 1265 3539 tempus
1310 3470 1543 3537 redimit,
1577 3479 1739 3525 totam
1780 3472 1993 3524 redimit

420 3565 578 3617 vitam
608 3579 793 3631 suam,
823 3573 880 3618 ut
903 3564 1115 3618 omissis
1152 3564 1330 3618 saeculi
1367 3564 1725 3633 voluptatibus
1759 3565 1989 3620 cmlestia

418 3658 553 3711 dona
580 3658 913 3711 nanciscatur
937 3674 949 3709 :
973 3656 1239 3726 quomodo
1258 3666 1311 3710 et
1331 3666 1592 3728 martyres
1615 3656 1875 3724 fecerunt,
1900 3658 1989 3727 qui

419 3749 554 3803 hanc
569 3764 876 3819 corpoream
898 3749 1056 3802 vitam
1078 3759 1425 3818 exponentes,
1442 3749 1988 3818 incorruptibilitatem

417 3842 688 3895 consecuti
732 3850 1103 3905 suut,revera
1147 3840 1245 3909 ipsi
1292 3850 1498 3908 tempus
1546 3840 1884 3896 redimentes.
1932 3842 1986 3895 Si

419 3947 546 3986 veto
572 3933 668 3985 ista
697 3948 799 3984 non
829 3932 905 3985 sic
930 3932 1289 4001 intelliguntur
1312 3972 1327 3994 ,
1354 3930 1564 4002 Moyses
1588 3943 1736 3987 certe
1762 3942 1816 3987 et
1846 3933 1987 3987 Elias

417 4031 473 4077 et
498 4021 742 4076 Micharas
782 4032 835 4075 et
868 4022 1047 4076 Daniel
1077 4032 1133 4076 et
1157 4021 1391 4076 Joannes
1416 4022 1649 4091 Baptista
1672 4031 1725 4097 et
1752 4022 1912 4078 Isaias
1936 4034 1989 4078 et

420 4112 605 4166 l‘etrus
629 4121 783 4180 atque
806 4111 1015 4174 Paulus,
1042 4126 1107 4165 ne
1129 4111 1305 4180 plures
1325 4126 1761 4179 commemorem,
1783 4124 1989 4185 tempus

416 4220 572 4259 suum
590 4205 859 4273 ignorasse
881 4204 1209 4258 invenientur
1223 4220 1235 4255 :
1249 4204 1497 4273 quoniam
1520 4203 1610 4259 ille
1625 4203 1745 4275 fuga
1765 4204 1986 4260 salutem

416 4296 518 4350 sibi
545 4296 730 4365 quaerit
757 4296 825 4349 ob
851 4295 1317 4364 reprehensionem
1346 4294 1602 4364 alicujus,
1623 4294 1749 4350 dum
1774 4297 1988 4367 gentilis

414 4387 688 4456 cujusdam
718 4402 850 4441 oves
875 4387 925 4440 in
950 4396 1129 4441 monte
1160 4397 1399 4455 pasceret
1421 4404 1434 4439 :
1458 4385 1593 4441 alius
1618 4401 1727 4456 pra:
1753 4397 1980 4457 torpore,

414 4482 597 4537 dolore
623 4497 927 4550 oppressus,
962 4481 1015 4535 in
1039 4496 1282 4535 somnum
1314 4482 1546 4547 decidit;
1572 4497 1741 4552 neque
1769 4483 1984 4552 parietis

412 4582 501 4625 aut
529 4573 640 4626 saxi
663 4572 935 4626 inveniens
964 4574 1225 4639 umbram,
1254 4573 1347 4627 sed
1370 4574 1469 4628 sub
1485 4573 1716 4643 juniperi
1737 4575 1982 4644 virgulto,

412 4663 553 4733 qttod
579 4674 633 4717 et
660 4666 828 4733 ipsum
856 4665 992 4719 exile
1012 4674 1147 4732 erat,
1172 4679 1231 4719 se
1255 4666 1477 4720 collocat
1501 4668 1520 4736 (
1542 4667 1577 4721 '5
1602 4666 1728 4736 Reg.
1756 4666 1842 4722 l9.
1870 4667 1943 4739 4)
1968 4687 1980 4721 :

412 4758 547 4811 alius
589 4771 735 4810 serra
787 4756 1106 4813 secabatur:
1139 4758 1272 4811 alius
1303 4773 1399 4825 pro
1444 4763 1637 4827 pietate
1677 4759 1728 4813 in
1778 4758 1984 4815 foveam

414 4848 627 4901 leonum
665 4847 1040 4901 demittebatur
1065 4865 1079 4900 :
1107 4847 1241 4901 alius
1276 4848 1327 4901 in
1367 4862 1615 4912 carcere,
1645 4848 1746 4903 hoc
1786 4859 1904 4916 est,
1931 4851 1981 4904 iu

410 4952 571 5005 specu
589 4938 813 5005 quodam
830 4938 1037 4992 vinctus
1055 4939 1383 5003 servabatur,
1402 4953 1590 5007 panem
1610 4938 1979 5006 tribulationis,

410 5038 465 5081 et
495 5043 686 5097 aquam
725 5029 979 5097 angustia:
1025 5044 1235 5083 sumere
1282 5030 1663 5085 condemnatus
1686 5072 1701 5095 ,
1728 5040 1783 5086 ut
1824 5032 1982 5101 longo

412 5132 651 5188 tempore
674 5120 1054 5175 contabescens
1076 5162 1091 5185 ,
1117 5122 1273 5175 vitam
1301 5122 1350 5174 vi
1378 5122 1736 5191 abrumperet,
1767 5136 1982 5193 prapter

409 5227 557 5265 suam
585 5213 838 5267 adversus
862 5228 1037 5283 regem
1072 5215 1351 5282 quemdam
1384 5217 1631 5283 loquendi
1660 5216 1976 5271 libertatem.

406 5304 546 5371 Quid
590 5312 766 5357 autem
810 5303 938 5356 mihi
966 5303 1112 5357 dices
1151 5304 1217 5358 de
1254 5304 1489 5369 Joanne,
1522 5305 1613 5374 qui
1661 5307 1799 5360 inter
1828 5317 1979 5361 natos

406 5395 684 5448 mulierum
712 5406 891 5464 parem
910 5411 1013 5448 non
1039 5395 1227 5449 habet?
1247 5411 1314 5448 an
1333 5396 1545 5449 minime
1566 5405 1717 5449 norat
1743 5404 1980 5465 tempore

406 5488 505 5546 uti.
530 5485 778 5556 quoniam
805 5496 1020 5556 propter
1039 5498 1273 5554 apertam
1300 5496 1353 5539 et
1374 5486 1589 5541 minime
1614 5486 1979 5542 adumbratant

406 5581 649 5636 adulterii
697 5581 920 5636 llerodis
950 5581 1360 5648 increpationem
1393 5579 1565 5646 capite
1601 5580 1832 5636 minutus
1854 5588 1973 5646 est,

405 5681 681 5737 curans,ut
698 5674 933 5728 medicus
946 5673 1204 5727 Herodem
1218 5671 1491 5727 insanabili
1511 5672 1697 5727 morbo
1708 5670 1972 5737 aﬁ'ectum,

404 5778 493 5823 aut
515 5782 691 5833 urens,
711 5777 800 5823 aut
816 5766 1033 5822 secans?
1050 5766 1161 5834 Qua
1178 5767 1380 5822 ratione
1399 5775 1451 5821 et
1470 5766 1700 5822 Joannes
1717 5768 1974 5823 miserans

2127 476 2181 521 et
2216 484 2400 521 amans
2429 509 2443 532 ,
2478 470 2781 539 increpabat
2830 469 3085 524 inﬁrmos.
3131 469 3187 525 Si
3239 481 3414 525 autem
3459 473 3690 529 Joannes

2123 560 2355 628 Baptista
2405 570 2612 630 tempus
2660 577 2763 616 non
2818 573 3014 628 norat,
3062 564 3327 632 quomodo
3376 568 3689 623 surculorum

2119 652 2361 718 Opiﬁcem
2408 663 2461 708 et
2507 654 2759 708 factorem
2802 655 3016 724 agnovit
3042 697 3058 715 .
3093 656 3316 710 dicens:
3350 657 3477 711 Ecce
3515 659 3692 729 Agnus

2117 740 2215 793 Dei
2237 781 2253 806 ,
2278 743 2363 811 qui
2392 743 2522 796 tollit
2551 754 2752 811 peccata
2777 746 2950 798 mundi
2980 745 3152 815 (Joan.
3180 748 3230 800 1.
3260 747 3348 816 56)
3377 748 3398 800 ?
3424 750 3691 817 quomodo

2118 830 2310 885 Paulus
2339 843 2392 886 et
2414 833 2624 897 Petrus,
2654 835 2915 888 columna:
2946 836 3216 897 Ecclesizc,
3247 847 3450 905 tempus
3481 839 3689 907 ignora-

2116 924 2284 987 bant,
2316 925 2404 992 qui
2446 926 2603 979 etiam
2634 935 2749 996 post
2795 936 3016 979 mortem
3054 928 3354 982 volentilms
3387 938 3546 998 atque
3575 931 3690 998 pul-

2117 1014 2354 1067 santibus
2379 1017 2659 1084 aperiunt,
2690 1026 2741 1070 et
2767 1017 3018 1071 claudunt
3049 1019 3369 1085 pmnitenticc
3407 1021 3689 1089 tempora?

2114 1107 2360 1173 quoniam
2392 1108 2619 1162 maxime
2662 1107 2748 1161 hic
2775 1109 2918 1162 cruci
2961 1107 3153 1163 afﬁxus
3179 1120 3293 1176 est,
3320 1112 3546 1181 pedibus
3587 1113 3686 1167 ob-

2114 1197 2302 1262 versis,
2335 1199 2470 1252 viam
2498 1199 2551 1251 in
2582 1199 2767 1253 cmlum
2796 1201 3131 1270 signiﬁcans;
3164 1203 3250 1257 ille
3273 1205 3443 1272 capite
3473 1214 3685 1259 trunca-

2115 1299 2199 1343 tur
2228 1290 2296 1343 ob
2324 1305 2472 1344 suam
2504 1291 2553 1344 in
2577 1291 2785 1346 Christo
2808 1293 3053 1362 loquendi
3072 1294 3387 1358 libertatem,
3411 1312 3476 1350 ne
3504 1311 3535 1351 a
3561 1312 3688 1350 vero

2112 1378 2378 1435 excideret
2402 1382 2590 1450 capite.
2612 1381 2687 1436 Ne
2704 1382 2860 1451 igitur
2875 1384 3151 1437 admiseris
3166 1399 3278 1449 eos,
3294 1386 3383 1454 qui
3408 1401 3530 1440 cum
3555 1403 3686 1457 qua-

2112 1469 2231 1523 dam
2256 1473 2611 1539 increpatione
2632 1482 2936 1529 sanctorum
2966 1475 3213 1545 loquendi
3238 1477 3538 1532 libertatem
3576 1482 3689 1533 cnl-

2114 1571 2257 1630 pant.
2272 1562 2553 1618 Gentilium
2576 1566 2714 1619 enim
2738 1574 2791 1618 et
2804 1566 3003 1633 judicio
3019 1582 3114 1620 suo
3133 1568 3427 1636 sapientum
3445 1568 3541 1622 ista
3560 1583 3687 1623 coo-

2110 1653 2331 1707 suetudo
2347 1664 2446 1719 est,
2464 1656 2555 1724 qui
2575 1671 2756 1710 amore
2774 1656 2930 1724 hujus
2944 1657 3064 1711 vita:
3082 1659 3238 1711 etiam
3259 1669 3549 1729 martyrum
3566 1675 3687 1715 con-

2108 1742 2357 1796 Stantiam
2383 1743 2619 1798 irrident.
2651 1744 2834 1814 Neque
2859 1747 3000 1799 enim
3027 1748 3108 1801 vel
3138 1748 3368 1817 gladium
3395 1749 3637 1805 obtusum
3664 1794 3680 1816 ,

2107 1836 2192 1890 vel
2240 1836 2463 1890 otiosam
2520 1853 2639 1892 esse
2693 1840 2941 1908 loquendi
2995 1840 3289 1895 libertatem
3342 1853 3568 1911 oportet.
3615 1844 3684 1900 Et

2105 1928 2547 1995 quemadmodum
2584 1930 2652 1984 ab
2682 1941 2948 2001 unguento
2977 1931 3259 2001 fragrantia
3302 1936 3536 2004 separari
3575 1953 3681 1990 non

2108 2029 2316 2087 potest,
2345 2024 2421 2077 sic
2467 2039 2636 2092 neque
2668 2039 2696 2075 a
2739 2025 2984 2093 loquendi
3014 2026 3258 2081 libertate
3292 2026 3678 2083 benevolentia.

2106 2110 2180 2161 Ac
2223 2110 2266 2163 si
2302 2113 2512 2180 quidem
2557 2129 2736 2168 coram
2768 2117 2975 2169 famulis
2999 2158 3014 2183 ,
3046 2126 3137 2171 aut
3163 2118 3379 2185 amicis,
3410 2128 3500 2173 aut
3528 2121 3638 2174 suis
3662 2163 3677 2184 ,

2103 2201 2447 2269 reprehensio
2465 2204 2632 2270 ﬁeret,
2656 2220 2835 2259 coram
2857 2207 3047 2276 quibus
3062 2208 3376 2263 erubescere
3398 2210 3676 2267 molestum

2101 2298 2182 2343 est
2211 2307 2225 2343 :
2253 2290 2388 2347 forte
2415 2294 2747 2349 accusandus
2776 2304 2921 2351 esset
2961 2297 3050 2366 qui
3092 2298 3257 2352 libere
3302 2300 3675 2370 redargueret,

2101 2382 2295 2450 quippe
2322 2383 2411 2453 qui
2441 2394 2645 2453 tempus
2673 2396 2725 2439 et
2765 2386 2938 2439 locum
2981 2388 3244 2457 ignoraret
3273 2389 3363 2445 :Si
3401 2402 3575 2446 autem
3622 2394 3677 2447 in

2101 2473 2359 2537 Ecclesia,
2383 2476 2527 2530 velut
2548 2477 2596 2530 iu
2620 2478 2860 2544 macello,
2884 2480 3167 2547 proborum
3190 2482 3428 2537 cncomia
3452 2484 3599 2550 ﬁunt,
3626 2496 3682 2540 et

2099 2565 2486 2635 increpationes
2500 2569 2870 2639 negligentium
2881 2572 3021 2638 :quid
3035 2576 3678 2641 exasperamuradversus

2098 2657 2504 2725 increpationes,
2518 2674 2634 2729 qua:
2651 2660 2764 2715 sine
2780 2661 3012 2727 nomine,
3032 2670 3085 2716 et
3101 2664 3295 2718 utiliter
3313 2664 3464 2719 ﬁunt?
3478 2666 3678 2721 alentes

2096 2751 2337 2813 crimina,
2363 2767 2461 2806 nec
2474 2752 2899 2822 obtemperantes
2920 2756 2988 2818 ei,
3007 2755 3094 2824 qui
3117 2756 3266 2820 dixit,
3294 2755 3452 2810 Omne
3466 2758 3602 2828 quod
3621 2760 3673 2811 in

2097 2842 2304 2896 macello
2320 2846 2469 2907 venit,
2494 2846 2810 2912 manducate,
2835 2847 2964 2900 nihil
2991 2848 3324 2901 discernentes
3342 2849 3389 2915 (1
3440 2848 3558 2904 Cor.
3584 2851 3670 2905 l0.

2094 2932 2211 3003 25).
2236 2934 2384 3001 Quod
2407 2937 2506 2991 nisi
2525 2937 2592 2991 ita
2606 2937 2863 3003 sit,sancti
2889 2940 3074 2993 iterum
3090 2941 3426 2994 invenientur
3437 2943 3675 2998 civitates

2095 3024 2345 3093 quasdam
2371 3035 2461 3080 aut
2489 3026 2730 3094 regiones
2756 3029 3137 3083 scandalizasse
3166 3031 3233 3085 ob
3263 3032 3670 3101 increpationes,

2093 3116 2227 3168 alias
2267 3131 2392 3170 vero
2426 3117 2665 3171 laudibus
2693 3119 2803 3172 suis
2841 3119 3179 3174 subvertisse.
3212 3121 3417 3177 Primus
3460 3134 3675 3179 sanctus

2093 3205 2194 3260 Job
2226 3206 2511 3263 thuicen
2541 3208 2817 3278 quamdam
2863 3210 3135 3279 regionem
3164 3212 3448 3282 objurgans
3474 3255 3489 3280 ,
3520 3216 3670 3283 quasi

2090 3291 2570 3352 Satanamhostem
2600 3314 2750 3352 suum
2800 3300 2849 3353 in
2880 3316 2939 3355 se
2965 3303 3315 3357 attrahentem
3348 3344 3363 3367 ,
3392 3304 3468 3357 sic
3493 3305 3619 3360 dicit
3654 3323 3667 3358 :

2096 3383 2302 3437 Partem
2325 3395 2491 3439 autem
2515 3387 2560 3440 ei
2589 3388 2711 3440 dant
2752 3398 2920 3456 gentes
2969 3389 3267 3444 Phamicum
3298 3391 3436 3464 (Job
3461 3393 3551 3450 40.
3575 3394 3664 3449 25.

2093 3477 2146 3529 in
2190 3476 2366 3532 Greco
2395 3481 2431 3542 ).
2475 3479 2675 3534 Deinde
2723 3480 2924 3550 Moyses
2966 3492 3019 3535 et
3064 3484 3334 3552 propheta:
3381 3482 3669 3554 Egyptqu

2093 3570 2441 3624 criminantur
2463 3612 2478 3634 ,
2507 3569 2773 3624 fornacem
2806 3570 3028 3626 ferream
3074 3573 3400 3640 appellantes
3437 3583 3491 3627 et
3522 3582 3670 3627 tene-

2092 3660 2234 3724 bras,
2257 3669 2417 3729 atque
2443 3661 2776 3715 Palmstinam
2804 3661 3048 3715 laudibus
3067 3663 3343 3729 extollunt,
3369 3672 3669 3733 terramque

2093 3752 2456 3819 promissionis
2482 3763 2672 3805 vocant
2702 3771 2714 3805 :
2747 3769 2865 3806 cum
2896 3753 3158 3825 Egyptus
3178 3755 3473 3809 inveniatur
3498 3755 3666 3825 probo

2092 3841 2303 3911 quidem
2333 3852 2469 3897 terra
2501 3845 2887 3913 promissionis,
2916 3846 3108 3915 ignavo
3133 3856 3308 3900 autem
3342 3846 3617 3900 Palmstina
3646 3889 3661 3911 ,

2092 3946 2196 3985 non
2246 3933 2422 3987 solum
2454 3933 2637 3987 foruax
2681 3933 2851 3989 ferrea
2877 3976 2891 3998 ,
2915 3934 3007 3989 sed
3034 3943 3086 3989 et
3117 3936 3347 3989 tenebrae
3376 3936 3667 3990 exteriores

2094 4024 2418 4079 inlidelitatis
2451 4040 2608 4079 causa
2640 4043 2653 4078 :
2680 4027 2925 4094 quoniam
2958 4042 3061 4079 non
3095 4026 3206 4080 loca
3241 4026 3503 4095 vituperio
3528 4068 3543 4092 ,
3575 4036 3667 4081 aut

2091 4116 2246 4171 laude
2286 4115 2443 4186 digna
2475 4126 2597 4171 sunt
2620 4160 2634 4181 ,
2665 4118 2755 4171 sed
2785 4117 3055 4172 hominum
3099 4117 3293 4173 studia.
3320 4119 3456 4187 Quid
3488 4128 3665 4174 autem

2092 4222 2311 4262 necesse
2337 4208 2465 4261 mihi
2494 4217 2576 4263 est
2601 4223 2899 4263 sermonem
2932 4209 2983 4263 in
3014 4209 3225 4279 longum
3256 4210 3543 4264 extendere
3567 4252 3582 4276 ,
3611 4221 3667 4266 et

2089 4315 2195 4353 non
2223 4314 2254 4352 a
2281 4299 2526 4353 brevibus
2570 4299 2834 4367 incipere?
2863 4298 3125 4368 Numquid
3164 4299 3361 4353 Paulus
3400 4301 3665 4353 mendaces

2089 4389 2344 4445 Cretenses
2374 4390 2497 4461 (Tit.
2527 4393 2578 4447 l.
2622 4391 2711 4458 12)
2739 4391 3010 4460 appellans
3034 4433 3049 4457 ,
3076 4400 3129 4446 et
3150 4390 3361 4446 Galatas
3387 4393 3666 4447 insensatos

2092 4483 2231 4556 (Gal.
2260 4485 2314 4538 5.
2344 4484 2417 4552 1),
2439 4493 2492 4537 et
2517 4482 2820 4537 Corinthios
2844 4483 3047 4552 inﬂatos
3073 4483 3150 4553 (1.
3173 4483 3290 4536 Cor.
3310 4484 3363 4538 5.
3388 4483 3446 4553 2)
3466 4524 3481 4549 ,
3507 4494 3665 4553 atquo

2089 4578 2222 4631 alios
2260 4577 2414 4630 aliter
2441 4616 2456 4640 ,
2490 4575 2571 4630 his
2613 4575 2740 4629 solis
2783 4575 2905 4627 vitia
2954 4575 3271 4629 condonavnt
3297 4615 3313 4639 ,
3340 4576 3488 4645 quasi
3538 4576 3665 4645 ipsis

2088 4669 2215 4724 solis
2244 4662 2713 4738 reprehensionem
2741 4666 2999 4721 adhibens
3023 4708 3037 4730 ,
3061 4682 3239 4721 nonne
3280 4675 3335 4720 et
3371 4667 3617 4723 omnibus
3641 4669 3665 4721 τ

2087 4770 2176 4813 aut
2203 4771 2385 4831 contra
2415 4774 2533 4814 cum
2566 4759 2831 4812 Romanos
2861 4758 3037 4826 ﬁdeles
3079 4756 3253 4827 (Rom.
3289 4758 3339 4812 l.
3371 4756 3426 4827 6)
3458 4767 3612 4812 vocat
3644 4799 3660 4824 ,

2085 4858 2139 4902 et
2175 4848 2436 4916 Ephesios
2473 4858 2661 4918 mystas
2690 4843 3306 4916 (Ephes.i.18),quibus
3323 4847 3665 4901 etsublimius

2085 4934 2586 5004 scribit,elfratrum
2603 4933 2905 5007 amantes(l
2921 4935 3095 4990 Thess.
3129 4939 3181 4992 5.
3217 4937 3303 5009 Η)
3331 4938 3667 4992 ΤΙιθδδειΙυηίο

2084 5044 2290 5091 censes,
2317 5029 2396 5081 his
2421 5030 2548 5083 solis
2569 5029 2750 5083 laudes
2770 5028 3052 5098 adscripsit
3078 5030 3100 5080 Ὺ
3129 5028 3343 5084 Minime
3369 5045 3497 5083 sane
3525 5047 3539 5095 ;
3568 5031 3662 5084 sed

2085 5131 2141 5175 ut
2170 5121 2393 5190 Spiritus
2418 5122 2583 5175 sancti
2615 5123 2817 5190 plenus,
2840 5132 2894 5175 et
2919 5122 3173 5188 vituperia
3204 5133 3255 5176 et
3286 5122 3467 5176 laudes
3490 5138 3660 5191 appo-

2084 5213 2223 5275 suit,
2252 5220 2307 5265 ut
2336 5213 2421 5280 qui
2451 5227 2507 5265 se
2536 5211 2687 5265 laude
2716 5211 2928 5281 dignum
2960 5212 3252 5279 agnoverit,
3284 5213 3470 5279 majori
3496 5214 3657 5266 animi

2083 5301 2359 5356 alacritate
2386 5302 2682 5355 roboratur.
2713 5301 2859 5355 Alius
2884 5318 3009 5355 vero
3030 5302 3284 5370 vituperia
3312 5302 3510 5370 legens,
3534 5303 3663 5356 Stib-

2088 5394 2321 5447 monitus
2346 5391 2557 5456 doleat,
2588 5400 2642 5444 et
2670 5391 2842 5459 probri
2871 5406 3085 5446 causam
3110 5392 3343 5459 abjiciat.
3370 5392 3482 5445 Non
3505 5392 3664 5461 igitur

2082 5483 2180 5537 soli
2207 5481 2406 5537 Galate
2434 5482 2682 5535 inseusati
2706 5522 2721 5543 ,
2756 5495 2852 5535 nec
2889 5482 3167 5535 Cretenses
3199 5480 3480 5535 mendaces
3510 5521 3526 5546 ,
3564 5496 3663 5534 nec

2081 5577 2338 5632 Corinthii
2366 5574 2578 5643 superbi
2601 5591 2612 5626 :
2637 5574 2830 5644 ubique
2855 5574 2995 5628 enim
3024 5572 3140 5627 hare
3168 5574 3345 5627 omnia
3372 5582 3514 5638 sunt,
3539 5589 3658 5626 cum

2082 5685 2182 5724 una
2228 5670 2297 5723 sit
2342 5678 2524 5722 natura
2554 5708 2569 5733 ,
2601 5682 2717 5736 qua:
2748 5675 2801 5719 et
2829 5676 3008 5734 pccCat
3038 5678 3093 5719 et
3120 5674 3265 5721 recte
3290 5666 3436 5735 agit,
3469 5674 3521 5718 ct
3550 5666 3663 5719 sive

2087 5764 2188 5820 hoc
2211 5763 2321 5819 sive
2349 5759 2473 5815 illud
2499 5761 2549 5814 in
2574 5774 2631 5814 sc
2656 5759 3025 5826 sit,voluntate
3052 5773 3165 5815 sua.
3193 5757 3303 5813 lloc
3326 5759 3483 5829 igitur
3504 5756 3664 5812 modo
