4122 6386
457 395 524 448 ιη
1682 375 1998 435 PALLADII
2039 374 2373 430 DIALOGUS
3641 373 3708 428 as

459 509 509 562 in
557 505 789 561 Ecclesia
820 503 982 558 libere
1023 500 1334 570 loquebatur
1361 492 1592 553 Joannes
1625 511 1637 547 :
1667 493 1828 546 immo
1855 491 2028 560 potius

453 597 807 653 esurientibus
859 592 1182 664 particbatur
1231 589 1442 644 virtutis
1490 589 1664 642 cibum
1695 626 1708 648 ,
1753 593 2028 654 peccatum

453 687 748 744 manifestis
776 683 1276 753 reprehensionibus
1312 681 1671 735 exterminans
1694 719 1708 741 ,
1741 689 1794 732 et
1820 677 2028 729 obtem-

455 796 646 851 perans
685 778 849 833 Paulo
873 777 1068 832 dicenti
1099 793 1112 828 :
1145 775 1442 828 Peccantem
1471 789 1639 826 coram
1678 771 1904 825 omnibus
1947 787 2032 822 ar-

453 891 568 946 gue,
595 883 647 926 ut
674 883 717 926 et
742 871 908 925 caeteri
927 871 1151 923 timorem
1173 867 1384 920 habeant
1401 867 1474 937 (1.
1503 865 1630 918 Tim.
1653 865 1705 920 5.
1731 862 1843 935 20).
1866 863 2031 916 Porro

456 967 498 1017 si
530 965 616 1032 qui
645 962 907 1032 superbia:
936 969 1028 1013 aut
1048 960 1278 1012 vesaniae
1305 957 1491 1011 morbo
1517 955 1837 1014 laborantes,
1864 951 2032 1005 velint

454 1056 614 1109 etiam
636 1053 932 1123 voluptates
958 1066 1080 1105 suas
1105 1066 1222 1105 cum
1255 1049 1492 1103 laudibus
1513 1046 1724 1111 efferre,
1743 1045 1878 1098 hanc
1906 1059 2039 1096 con-

457 1147 788 1202 suetudinem
813 1159 916 1199 non
940 1143 1135 1198 habent
1151 1142 1244 1196 Dei
1261 1140 1522 1207 servi.Qui
1538 1139 1677 1193 enim
1696 1136 2034 1206 indignantur

460 1240 530 1294 ob
557 1243 904 1306 vituperatam
925 1236 1197 1288 avaritiam
1224 1243 1277 1288 et
1307 1232 1726 1294 fornicationem,
1759 1236 1849 1281 aut
1875 1227 2030 1279 aliam

459 1328 702 1398 quamvis
732 1326 924 1383 fmdom
955 1325 1223 1379 libidinem
1250 1364 1264 1386 ,
1299 1323 1428 1376 nihil
1454 1321 1595 1374 aliud
1625 1320 1797 1387 reipsa
1828 1317 2029 1378 dicunt,

457 1435 612 1489 quam
633 1416 931 1488 huiusmodi
953 1416 1307 1484 perniciosum
1341 1413 1483 1465 virus
1511 1409 1706 1463 debere
1732 1407 2031 1460 admittere.

529 1510 655 1564 CAP.
692 1524 802 1562 xu.
834 1536 907 1548 —
937 1506 1085 1560 Duc.
1113 1504 1425 1565 Maximam,
1457 1499 1644 1562 Pater,
1692 1497 1862 1551 habeo
1911 1511 2035 1565 gra-

461 1603 586 1654 tiam
635 1599 756 1653 huic
793 1597 859 1652 ad
912 1612 1009 1651 nos
1067 1593 1448 1649 humanissimo
1487 1588 1733 1644 adventui
1778 1597 1910 1642 tuo:
1941 1587 2036 1640 fuit

460 1695 599 1744 enim
625 1691 774 1745 nobis
795 1689 937 1743 utilis
956 1697 1008 1742 et
1032 1685 1294 1746 salutaris,
1313 1692 1469 1752 atque
1488 1682 1608 1733 vita:
1629 1680 2031 1733 monimentum.

458 1783 592 1837 Cum
620 1792 794 1835 autem
832 1788 952 1848 post
991 1778 1221 1848 prolixus
1260 1774 1440 1828 laudes
1471 1772 1781 1827 Theodorus
1806 1771 2037 1839 quievis-

461 1886 561 1940 set,
611 1890 674 1928 ex
716 1870 1046 1925 adstantibus
1089 1867 1275 1936 aliquis
1317 1865 1490 1936 erupit
1533 1864 1583 1916 in
1629 1863 1764 1917 hanc
1803 1877 2032 1916 vocem:

461 1965 738 2034 Quomodo
784 1963 977 2032 igitur,
1024 1959 1226 2028 inquit,
1271 1958 1429 2010 tantis
1470 1967 1758 2010 exornatus
1802 1953 2031 2017 dotibus,

461 2058 721 2126 superbus
761 2053 910 2108 erat?
958 2053 1128 2105 EPISC.
1185 2051 1265 2103 An
1313 2051 1424 2117 ipse
1468 2060 1704 2115 praesens
1751 2044 2035 2112 superbum

461 2167 580 2205 eum
609 2146 1020 2214 deprehendisti,
1046 2160 1109 2197 an
1135 2144 1269 2196 alius
1293 2142 1380 2195 tibi
1411 2139 1681 2194 narravit?
1709 2139 1798 2192 Ille
1819 2153 2039 2207 respon-

461 2242 538 2294 dit
569 2258 582 2294 :
613 2238 730 2292 Non
761 2239 879 2291 novi
922 2237 1114 2300 virum,
1146 2235 1247 2298 ait;
1290 2233 1382 2288 sed
1421 2231 1594 2285 audivi
1627 2247 1656 2284 a
1681 2230 1908 2300 quodam
1950 2245 2041 2284 co-

463 2332 644 2392 riario,
681 2330 769 2397 qui
813 2327 1059 2382 narrabat
1100 2339 1219 2377 raro
1259 2326 1429 2392 ipsum
1467 2323 1545 2376 sui
1592 2323 1799 2390 copiam
1847 2321 2038 2387 facere,

464 2422 564 2476 nisi
594 2423 646 2475 in
678 2419 924 2482 ecclesia,
949 2429 1001 2472 et
1023 2417 1244 2471 moleste
1265 2415 1404 2470 ferre
1431 2415 1519 2468 diu
1549 2415 1776 2482 colloqui
1800 2428 1918 2467 cum
1942 2427 2037 2466 vo-

464 2513 715 2566 lentibus.
756 2510 868 2564 Hoc
899 2523 1026 2563 vero
1053 2508 1321 2576 specimen
1361 2515 1442 2560 est
1480 2503 1740 2573 superbia:
1768 2511 1821 2557 et
1851 2502 2034 2566 fastus,

464 2604 644 2672 fugere
689 2615 1004 2670 congressus
1051 2599 1361 2652 volentium.
1419 2596 1593 2650 EPISC.
1648 2594 1714 2648 Et
1761 2595 2037 2662 cujusnani

462 2697 598 2749 alius
626 2703 739 2748 erat
762 2691 979 2746 Joannis
1005 2691 1315 2759 sapientiam
1347 2689 1662 2757 vituperare,
1685 2702 1842 2757 quam
1868 2686 2040 2740 coria-

462 2789 546 2846 rii.
575 2789 663 2856 qui
707 2785 946 2841 faetorem
987 2783 1215 2837 oflicinze
1255 2797 1365 2836 sua:
1396 2780 1554 2836 veluti
1583 2779 1892 2834 familiarem
1920 2794 2034 2831 am-

466 2877 741 2946 plectitur?
767 2877 821 2930 Si
848 2885 1024 2930 antem
1054 2874 1234 2944 fugere
1265 2873 1465 2935 turbas,
1495 2871 1756 2940 superbia:
1783 2870 2038 2925 indicium

461 2978 564 3034 est,
595 2969 767 3023 eritet
793 2967 1024 3022 Joannes
1052 2967 1279 3035 Baptista
1309 2966 1584 3034 superbus,
1613 2964 1900 3018 secundum
1923 2979 2038 3017 ser-

466 3076 677 3116 monem
706 3069 873 3124 tuum;
899 3059 986 3129 qui
1014 3058 1064 3111 in
1095 3072 1331 3113 eremum
1360 3056 1641 3110 secedehat
1670 3073 1681 3107 :
1707 3055 1808 3109 erit
1833 3063 1887 3109 et
1907 3054 2037 3108 Ser-

467 3165 618 3206 valor
648 3170 661 3206 :
689 3151 942 3219 scriptum
969 3150 1112 3204 enim
1137 3155 1248 3210 est,
1281 3147 1418 3216 quod
1462 3145 1644 3200 Videns
1672 3146 1840 3200 turbas
1865 3145 2035 3212 Jesus,

462 3245 684 3300 ascendit
730 3245 782 3296 in
819 3253 1068 3305 montem;
1108 3250 1152 3294 et
1189 3256 1300 3292 cum
1345 3239 1587 3304 sedisset,
1627 3248 1938 3292 accesserunt
1973 3240 2041 3290 ad

463 3356 574 3391 eum
603 3337 835 3406 discipuli
857 3337 966 3405 ejus
997 3333 1206 3406 (Matth.
1239 3333 1292 3388 5.
1317 3330 1393 3403 1),
1425 3349 1528 3385 non
1552 3341 1724 3386 autem
1755 3332 1942 3386 turbae.
1975 3333 2042 3386 Et

465 3445 647 3484 rursus
677 3448 690 3483 :
731 3428 912 3482 Videas
932 3429 1121 3491 turbas,
1149 3427 1346 3479 secessit
1375 3441 1600 3478 seorsum
1638 3423 1810 3498 (Ibid.
1837 3426 1889 3480 8.
1917 3427 2036 3497 18).

467 3523 634 3585 Quem
655 3534 753 3588 pro
778 3519 974 3572 viribus
993 3518 1202 3571 imitans
1215 3517 1444 3585 optimus
1461 3516 1714 3579 Joannes,
1735 3527 1790 3572 et
1808 3518 1918 3586 ipse
1937 3526 2040 3572 tur-

469 3611 548 3664 bis
565 3625 624 3664 se
635 3607 982 3671 subducebat,
1003 3606 1183 3674 eisque
1203 3606 1430 3660 maxime
1444 3606 1825 3672 delectabatur,
1843 3609 1932 3677 qui
1953 3624 2041 3662 ve-

465 3701 658 3756 raciter
702 3698 898 3768 aliquid
941 3698 1147 3752 discere
1188 3698 1402 3752 vellent.
1450 3699 1597 3753 DIAC.
1643 3699 1786 3754 Bene
1826 3699 2039 3770 quidem

467 3794 754 3862 Scriptura:
779 3791 1035 3858 exemplis
1063 3791 1365 3858 persuades.
1391 3791 1524 3858 Quid
1551 3801 1724 3847 autem
1745 3793 1809 3847 ad
1837 3793 1938 3847 hoc
1961 3793 2041 3847 di-

467 3900 593 3949 ('CS,
635 3884 773 3954 quod
821 3885 1233 3939 contumeliosus
1276 3883 1438 3938 fuisse
1476 3885 1698 3950 dicitur,
1732 3901 1832 3941 nec
1868 3887 2039 3940 solum

472 3975 854 4030 multitudinem
896 3976 1108 4045 fugisse,
1136 3975 1230 4031 sed
1255 3975 1338 4030 vel
1371 3992 1529 4030 unum
1555 3986 1644 4030 aut
1667 3977 1835 4032 duos?
1863 3979 2038 4033 Episc.

472 4067 612 4120 Bene
637 4065 848 4135 quidem
875 4067 1064 4120 :etiam
1087 4081 1225 4120 unus
1251 4065 1447 4119 inutilis
1475 4075 1526 4119 et
1550 4076 1730 4136 agyrta
1755 4067 1902 4121 turba
1929 4079 2038 4130 est;

468 4157 634 4224 qualis
669 4164 784 4208 erat
825 4155 870 4208 is
907 4156 1005 4225 qui
1037 4155 1168 4208 dixit
1203 4153 1452 4208 Christo:
1479 4154 1740 4225 Magister,
1770 4173 1948 4226 sequar
1974 4167 2040 4221 te,

468 4263 773 4316 quocumque
795 4247 912 4300 ieris
946 4243 1050 4316 (lb.
1086 4259 1132 4296 υ.
1156 4246 1242 4300 19.
1266 4257 1315 4299 et
1338 4243 1469 4316 20).
1497 4245 1682 4300 Nonne
1701 4245 1907 4315 fugiens
1935 4256 2045 4301 tur-

471 4337 563 4390 bas
581 4336 850 4400 Servator,
874 4337 1008 4391 dixit
1033 4355 1045 4389 :
1073 4335 1257 4408 Vulpes
1287 4339 1454 4407 foveas
1491 4337 1700 4402 habent,
1732 4347 1784 4390 et
1812 4339 2043 4408 reliqua?

472 4428 704 4483 Probare
727 4438 903 4482 autem
934 4427 1062 4481 mihi
1089 4442 1192 4482 non
1221 4436 1393 4497 potes,
1425 4427 1702 4489 Joannem,
1727 4444 1792 4482 ex
1819 4444 1924 4498 quo
1953 4430 2044 4484 ba-

468 4519 695 4590 ptizatus
722 4527 820 4583 est,
853 4527 945 4572 aut
975 4519 1219 4587 jurasse,
1251 4527 1343 4572 aut
1375 4533 1691 4588 quemquam
1734 4519 2005 4589 adjurasse
2027 4561 2040 4585 ,

469 4621 560 4664 ant
589 4608 942 4670 maledixisse,
972 4618 1061 4662 attt
1083 4610 1381 4673 mentitum,
1411 4619 1502 4662 aut
1533 4610 1873 4678 imprecatum
1901 4625 2042 4676 esse,

475 4713 561 4756 aut
581 4703 796 4757 facetias
817 4701 1160 4755 sustinuisse?
1199 4701 1346 4756 Duc.
1376 4701 1486 4770 Ego
1511 4701 1721 4770 quidem
1751 4715 1922 4770 neque
1950 4699 2048 4754 ho-

474 4809 588 4848 rum
617 4793 900 4862 quidquam
925 4793 1063 4858 dico,
1103 4791 1196 4846 sed
1230 4790 1575 4845 contumelias
1614 4790 1819 4844 fecisse.
1869 4791 1961 4844 Ep.
2001 4791 2047 4845 0

472 4885 692 4954 optime,
719 4881 1005 4953 quomodo,
1033 4883 1119 4952 qui
1147 4882 1274 4935 nihil
1304 4882 1490 4934 horum
1515 4883 1757 4950 patravit,
1781 4891 2048 4937 contume-

472 4975 594 5029 liam
627 4974 867 5039 faciebat,
892 4975 1080 5041 lingua:
1108 4987 1219 5026 sua:
1245 4971 1461 5025 minime
1491 4972 1744 5040 parcens?
1786 4972 1879 5026 Est
1906 4973 2046 5027 enim

474 5069 526 5118 in
551 5082 608 5119 re
629 5081 806 5134 parva,
836 5063 972 5118 utin
999 5078 1185 5132 magna
1211 5104 1226 5128 ,
1268 5077 1361 5131 par
1397 5072 1692 5132 peccatum.
1725 5065 1872 5119 Duc.
1911 5065 2048 5132 Quid

473 5174 602 5226 ergo
621 5167 722 5220 est,
754 5171 953 5225 quaso,
976 5155 1114 5224 quod
1147 5155 1432 5222 loquuntur
1458 5154 1732 5208 homines?
1759 5160 1813 5209 et
1836 5155 2048 5224 quando

481 5249 621 5318 loqui
651 5247 926 5301 desinent?
954 5245 1047 5300 Er.
1082 5246 1160 5300 De
1186 5244 1406 5314 singulis
1443 5244 1600 5313 igitur
1623 5245 1766 5308 audi,
1799 5255 1854 5300 et
1883 5261 2047 5315 nugas

473 5339 775 5407 linjusmodi
807 5337 913 5390 noli
935 5337 1160 5405 amplius
1184 5336 1332 5405 sequi
1367 5351 1382 5389 :
1411 5335 1606 5389 nullam
1632 5335 1770 5390 enim
1803 5352 2048 5405 umquam

475 5433 682 5485 veniam
724 5430 1048 5501 impetrabis.
1083 5429 1353 5493 Homines,
1392 5429 1480 5498 qui
1516 5440 1658 5483 recte
1702 5444 1805 5482 non
1845 5430 2048 5496 vivunt,

479 5533 620 5576 recta
642 5522 844 5592 opinari
873 5537 976 5574 non
1001 5531 1253 5590 possunt;
1285 5535 1495 5590 semper
1516 5530 1713 5576 temere
1728 5521 2047 5589 ellutientes,

480 5624 533 5667 et
577 5615 626 5667 in
668 5612 720 5668 id
767 5613 1093 5667 insumentes
1134 5622 1360 5682 tempus,
1391 5621 1446 5666 et
1485 5613 1714 5666 maxime
1745 5629 1903 5678 nunc,
1930 5630 2050 5669 cum

480 5706 861 5760 nullus'contra
887 5704 1170 5774 quidquam
1193 5704 1397 5757 hiscere
1418 5703 1590 5757 audet.
1622 5703 1750 5756 Nam
1777 5715 1828 5758 et
1852 5705 1919 5759 de
1937 5704 2052 5759 Ser-

480 5809 682 5865 vatore,
715 5797 802 5867 qui
837 5796 975 5850 Deus
1001 5804 1133 5861 erat,
1164 5803 1214 5849 ct
1239 5810 1398 5864 supra
1425 5795 1690 5850 hominem
1732 5805 1787 5850 ct
1825 5797 2053 5866 prophe-

2137 495 2240 541 tam
2281 489 2520 556 quemvis
2557 489 2765 544 vivebat
2803 497 2962 559 atque
3005 489 3317 558 loquebatur
3358 503 3420 542 ac
3461 488 3708 553 faciebat,

2133 578 2360 632 absurda
2399 580 2750 648 loquebantur
2773 622 2790 646 ,
2827 595 3108 651 porcorum
3139 580 3304 633 instar
3329 589 3382 632 et
3407 594 3711 634 muscarum

2135 668 2247 722 haec
2290 671 2357 723 de
2397 685 2462 723 eo
2500 683 2872 725 coacervantes
2903 690 2915 725 :
2942 671 3067 724 illud
3115 670 3256 724 enim
3282 685 3343 724 ea
3373 679 3607 738 tempora
3641 685 3718 725 re-

2133 763 2431 830 quirebant.
2456 764 2557 817 Alii
2587 765 2725 818 enim
2753 764 3023 830 dicebant,
3047 762 3245 831 Decipit
3263 763 3508 815 mundum
3534 761 3712 832 (Joan.

2138 855 2188 905 7.
2233 855 2324 920 12)
2351 871 2363 908 :
2392 855 2482 908 alii
2519 870 2661 919 vero,
2691 855 2755 908 In
2790 854 3062 908 Beelzebub
3097 855 3324 922 principe
3351 853 3717 906 daemoniorum

2136 948 2268 1016 ejicit
2294 947 2541 1000 dtemonia
2562 948 2711 1016 (Luc.
2747 950 2832 1001 11.
2856 949 2938 1002 15·
2976 966 2989 998 :
3022 947 3132 1010 alii,
3157 945 3290 1000 Ecce
3316 947 3465 1000 homo
3495 963 3650 1000 vorax
3671 955 3715 997 et

2137 1039 2236 1090 uini
2266 1047 2464 1107 potator
2487 1039 2703 1107 (Matth.
2745 1041 2831 1092 1|.
2863 1037 2998 1110 19):
3029 1039 3148 1100 alii,
3181 1038 3537 1093 Samaritanus
3562 1048 3631 1092 est
3670 1046 3714 1090 et

2137 1127 2438 1186 dtemonium
2481 1129 2624 1181 habet
2663 1129 2854 1200 (Joan.
2877 1129 2930 1184 8.
2960 1131 3088 1199 48).
3130 1130 3198 1183 Et
3234 1129 3357 1198 quid
3402 1145 3487 1184 me
3529 1131 3718 1184 attinet

2139 1218 2347 1272 illorum
2375 1219 2598 1289 ineptias
2626 1221 2876 1290 colligere
2901 1236 2964 1276 ac
3000 1223 3312 1276 recensere?
3342 1221 3490 1276 Adeo
3523 1230 3578 1274 ut
3604 1222 3715 1290 ipse

2138 1311 2406 1375 Servatur,
2438 1313 2537 1366 ista
2558 1313 2753 1377 sciens,
2781 1312 2921 1368 dicat
2947 1314 3200 1382 apostolis
3225 1333 3235 1367 :
3263 1315 3421 1379 Quem
3447 1331 3523 1368 me
3547 1316 3718 1367 dicunt

2141 1400 2363 1454 homines
2391 1418 2497 1456 esse
2517 1401 2708 1456 Filium
2731 1403 2943 1458 hominis
2970 1407 2985 1472 (
3013 1404 3198 1459 Matth.
3230 1406 3315 1460 16.
3355 1407 3440 1460 13.
3479 1414 3524 1458 et
3577 1407 3719 1474 14)?

2139 1494 2234 1548 Cui
2279 1497 2599 1563 respondent
2635 1497 2900 1566 discipuli,
2946 1500 3190 1554 meliores
3232 1501 3298 1554 de
3335 1515 3399 1555 eo
3442 1501 3719 1569 opiniones

2140 1586 2471 1642 referentes:
2504 1589 2606 1642 Alii
2645 1591 2845 1660 quidem
2888 1592 3085 1657 Etiam,
3129 1594 3219 1646 alii
3255 1609 3369 1648 vero
3403 1593 3678 1648 Jeremiam
3701 1635 3717 1660 ,

2141 1681 2229 1731 alii
2286 1679 2536 1734 Joannem
2586 1680 2870 1752 Baptistam
2922 1684 3095 1737 dicunt
3142 1701 3160 1737 :
3209 1685 3720 1753 improbissimorum

2141 1773 2338 1827 scilicet
2379 1789 2655 1829 sermones
2698 1777 3110 1846 supprimentes.
3149 1778 3294 1846 Quos
3336 1794 3519 1833 rursus
3552 1779 3720 1833 inter-

2141 1872 2329 1932 rogat,
2368 1880 2460 1919 eos
2502 1867 2568 1920 ab
2612 1866 2913 1921 hominibus
2952 1884 3239 1938 segregans
3275 1868 3416 1942 (non
3446 1872 3586 1925 enim
3611 1886 3723 1923 am-

2142 1956 2280 2024 plius
2301 1965 2453 2010 erant
2477 1967 2653 2012 mente
2675 1967 2728 2012 et
2743 1960 3062 2029 cogitatione
3085 1952 3456 2027 homines,'sed
3480 1961 3568 2014 ﬁlii
3593 1961 3684 2014 Dei
3706 1980 3719 2015 :

2144 2047 2294 2100 Dedit
2337 2049 2479 2102 enim
2523 2051 2675 2103 nobis
2707 2051 2936 2105 Verbum
2973 2061 3264 2121 potestatem
3297 2054 3430 2120 ﬁlios
3476 2053 3572 2106 Dei
3613 2054 3722 2122 fieri

2145 2137 2338 2210 [Joan.
2364 2144 2414 2195 1.
2449 2139 2572 2213 12])
2602 2159 2613 2195 :
2646 2141 2746 2196 Vos
2770 2153 2937 2197 autem
2971 2161 3115 2212 quem
3142 2161 3221 2196 mc
3253 2161 3358 2198 esse
3377 2146 3578 2199 dicitis?
3615 2147 3720 2200 Rc-

2143 2233 2406 2302 spondeut
2423 2250 2528 2288 non
2545 2251 2747 2297 omnes,
2765 2237 2857 2290 sed
2871 2237 3016 2291 solus
3034 2237 3243 2298 Petrus,
3265 2246 3468 2292 mentes
3485 2239 3718 2290 omnium

2145 2326 2497 2396 interpretans
2523 2347 2534 2382 :
2566 2328 2639 2381 Tu
2655 2345 2705 2382 es
2727 2328 2973 2391 Christus,
2995 2329 3162 2383 Filius
3187 2329 3281 2382 Dei
3315 2331 3430 2384 vivi.
3454 2331 3616 2399 Cujus
3634 2346 3722 2384 re-

2143 2421 2322 2487 sponsi
2363 2421 2730 2474 rectitudinem
2763 2421 2989 2490 probans
3017 2420 3289 2485 Servator,
3324 2422 3680 2490 proountiavit
3705 2462 3722 2488 ,

2144 2510 2362 2564 dicens:
2399 2510 2474 2563 Tu
2503 2529 2552 2565 es
2595 2510 2807 2574 Petrus,
2835 2523 2881 2565 et
2906 2529 3055 2582 super
3085 2514 3213 2565 hanc
3239 2522 3463 2582 petram,
3495 2512 3593 2567 hoc
3620 2523 3722 2575 est,

2144 2602 2532 2655 confessionem
2551 2601 2702 2666 hanc,
2724 2603 2984 2672 adiﬁcabo
3009 2603 3286 2658 Ecclesiam
3304 2620 3483 2666 meum,
3506 2613 3550 2656 et
3567 2613 3726 2670 porta:

2143 2691 2331 2762 inferni
2379 2710 2480 2746 non
2513 2695 2850 2762 prwvalebunt
2879 2696 3113 2748 adversus
3140 2712 3249 2748 eam
3281 2695 3488 2758 (Matth.
3516 2696 3600 2749 16.
3634 2695 3723 2749 15.

2145 2784 2234 2839 16.
2271 2795 2316 2837 et
2355 2786 2476 2854 18).
2523 2787 2600 2838 Ad
2647 2786 2782 2839 hanc
2836 2787 2995 2854 igitur
3035 2789 3269 2856 regulam
3316 2788 3604 2840 etiamnum
3648 2787 3726 2839 in~

2144 2879 2345 2940 venies,
2378 2892 2480 2928 non
2508 2877 2556 2929 in
2585 2877 2789 2931 Joanne
2813 2879 3003 2940 solum,
3037 2878 3128 2931 sed
3157 2878 3206 2930 in
3237 2878 3482 2932 omnibus
3507 2889 3558 2941 et
3585 2878 3726 2930 vitu—

2148 2969 2292 3037 peria
2319 2979 2374 3022 et
2404 2968 2606 3022 laudes.
2649 2968 2715 3022 Et
2738 2969 2873 3022 sicut
2902 2984 2996 3037 per
3021 2969 3069 3022 id
3102 2969 3354 3033 temporis
3380 2968 3516 3022 male
3540 2968 3726 3037 loque-

2147 3060 2336 3114 bantur
2362 3060 2429 3114 de
2448 3061 2661 3114 Christo
2684 3070 2840 3130 atque
2868 3062 3121 3129 apostolis
3155 3060 3368 3129 Ephesii
3397 3060 3685 3113 clamantes
3708 3075 3724 3113 :

2151 3150 2224 3204 Hi
2246 3160 2380 3214 sunt,
2412 3151 2496 3220 qui
2526 3150 2868 3204 subverterunt
2901 3151 3069 3205 orbem
3097 3161 3340 3204 terrarum
3365 3149 3498 3218 (Act.
3533 3150 3618 3203 l7.
3643 3150 3721 3219 6),

2147 3258 2286 3297 nunc
2311 3252 2485 3298 autem
2533 3251 2814 3297 cessarunt
2843 3245 2978 3297 male
3021 3243 3191 3312 loqui,
3232 3243 3534 3312 glorilicatis
3560 3242 3722 3310 ipsis:

2149 3336 2226 3388 sic
2265 3335 2500 3403 reperies
2545 3344 2664 3403 post
2707 3335 2842 3388 hanc
2887 3335 3318 3404 generationem,
3368 3334 3625 3389 Joannem
3670 3342 3726 3388 ut

2149 3437 2436 3497 martyrem
2468 3427 2782 3480 honoratum
2828 3427 2926 3492 iri,
2969 3427 3191 3479 mortuis
3218 3426 3281 3478 iis
3300 3468 3315 3488 ,
3357 3428 3446 3494 qui
3473 3427 3586 3495 ejus
3616 3427 3720 3480 lau-

2148 3517 2300 3572 dibus
2342 3517 2602 3572 adversati
2631 3527 2789 3570 sunt:
2820 3526 2874 3570 et
2900 3518 3217 3586 quicumque
3243 3517 3383 3571 suilli
3425 3527 3517 3570 aut
3553 3517 3723 3572 canini

2146 3618 2289 3672 sunt,
2318 3610 2524 3674 dicent,
2554 3608 2750 3678 Decipit
2781 3609 3045 3672 mundum,
3075 3617 3128 3662 et
3151 3617 3339 3663 caetera
3367 3626 3380 3661 :
3410 3609 3726 3678 quicumque

2146 3711 2321 3753 autem
2347 3699 2628 3767 discipuli,
2666 3715 2790 3753 vere
2826 3708 2879 3752 et
2905 3701 3133 3753 scienter
3172 3700 3340 3768 ipsum
3375 3700 3722 3768 perquirunt,

2147 3790 2406 3856 dicentes,
2433 3789 2511 3843 Tu
2533 3807 2584 3843 es
2603 3788 2851 3853 Christus,
2877 3788 3041 3842 Filius
3069 3789 3161 3842 Dei
3193 3789 3306 3842 vivi.
3339 3788 3395 3842 Si
3425 3799 3600 3842 autem
3629 3789 3726 3842 sub

2147 3882 2429 3936 Servatore
2460 3880 2672 3934 Christo
2709 3881 2845 3934 inter
2887 3889 2962 3933 tot
2995 3879 3160 3932 millia
3195 3878 3488 3944 hominum,
3528 3878 3727 3932 duode-

2147 3974 2250 4027 cim
2283 3973 2430 4026 initio
2459 3971 2655 4024 inventi
2695 3979 2852 4033 sunt,
2888 3971 2977 4039 qui
3006 3968 3273 4023 Christum
3309 3970 3538 4024 scienter
3565 3984 3726 4038 agno.

2148 4064 2320 4116 verint
2339 4105 2352 4128 ,
2381 4077 2499 4116 cum
2529 4061 2762 4130 plerique
2787 4076 2972 4115 omnes
2998 4061 3284 4114 etiamnum
3311 4061 3569 4115 delirent:
3601 4059 3725 4128 qttid

2147 4155 2214 4209 de
2236 4155 2441 4209 Joanne
2480 4156 2633 4208 anxie
2673 4153 3044 4222 disquirimus,
3077 4152 3318 4213 homine,
3349 4152 3438 4221 qui
3480 4151 3542 4205 ad
3569 4151 3724 4204 Chri-

2149 4248 2215 4301 sti
2244 4248 2462 4302 s:ilivam
2501 4263 2607 4301 non
2645 4247 2887 4300 accessit.
2926 4245 3060 4313 Quid
3104 4254 3280 4299 autem
3318 4245 3464 4308 dico,
3499 4246 3563 4298 ad
3601 4247 3728 4299 sali-

2150 4339 2306 4392 vam?
2335 4353 2402 4392 ne
2431 4337 2494 4391 ad
2527 4337 2783 4390 limbriam
2811 4336 3046 4406 quidem,
3091 4336 3289 4389 Omnes
3337 4336 3477 4390 enim
3521 4347 3724 4406 gentes,

2152 4440 2205 4481 ut
2232 4431 2305 4481 ait
2333 4430 2512 4492 Isaias,
2536 4427 2816 4497 Tamquam
2853 4427 2990 4480 stilla
3027 4428 3209 4491 situlce,
3239 4436 3286 4479 et
3313 4438 3368 4479 ut
3397 4428 3554 4481 saliva
3579 4445 3727 4496 repu-

2153 4521 2386 4574 tabuntur
2415 4519 2567 4588 (Isai.
2601 4521 2690 4574 40.
2719 4520 2830 4589 15).
2861 4519 2976 4585 Quo
3010 4527 3183 4571 autem
3217 4518 3376 4571 modo
3400 4519 3574 4572 dixisti
3601 4534 3727 4573 con-

2154 4611 2421 4664 tumeliam
2447 4626 2569 4664 eum
2614 4610 2824 4674 fecisse,
2856 4608 3112 4676 ejusmodi
3140 4617 3223 4661 est
3261 4625 3271 4659 :
3306 4607 3478 4676 primo
3515 4609 3725 4678 quidem

2152 4718 2440 4772 numquam
2459 4710 2812 4755 consueverat
2829 4700 2998 4754 cuivis
3023 4699 3178 4753 obvio
3200 4699 3401 4753 facetus
3423 4709 3476 4753 et
3497 4701 3729 4754 urbanus

2151 4810 2291 4857 esse,
2315 4791 2482 4846 multo
2508 4792 2680 4844 minus
2700 4791 3074 4845 contumeliam
3097 4791 3270 4844 facere
3303 4807 3315 4841 :
3340 4791 3382 4843 si
3410 4806 3539 4845 vero
3565 4806 3728 4859 quos-

2153 4888 2272 4940 dam
2299 4901 2329 4939 e
2348 4885 2614 4955 germanis
2648 4883 2919 4952 discipulis
2945 4883 3075 4947 suis,
3101 4892 3192 4936 aut
3227 4883 3463 4946 clericis,
3495 4895 3584 4936 aut
3619 4885 3730 4950 cpi-

2155 4978 2348 5044 scopis,
2367 4975 2607 5039 vidisset,
2627 4983 2843 5042 propter
2874 4973 3093 5041 alicujus
3121 4973 3195 5027 rei
3214 4973 3607 5036 abstinentiam,
3639 4983 3730 5026 aut

2158 5081 2371 5137 propter
2388 5078 2590 5121 rectum
2607 5081 2878 5133 corporea:
2906 5066 3124 5133 alicujus
3151 5066 3358 5119 virtutis
3390 5081 3521 5134 opus
3540 5080 3729 5132 super-

2157 5159 2298 5221 bire;
2333 5158 2474 5224 ipsos
2510 5155 2813 5224 objurgans,
2842 5155 3122 5209 contrariis
3165 5155 3468 5208 nominibus
3499 5153 3732 5222 appella-

2158 5249 2245 5301 bat
2273 5265 2286 5301 :
2315 5246 2474 5301 veluti
2519 5262 2668 5315 aqua:
2707 5256 2946 5314 potorem
2988 5247 3275 5306 ebriosum,
3303 5256 3357 5300 et
3386 5246 3514 5300 nihil
3565 5243 3733 5314 possi-

2157 5340 2368 5396 dentem
2399 5336 2628 5392 habendi
2657 5337 2770 5406 plits
2789 5338 3126 5406 cupidum,et
3145 5337 3542 5393 misericordem
3561 5336 3730 5392 furem

2161 5435 2459 5487 nominans.
2491 5433 2616 5487 Huic
2632 5434 2771 5488 enim
2797 5434 3024 5503 gratiosa
3050 5443 3134 5487 est
3173 5435 3518 5488 institutionis
3565 5434 3731 5488 forma

2160 5543 2282 5598 erga
2306 5541 2460 5581 veros
2479 5527 2786 5594 discipulos,
2815 5541 2910 5595 per
2929 5542 2989 5580 ea
3019 5543 3136 5596 qua:
3160 5544 3262 5580 non
3295 5528 3494 5591 insunt,
3521 5543 3582 5581 ea
3614 5543 3732 5598 qua:

2163 5615 2954 5686 insuntapprobare.Creterum
3001 5617 3102 5671 hoc
3141 5627 3344 5672 certum
3392 5630 3492 5684 est,
3533 5628 3735 5688 tempe-

2165 5723 2367 5763 rantem
2395 5709 2784 5762 adolescentem
2814 5708 2978 5776 pluris
3005 5709 3320 5773 :estimabat,
3353 5726 3508 5777 quam
3539 5712 3730 5764 intem-

2161 5810 2934 5873 perantcmscncm,ctscnem
2981 5801 3213 5858 discendi
3255 5803 3526 5874 cupidum,
3572 5819 3728 5874 quam
