4122 6386
319 321 392 375 (Π
1351 329 1440 383 DE
1478 332 1640 387 VITA
1677 337 1732 388 δ.
1774 333 2062 417 JOANNIS
2099 341 2609 412 CHRYSOSTOMI.
3539 381 3608 434 (38

320 435 481 489 τοῦτο
508 433 567 486 ἐν
596 433 674 504 τῷ
701 434 851 506 αὑτῷ
879 438 1170 509 γινομένην
1197 442 1375 514 οἰκεία
1407 446 1751 517 προαιρέσει.
1778 449 1916 502 Τού‹

317 535 400 588 τῳ
438 519 620 572 τοίνυν
650 518 727 590 τῷ
755 521 944 590 τρόπῳ
974 523 1032 573 ἐν
1066 525 1129 593 τῇ
1151 524 1449 597 Ἐκκλησία
1477 530 1915 601 ἐπαρρησιάζετο

314 603 348 655 6
385 604 658 674 Ἰωάννης·
701 605 902 673 μᾶλλον
946 606 1000 659 δὲ
1049 607 1369 674 ἐκρεοκόπει
1404 613 1506 682 τὴν
1551 615 1756 686 ἀρετὴν
1803 619 1914 680 τοῖς

318 686 600 750 πεινῶσιν,
642 687 1049 759 ἐξοστρακίζων
1081 702 1101 720 ⁸
1134 693 1234 763 τὴν
1267 695 1546 767 ἁμαρτίαν
1594 701 1704 761 τοῖς
1752 716 1914 767 φανε-

318 775 436 842 ροῖς
476 773 752 842 ἐλέγχοις,
789 774 1112 844 πειθόμενος
1151 778 1228 848 τῷ
1263 779 1529 849 εἰρηκότι·
1580 780 1692 834 Τὸν
1726 782 1911 851 ἁμαρ-

315 855 574 910 τάνοντα
602 856 861 911 ἐνώπιον
895 859 1138 913 πάντων
1170 863 1404 932 ἔλεγχε,
1440 865 1540 916 ἵνα
1573 866 1672 917 καί
1702 868 1756 918 οἱ
1779 871 1907 920 λοι-

314 941 417 993 ποί
453 942 643 1010 φόϐον
677 941 883 1009 ἔχωσι.
933 943 995 995 ΕΞ
1026 944 1082 997 δέ
1117 963 1260 1010 τινες
1290 948 1383 999 ἐπὶ
1430 947 1684 1001 πλεῖστον
1731 950 1906 1022 ὑπερ-

311 1025 552 1092 ηφανίαν
570 1025 602 1094 ἢ
621 1025 935 1098 ἀφροσύνην
971 1028 1274 1092 νοσοῦντες,
1306 1030 1582 1100 βούλονται
1610 1034 1790 1086 αὑτῶν
1811 1038 1907 1091 καὶ

311 1107 412 1171 τὰς
442 1108 633 1178 ἡδονὰς
667 1109 1134 1179 ἐγκωμιάζεσθαι,
1166 1113 1370 1184 ταύτην
1400 1115 1498 1186 τὴν
1530 1117 1820 1186 συνήθειαν
1854 1121 1905 1173 οἱ

309 1190 406 1243 τοῦ
436 1192 568 1244 Θεοῦ
591 1192 765 1244 δοῦλοι
804 1194 904 1246 οὑκ
951 1193 1184 1264 ἔχουσιν.
1217 1199 1279 1250 Οἱ
1314 1197 1424 1269 γὰρ
1465 1199 1904 1266 ἀγανακτοῦντες

308 1275 406 1327 ἐπὶ
448 1275 526 1346 τῷ
571 1276 724 1348 ψόγῳ
775 1279 871 1348 τῆς
923 1279 1238 1346 πλεονεξίας
1266 1283 1362 1334 καὶ
1397 1283 1496 1351 τῆς
1523 1285 1774 1356 πορνείας
1805 1290 1903 1340 καὶ

307 1360 475 1430 ἄλλης
520 1364 666 1425 τινὸς
709 1366 912 1434 μιαρᾶς
946 1365 1162 1436 ἡδονῆς,
1212 1367 1368 1420 οὐδὲν
1411 1367 1539 1420 ἄλλο
1568 1367 1785 1436 λέγουσι
1810 1373 1901 1424 δυ-

305 1445 490 1514 νάμει,
531 1446 562 1516 ἢ
591 1447 651 1498 τὸ
672 1446 782 1500 δεῖν
820 1449 1184 1519 ἀποδέχεσθαι
1211 1451 1383 1504 ταῦτα
1413 1451 1716 1523 δηλητήρια
1746 1454 1895 1508 ὄντα.

379 1532 535 1584 ΚΕΦ.
570 1531 756 1583 ΙΘ¹.-
783 1533 842 1585 ’0
877 1535 1059 1586 ΔΙΑΚ.
1099 1535 1275 1606 Χάρις
1311 1535 1563 1607 πλείστη,
1591 1537 1794 1610 Πάτερ,
1829 1544 1893 1611 τῇ

307 1614 538 1686 ἐνδημίᾳ
583 1615 682 1684 τῆς
730 1617 830 1685 σῆς
864 1618 1238 1688 φιλαδελφίας·
1285 1619 1578 1692 γεγένηται
1621 1621 1730 1692 γὰρ
1766 1625 1896 1693 ἡμῖν

301 1697 628 1770 όνησιφόρος
656 1700 749 1753 καὶ
787 1703 1133 1771 μνημόσυνον
1166 1705 1264 1775 τῆς
1295 1703 1459 1775 ζωῆς.
1492 1704 1896 1774 Ἠσυχάσαντος

297 1780 360 1834 δὲ
403 1785 540 1852 μετά
577 1784 702 1847 τοὺς
743 1785 972 1849 πολλοὺς
1018 1788 1277 1850 ἐπαίνους
1318 1788 1412 1840 τοῦ
1443 1787 1744 1860 θεοδώρου,
1781 1790 1890 1842 τῶν

302 1867 589 1938 παρόντων
616 1886 698 1932 τις
727 1869 924 1941 ἔρρηξε
958 1873 1128 1943 ῥῆμα,
1179 1872 1373 1940 λέγων·
1412 1873 1537 1936 Πῶς
1568 1869 1660 1926 οὖν
1707 1874 1895 1928 τοσού-

299 1969 416 2014 τοις
456 1954 834 2024 προτερήμασι
880 1957 1315 2027 κεκοσμημένος,
1374 1958 1724 2028 ὑπερήφανος
1781 1955 1888 2030 ἦν;

311 2036 370 2088 '0
398 2037 644 2089 ’EHIXK.
673 2037 844 2101 Αὐτὸς
869 2039 1061 2110 παρὼν
1097 2041 1268 2108 ἔγνως
1302 2041 1464 2094 αὑτὸν
1514 2042 1888 2113 ὑπερήφανον,

297 2120 330 2189 ἢ
370 2119 528 2183 ἄλλος
578 2139 661 2174 σοι
691 2123 1048 2194 ἁφηγήσατος
1097 2126 1155 2177 Ὀ
1200 2125 1257 2178 δὲ
1303 2127 1600 2198 ἀπεκρίθη·
1631 2129 1746 2181 Οὑκ
1772 2124 1890 2182 οἶδα

295 2203 391 2255 τὸν
431 2203 620 2274 ἄνδρα,
669 2207 855 2276 φησίν·
898 2207 1014 2260 ἀλλ’
1047 2209 1258 2279 ηκουσα
1282 2210 1435 2279 παρά
1463 2226 1610 2273 τινος
1635 2209 1890 2282 βυρσοδέ-

294 2289 422 2355 ψου,
451 2288 808 2359 διηγουμένου
839 2292 922 2344 ὅτι
956 2293 1200 2356 σπανίως
1230 2290 1298 2365 ἦν
1328 2293 1478 2364 αὑτῷ
1511 2294 1882 2357 συναγελάσαι

288 2372 419 2442 δίχα
442 2375 539 2443 τῆς
587 2375 934 2445 Ἐκκλησίας,
978 2394 1315 2448 στενοχωρου
1325 2378 1474 2448 μένῳ
1499 2378 1560 2430 τὸ
1580 2377 1888 2446 συνδιάγειν

293 2457 389 2508 ἐπὶ
420 2457 554 2509 πολὺ
575 2462 688 2521 τοῖς
739 2459 1107 2530 βουλομένοις.
1151 2461 1322 2519 Τοῦτο
1368 2461 1425 2512 δὲ
1467 2460 1666 2530 δεῖγμα
1719 2462 1888 2533 ὑπερ-

290 2541 453 2610 σφεας
501 2543 595 2595 καὶ
639 2543 831 2612 τύφου,
866 2545 928 2596 τὸ
978 2546 1202 2614 φεύγειν
1244 2547 1343 2608 τάς
1394 2545 1501 2598 τῶν
1548 2544 1886 2617 βουλομένων

295 2626 602 2690 συνουσίας.
633 2627 692 2680 Ὀ
722 2627 975 2681 ἘΠΙΣΚ.
1008 2630 1117 2682 Καὶ
1144 2629 1288 2692 τίνος
1316 2626 1383 2699 ἦν
1415 2629 1576 2683 ἄλλου
1606 2627 1884 2699 ψέξαιτὴν

305 2710 552 2762 Ἰωάννου
591 2710 928 2780 φιλοσοφίαν,
958 2713 990 2782 ἦ
1019 2712 1346 2782 βυρσοδέψου
1379 2712 1473 2766 τοῦ
1507 2713 1603 2765 καὶ
1643 2711 1741 2784 τὴν
1763 2713 1887 2765 δυσ-

288 2793 458 2846 ωδίαν
513 2793 608 2846 τοῦ
649 2794 779 2847 ίδίου
806 2795 1172 2867 ἐργαστηρίου
1207 2796 1508 2866 σύντροφον
1538 2792 1706 2848 οὖσαν
1743 2797 1884 2849 ἀπο-

287 2877 581 2946 δεχομένου
605 2896 618 2943 ;
645 2878 708 2931 Εἰ
746 2879 802 2932 δὲ
830 2880 1028 2950 δεῖγμα
1054 2880 1356 2949 ὑπεροψίας
1391 2880 1452 2932 τὸ
1485 2881 1709 2950 φεύγειν
1753 2882 1882 2946 τοὺς

289 2961 500 3031 ὄχλους,
535 2960 689 3014 ἔσται
726 2963 819 3016 καὶ
871 2964 900 3015 6
926 2963 1240 3034 Βαπτιστὴς
1271 2963 1528 3034 Ἰωάννης
1563 2963 1883 3035 ὑπερόπτης

290 3046 430 3099 κατὰ
461 3045 553 3097 τὸν
586 3044 746 3113 λόγον
776 3045 867 3097 τὸν
891 3044 1003 3110 σὺν,
1032 3045 1334 3116 ὑποχωρῶν
1363 3047 1442 3110 είς
1473 3046 1572 3110 τὰς
1615 3048 1879 3117 ἐρήμους·

289 3129 480 3182 ἔπειτα
513 3129 569 3182 δέ
593 3131 688 3182 καὶ
715 3129 743 3181 ὁ
766 3129 978 3201 Σωτήρ·
1002 3129 1422 3200 ἀναγέγραπται
1452 3129 1580 3201 γὰρ,
1606 3130 1690 3183 ὅτι
1711 3131 1884 3186 Ἰδὼν

288 3214 431 3278 τοὺς
457 3211 684 3282 ὄχλους
709 3215 741 3266 ὀ
794 3212 1050 3280 Ἰησοῦς,
1085 3211 1270 3279 ἀνέϐη
1301 3215 1391 3278 εἰς
1422 3212 1488 3264 τὸ
1527 3213 1695 3280 ὄρος·
1737 3218 1880 3266 καθ-

291 3297 544 3361 ίσαντος
577 3296 645 3348 δὲ
676 3295 864 3349 αὑτοῦ
884 3337 898 3360 ,
952 3295 1308 3364 προσῆλθον
1343 3295 1505 3360 αὐτῷ
1533 3299 1585 3350 οἱ
1617 3299 1880 3365 μαθηταὶ

289 3382 497 3446 αὑτοῦ,
535 3381 628 3434 καὶ
683 3382 783 3451 οὑχ
843 3382 890 3433 oi
945 3381 1112 3451 ὄχλοι.
1148 3382 1259 3434 Καὶ
1307 3381 1491 3434 πάλιν·
1527 3381 1699 3458 Ἰδών
1738 3383 1880 3450 τοὺς

287 3465 538 3533 ὄχλους,
597 3464 948 3534 ἀνεχώρησε
1002 3465 1129 3519 κατ’
1175 3466 1353 3520 ἰδίαν.
1389 3468 1484 3519 Ὃν
1543 3466 1880 3537 μιμούμενος

287 3551 429 3604 κατά
459 3551 689 3622 δύναμιν
718 3552 745 3602 ὀ
773 3549 935 3614 καλὸς
961 3549 1237 3621 Ἰωάννης,
1281 3550 1374 3603 καὶ
1402 3549 1565 3613 αὑτὸς
1603 3550 1879 3621 ὑπεχώρει

285 3637 412 3698 τοὺς
445 3635 656 3704 ὄχλους,
689 3635 1050 3704 συνηδόμενος
1071 3636 1184 3696 τοῖς
1217 3634 1360 3686 κατά
1391 3633 1648 3703 ἀλήθειαν
1688 3635 1879 3705 μαθεῖν

285 3737 336 3771 τι
373 3719 736 3788 βουλομένοις.
768 3718 828 3770 Ὁ
855 3719 1039 3770 ΔΙΑΚ.
1073 3716 1270 3780 Καλῶς
1303 3715 1403 3786 μὲν
1437 3717 1546 3786 γὰρ
1593 3717 1702 3769 ἀπὸ
1738 3735 1878 3788 γρα-

286 3803 460 3872 φικῶν
490 3801 952 3873 παραδειγμάτων
977 3801 1207 3861 πείθεις·
1237 3800 1367 3852 τίδὲ
1399 3799 1545 3870 ἔχεις
1576 3803 1773 3862 εἰπεῖν,
1794 3802 1878 3854 ὅτι

286 3887 544 3956 ὑόριστὴς
573 3883 663 3956 ἦν,
689 3886 784 3937 καὶ
813 3886 875 3937 οὑ
913 3884 1074 3954 μόνον
1117 3885 1244 3946 τοὺς
1295 3883 1524 3948 πολλοὺς
1571 3883 1867 3954 ὑπεχώρει,

283 3970 417 4022 ἀλλὰ
436 3971 549 4022 -καὶ
577 3970 673 4021 ἕνα
697 3970 790 4020 καὶ
813 3967 937 4031 δύο;
979 3969 1036 4020 Ὀ
1060 3967 1313 4021 ἘΠΙΣΚ.
1344 3967 1598 4020 Μάλιστα
1639 3968 1738 4038 μὲν
1781 3970 1877 4022 καὶ

283 4049 363 4116 εἷς
415 4052 698 4122 ἀνωφελὴς
734 4052 828 4104 καὶ
872 4049 1117 4120 ἀγύρτης
1161 4050 1318 4120 ὄχλος
1361 4052 1530 4114 ἐστὶν,
1572 4047 1684 4114 οἷος
1732 4047 1802 4121 ἦν
1848 4054 1878 4104 6

281 4135 451 4190 εἰπὼν
506 4136 584 4206 τῷ
639 4136 838 4204 Ἰησοῦ·
898 4133 1270 4200 Διδάσκαλε,
1317 4133 1716 4201 ἀκολουθήσω
1772 4153 1871 4188 σοι

282 4223 434 4275 ὅπου
465 4223 573 4274 ἐὰν
594 4221 845 4288 ἀπέρχῃ.
867 4220 942 4271 Οὑ
975 4219 1161 4287 φυγὼν
1191 4219 1280 4272 τὸν
1302 4219 1456 4288 ὄχλον
1474 4220 1502 4270 6
1533 4219 1723 4289 Σωτὴρ
1752 4215 1873 4272 εἷπε

280 4309 360 4369 τὸ,
386 4310 452 4359 Αἰ
477 4305 806 4370 ἀλώπεκες,
838 4306 930 4357 καὶ
962 4305 1030 4357 τὰ
1065 4304 1222 4373 ἐξῆςς
1254 4304 1368 4355 Οὑκ
1401 4302 1544 4373 ἔχεις
1566 4302 1623 4354 δέ
1652 4320 1720 4372 με
1749 4307 1866 4355 πεῖ-

280 4406 394 4453 σαι,
425 4391 505 4443 δτι
535 4390 666 4442 ποτέ
699 4389 956 4458 Ἰωάννης
986 4388 1079 4456 ἀφ’
1106 4382 1169 4440 οὗ
1204 4385 1533 4454 ἐϐαπτίσθη,
1571 4384 1604 4455 ἢ
1633 4383 1870 4455 ὤμοσεν,

279 4476 312 4546 ἢ
340 4475 598 4546 ὥρκισεν,
630 4475 662 4546 ἦ
698 4472 1144 4544 κατελάλησεν.ἢ
1173 4469 1515 4541 ἐψεύσατο,ἢ
1556 4470 1872 4540 κατηράσα-

278 4578 356 4622 το,
387 4561 420 4632 ἢ
463 4559 811 4629 εὐτραπέλων
835 4559 1131 4628 ἠνέσχετος
1159 4559 1219 4609 '0
1248 4555 1426 4608 AIAK.
1461 4552 1600 4607 Οὔτε
1628 4554 1736 4624 γάρ
1760 4555 1872 4622 ἐγὼ

277 4646 419 4713 λέγω
467 4646 671 4699 τούτων
720 4662 797 4706 τι,
843 4644 958 4697 ἀλλ’
989 4645 1071 4696 ὅτι
1120 4640 1364 4710 ὕϐριζεν.
1405 4640 1463 4691 'U
1509 4638 1758 4691 ‘EHIEK.
1803 4635 1872 4691 Ὦ

281 4729 545 4799 βέλτιστε,
589 4729 684 4781 καὶ
707 4730 735 4780 6
761 4726 966 4780 τούτων
999 4726 1165 4796 μηδὲν
1192 4726 1446 4794 ποιήσας,
1481 4722 1598 4785 πῶς
1625 4721 1867 4794 ὕϐριζεν,

276 4811 510 4880 ἀφειδῶν
560 4813 662 4881 τῆς
708 4810 963 4881 γλώσσης
998 4811 1096 4880 τῆς
1137 4808 1366 4871 ἐαυτοῦς
1405 4809 1492 4859 Ἐν
1545 4807 1724 4876 μικρῷ
1759 4807 1870 4876 γὰρ

277 4898 368 4949 καὶ
392 4897 612 4967 μεγάλῳ
638 4898 665 4948 6
706 4894 981 4964 μολυσμὸς
1007 4894 1122 4957 ἴσος
1145 4893 1313 4946 ἐστίν.
1357 4893 1416 4943 'U
1463 4892 1648 4944 ΔΙΑΚ.
1678 4891 1742 4943 Τί
1775 4887 1868 4944 οῦν

277 4984 413 5043 ἐστι,
452 4979 788 5052 παρακαλῶ,
831 4978 868 5032 ἃ.
899 4978 1150 5032 λαλοῦσιν
1176 4981 1224 5030 οἱ
1258 4976 1556 5046 ἄνθρωποι·
1594 4977 1689 5028 καὶ
1736 4977 1866 5029 πότε

276 5065 578 5118 παύσονται
610 5063 702 5116 τοῦ
750 5062 967 5125 λαλεῖν;
1015 5063 1072 5115 '0
1108 5059 1351 5114 ’EHIEK.
1387 5061 1653 5112 ’Ἄκουσον
1685 5059 1866 5112 τοίνυν

275 5149 403 5219 περὶ
452 5148 693 5208 πάντων,
740 5147 834 5198 καὶ
881 5145 1078 5217 μηκέτι
1119 5143 1254 5197 ἓπου
1293 5146 1412 5205 ταῖς
1461 5142 1772 5212 φλυαρίαις·
1801 5145 1862 5197 οὑ

271 5233 383 5302 γὰρ
421 5233 564 5297 ’έξεις
608 5231 907 5300 ἀπολογίαν
951 5231 1230 5284 οὐδέποτε.
1273 5231 1336 5281 Οἱ
1371 5227 1652 5298 ἄνθρωποι
1688 5227 1865 5298 ὀρθῶς

274 5317 352 5386 μὴ
400 5315 676 5385 βιοῦντες,
716 5315 884 5386 ὀρθάς
931 5316 1034 5368 οὑκ
1074 5313 1258 5384 ἔχουσι
1288 5312 1386 5374 τάς
1417 5311 1742 5382 ὑπολήψεις,
1775 5312 1864 5364 ἀεὶ

272 5399 732 5467 είκαιολογοῦντες
756 5401 847 5452 καὶ
870 5401 949 5462 είς
982 5399 1139 5452 τοῦτο
1189 5395 1544 5468 σχολάζοντες
1567 5437 1582 5460 ,
1624 5395 1863 5466 μάλιστα

271 5483 368 5535 νῦν
387 5483 600 5546 οὐδενὸς
631 5483 936 5553 τολμῶντος
989 5482 1117 5536 ἄλλο
1161 5499 1211 5534 τι
1267 5481 1466 5548 λέγειν.
1503 5479 1614 5532 Καὶ
1645 5479 1736 5531 ἐπὶ
1765 5479 1860 5532 τοῦ

273 5568 524 5638 Σωτῆρος
577 5568 687 5640 γὰρ
738 5567 905 5628 Θεοῦ,
953 5568 1046 5619 καὶ
1091 5566 1229 5636 ὑπὲρ
1261 5564 1547 5635 ἄνθρωπον
1583 5565 1676 5617 καὶ
1721 5564 1862 5636 ὑπὲρ

272 5655 558 5723 προφήτην
614 5652 780 5704 αὑτοῦ
834 5652 928 5704 καὶ
979 5648 1220 5721 βιοῦντος
1284 5650 1376 5702 καὶ
1431 5647 1715 5712 λαλοῦντος
1767 5651 1860 5703 καὶ

335 5805 362 5834 ³
384 5803 498 5855 Cod.
527 5803 654 5866 Me,d.
681 5803 982 5858 ἐξοσταΐζων.
1004 5799 1231 5851 Correxit
1255 5800 1400 5862 BigOL
1463 5849 1472 5864 ιλ

594 5899 864 5958 ΡΑτιιοι.
913 5899 1030 5959 Gn.
1083 5901 1275 5962 XLVI
1291 5904 1334 5962 Ι.

2023 456 2281 560 δρῶντος,
2330 469 2595 527 ἀλλόκοτα
2646 475 2888 543 ἐλάλουν,
2937 481 3134 554 χοίρων
3175 486 3330 556 δίκην
3365 491 3396 559 ἢ
3435 493 3608 562 μυιῶν

2019 545 2089 598 τά
2115 551 2243 622 περὶ
2267 554 2432 607 αὑτοῦ
2471 560 2935 629 συναθροίζοντες·
2985 568 3144 623 τοῦτο
3182 572 3290 643 γάρ
3335 545 3527 644 ήθελον
3556 583 3606 634 οἱ

2019 640 2138 692 τότε
2165 647 2365 714 καιροί.
2400 651 2461 701 Οί
2483 651 2581 720 μὲν
2609 653 2717 722 γάρ
2750 655 2954 726 ἔλεγον·
2986 661 3194 729 Πλανᾷ
3214 640 3321 718 τόν
3349 640 3602 739 κόσμον·

2015 734 2065 829 οί
2100 734 2191 799 δὲ,
2231 736 2330 792 Ἐν
2373 743 2738 804 Βεελζεϐοὺλ
2797 750 3044 820 ἄρχοντι
3101 755 3221 809 τῶν
3279 734 3606 829 δαιμονίων

2014 826 2300 886 ἐκϐάλλει
2356 836 2428 889 τὰ
2478 837 2782 910 δαιμόνια·
2838 847 3013 916 ἕτεροι
3042 891 3057 913 ,
3098 850 3253 906 Ἰδοὺ
3291 826 3599 925 ἅνθρωπος

2011 919 2200 1012 φάγος
2225 926 2324 980 καὶ
2355 931 2698 1000 οἰνοπότης·
2734 936 2902 1001 ἄλλοι,
2941 943 3308 1012 Σαμαρείτης
3331 919 3598 1011 ἐστὶριαί

2007 1011 2318 1108 δαιμόνιον
2347 1020 2491 1090 ἔχει.
2547 1026 2657 1079 Καὶ
2689 1029 2742 1080 τί
2778 1047 2846 1100 με
2881 1032 2963 1086 δεῖ
3003 1035 3181 1103 λέγειν
3225 1041 3598 1108 συναγαγόντα

2007 1105 2136 1170 τοὺς
2168 1107 2395 1179 ὖθλους;
2436 1115 2524 1181 Ὠς
2560 1120 2654 1172 καὶ
2679 1122 2840 1175 αὑτὸν
2862 1125 2951 1177 τὸν
2980 1127 3208 1199 Σωτῆρα
3235 1130 3410 1185 εἰδότα
3439 1135 3598 1188 τοῦτο

2005 1198 2184 1293 λέγειν
2206 1207 2319 1268 τοῖς
2338 1207 2673 1275 ἀποστόλοις·
2699 1215 2836 1270 Τίνα
2845 1233 2922 1285 με
2936 1217 3224 1289 λέγουσιν
3236 1227 3289 1277 οἱ
3300 1223 3598 1293 ἅνθρωποι

2004 1287 2158 1346 εἶναι
2177 1295 2283 1349 τὸν
2323 1299 2460 1354 Υἱὸν
2476 1302 2581 1356 τοῦ
2611 1305 2950 1375 άνθρώποτη
2979 1287 3049 1384 ’ᾯ
3070 1331 3245 1384 προσα
3255 1287 3590 1386 ποκρίνονται

2003 1387 2052 1438 οἱ
2097 1388 2360 1459 μαθηταὶ.
2388 1395 2488 1458 τάς
2516 1397 2897 1473 εὑφημοτέρας
2935 1407 3065 1474 περὶ
3107 1408 3270 1461 αὑτοῦ
3294 1410 3592 1482 ὑπολήψεις

1999 1478 2364 1554 διηγούμενοι,
2384 1490 2447 1542 01
2454 1489 2569 1556 μὲν
2588 1491 2820 1557 Ἠλίαν,
2835 1498 2890 1550 οἱ
2901 1495 2969 1550 δὲ
2995 1498 3300 1570 Ἰερεμίαν,
3327 1478 3501 1560 ἄλλοί
3523 1507 3591 1561 δὲ

2001 1570 2291 1643 Ἰωάννην
2319 1580 2426 1632 τὸν
2451 1585 2810 1656 Βαπτιστὴν
2834 1591 3146 1660 φήσαντες
3168 1612 3182 1624 ·
3218 1598 3590 1668 ήσυχάσαντες

1999 1665 2108 1718 τῶν
2140 1669 2488 1728 ἐπιπλεῖστον
2515 1678 2736 1746 φαύλων
2757 1683 2884 1746 τοὺς
2905 1683 3116 1754 λόγους.
3148 1687 3255 1752 Οὓς
3277 1691 3590 1764 ἀντεπερω-

1998 1759 2087 1856 τά,
2139 1759 2482 1835 διαχωρίζων
2526 1772 2634 1823 τῶν
2691 1775 2994 1846 ἀνθρώπων
3043 1782 3248 1851 (οὐκέτι
3299 1785 3407 1855 γάρ
3444 1759 3587 1856 ἦσαν

1995 1851 2096 1950 τὴν
2125 1855 2353 1926 γνώμην
2393 1860 2691 1933 ἄνθρωποι,
2733 1868 2848 1922 ἀλλ’
2881 1872 2986 1924 υἱοὶ
3020 1873 3176 1927 Θεοῦ·
3206 1851 3432 1931 ’Ἔδωκε
3468 1851 3586 1950 γάρ

1997 1947 2128 2040 ημῖν
2155 1951 2194 2040 r6
2239 1952 2411 2018 Λόγος
2454 1956 2778 2027 ἐξουσίαν,
2825 1963 3008 2019 τέκνα
3047 1969 3195 2023 Θεοῦ
3259 1947 3581 2040 γενέσθαιλ-

2008 2038 2022 2056 ⁹
2034 2039 2204 2108 Υμεῒς
2219 2041 2288 2095 δὲ
2300 2045 2434 2097 τινα
2443 2064 2521 2114 με
2535 2049 2740 2117 λέγετε
2753 2046 2922 2106 εἶναι.
2943 2055 3002 2108 Ἀ
3012 2059 3349 2130 ποκρίνονται
3360 2065 3420 2117 οὑ
3443 2038 3580 2119 πάν-

1998 2147 2108 2194 τες,
2123 2132 2259 2225 ἀλλά
2279 2135 2437 2225 μόνος
2458 2138 2485 2190 6
2509 2139 2732 2210 Πέτρος,
2761 2144 3075 2214 ἑρμηνεύων
3090 2151 3190 2219 τὴν
3209 2152 3428 2209 πάντων
3443 2157 3578 2225 γνώ-

2003 2239 2130 2292 μην·
2150 2224 2233 2276 Σὺ
2249 2221 2305 2278 εί
2325 2229 2358 2279 ὁ
2381 2229 2656 2296 Χριστὸς,
2684 2235 2717 2285 ό
2754 2235 2883 2300 Υἱός
2907 2239 3010 2292 τοῦ
3035 2242 3182 2295 Θεοῦ
3203 2244 3308 2298 τοῦ
3339 2221 3573 2312 ζῶντος.

1993 2319 2101 2388 τΠς
2123 2326 2468 2398 ἀποκρίσεως
2498 2330 2897 2402 ἀποδεχόμενος
2928 2334 2990 2388 τὸ
3004 2335 3167 2406 ὀρθὸν
3183 2339 3212 2391 6
3237 2339 3450 2410 Σωτὴρ,
3471 2343 3580 2393 ἀπ-

1992 2421 2249 2490 εφήνατο,
2289 2421 2476 2476 εἰπών·
2510 2424 2594 2477 Σὺ
2631 2424 2690 2477 εἴ
2725 2425 2966 2493 Πέτρος,
3008 2428 3108 2481 καὶ
3149 2429 3245 2482 ἐπὶ
3283 2432 3468 2499 ταύτῃ
3503 2429 3582 2502 τῇ

1989 2513 2474 2582 πέτρᾳ.τουτέστι,
2508 2521 2572 2590 τῇ
2601 2519 2881 2591 ὁμολογίᾳ,
2909 2520 3286 2590 οἰκοδομήσω
3315 2541 3430 2592 μου
3463 2523 3581 2593 τὴν

1988 2607 2380 2684 Ἐκκλησίαν,
2414 2609 2512 2663 καὶ
2548 2613 2735 2665 πύλαι
2775 2611 2924 2679 ᾅδου
2964 2614 3036 2667 οὐ
3088 2618 3580 2684 κατισχύσουσιν

1983 2679 2191 2766 αὑτῆς.
2241 2699 2429 2770 Τούτῳ
2479 2702 2658 2755 τοίνυν
2705 2702 2782 2773 τῷ
2825 2706 3139 2777 χαρακτῆρι
3195 2707 3451 2777 εὑρήσεις
3482 2707 3579 2761 καὶ

1984 2790 2101 2853 νῦν,
2154 2793 2214 2844 οὑ
2255 2794 2416 2862 μόνον
2466 2795 2558 2848 ἐπὶ
2600 2798 2873 2862 Ἰωάννου,
2920 2798 3056 2852 ἀλλά
3088 2799 3182 2852 καὶ
3212 2801 3308 2853 ἐπὶ
3356 2801 3576 2855 πάντων

1982 2883 2108 2944 τοῦς
2143 2882 2344 2951 ψόγους
2397 2886 2492 2937 καὶ
2548 2885 2675 2950 τοῦς
2726 2888 3002 2952 ἐπαίνους.
3049 2890 3160 2942 Καὶ
3212 2889 3402 2958 ὥσπερ
3449 2891 3570 2945 κατ’

1983 2971 2162 3026 ἐκεῖνο
2183 2973 2377 3045 καιροῦ
2409 2975 2597 3039 κακῶς
2640 2975 2884 3029 ἐλαλεῖτο
2927 2977 2997 3030 τὰ
3036 2980 3166 3049 περὶ
3198 2977 3292 3031 τοῦ
3333 2978 3574 3050 Χριστοῦ

1983 3061 2078 3113 καὶ
2105 3060 2213 3114 τῶν
2245 3062 2583 3125 ἀποστόλων,
2621 3063 2869 3134 βοώντων
2897 3067 3184 3136 Ἐφεσίων·
3215 3065 3395 3124 Οὗτοί
3415 3073 3576 3124 εἰσιν

1934 3169 1936 3174 ·
1983 3155 2036 3206 οί
2060 3154 2601 3223 ἀναστατώσαντες
2621 3155 2736 3225 τὴν
2757 3161 3121 3229 οἰκουμένην
3141 3180 3152 3192 ·
3196 3163 3472 3218 πέπαυται
3514 3165 3574 3219 δὲ

1983 3246 2100 3312 νῦν,
2139 3247 2514 3320 δοξαζομένων
2549 3249 2758 3305 αὐτῶν·
2799 3251 2976 3316 οὑτως
3009 3255 3264 3327 εὑρήσεις
3311 3258 3447 3328 μετὰ
3473 3258 3573 3328 τὴν

1981 3339 2175 3405 γενεὰν
2205 3339 2428 3411 ταύτην,
2451 3340 2528 3404 ὡς
2559 3342 2814 3413 μάρτυρα
2839 3344 3150 3416 τιμώμενον
3182 3347 3272 3402 τὸν
3291 3351 3566 3422 Ἰωάννην,

1980 3430 2392 3485 καταλυθέντων
2437 3433 2548 3486 τῶν
2593 3435 2988 3507 ἀντικειμένων
3042 3442 3165 3503 ταῖς
3223 3442 3354 3512 περὶ
3402 3442 3566 3497 αὑτοῦ

1980 3524 2297 3594 εὐφημίαις·
2313 3526 2408 3578 καὶ
2425 3527 2540 3580 ὅσοι
2556 3527 2964 3599 μὲνχοιρώδεις,
2991 3531 3022 3602 ἢ
3045 3531 3304 3597 κυνώδεις
3334 3538 3566 3604 φήσουσι

1978 3615 2057 3678 τὸ,
2078 3616 2287 3684 Πλανᾷ
2310 3617 2418 3670 τὸν
2447 3619 2698 3687 κόσμον,
2727 3621 2821 3674 καὶ
2854 3621 2923 3675 τὰ
2946 3622 3091 3693 ἑξῆς·
3113 3625 3291 3679 ὅσοιδέ
3308 3627 3565 3698 μαθηταὶ,

1977 3710 2214 3778 γνησίως
2245 3713 2338 3766 καὶ
2369 3713 2749 3784 ἐπιστημόνως
2778 3716 2940 3770 αὑτὸν
2977 3717 3351 3789 ἐκζητοῦντες,
3381 3722 3462 3784 τὸ,
3484 3723 3568 3776 Σὺ

1976 3795 2036 3853 εἷ
2067 3804 2099 3852 ό
2129 3802 2382 3869 Χριστὸς
2429 3807 2462 3856 ὀ
2501 3806 2633 3870 Υἱὸς
2672 3805 2780 3858 τοῦ
2835 3807 2983 3861 Θεοῦ
3013 3809 3120 3862 τοῦ
3149 3808 3386 3877 ζῶντος.
3416 3814 3478 3866 Εἰ
3510 3815 3568 3868 δέ

1977 3894 2068 3945 ἐπὶ
2103 3893 2197 3946 τοῦ
2242 3894 2498 3966 Σωτῆρος
2548 3896 2784 3966 Χριστοῦ
2839 3899 2897 3950 ἐν
2959 3899 3249 3964 τοσαύταις
3309 3905 3567 3974 μυριάσιν

1976 3986 2185 4057 ἀνδρῶν
2215 3985 2423 4040 δώδεκα
2457 3987 2715 4058 εὕρηνται
2749 3991 2805 4042 ἐν
2831 3991 2970 4061 ἀρχῇ
3000 3993 3045 4043 οἱ
3075 3993 3164 4044 τὸν
3189 3993 3398 4064 Ἰησοῦν
3421 4014 3565 4065 γνω-

1981 4080 2250 4150 ρίσαντες,
2282 4079 2392 4133 τῶν
2425 4080 2637 4133 πολλῶν
2665 4084 2834 4135 είσέτι
2873 4086 2967 4137 καὶ
3011 4082 3109 4138 νῦν
3140 4087 3564 4160 φλυαρούντων·

1975 4169 2027 4221 τί
2061 4167 2566 4239 ἀκριϐολογούμεθα
2606 4172 2734 4242 περὶ
2772 4171 3024 4250 Ίῳάννου
3046 4214 3060 4234 ,
3097 4175 3387 4247 ἀνθρώπου
3427 4179 3564 4252 πρὸς

1974 4264 2067 4314 τὸν
2091 4261 2264 4314 σίελον
2287 4261 2381 4314 τοῦ
2413 4261 2651 4333 Χριστοῦ
2690 4262 2763 4333 μὴ
2791 4264 2974 4330 δντος;
3017 4267 3081 4318 Τί
3115 4268 3173 4320 δὲ
3215 4268 3379 4338 λέγω,
3425 4271 3565 4342 πρὸς

1972 4357 2064 4408 τὸν
2102 4355 2306 4418 σίελονς
2337 4356 2472 4426 πρὸς
2489 4355 2549 4408 τὸ
2577 4356 2906 4426 κράσπεδον.
2934 4360 3137 4413 Πάντα
3163 4363 3272 4434 γὰρ
3299 4363 3370 4417 τὰ
3387 4365 3561 4430 ἔθνη,

1977 4449 2117 4502 κατά
2156 4450 2247 4502 τὸν
2276 4449 2526 4513 Ἦσαῖαν,
2559 4451 2640 4514 ὠς
2669 4449 2910 4515 σταγὼν
2946 4451 3063 4504 ἀπὸ
3099 4451 3311 4515 κάδου,
3351 4455 3451 4508 καὶ
3480 4455 3563 4522 ὡς

1977 4544 2187 4607 σίελος
2213 4543 2708 4610 λογισθήσονται.
2748 4544 2845 4595 Ὃν
2879 4541 2936 4594 δέ
2970 4543 3170 4612 τρόπον
3199 4541 3358 4610 εἶπας
3397 4547 3562 4600 αὑτὸν

1977 4634 2240 4706 ὑϐρίζειν,
2268 4633 2507 4697 τοιοῦτός
2537 4635 2704 4687 ἐστιν.
2749 4633 2974 4704 Πρῶτον
3005 4635 3104 4705 μὲν
3139 4635 3248 4707 γὰρ
3275 4638 3561 4708 ἀμήχανον

1975 4727 2042 4802 ἦν
2072 4732 2302 4802 πρᾶγμα
2331 4729 2467 4799 πρὸς
2489 4729 2579 4782 τὸν
2628 4729 2860 4798 τυχόντα
2894 4729 3335 4800 χαριεντίζεσθαι
3371 4733 3557 4792 αὑτὸν,

1977 4817 2105 4886 μήτι
2140 4831 2202 4882 γε
2236 4813 2298 4884 δὴ
2325 4815 2418 4866 καὶ
2453 4813 2691 4883 ὑϐρίσαι·
2724 4815 2770 4865 εί
2792 4813 2848 4867 δέ
2875 4813 2977 4866 πού
3007 4831 3158 4878 τινας
3183 4815 3290 4868 τῶν
3317 4817 3557 4887 γνησίων

1970 4904 2136 4960 αὑτοῦ
2177 4905 2452 4977 μαθητῶν,
2487 4904 2841 4978 ἦκληρικῶν,
2869 4907 2901 4978 ἢ
2934 4908 3268 4972 ἐπισκόπων,
3302 4904 3440 4961 εἶδεν
3460 4909 3557 4962 ἐπὶ

1970 5003 2148 5072 ἀποχῇ
2203 5017 2368 5063 τινος,
2423 4998 2457 5070 ἢ
2518 5000 2904 5071 κατορθώματι
2974 5002 3292 5072 σωματικῆς
3351 5002 3556 5074 ἀρετῆς

1973 5091 2533 5164 μεγαλοφρονοῦντας,
2564 5091 2622 5145 τὸ
2654 5093 2898 5146 ἐναντίον
2922 5095 3058 5166 πρὸς
3095 5095 3297 5159 αὐτοῦς
3319 5097 3554 5149 ἐπισκώ-

1969 5195 2115 5230 πτων
2155 5176 2440 5239 ἀπεκάλει,
2470 5177 2546 5241 ὡς
2591 5177 2682 5230 τὸν
2707 5178 3006 5250 ὑδροπότην
3057 5180 3308 5250 μέθυσον,
3340 5182 3433 5234 καὶ
3461 5183 3554 5235 τὸν

1967 5270 2249 5340 ἀκτήμονά
2305 5267 2656 5340 πλεονέκτην,
2706 5270 2802 5322 καὶ
2851 5270 2943 5322 τὸν
2995 5270 3268 5340 ἐλεήμονα
3312 5272 3552 5342 κλέπτην

1967 5364 2160 5431 λέγων.
2180 5358 2335 5424 Εἶδος
2368 5361 2477 5432 γὰρ
2503 5363 2691 5431 χαρίεν
2717 5362 2813 5416 καὶ
2857 5362 3014 5414 τοῦτο
3037 5363 3385 5428 διδασκαλίας
3413 5368 3552 5437 πρὸς

1964 5459 2090 5519 τοὺς
2118 5455 2396 5526 γνησίους.
2427 5454 2514 5506 διὰ
2538 5454 2644 5505 τῶν
2674 5453 2748 5524 μὴ
2772 5455 3081 5525 προσόντων
3104 5456 3397 5527 κυροῦντος
3422 5459 3451 5499 ιδ
3490 5460 3551 5512 τὸ

1967 5548 2185 5619 προσόν.
2231 5545 2304 5599 Τὸ
2347 5545 2406 5598 δὲ
2458 5545 2675 5615 ἀληθὲς,
2731 5546 2893 5617 ἐτίμα
2951 5545 3202 5618 σώφρονα
3261 5549 3378 5602 νέον
3407 5551 3547 5618 ὑπὲρ

1965 5639 2262 5692 ἀκόλαστον
2295 5636 2543 5708 γέροντα,
2581 5635 2676 5690 καὶ
2701 5638 2929 5708 γέροντα
2953 5637 3228 5710 φιλομαθῆ
3253 5640 3392 5707 ὑπὲρ
3417 5638 3549 5698 νεώ-

2029 5792 2054 5831 b
2078 5787 2208 5842 Edili
2229 5786 2493 5852 πυροῦντες.

3897 6255 3974 6288 Α.
