4122 6386
538 302 626 359 Ὲει
1859 298 2183 359 PALLADII
2222 302 2567 363 MALOGUS
3730 314 3801 371 70

522 433 678 491 τερον
704 415 913 487 ἀμαθῆ,
936 418 1028 473 καὶ
1047 416 1332 488 ἀκτήμονά
1366 414 1582 484 ἰδιώτην
1623 414 1764 487 ὑπὲρ
1786 418 2101 493 ,πεπαιδευ-

524 501 687 573 μένον
715 498 1067 574 φιλάργυρον,
1101 501 1194 555 καὶ
1227 499 1490 570 κοσμικόν
1533 499 1785 570 ἐνάρετον
1818 499 1962 572 ὑπὲρ
2006 518 2103 570 μου

523 582 680 654 ναχὸν
719 584 984 656 ἀπραγον·
1015 582 1211 646 ἃ-ῖσως
1240 582 1426 653 ὕϐρεις
1452 580 1704 649 λέγουσιν
1731 582 1781 634 οί
1808 582 1906 646 τὰς
1934 583 2104 654 τιμάς

520 667 925 740 ἐπιζητοῦντες·
978 667 1179 737 καίπερ
1232 666 1332 737 τῆς
1384 666 1605 737 Γραφῆς
1636 665 1728 718 καὶ
1766 666 1865 729 τὰς
1916 665 2102 739 ὕϐρεις

520 751 702 815 ποσῶς
727 753 979 823 ἐχούσης,
1011 752 1264 804 Ἰωάννου
1306 751 1404 819 μὲν
1431 749 1680 816 λέγοντος
1724 747 1836 813 τοῖς
1868 749 2104 821 προσελ-

519 834 670 889 θοῦσι
701 836 1128 905 μαθητευθῆναι·
1160 831 1519 901 Γεννήματα
1546 829 1825 900 ἐχιδνῶν,
1847 833 1939 898 τίς
1958 832 2102 901 ὑμῖν

516 916 797 983 ὑπέδειξε
856 916 1073 987 φυγεῖν
1133 916 1252 971 ἀπὸ
1301 912 1413 982 τῆς
1462 916 1820 985 μελλούσης
1875 914 2100 985 (³9τῆςί

518 1001 731 1058 Παύλου
759 1003 816 1056 δὲ
847 1002 1008 1055 πάλιν
1048 1001 1299 1070 λέγοντος
1333 1000 1392 1052 ἐν
1437 1002 1559 1062 ταῖς
1600 997 1842 1071 Πράξεσι
1874 1000 1954 1070 τῷ
1992 1001 2096 1072 ἀρ-

517 1087 709 1157 χιερεῖ·
747 1087 997 1140 Τύπτειν
1015 1102 1091 1141 σε
1101 1084 1315 1155 μέλλει
1347 1086 1380 1137 ὁ
1408 1085 1588 1151 Θεὸς,
1624 1084 1790 1153 τοῖχε
1831 1101 2099 1140 κεκονια-

510 1169 677 1240 μένε·
713 1166 804 1222 τοῦ
827 1169 886 1223 δὲ
908 1170 1158 1242 Σωτῆρος
1188 1168 1265 1237 πῆ
1303 1168 1400 1239 μὲν
1430 1170 1545 1232 τοῖς
1581 1167 1877 1234 Ἰουδαίοις·
1905 1171 2098 1226 Γενεὰ

516 1252 752 1321 πονηρά
772 1252 871 1306 καί
887 1253 1173 1322 μοιχαλὶς
1197 1250 1452 1320 σημεῖον
1476 1248 1750 1319 ἐπιζητεῖ·
1779 1253 1855 1324 πῆ
1880 1252 1939 1307 δὲ
1960 1256 2094 1308 πᾶσι

513 1338 627 1398 τοῖς
650 1334 986 1398 ἀποστόλοις·
1011 1330 1077 1387 Ὦ
1104 1335 1348 1401 ἀνόητοι
1371 1334 1469 1388 καὶ
1484 1334 1734 1403 ,βραδεῖς
1757 1333 1832 1404 τῇ
1856 1336 2089 1406 καρδίᾳ·

516 1421 591 1490 πῆ
620 1417 676 1472 δέ
698 1418 789 1471 τὸν
810 1418 1013 1491 Πέτρον
1039 1419 1283 1473 Σατανᾶν
1314 1417 1611 1489 ὀνομάζων·
1642 1418 1665 1435 ’
1680 1420 1873 1489 Υπαγε
1898 1421 2094 1474 ὀπίσω

509 1521 648 1574 μου,
700 1502 956 1566 Σατανᾶ,
989 1503 1076 1556 ὅτι
1105 1502 1458 1558 σκάνδαλόν
1500 1521 1620 1571 μου
1659 1499 1741 1557 εἴ·
1792 1504 1894 1557 οὐκ
1924 1503 2108 1576 οῦσηςξ

514 1588 767 1659 οὐδεμιᾶς
796 1587 975 1652 αἰτίας
1000 1587 1240 1660 βαρείας,
1270 1588 1354 1658 ἐφ’
1384 1585 1450 1661 ἧς
1477 1588 1766 1657 γεγόνασιν
1798 1590 1852 1647 αἱ
1882 1588 2086 1662 ῦϐρεις.

527 1670 614 1736 Ὠς
656 1670 786 1739 γοῦν
824 1673 947 1743 σιγῇ
995 1670 1095 1741 τὴν
1146 1670 1504 1744 φιλομάθειαν
1558 1671 1977 1745 ἀσπασώμεθα,
2028 1677 2090 1728 οὔ

514 1750 797 1825 δυνάμενοι
822 1756 950 1817 τοὺς
978 1755 1383 1826 πνευματικοὺς
1427 1756 1760 1826 ἀνακρίνειν.
1812 1755 1951 1810 Οῦτε
1982 1758 2090 1831 γάρ

518 1836 802 1908 μισοῦντες
839 1837 1169 1911 ὑϐρίζουσιν,
1201 1838 1330 1892 οὔτε
1367 1839 1720 1909 φυσιούμενοι
1761 1839 2094 1912 φιλερημοῦ-

516 1938 591 1984 σι,
627 1921 805 1976 πάντα
837 1921 898 1986 ἐξ
922 1922 1144 1993 ἀγάπης
1166 1922 1234 1976 τὰ
1256 1924 1502 1994 χρήσιμα
1527 1924 1843 1986 ἀσκοῦντες.
1887 1925 2092 1980 Τούτου

512 2007 691 2062 τοίνυν
719 2007 883 2062 ἓνεκα
912 2008 1008 2062 καὶ
1033 2008 1234 2072 πάντες
1265 2009 1380 2061 ὅσοι
1400 2008 1678 2063 σπουδαῖοι
1696 2010 1828 2081 ἡμῖν
1853 2010 2091 2081 ἀνεγράο

514 2106 696 2162 φησαν
719 2092 778 2144 ἐν
801 2092 911 2155 τοῖς
942 2092 1108 2162 ἱεροῖς
1134 2090 1333 2160 λόγοις,
1375 2090 1716 2156 ἐκκλίνοντες
1758 2094 1855 2148 καὶ
1901 2096 2093 2167 ἐκτρε-

515 2173 741 2245 πόμενοι
763 2174 854 2227 τὸν
891 2172 999 2226 τῶν
1033 2173 1376 2228 ἀπαιδεύτων
1421 2174 1607 2246 ὅμιλον
1660 2175 1953 2249 εὕρηνται,
1995 2179 2091 2233 τοῦ

516 2258 593 2330 μὴ
619 2256 700 2329 τῷ
728 2257 910 2329 χρόνῳ
950 2257 1038 2311 διὰ
1078 2260 1178 2329 τῆς
1212 2257 1500 2330 συνηθείας
1549 2261 1583 2330 ῆ
1616 2260 1849 2331 μειῶσαί
1897 2280 1950 2315 τι
1992 2265 2093 2333 τῆς

511 2341 734 2413 ἀρετῆς,
783 2341 816 2413 ἢ
873 2343 1082 2395 σπάσαι
1134 2341 1236 2412 τῆς
1287 2342 1383 2395 ἀπ’
1418 2342 1598 2396 αὐτῶν
1633 2344 1850 2409 κακίας.
1902 2346 2091 2418 Σάρρα

511 2423 703 2496 πρώτη
749 2424 978 2496 παρῄνει
1026 2424 1105 2494 τῷ
1150 2425 1306 2496 ἀνδρὶ
1353 2426 1523 2496 αὐτῆς
1560 2426 1816 2499 Ἀϐραάμ
1864 2428 1957 2482 τὸν
1993 2430 2092 2500 τῆς

468 2550 491 2579 ς
512 2507 890 2580 θεραπαινίδος
914 2507 1098 2571 παῖδα,
1130 2507 1209 2561 ἔτι
1243 2508 1438 2580 κομιδῇ
1461 2509 1579 2562 νέον
1630 2510 1789 2576 ὄντα,
1828 2510 2091 2583 ἐξορίζειν

510 2593 611 2663 τῆς
646 2593 832 2664 κοινῆς
882 2593 1086 2656 ἐστίας·
1140 2593 1470 2664 συμπαίζειν
1502 2594 1611 2667 γάρ
1656 2595 1733 2666 τῷ
1766 2595 1867 2667 υίῷ
1918 2596 2089 2669 αὐτῆς

511 2676 697 2733 Ἰσαάκ
726 2676 978 2744 ἀπαξιοῖ,
999 2680 1073 2747 μή
1103 2694 1219 2741 πως
1246 2676 1327 2748 τῷ
1372 2679 1795 2751 συνασμενισμῷ
1841 2680 2088 2752 ύποσυρῇ

509 2764 622 2826 τοῖς
650 2761 815 2817 αὑτοῦ
849 2762 1241 2833 ἐπιτηδεύμασί
1287 2779 1347 2816 τε
1397 2764 1492 2816 καὶ
1536 2763 1714 2834 ῆθεσι.
1754 2764 1867 2819 Kal
1891 2764 2090 2819 Ἰακὼϐ

508 2844 567 2898 δέ
599 2845 759 2908 αὐτὸς
785 2847 931 2916 φυγῇ
957 2845 1055 2916 τὴν
1086 2844 1363 2916 σωτηρίαν
1388 2845 1695 2916 πορίζεται,
1728 2848 1828 2918 τὴν
1862 2848 1945 2911 εἰς
1975 2848 2090 2900 Meo

512 2927 848 2997 σοποταμίαν
897 2927 1244 2999 στειλάμενος
1294 2928 1624 3001 ἀποδημίαν.
1687 2932 1798 2984 Kal
1853 2931 1979 2985 Λὼτ
2031 2931 2089 2985 δὲ

508 3012 877 3085 προτρέπεται
906 3011 1011 3065 ὑπὸ
1039 3011 1149 3065 τῶν
1177 3010 1424 3081 ἀγγέλων
1452 3011 1813 3078 ἐξοικίζεσθαι
1834 3014 1943 3068 τῶν
1969 3014 2090 3069 δυσ-

508 3095 685 3150 σεϐῶν
725 3095 1051 3168 Σοδομιτῶν·
1093 3095 1231 3149 ἀλλά
1273 3096 1369 3151 καὶ
1397 3096 1658 3168 Μωῦσῆς,
1687 3098 1764 3161 ὡς
1806 3100 2087 3171 προεῖπον,

512 3180 689 3252 μέγας
748 3180 1060 3252 γενόμενος,
1106 3179 1200 3235 καὶ
1244 3179 1622 3253 ἀρνησάμενος
1672 3180 1923 3253 λέγεσθαι
1975 3185 2090 3250 υίὸς

506 3267 779 3341 θυγατρὸς
827 3266 1050 3340 Φαραὼ,
1104 3268 1204 3338 τῆς
1247 3266 1355 3321 ἀπὸ
1391 3266 1487 3321 τοῦ
1525 3267 1789 3339 τυράννου
1833 3269 1930 3322 καὶ
1978 3269 2088 3334 τῶν

507 3351 820 3424 δορυφόρων
865 3351 1032 3405 αὐτοῦ
1074 3353 1383 3423 προνοεῖται
1423 3349 1767 3417 διαζεύξεως,
1821 3353 1915 3406 καὶ
1950 3370 2087 3425 προ-

506 3436 765 3507 τρέπεται
794 3436 922 3497 τοὺς
948 3433 1394 3507 συμφρονοῦντας
1434 3432 1582 3504 αὑτῷ
1625 3435 1957 3506 συναπᾶραι,
1996 3436 2088 3488 καὶ

506 3522 606 3591 τῆς
660 3520 841 3586 ἐξόδου
897 3518 1295 3593 ἐπιμελεῖσθαι.
1332 3520 1441 3573 Καὶ
1488 3521 1538 3573 οἱ
1579 3520 1857 3591 προφῆται
1893 3520 1951 3573 δὲ
1994 3521 2087 3574 τὸν

506 3604 616 3657 τῶν
652 3604 942 3675 μοχθηρῶν
974 3604 1131 3676 ὄχλον
1166 3604 1576 3676 περιιστάμενοι
1600 3646 1615 3669 ,
1649 3608 1706 3658 ἐν
1735 3606 1990 3677 ἐρημίαις
2017 3607 2089 3659 τά

507 3688 680 3742 πολλά
707 3688 1047 3760 ἐζητήθησαν
1075 3702 1124 3731 ει·
1151 3691 1281 3760 περὶ
1302 3683 1377 3743 ὧν
1409 3690 1504 3742 καὶ
1550 3690 1579 3742 ὁ
1614 3690 1935 3755 Ἀπόστολός
1978 3709 2086 3762 φη-

508 3788 612 3828 σιν·
651 3775 752 3827 Ἑν
783 3773 1054 3842 ἐρημίαις
1096 3772 1192 3826 καί
1227 3773 1390 3843 ὄρεσι
1439 3772 1538 3826 καί
1565 3774 1892 3839 σπηλαίοις
1933 3780 2084 3828 πλα-

503 3853 756 3926 νώμενοι
806 3856 907 3910 καί
943 3858 1073 3923 ταῖς
1108 3856 1282 3923 ὀπαῖς
1333 3855 1445 3925 τῆς
1498 3855 1633 3925 γῆς,
1696 3856 1784 3911 διά
1836 3859 1937 3928 τὴν
1973 3858 2083 3912 τῶν

504 3940 724 4011 ἀνόμων
756 3939 1036 4010 ἐπιμιξίαν
1066 3942 1161 3994 καὶ
1187 3940 1362 4013 άλλως
1395 3940 1770 4010 ἐπιστάμενοι,
1793 3941 1876 3994 ὅτι
1901 3941 2084 3995 ίκανὸν

504 4025 540 4094 ἠ
569 4021 828 4094 συνήθεια
859 4024 1234 4095 ἐξαπατῆσαι,
1269 4023 1363 4077 καὶ
1393 4024 1472 4083 είς
1498 4024 1569 4078 τά
1603 4023 1743 4077 αύτά
1794 4021 2084 4079 καθέλκειν

503 4113 630 4178 τοῦς
678 4112 1171 4184 συνημερεύοντας·
1206 4112 1283 4189 οὐ
1319 4113 1500 4184 μόνον,
1549 4111 1665 4166 ἀλλ’
1699 4113 1782 4165 ὅτι
1832 4113 1929 4167 καὶ
1960 4114 2081 4169 καθ’

503 4204 757 4277 ἐαυτηνή
792 4204 979 4277 ὁμιλία
1015 4203 1276 4274 ἐπίψογός
1324 4220 1384 4257 τε
1418 4204 1513 4257 καὶ
1556 4204 1916 4276 δηλητήριος,
1948 4205 2084 4277 πρὸς

501 4295 559 4349 δὲ
588 4297 684 4350 καὶ
705 4295 924 4368 αἰσχρά.
952 4296 1028 4350 Οῦ
1053 4295 1162 4367 γὰρ
1194 4293 1357 4363 φύσιν
1381 4294 1494 4364 ἐχει
1520 4293 1581 4347 τὸ
1604 4293 1679 4366 μὴ
1706 4294 1967 4364 ἡδόμενον
1990 4295 2083 4348 ἐπί

501 4405 611 4443 τινι
639 4388 951 4460 ὑπομεῖναι,
976 4386 1079 4441 κάν
1104 4387 1131 4427 δ
1154 4387 1247 4441 ἐπὶ
1264 4385 1438 4458 βραχὺ
1462 4386 1636 4457 τούτῳ
1663 4384 2079 4456 συνδιατρίϐειν·

502 4480 592 4534 ἀεὶ
621 4480 734 4553 γὰρ
751 4480 816 4534 τὸ
840 4481 1023 4551 ὅμοιον
1065 4478 1143 4549 τῷ
1173 4479 1345 4550 ὁμοίῳ
1380 4478 1555 4548 φίλον,
1593 4477 1667 4540 ὡς
1706 4477 1803 4531 καὶ
1833 4477 2077 4547 λέγεται·

500 4569 632 4627 Πᾶν
658 4569 805 4632 ζῶον
829 4569 895 4624 τὸ
928 4569 1139 4640 ὅμοιον
1161 4566 1383 4638 ἀγαπᾷ·
1410 4568 1471 4622 τὸ
1495 4567 1553 4621 δέ
1599 4566 1850 4638 ἀνόμοιον
1889 4568 2082 4640 ἐχθρὸν

499 4663 598 4717 καὶ
623 4662 922 4734 ἀλλότριον.
951 4661 1049 4724 Τίς
1075 4661 1185 4731 γάρ
1210 4675 1350 4713 ποτε
1382 4658 1559 4712 πείσει
1584 4657 1685 4729 τὴν
1704 4658 2081 4730 σπερμολόγον

498 4753 833 4827 περιστερὰν
867 4754 901 4826 ἢ
936 4752 1176 4824 τρυγόνα
1223 4753 1419 4829 ίκτῖσιν
1447 4750 1480 4820 ἢ
1514 4750 1704 4821 κόραξι
1734 4751 2081 4823 συννεμηθῆ-

499 4864 589 4901 ναι
627 4848 742 4910 τοῖς
786 4845 1135 4917 κρεοφάγοις,
1173 4842 1207 4913 ἢ
1234 4842 1327 4896 τὸν
1362 4841 1647 4912 ποηφάγον
1687 4842 1828 4913 χῆνα
1861 4842 1958 4895 καὶ
1986 4843 2081 4912 γέ-

502 4953 664 5009 ρανον
730 4934 895 5006 γυψὶν
955 4931 1307 5002 ὀστογλύφοις
1365 4931 1762 4999 ωναγελάσαις
1819 4931 1914 4996 Τίς
1972 4934 2081 5004 γάρ

500 5028 758 5084 κοινωνία
799 5027 939 5097 φωτὶ
984 5025 1124 5098 πρὸς
1156 5024 1433 5096 σκότος,ἢ
1472 5025 1639 5095 ἀρετῇ
1681 5025 1818 5095 πρὸς
1857 5026 2076 5090 κακίαν,

499 5119 692 5181 κακοῖς
714 5116 773 5171 δέ
799 5114 935 5188 πρὸς
966 5113 1199 5179 καλούς;
1245 5114 1303 5165 '0
1334 5112 1518 5166 AIAK.
1562 5109 1686 5174 Πῶς
1732 5108 1828 5163 οῦν
1860 5112 1890 5163 ὁ
1916 5111 2080 5164 Ἀπό-

499 5208 686 5273 στολος
705 5207 874 5277 λέγει,
901 5207 985 5260 ὅτι
1009 5204 1340 5275 Ἐγενόμην
1383 5202 1508 5268 τοῖς
1550 5201 1702 5257 πᾶσι
1745 5202 1821 5256 τὰ
1855 5201 2074 5267 πάντα,

495 5300 623 5368 τοῖς
649 5297 967 5364 Ἰουδαίοις
978 5296 1071 5362 ὡς
1112 5292 1420 5360 Ἰουδαῖος,
1458 5293 1561 5347 ἵνα
1589 5291 1911 5357 Ἰουδαίους
1941 5310 2077 5363 κερ-

484 5393 685 5460 ιδήσω·
719 5391 842 5458 τοῖς
868 5387 1196 5446 ἀσθενέσιν
1223 5387 1305 5454 ὡς
1340 5385 1629 5455 ἀσθενὴς,
1666 5387 1769 5439 ἵνα
1798 5386 2078 5452 ἀσθενεῖς

495 5484 787 5556 κερδήσω·
827 5481 955 5547 τοῖς
985 5482 1234 5550 ἀνόμοις
1263 5479 1345 5545 ὡς
1368 5477 1590 5548 ἄνομος
1608 5517 1623 5541 ,
1660 5477 1763 5531 ἵνα
1812 5477 2077 5548 ἀνόμους

494 5575 806 5645 κερᾷήσω;
831 5573 890 5630 '0
904 5572 1152 5628 ‘EII‘IXK.
1170 5569 1323 5641 Αὕτη
1344 5571 1379 5642 η
1415 5567 1715 5642 μαρτυρία,
1738 5562 1784 5625 ὦ
1806 5567 2072 5638 βέλτιστε,

557 5729 580 5755 ⁸
608 5726 816 5784 Ἐζῃσαν
836 5736 987 5784 marg.
1006 5715 1353 5784 BigoLHrecte.

556 5789 587 5830 δ
610 5782 759 5839 Forte
780 5782 1046 5852 legendum
1070 5782 1105 5845 ἢ
1131 5782 1237 5833 κᾶν.

2221 419 2281 472 οὐ
2322 422 2565 475 συντελεῖ
2596 423 2732 495 πρὸς
2757 424 2824 479 τά
2864 425 3155 497 λεγόμενα·
3186 425 3248 480 ού
3282 423 3391 496 γὰρ
3418 421 3572 479 εἶπεν
3601 427 3631 480 ὁ
3655 427 3802 482 Παῦ-

2217 504 2327 567 λος,
2361 505 2662 580 Ἐγενόμην
2710 513 2820 574 τοῖς
2869 511 3127 582 ἀμελέσιν
3157 510 3385 583 ἀμελὴς,
3436 512 3472 583 ἢ
3499 513 3613 575 τοῖς
3635 510 3800 582 φλυά-

2215 603 2332 658 ροις
2380 589 2653 664 φλύαρος,
2704 593 2738 665 ἢ
2779 598 2889 659 τοῖς
2939 593 3296 666 φιλαργύροις
3348 594 3726 667 φιλάργυρος.
3764 596 3798 666 ἦ

2212 672 2398 744 ἐτερόν
2423 692 2475 727 τι
2504 675 2614 729 τῶν
2639 677 2914 731 τοιούτων·
2947 678 3086 741 ἀλλ’,
3126 678 3428 748 Ἐγενόμην
3449 679 3531 743 ὡς
3563 678 3626 731 τὸ
3650 677 3684 749 ἢ
3716 680 3797 739 τὸ,

2213 759 2334 827 οὐχὶ
2365 759 2426 812 τό
2446 777 2461 789 ·
2494 760 2554 814 τὸ
2580 762 2687 833 γὰρ
2714 759 2794 825 ὠς
2817 761 2898 823 τὺ,
2931 762 2992 814 ού
3022 762 3218 816 ταύτόν
3247 764 3365 814 ἐστι
3394 760 3472 832 τῷ
3497 762 3580 815 τό.
3612 762 3801 816 Τοιοῦ-

2211 855 2304 892 τον
2361 842 2419 895 δέ
2470 844 2589 897 ἐστι
2628 846 2688 898 τὸ
2738 843 3030 915 λεγόμενον
3077 844 3111 917 ἢ
3176 845 3461 915 γινόμενον
3507 845 3657 917 παρά
3703 845 3801 898 τοῦ

2211 923 2560 980 ’Δποστόλου-
2597 921 2658 980 οὗ
2685 930 2717 999 ὴ
2742 928 3155 996 συγκατάϐασις
3188 928 3292 981 κᾶν
3320 928 3397 998 μὴ
3434 929 3582 999 μέγα
3607 929 3797 1001 κέρδος

2210 1008 2466 1074 ἐνεποίει,
2504 1010 2619 1064 ἀλλ’
2651 1008 2743 1065 οῦν
2772 1027 2837 1080 γε
2858 1012 2920 1065 οὐ
2941 1015 3173 1084 παρεῖχε
3224 1010 3449 1082 βλάϐην·
3475 1013 3799 1080 Ἐπ’-ενόμην

2208 1090 2318 1163 γὰρ
2347 1092 2662 1162 Ἰουδαίοις
2693 1093 2771 1161 ὡς
2804 1095 3115 1162 Ἰουδαῖος,
3154 1096 3257 1149 ἵνα
3294 1094 3630 1161 Ἰουδαίους
3659 1111 3794 1163 κερ·

2207 1175 2396 1243 δήσω.
2451 1180 2671 1252 Καίπερ
2722 1181 2780 1246 ἐξ
2810 1180 3079 1234 Ἰουδαίων
3120 1175 3224 1251 ἦν,
3275 1181 3642 1250 ἐμπερίτομος
3682 1176 3789 1231 ὢν·

2208 1259 2328 1323 πῶς
2357 1258 2451 1316 οῦν
2498 1263 2670 1332 λέγει,
2696 1265 2778 1329 ὠς
2815 1264 3131 1330 Ἰουδαῖος,
3160 1265 3254 1318 καὶ
3287 1263 3407 1334 οὐχὶ
3426 1307 3439 1327 ,
3469 1261 3794 1327 Ἰουδαῖος;

2204 1344 2661 1412 Συσσαϐϐατίζων
2682 1348 2792 1419 γάρ
2818 1349 2913 1402 καὶ
2945 1340 3324 1418 συννῆστεύων
3354 1345 3616 1408 πολλάκις
3643 1344 3792 1416 εὑρί-

2203 1444 2399 1493 σκετο,
2445 1433 2521 1502 μὴ
2563 1432 2955 1504 παραφθείρων
2996 1432 3064 1484 τὰ
3093 1430 3343 1501 δόγματα
3372 1429 3468 1484 τοῦ
3515 1429 3790 1499 Σωτῆρος.

2201 1523 2288 1579 ἴνα
2326 1529 2393 1598 τῇ
2432 1527 2690 1599 συνηθείᾳ
2718 1529 2815 1581 καὶ
2856 1526 2933 1597 τῷ
2989 1524 3358 1598 συμϐαδισμῷ
3410 1523 3786 1595 ἐφελκύσηται

2200 1621 2398 1684 αὐτοὺς
2425 1622 2506 1683 εἰς
2525 1620 2867 1692 τελειοτέραν
2901 1620 3216 1689 ἐπίγνωσιν·
3250 1619 3503 1690 καθάπερ
3532 1617 3583 1671 οί
3607 1614 3782 1687 ίατροὶ

2202 1714 2315 1776 τοῖς
2352 1712 2599 1766 νοσοῦσιν
2628 1713 2728 1766 οὐκ
2773 1712 2860 1766 ἀεὶ
2891 1711 3165 1775 συνόντες,
3200 1709 3325 1765 οὔτε
3360 1710 3453 1763 τοῦ
3501 1707 3669 1764 αὑτοῦ
3702 1724 3789 1760 νο-

2203 1805 2444 1875 σήματος
2468 1804 2867 1868 ἀπολαύοντες,
2901 1802 3025 1857 οὔτε
3060 1806 3179 1867 ταῖς
3226 1804 3419 1867 αὑταῖς
3462 1800 3785 1871 ἐπιθυμίαις

2200 1889 2520 1960 λυττῶντες.
2545 1897 2837 1968 Πρέπουσα
2874 1896 2985 1969 γὰρ
3025 1895 3164 1966 αῦτη
3188 1895 3493 1964 διδασκάλῳ
3535 1892 3783 1962 διαγωγὴ

2200 1991 2262 2043 τὸ
2288 1989 2368 2061 μὴ
2399 1989 2736 2061 ἐγχρονίζειν
2782 1990 2897 2053 τοῖς
2942 1988 3141 2059 ὄχλοις,
3193 1987 3308 2042 ἀλλ’
3355 1983 3667 2056 ἠρεμοῦντα
3691 1985 3788 2037 καὶ

2200 2082 2568 2155 ἐξερευνῶντα
2617 2083 2800 2154 ζητεῖν
2832 2082 2940 2136 τῶν
2982 2082 3334 2152 πολυτρόπων
3363 2080 3510 2149 ἠθῶν
3538 2077 3637 2150 τὴν
3676 2076 3767 2130 διά

2199 2191 2425 2242 γνωσιν,
2474 2174 2664 2246 ὥσπερ
2723 2175 2817 2229 καὶ¹
2862 2174 2957 2228 ἐπὶ
2998 2174 3107 2228 τῶν
3143 2172 3523 2243 ἐπιστημόνων
3559 2169 3783 2241 ἰατρῶν.

2200 2268 2429 2322 Ἐκεῖνοι
2453 2269 2563 2341 γάρ
2595 2268 2666 2322 τὰ
2691 2268 2861 2322 πολλὰ
2906 2271 3018 2331 τοῖς
3049 2266 3274 2336 βιϐλίοις
3330 2264 3777 2337 ἐνδιατρίϐοντες.

2200 2358 2296 2412 καὶ
2344 2359 2411 2413 τά
2462 2359 2611 2414 αίτια
2653 2361 2764 2413 τῶν
2795 2359 3119 2431 νοσημάτων
3154 2356 3498 2429 προλέγουσι,
3555 2352 3785 2416 καὶτὰς

2201 2448 2386 2513 λύσεις
2428 2448 2818 2521 παραδιδόασι,
2853 2448 3109 2501 τοσοῦτον
3148 2445 3540 2519 πλησιάζοντες
3568 2448 3680 2509 τοῖς
3700 2462 3784 2499 νο-

2202 2538 2407 2603 σοῦσιν,
2440 2539 2563 2592 ὅσον
2594 2538 2654 2591 τὸ
2682 2538 2855 2602 πάθος
2875 2538 3075 2609 εὑρεῖν,
3109 2536 3275 2590 καὶτὸ
3290 2536 3581 2606 φάρμακον
3598 2551 3781 2606 παρα-

2203 2630 2374 2697 σχεῖν,
2413 2626 2475 2681 ού
2504 2626 2903 2697 συμπαίζοντες
2927 2626 3046 2680 οὐδὲ
3087 2626 3532 2696 συναριστοῦντες
3574 2626 3778 2688 αὐτοῖς.

2199 2718 2273 2770 Ού
2303 2716 2409 2787 γάρ
2432 2716 2589 2770 τοῦτο
2617 2718 2867 2789 ίατρικῆς
2894 2718 3042 2770 ἐστιν
3083 2718 3285 2789 ἀρετῆς
3321 2717 3384 2771 τὸ
3415 2717 3737 2787 ἐπάγγελμα
3757 2755 3777 2781 ,

2197 2809 2260 2862 τὸ
2306 2808 2606 2864 συνεσθίειν
2638 2809 2672 2882 ἢ
2700 2809 2762 2863 τὸ
2812 2809 3159 2881 συμπαίζειν,
3191 2809 3328 2864 ἀλλά
3358 2810 3421 2864 τὸ
3459 2812 3536 2874 είς
3581 2810 3773 2878 ὑγείαν

2197 2903 2288 2956 τὸν
2318 2903 2595 2974 κάμνοντα
2622 2901 2939 2970 ἐπανάγειν.
2979 2899 3191 2955 Παῦσαι
3214 2900 3414 2967 τοίνυν,
3451 2899 3775 2973 παρακαλῶ,

2198 2996 2292 3049 καί
2322 2994 2576 3067 περὶτῶν
2606 2992 2785 3050 αὐτῶν
2828 2995 2904 3067 μὴ
2942 2993 3219 3066 βασάνιζε,
3262 2994 3364 3065 τῆς
3400 2996 3599 3067 ἀρετῆς
3629 2994 3779 3047 οὐδέ-

2199 3107 2332 3144 ποτε
2359 3089 2669 3161 νικωμένης
2710 3091 2823 3152 τοῖς
2856 3088 2966 3141 τῶν
2994 3087 3381 3159 άθυροστόμων
3400 3087 3607 3156 ψόγοις·
3637 3085 3777 3141 ἀλλά

2202 3183 2403 3255 μᾶλλον
2434 3182 2585 3248 δέξαι
2610 3200 2709 3253 μου
2745 3180 2993 3253 γνώμην,
3029 3180 3255 3243 καὶτοῖς
3281 3178 3382 3232 ὠσί
3404 3196 3498 3232 σου
3530 3178 3775 3252 θυρωρὸν

2199 3277 2709 3349 προσκατάστησον,
2742 3275 2828 3327 ἵνα
2863 3274 2936 3345 μὴ
2962 3272 3178 3327 ἅπαντα
3220 3271 3378 3340 λόγον
3417 3271 3774 3341 σημαίνωσιν,

2198 3373 2293 3424 καὶ
2308 3370 2416 3423 ἔσω
2444 3368 2674 3441 ταμείου
2706 3367 3053 3437 εἰσδέχωνται
3086 3365 3176 3418 τὸν
3201 3362 3327 3417 νοῦν
3354 3380 3445 3418 σου
3472 3363 3776 3434 ταράσσον-

2197 3482 2286 3519 τα.
2318 3463 2475 3535 Ἐμοὶ
2504 3464 2561 3517 δέ
2598 3460 2954 3532 συγχώρησον
2991 3460 3061 3512 τά
3098 3458 3354 3514 λείποντα
3391 3456 3777 3528 προσαναπλη-

2200 3555 2373 3629 ρῶσαι
2397 3554 2492 3609 τοῦ
2519 3554 2873 3625 διηγήματος·
2907 3536 3200 3621 ἐπείγομάι
3223 3548 3333 3619 γάρ
3365 3549 3465 3620 τὴν
3491 3547 3609 3601 όδόν
3650 3565 3773 3618 μου.

2195 3648 2307 3702 Kal
2330 3651 2359 3702 ὁ
2389 3647 2662 3717 Θεόδωρος
2695 3642 2866 3699 εἶπεν·
2887 3645 2980 3697 Ἐν
3000 3643 3142 3697 τίσιν
3166 3644 3216 3695 οί
3236 3641 3543 3704 ἐπίσκοποι,
3566 3645 3614 3695 οί
3639 3642 3776 3712 μετά

2193 3738 2303 3792 τῶν
2320 3738 2605 3809 ἡμετέρων
2632 3735 3047 3799 ἀποσταλέντες,
3082 3734 3338 3799 Εύλύσιος
3360 3734 3455 3788 καὶ
3479 3733 3775 3798 Παλλάδιος

2194 3835 2289 3886 καὶ
2310 3830 2589 3903 Κυριακὸς
2608 3831 2704 3884 καὶ
2724 3832 3067 3901 Δημήτριοςς
3110 3828 3366 3900 ἀμυδρῶς
3394 3829 3503 3899 γὰρ
3530 3827 3770 3897 ἡκούσα-

2197 3942 2318 3997 μεν,
2347 3925 2430 3978 ὅτι
2461 3921 2853 3993 ἐξωρίσθησαν.
2886 3922 2945 3976 '0
2972 3922 3223 3976 ’ElllZK.
3258 3922 3320 3975 Εἰ
3359 3920 3427 3975 τὰ
3465 3920 3661 3993 πρῶτά
3689 3936 3773 3974 σοι

2195 4018 2324 4087 παρ’
2353 4016 2512 4089 ἡμῶν
2557 4018 2699 4088 σαφῆ
2744 4015 3020 4086 κατεφάνη
3070 4016 3140 4068 τά
3185 4016 3315 4087 περὶ
3347 4015 3441 4068 τοῦ
3497 4017 3772 4086 μακαρίου

2194 4110 2466 4171 Ἰωάννου,
2504 4107 2659 4162 οὐδὲν
2685 4106 3070 4161 ύποτυποῦντα
3095 4107 3310 4177 ψεῦδος,
3339 4108 3434 4162 καὶ
3471 4110 3519 4161 εἰ
3560 4107 3772 4180 μέμνη-

2195 4219 2286 4255 σαι
2317 4201 2545 4266 τούτων,
2572 4201 2927 4272 διηγήσομαι,
2954 4200 3047 4252 καὶ
3079 4201 3208 4270 περὶ
3238 4192 3314 4253 ὧν
3345 4200 3609 4273 πυνθάνῃ.

2265 4293 2422 4349 ΚΕΦ.
2436 4289 2630 4348 K’.—'0
2651 4293 2836 4346 AIAK.
2857 4290 3014 4346 Οὕτω
3045 4292 3437 4365 πεπληροφορη
3447 4293 3623 4363 μένως
3640 4292 3767 4363 ἔχω,

2190 4386 2266 4450 ὡς
2287 4384 2451 4449 αὐτὸς
2488 4385 2682 4458 παρὼν
2705 4387 2766 4439 ἐν
2796 4389 2906 4448 τοῖς
2926 4385 3135 4449 τόποις.
3173 4385 3379 4439 Ἱκανὸν
3407 4386 3548 4439 ἔστω
3579 4387 3637 4440 δέ
3685 4403 3770 4440 σοι

2190 4479 2492 4550 τεκμήριον
2532 4478 2630 4549 τῆς
2674 4477 2813 4548 ἐμῆς
2866 4478 3166 4548 πεισμονῆς
3194 4479 3228 4549 ὴ
3261 4479 3502 4550 προσοχὴ
3542 4474 3655 4532 ’τῶν
3681 4479 3771 4532 λε·-

2191 4569 2429 4641 χθέντων
2450 4609 2466 4634 ,
2500 4563 2575 4623 ὧν
2603 4558 2845 4623 ἔναυλον
2875 4568 3014 4643 ξχων
3046 4569 3145 4641 τὴν
3190 4573 3431 4642 μνήμην,
3490 4571 3620 4635 ἴσως
3672 4572 3769 4624 καὶ

2190 4666 2375 4735 γραφῇ
2401 4662 2705 4734 παραδώσω
2734 4665 2792 4717 ὲν
2815 4661 3045 4733 δέρματι
3076 4661 3300 4731 ἀκμαίῳ
3319 4701 3333 4726 ,
3374 4663 3564 4733 μέλανι
3602 4664 3767 4733 ἐγχα-

2191 4755 2382 4828 ράξαςν
2422 4757 2503 4818 εἰς
2549 4756 2768 4824 μνήμην
2816 4756 2917 4823 τῆς
2967 4752 3124 4823 ἡμῶν
3152 4755 3348 4823 γενεᾶς
3378 4756 3470 4808 καὶ
3497 4754 3766 4824 ὠφέλειαν

2187 4847 2298 4900 τῶν
2331 4846 2634 4917 ἐπισκοπῆς
2654 4845 2997 4916 ὀρεγομένων
3017 4884 3033 4910 ,
3066 4845 3152 4899 ἵνα
3186 4846 3451 4915 γένωνται
3490 4846 3634 4900 κατὰ
3674 4846 3766 4901 τὸν

2188 4940 2344 5010 ἅγιον
2369 4939 2699 5011 Ἰωάννην,ἢ
2727 4938 2850 4992 καθ’
2887 4940 3034 5010 ὑμᾶς
3067 4940 3193 5003 τοὺς
3216 4941 3356 5011 ὑπὲρ
3388 4939 3645 5012 ἀληθείας
3664 4941 3764 5013 τὴν

2186 5033 2306 5087 ὁδὸν
2338 5034 2447 5086 τῶν
2503 5031 2797 5104 μαρτύρων
2842 5029 3208 5104 ἐζηλωκότας,
3245 5031 3278 5104 ἢ
3324 5033 3641 5088 παύσωνται
3667 5033 3761 5087 τοῦ

2189 5127 2388 5200 βάρους
2418 5125 2558 5196 ὑπὲρ
2574 5124 2674 5196 τὴν
2700 5125 2879 5179 αὐτῶν
2898 5126 3114 5197 ἡλικίαν
3137 5126 3446 5196 βαστάζειν,
3468 5128 3558 5182 τὸν
3578 5127 3763 5181 λαῖκδν

2187 5218 2279 5271 καὶ
2308 5217 2589 5271 ἀκίνδυνον
2621 5215 2993 5289 ἀσπαζόμενοι
3016 5216 3151 5288 βίον.
3188 5219 3446 5288 ’Ἄμεινον
3483 5220 3591 5292 γάρ
3630 5221 3762 5294 παρ’

2185 5311 2473 5382 ἐμπείροις
2505 5310 2961 5384 κυϐερνήταις,τδ
3005 5311 3198 5364 ναῦλον
3232 5312 3447 5376 δόντας,
3497 5312 3761 5380 ἐπιϐάτας

2182 5401 2512 5474 γενομένους
2541 5399 2893 5471 διασωθῆναι,
2928 5400 2961 5471 ἢ
2996 5401 3331 5473 κυϐερνήτου
3358 5400 3520 5454 τόπον
3557 5400 3758 5454 ἀναλα-

2184 5494 2396 5558 ϐόντας,
2416 5493 2749 5565 ὑποϐρύχιον
2771 5494 2831 5547 τὸ
2860 5495 3065 5563 σκάφος
3104 5495 3184 5565 τῷ
3225 5493 3430 5566 φορτίῳ
3466 5491 3759 5547 συναπολέ-

2185 5604 2296 5641 σαι.
2329 5586 2786 5657 ’Δφηγησάμενος
2804 5582 2898 5640 οῦν
2923 5587 2990 5640 τά
3028 5585 3171 5641 κατά
3186 5586 3276 5640 τὸν
3292 5586 3561 5658 μακάριον
3577 5584 3760 5639 Ἰωάν-

2182 5694 2303 5749 νην,
2359 5676 2479 5739 πῶς
2534 5693 2595 5730 τε
2644 5675 2937 5748 ὲξήσκησε,
2990 5678 3085 5731 καὶ
3155 5679 3305 5741 ὅπως
3363 5676 3651 5749 διέπρεψεν
3698 5677 3758 5730 ἐν

2183 5774 2300 5837 ταῖς
2331 5769 2701 5843 Ἐκκλησίαις,
2733 5773 2798 5842 τῇ
2823 5787 2883 5825 τε
2906 5770 3224 5845 Ἀντιοχέων
3253 5773 3347 5829 καὶ
3364 5774 3432 5847 τῇ
3467 5773 3758 5827 Κώνσταν-
