4122 6386
254 574 322 630 ω
1277 571 1364 625 DE
1409 570 1560 625 “TA
1602 570 1660 624 S.
1700 568 1979 625 JOANNlS
2017 570 2506 631 CIIRYSDSTUMI.
3454 582 3519 635 ἰιι

256 689 647 743 adolescentem
678 685 1039 755 indoctum,et
1065 686 1277 740 idiotam
1304 686 1434 743 nihil
1453 686 1832 757 possidentem,

254 796 413 849 quam
436 780 650 834 doctum
678 781 917 851 pecuniae
942 779 1174 841 avidum.
1206 790 1363 848 atque
1394 781 1699 834 saecularem
1728 779 1837 831 vir—

256 881 373 927 tute
402 873 698 943 praeditum,
726 890 887 944 quam
907 872 1222 929 nionaclmm
1252 875 1473 929 inertem
1502 889 1565 929 ac
1582 875 1832 927 otiosum.

254 969 385 1034 Qua:
412 956 549 1021 forte
560 967 906 1021 contumelias
916 976 1107 1020 vocant
1119 966 1210 1035 qui
1228 966 1461 1021 honores
1474 974 1741 1021 sectantur
1757 983 1769 1019 :
1787 975 1840 1019 et

255 1056 617 1122 quidem,cum
631 1057 902 1126 Scriptura
914 1057 1259 1111 contumelias
1270 1058 1601 1127 aliquatenus
1620 1056 1831 1120 habeat,

254 1148 457 1204 Joanne
479 1148 692 1219 quidem
722 1149 933 1205 dicente
974 1150 1037 1203 iis
1056 1190 1071 1215 ,
1100 1150 1187 1219 qui
1217 1149 1283 1202 ad
1324 1164 1382 1203 se
1408 1148 1748 1213 accedebant,
1782 1157 1835 1201 ut

255 1243 590 1297 domarentur.
630 1240 896 1295 Genimina
937 1241 1253 1311 viperarum,
1296 1241 1406 1309 quis
1448 1240 1582 1293 vobis
1624 1240 1838 1293 ostendit

258 1339 431 1405 fugere
456 1351 489 1386 a
528 1342 732 1387 uentura
772 1333 851 1385 ira
883 1331 1029 1401 (Luc.
1064 1334 1115 1387 5.
1146 1332 1234 1399 7)?
1264 1342 1317 1386 et
1357 1331 1519 1386 Paulo
1562 1345 1745 1385 rursus
1785 1329 1836 1385 in

257 1427 404 1480 Actis
424 1426 794 1494 Apostolorum
816 1425 1025 1481 dicente
1047 1425 1278 1494 pontifici
1301 1444 1314 1478 :
1342 1424 1590 1478 Percutiet
1611 1433 1657 1478 te
1677 1422 1835 1487 Deus,

256 1518 423 1586 paries
456 1516 684 1571 dealbate
708 1516 841 1585 (Act.
878 1517 967 1571 ‘33.
992 1519 1050 1587 5)
1075 1536 1088 1571 :
1121 1527 1174 1571 et
1202 1518 1409 1572 dicente
1438 1517 1627 1572 alicubi
1656 1516 1839 1573 Serva-

257 1616 371 1660 ture
398 1606 631 1661 Judaeis:
663 1606 928 1661 Generatio
954 1622 1108 1675 prava
1139 1616 1186 1660 et
1221 1606 1451 1660 adultera
1473 1608 1671 1676 signum
1702 1622 1839 1676 qutu-

257 1697 319 1749 rit
347 1694 557 1767 (Matth.
586 1698 670 1751 12.
697 1697 785 1766 59)
814 1714 827 1750 :
857 1706 910 1751 et
934 1698 1058 1753 alibi
1083 1699 1285 1751 cunctis
1304 1698 1557 1766 apostolis
1582 1716 1595 1751 ι
1631 1696 1675 1750 0
1697 1698 1839 1751 stulti

256 1798 303 1839 et
329 1788 461 1841 tardi
489 1788 637 1842 corde
662 1786 815 1857 (Luc.
844 1787 935 1843 24.
966 1786 1057 1861 25)
1083 1806 1095 1842 :
1123 1799 1175 1843 et
1202 1788 1325 1841 alibi
1357 1785 1835 1842 PetrumSatanam

258 1880 564 1934 nominante
588 1896 600 1931 :
638 1878 775 1933 Vade
800 1890 913 1949 post
943 1879 1264 1943 me,Sataua,
1286 1879 1523 1944 quoniam
1540 1878 1837 1931 scandalum

258 1971 382 2024 mihi
401 1988 454 2025 es
478 1969 670 2043 (Matth
714 1971 801 2026 l6.
827 1970 919 2043 2'5)
948 1989 961 2023 :
987 1986 1107 2025 cum
1131 1971 1273 2025 nulla
1296 1970 1472 2039 gravis
1490 1984 1647 2024 causa
1670 1979 1834 2033 esset,

257 2062 328 2116 ob
356 2077 513 2132 quam
544 2062 626 2117 hae
651 2063 986 2117 contumelia:
1022 2060 1232 2117 fierent.
1259 2061 1437 2130 Itaque
1462 2076 1582 2115 cum
1627 2058 1838 2115 silentio

260 2155 499 2209 discendi
527 2154 848 2209 desiderium
875 2154 1281 2222 amplectamur,
1308 2155 1397 2223 qui
1423 2167 1527 2207 non
1555 2166 1839 2222 possumus

258 2246 524 2315 spiritales
548 2245 856 2316 diiudicare.
884 2244 1065 2316 Neque
1100 2250 1241 2299 enim
1278 2245 1401 2301 odio
1426 2245 1680 2300 habentes
1709 2258 1840 2299 con-

259 2337 502 2391 tumelias
544 2336 772 2401 faciunt,
815 2352 987 2407 neque
1028 2336 1190 2390 inflati
1234 2335 1573 2390 solitudinem
1615 2344 1835 2389 sectan-

258 2436 364 2494 tur,
394 2427 569 2480 omnia
614 2428 763 2481 utilia
801 2442 865 2481 ex
904 2426 1127 2482 caritate
1163 2425 1435 2481 facientes.
1476 2425 1643 2495 llujus
1680 2426 1838 2495 igitur

259 2519 336 2572 rei
378 2518 545 2588 gratia
585 2521 744 2573 etiam
787 2519 858 2583 ii,
917 2520 1005 2588 qui
1051 2518 1101 2571 in
1147 2518 1312 2573 sacris
1350 2516 1639 2585 Scripturis
1686 2516 1837 2586 probi

259 2620 315 2664 et
351 2609 575 2665 studiosi
614 2610 765 2664 nobis
815 2609 965 2664 relati
1014 2617 1172 2673 sunt,
1214 2607 1546 2663 indoctorum
1596 2622 1839 2677 congreso

258 2716 376 2755 sum
403 2700 600 2771 fugisse
629 2710 682 2756 et
706 2701 1000 2756 declinasse
1038 2700 1391 2763 inveniuntur,
1422 2717 1487 2753 ne
1521 2700 1668 2769 lapsu
1708 2710 1839 2754 tem-

262 2792 406 2861 poris
444 2792 514 2847 ob
547 2807 664 2846 eam
693 2791 1127 2847 consuetudinem
1158 2803 1247 2845 aut
1274 2791 1471 2861 aliquid
1498 2791 1708 2845 virtutis
1739 2793 1836 2845 de-

260 2885 570 2953 perderent,
612 2894 701 2939 aut
746 2885 1014 2955 quidpiam
1061 2900 1245 2939 eorum
1285 2884 1637 2953 improbitatis
1683 2885 1735 2939 in
1780 2900 1839 2939 se

257 2979 603 3033 attralierer.'..
632 2978 790 3033 Sarra
822 2980 969 3048 prior
1012 2986 1258 3047 preCatur
1283 2979 1452 3034 virum
1496 2995 1648 3033 suum
1678 2981 1839 3035 Abra-

261 3069 507 3131 hamum,
562 3078 626 3124 ut
680 3069 844 3123 filium
901 3069 1107 3125 ancilla:
1157 3071 1331 3126 adhuc
1383 3071 1835 3127 adolescentulum

256 3160 525 3215 cotnmuni
554 3160 666 3216 lare
693 3170 943 3216 arceret:
977 3160 1247 3232 indignum
1282 3162 1423 3217 enim
1457 3162 1706 3232 putabat,
1747 3165 1837 3235 qui

258 3267 380 3305 cum
413 3251 522 3307 filio
557 3267 655 3308 suo
695 3251 875 3307 lsaaco
900 3252 1141 3319 luderet,
1185 3269 1251 3308 ne
1291 3253 1427 3308 forte
1467 3256 1662 3309 mutuis
1689 3255 1839 3310 oble-

256 3344 539 3397 ctamentis
568 3344 619 3397 in
646 3343 764 3412 ejus
792 3359 968 3400 mores
994 3360 1058 3399 ac
1083 3344 1254 3399 studia
1280 3348 1653 3401 attralieretur.
1677 3347 1840 3401 Jacob

260 3449 389 3488 vero
413 3444 467 3487 et
503 3436 614 3503 ipse
644 3434 764 3505 fuga
789 3435 1014 3491 salutem
1057 3437 1268 3505 qumrit,
1312 3437 1364 3491 in
1411 3436 1838 3507 Mesopotamiam

262 3524 739 3593 peregrinationem
764 3525 1082 3596 suscipiens.
1115 3527 1181 3581 Et
1206 3526 1306 3581 Lot
1333 3527 1401 3581 ab
1424 3528 1624 3597 angelis
1652 3528 1843 3581 suade-

260 3626 347 3670 tur
374 3618 670 3687 demigrare
695 3618 763 3672 ab
792 3617 967 3688 impiis
1007 3618 1314 3673 Sodomitis.
1362 3617 1466 3675 Sed
1513 3630 1567 3675 et
1610 3621 1838 3694 Moyses,

263 3720 316 3763 ut
339 3711 483 3778 prius
509 3710 646 3775 dixi,
677 3727 899 3782 magnus
918 3713 1006 3782 qui
1038 3712 1155 3775 fuit,
1201 3722 1254 3767 et
1281 3713 1421 3769 filius
1456 3713 1577 3769 filia:
1608 3716 1842 3770 Pharao-

262 3802 344 3855 nis
364 3801 464 3855 dici
498 3802 781 3867 recusavit,
805 3815 1069 3864 monetur.
1091 3814 1147 3857 ut
1170 3804 1384 3859 secedat
1407 3820 1435 3858 a
1458 3814 1683 3876 tyranno
1700 3807 1844 3876 ejus-

258 3907 363 3960 que
391 3893 688 3954 satellibus,
721 3903 773 3947 et
801 3893 1083 3959 excitatur,
1113 3905 1171 3949 ut
1194 3896 1294 3950 sibi
1324 3898 1723 3954 consentientes
1752 3916 1841 3954 sc-

259 4000 378 4037 cum
406 3985 652 4051 abducat,
681 3998 734 4039 et
762 3986 831 4039 de
855 3986 997 4040 exitu
1026 3988 1239 4055 cogitet.
1260 3987 1371 4043 lmo
1391 3989 1549 4045 etiam
1571 3991 1843 4061 propheta:

263 4075 622 4144 improborum
651 4076 1036 4131 multitudinem
1064 4079 1347 4142 evitantes,
1379 4079 1431 4133 in
1459 4080 1683 4136 desertis
1709 4082 1844 4137 locis

261 4168 454 4235 smpius
475 4168 740 4234 vixerunt,
765 4166 832 4222 de
846 4167 1045 4237 quibus
1062 4169 1343 4237 Apostolus
1368 4172 1442 4224 ait
1466 4187 1480 4221 :
1504 4169 1573 4225 In
1605 4172 1842 4225 solitudi-

261 4257 405 4309 nibus
424 4266 667 4321 errantes,
700 4258 751 4310 in
774 4256 1023 4311 montibus
1048 4269 1093 4311 et
1112 4259 1384 4327 speluncis,
1412 4262 1636 4330 atquein
1673 4278 1844 4316 cauer-

262 4348 340 4399 nis
361 4359 505 4401 terra:
528 4345 681 4417 (Heb.
710 4348 795 4411 il,
823 4347 936 4417 38),
961 4350 1029 4400 ob
1053 4349 1334 4418 impiorum
1362 4350 1565 4405 scilicet
1584 4353 1842 4406 commix-

262 4440 459 4492 tioncm
489 4457 502 4491 :
531 4439 764 4510 alioquin
790 4440 1210 4510 scientes,quam
1241 4440 1395 4495 facile
1425 4444 1592 4512 possit
1611 4458 1841 4499 consue-

265 4531 387 4584 tudo
416 4529 621 4595 fallere,
649 4539 702 4584 et
730 4530 885 4584 simul
913 4542 1290 4587 conversantes
1324 4533 1375 4587 in
1403 4533 1591 4588 eadem
1633 4546 1842 4603 pertra-

265 4625 411 4679 lu-re.
448 4623 630 4695 Neque
657 4604 707 4678 id
735 4624 926 4688 modo;
957 4640 1142 4679 verum
1180 4625 1304 4695 quia
1336 4626 1447 4695 ipse
1478 4641 1574 4696 per
1613 4640 1679 4681 se
1717 4644 1843 4683 con-

264 4729 474 4784 gressus
493 4715 857 4784 vituperabilis
877 4727 960 4769 est
996 4724 1154 4784 atque
1174 4716 1448 4779 exitiosus,
1468 4726 1722 4787 prteterea
1751 4735 1845 4771 an—

267 4821 370 4863 tem
413 4816 469 4864 et
508 4811 694 4880 turpis.
720 4808 833 4863 Non
864 4810 1003 4864 enim
1026 4824 1055 4864 a
1083 4820 1265 4864 natura
1289 4811 1467 4877 habet,
1490 4810 1541 4865 id
1571 4811 1711 4881 quod
1737 4828 1841 4867 non

264 4901 516 4967 oblectat,
546 4902 831 4966 sustinere,
864 4901 970 4955 imo
997 4917 1064 4956 ne
1092 4902 1171 4955 vel
1222 4902 1489 4956 modicum
1542 4902 1615 4957 illi
1662 4903 1844 4958 immo-

265 4995 368 5047 rari
402 5010 416 5046 :
452 5009 571 5047 nam
602 4993 776 5047 simile
797 4992 956 5047 simili
983 5008 1194 5062 semper
1217 5008 1397 5049 carum
1424 5002 1600 5059 est,ut
1627 4993 1839 5050 dicitur:

269 5084 427 5138 Omne
445 5084 808 5137 animatsimile
819 5083 981 5153 diligit
994 5080 1213 5152 (Eccli.l
1227 5084 1398 5151 5.19);
1413 5083 1653 5138 dissimili
1667 5094 1840 5139 autem

266 5176 535 5231 inimicum
560 5184 835 5245 est,alque
854 5175 1105 5229 alienum.
1130 5175 1257 5240 Quis
1270 5177 1411 5229 enim
1430 5191 1677 5245 umquam
1703 5176 1846 5230 indu-

266 5278 349 5322 cet
365 5269 808 5337 columbam,qn;e
826 5283 985 5337 grana
1008 5267 1151 5337 legit,
1164 5277 1255 5321 aut
1272 5269 1699 5335 turturem,pasci
1721 5285 1841 5323 cum

268 5359 441 5414 tnilvis
458 5369 549 5412 aut
563 5359 741 5412 curvis
752 5358 1064 5421 carnivoris,
1077 5367 1167 5411 aut
1184 5358 1524 5412 herbivorum
1539 5373 1779 5414 anserem
1792 5370 1846 5415 et

268 5465 447 5519 gruem
474 5466 593 5503 cum
618 5448 911 5503 vulturibus
942 5449 1139 5503 ossium
1183 5448 1462 5503 voracibns
1490 5450 1844 5519 congregari?

270 5542 392 5608 Quae
417 5540 558 5596 enim
587 5542 813 5596 societas
845 5541 946 5595 luci
967 5541 1031 5596 ad
1057 5540 1327 5607 tenebras,
1350 5549 1443 5594 aut
1465 5541 1643 5595 virtuti
1667 5542 1731 5594 ad
1762 5544 1840 5594 vi-

272 5636 428 5695 tium,
456 5642 507 5685 et
537 5632 717 5701 probis
742 5632 807 5685 ad
838 5632 1143 5700 improbos?
1175 5632 1324 5686 Duc.
1365 5630 1643 5699 Quomodo
1686 5633 1845 5701 igitur

268 5719 724 5795 ﬁpostolusdicit:
760 5720 948 5776 Factus
991 5739 1101 5776 sum
1141 5722 1369 5775 omnibus
1411 5723 1618 5785 omnia;
1644 5720 1842 5775 Judteis

274 5823 520 5880 nunquam
554 5813 768 5868 Judtrtts
791 5856 806 5880 ,
837 5824 887 5867 ut
926 5813 1137 5868 Judtcos
1193 5814 1579 5883 lucrifacerem;
1626 5815 1841 5882 inﬁrmis

274 5915 518 5976 umquam
547 5906 797 5973 inﬁrmus,
822 5915 872 5958 ut
894 5906 1237 5975 lucrifacerem
1259 5906 1518 5973 inﬁrmos;
1546 5905 1609 5957 iis
1625 5906 1709 5973 qui
1735 5906 1842 5958 sine

276 6001 376 6063 tege
409 6005 571 6063 eratu,
600 6005 849 6065 tamquam
880 5996 922 6051 si
949 5997 1056 6051 sine
1083 5997 1189 6067 lege
1216 6012 1391 6062 essem,
1414 6003 1466 6048 ut
1493 5994 1839 6065 lucrifacercm

1947 702 2049 753 eos,
2079 689 2164 758 qui
2188 691 2294 743 sine
2322 692 2430 760 lege
2467 702 2608 743 erant
2634 692 2709 759 (l.
2752 691 2866 744 Cor.
2900 692 2950 746 9.
2974 694 3059 748 20.
3084 694 3217 752 2H?
3260 696 3348 750 Er.
3382 698 3519 750 Ικιιιά

1948 786 2328 842 testimonium,
2346 796 2379 834 o
2409 783 2640 837 virormn
2669 785 2886 854 optimc,
2913 786 3039 841 nihil
3068 786 3133 841 ad
3162 803 3225 841 ea
3247 805 3363 858 qnze
3382 788 3521 843 dicta

1946 878 2104 935 sunt,
2130 871 2354 928 confert.
2395 873 2507 926 Non
2562 875 2702 928 enim
2747 876 2938 931 Paulus
2976 878 3141 939 dixit,
3169 878 3357 934 Factus
3403 895 3519 935 sum

1950 962 2335 1032 negligentibus
2365 965 2631 1035 negligens
2649 1006 2665 1032 ,
2688 977 2777 1020 aut
2798 968 3020 1036 garrulis
3045 970 3287 1037 garrulus
3306 1010 3321 1034 ,
3350 971 3525 1023 avaris

1948 1067 2157 1116 avarus,
2185 1064 2274 1108 aut
2319 1054 2442 1125 quid
2475 1055 2773 1126 hujusmodi
2800 1075 2812 1120 ;
2846 1059 2937 1111 sed
2959 1099 2972 1121 ,
3005 1059 3199 1115 Factus
3239 1075 3355 1114 sum
3380 1071 3522 1113 tam-

1948 1162 2107 1211 quam
2131 1142 2231 1199 hoc
2258 1145 2340 1199 vel
2392 1145 2555 1216 illud,
2596 1163 2699 1202 non
2742 1148 3212 1216 boetillndcniln,
3245 1150 3523 1221 Tamquam

1948 1235 2068 1297 hoc,
2095 1251 2199 1290 non
2230 1236 2371 1291 idem
2401 1248 2515 1304 est,
2539 1255 2601 1294 ac
2632 1238 2751 1294 hoc.
2783 1240 2908 1295 Tale
2947 1252 3122 1297 autem
3150 1252 3261 1310 est,
3289 1244 3427 1313 quod
3456 1246 3523 1298 ab

1950 1329 2295 1399 Apostolotit,
2313 1339 2404 1383 aut
2426 1330 2618 1385 dicitur
2641 1349 2652 1383 :
2681 1333 2830 1401 cujus
2858 1332 3266 1401 condescensus,
3288 1335 3387 1390 etsi
3413 1350 3519 1391 non

1946 1434 2192 1489 magnum
2217 1422 2630 1477 emolumentum
2654 1424 2703 1477 in
2730 1438 2788 1479 se
2812 1423 3041 1481 habebat
3063 1467 3076 1488 ,
3106 1426 3306 1480 nullum
3332 1426 3518 1481 saltem

1947 1509 2205 1565 inferebat
2228 1511 2625 1567 detrimentum.
2659 1512 2849 1568 Factus
2877 1516 3008 1569 enim
3035 1532 3146 1568 sum
3168 1514 3364 1570 Judteis
3389 1525 3521 1569 tam-

1944 1618 2094 1669 quam
2134 1602 2385 1669 Judarus,
2433 1616 2487 1659 ut
2504 1604 2716 1660 Iudaeos
2751 1607 3114 1677 lucrifacerem.
3144 1607 3352 1662 Etenim
3397 1623 3519 1663 cum

1946 1710 2010 1748 cx
2038 1693 2234 1749 Judzeis
2272 1706 2443 1762 esset,
2483 1699 2828 1754 circumcisus
2874 1712 3025 1755 erat:
3056 1700 3323 1770 quomodo
3367 1700 3524 1770 igitur

1949 1785 2106 1853 dicit,
2136 1784 2418 1857 Tamquam
2448 1787 2661 1843 Judteus
2680 1831 2694 1854 ,
2725 1800 2778 1844 et
2820 1790 3205 1852 non,Jud-.eus?
3229 1790 3340 1847 Una
3378 1793 3519 1846 enim

1947 1880 2222 1935 sabbatum
2248 1881 2523 1937 celebrans
2551 1891 2605 1936 et
2638 1898 2740 1936 una
2773 1882 3019 1953 jejunans
3059 1885 3251 1953 saepius
3285 1885 3521 1939 invenie-

1945 1973 2118 2038 batur,
2168 1988 2272 2026 non
2327 1982 2505 2027 tamen
2544 1975 2744 2028 violans
2772 1984 3033 2044 prtecepta
3075 1975 3417 2030 Servatoris:
3464 1985 3521 2029 nt

1942 2065 2319 2120 consuetudine
2344 2080 2464 2119 cum
2489 2067 2568 2119 eis
2594 2074 2648 2120 et
2673 2067 2925 2120 comitatu
2950 2066 3015 2119 ad
3050 2064 3415 2135 perfectiorem
3431 2080 3523 2121 co-

1943 2156 2229 2225 gnitionem
2265 2172 2358 2211 eos
2395 2156 2686 2211 attraherct
2713 2173 2726 2209 :
2754 2159 2892 2211 sicut
2928 2156 3116 2211 medici
3158 2155 3389 2220 faciunt,
3430 2150 3537 2224 qui"

1943 2246 2101 2315 agris
2131 2260 2236 2299 non
2262 2260 2472 2316 semper
2496 2248 2721 2311 adsunt,
2755 2263 2852 2302 nec
2875 2248 3061 2301 eodem
3084 2262 3188 2317 quo
3216 2248 3310 2318 ipsi
3335 2248 3521 2301 morbo

1943 2337 2185 2392 laborant
2208 2377 2223 2402 ,
2255 2353 2428 2408 neque
2455 2338 2639 2395 iisdem
2667 2340 3074 2409 appetitionibus
3097 2340 3379 2411 agitantur.
3408 2340 3521 2395 Hoc

1943 2428 2085 2482 enim
2114 2429 2235 2482 vita:
2256 2429 2553 2483 institutum
2582 2430 2835 2500 magistro
2857 2430 3103 2485 convenit
3122 2472 3136 2494 ,
3168 2440 3373 2499 tempus
3400 2446 3520 2485 cum

1944 2519 2278 2575 multitudine
2320 2535 2423 2573 non
2476 2530 2664 2585 terere,
2703 2520 2799 2576 sed
2842 2522 3015 2590 quiete
3043 2530 3098 2573 et
3145 2522 3365 2576 sollicite
3397 2538 3521 2592 per-

1943 2611 2153 2677 quirere
2195 2611 2391 2665 variam
2446 2626 2650 2665 tuorum
2701 2622 2856 2681 atque
2902 2612 3227 2680 ingeniorum
3271 2612 3517 2666 differen.

1945 2700 2110 2764 tiam,
2169 2702 2304 2755 sicut
2354 2702 2508 2771 periti
2560 2702 2747 2757 medici
2811 2701 3029 2756 faciunt.
3086 2702 3213 2757 Nam
3265 2703 3335 2756 illi
3380 2720 3521 2772 smpe

1942 2792 2092 2847 libris
2153 2794 2528 2861 immorantes,
2574 2796 2881 2851 morborum
2940 2811 3127 2851 causas
3186 2796 3519 2866 prtedicuut,

1943 2895 1996 2938 et
2040 2884 2273 2939 remedia
2328 2886 2559 2951 tradunt,
2596 2895 2801 2941 tantum
2849 2902 2970 2941 cum
3014 2886 3170 2954 :egris
3206 2899 3479 2942 versantes
3505 2931 3519 2951 ,

1944 2982 2198 3044 quantum
2229 2975 2424 3030 sufficit
2442 2976 2507 3031 ad
2534 2975 2901 3031 inveniendam
2930 2991 3143 3031 causam
3170 2978 3360 3042 morbi,
3384 2990 3436 3031 et
3457 2978 3523 3031 ad

1945 3066 2235 3120 remedium
2270 3066 2625 3122 adhibendum
2650 3108 2664 3132 ,
2699 3082 2796 3121 nec
2831 3082 2950 3120 cum
2987 3067 3113 3136 ipsis
3143 3066 3380 3122 ludentes
3422 3084 3523 3121 nec

1945 3158 2283 3226 prandentes.
2316 3157 2440 3213 "me
2466 3159 2606 3213 enim
2637 3157 2855 3213 medica:
2886 3158 3091 3212 virtutis
3133 3158 3387 3227 professio
3418 3175 3521 3213 non

1944 3259 2045 3312 est,
2062 3263 2182 3303 cum
2199 3249 2352 3319 :egris
2362 3248 2631 3305 convivari
2648 3257 2739 3304 aut
2767 3249 2965 3315 ludere,
2991 3250 3083 3304 sed
3095 3260 3435 3322 mgrotantem
3455 3253 3520 3303 ad

1945 3337 2221 3393 sanitatem
2251 3339 2523 3394 reducere.
2540 3340 2730 3395 Desine
2752 3341 2929 3409 igitur,
2946 3356 3147 3411 quasso,
3172 3352 3230 3397 et
3257 3342 3324 3396 de
3354 3343 3435 3396 his
3457 3358 3524 3397 ne

1945 3431 2172 3500 amplius
2189 3430 2455 3502 disquire.
2483 3446 2603 3486 eum
2632 3432 2801 3493 virtus
2838 3447 3125 3503 numquam
3149 3434 3387 3498 vincatur
3414 3440 3525 3489 oris

1944 3522 2160 3577 effrenis
2191 3521 2463 3580 hominum
2489 3523 2791 3596 vituperiis;
2825 3526 2916 3580 sed
2962 3526 3139 3597 potius
3181 3526 3305 3579 mihi
3343 3528 3524 3590 crede,

1945 3625 1999 3668 et
2036 3614 2251 3669 auribus
2300 3616 2403 3669 tuis
2451 3618 2705 3671 ostiarum
2750 3616 3050 3685 praestituc,
3089 3625 3148 3670 ut
3196 3632 3263 3671 ne
3309 3634 3521 3677 omnem

1946 3721 2244 3761 sermonem
2292 3706 2603 3771 admittant,
2648 3716 2807 3777 atque
2854 3708 2989 3761 intra
3044 3709 3310 3776 penetrale
3360 3710 3526 3761 susei-

1947 3795 2113 3865 piant,
2139 3797 2230 3865 qui
2262 3806 2493 3851 mentem
2520 3805 2664 3851 tuam
2692 3798 2981 3866 perturbet.
3007 3796 3072 3851 Et
3101 3797 3227 3851 mihi
3259 3802 3525 3865 permitte,

1946 3902 2006 3941 ea
2028 3902 2147 3956 qua:
2168 3886 2291 3942 huic
2310 3888 2599 3943 narrationi
2617 3888 2811 3943 desunt
2830 3888 3121 3960 adimplere
3140 3907 3153 3943 :
3172 3888 3362 3943 festino
3384 3891 3525 3943 enim

1948 3978 2051 4033 iter
2068 3993 2243 4033 meum
2265 3978 2543 4048 perlicere.
2572 3979 2722 4033 Tunc
2750 3978 3060 4034 Theodorus
3081 3980 3277 4049 inquit:
3301 3980 3524 4041 Ubinam

1947 4086 2071 4125 sunt.
2095 4073 2326 4141 episeOpi
2352 4113 2367 4136 ,
2397 4071 2487 4141 qui
2513 4086 2633 4125 eum
2656 4073 2853 4127 nostris
2883 4072 3027 4126 missi
3058 4080 3209 4136 sunt,
3241 4072 3485 4143 Eulysius
3504 4113 3523 4138 ,

1950 4161 2235 4228 Palladius,
2252 4162 2504 4231 Cyriacus
2528 4170 2585 4215 et
2606 4162 2947 4216 Demetrius?
2971 4163 3197 4217 obscure
3220 4164 3413 4232 quippe
3430 4181 3523 4218 au-

1947 4252 2174 4306 divimus
2192 4253 2242 4306 in
2268 4253 2511 4307 exsilium
2533 4254 2723 4306 missos
2749 4266 2887 4306 esse.
2916 4253 3089 4307 EPISC.
3120 4254 3175 4308 Si
3198 4254 3370 4322 priora
3394 4254 3477 4306 illa
3499 4295 3513 4315 ,

1952 4358 2070 4411 qua:
2091 4360 2120 4397 a
2139 4345 2290 4398 nobis
2304 4344 2515 4398 audiisti
2529 4344 2597 4398 de
2617 4344 3153 4406 beatoJoaune,clara
3170 4356 3215 4400 et
3237 4345 3514 4402 manifesta
3554 4342 3566 4386 ί

1952 4438 2043 4490 tibi
2062 4438 2351 4502 sunt,nihil
2384 4438 2627 4492 habentia
2651 4437 2931 4501 mendacii,
2951 4448 3107 4507 atque
3137 4438 3179 4491 si
3207 4452 3391 4492 eorum
3417 4455 3520 4493 me-

1950 4528 2146 4583 ministi
2171 4567 2188 4593 ,
2220 4530 2447 4583 narrabo
2476 4529 2633 4583 etiam
2657 4544 2718 4583 ea
2737 4569 2749 4590 ,
2775 4528 2840 4582 de
2873 4529 3064 4596 quibus
3092 4544 3178 4583 me
3207 4532 3521 4601 interrogas.

2019 4620 2149 4673 CAP.
2179 4635 2267 4673 xx.
2295 4649 2367 4659 —
2390 4620 2537 4674 Duc.
2573 4619 2645 4672 Ita
2674 4619 2883 4673 abunde
2911 4636 3194 4688 persuasus
3226 4637 3366 4688 sum,
3391 4635 3526 4677 tani-

1949 4727 2105 4779 quam
2124 4712 2167 4765 si
2183 4726 2415 4780 przesens
2432 4713 2560 4765 locis
2580 4712 2708 4780 ipsis
2727 4712 3033 4767 adfuissem.
3050 4714 3329 4769 Sufficiens
3345 4728 3520 4771 autem

1952 4821 2085 4858 mem
2108 4806 2465 4873 persuasionis
2493 4805 2745 4859 indicium
2770 4805 2863 4859 tibi
2888 4807 2957 4859 sit
2985 4808 3206 4861 attentio
3233 4809 3297 4861 ad
3320 4824 3379 4862 ea
3404 4826 3523 4878 qua:

1949 4897 2087 4951 dicta
2110 4904 2252 4960 sunt,
2274 4912 2500 4968 quorum
2528 4898 2699 4953 adhuc
2720 4899 2936 4953 auribus
2955 4902 3285 4957 insonantem
3320 4919 3523 4957 meum-

1951 4990 2082 5039 riam
2111 4987 2312 5041 habens
2337 5028 2349 5049 ,
2378 4987 2512 5042 forte
2539 4989 2739 5057 scripto
2763 5005 2823 5043 ea
2846 4991 3108 5044 mandabo
3140 4992 3189 5044 in
3217 4993 3521 5046 tiiembrana

1950 5081 2144 5149 optima
2167 5090 2465 5137 atramento
2497 5080 2783 5151 descripta.
2812 5083 2877 5136 ad
2909 5085 3215 5137 memoriam
3248 5084 3520 5139 hominum

1949 5173 2121 5226 anatis
2140 5182 2358 5237 nostrae,
2380 5184 2536 5242 atque
2552 5174 2829 5228 utilitatem
2852 5188 3037 5229 eorum
3055 5175 3142 5243 qui
3161 5177 3521 5245 episcopatum

1948 5261 2284 5326 desiderant;
2310 5274 2367 5317 ut
2385 5265 2490 5319 sint
2518 5264 2810 5319 secundum
2837 5266 3046 5319 beatum
3069 5266 3325 5321 Joannem
3353 5280 3407 5323 et
3430 5284 3524 5323 eos

1951 5352 2106 5422 lmjns
2147 5353 2421 5424 temporis,
2471 5354 2558 5423 qui
2612 5370 2709 5423 pro
2762 5356 2985 5408 veritate
3030 5367 3319 5427 martyrum
3378 5359 3518 5412 viam

1949 5445 2180 5498 annulati
2222 5454 2367 5507 sunt,
2421 5456 2511 5499 aut
2556 5444 2808 5499 desinant
2849 5461 2986 5499 onus
3029 5461 3188 5515 supra
3216 5448 3356 5503 vires
3397 5466 3522 5503 suas

1952 5548 2180 5603 portare,
2222 5536 2407 5590 laicam
2452 5544 2507 5590 et
2536 5536 2757 5605 periculi
2797 5545 3071 5605 expertem
3120 5537 3279 5591 vitam
3318 5541 3523 5607 ample-

1949 5646 1963 5677 ι
1980 5638 2171 5681 tentes.
2201 5627 2423 5682 Prmstat
2437 5628 2578 5681 enim
2601 5628 2738 5696 apud
2756 5631 2954 5697 peritos
2977 5630 3376 5700 gubernatores,
3396 5633 3522 5687 datu

1951 5720 2107 5772 naulo
2132 5729 2373 5775 vectores
2396 5721 2573 5774 salvos
2595 5720 2844 5787 evadere,
2866 5737 3025 5790 quam
3052 5722 3520 5792 gubernatorislo-

1950 5825 2067 5864 cum
2094 5820 2364 5864 sumentes
2383 5852 2397 5873 ,
2427 5826 2613 5864 navem
2638 5827 2759 5864 cum
2798 5812 3061 5867 mercibus
3086 5813 3358 5884 naufragio
3397 5830 3519 5884 per-

1950 5901 2097 5956 dere.
2129 5902 2222 5956 llis
2249 5901 2406 5972 igitur
2438 5904 2505 5957 de
2540 5903 2692 5958 beato
2713 5903 2918 5957 Joanne
2946 5908 3220 5974 expositis,
3252 5909 3520 5977 quomodo

1951 5994 2270 6049 severiorem
2299 5995 2458 6048 vitam
2488 5995 2801 6060 exercuerit,
2828 6005 2880 6050 et
2902 5996 3169 6066 quomodo
3192 5997 3242 6051 in
3273 5997 3524 6057 Ecclesiis
