4122 6386
506 569 509 571 ,
559 517 621 570 7i
1831 509 2145 566 PALLADH
2188 509 2526 569 DIALOGUS
3753 517 3816 574 ἠ

563 627 848 687 rel‘ulserit,
874 627 983 681 sive
1010 625 1372 689 Antiochensi,
1402 625 1512 679 sive
1529 623 2136 694 Coustantinopolitana,

561 730 614 774 et
634 719 901 790 quomodo
932 729 1199 789 promotus
1221 718 1396 783 fuerit,
1419 729 1509 772 aut
1542 727 1672 787 quot
1704 719 1923 773 insidias
1953 733 2139 786 passus

563 812 753 875 fuerit,
783 821 940 879 atque
969 825 1152 864 omnes
1176 811 1312 864 inter
1339 825 1401 864 ea
1431 809 1749 864 acerbitates
1769 850 1784 874 ,
1808 825 1926 876 quc
1947 811 2013 864 ab
2041 809 2133 862 im-

564 903 741 970 probis
787 903 1008 954 moleste
1049 902 1334 954 elaboratae
1377 909 1520 966 sunt,
1563 915 1681 954 cum
1709 898 1906 955 dixeris
1933 911 1986 954 et
2023 914 2142 968 quae

565 993 914 1063 Porphyrium
947 1001 1218 1059 spectant,
1265 999 1319 1045 et
1357 989 1669 1044 Eunuchum
1715 990 1908 1060 Ephesi
1938 989 2143 1059 episco-

566 1101 720 1152 pum;
761 1084 998 1148 enuntio,
1029 1099 1235 1152 precor,
1271 1083 1426 1138 nobis
1460 1083 1658 1152 reliqua
1695 1101 1708 1137 :
1753 1092 1807 1138 et
1829 1083 2043 1152 quinam
2084 1081 2138 1135 in

565 1189 778 1230 earcere
808 1175 999 1228 mortui
1026 1176 1160 1240 sint,
1188 1176 1399 1244 quinam
1429 1175 1480 1228 in
1508 1175 1752 1229 exsilium
1781 1175 1884 1228 acti
1911 1215 1924 1238 ,
1957 1189 2139 1228 eorum

563 1267 798 1336 quicum
833 1266 1036 1320 Joanne
1076 1265 1540 1319 communicabant
1585 1284 1597 1319 :
1634 1267 1832 1334 justum
1873 1265 2016 1320 enim
2060 1267 2142 1318 est

559 1361 718 1416 etiam
749 1360 937 1415 horum
965 1359 1270 1414 memoriam
1296 1359 1469 1414 facere
1494 1359 1558 1412 ad
1587 1358 1916 1413 excitandam
1946 1357 2140 1410 alacri-

562 1460 719 1505 tatem
746 1451 1052 1505 viventium.
1082 1450 1135 1505 Si
1164 1449 1303 1503 enim
1327 1449 1379 1502 in
1407 1449 1488 1503 his
1513 1449 1855 1502 saecularibus
1881 1448 2040 1503 rebus
2055 1447 2133 1500 fa-

560 1543 708 1606 muli,
745 1543 832 1611 qui
865 1557 959 1610 pro
985 1541 1214 1595 dominis
1254 1541 1304 1594 in
1343 1555 1610 1595 carcerem
1641 1540 2016 1610 conjiciuntur,
2045 1548 2138 1594 aut

563 1633 910 1688 verberantur
933 1673 948 1698 ,
980 1640 1070 1684 aut
1097 1640 1406 1699 torquentur
1426 1671 1441 1695 ,
1471 1630 1892 1684 benevolentiam
1923 1630 2140 1684 liberta-

565 1736 775 1794 temque
822 1723 888 1776 ab
924 1724 1050 1792 ipsis
1093 1731 1528 1791 consequuntur:
1578 1730 1777 1791 quanto
1832 1720 2001 1791 magis
2049 1722 2139 1790 qui

563 1825 778 1885 propter
821 1814 1088 1870 Christum
1135 1813 1406 1882 suppliciis
1448 1811 1771 1879 afﬁciuntur,
1821 1812 1964 1881 digni
2014 1822 2139 1867 sunt

561 1910 766 1964 honore
805 1909 1184 1973 ecclesiastico,
1232 1919 1391 1978 atque
1425 1908 1836 1963 benevolentia?
1864 1909 1930 1963 de
1950 1908 2139 1978 quibus

566 1999 982 2071 Apostolusait:
1034 2001 1221 2055 Vinctis
1265 2001 1408 2072 quasi
1451 2001 1600 2055 simul
1643 2001 1792 2054 vincti
1844 1999 1997 2072 (Heb.
2048 2001 2134 2056 10.

540 2095 650 2163 54)
680 2135 695 2158 ,
740 2103 898 2162 atque
957 2093 1022 2148 iis
1069 2094 1158 2162 qui
1214 2092 1535 2146 vexabantur
1563 2134 1579 2158 ,
1625 2093 1775 2161 quasi
1839 2092 2138 2150 vexationis

541 2186 712 2252 socii,
735 2194 918 2255 utpote
963 2195 1016 2248 et
1044 2185 1142 2255 ipsi
1191 2185 1242 2239 in
1294 2199 1520 2253 corpore
1568 2183 1862 2238 constituti.
1905 2182 2139 2238 Pretiosa

535 2275 700 2329 venint
731 2287 804 2332 est
853 2277 904 2338 in
947 2287 1213 2345 conspectu
1258 2274 1464 2330 Domini
1526 2291 1660 2328 mors
1701 2283 1988 2328 sanctorum
2026 2274 2138 2343 ejus

543 2359 727 2425 '(Psal.
775 2367 1043 2437 “5.15).
1089 2366 1185 2420 Ep.
1241 2365 1451 2435 Optime
1501 2365 1682 2419 dixisti
1732 2382 1746 2418 :
1803 2363 1925 2418 audi
1955 2364 2132 2434 igitur.

561 2460 805 2530 Episcopi
843 2459 1081 2529 quidem,
1127 2469 1184 2512 ut
1229 2460 1376 2512 initio
1425 2458 1561 2513 fama
1615 2458 1861 2528 vulgavit,
1892 2459 1943 2512 in
1991 2472 2136 2512 mare

541 2550 785 2606 demersi
812 2559 967 2604 sunt:
993 2558 1050 2603 ut
1083 2560 1260 2613 autem
1293 2564 1351 2602 se
1382 2549 1540 2602 habet
1569 2549 1782 2612 veritas,
1812 2549 1863 2602 iu
1891 2548 2132 2602 exsilium

557 2641 896 2713 longinquum
943 2642 1076 2712 pulsi
1107 2652 1228 2695 sunt
1273 2641 1324 2694 in
1355 2640 1604 2694 barbaras
1653 2641 1925 2709 regiones,
1957 2640 2135 2710 ibique

556 2734 714 2788 etiam
768 2747 906 2786 nunc
971 2748 1000 2787 a
1054 2732 1220 2787 servis
1279 2731 1505 2801 publicis
1552 2731 1940 2785 custodiuntur.
2002 2730 2132 2784 Nam

556 2841 676 2881 cum
724 2825 956 2882 venisset
1019 2825 1234 2896 quidam
1302 2824 1600 2888 diaconus,
1654 2825 1742 2892 qui
1797 2824 1954 2878 simul
2010 2839 2131 2878 cum

555 2919 634 2973 cis
661 2917 761 2974 iter
788 2917 1001 2981 fecerat,
1032 2916 1230 2977 retulit,
1256 2915 1534 2986 Cyriacum
1570 2914 1785 2983 quidem
1813 2914 2132 2968 Emesenum

550 3009 815 3080 Palmyra:
843 3009 893 3062 in
924 3008 1204 3062 Persarum
1227 3006 1448 3060 castello
1476 3020 1616 3068 esse,
1645 3004 1912 3074 octoginta
1943 3004 2134 3058 millia-

553 3101 701 3156 ribus
731 3100 865 3154 ultra
897 3099 1138 3153 Emesam
1176 3115 1188 3152 :
1220 3098 1488 3168 Eulysium
1519 3097 1796 3161 similiter,
1826 3096 2132 3166 episcopum

557 3193 777 3257 Bostrte,
805 3191 1022 3246 ulterius
1049 3191 1235 3244 itinere
1255 3190 1412 3242 trium
1439 3189 1641 3242 dierum
1671 3189 1722 3241 in
1757 3189 1976 3242 castello
2001 3190 2133 3242 Ara-

557 3285 703 3351 bum,
733 3283 963 3352 Misphas
990 3281 1154 3347 dicto,
1183 3281 1462 3336 Saracenis
1499 3279 1776 3349 adjacente
1801 3297 1812 3330 :
1841 3279 2130 3333 Palladium

555 3377 860 3446 episcopum
892 3375 945 3428 in
976 3373 1164 3427 vicinia
1207 3373 1536 3443 Blemmyum
1571 3381 1662 3426 aut
1692 3371 2007 3440 ASthiopum
2036 3386 2130 3425 cu.

558 3469 761 3532 stodiri,
807 3469 857 3521 in
897 3468 1092 3536 oppido
1127 3464 1300 3536 Syene
1330 3465 1472 3518 dicto
1507 3482 1520 3516 :
1557 3464 1880 3518 Demetrium
1912 3463 2133 3517 interius

559 3561 610 3614 in
635 3560 776 3621 Oasi,
802 3559 1080 3612 Mazicibus
1105 3557 1377 3628 proxima;
1408 3567 1532 3610 sunt
1553 3556 1694 3611 enim
1722 3565 1774 3608 et
1797 3555 1914 3608 alia:
1933 3554 2130 3608 Oases:

558 3652 900 3720 Serapionem
931 3658 1108 3704 autent
1143 3659 1260 3719 post
1294 3649 1598 3703 innumeras
1627 3648 1828 3716 absque
1859 3647 1961 3700 ulla
2007 3663 2132 3715 pro-

561 3745 773 3800 batione
802 3743 1096 3798 calumnias
1116 3785 1131 3807 ,
1176 3757 1384 3796 summa
1411 3756 1532 3795 cum
1561 3739 1795 3809 judicum
1827 3739 2136 3794 crudelitate

560 3855 776 3902 caesum,
809 3837 874 3892 ad
904 3837 1269 3893 excussionem
1297 3850 1463 3904 usque
1492 3833 1749 3896 dentium,
1783 3841 1840 3886 ut
1870 3833 2002 3886 fama
2030 3846 2134 3897 εει,

560 3933 614 3986 in
645 3929 867 4000 patriam
897 3942 1046 3982 suam
1082 3928 1407 3996 relegarunt.
1440 3925 1671 3979 Hilarius
1691 3965 1705 3988 ,
1732 3924 1816 3976 vir
1845 3931 2059 3976 sanctus
2085 3932 2139 3975 ct

561 4037 746 4085 senex,
770 4021 822 4074 in
847 4020 1088 4072 intimum
1114 4019 1336 4071 Pontum
1360 4016 1544 4086 pulsus
1563 4024 1663 4080 est,
1685 4014 1849 4084 plagis
1869 4015 2135 4079 concisus,

560 4129 667 4169 non
697 4128 728 4166 a
748 4111 947 4182 judice,
979 4109 1072 4164 sed
1099 4124 1126 4161 a
1155 4110 1298 4162 clero
1333 4125 1345 4160 :
1375 4106 1465 4174 qui
1508 4106 1691 4160 decem
1717 4115 1772 4159 et
1799 4112 1919 4158 octo
1949 4104 2141 4157 abhinc

560 4207 716 4262 annis
749 4220 936 4275 panem
968 4220 1071 4257 non
1103 4202 1360 4272 gustavit,
1393 4201 1538 4254 olera
1577 4199 1688 4252 sola
1727 4206 1781 4252 et
1817 4197 2138 4252 frumentum

560 4308 770 4354 coctum
800 4296 982 4350 edens.
1029 4293 1290 4348 Antonius
1338 4293 1390 4344 in
1421 4290 1687 4358 speluncis
1722 4289 2014 4343 Paltcstinze
2051 4302 2140 4341 se-

563 4392 734 4460 ipsum
778 4385 1078 4441 conclusit:
1120 4382 1430 4437 'l‘itnotheus
1480 4381 1774 4443 Maroneae,
1819 4387 1873 4434 et
1909 4378 2142 4432 Joannes

563 4479 742 4551 Lydiae
771 4477 1042 4547 episcopi,
1078 4477 1128 4528 in
1172 4473 1474 4531 Macedonia
1502 4486 1624 4526 esse
1663 4470 1913 4524 dicuntur
1943 4487 1956 4522 :
1991 4468 2140 4522 Rho-

561 4572 690 4636 don,
722 4570 1001 4638 episcopus
1027 4567 1199 4625 Asina.
1232 4563 1516 4634 Mitylenen
1548 4560 1813 4629 profectus
1844 4569 1927 4614 est
1958 4577 1970 4610 :
2003 4558 2140 4614 Gre-

563 4663 777 4732 gorius,
819 4659 1000 4728 Lydia:
1026 4658 1339 4726 episcopus,
1381 4654 1434 4709 in
1480 4653 1707 4724 Phrygia
1746 4667 1865 4706 esse
1901 4650 2093 4704 dicitur
2125 4668 2138 4702 :

570 4754 748 4808 Srisso
774 4760 971 4812 autem,
995 4748 1157 4804 frater
1184 4747 1424 4811 Palladii,
1452 4744 1683 4800 Ecclesia
1712 4758 1806 4796 sua
1835 4742 1974 4796 ultro
1993 4742 2146 4794 derc-

568 4849 690 4901 ticta
712 4887 727 4911 ,
771 4845 822 4896 in
854 4842 1025 4911 agello
1054 4857 1151 4895 suo
1191 4839 1366 4908 degit,
1399 4847 1591 4892 terram
1635 4835 1860 4904 propriis
1903 4833 2144 4888 manibus

567 4937 793 4991 fodiens.
836 4933 1142 5000 Lampetius
1167 4945 1314 4994 vero,
1361 4939 1418 4986 ut
1446 4928 1612 4992 aiunt,
1645 4927 1696 4980 in
1741 4925 1935 4995 Oppido
1964 4923 2144 4995 Lydiae

568 5045 597 5080 a
627 5025 856 5096 quodam
888 5022 1175 5076 Eleuthero
1198 5019 1429 5088 adjutus,
1463 5016 1777 5072 lectionibus
1808 5023 1959 5069 vacat
1988 5032 2000 5068 :
2033 5014 2144 5067 Eu-

566 5118 756 5188 genius
782 5116 834 5169 in
863 5114 1028 5184 patria
1057 5121 1140 5166 est
1167 5127 1180 5164 :
1214 5109 1467 5178 Elpidius,
1505 5097 1726 5176 m‘agnus
1755 5105 1844 5160 ille
1873 5103 2145 5158 Laodiceae

568 5210 740 5280 Syria:
763 5207 1064 5277 episcopus,
1099 5214 1149 5257 et
1176 5203 1406 5271 Pappus,
1447 5215 1542 5270 per
1571 5208 1735 5252 totum
1765 5196 2047 5251 triennium
2077 5194 2145 5249 de

569 5302 712 5356 scala
759 5300 946 5354 donius
1002 5313 1112 5350 sum
1160 5311 1263 5349 non
1317 5292 1706 5348 descenderunt
1755 5287 2144 5358 precationibus

569 5404 818 5448 vacantes
861 5409 872 5444 :
921 5387 1224 5444 ileraclidas
1275 5385 1536 5454 Ephesius
1589 5382 1988 5451 quadriennium
2033 5378 2144 5447 jam

571 5481 890 5539 Nicomedite
934 5481 986 5533 in
1030 5494 1243 5533 carcere
1291 5477 1524 5530 inclusus
1565 5483 1666 5528 est.
1714 5471 1921 5540 Reliqui
1964 5480 2144 5524 autem

571 5573 805 5644 episcopi
833 5572 899 5627 de
925 5570 1297 5625 communione
1325 5566 1545 5623 Joannis
1564 5605 1579 5629 ,
1610 5564 1752 5618 omni
1780 5578 1876 5631 spe
1918 5563 2142 5630 abjccta,

570 5666 660 5720 alii
688 5663 900 5734 quidem
938 5660 1395 5715 communicarunt
1424 5658 1616 5719 Attico,
1647 5664 1700 5710 et
1724 5655 1776 5708 in
1804 5653 1935 5708 alias
1971 5653 2142 5706 Thra-

570 5757 669 5811 cite
698 5752 964 5808 Eeclesias
1010 5750 1248 5805 translati
1297 5757 1465 5809 sunt;
1511 5748 1600 5801 alii
1646 5759 1771 5800 vero
1811 5744 2143 5797 delitescunt.

572 5846 872 5900 Anatolium
896 5843 1044 5897 aiunt
1065 5856 1184 5914 csse
1211 5841 1262 5895 in
1289 5841 1492 5896 Galliis.
1524 5839 1690 5894 Porro
1716 5835 2146 5906 presbyterorum

574 5935 663 5994 aiii
686 5952 736 6002 tu
759 5935 1006 5990 Arabiam
1033 5941 1087 5988 et
1111 5932 1443 5988 Palmstittatti
1467 5929 1733 5986 amendati
1756 5935 1880 5986 sunt
1895 5943 1916 5980 .z
1941 5925 2147 5996 Tigrius

2247 627 2298 681 in
2329 628 2760 697 Mesopotamiam
2793 631 3053 700 relegatus
3088 641 3169 686 est
3203 649 3214 685 :
3249 631 3520 701 Philippus
3560 634 3610 686 in
3653 634 3817 690 Peuto

2244 718 2391 772 exsul
2425 729 2664 773 mortuus
2690 729 2770 774 est
2799 738 2813 772 :
2840 720 3166 790 TheOphilus
3195 725 3244 776 in
3265 723 3617 792 Paphlagonia
3647 723 3810 794 degit:

2243 808 2494 866 Joannes.
2526 808 2723 864 Ethrii
2751 812 2908 874 filius,
2938 810 3194 866 Caesarea:
3223 815 3518 867 construxit
3549 824 3812 869 monaste-

2247 903 2384 956 rium
2412 921 2424 954 :
2451 903 2775 971 Stephanum
2802 905 2851 956 in
2876 905 3123 958 Arabiam
3155 905 3469 974 relegatum,
3492 921 3522 959 e
3545 905 3814 962 custodum

2247 996 2492 1049 manibus
2521 996 2863 1062 abstractum,
2907 997 3072 1050 Isauri
3105 998 3156 1049 in
3187 997 3417 1051 Taurum
3468 998 3811 1054 dimiserunt:

2246 1085 2552 1141 Sallustium
2599 1086 2650 1140 in
2693 1087 2848 1141 Creta
2878 1103 2998 1142 esse
3039 1088 3240 1143 dicunt.
3289 1089 3478 1143 Audivi
3521 1090 3812 1160 Philippum

2245 1176 2585 1240 monachum,
2617 1187 2672 1233 et
2696 1181 3060 1250 presbyterum
3090 1180 3426 1247 Scholarum,
3455 1183 3506 1236 in
3537 1183 3811 1253 Campania

2244 1278 2522 1338 aegrotare.
2563 1268 2892 1339 Sephronius
2921 1271 3175 1326 diaconus
3206 1273 3259 1325 in
3290 1272 3574 1328 Thebaidis
3601 1290 3812 1330 carcere

2244 1359 2511 1415 detinetur
2542 1379 2554 1412 :
2587 1361 2781 1415 Paulus
2810 1361 3097 1428 diaconus,
3135 1366 3399 1418 (economi
3424 1365 3654 1434 adjutor,
3685 1367 3818 1421 dici-

2245 1461 2331 1506 tur
2357 1453 2408 1507 in
2435 1453 2608 1508 Africa
2637 1455 2840 1508 versari
2874 1473 2886 1508 :
2921 1456 3054 1508 alius
3081 1455 3292 1522 Paulus,
3321 1457 3578 1512 diaconus
3597 1461 3818 1513 Anasta-

2243 1543 2356 1608 siae,
2383 1543 2764 1614 Hierosolymis
2790 1545 2916 1598 vivit
2948 1563 2960 1597 :
2992 1545 3282 1612 Helladius,
3307 1548 3587 1618 presbyter
3613 1549 3816 1616 Palatii,

2243 1637 2295 1691 in
2327 1638 2498 1707 agello
2523 1652 2620 1691 suo
2649 1636 2910 1708 Bithynia:
2929 1639 3087 1691 vitam
3114 1639 3239 1708 agit.
3268 1638 3454 1692 Plures
3483 1651 3657 1694 autem
3677 1638 3814 1694 Con-

2243 1729 2584 1797 stantinopoli
2606 1729 2924 1784 delitescunt
2949 1748 2961 1784 :
2985 1731 3071 1784 alii
3104 1730 3154 1784 in
3187 1731 3387 1800 patrias
3411 1748 3534 1786 suas
3555 1733 3814 1789 abierunt.

2241 1820 2512 1885 Silvanus,
2543 1831 2758 1897 sanctus
2783 1823 3062 1892 episcopus
3083 1863 3097 1887 ,
3127 1822 3337 1878 Troade
3365 1825 3630 1894 piscatur,
3662 1834 3715 1878 et
3739 1826 3815 1894 pi-

2241 1921 2389 1966 scatu
2417 1912 2546 1966 vivit
2578 1931 2591 1967 :
2636 1913 2933 1983 Stephanus
2962 1913 3255 1969 monachus
3275 1955 3288 1979 ,
3336 1916 3426 1984 qui
3462 1914 3816 1971 Romanorum

2239 2002 2490 2070 epistolas
2540 2003 2765 2069 detulit,
2814 2003 2884 2059 ob
2931 2004 2983 2058 id
3036 2005 3207 2074 ipsum
3255 2006 3582 2073 verberatus,
3637 2006 3816 2061 decem

2241 2107 2453 2149 menses
2487 2095 2946 2164 Constantinopoli
2991 2097 3044 2148 in
3072 2111 3288 2151 carcere
3313 2099 3474 2151 vitam
3519 2098 3644 2167 egit.
3689 2098 3816 2153 Cum

2240 2195 2416 2242 autem
2458 2187 2505 2241 ci
2533 2188 2836 2242 communio
2866 2189 3131 2258 proposita
3175 2199 3352 2254 esset,
3383 2200 3438 2244 et
3477 2205 3580 2244 non
3609 2191 3819 2261 acquie-

2240 2279 2424 2344 visset,
2451 2278 2702 2333 lateribus
2731 2286 2785 2333 et
2818 2289 3032 2348 pectore
3054 2280 3366 2349 ungularum
3400 2280 3648 2334 violentia
3684 2281 3820 2336 lace-

2240 2368 2400 2430 ratis,
2428 2369 2578 2436 cujus
2607 2369 2681 2422 rei
2709 2369 2822 2438 ipse
2845 2369 3089 2423 oculatus
3117 2370 3265 2422 testis
3289 2368 3387 2435 fui,
3417 2369 3615 2424 Christi
3642 2371 3818 2440 provi-

2239 2458 2414 2513 dentia
2458 2459 2509 2512 iu
2555 2459 2782 2513 secunda
2815 2459 3040 2514 fortasse
3079 2461 3365 2514 certamina
3395 2471 3666 2526 servatus,
3703 2470 3819 2531 post

2239 2550 2502 2605 decimum
2529 2551 2819 2604 curationis
2845 2565 2954 2604 sua:
2982 2565 3243 2613 mensem,
3270 2551 3536 2606 Pelusium
3560 2552 3820 2622 relegatus

2239 2650 2340 2695 est.
2387 2641 2733 2695 Provincialis
2760 2641 2971 2711 quidam
2999 2641 3168 2704 miles,
3215 2656 3279 2695 ex
3306 2640 3518 2696 Scholis
3549 2641 3813 2708 Palatinis,

2240 2739 2515 2785 accusatus
2542 2741 2806 2800 tamquam
2833 2731 3055 2785 Joannis
3084 2731 3276 2796 fautor,
3305 2741 3424 2800 post
3453 2732 3580 2785 varii
3611 2734 3821 2801 generis

2239 2821 2418 2892 plagas
2443 2829 2497 2874 et
2517 2821 2876 2876 atrocissimas
2904 2820 3211 2875 abrasiones
3234 2820 3417 2875 Petras
3445 2821 3594 2875 exsul
3623 2822 3816 2876 missus

2240 2923 2342 2968 est.
2389 2913 2583 2982 Elpidii
2614 2928 2739 2967 vero
2785 2913 3079 2983 presbyteri
3128 2911 3373 2979 famulus,
3414 2913 3817 2983 quinquaginta,

2241 3016 2300 3060 ut
2325 3007 2494 3072 aiunt,
2523 3006 2699 3060 aureis
2724 3005 3039 3071 conductus,
3067 3013 3127 3058 ut
3150 3016 3388 3060 sanctum
3413 3005 3677 3060 Joannem
3698 3006 3820 3061 dolo

2238 3097 2562 3151 interficeret
2601 3115 2614 3150 :
2646 3111 2765 3150 cum
2795 3095 3158 3164 deprehensus
3188 3105 3330 3149 esset
3359 3104 3469 3150 tres
3495 3096 3697 3166 gladios
3723 3096 3819 3150 hac

2238 3189 2382 3253 bere,
2407 3199 2608 3258 septem
2637 3204 2700 3242 ex
2728 3188 2790 3242 iis
2819 3189 2908 3256 qui
2939 3188 3108 3256 ipsum
3136 3186 3614 3255 apprehenderant,
3639 3189 3821 3257 singil-

2236 3281 2382 3335 latim
2435 3279 2744 3349 percussit:
2791 3293 3012 3347 quorum
3061 3288 3287 3346 quatuor
3331 3278 3582 3332 continuo
3627 3279 3822 3348 sepulti

2237 3383 2380 3438 sunt,
2409 3373 2495 3426 alii
2525 3381 2702 3426 autem
2732 3379 2840 3424 tres
2867 3379 2984 3439 post
3009 3369 3311 3424 diuturnam
3335 3371 3662 3425 curationem
3684 3372 3818 3425 salvi

2239 3473 2544 3527 evaserunt,
2577 3463 2821 3517 absoluto
2850 3461 3134 3516 homicida.
3168 3462 3359 3516 Beatus
3387 3462 3690 3532 Eutrapius,
3721 3479 3820 3532 ptt—

2241 3571 2331 3610 rus
2357 3570 2386 3608 a
2416 3553 2746 3615 mulieribus,
2775 3564 2980 3616 cantor,
3012 3551 3329 3606 verberibus
3349 3567 3540 3618 cursus,
3567 3562 3623 3607 et
3646 3553 3826 3606 lateri-

2240 3645 2338 3700 bus
2365 3659 2426 3698 ac
2455 3643 2628 3697 fronte
2670 3657 2839 3710 usque
2876 3641 3010 3696 adeo
3038 3640 3332 3705 laceratus,
3367 3650 3424 3694 ut
3459 3651 3513 3695 et
3539 3643 3825 3711 supercilia

2239 3750 2451 3805 quoque
2477 3733 2658 3788 evulsa
2687 3733 2794 3790 sint
2812 3773 2826 3797 ,
2860 3731 3062 3786 facibus
3089 3742 3359 3800 postremo
3385 3731 3450 3784 ad
3482 3733 3670 3798 latera,
3701 3743 3826 3801 post

2240 3841 2360 3880 ossa
2392 3824 2586 3880 nudata
2607 3864 2623 3886 ,
2663 3824 2930 3890 utrimque
2974 3821 3201 3875 admotis
3245 3821 3365 3874 oleo
3394 3822 3596 3890 plenis,
3625 3821 3676 3876 in
3707 3823 3827 3890 ipso

2243 3918 2467 3987 equuleo
2486 3917 2717 3970 animam
2747 3912 3040 3974 exhalavit,
3073 3912 3352 3980 mediaque
3382 3921 3539 3966 nocte
3581 3913 3831 3981 sepultus

2243 4018 2325 4064 est
2363 4025 2393 4062 a
2431 4007 2672 4072 clericis,
2701 4006 2788 4072 qui
2837 4004 2936 4057 hoc
2978 4010 3280 4071 patrarant;
3321 4015 3442 4055 cum
3487 4001 3622 4054 Deus
3666 4002 3827 4054 morti

2244 4101 2359 4170 ejus
2383 4099 2742 4154 testimonium
2787 4095 3099 4165 pr:ehuisset
3131 4093 3334 4147 visione
3362 4093 3725 4162 psallentium,
3754 4095 3834 4148 ob

2245 4192 2544 4248 Servatoris
2597 4189 2856 4259 passionis
2898 4186 3344 4240 conformitatem.
3403 4185 3601 4238 Retulit
3646 4196 3827 4239 autem

2247 4287 2506 4340 diaconus
2540 4283 2627 4352 qui
2655 4281 2722 4335 ab
2742 4280 3005 4350 episcopis
3033 4277 3211 4342 rediit,
3232 4292 3263 4332 a
3286 4276 3524 4330 Prchccti
3549 4276 3832 4341 militibus,

2245 4377 2335 4446 qui
2362 4391 2455 4431 eos
2483 4375 2836 4437 deduxerunt,
2865 4385 3032 4439 usque
3065 4368 3199 4422 adeo
3226 4367 3377 4435 jussu
3403 4366 3699 4435 aliquorum
3729 4381 3829 4418 ve-

2247 4478 2431 4531 xatos,
2465 4475 2524 4520 ut
2565 4464 2699 4518 mori
2729 4472 2973 4532 optarent
3001 4468 3053 4512 et
3093 4458 3274 4512 vivere
3315 4466 3642 4511 recusarent.
3690 4455 3831 4510 Nam

2245 4559 2503 4630 pecunias
2522 4599 2536 4622 ,
2569 4570 2699 4625 quas
2725 4557 2776 4608 in
2816 4562 3057 4620 sumptus
3084 4549 3288 4602 itineris
3318 4547 3416 4601 sibi
3435 4547 3789 4616 ~sumpserant
3812 4587 3832 4610 ,

2248 4652 2455 4721 penitus
2499 4649 2747 4716 abreptas
2793 4645 2930 4698 inter
2973 4657 3030 4696 se
3077 4641 3253 4710 partiti
3283 4648 3439 4704 sunt,
3481 4649 3535 4694 et
3563 4640 3614 4693 in
3646 4653 3834 4694 macra

2242 4743 2481 4810 jumenta
2507 4753 2602 4794 eos
2631 4737 2948 4807 injicicntes,
2975 4733 3120 4788 bidui
3150 4733 3248 4786 iter
3279 4747 3384 4785 uno
3411 4731 3497 4786 die
3526 4730 3792 4785 faciebant
3818 4747 3835 4785 :

2247 4835 2411 4887 multa
2440 4839 2596 4885 nocte
2638 4829 2689 4882 in
2720 4826 3010 4882 diversoria
3058 4823 3488 4888 introducentcs,
3529 4832 3585 4876 et
3618 4837 3843 4876 summo

2247 4937 2403 4976 mane
2429 4931 2552 4974 ante
2591 4918 2761 4972 lucem
2785 4915 3143 4980 'reducentes,
3177 4914 3245 4966 ita
3275 4897 3329 4966 ut
3359 4930 3424 4967 ne
3456 4916 3678 4966 miseras
3707 4911 3840 4980 qui—

2248 5012 2367 5066 dem
2399 5025 2551 5064 escas
2581 5007 2886 5063 stomachus
2913 5006 3143 5060 retinere
3172 5014 3371 5073 posset.
3405 5004 3669 5072 Turpibus
3693 5019 3846 5072 pra:-

2248 5110 2391 5154 terea
2423 5109 2475 5153 ct
2516 5096 2808 5152 inhonestis
2830 5096 3006 5151 verbis
3047 5110 3140 5150 eos
3183 5094 3443 5163 impetere
3489 5109 3594 5147 non
3638 5106 3843 5162 parce-

2249 5191 2394 5245 bant.
2439 5188 2671 5243 Palladio
2700 5187 2858 5241 etiam
2900 5186 3149 5240 famulum
3181 5185 3514 5239 absntlerunt
3537 5225 3552 5244 ,
3583 5184 3685 5236 vim
3728 5183 3843 5250 ipsi

2248 5282 2534 5338 inferentes
2554 5322 2569 5345 ,
2601 5292 2656 5335 ut
2695 5279 2915 5333 tabellas
2955 5277 3265 5347 deponeret.
3300 5276 3622 5330 Demetrium
3649 5281 3844 5328 autem

2249 5393 2382 5430 unus
2433 5391 2463 5430 e
2504 5371 2880 5429 deductoribus
2923 5385 3090 5440 usque
3131 5368 3265 5422 adeo
3309 5367 3540 5432 vexavit,
3582 5375 3641 5420 ut
3667 5364 3849 5419 multa

2249 5476 2405 5520 nocte
2436 5465 2646 5535 Bizyam
2679 5461 3013 5532 pervenerit;
3056 5459 3144 5529 qui
3176 5457 3350 5511 statim
3377 5455 3701 5526 gravissimis
3729 5453 3848 5507 do-

2252 5560 2452 5614 loribus
2497 5567 2608 5612 toto
2645 5570 2871 5624 cut-pote
2911 5554 3175 5607 cruciatus
3203 5548 3411 5603 vivendi
3457 5548 3613 5602 finem
3659 5545 3794 5599 fecit
3828 5561 3847 5599 :

2254 5653 2322 5706 ita
2354 5661 2412 5706 ut
2439 5649 2614 5704 cuncti
2638 5648 2803 5701 Deum
2831 5651 3165 5704 venerantes,
3194 5648 3543 5709 agnoscerent
3565 5652 3681 5689 eam
3709 5649 3849 5690 esse

2251 5755 2465 5813 pmnam
2512 5737 2821 5808 iujuriarutu
2857 5755 2869 5788 :
2902 5749 3022 5789 cum
3069 5731 3400 5803 prmdixisset
3442 5729 3490 5782 ei
3541 5723 3846 5786 Palladius,

2255 5844 2312 5888 ut
2338 5832 2505 5888 redux
2529 5829 2743 5899 quidam
2781 5827 3076 5882 commilito
3107 5823 3340 5877 narravit
3371 5837 3385 5872 :
3418 5819 3570 5874 Aliud
3599 5819 3697 5872 iter
3722 5831 3854 5871 non

2257 5923 2492 5989 inccdes,
2517 5919 2611 5978 sed
2632 5917 3004 5976 miserabiliter
3027 5914 3290 5971 morieris.
3325 5911 3575 5968 Ecclesiis
3603 5920 3857 5979 namque
