4122 6386
341 477 400 536 74
1330 483 1418 542 DE
1452 485 1617 543 VITA
1658 487 1717 542 S.
1758 482 2042 541 JOANMS
2081 485 2585 550 GHRYSOSTOMI.
3551 501 3620 554 7‘2

342 589 854 656 εινουπολιτῶν,καί
880 594 1028 658 ὅπως
1054 594 1195 667 ἤχθη
1227 607 1276 660 ι,
1309 598 1402 650 καὶ
1422 598 1569 661 ὅπως
1599 598 1918 652 συνεσκευά-

339 674 466 747 σθη,
506 677 603 729 καὶ
663 676 842 731 πάντα
875 679 944 733 τὰ
971 677 1059 733 διὰ
1100 681 1267 752 μέσου
1306 681 1500 754 πικρά,
1540 681 1576 736 ἀ
1624 683 1774 754 παρὰ
1810 681 1919 736 τῶν

339 759 677 830 πλημμελῶν
731 762 1033 830 φιλοπόνως
1074 763 1488 835 γεγεώργηται,
1537 765 1707 820 εἰπών
1755 783 1814 818 τε
1850 765 1921 820 τά

339 846 481 898 κατὰ
534 845 624 898 τὸν
681 846 990 918 Πορφύριον
1019 889 1032 911 ,
1082 849 1304 903 καὶτὸν
1346 849 1573 918 Ἐφέσου
1629 851 1915 921 Εὐνοῦχον,

338 927 673 996 ἀπάγγειλον
721 932 855 1001 ἡμῖν
899 932 970 984 τὰ
1013 931 1288 986 λείποντα.
1333 933 1490 997 Τίνες
1524 934 1581 987 δὲ
1611 936 1669 988 ἐν
1703 934 1916 1006 φυλακῇ

337 1009 737 1083 ἐτελεύτησανς
787 1014 931 1078 τίνες
977 1032 1038 1068 τε
1094 1015 1468 1086 ἐξωρίσθησαν
1513 1017 1622 1070 τῶν
1672 1017 1916 1072 Ἰωάννου

337 1095 704 1162 κοινωνικῶν;
738 1095 946 1151 δίκαιον
993 1098 1102 1170 γάρ
1143 1098 1249 1151 τῶν
1279 1099 1536 1153 τοιούτων
1564 1101 1753 1172 μνείας
1799 1103 1918 1155 ἐπι-

336 1177 508 1231 τελεῖν
548 1182 630 1243 είς
662 1181 972 1252 προθυμίαν
1031 1182 1139 1236 τῶν
1178 1182 1417 1247 ζώντων.
1470 1185 1533 1237 Et
1573 1190 1683 1256 γάρ
1719 1188 1777 1238 ἐν
1803 1187 1916 1250 τοῖς

339 1260 613 1330 βιωτικοῖς
670 1264 882 1330 τούτοις
932 1268 1222 1338 πράγμασι
1281 1269 1468 1331 παῖδες
1504 1270 1554 1322 οἱ
1611 1270 1752 1340 ὑπὲρ
1805 1271 1917 1324 τῶν

333 1343 612 1400 δεσποτῶν
653 1349 1058 1420 συγκλειόμενοι
1109 1351 1141 1423 ἢ
1187 1352 1512 1422 τυπτόμενοι
1559 1351 1591 1423 ἢ
1649 1351 1912 1422 ξεόμενοι,

335 1431 549 1494 εὐνοίας
599 1434 695 1486 καὶ
752 1433 1066 1505 ἐλευθερίας
1125 1435 1256 1505 παρ’
1312 1436 1491 1488 αὐτῶν
1548 1436 1914 1500 ἀπολαύουσι,

337 1515 490 1585 πόσῳ
526 1517 688 1572 πλέον
726 1519 776 1572 οἱ
822 1519 912 1572 διὰ
937 1520 1171 1592 Χριστὸν
1191 1521 1612 1590 τιμωρούμενοι,
1649 1519 1788 1585 ἄξιοι
1824 1522 1916 1574 καὶ

335 1599 502 1669 τιμῆς
532 1600 995 1673 ἐκκλησιαπικῆς
1026 1603 1120 1656 καὶ
1146 1601 1359 1665 εὐνοίας
1385 1602 1552 1668 εἰσίν;
1581 1605 1709 1674 περί
1725 1597 1798 1656 ὧν
1821 1604 1916 1657 καὶ

333 1684 362 1735 ὀ
409 1683 727 1747 Ἀπόστολος
754 1684 919 1753 λέγει’
969 1684 1094 1750 Το’ς
1139 1685 1407 1754 δεσμίοις
1437 1687 1518 1751 ὠς
1555 1686 1914 1756 συνδεδεμέ-

333 1782 448 1832 νοι,
475 1770 589 1831 τοῖς
609 1768 1069 1839 κακουχουμένοις
1099 1769 1474 1839 συγκακουχού
1484 1787 1632 1839 μενοι
1655 1812 1667 1833 ,
1709 1772 1784 1834 ὡς
1822 1774 1916 1826 καὶ

332 1849 488 1902 αὐτοὶ
509 1853 566 1903 ἐν
593 1852 802 1922 σώματι
833 1852 1002 1916 ὀντες.
1039 1851 1236 1921 Τίμιος
1263 1853 1371 1924 γὰρ
1397 1853 1676 1907 ἐναντίον
1694 1856 1914 1922 Κυρίου

333 1936 369 1987 ὀ
408 1934 661 2000 θάνατος
693 1934 814 1988 τῶν
842 1936 1030 1988 ὁσίων
1058 1935 1266 1990 αὑτοῦ.
1304 1937 1363 1988 '0
1390 1936 1637 1990 ‘EHIEK.
1683 1939 1914 2007 Ἀριστα

331 2015 515 2082 εἶπας
544 2021 739 2073 ούκοῦν
762 2020 1015 2074 ἄκουσον.
1045 2023 1106 2074 Οἱ
1133 2022 1232 2092 μὲν
1261 2021 1580 2084 ἐπίσκοποι,
1609 2021 1685 2084 ὡς
1724 2022 1822 2092 μὲν
1855 2025 1914 2076 ἐν

329 2103 586 2174 ἀρχαῖςή
621 2105 775 2174 φήμη
811 2104 1208 2175 περιέδραμεν,
1241 2107 1322 2168 εἰς
1366 2104 1638 2159 Θάλασσαν
1679 2105 1908 2158 ἐποντώ-

331 2185 536 2256 θησανο
575 2187 648 2250 ώς
679 2187 735 2239 δὲ
764 2192 792 2241 ό
826 2187 1034 2260 ἀληθὴς
1079 2187 1324 2260 περιέχει
1363 2187 1539 2256 λόγος,
1590 2190 1671 2252 εἰς
1698 2188 1914 2260 ἐξορίαν

329 2270 622 2343 ὑπερόριον
651 2272 1036 2342 ἀπεστάλησαν
1075 2274 1132 2324 ἐν
1158 2275 1282 2335 ταῖς
1307 2272 1671 2345 βαρϐαρικαῖς
1693 2273 1910 2338 ζώναις,

329 2354 435 2407 ὑπὸ
460 2355 670 2425 δημίων
703 2357 871 2409 εἰσέτι
895 2359 990 2410 καὶ
1015 2356 1110 2410 νῦν
1134 2357 1552 2428 φρουρούμενοι.
1581 2356 1782 2411 Ἐλθὼν
1806 2361 1913 2431 γάρ

325 2456 414 2502 τις
436 2440 760 2505 συνοδεύσας
789 2443 973 2504 αύτοῖς
995 2443 1242 2504 διάκονος
1262 2443 1606 2514 ἀφηγήσατο,
1633 2443 1910 2514 κυριακὸν

331 2523 428 2590 μὲν
458 2524 548 2577 τὸν
583 2523 821 2596 Ἐμέσης
865 2525 1128 2596 ἐνδοτέρω
1177 2526 1507 2596 ὀγδοήκοντα
1556 2527 1796 2596 σημείων
1831 2530 1912 2592 εἰς

326 2608 648 2680 Παλμῦραν,
689 2611 749 2663 τὸ
796 2611 904 2665 τῶν
946 2611 1176 2682 Περσῶν
1222 2611 1500 2682 φρούριον,
1549 2608 1710 2664 εἶναι·
1736 2610 1908 2664 Εύλύ-

328 2711 442 2746 σιον
489 2694 546 2747 δέ
592 2695 836 2765 Βόστρης
870 2695 968 2765 τῆς
1009 2695 1260 2766 ’Λράϐων
1290 2693 1558 2765 ἐσώτερον
1603 2694 1719 2748 ὁδὸν
1739 2694 1910 2766 τριῶν

322 2776 549 2848 ἡμερῶν
599 2779 801 2846 ὁμοίιος
852 2780 932 2842 εἰς
977 2778 1236 2850 φρούριον
1278 2780 1501 2847 Μισφᾶς
1537 2776 1905 2847 καλούμενον,

326 2859 552 2931 πλησίον
590 2861 696 2913 τῶν
745 2863 1108 2933 Σαρακηνῶνι
1153 2861 1449 2915 Παλλάδιον
1495 2861 1551 2914 δέ
1602 2861 1908 2931 Βλεμμύων

321 2943 358 3015 ἢ
406 2943 680 2997 Αἰθιόπων
723 2945 750 2984 δ
799 2945 864 2997 ἐκ
921 2947 1178 3012 γειτόνων
1243 2944 1596 3016 φρουρεῖσθαι
1665 2945 1839 3016 Συήνη
1875 2957 1901 2984 ε

325 3027 661 3098 καλούμενον
706 3028 767 3102 τὸ
810 3029 1028 3099 χωρίον·
1074 3029 1384 3099 Δημήτριον
1413 3029 1520 3081 έσω
1567 3029 1647 3091 εἰς
1691 3030 1903 3093 Ὄασιν,

321 3111 421 3183 τὴν
447 3112 662 3181 γείτονα
682 3112 789 3164 τῶν
816 3112 1097 3177 Μαζίκωνο
1127 3114 1232 3165 εἰσὶ
1252 3112 1359 3183 γάρ
1380 3114 1474 3166 καὶ
1501 3111 1905 3176 ἄλλαιῸάσεις·

321 3195 653 3266 Σαραπίωνα
675 3195 754 3258 δέ,
783 3195 923 3266 μετά
947 3195 1147 3268 μυρίας
1183 3196 1605 3260 ἀναποδείκτους
1638 3213 1906 3266 συκοφαν-

320 3281 464 3345 τίας,
500 3281 744 3350 ὠμότητι
774 3279 1043 3332 δικαστῶν
1079 3280 1507 3351 καθυϐρίσαντες
1532 3281 1811 3351 αἰκισμοῖς
1845 3280 1906 3333 τὸ

323 3365 487 3435 σῶμα
515 3365 708 3435 μέχρις
728 3364 973 3434 ἐκκοπῆς
993 3363 1101 3417 τῶν
1132 3364 1383 3430 ὀδόντων,
1408 3365 1484 3428 ὡς
1509 3364 1686 3432 λόγος,
1708 3366 1789 3428 είς
1806 3364 1906 3436 τὴν

327 3448 463 3501 ἰδίαν
480 3447 712 3517 πατρίδα
733 3446 1090 3519 περιώρισαν.
1121 3445 1364 3519 Ἰλάριος,
1382 3449 1484 3518 ἀνὴ
1491 3465 1522 3519 ρ
1541 3449 1714 3516 ἅγιος,
1739 3465 1907 3520 γεγη-

322 3533 531 3604 ρακὼς,
555 3536 631 3595 εἰς
643 3533 842 3586 Πόντον
861 3533 959 3602 τὴν
976 3533 1239 3587 ἐνδοτάτω
1259 3532 1598 3603 ἐξαπεστάλη
1623 3531 1759 3602 μετὰ
1771 3534 1906 3605 πλη-

322 3618 448 3684 γάς,
465 3617 526 3669 ού
547 3616 824 3679 δικαστοῦ,
848 3617 984 3670 ἀλλά
1004 3616 1097 3668 τοῦ
1119 3617 1343 3687 κλήρου,
1360 3615 1418 3679 ὃς
1439 3615 1904 3670 ὀκτωκαιδέκατον

319 3700 443 3764 ἔτος
471 3701 604 3771 ἔχει,
650 3701 723 3772 μὴ
773 3703 1108 3771 γευσάμενος
1158 3701 1346 3773 ἄρτου,
1390 3700 1562 3770 ψιλῶν
1589 3701 1901 3772 λαχάνωνῆ

322 3785 566 3840 κολύϐων
603 3787 1054 3857 μεταλαμϐάνων.
1088 3785 1377 3849 ’Λντώνιος
1405 3789 1462 3838 ἐν
1491 3785 1777 3854 σπηλαίοις
1805 3787 1904 3856 τῆς

322 3871 687 3940 Παλαιστίνης
705 3872 893 3924 ἐαυτὸν
917 3869 1199 3940 ἐξώρισεν·
1224 3869 1486 3939 Τιμόθεος
1509 3872 1536 3923 6
1557 3870 1904 3941 Μαρωνείας,

322 3955 414 4006 καὶ
454 3953 707 4020 Ἰωάννης
761 3955 789 4006 6
831 3954 932 4022 τῆς
966 3953 1185 4017 Λυδίας,
1232 3952 1448 4020 λέγεται
1476 3955 1533 4005 ἐν
1562 3953 1900 4024 Μακεδονίαο

333 4037 529 4089 Ῥόδων
563 4040 590 4090 ό
632 4038 731 4106 τῆς
767 4037 955 4099 Ἀσίας
977 4077 991 4100 ,
1032 4035 1301 4108 ἐπορεύθη
1343 4037 1399 4088 ἐν
1430 4037 1741 4108 Μιτυλήνῃ·
1766 4037 1905 4108 Γρη-

319 4121 501 4191 γόριος
545 4122 573 4172 6
625 4121 723 4191 τῆς
766 4120 1000 4184 Λυδίας,
1039 4119 1256 4187 λέγεται
1303 4122 1360 4171 ἐν
1395 4120 1628 4191 Φρυγίου
1657 4120 1904 4192 Βρίσσων

319 4203 375 4256 δὲ
403 4207 430 4256 6
464 4205 690 4273 ἁδελφὸς
721 4205 1044 4267 Παλλαδίου,
1079 4202 1321 4266 ἀποστάς
1347 4205 1612 4267 ἑκουσίως
1657 4205 1756 4274 τῆς
1780 4207 1907 4258 ἐαυ-

319 4287 413 4341 τοῦ
444 4287 788 4357 Ἐκκλησίας,
849 4289 904 4340 ἐν
965 4287 1043 4358 τῷ
1092 4287 1321 4358 ἀγριδίῳ
1361 4287 1527 4340 αὐτοῦ
1555 4288 1752 4353 διάγει,
1787 4291 1905 4352 ταῖς

316 4371 508 4442 χερσὶν
541 4371 733 4423 ἐαυτοῦ
772 4371 870 4441 τὴν
904 4371 1009 4440 γῆν
1038 4369 1383 4439 μεταλλεύων
1407 4366 1464 4404 δ’
1494 4371 1805 4439 Λαμπέτιος
1826 4370 1902 4434 δέ,

317 4454 394 4518 ὣς
428 4471 621 4522 φασιν,
661 4455 718 4505 ἐν
764 4452 950 4524 χωρίῳ
993 4453 1190 4515 Λυδίας
1226 4453 1378 4524 παρά
1414 4469 1559 4515 τινος
1588 4453 1905 4524 Ἐλευθέρου

319 4537 807 4608 ἐπικουρούμενος,
843 4541 954 4600 τοῖς
987 4535 1377 4606 ἁναγνώσμασι
1409 4537 1701 4607 προσέχει·
1734 4537 1905 4605 Εύγέ-

318 4620 429 4684 νιός
464 4623 609 4673 ἐστιν
642 4622 699 4672 ἐν
737 4623 802 4691 τῇ
848 4617 1067 4691 πατρίδι
1091 4637 1106 4652 ο
1155 4619 1418 4683 Ἐλπίδιος
1450 4622 1478 4672 6
1511 4619 1682 4689 μέγας
1713 4621 1906 4673 Λαοδι-

319 4702 473 4765 κείας
493 4703 593 4772 τῆς
626 4703 822 4774 Συρίας
847 4704 962 4772 ἅμα
985 4702 1222 4772 Πάππῳ,
1263 4703 1389 4773 τρία
1416 4701 1747 4773 πληροῦνται
1786 4702 1902 4770 ἐτη,

317 4787 417 4856 τήν
459 4786 701 4854 κλίμακα
750 4786 850 4853 τῆς
880 4786 1086 4848 οἰκείας
1125 4785 1185 4837 ού
1239 4784 1535 4854 κατῆλθον,
1577 4789 1907 4856 προσευχαῖς

322 4868 708 4938 σχολάζοντες”
751 4869 1107 4939 Ἠρακλειδᾶς
1149 4871 1177 4920 6
1232 4867 1480 4935 Ἐφέσιος
1518 4867 1574 4919 ἐν
1615 4870 1680 4938 τῇ
1716 4869 1903 4938 εἱρκτῇ

317 4955 418 5024 τῆς
455 4951 823 5021 Νικομηδείας
851 4951 1260 5018 ἐγκέκλεισται,
1290 4951 1581 5021 τετραετῆς
1620 4952 1734 5003 ἐστι
1776 4952 1903 5020 Χρό”

318 5053 425 5101 νος.
468 5037 530 5089 Οἱ
567 5035 621 5088 δὲ
657 5036 834 5088 λοιποὶ
861 5034 968 5086 τῶν
1005 5034 1334 5088 κοινωνικῶν
1367 5033 1700 5096 ἐπισκόπων,
1726 5035 1774 5086 οἱ
1809 5036 1907 5104 μὲν

319 5113 616 5174 ἀνέλπιστα
658 5118 1054 5189 ἐνθυμηθέντες
1080 5159 1093 5179 ,
1129 5117 1488 5187 ἐκοινώνησαν
1531 5117 1759 5186 ’Λττικῷ
1783 5159 1798 5182 ,
1827 5120 1906 5182 εἰς

317 5205 516 5272 ἐτέρας
557 5203 939 5274 μετατεθέντες
987 5201 1316 5272 Ἐκκλησίας
1350 5201 1449 5272 τῆς
1487 5201 1736 5272 Θρᾴκηςσ
1764 5204 1811 5255 οἱ
1851 5203 1908 5257 δέ

320 5287 504 5358 ἄδηλοί
537 5289 706 5339 είσινο
745 5286 1046 5338 ’Λνατόλιον
1085 5285 1140 5337 δέ
1172 5302 1334 5354 φασιν
1367 5279 1505 5336 εἶναι
1543 5285 1600 5335 ἐν
1631 5283 1904 5348 Γαλλίαις.

317 5371 443 5424 Τῶν
478 5372 534 5425 δέ
573 5371 959 5442 πρεσϐυτέρων
996 5370 1044 5422 οἱ
1073 5370 1170 5438 μὲν
1192 5371 1271 5432 εἰς
1307 5368 1562 5439 Ἀραϐίαν
1585 5370 1677 5421 καὶ
1707 5369 1907 5422 Παλαι-

321 5456 508 5526 στίνην
537 5455 976 5524 περιωρίσθησαν
1000 5469 1010 5480 ·
1037 5453 1257 5522 Τίγριος
1280 5451 1338 5504 δὲ
1365 5452 1443 5514 εἰς
1477 5453 1574 5520 τὴν
1616 5452 1786 5522 μέσην
1807 5453 1906 5523 τὴν

324 5537 588 5607 Ποταμῶν
629 5537 991 5608 περιωρίσθη·
1025 5536 1288 5598 Φίλιππος
1332 5534 1680 5604 ἐτελεύτησε,
1720 5535 1906 5604 φυγὼν

318 5621 382 5673 ἐν
420 5622 607 5695 Πόντῳ
637 5639 650 5652 ·
683 5621 938 5690 Θεόφιλος
978 5623 1153 5690 διάγει
1196 5623 1253 5674 ἐν
1295 5619 1639 5692 Παφλαγονία
1668 5637 1690 5663 ι
1724 5621 1897 5675 Ἰωάν-

386 5768 411 5832 f
433 5769 637 5832 {inn'icil
655 5770 884 5832 προήχθη.
909 5765 1068 5827 Bigol.

385 5823 416 5865 1³
437 5830 616 5890 Gecrg.
639 5823 733 5878 τῶν
757 5823 1007 5878 Ᾰῖθιόπων.

386 5892 411 5954 ξ
439 5891 570 5954 Lege
593 5893 657 5948 εἰς
678 5893 872 5949 Συήνην.

382 5949 415 5992 δ
436 5949 616 6015 ὓθῦτε.
640 5954 957 6015 ὀργιζόμενος.

2025 615 2120 684 νης
2163 602 2192 652 ὁ
2237 602 2331 655 τοῦ
2381 605 2602 679 Λίθρίου
2659 611 3015 683 μοναστήριον
3099 613 3492 684 συνεκρότησεν
3557 615 3616 668 ἐν

2021 681 2330 762 Καιπαρείᾳ
2353 697 2395 723 ⁸·
2433 688 2705 757 Στέφανον
2735 693 2814 754 εἰς
2863 681 3120 762 ’Λραϐίαν
3142 681 3482 762 ἐξορισθέντα
3499 695 3615 746 τῶν

2018 761 2228 842 δημίων
2255 764 2579 821 ἀπέσπασαν
2605 772 2653 821 οξ
2688 761 2962 842 Ἱσαυροι,
3003 761 3369 837 ἀπολύσαντες
3395 775 3498 827 ἀνα
3524 773 3617 827 τὸν

2020 841 2268 926 ΙῙῖαῦρον·
2305 847 2628 902 Σαλούστιόν
2658 867 2822 919 φασιν
2851 841 2922 904 ἐν
2964 856 3028 924 τῇ
3078 855 3268 926 Κρήτῃ
3295 873 3307 884 ·
3348 853 3616 906 Φίλιππον

2019 923 2110 975 τὸν
2142 926 2387 998 ἁσκητὴν
2406 969 2421 991 ,
2457 931 2551 982 καὶ
2579 931 2949 1002 πρεσϐύτερον
2989 923 3096 986 τῶν
3128 923 3332 1004 σχολῶν
3356 975 3369 996 ,
3399 933 3614 1003 ηκουσα

2019 1007 2406 1077 ἀρρωστοῦντα
2433 1012 2490 1062 ἐν
2524 1013 2848 1082 Καμπανίᾳ.
2879 1012 3186 1082 Σωφρόνιος
3221 1015 3249 1066 6
3281 1013 3528 1076 διάκονος
3558 1014 3618 1064 ἐν

2019 1085 2231 1158 φυλακῇ
2283 1088 2400 1140 ἐστι
2444 1089 2544 1159 τῆς
2596 1091 2896 1161 Θηϐαΐδος·
2945 1092 3153 1154 Παῦλος
3188 1095 3216 1145 6
3253 1092 3530 1154 διάκονος,
3586 1094 3618 1143 ὀ

2021 1164 2213 1234 βοηθὸς
2252 1168 2344 1220 τοῦ
2396 1171 2716 1240 οἰκονόμου,
2767 1171 2986 1239 λέγεται
3028 1173 3086 1222 ἐν
3128 1171 3360 1242 ’Λφρικῇ
3399 1187 3414 1202 ο
3458 1170 3614 1234 ἄλλος

2019 1245 2248 1309 Παῦλος,
2287 1249 2315 1302 6
2343 1248 2445 1318 τῆς
2485 1249 2860 1314 ’Λναστασίας,
2902 1251 3049 1304 ἐστὶν
3083 1251 3140 1302 ἐν
3171 1250 3572 1320 Ἰεροσολύμοις
3595 1267 3612 1280 υ

2027 1327 2301 1388 Ἐλλάδιος
2355 1331 2382 1381 ό
2432 1330 2837 1401 πρεσϐύτερος,
2890 1333 2918 1384 6
2961 1329 3054 1383 τοῦ
3098 1329 3400 1392 Παλατίου,
3434 1330 3613 1396 διάγει

2013 1405 2074 1458 ἐν
2107 1406 2336 1479 ἀγριδίῳ
2360 1408 2461 1478 τῆς
2493 1409 2742 1474 Βιθυνίας
2781 1409 2916 1481 ἰδίῳ.
2951 1409 3178 1473 Πλείους
3203 1410 3258 1462 δέ
3286 1409 3617 1481 κρύπτονται

2019 1491 2076 1542 ἐν
2102 1489 2692 1552 Κωνσταντινουπόλει,
2725 1489 2875 1544 ἄλλοι
2901 1491 2957 1543 δὲ
2991 1490 3237 1559 ἀπῆλθον
3266 1493 3345 1554 εἰς
3377 1489 3476 1554 τὰς
3505 1508 3613 1543 πα-

2016 1571 2224 1642 τρίδας.
2279 1570 2537 1635 Σιλϐανὸς
2580 1571 2636 1623 δὲ
2679 1572 2708 1624 6
2755 1572 2910 1640 ἆγιος
2951 1573 3250 1634 ἐπίσκοπος
3293 1572 3349 1622 ἐν
3401 1571 3615 1642 Τρωάδι

2018 1653 2194 1718 ἐστὶν,
2227 1651 2459 1706 ἁλιεύων
2487 1652 2580 1705 καὶ
2611 1653 2719 1717 ζῶν
2747 1669 2760 1682 ·
2803 1653 3073 1721 Στέφανος
3095 1655 3123 1706 6
3148 1653 3394 1723 ἀσκητὴς
3413 1692 3427 1714 ,
3457 1654 3485 1705 6
3515 1651 3615 1716 τὰς

2027 1732 2312 1802 Ῥωμαίων
2351 1732 2641 1798 ἐπιστολὰς
2669 1732 3029 1802 διακομίσας,
3069 1734 3127 1787 ἐν
3173 1734 3616 1788 Κωνσταντινουο

2017 1813 2201 1875 πόλει,
2255 1811 2444 1866 τούτου
2486 1812 2650 1865 αὑτοῦ
2691 1813 2875 1866 ἕνεκεν
2917 1813 3249 1884 τυπτηθείς,
3296 1812 3390 1865 ἐπὶ
3437 1812 3613 1882 μῆνας

2015 1892 2145 1944 δέκα
2184 1893 2264 1954 είς
2300 1892 2399 1961 τὴν
2447 1890 2671 1962 εἱρκτὴν
2713 1891 2938 1963 ἐϐλήθη.
2978 1891 3349 1962 Προταθείσης
3381 1892 3424 1945 δ’
3461 1891 3613 1960 αύτῷ

2017 1973 2335 2036 κοινωνίας,
2375 1973 2450 2036 ὡς
2487 1973 2586 2025 ούκ
2614 1971 2874 2042 ἐπείσθη,
2921 1972 3131 2038 ξεσθεὶς
3164 1973 3390 2040 είσάγαν
3417 1972 3516 2037 τάς
3550 1988 3611 2025 τε

2016 2051 2256 2121 πλευρὰς
2283 2052 2378 2105 καὶ
2409 2052 2470 2105 τὸ
2505 2050 2700 2120 στῆθος
2720 2090 2734 2112 ,
2762 2044 2838 2106 ὧν
2867 2053 2976 2120 ἐγὼ
3015 2053 3290 2121 αὐτόπτης
3317 2052 3607 2123 ἐγενόμην,

2013 2133 2078 2201 τῇ
2108 2130 2203 2183 τοῦ
2234 2129 2474 2201 Χριστοῦ
2503 2131 2792 2202 ἐπιμελείᾳ
2835 2131 3120 2195 διασωθεὶς
3157 2133 3285 2194 ἴσως
3320 2133 3397 2194 είς
3431 2131 3613 2184 δευτέ-

2017 2226 2142 2278 ρους
2177 2209 2430 2278 ἀγῶνας,
2470 2211 2608 2278 μετὰ
2662 2210 2795 2264 δέκα
2855 2211 3031 2280 μῆνας
3061 2211 3161 2280 τῆς
3195 2211 3488 2281 θεραπείας
3519 2210 3610 2276 ἐξ·

2012 2289 2227 2359 ωρίσοη
2269 2291 2349 2352 είς
2382 2289 2442 2342 τὸ
2473 2288 2793 2359 Πηλούσιον.
2820 2289 3203 2360 Προϐικιάλιός
3234 2308 3317 2354 τις
3348 2290 3614 2362 στρατιώ-

2011 2385 2112 2438 της
2137 2368 2246 2421 τῶν
2271 2370 2402 2440 περὶ
2426 2369 2518 2424 τὸν
2555 2368 2777 2438 βασιλέα
2804 2369 3010 2440 σχολῶν
3030 2413 3042 2432 ,
3072 2369 3382 2440 διαϐληθεὶς
3412 2370 3488 2432 ὡς
3521 2387 3612 2438 φι-

2011 2447 2179 2519 λητὴς
2220 2449 2469 2502 Ἰωάννου
2496 2493 2510 2513 ,
2564 2448 2700 2520 μετά
2732 2449 2946 2518 πληγὰς
2976 2450 3351 2521 πολυτρόπους
3390 2450 3485 2502 καὶ
3527 2448 3613 2513 ξε-

2012 2529 2148 2594 σμὸν
2179 2529 2372 2599 ἀφειδῆ
2398 2529 2668 2601 ἐξωρίσθη
2700 2531 2778 2595 είς
2812 2531 3043 2602 Πέτρας.
3078 2531 3308 2600 Οἰκέτης
3331 2531 3388 2583 δέ
3427 2530 3612 2583 Ἐλπι-

2008 2607 2120 2660 δίου
2158 2607 2252 2661 τοῦ
2301 2609 2696 2681 πρεσϐυτέρου,
2737 2611 3057 2680 μισθωθεὶς,
3091 2609 3166 2673 ὥς
3200 2627 3369 2678 φασι,
3410 2610 3609 2678 πεντή-

2009 2704 2174 2740 κοντα
2213 2689 2601 2759 νομισμάτων,
2649 2689 2735 2742 ἵνα
2767 2689 2859 2741 τὸν
2903 2689 3058 2756 ἅγιον
3097 2689 3349 2759 Ἰωάννην
3388 2688 3608 2757 δολοφοο

2007 2767 2178 2839 νήσῃ,
2229 2766 2504 2837 φωραθεὶς
2557 2767 2652 2820 ἐπὶ
2702 2768 2878 2838 τούτῳ
2921 2771 3068 2840 τρεῖς
3111 2769 3250 2836 ἐχων
3291 2767 3600 2838 ῥομφαίας.

2007 2844 2202 2898 ἔπαισε
2232 2847 2357 2910 τοὺς
2391 2846 2720 2916 κατέχοντας
2747 2847 2908 2900 αὑτὸν
2940 2846 3080 2900 κατά
3127 2847 3289 2917 μέρος
3319 2847 3459 2900 ἐπτά
3479 2864 3490 2875 °
3524 2840 3602 2899 ὧν

2007 2927 2057 2977 οἱ
2083 2926 2183 2994 μὲν
2217 2926 2482 2998 τέσσαρες
2505 2928 2818 2998 παραυτίκα
2842 2927 3120 2996 ἐτάφησαν
3140 2945 3152 2957 ’
3185 2930 3232 2980 οἱ
3258 2927 3314 2979 δέ
3339 2929 3487 2997 τρεῖς
3513 2928 3606 2980 ἐπὶ

2010 3009 2194 3062 ἱκανὸν
2235 3006 2426 3077 χρόνον
2455 3006 2874 3078 ἐπιμεληθέντες
2907 3005 3225 3076 ἐσώθησαν,
3258 3005 3352 3058 τοῦ
3401 3005 3602 3074 φονέως

2006 3085 2390 3152 ἀπολυθέντος.
2452 3087 2752 3158 Εύτρόπιος
2806 3089 2833 3140 ὀ
2888 3088 3157 3158 μακάριος
3183 3129 3196 3152 ,
3231 3088 3467 3160 ἄφθορος
3494 3086 3601 3141 ἀπὸ

2005 3167 2319 3236 γυναικῶν,
2367 3167 2578 3238 ψάλτης
2601 3210 2614 3231 ,
2663 3168 2959 3238 τυπτηθεὶς
2994 3169 3086 3220 καὶ
3129 3167 3336 3232 ξεσθείς
3375 3171 3601 3236 είσάγαν

2006 3247 2105 3310 τὰς
2138 3245 2378 3318 πλευράς
2408 3249 2505 3300 σὺν
2538 3246 2619 3316 τῷ
2649 3247 2919 3317 μετώπῳ,
2955 3248 3030 3309 ώς
3062 3247 3276 3311 καὶτὰς
3302 3247 3473 3319 ὀφρῦς
3507 3266 3606 3300 κα-

2010 3326 2414 3396 τασπασθῆναι,
2445 3325 2744 3396 λαμπάδων
2774 3326 2923 3398 αὐτῷ
2945 3325 3251 3379 τελευταῖον
3281 3329 3399 3389 ταῖς
3436 3326 3602 3380 πλευ-

2007 3410 2128 3478 ραῖς
2150 3405 2540 3477 ἀμφοτέρωθεν
2562 3409 2789 3476 γυμνοῖς
2831 3406 3038 3471 ὀστέοις
3075 3404 3560 3476 προσπιλωθεισῶν
3580 3406 3601 3446 τ

2006 3486 2438 3555 ἐλαιοκομουσῶν
2457 3487 2505 3549 ε,
2545 3485 2906 3556 προσεκπνέει
2963 3485 3042 3556 τῷ
3093 3484 3253 3555 ξύλῳ,
3287 3487 3475 3552 ταφεὶς
3511 3503 3603 3556 με·

2007 3566 2272 3636 σονυκτίῳ
2300 3565 2450 3635 παρὰ
2473 3564 2582 3616 τῶν
2609 3564 2768 3616 τοῦτο
2796 3564 3113 3634 δρασάντων
3141 3564 3450 3634 ίερατικῶν,
3481 3582 3606 3618 συν-

2005 3645 2556 3716 επιμαρτυρήσαντος
2586 3643 2677 3694 τοῦ
2703 3643 2838 3696 Θεοῦ
2868 3643 2944 3714 τῷ
2972 3643 3188 3714 θανάτῳ
3218 3643 3454 3714 ὀπτασίᾳ
3476 3645 3605 3714 ψαλ.

2005 3725 2203 3778 λόντων
2233 3725 2320 3777 διὰ
2348 3724 2409 3776 τὸ
2446 3723 2767 3793 σύμμορφον
2800 3723 2890 3776 τοῦ
2951 3741 3094 3790 σωττζ
3106 3724 3218 3794 ρίου
3261 3724 3482 3788 πάθους.
3511 3729 3603 3778 Δι-

2006 3808 2252 3876 ηγήσατο
2276 3805 2332 3857 δέ
2364 3806 2392 3856 6
2421 3802 2693 3866 ἀναλύσας
2721 3803 2966 3867 διάκονος
3009 3803 3116 3856 ἀπὸ
3154 3803 3261 3856 τῶν
3291 3805 3603 3858 ἐπισκόπων

2006 3887 2087 3939 ὅτι
2117 3887 2165 3937 οἱ
2199 3885 2490 3954 ἐπαρχικοὶ
2534 3885 2583 3936 οἱ
2624 3883 2902 3952 διάγοντες
2944 3884 3140 3947 αὐτοὺς
3197 3887 3289 3938 ἐπὶ
3344 3885 3602 3939 τοσοῦτον

2005 3965 2227 4035 εθλιψαν
2264 3965 2382 4016 κατ’
2417 3964 2638 4026 ἐντολάς
2668 3983 2852 4028 τινων,
2887 3964 2963 4026 ὼς
2986 3963 3243 4034 εὔχεσθαι
3281 3967 3478 4029 αὐτοὺς
3512 3966 3610 4019 θά-

2004 4062 2163 4099 νατον
2206 4044 2488 4108 ἐπελθεῖν,
2531 4045 2625 4098 καὶ
2675 4045 2736 4098 τὸ
2777 4045 2876 4116 ζῇν
2924 4045 3325 4114 παραιτεῖσθαι.
3372 4044 3454 4098 Τά
3502 4048 3600 4115 μὲν

2004 4128 2114 4198 γὰρ
2139 4128 2196 4178 ἐν
2227 4124 2512 4196 ἀργυρίοις
2541 4123 2904 4194 ἀναλώματα,
2938 4124 2974 4178 ἂ
3009 4123 3149 4177 κατὰ
3181 4123 3277 4194 τὴν
3307 4125 3424 4178 666v
3455 4124 3600 4194 εἰλή-

2005 4223 2232 4278 φεισαν.
2284 4205 2373 4274 ὑφ’
2419 4204 2475 4256 ἐν
2517 4203 2958 4266 ἀποσπάσαντες,
3003 4205 3082 4266 εἰς
3117 4203 3378 4273 ἀλλήλους
3412 4204 3597 4274 διεμε-

2010 4286 2274 4358 ρίσθησαν
2296 4286 2347 4348 ιι,
2377 4285 2561 4354 ξηροῖς
2597 4283 2653 4335 δέ
2682 4286 2794 4347 τοῖς
2831 4282 3130 4350 ὀνοζυγίοις
3165 4283 3596 4354 ἐπιῤῥίπτοντες,

2005 4368 2114 4420 τῶν
2141 4366 2234 4418 δύο
2257 4364 2478 4434 ἡμερῶν
2504 4363 2603 4434 τὴν
2625 4363 2742 4416 όδδν
2775 4362 2902 4432 μίαν
2928 4363 3164 4424 ἐποίουν,
3188 4361 3410 4431 βαθεῖαν
3435 4366 3602 4418 ἐσπέο

2009 4464 2108 4518 ραν
2151 4446 2492 4512 εἰσάγοντες,
2535 4443 2626 4494 καὶ
2656 4442 2837 4513 ὄρθρῳ
2869 4441 3130 4511 σκοτεινῷ
3158 4441 3442 4508 ἐξάγοντες
3464 4485 3478 4506 ,
3522 4442 3597 4506 ώς

2010 4525 2144 4595 μηδέ
2177 4524 2274 4587 τὰς
2309 4523 2498 4584 ἀθλίας
2521 4522 2730 4591 τροφάς
2754 4520 3007 4589 κατέχειν
3035 4521 3124 4573 τὸν
3145 4522 3432 4591 στόμαχον.
3470 4523 3597 4594 Ῥή-

2009 4604 2144 4675 μασί
2169 4621 2230 4654 τε
2265 4604 2509 4672 αἰσχροῖς
2527 4601 2620 4653 καὶ
2642 4599 2899 4669 ἀσέμνοις
2929 4599 3213 4669 βάλλοντες
3233 4602 3333 4654 οῦκ
3361 4601 3600 4670 ἐφείδονσ

2006 4701 2082 4736 το.
2109 4681 2406 4737 Παλλαδίου
2434 4680 2490 4732 δὲ
2519 4680 2613 4732 καὶ¹
2642 4679 2733 4734 τὸν
2755 4679 2920 4732 παῖδα
2947 4679 3260 4748 ἀφείλαντο,
3281 4680 3596 4749 βιασάμενοι

2007 4763 2168 4816 αὑτὸν
2210 4761 2303 4814 καὶ
2344 4761 2722 4830 γραμματεῖον
2766 4759 3042 4812 ἐκθέσθαι.
3084 4760 3392 4830 Δημήτριον
3425 4761 3482 4811 δὲ
3517 4762 3597 4824 είς

2006 4840 2255 4895 τοσοῦτον
2282 4838 2493 4906 έθλιψεν
2523 4832 2599 4900 εἷς
2635 4838 2740 4889 τῶν
2765 4837 3083 4906 διαγόντων,
3116 4839 3190 4900 ώς
3223 4840 3316 4892 καὶ
3343 4839 3588 4912 Ζιϐύνῃί

2009 4921 2226 4992 βαθεῖαν
2272 4918 2507 4990 ἐσπέραν
2560 4916 2837 4978 ἐπελθεῖν,
2896 4917 2950 4978 ὃς
2995 4916 3146 4988 παρὰ
3193 4916 3358 4980 πόδας
3407 4921 3487 4981 εἰς
3536 4919 3596 4972 τὸ

2009 5000 2169 5070 σῶμα
2218 4996 2583 5066 ἐϐασανίσθη,
2634 4996 2921 5058 ἐπωδύνως
2981 4996 3042 5048 τὸ
3097 4997 3196 5067 ζῇν
3254 4997 3592 5068 ἀπορρήξας,

2006 5081 2082 5142 ὡς
2127 5079 2251 5141 τοὺς
2297 5075 2706 5138 ἐπιθειάζοντας
2756 5075 3042 5146 γνωρίζειν
3085 5075 3182 5146 τὴν
3228 5076 3338 5127 τῶν
3384 5075 3594 5147 ὕϐρεων

2006 5160 2200 5226 ποινήν
2224 5172 2239 5187 ·
2274 5155 2626 5226 προειπόντος
2664 5153 2812 5223 αύτῴ
2855 5156 2948 5207 καὶ
2988 5154 3307 5215 Παλλαδίου,
3345 5156 3420 5218 ὼς
3445 5157 3474 5206 ὀ
3504 5157 3594 5209 ἐλ-

2008 5236 2116 5290 θὼν
2141 5235 2442 5306 διηγήσατο
2471 5231 2880 5303 συστρατιώτης
2906 5273 2920 5295 ,
2964 5235 3046 5286 ὅτι
3099 5234 3299 5303 Ἀλλην
3343 5234 3462 5287 ὁδὸν
3495 5237 3593 5306 ούχ

2005 5314 2282 5377 ὁδεύσεις,
2329 5313 2562 5383 οἰκτρικ
2604 5311 2952 5382 τελευτήσας.
2990 5312 3288 5384 Ἐκκλησία
3342 5316 3438 5384 μὲν
3485 5315 3593 5386 γὰρ

2068 5456 2088 5476 ⁸
2113 5453 2294 5514 Georg.
2321 5458 2367 5500 ἐν
2389 5452 2560 5513 Καρίᾳ.

2082 5515 2098 5552 ί
2150 5511 2297 5563 For-ie
2338 5511 2603 5573 legetidilm
2648 5512 3084 5574 προσπελαθεισῶν,
3130 5514 3294 5562 thema
3334 5511 3468 5561 enim
3511 5530 3591 5562 m-

2006 5578 2104 5627 λόω
2126 5579 2218 5625 huc
2241 5575 2479 5638 quadrare
2505 5588 2596 5638 non
2620 5581 2800 5635 potest.

2072 5644 2094 5678 ε
2123 5641 2212 5710 Sic_
2226 5635 2377 5710 eili‘l‘io
2396 5635 2660 5707 recentiqr,
2677 5635 2980 5710 pro‘quupd
2993 5643 3136 5685 antea
3151 5636 3426 5710 legebaluf'.
3441 5637 3592 5710 ἐλασὸο

2007 5701 2269 5764 κωμοςγῶν.
2301 5698 2789 5764 Geprg._co_njeceral
2808 5696 3269 5764 .é).aiq)_xogo_uad’w.
3296 5696 3421 5764 Qnig
3514 5699 3589 5764 Ιςιτ

2008 5757 2151 5823 gaiur
2173 5757 2581 5823 ἐλαιογεμουίσῶνῖ
2602 5757 2871 5823 ιίοῐηροδίμι
2907 5757 3040 5807 eilim
3066 5757 3131 5809 rid
3150 5773 3310 5821 genus
3330 5776 3356 5810 a
3387 5760 3590 5808 Palladii

2010 5814 2271 5875 Cnecilale
2295 5814 2789 5871 lili'nimeabhorre'nl.
2812 5814 2949 5868 Eorr.

2073 5885 2098 5922 Ι]
2126 5887 2304 5945 Georg.
2328 5883 2745 5946 6tepapiaav10,_l_at
2784 5894 2896 5946 ηιοι
2923 5884 3186 5945 ὑποζυγίοις
3206 5897 3294 5946 pro
3315 5885 3587 5946 ὁνοζυγίοις.

2086 5951 2100 5985 ί
2137 5943 2629 6007 ιποιιῖΒιζύῃζΒὶευι
2672 5943 2779 5992 Mox
2806 5944 2983 6009 Georg.
3023 5943 3313 6008 γνῶναιᾯιό
3332 5943 3590 6017 γνωρίζειν.
