4122 6386
509 456 573 509 7;
1818 447 2132 501 PALLAIMI
2167 445 2512 500 umwcus
3703 448 3777 506 τι

505 574 567 626 τὸ
615 570 831 625 σύνολον
887 569 1206 640 πλησιάζειν
1265 569 1364 621 οῦκ
1416 567 1543 620 εῐων
1567 606 1582 628 ,
1644 566 2006 628 καταλύοντες
2056 564 2090 635 ἦ

505 657 564 710 ἐν
612 654 947 725 πανδοκείοις
967 694 983 717 ,
1028 650 1156 705 ἔνθα
1211 649 1495 722 ἑταιρίδων
1529 649 1733 720 πλῆθος
1756 691 1771 711 ,
1805 648 1838 719 ἢ
1885 651 1943 700 ἐν
1971 650 2093 711 ταῖς

508 739 855 805 συναγωγαῖς
905 734 1262 807 Σαμαρειτῶν
1294 734 1328 804 ἢ
1358 733 1661 798 Ἰουδαίων,
1710 732 1945 804 μάλιστα
1987 732 2095 785 ἀπὸ

506 820 725 891 Ταρσοῦ
746 862 761 884 ,
794 820 889 873 καὶ
918 822 1035 872 ἐκεῖ
1065 818 1139 882 ὡς
1170 817 1702 890 στενοχωρουμένους
1732 816 1927 879 αὐτοὺς
1946 854 1962 880 ,
1998 817 2094 869 καὶ

505 904 690 974 ἔτερόν
713 920 766 955 τι
793 905 994 956 ἐννοεῖν
1014 911 1056 964 ⁸,
1078 897 1189 972 δῆν
1217 901 1573 972 ἀπρονόητον,
1607 900 1770 968 Λέγει
1798 900 1857 953 δὲ
1886 892 1966 963 εἷς
1988 898 2093 952 τῶν

507 986 822 1041 ἐπισκόπων
842 1002 856 1016 ⁸
876 985 942 1039 Τί
974 984 1289 1055 λυπούμεθα
1311 985 1440 1055 περὶ
1461 984 1570 1037 τῶν
1591 983 1987 1051 καταγωγίωνς
2018 983 2093 1053 μὴ

506 1071 615 1141 γὰρ
654 1070 738 1139 ἐφ’
772 1071 903 1141 ἡμῖν
945 1071 1062 1123 ἐστι
1109 1068 1212 1121 ποῦ
1272 1071 1484 1139 μεῖναι,
1531 1069 1618 1121 ἶνα
1660 1067 1838 1140 οἰκείᾳ
1885 1066 2133 1138 αἱρέσει(

507 1151 942 1224 ἀσχημονοῦντες
959 1193 971 1211 .
1007 1152 1162 1215 δίκας
1194 1151 1551 1222 ὀφλήσωμεν;
1578 1152 1612 1222 ἢ
1639 1153 1740 1205 ούκ
1767 1150 1946 1204 οἴδατε
1964 1191 1980 1213 ,
2009 1151 2093 1203 ὃτι

505 1235 681 1287 ταῦτα
713 1234 889 1287 πάντα
924 1234 1019 1287 καὶ
1046 1234 1335 1303 γεγένηται
1368 1236 1460 1287 καὶ
1484 1235 1800 1303 γενήσεται,
1828 1231 1924 1286 τοῦ
1955 1230 2091 1286 Θεοῦ

504 1320 594 1372 διὰ
631 1321 853 1373 πάντων
894 1315 1287 1387 δοξαζομένους
1328 1318 1499 1371 Πόσαι
1519 1317 1724 1371 τούτων
1746 1316 1856 1370 τῶν
1885 1315 2093 1387 ἑταιρί-

502 1401 613 1455 δων
650 1401 818 1473 λήθην
868 1399 1006 1453 Θεοῦ
1035 1399 1294 1453 λαὸοῦσαι
1315 1441 1329 1463 ,
1360 1400 1393 1471 ἢ
1429 1401 1528 1472 τὴν
1556 1400 1731 1472 ἀρχὴν
1763 1400 1894 1472 μηδέ
1933 1398 2093 1470 γνοῦ-

509 1503 639 1549 σαι,
669 1488 820 1557 ἡμᾶς
852 1484 997 1539 οὕτω
1029 1484 1385 1555 θεασάμεναι,
1426 1486 1509 1549 εἰς
1533 1486 1696 1554 φόδον
1722 1484 1857 1539 Θεοῦ
1886 1486 1982 1539 καὶ
2004 1484 2091 1537 ἔν-

506 1587 654 1625 νοιαν
676 1566 859 1642 ἦλθον,
894 1570 1024 1634 ἴσως
1052 1569 1146 1623 ἐπὶ
1180 1570 1240 1623 τὸ
1275 1572 1517 1641 κρεῖττον
1559 1571 1887 1640 τραπεῖσαι-,
1918 1568 1952 1639 ἢ
1986 1568 2090 1622 κᾶν

506 1654 598 1707 ἐπὶ
631 1654 691 1707 τὸ
722 1656 901 1724 χεῖρον
936 1651 1010 1724 μὴ
1033 1651 1508 1724 καταρρεύσασαι;
1539 1652 1613 1704 Ού
1644 1651 1839 1722 μικρὸν
1865 1650 1922 1704 δὲ
1944 1651 2087 1723 ψυχῇ

505 1736 699 1807 λογικῇ
728 1733 835 1788 ὑπὸ
866 1736 1073 1798 πάθους
1093 1735 1409 1807 κακουμένῃ
1444 1736 1537 1788 καὶ
1572 1734 1769 1807 μικρὸν
1820 1733 2088 1788 ἀναπνεῦ-

509 1818 659 1880 σαιὶ,
674 1821 812 1890 ὅπερ
826 1819 972 1872 ἐστὶν
988 1816 1233 1889 ἐναυσμα
1250 1817 1604 1889 σωφροσύνης
1616 1835 1629 1847 ·
1644 1818 1719 1882 ὡς
1735 1817 1907 1871 ταῦτα
1925 1829 1948 1857 ο
1969 1820 2092 1872 ὐπο-

508 1905 708 1958 στάντα
730 1904 904 1958 εἰπεῖν
925 1901 1018 1955 τὸν
1047 1902 1092 1953 ίε
1101 1901 1371 1972 ροφάντην
1393 1899 1605 1954 Παῦλον
1628 1921 1643 1934 ·
1665 1900 1925 1968 Χριστοῦ
1944 1903 2088 1955 εὐω-

507 1987 606 2039 δία
621 1985 810 2055 ἐσμέν
826 1985 897 2039 έν
912 1984 1037 2049 τοῖς
1055 1982 1409 2053 σωζομένοις
1422 1983 1521 2038 καὶ
1533 1985 1602 2037 έν
1615 1983 1737 2049 τοῖς
1752 1984 2092 2054 ἀπολλυμέ-

503 2086 657 2135 ⁴νοις,
693 2067 791 2121 διὰ
830 2067 898 2120 τὸ
923 2066 1171 2134 θέατρον
1193 2065 1554 2136 γεγενῆσθαι
1586 2064 1864 2136 ἀγγέλοις
1900 2082 1962 2119 τε
1989 2068 2087 2121 καὶ

504 2151 857 2219 ἀνθρώποις.
893 2150 988 2213 Εἰς
1008 2148 1262 2204 τοσοῦτον
1294 2149 1351 2203 δὲ
1379 2149 1662 2220 ὠμότητος
1689 2151 1739 2202 οί
1765 2148 1905 2202 κατά
1926 2148 2089 2202 τόπον

505 2231 802 2305 ἦκμισανά
838 2233 1123 2286 ἐπίσκοποι
1152 2232 1262 2287 τῶν
1296 2233 1626 2287 κοινωνικῶν
1654 2232 1911 2302 Θεοφίλου
1947 2232 2087 2285 κατὰ

504 2319 604 2388 τὴν
631 2315 919 2387 Ἀνατολην
953 2317 1149 2381 πᾶσαν,
1174 2315 1249 2379 ὼς
1265 2315 1449 2385 ἔλεγεν
1472 2319 1505 2371 6
1530 2314 1701 2370 ἐλθὼν
1731 2314 1993 2388 ἀσκητὴς,
2014 2314 2089 2378 ὡς

505 2402 657 2463 τινὰς
687 2399 868 2454 αύτῶν
906 2400 1027 2469 ούχὶ
1062 2399 1222 2470 μόνον
1264 2398 1339 2471 μὴ
1367 2398 1705 2464 ἐνδείξασθαι
1742 2399 1840 2471 τὴν
1876 2397 2089 2468 ὀφειλο-

509 2485 678 2556 μένην
716 2482 1101 2554 σωφροσύνην,
1140 2482 1277 2535 ἀλλὰ
1320 2484 1416 2536 καὶ
1460 2484 1598 2553 μετὰ
1639 2482 1825 2554 δώρων
1883 2482 2088 2536 πείθειν

504 2569 631 2630 τοὺς
664 2567 998 2638 ἐπαρχικοὺς
1026 2565 1210 2635 τάχιον
1233 2564 1539 2629 ἐξελαύνειν
1559 2566 1669 2619 τῶν
1702 2566 1929 2620 πόλεων.
1965 2566 2089 2619 Εἰσὶ

505 2658 563 2711 δὲ
609 2659 659 2712 οἱ
708 2658 944 2727 μάλιστα
988 2657 1148 2711 τοῦτο
1196 2658 1576 2729 πεποιηκότες,
1615 2661 1645 2713 6
1679 2658 1894 2732 Ταρσοῦ
1934 2661 2030 2713 καὶ
2061 2662 2090 2714 ό

521 2750 879 2820 Ἀντιοχείας,
911 2750 1006 2803 καὶ
1036 2749 1292 2818 Εύλόγιος
1320 2752 1349 2804 6
1374 2750 1707 2822 Καισαρείας
1749 2751 1851 2823 τῆς
1886 2752 2089 2806 Παλαι-

509 2842 713 2913 στίνης,
747 2843 775 2895 ὃ
811 2858 869 2894 τε
900 2840 1176 2912 Ἀγκύρας
1198 2840 1307 2913 πρὸ
1333 2841 1574 2907 πάντων,
1597 2843 1691 2897 καὶ
1724 2843 2032 2915 Ἀμμώνιος
2061 2847 2090 2899 6

506 2930 601 2984 τοῦ
642 2930 945 3001 Πηλουσίου
972 2969 987 2992 ,
1028 2929 1187 2983 τοῦτο
1223 2930 1323 3001 μὲν
1359 2930 1557 3000 δόμασι
1582 2942 1627 2998 ο,
1660 2932 1818 2987 τοῦτο
1848 2933 1907 2987 δὲ
1930 2934 2085 2988 ἀπει-

507 3022 627 3099 λαῖς
681 3021 838 3075 πλέον
884 3022 1005 3074 κατ’
1043 3020 1223 3073 αὐτῶν
1262 3021 1386 3083 τοὺς
1421 3019 1707 3089 διάγοντας
1753 3023 2089 3096 στρατιώτας

508 3112 906 3185 ἐξαγριοῦντες,
945 3111 1032 3165 ἵνα
1059 3113 1196 3183 μήτε
1228 3112 1353 3174 τοὺς
1381 3111 1493 3167 τῶν
1523 3111 1860 3184 βουλομένων
1888 3114 2090 3168 λαῖκῶν

508 3205 849 3276 ἐπιδέχεσθαι
878 3206 1075 3270 αὐτοὺς
1098 3204 1476 3275 συγχωρῶσιν,
1500 3205 1685 3271 καθὼς
1705 3209 1762 3261 ἐν
1785 3210 1907 3271 ταῖς
1959 3207 2090 3261 καθ-

507 3297 718 3362 ολικαίς
735 3297 938 3369 γράφει
964 3298 1110 3368 Γαΐῳ
1142 3300 1171 3351 6
1207 3295 1476 3370 μακάριος
1504 3297 1755 3367 Ἰωάννης
1782 3297 1924 3352 κατά
1944 3314 2091 3363 τινος

509 3392 809 3445 ἐπισκόπου
836 3431 849 3451 .
894 3390 1290 3461 ἀποδεχόμενος
1339 3390 1434 3443 τοῦ
1487 3390 1650 3445 Γαΐου
1693 3390 1754 3444 τὸ
1794 3390 2088 3461 ξενοδόχον,

510 3478 845 3551 παρακαλῶν
872 3479 1033 3533 αὑτὸν
1071 3479 1145 3551 μὴ
1192 3478 1477 3550 μιμεῖσθαι
1512 3480 1639 3543 τοὺς
1681 3481 1952 3553 πονηροὺς
1982 3480 2091 3536 τῶν

510 3574 846 3629 ἐπισκόπων.
880 3573 1036 3643 Ἔχει
1084 3573 1143 3625 δέ
1181 3589 1300 3635 πως
1327 3574 1361 3644 ἡ
1393 3572 1539 3637 λέξις
1557 3587 1571 3601 ·
1599 3572 1759 3635 Fam)
1786 3571 2090 3642 ἀγαπητῷ,

511 3663 579 3718 6r
601 3662 716 3734 ἐγὼ
742 3659 950 3731 ἀγαπῶ
966 3662 1038 3715 ἐν
1062 3662 1334 3729 ἀληθείᾳ.
1365 3660 1671 3731 Ἀγαπητέ,
1695 3662 1825 3731 περὶ
1852 3661 2094 3716 πάντων

510 3755 764 3825 εὔχομαί
815 3770 890 3809 σε
921 3752 1282 3808 εὐοδοῦσθαι
1313 3753 1412 3808 καὶ
1439 3754 1758 3824 ὑγιαίνειν,
1782 3753 1976 3819 καθὼς
1994 3756 2091 3808 εύ-

512 3850 758 3906 οδοῦταί
769 3866 886 3904 σου
908 3851 946 3919 η
964 3848 1154 3919 ψυχή.
1174 3847 1435 3918 Ἔχάρην
1452 3848 1563 3919 γὰρ
1574 3849 1737 3915 λίαν,
1758 3847 2095 3918 ἐρχομένων

512 3944 694 3998 τινῶν
711 3943 811 4008 καὶ
833 3942 1246 4012 διηγουμένων
1253 3959 1378 4012 μοι,
1391 3941 1481 3995 ὅτι
1500 3941 1570 3996 ἐν
1583 3942 1834 4010 ἀληθείᾳ
1848 3956 2094 4010 περιπα-

510 4035 635 4100 τεῖς
651 4075 666 4099 ,
695 4034 794 4089 καὶ
828 4035 923 4104 ἐφ’
944 4030 1034 4102 οἷς
1059 4034 1412 4101 ἀνέπαυσας
1435 4034 1577 4101 τοὺς
1597 4034 1825 4104 ἁγίους.
1844 4032 2096 4094 Μείζονα

512 4128 739 4195 ταύτης
778 4127 972 4197 χαρὰν
998 4129 1109 4182 οὐκ
1146 4125 1283 4196 ἔχω.
1319 4126 1601 4200 Ἐπιςρέρει
1637 4126 1694 4180 δέ
1738 4125 1877 4198 μετὰ
1896 4124 2054 4179 τοῦτο
2078 4143 2091 4156 ·

517 4216 795 4289 Ἔγραψα
810 4217 885 4288 τῇ
910 4218 1243 4286 Ἐκκλησία
1265 4235 1280 4248 ·
1301 4218 1440 4272 ἀλλ’
1456 4221 1490 4272 ό
1512 4218 1972 4286 φιλοπρωτεύων
1990 4219 2097 4273 αὐ-

514 4310 634 4366 τῶν
645 4311 987 4381 Διοτρεφὴς,
1005 4313 1117 4365 οὐκ
1133 4308 1468 4378 ἐπιδέχεται
1491 4309 1669 4380 ἡμᾶς,
1684 4311 1890 4379 λόγοις
1908 4327 2095 4377 πονη-

509 4402 642 4472 ροῖς
651 4402 940 4472 φλυαρῶν
957 4412 975 4432 ⁸
986 4402 1083 4455 καὶ
1097 4400 1183 4471 μὴ
1198 4401 1568 4471 ἀρκούμενος
1581 4401 1679 4455 ἐπὶ
1696 4403 1947 4467 τούτοις,
1959 4401 2097 4454 οὔτε

514 4492 698 4559 αὐτὸς
728 4492 1063 4562 ἐπιδέχεται
1081 4492 1224 4556 τοὺς
1241 4490 1566 4560 ἀδελφοὺς,
1590 4492 1686 4545 καὶ
1718 4491 1856 4557 τοὺς
1878 4492 2098 4556 βουλο-

511 4586 737 4654 μένους
769 4585 985 4638 κωλύει
1007 4623 1022 4645 ,
1063 4584 1161 4637 καί
1186 4584 1256 4637 ἐκ
1284 4582 1394 4651 τῆς
1428 4583 1759 4649 ἐκκλησίας
1789 4580 2093 4635 ἐκϐάλλει.

516 4672 634 4730 Εἶθ’
662 4676 885 4747 ’ύστερον
917 4678 1192 4747 παραινεῖ,
1222 4675 1395 4743 λέγων
1420 4692 1435 4706 ·
1470 4672 1891 4744 Ἀγαπητέ,μὴ
1916 4673 2099 4742 μιμοῦ

515 4768 585 4823 τὸ
620 4767 809 4821 κακόν
830 4787 841 4798 ·
874 4769 908 4821 ὁ
930 4768 1040 4838 γὰρ
1072 4766 1450 4835 ἀγαθοποιῶν
1472 4768 1543 4821 ἐκ
1579 4766 1685 4821 τοῦ
1720 4765 1869 4821 Θεοῦ
1895 4766 2096 4819 ἐστιν·

519 4861 552 4911 ό
585 4855 924 4911 κακοποιῶν
950 4858 1063 4927 οὺχ
1092 4857 1311 4926 ἑώρακε
1335 4856 1444 4911 τὸν
1460 4857 1627 4911 Θεόν.
1665 4854 2102 4927 Ἐμνημονεύσα-

522 4965 621 5017 μεν
650 4947 708 5002 δέ
746 4946 842 5001 τοῦ
886 4947 1049 5019 ῥητοῦ
1085 4946 1207 5001 ὅλου
1256 4946 1357 5017 τῆς
1400 4945 1637 5010 παλαιᾶς
1672 4944 1934 5017 πονηρίας
1953 4982 1969 5008 ,
2013 4944 2102 4998 ἵνα

518 5040 627 5093 τῶν
680 5039 774 5095 νῦν
835 5039 1143 5112 Διοτρεφῶν
1198 5039 1635 5110 παραστήσωμεν
1695 5038 1795 5109 τὴν
1851 5036 2096 5107 γνώμην.

532 5131 750 5203 Ἐπῄνει
775 5131 832 5184 δὲ
858 5132 956 5185 καὶ
988 5128 1265 5199 ἐθαύμαζε
1300 5131 1399 5201 τῆς
1423 5129 1682 5201 δευτέρας
1704 5128 2101 5192 Καππαδοκίας

519 5222 646 5285 τοὺς
676 5220 1039 5284 ἐπισκόπους,
1076 5220 1154 5284 ὼς
1188 5220 1323 5274 πολὺ
1356 5220 1796 5290 συναλγήσαντας
1826 5221 1964 5292 μετὰ
2003 5221 2101 5275 δα-

523 5310 705 5381 κρύων
749 5313 861 5375 τοῖς
910 5309 1268 5382 ἐξορισθεῖσιν
1321 5310 1676 5375 ἐπισκόποις,
1726 5310 1964 5381 μάλιστα
2011 5310 2101 5364 τὸν

522 5401 929 5457 ἐπιεικέστατον
956 5400 1232 5473 Θεόδωρον
1258 5399 1368 5455 τῶν
1388 5401 1642 5462 Τυάνων,
1673 5401 1766 5454 καὶ
1801 5401 2101 5473 Βοσπόριον

522 5493 827 5557 Κολωνείας
848 5532 862 5557 ,
908 5492 1502 5563 τεσσαρακοστοόγδοον
1538 5492 1660 5556 ἔτος
1701 5491 1892 5566 ἔχοντα
1934 5495 1991 5546 ἐν
2031 5494 2098 5565 τῇ

584 5652 609 5679 ³
631 5652 808 5711 Georg.
824 5651 1089 5707 ἐννοηθῆναι
1107 5655 1330 5712 προῆγον.

589 5713 615 5751 b
644 5708 784 5760 Ideni
798 5711 1089 5774 κρατουμένη
1110 5708 1191 5758 καὶ
1212 5708 1358 5774 ῥοπὴν
1378 5708 1686 5774 ᾂναπνεῦσαι.

588 5778 608 5802 ε
639 5774 718 5821 Sic
738 5786 766 5819 ο
788 5771 894 5819 uid.
919 5771 1175 5834 vt'Gem-g.
1200 5771 1532 5834 festiluimgs;
1556 5771 1816 5834 legebatur
1835 5773 1987 5821 πάντα

590 5834 617 5876 d
640 5836 817 5892 Georg.
842 5836 1045 5895 ἒθλιψαν.
1073 5833 1202 5881 ιιύιι.
1226 5834 1428 5890 ἤλασαν.
1451 5832 1611 5894 Bigot.

524 5922 527 5925 λ
606 5898 621 5920 ⁸
648 5899 842 5954 Aci-pnas
867 5898 1045 5956 Georg.

2197 565 2489 636 ἐπισκοπῇ,
2507 565 2601 618 καὶ
2623 564 2943 636 Σεραπίωνα
2970 564 3059 619 τὸν
3095 565 3472 637 Ὀστρακίνης,
3502 582 3777 639 τεσσαρα-

2196 649 2614 721 κοστοπέμπτον
2641 649 2762 713 έτος
2792 650 2983 719 ἔχοντα
3004 653 3062 702 ἐν
3093 652 3166 722 τῇ
3192 650 3291 722 τῆς
3326 650 3633 721 ἐπισκοπῆς
3662 651 3780 707 λει-

2194 734 2442 806 τουργίᾳ.
2490 733 2668 798 Ἐνεὺς
2707 734 2765 787 δέ
2811 735 3104 804 γενόμενος
3145 733 3377 788 ἐπιπολὺ
3425 735 3456 786 6
3500 733 3778 806 Θεόδωρος

2195 813 2349 871 εἷπε·
2384 818 2449 871 Τί
2489 814 2583 873 οὖν
2625 816 2859 889 ἐροῦμεν
2903 817 3038 887 πρὸς
3061 816 3262 879 ταῦτα,
3300 818 3514 888 Πάτερ;
3542 816 3629 888 Μὴ
3664 814 3775 891 ἄρα

2194 907 2396 976 ἐσχάτη
2424 904 2547 979 ὥρα
2572 906 2741 969 ἐστὶν,
2775 906 2872 959 καὶ
2896 908 2929 975 ή
2962 904 3269 958 ἀποστασία
3290 944 3305 967 ,
3344 907 3487 958 κατὰ
3505 904 3597 957 τὸν
3624 903 3777 960 Παῦ-

2193 990 2319 1053 λον,
2352 990 2443 1044 διὰ
2474 989 2681 1044 τούτων
2717 989 2985 1060 λαμϐάνει
3024 989 3125 1060 τὴν
3151 988 3391 1052 εἴσοδον,
3429 987 3530 1041 ἵνα
3555 988 3778 1044 λοιπὸν

2191 1073 2594 1144 ἀποκαλυφθῇ
2619 1077 2653 1129 ό
2673 1072 2805 1141 υίὸς
2828 1071 2937 1141 τῆς
2964 1074 3264 1138 ἀπωλείας
3285 1075 3317 1126 ό
3335 1071 3772 1141 ἀντικείμενοςς

2194 1155 2269 1211 Τὸ
2306 1158 2413 1229 γὰρ
2449 1161 2576 1222 τοὺς
2624 1160 2830 1220 κακοὺς
2877 1157 3168 1227 εὐημερεῖν
3204 1156 3298 1209 καὶ
3347 1153 3773 1226 διαπράττεσθαι

2191 1242 2368 1298 ταῦτα
2403 1244 2497 1296 καὶ
2538 1241 2807 1313 χρονίζειν
2846 1242 2940 1295 καὶ
2975 1239 3219 1310 τίσχύειν,
3266 1240 3362 1292 καὶ
3407 1238 3534 1301 τοὺς
3575 1238 3774 1301 καλοὺς

2193 1325 2469 1380 θλίϐεσθαι
2502 1327 2598 1379 καὶ
2633 1324 3010 1396 λεηλατεῖσθαι
3030 1364 3045 1389 ,
3087 1325 3165 1388 εἰς
3191 1322 3396 1393 φρίκην
3432 1337 3501 1391 με
3532 1320 3655 1390 ἄγει
3676 1320 3773 1375 τοῦ

2192 1409 2509 1481 πλησιάζειν
2562 1410 2790 1462 ἐκεῖνον.
2833 1410 2892 1461 ὐ
2930 1407 3176 1461 ἘΠΙΣΚ.
3211 1404 3459 1459 Μάλιστα
3512 1404 3613 1475 μὲν
3654 1398 3771 1465 οὖν,
3838 1469 3847 1476 ο

2195 1492 2559 1557 συνετώτατε,
2587 1491 2755 1561 ἐγγύς
2785 1495 2900 1545 ἐστι
2929 1491 2990 1544 τὸ
3018 1490 3172 1554 τέλος
3189 1529 3205 1550 ,
3236 1489 3379 1543 κατὰ
3398 1488 3488 1543 τὸν
3511 1487 3767 1541 είπόντω

2191 1577 2426 1641 Παιδία,
2454 1575 2681 1644 ἐσχάτη
2709 1574 2830 1643 ὥρα
2853 1573 3026 1628 ἐστίν
3046 1588 3065 1604 ·
3098 1575 3198 1627 καὶ
3221 1572 3361 1627 κατὰ
3387 1572 3479 1637 τὸ,
3526 1569 3774 1639 Ἐξῆλθε

2192 1658 2260 1712 δέ
2288 1661 2322 1713 ό
2358 1659 2790 1725 οἰκοδεσπότης
2819 1657 2952 1726 περὶ
2984 1655 3145 1725 ὤραν
3182 1654 3513 1723 ἑνδεκάτην
3550 1652 3773 1723 μισθώ-

2192 1745 2416 1796 σασθαι
2456 1741 2709 1811 ἐργάτας
2748 1744 2836 1808 είς
2874 1741 2981 1794 τὸν
3020 1737 3377 1810 ἀμπελῶναο
3416 1739 3450 1808 ἡ
3484 1737 3541 1791 δέ
3568 1736 3772 1807 ἐσχάτη

2189 1823 2298 1876 τῶν
2322 1823 2529 1878 δώδεκα
2547 1824 2694 1878 ἐστὶν
2716 1826 2752 1896 ἡ
2771 1823 3076 1878 τελευταία.
3103 1822 3167 1875 Εἰ
3196 1822 3254 1876 δέ
3279 1821 3384 1892 πρὸ
3405 1819 3772 1892 τετρακοσίων

2190 1906 2328 1960 ἐτῶν
2369 1908 2583 1978 εῐρηται
2627 1907 2775 1978 παρὰ
2796 1906 2889 1960 τοῦ
2930 1906 3253 1960 Ἀποστόλου
3306 1904 3512 1975 ἐσχάτη
3533 1944 3548 1969 ,
3592 1901 3775 1974 πολλῷ

2194 1990 2393 2061 μᾶλλον
2429 1990 2524 2045 νῦν
2562 1991 2650 2045 διὰ
2690 1991 2887 2045 πάντα.
2926 1990 3155 2042 Ἔπειτα
3196 1988 3253 2041 δέ
3297 1989 3392 2041 ἀπ’
3435 1986 3612 2058 ἀρχῆς
3657 1987 3772 2038 ἐστι

2189 2076 2363 2129 ταῦτα
2408 2076 2549 2129 κατὰ
2589 2074 2935 2145 συγχώρησιν
2972 2072 3067 2126 τοῦ
3104 2073 3310 2145 Κυρίου
3355 2073 3435 2135 είς
3475 2071 3773 2142 γυμνάσιον

2189 2157 2299 2212 τῶν
2334 2157 2504 2225 ἁγίων
2525 2199 2539 2220 ,
2574 2156 2908 2223 ἐξαιτοῦντος
2934 2158 3129 2220 αὐτοὺς
3159 2155 3254 2210 τοῦ
3283 2155 3561 2216 διαδόλου.
3590 2152 3773 2218 καθὼς

2190 2242 2335 2311 λέγει
2363 2245 2392 2295 6
2423 2242 2689 2313 σωτήριος
2722 2242 2899 2310 λόγος·
2934 2242 3152 2311 Σίμων,
3186 2242 3404 2310 Σίμων,
3432 2237 3773 2307 ἐξῃτήσατο

2190 2325 2345 2396 ὑμᾶς
2369 2329 2402 2381 ό
2424 2326 2717 2394 Σατανᾶς,
2742 2328 2848 2382 τοῦ
2877 2325 3151 2383 σινιάσαι
3174 2326 3255 2391 ὡς
3293 2325 3399 2380 τὸν
3425 2324 3603 2378 σῖτον
3619 2340 3632 2353 ο
3657 2318 3773 2390 ἐγὼ

2188 2410 2257 2464 δὲ
2274 2410 2533 2481 ἐδεήθην
2558 2412 2689 2481 περὶ
2715 2412 2853 2478 σοῦ,
2871 2413 2972 2466 ἵνα
2990 2410 3077 2481 μὴ
3099 2411 3320 2477 ἐκλίπῃ
3342 2409 3381 2475 η
3406 2410 3611 2473 πίστις
3631 2422 3772 2460 σου.

2189 2504 2299 2557 Καὶ
2326 2503 2387 2556 ού
2416 2503 2635 2567 πάντως
2666 2504 2795 2575 περὶ
2830 2504 2993 2575 μόνου
3022 2502 3229 2574 Πέτρου
3262 2500 3505 2572 δεδέηται
3543 2498 3769 2569 ἰησοῦςο

2189 2592 2324 2646 ἀλλὰ
2349 2596 2479 2665 περὶ
2509 2593 2726 2647 πάντων
2758 2592 2868 2646 τῶν
2904 2591 3003 2664 τὴν
3042 2593 3251 2662 Πέτρου
3285 2590 3469 2643 πίστιν
3503 2589 3771 2659 ἐχόντων,

2187 2684 2340 2738 οὐδὲν
2360 2684 2544 2756 ἕτερον
2572 2683 2949 2756 αίνισσομένου
2977 2683 3073 2737 τοῦ
3112 2666 3395 2746 κοσκίνου,
3425 2681 3459 2752 ἢ
3493 2679 3585 2734 τὸν
3616 2677 3774 2752 περί.

2188 2791 2334 2843 γειον
2364 2773 2563 2828 κύκλον
2596 2774 2800 2845 ἡδονῶν
2844 2775 2938 2829 καὶ
2978 2772 3178 2827 ὀδυνῶν
3219 2771 3678 2844 πεπληρωμένον,
3703 2770 3777 2823 δι’

2188 2858 2263 2920 ὧν
2289 2866 2365 2929 ὡς
2389 2867 2457 2919 δι’
2481 2865 2630 2919 ὀπῶν
2660 2867 3014 2921 ἐκπίπτουσιν
3040 2866 3092 2919 οί
3123 2864 3345 2935 γεώδεις
3383 2863 3491 2918 ἀπὸ
3521 2861 3615 2915 τοῦ
3645 2877 3772 2931 τρο·

2190 2956 2354 3028 φίμου
2385 2958 2533 3011 σίτου
2552 2958 2645 3011 ἐπὶ
2662 2958 2751 3011 τὸν
2776 2956 2931 3028 ᾅδην,
2949 2956 3025 3021 ὡς
3051 2956 3159 3010 άπὸ
3177 2953 3554 3027 τρυπημάτων
3576 2952 3775 3022 διαχω-

2194 3043 2467 3118 ριζόμενοι
2483 3064 2500 3079 ο
2526 3047 2635 3101 τῶν
2666 3047 2764 3119 μὲν
2787 3047 3147 3121 διαῤῥεόντων
3174 3046 3249 3111 ὡς
3277 3045 3343 3099 δι’
3368 3044 3508 3114 όπῆς
3544 3043 3647 3113 τῆς
3674 3058 3776 3111 γα-

2192 3139 2581 3211 στριμαργίας,
2615 3133 2703 3195 ὧν
2733 3142 2767 3195 ό
2795 3140 2940 3205 Θεὸς
2961 3140 2999 3208 ἡ
3026 3138 3262 3192 κοιλία⁸
3296 3135 3405 3191 τῶν
3442 3135 3501 3189 δὲ
3535 3134 3625 3189 διὰ
3652 3132 3776 3202 φιλ-

2188 3229 2426 3299 ηδονίας,
2453 3231 2581 3301 περὶ
2605 3223 2680 3283 ὧν
2707 3232 2736 3284 6
2766 3229 3050 3301 προφήτης
3085 3227 3235 3297 λέγει
3258 3245 3272 3258 ·
3299 3226 3601 3295 Πνεύματι
3625 3238 3773 3291 πορ-

2189 3325 2356 3392 νείας
2374 3322 2812 3391 ἐπλανήθησαν
2825 3338 2840 3353 ο
2859 3322 2997 3375 οὔτε
3012 3321 3121 3391 γὰρ
3141 3321 3371 3389 πόρνοι,
3394 3319 3533 3373 οὔτε
3548 3318 3772 3389 μοιχοί,

2189 3417 2329 3470 οὔτε
2346 3415 2631 3485 μαίακοί,
2652 3415 2985 3480 ,ϐασιλείαν
3017 3412 3166 3468 Θεοῦ
3190 3415 3262 3468 οὐ
3282 3410 3777 3481 κληρονομήσουο

2191 3523 2296 3561 σιν
2317 3523 2332 3539 ο
2362 3506 2472 3560 τῶν
2499 3506 2557 3558 δέ
2575 3504 2665 3559 διὰ
2689 3502 3051 3576 φιλαργυρίας
3069 3544 3083 3566 ,
3105 3505 3222 3557 ὅσοι
3252 3503 3354 3575 τὴν
3377 3504 3476 3574 τῆς
3495 3502 3783 3556 είδωλολα.

2189 3597 2377 3670 τρείας
2405 3596 2672 3667 όμόζυγον
2704 3594 3171 3666 ἐμνηστεύσαντο·
3191 3592 3299 3670 τῶν
3319 3594 3377 3647 δέ
3400 3593 3466 3647 δι’
3485 3593 3658 3667 ὀργῆς
3682 3592 3778 3647 καὶ

2192 3668 2366 3760 θυμοῦ
2389 3731 2405 3754 ,
2452 3688 2568 3742 ὅσοι
2601 3686 2665 3739 τὸ
2697 3684 2961 3758 θηριῶδες
2996 3686 3186 3750 σκότος
3207 3668 3521 3755 ⁴Ιίγάιϊησαν,
3548 3686 3677 3757 περὶ
3696 3679 3774 3738 ῶν

2205 3779 2458 3850 Ἰωάννης
2483 3778 2648 3851 φησίν
2672 3794 2688 3810 ο
2738 3777 2792 3831 ὀ
2818 3776 3017 3847 μισῶν
3044 3777 3151 3831 τὸν
3183 3776 3453 3847 ἀδελφὸν
3474 3778 3684 3844 αὐτοῦ,
3706 3779 3779 3834 ἐν

2194 3872 2410 3937 σκοτία
2448 3870 2623 3925 ἐστὶν
2649 3869 2761 3937 ἕως
2785 3870 2936 3938 άρτι·
2972 3868 3148 3939 Ὀργὴ
3187 3869 3321 3943 γάρ,
3363 3871 3529 3942 φησὶν
3566 3873 3596 3926 6
3621 3874 3774 3945 Παρο

2194 3962 2517 4036 οιμιαστὴς,
2548 3961 2859 4017 ἀπόλλυσι
2899 3959 2999 4015 και
3040 3961 3370 4031 φρονίμους
3396 3978 3409 3991 ·
3448 3962 3559 4018 τῶν
3601 3963 3660 4017 δὲ
3706 3965 3778 4019 δι’

2194 4053 2423 4125 ἀκηδίας
2453 4052 2548 4107 καὶ
2582 4050 2782 4124 λήθης,
2826 4052 2901 4122 μὴ
2936 4051 3488 4124 προσκαρτερούντων
3514 4056 3581 4126 τῇ
3608 4055 3778 4123 ἀγρυ-

2195 4145 2327 4217 πνίᾳ
2366 4144 2468 4215 τῆς
2499 4143 2748 4214 μνήμης,
2778 4142 2873 4195 καὶ
2912 4142 3179 4213 δεομένων
3212 4142 3293 4202 τὸ,
3335 4142 3707 4207 Ἔνύσταξεν
3734 4145 3776 4213 ἡ

2195 4233 2366 4305 ψυχή
2407 4251 2528 4305 μου
2571 4234 2690 4289 ἀπὸ
2729 4232 3018 4300 ἀκηδίας·
3057 4232 3152 4297 οὒς
3177 4233 3478 4299 ταλανίζων
3521 4237 3551 4289 6
3589 4236 3775 4305 λόγος,

2197 4329 2362 4401 φησίν
2385 4345 2400 4361 ·
2436 4326 2581 4383 Οὐαὶ
2619 4326 2783 4397 ὑμῖν,
2808 4324 2935 4391 τοῖς
2968 4327 3387 4381 ἀπολελωκόσι
3412 4326 3529 4396 τὴν
3554 4330 3780 4398 ῠπομοο

2195 4419 2339 4490 γὴν,
2379 4419 2478 4475 και
2522 4420 2581 4473 τί
2622 4417 2910 4486 ποιήσετε
2934 4457 2949 4479 ,
2988 4416 3137 4471 ὅταν
3162 4416 3563 4486 ἐπισκέψηται
3599 4422 3633 4473 ό
3666 4422 3779 4474 Κύ-

2192 4522 2364 4579 ριος;
2402 4510 2577 4566 ἄλλων
2614 4509 2682 4562 δι’
2719 4504 2961 4572 εὐδοξίας
2986 4506 3184 4576 ἀλόγου
3208 4549 3223 4573 ,
3262 4509 3391 4579 περὶ
3415 4502 3491 4563 ῶν
3528 4509 3558 4562 6
3584 4508 3780 4580 ᾠδικὸς

2200 4601 2573 4674 προανεφώνει
2592 4638 2607 4663 ,
2635 4600 2765 4653 Ὀτι
2792 4597 3219 4665 διεσκόρπισεν
3258 4600 3292 4652 ό
3331 4597 3476 4665 Θεὸς
3497 4599 3647 4656 ὀστᾶ
3672 4601 3780 4656 άν-

2201 4692 2636 4761 θρωπαρέσκων
2660 4705 2675 4721 ο
2705 4687 2907 4760 ἐτέρων
2964 4688 3031 4742 δι’
3076 4687 3391 4754 ἀλαζονείας
3437 4690 3472 4761 ἢ
3516 4691 3720 4759 τύφου,
3749 4692 3781 4745 ὅ

2201 4787 2346 4839 ἐστιν
2377 4781 2671 4854 ὑπεροψία,
2693 4780 2786 4844 οὓς
2809 4781 3083 4852 μέμφεται
3098 4782 3127 4833 6
3144 4781 3429 4852 προφήτης
3454 4781 3530 4845 ὡς
3553 4781 3778 4837 λιποτά.

2201 4892 2334 4938 κτας
2353 4891 2369 4907 ·
2398 4875 2412 4894 '
2426 4872 2799 4942 Υπερήφανοι
2822 4874 3213 4943 παρηνόμουν
3238 4870 3350 4937 ἕως
3367 4872 3604 4941 σφόδρα
3620 4891 3635 4906 ο
3657 4875 3779 4929 ἀπὸ

2200 4967 2268 5020 δέ
2291 4966 2400 5022 τοῦ
2425 4967 2614 5036 νόμου
2641 4981 2760 5019 σου
2776 4965 2887 5018 οὐκ
2909 4963 3210 5028 ἐξέκλινα.
3242 4963 3476 5035 Ἐκάστῃ
3502 4963 3780 5021 δέτούτων

2200 5056 2307 5108 τῶν
2328 5056 2535 5110 κακιῶν
2551 5054 2886 5127 παρέπονται
2906 5053 3144 5118 πλείους,
3167 5052 3244 5124 τῷ
3258 5051 3413 5124 τύφῳ
3430 5056 3460 5108 ὁ
3479 5054 3692 5123 φθόνος,
3709 5060 3777 5130 τῇ

2203 5144 2486 5219 πλεονεξίᾳ
2520 5145 2582 5199 τὸ
2623 5147 2779 5215 μῖσος
2820 5145 2914 5199 καὶ
2940 5143 3287 5215 ἀνελευθερία
3320 5145 3416 5199 καὶ
3447 5144 3674 5215 ψεῦδος,
3699 5147 3779 5217 τῷ

2203 5237 2361 5308 θυμῷ
2391 5236 2528 5310 ὀργὴ
2550 5237 2583 5309 ἢ
2619 5236 2801 5308 μῆνις,
2828 5238 2885 5290 αί
2911 5234 3118 5309 ὕϐρεις,
3144 5237 3194 5290 οἱ
3225 5235 3408 5305 φθόνοι
3427 5250 3443 5266 ⁸
3462 5240 3529 5310 τῇ
3550 5239 3778 5310 πορνείᾳ

2200 5332 2234 5402 ἡ
2269 5327 2426 5403 λήθη,
2449 5331 2482 5399 ή
2503 5329 2723 5398 άφοϐία,
2745 5331 2776 5383 6
2793 5327 2970 5393 δκνος,
2992 5330 3027 5399 ἡ
3048 5327 3264 5399 ἀζηλία,
3282 5332 3316 5399 ἡ
3338 5330 3595 5402 ἀνόνητος
3607 5332 3773 5404 ἀγρυ-

2204 5423 2363 5478 πνία*
2391 5425 2459 5494 τῇ
2488 5420 2762 5493 κενοδοξία
2797 5422 2852 5475 αί
2896 5420 3405 5493 πολυπραγμονίαι,
3438 5422 3774 5496 δωροδοκίαι,

2202 5514 2513 5586 φαντασίαι,
2535 5514 2871 5584 ὑποκρίσεις,
2902 5513 3372 5587 πρωωποληψίαι,
3409 5515 3735 5588 φενακισμοί
3756 5533 3772 5548 ο

2200 5611 2268 5681 τῇ
2290 5608 2637 5680 ὑπερηφανία
2650 5608 2704 5660 αί
2723 5607 2994 5671 ἀπόνοιαι,
3018 5608 3077 5662 αί
3093 5607 3478 5679 άσπλαγχνίαι,
3497 5609 3775 5680 ἀνοσιουρ-

2202 5701 2341 5770 γίαι,
2354 5699 2639 5764 ἐκστάσεις
2651 5699 2861 5772 φρενῶν
2876 5714 2890 5728 ·
2908 5699 3002 5753 καὶ
3016 5699 3151 5773 ἄλλῃ
3167 5699 3342 5763 ἄλλαι,
3360 5701 3447 5755 ἵνα
3464 5700 3538 5773 μὴ
3555 5700 3775 5765 πλείους

2202 5792 2344 5845 είπω
2365 5832 2379 5856 ,
2419 5791 2686 5863 φορτίζων
2721 5792 2811 5845 τὸν
2846 5792 3023 5860 λόγον,
3065 5793 3448 5847 εύαποδείκτου
3484 5793 3636 5858 ὄντος
3677 5792 3774 5847 τοῦ

2205 5884 2515 5956 εἰρημένου.
2542 5882 2759 5938 Τούτων
2805 5885 3008 5957 ἑκάστῃ
3041 5884 3149 5943 τῶν
3199 5885 3406 5939 κακιῶν
3441 5887 3470 5938 6
3502 5885 3634 5950 Θεὸς
3677 5886 3773 5942 ἀν-
