4122 6386
340 466 409 523 π
1362 467 1450 522 DE
1493 467 1653 522 VITA
1689 466 1747 521 S.
1789 464 2067 523 JOANNIS
2102 467 2594 532 CllRYSOSTOMl.
3534 484 3604 539 τι.

338 583 481 637 viros
527 588 740 635 sanctos
782 579 1001 634 omnino
1038 578 1462 649 apprOpinquare
1503 594 1609 633 non
1650 578 1915 643 sinebant,

337 674 664 726 divertenles
692 679 784 725 aut
810 670 861 724 in
891 670 1120 737 stabula,
1153 670 1239 725 ubi
1267 680 1564 725 scortorum
1593 680 1708 725 erat
1737 670 1887 725 multi

337 765 502 829 tudo;
531 772 622 818 aut
649 765 698 816 in
730 762 1202 825 Samaritanorum,
1234 762 1318 816 vel
1359 762 1662 817 Judzeorum
1689 776 1917 833 synago-

337 872 451 926 gas,
479 857 743 926 pra-cipue
772 856 921 911 Tarsi
954 874 967 909 :
999 856 1067 910 ita
1095 866 1149 911 ut
1182 856 1290 910 illic
1319 856 1371 909 in
1400 856 1670 924 angustias
1695 854 1915 918 redacti,

336 950 493 1001 etiam
521 948 663 1001 aliud
694 947 818 1016 quid
850 948 1177 1017 cogitarent,
1208 946 1349 1017 quod
1378 955 1497 1000 erat
1536 946 1755 999 minime
1784 960 1919 1014 prte-

337 1039 669 1094 meditatum.
703 1041 851 1096 Unus
895 1050 1069 1095 autem
1099 1056 1161 1095 ex
1191 1040 1455 1109 episcopis
1483 1038 1616 1094 dixit
1645 1056 1657 1093 :
1687 1038 1823 1106 Quid
1848 1038 1918 1093 ob

336 1132 627 1186 diversoria
673 1132 986 1187 tristamur?
1029 1149 1153 1186 num
1189 1132 1333 1187 enim
1380 1132 1433 1185 in
1480 1132 1633 1186 nobis
1673 1141 1785 1198 est,
1826 1131 1917 1187 ubi

334 1224 687 1287 diversemur,
735 1234 791 1278 ut
835 1225 1045 1293 propria
1069 1225 1341 1280 voluntate
1382 1223 1630 1279 indecore
1676 1232 1914 1295 agentes,

336 1331 522 1385 poenas
551 1316 781 1371 demus?
808 1332 876 1370 an
904 1317 1157 1386 ignoratis
1180 1316 1293 1371 haec
1312 1316 1486 1371 omnia
1503 1316 1612 1386 jatn
1634 1317 1918 1387 contigisse

333 1426 396 1463 ac
424 1408 599 1463 futura
629 1424 763 1475 esse,
790 1425 910 1463 cum
934 1409 1073 1464 Deus
1102 1410 1157 1463 in
1180 1408 1261 1463 bis
1289 1410 1534 1463 omnibus
1552 1407 1916 1479 glorificetur?

335 1501 505 1568 Quam
527 1501 705 1554 multa:
731 1516 795 1555 ex
825 1501 926 1555 illis
951 1501 1318 1556 meretricibus
1342 1517 1461 1572 quae
1482 1502 1573 1557 Dei
1594 1502 1915 1558 oblivionem

335 1607 608 1669 ceperant,
637 1610 730 1653 aut
752 1600 818 1654 ab
846 1598 996 1652 initio
1023 1614 1145 1653 eum
1173 1615 1239 1652 ne
1278 1606 1468 1653 norant
1496 1598 1731 1669 quidem,
1762 1598 1917 1653 nobis

338 1692 464 1747 visis
492 1694 562 1745 ita
594 1692 817 1754 vexatis,
853 1692 905 1746 in
933 1691 1176 1746 timorem
1208 1693 1297 1746 Dei
1340 1703 1390 1746 et
1421 1694 1794 1763 cogitationem
1819 1709 1915 1748 ve-

338 1794 546 1849 nerunt,
584 1785 805 1837 fortasse
833 1784 884 1837 in
914 1784 1099 1837 melius
1128 1799 1423 1849 conversae,
1447 1794 1539 1839 aut
1579 1787 1766 1841 saltem
1807 1804 1915 1843 non

337 1875 599 1944 prolapsae
639 1876 689 1928 in
730 1874 925 1943 pejus?
951 1873 1066 1928 Non
1105 1890 1290 1944 parum
1320 1886 1403 1930 est
1427 1876 1672 1931 rationali
1698 1878 1910 1947 animte,

337 1982 455 2036 qua:
479 1982 509 2020 a
544 1966 1029 2037 perturbationibus
1052 1978 1301 2033 vexatur,
1334 1968 1417 2023 vel
1445 1970 1710 2025 modicum
1740 1974 1914 2042 respi-

338 2073 481 2123 rare,
503 2058 641 2124 quod
664 2066 745 2110 est
764 2057 1092 2112 castimonia:
1114 2058 1403 2112 fomentum
1431 2078 1443 2113 :
1467 2060 1601 2116 adeo
1623 2072 1677 2115 ut
1698 2062 1911 2127 dixerit,

334 2151 423 2219 qui
454 2150 565 2203 haec
590 2150 853 2210 sustinuit,
879 2166 1151 2205 sacrorum
1191 2150 1453 2221 interpres
1477 2152 1671 2206 Paulus
1692 2172 1704 2207 :
1727 2153 1914 2209 Christi

336 2242 493 2311 bonus
516 2241 641 2294 odor
664 2257 836 2295 sumus
856 2243 908 2295 in
927 2242 1005 2295 his
1029 2244 1113 2313 qui
1137 2241 1265 2297 salvi
1285 2245 1435 2313 fiunt,
1455 2254 1501 2299 et
1525 2246 1577 2299 in
1596 2246 1672 2299 his
1699 2248 1784 2316 qui
1800 2264 1917 2317 per-

334 2344 452 2387 eunt
485 2333 561 2403 (Ξ.
584 2332 699 2389 Cor.
729 2335 781 2388 2.
809 2335 897 2403 15)
924 2375 937 2401 ,
971 2352 1027 2389 eo
1054 2336 1188 2406 quod
1220 2338 1577 2407 spectaculum.
1596 2339 1716 2408 facti
1741 2356 1914 2394 sumus

331 2426 525 2494 angelis
566 2434 613 2478 et
651 2425 932 2479 hominibus
958 2427 976 2495 (
1001 2427 1049 2480 1.
1073 2426 1191 2482 Cor.
1217 2429 1271 2483 4.
1300 2428 1394 2501 9).
1426 2429 1504 2483 Eo
1542 2438 1719 2485 autem
1746 2446 1912 2502 usque

332 2515 664 2570 crudelitatis
689 2528 1046 2586 proruperunt
1071 2518 1307 2573 locorum
1339 2521 1551 2575 illorum
1582 2523 1812 2593 episc0pi
1844 2525 1912 2579 de

329 2607 705 2661 communione
750 2606 1029 2677 Theophili
1082 2625 1173 2677 per
1218 2619 1384 2664 totum
1428 2610 1728 2680 Orientem,
1775 2614 1912 2669 sicut

331 2696 511 2751 retulit
553 2698 845 2754 monachus
884 2699 969 2769 qui
1012 2700 1133 2755 inde
1158 2702 1335 2767 rediit,
1369 2712 1426 2757 ut
1457 2703 1695 2774 plerique
1722 2720 1908 2761 eorum

332 2803 436 2840 non
476 2788 633 2843 modo
675 2788 909 2843 debitam
941 2790 1322 2846 humanitatem
1354 2794 1550 2848 nostris
1597 2811 1702 2849 non
1749 2796 1906 2851 exhi-

332 2879 541 2932 buerint
559 2920 574 2945 ,
619 2896 798 2934 verum
829 2881 966 2936 datis
994 2884 1301 2938 muneribus
1330 2884 1684 2941 Prmtorianos
1712 2888 1908 2944 milites

332 2970 673 3039 induxerint,
722 2983 779 3026 ut
824 2988 919 3030 eos
961 2975 1111 3030 ocius
1147 2992 1178 3031 e
1216 2977 1516 3032 civitatibus
1560 2981 1903 3049 expellerent.

328 3062 467 3118 Sunt
492 3075 670 3118 autem
700 3066 789 3134 qui
822 3067 935 3120 haec
960 3068 1226 3138 praecipue
1252 3070 1441 3133 fecere,
1468 3071 1616 3125 Tarsi
1645 3081 1700 3126 et
1724 3074 1911 3128 Antio-

325 3156 461 3209 ιτιιὶιιε
487 3158 755 3227 episcopi,
786 3168 944 3229 atque
986 3159 1239 3231 Eulogius
1267 3162 1524 3218 Cursarem
1568 3164 1903 3231 Palaestinae;

327 3257 451 3302 ante
495 3264 682 3303 omnes
726 3258 904 3305 autem
950 3252 1231 3322 episcopus
1263 3257 1484 3325 Ancyra:
1513 3266 1566 3310 et
1593 3257 1906 3314 Ammonius

326 3340 543 3407 Pelusii,
573 3342 762 3410 partim
789 3342 962 3410 donis,
994 3345 1182 3414 partim
1211 3345 1390 3409 minis,
1421 3346 1739 3403 deductores
1766 3351 1904 3404 mili-

325 3443 405 3486 tes
446 3432 703 3488 adversus
744 3449 839 3489 eos
882 3438 1047 3507 magis
1092 3450 1504 3507 exasperantes,
1554 3450 1608 3494 ut
1643 3457 1711 3496 ne
1756 3443 1904 3499 laicis

321 3525 538 3593 quidem
590 3540 684 3581 eos
735 3526 983 3598 excipere
1034 3530 1331 3584 volentibus
1384 3531 1435 3585 id
1489 3534 1898 3601 permitterent:

322 3619 459 3670 sicut
502 3619 553 3671 in
580 3617 866 3673 Catholicis
895 3621 1077 3675 scribit
1124 3623 1189 3677 ad
1214 3622 1396 3679 Caium
1444 3625 1628 3682 beatus
1670 3627 1902 3684 Joannes

320 3709 575 3764 adversus
617 3711 899 3780 quemdam
938 3714 1281 3785 episcopum,
1330 3715 1745 3785 hospitalitatem
1789 3721 1900 3776 Caii

322 3800 545 3856 laudans
564 3844 577 3865 ,
605 3819 834 3873 eumque
862 3821 1043 3865 orans.
1074 3823 1141 3861 ne
1170 3808 1440 3878 improbos
1472 3811 1749 3881 episcopos
1775 3814 1899 3868 imi-

320 3903 478 3948 lctur.
530 3896 617 3950 Sic
657 3906 833 3951 autem
865 3899 1023 3953 verba
1063 3916 1121 3955 se
1167 3901 1365 3956 habent
1399 3920 1410 3955 :
1449 3902 1571 3959 Caio
1614 3907 1894 3975 carissimo,

316 4002 463 4055 quem
492 4003 581 4056 ego
608 3988 764 4058 diligo
788 3990 840 4041 in
865 3991 1087 4043 veritate.
1119 3991 1405 4059 Carissime,
1436 3995 1499 4049 de
1520 3997 1749 4051 omnibus
1776 4015 1895 4052 ora-

316 4081 499 4132 tionem
526 4081 657 4147 facio
683 4098 921 4150 prospere
942 4092 987 4137 te
1008 4085 1207 4155 ingredi
1229 4097 1275 4140 et
1303 4088 1483 4152 valere,
1507 4091 1632 4145 sicut
1659 4109 1897 4162 prospere

316 4169 419 4239 agit
446 4172 615 4224 anima
646 4182 753 4226 tua.
786 4173 1000 4227 Gavisus
1039 4193 1150 4229 sum
1178 4178 1323 4231 valde
1348 4183 1656 4237 venientibus
1684 4185 1893 4252 quibus-

314 4262 454 4327 dam,
481 4271 528 4315 et
551 4265 870 4320 narrantibus
900 4268 1024 4321 mihi
1044 4309 1058 4331 ,
1089 4269 1224 4339 quod
1248 4271 1301 4323 in
1328 4273 1533 4326 veritate
1558 4275 1786 4329 ambulas
1806 4319 1819 4339 ,
1849 4288 1894 4331 et

312 4354 366 4406 in
384 4354 561 4423 quibus
581 4366 778 4410 sanctos
796 4359 1033 4424 refecisti.
1062 4358 1117 4411 Μ
1122 4362 1233 4426 ajus
1254 4361 1331 4414 Itis
1354 4379 1451 4416 non
1475 4364 1630 4418 habeo
1650 4367 1892 4436 gaudium

314 4445 390 4511 ('5.
411 4444 566 4499 Joan.
598 4448 751 4516 1-4).
782 4448 849 4502 Et
872 4450 1020 4503 addit
1048 4468 1060 4502 :
1096 4451 1292 4520 Scripsi
1324 4452 1599 4519 Ecclesia};
1624 4460 1711 4511 sed
1738 4460 1782 4512 is
1806 4462 1892 4529 qui

311 4545 448 4589 amat
491 4538 769 4606 primatum
806 4557 975 4609 gerere
1012 4542 1064 4594 in
1103 4543 1174 4595 eis
1203 4542 1522 4614 Diotrephes,
1569 4563 1669 4600 non
1714 4550 1890 4618 recipit

311 4644 423 4691 nos,
462 4630 621 4683 verbis
657 4631 889 4700 malignis
920 4634 1164 4702 garricns,
1198 4645 1246 4687 et
1273 4638 1416 4703 quasi
1452 4654 1551 4690 non
1576 4640 1621 4690 ei
1654 4643 1749 4692 ista
1772 4640 1887 4709 suf-

310 4720 485 4787 ficiant
502 4737 520 4783 ;
557 4737 715 4790 neque
739 4723 845 4790 ipse
874 4725 1083 4792 suscipit
1110 4730 1313 4794 fratres,
1342 4738 1389 4780 et
1413 4744 1498 4782 eos
1525 4730 1610 4798 qui
1632 4732 1888 4800 suscipere

310 4810 503 4875 volunt,
530 4812 776 4880 prohibet,
802 4824 848 4865 et
865 4814 927 4866 de
950 4816 1157 4869 ecclesia
1186 4818 1337 4888 ejicit.
1367 4819 1565 4876 Deinde
1590 4838 1774 4877 rursus
1791 4824 1887 4878 ad-

311 4910 492 4954 monet
523 4920 536 4956 :
565 4900 849 4965 Carissime,
880 4905 985 4957 noli
1008 4906 1195 4959 imitari
1222 4908 1409 4961 malum
1433 4925 1453 4963 :
1488 4912 1576 4979 qui
1610 4913 1740 4966 enim
1763 4913 1886 4968 bene

310 4991 451 5059 facit,
493 5007 556 5045 ea:
593 4990 703 5045 Dea
753 5004 862 5057 est;
891 4996 978 5064 qui
1031 4998 1163 5051 male
1208 4999 1361 5067 facit,
1412 5017 1512 5055 non
1553 5004 1676 5056 vidit
1717 5004 1883 5058 Deum

309 5080 467 5149 (Ibid.
487 5097 536 5137 v.
562 5084 689 5138 9-11
720 5086 760 5153 ).
802 5085 951 5141 liunc
974 5098 1149 5141 autem
1178 5099 1377 5144 textum
1404 5092 1470 5146 de
1495 5095 1658 5149 veteri
1680 5097 1881 5151 malitia

306 5172 568 5241 integrum
608 5176 898 5241 attulimus,
948 5188 1005 5231 ut
1045 5178 1200 5249 hujus
1245 5184 1500 5251 temporis
1534 5185 1878 5256 Diotrephum

302 5265 570 5335 ingenium
602 5283 1009 5337 exponeremus.
1051 5272 1312 5327 Caeterum
1345 5274 1590 5332 laudabat
1618 5290 1672 5334 et
1713 5282 1877 5335 mira-

301 5356 457 5411 batur
482 5359 729 5419 secunda:
757 5360 1105 5430 Cappadociae
1147 5365 1456 5435 episcopos,
1489 5378 1547 5423 ut
1582 5372 1671 5440 qui
1706 5372 1874 5440 pluri-

300 5449 401 5501 mis
426 5463 547 5503 cum
588 5450 835 5522 lacrymis
873 5454 1269 5509 condoluissent
1298 5459 1566 5513 exsulibus
1589 5462 1873 5531 episcOpis,

300 5540 597 5605 praesertim
636 5542 971 5596 mitissimum
1006 5544 1342 5600 Theodorum
1365 5589 1379 5613 ,
1413 5548 1714 5618 Tyanorum
1758 5553 1874 5622 epi-

297 5644 537 5699 sropum,
569 5641 622 5684 et
647 5631 958 5701 Bosporium
988 5635 1255 5703 thlonite,
1291 5639 1379 5709 qui
1407 5641 1869 5711 quadragesimum

298 5726 539 5774 octavum
562 5722 614 5775 in
636 5724 939 5793 episc0patu
960 5727 1147 5796 agebat
1169 5743 1400 5795 annum;
1428 5740 1481 5784 et
1502 5730 1864 5801 Serapionem,

297 5810 589 5867 Ostracinze
614 5816 940 5884 episcopum,
965 5817 1054 5886 qui
1081 5819 1428 5890 quadraginta
1448 5821 1680 5891 quinque
1700 5838 1867 5877 annos

297 5917 488 5958 munus
526 5905 859 5975 episcopatus
900 5908 1133 5977 gerebat.
1165 5908 1296 5964 Cum
1329 5911 1647 5980 aliquamdiu
1688 5913 1865 5968 Theo-

2021 586 2186 642 dorus
2215 605 2322 659 prae
2349 601 2562 661 stujiore
2587 591 2957 659 obmutuisset,
2987 594 3119 650 dixit
3148 615 3161 650 :
3188 596 3324 664 Quid
3352 597 3507 668 igitur
3532 594 3598 654 ad

2024 678 2138 734 hate
2165 680 2402 736 dicemus
2424 726 2437 748 ,
2457 680 2658 740 Pater?
2696 685 2829 740 Num
2860 686 2991 742 hora
3029 688 3140 759 jam
3169 690 3454 747 novissima
3495 703 3596 756 est,

2024 780 2078 824 et
2102 770 2350 837 defectio,
2377 775 2665 830 secundum
2688 777 2929 844 Paulum,
2954 795 3048 849 per
3072 781 3168 835 ista
3192 781 3395 836 initium
3422 785 3595 852 capit:

2028 859 2095 915 Ut
2141 861 2354 917 demum
2410 866 2655 919 reveletur
2704 868 2840 936 ﬁlius
2902 869 3195 939 perditionis
3217 912 3231 935 ,
3284 872 3600 927 adversarius

2023 954 2101 1023 (2.
2129 955 2306 1011 Thess.
2333 958 2386 1012 2.
2412 959 2514 1027 5)?
2549 959 2681 1014 Nam
2713 962 2882 1015 malos
2910 978 3161 1033 prospere
3187 978 3374 1034 agere.
3401 974 3457 1019 et
3486 965 3600 1020 lucc

2023 1057 2267 1116 patrare,
2294 1058 2353 1103 et
2380 1049 2573 1105 durare
2609 1062 2664 1105 et
2691 1053 3010 1121 praevalere,
3044 1064 3097 1108 et
3131 1055 3299 1109 bonos
3336 1057 3507 1128 premi
3537 1072 3598 1112 ac

2022 1138 2259 1209 spoliari,
2286 1139 2433 1194 illum
2463 1143 2889 1213 apprOpinquare
2914 1159 3034 1199 cum
3061 1144 3283 1201 horrore
3309 1161 3395 1201 me
3415 1147 3601 1201 admo-

2023 1240 2130 1283 net.
2163 1230 2337 1286 Ertsc.
2369 1231 2649 1286 Proximus
2674 1233 2886 1303 quidem
2914 1243 2998 1289 est
3028 1233 3146 1288 linis
3166 1277 3179 1297 ,
3211 1235 3598 1305 sapientissime

2023 1319 2320 1386 Theodore,
2348 1322 2497 1392 juxta
2525 1340 2646 1377 eum
2675 1325 2762 1395 qui
2793 1326 2866 1380 ait
2896 1343 2908 1378 :
2940 1324 3114 1381 Fitioli
3134 1369 3147 1389 ,
3178 1330 3446 1383 novissima
3473 1330 3599 1383 hora

2021 1422 2093 1466 est
2117 1413 2136 1483 (
2162 1414 2212 1467 1.
2234 1412 2390 1468 Joan.
2414 1414 2468 1468 Ξ.
2494 1414 2591 1485 18)
2623 1434 2636 1469 :
2670 1426 2724 1471 et
2749 1416 2905 1485 juxta
2938 1418 3064 1471 illud
3090 1436 3103 1470 :
3135 1418 3272 1472 Exiit
3300 1403 3598 1489 paterfami-

2022 1502 2118 1557 lias
2162 1504 2297 1558 circa
2342 1505 2660 1559 undecimam
2708 1506 2884 1560 horam
2935 1509 3212 1562 conducere
3250 1512 3506 1580 Operarios
3546 1512 3599 1565 in

2021 1595 2217 1650 vineam
2254 1612 2399 1649 suam
2432 1597 2645 1667 (Matth.
2670 1597 2759 1652 20.
2786 1599 2839 1669 1)
2868 1617 2882 1654 :
2913 1599 3040 1653 hora
3082 1609 3256 1655 autem
3286 1601 3598 1657 duodecima

2020 1688 2203 1742 ultima
2240 1698 2342 1743 est.
2376 1689 2435 1744 Si
2473 1705 2598 1745 vero
2637 1699 2759 1746 ante
2802 1691 3215 1763 quadringentos
3254 1708 3421 1748 annos
3459 1694 3599 1748 dicta

2020 1788 2102 1832 est
2130 1779 2197 1833 ab
2226 1781 2482 1849 Apostolo
2527 1781 2743 1846 ultima,
2791 1783 2959 1837 multo
2989 1785 3156 1854 magis
3199 1800 3339 1841 nunc
3384 1795 3601 1856 propter

2021 1870 2136 1927 hmc
2160 1874 2357 1927 omnia.
2388 1873 2589 1929 Deinde
2615 1874 2731 1929 htec
2754 1874 2822 1928 ab
2844 1875 2993 1929 initio
3018 1876 3354 1946 contigerunt
3378 1877 3600 1932 Domino

2020 1964 2381 2033 permittente,
2424 1965 2490 2019 ad
2529 1966 2857 2021 exercendos
2883 1978 3127 2032 sanctos,
3169 1982 3289 2023 cum
3314 1984 3407 2024 eos
3434 1985 3604 2040 expe—

2019 2063 2155 2110 teret
2197 2054 2457 2119 diabolus,
2499 2057 2637 2111 sieut
2677 2057 2751 2111 ait
2790 2058 3044 2111 Servatur
3082 2076 3093 2111 :
3139 2057 3353 2123 Simon,
3396 2058 3596 2125 Simon,

2018 2147 2251 2216 expetivit
2287 2163 2375 2200 vos
2398 2146 2644 2213 Satanas,
2689 2159 2742 2200 ut
2784 2149 3021 2201 cribraret
3052 2150 3180 2202 sicut
3223 2151 3483 2204 triticum:
3506 2167 3599 2220 ego

2016 2248 2184 2291 autem
2207 2239 2381 2309 rogavi
2421 2255 2511 2307 pro
2535 2249 2601 2304 te,
2628 2250 2680 2292 ut
2714 2256 2815 2293 non
2845 2240 3047 2308 deﬁciat
3082 2240 3207 2309 fides
3232 2252 3316 2295 tua
3338 2241 3486 2312 (Luc.
3508 2243 3597 2297 22.

2017 2328 2104 2383 31.
2128 2329 2241 2398 5'2).
2285 2329 2465 2399 Neque
2489 2346 2616 2385 vero
2642 2346 2737 2401 [ιφ
2768 2333 2883 2386 solo
2912 2333 3071 2388 Petro
3112 2336 3314 2406 rogavit
3333 2334 3598 2402 Christus,

2016 2418 2110 2473 sed
2156 2435 2250 2489 pro
2297 2420 2548 2476 omnibus
2596 2421 2793 2477 Christi
2843 2423 2999 2478 fidem
3044 2426 3361 2482 habentibus
3410 2446 3422 2480 :
3468 2426 3598 2483 nihil

2014 2510 2156 2565 aliud
2182 2512 2514 2582 signiﬁcante
2543 2513 2741 2576 cribro,
2781 2530 2940 2585 quam
2968 2517 3154 2571 orbem
3188 2527 3469 2581 terrarum,
3501 2537 3598 2574 vo-

2015 2603 2273 2671 luptatum
2319 2619 2382 2658 ac
2426 2604 2673 2660 dolorum
2721 2606 2971 2675 plenum,
3018 2624 3111 2677 per
3149 2625 3267 2680 qua:
3304 2612 3466 2667 veluti
3507 2628 3602 2683 per

2014 2693 2271 2750 foramina
2333 2698 2533 2752 terreni
2593 2697 2837 2753 homines
2884 2698 2939 2754 in
3000 2715 3185 2755 orcum
3234 2703 3487 2759 excidunt
3531 2706 3599 2759 ab

2012 2790 2187 2845 alente
2214 2790 2407 2854 tritico,
2433 2790 2560 2845 dum
2589 2792 2731 2846 velut
2760 2807 2789 2846 a
2823 2791 3171 2849 foraminibus
3198 2807 3553 2853 secernuntur
3579 2817 3592 2850 :

2011 2880 2131 2935 aliis
2171 2881 2385 2950 quidem
2415 2882 2776 2938 difﬂuentibus
2807 2884 2965 2939 veluti
2999 2901 3093 2953 per
3142 2886 3379 2943 foramen
3424 2890 3595 2961 inglu-

2012 2970 2136 3025 vici.
2179 2970 2403 3036 Quorum
2426 2971 2566 3027 Deus
2599 2984 2768 3028 venter
2805 2984 2878 3028 est
2917 2974 3187 3046 (Philipp.
3212 2979 3435 3049 5.19);
3478 2981 3595 3036 aliis

2011 3072 2185 3116 autem
2213 3078 2309 3131 per
2338 3064 2663 3133 voluptatum
2691 3065 2989 3132 illecebras,
3019 3067 3084 3121 de
3108 3068 3298 3137 quibus
3326 3071 3584 3139 pr0pbeta

2008 3153 2102 3217 ait,
2120 3152 2318 3224 Spiritu
2333 3156 2679 3224 fornicationis
2693 3155 2884 3209 seducti
2894 3171 3009 3211 sunt
3026 3174 3043 3211 :
3061 3176 3218 3228 neque
3231 3161 3363 3213 enim
3381 3164 3595 3231 fornica-

2008 3254 2139 3299 tores
2156 3286 2171 3310 ,
2195 3262 2350 3311 neque
2370 3247 2609 3311 adulteri,
2632 3264 2791 3315 neque
2810 3247 3005 3315 molles,
3030 3267 3238 3321 regnum
3255 3250 3352 3305 Dei
3374 3254 3595 3322 posside-

2008 3336 2128 3390 bunt
2152 3338 2227 3406 (1.
2252 3336 2366 3391 Cor.
2392 3339 2443 3391 6.
2472 3338 2563 3409 10)
2588 3356 2599 3390 :
2625 3340 2742 3393 aliis
2768 3355 2862 3408 per
2886 3340 3162 3395 avaritiam
3189 3359 3203 3393 :
3231 3344 3435 3398 scilicet
3466 3347 3587 3414 qui-

2007 3444 2233 3498 cumque
2259 3429 2572 3484 idololatrize
2593 3431 2871 3500 conjugem
2897 3433 2996 3486 sibi
3019 3433 3407 3503 desponsarunt
3432 3455 3445 3491 :
3472 3437 3592 3493 aliis

2008 3536 2101 3589 per
2131 3522 2261 3575 iram
2286 3529 2342 3577 et
2361 3521 2614 3586 furorem,
2645 3523 2733 3592 qui
2764 3522 2956 3577 ferales
2983 3524 3227 3579 tenebras
3259 3539 3591 3594 amaverunt,

2005 3613 2073 3667 de
2104 3614 2293 3682 quibus
2321 3614 2557 3669 Joannes
2584 3633 2597 3669 :
2627 3614 2726 3679 Qui
2751 3617 2853 3669 odit
2881 3620 3087 3687 fratrem
3111 3635 3276 3681 suum,
3299 3620 3349 3673 in
3380 3622 3592 3676 tenebris

2002 3713 2076 3757 est
2118 3720 2270 3772 usque
2291 3704 2459 3757 adhuc
2485 3705 2559 3774 (1.
2580 3703 2735 3759 Ιοαη.
2783 3706 2831 3757 2.
2866 3708 2954 3773 9):
2982 3706 3071 3760 Ira
3095 3709 3259 3775 enim,
3284 3721 3339 3762 ut
3360 3713 3431 3763 ait
3457 3711 3592 3765 Pro-

2002 3797 2303 3850 verbiorum
2334 3807 2539 3862 auctor,
2566 3798 2729 3867 perdit
2749 3800 2895 3852 etiam
2915 3801 3163 3871 sapientes
3179 3801 3355 3873 (Prov.
3380 3804 3466 3859 15.
3493 3806 3514 3858 1
3532 3806 3549 3872 )
3568 3822 3582 3858 :

2001 3887 2119 3940 aliis
2145 3903 2239 3955 per
2268 3888 2522 3942 incuriam
2550 3899 2603 3943 et
2648 3890 2968 3944 oblivionem
2996 3932 3011 3954 ,
3044 3893 3094 3945 in
3130 3897 3400 3949 memoria:
3445 3896 3582 3966 vigi.

2003 3977 2161 4031 lautia
2206 3994 2309 4033 non
2359 3979 2706 4047 perdurantes
2733 4021 2748 4045 ,
2798 3994 2851 4035 et
2888 3982 3012 4036 illud
3058 3986 3584 4063 precantesdicnnt:

2003 4069 2300 4124 Dormitavit
2343 4073 2515 4125 anima
2547 4090 2658 4126 mea
2700 4089 2807 4143 pra:
2859 4075 3007 4128 twdio
3061 4077 3078 4144 (
3113 4074 3253 4129 Psal.
3286 4077 3406 4132 118.
3442 4078 3513 4132 28
3542 4080 3581 4147 ).

1999 4165 2143 4232 Quos
2177 4165 2438 4219 miserans
2469 4167 2764 4236 Scriptura,
2795 4168 2902 4221 ait:
2942 4167 3030 4222 Va:
3056 4170 3192 4223 vobis
3228 4172 3312 4240 qui
3358 4174 3581 4240 perdidi-

1998 4260 2086 4313 stis
2113 4261 2443 4328 patientiam!
2471 4270 2517 4313 et
2552 4261 2672 4328 quid
2691 4261 2885 4330 facietis
2906 4303 2920 4325 ,
2944 4279 3057 4315 cum
3093 4263 3309 4317 visitubit
3325 4263 3575 4319 Dominus

1997 4348 2181 4418 (Eccli.
2203 4350 2257 4403 2.
2288 4350 2652 4419 lG.l7)?aliis
2687 4365 2781 4419 per
2825 4351 3240 4406 irrationabilem
3261 4358 3573 4408 ostentatio-

1997 4458 2140 4505 nem,
2170 4442 2237 4495 de
2260 4444 2451 4511 quibus
2477 4441 2757 4495 Psalmista
2791 4442 3108 4511 prmdicebat
3138 4462 3150 4497 :
3186 4444 3434 4509 Quoniam
3472 4448 3575 4500 dis-

1993 4533 2174 4603 sipavit
2200 4531 2339 4586 Deus
2362 4549 2477 4586 ossa
2501 4532 2784 4586 hominibus
2825 4534 3168 4603 placcntiunt(
3199 4534 3344 4591 Psal.
3367 4532 3456 4589 52.
3487 4538 3582 4602 Gl;

1992 4624 2109 4678 aliis
2152 4639 2246 4692 per
2269 4624 2624 4693 arrogantiam
2654 4634 2707 4677 et
2739 4623 2970 4690 fastum,
2993 4625 3132 4693 quod
3172 4636 3253 4681 est
3282 4628 3527 4699 superbia
3560 4648 3575 4683 :

1992 4733 2126 4787 quos
2150 4717 2313 4771 veluti
2362 4716 2564 4770 ordinis
2609 4715 2914 4769 desertores
2956 4716 3212 4784 propheta
3260 4719 3529 4773 insimulat
3559 4740 3577 4777 τη

1992 4810 2211 4880 Superbi
2235 4810 2404 4878 inique
2431 4809 2641 4879 agebant
2677 4825 3026 4879 usquequaque
3051 4828 3067 4873 ;
3096 4826 3127 4862 a
3163 4807 3270 4881 lege
3300 4823 3467 4865 autem
3487 4821 3576 4867 tua

1988 4919 2090 4956 non
2104 4902 2348 4955 declinari
2367 4900 2533 4972 (Psal.
2558 4901 2677 4955 118.
2697 4902 2806 4970 51).
2833 4900 3255 4973 Unumquodque
3273 4915 3449 4959 autem
3472 4906 3570 4961 ho-

1988 5009 2105 5047 rum
2138 4993 2384 5047 vitiorum
2418 4992 2567 5062 plura
2608 4992 2708 5045 alia
2752 4993 3146 5062 subsequuntur
3176 5012 3186 5046 :
3216 4992 3408 5048 fastum
3440 4997 3575 5051 invi-

1987 5086 2093 5152 dia,
2117 5085 2389 5139 avaritiam
2419 5085 2620 5150 odium,
2654 5085 2979 5139 illiberalitas
3018 5085 3347 5141 mendacium
3378 5106 3392 5153 ;
3423 5090 3571 5143 furo-

1984 5193 2098 5233 rem
2126 5179 2201 5233 ira
2232 5178 2314 5232 vel
2346 5176 2807 5242 excandescentia,
2836 5178 3190 5241 contumeliae,
3221 5180 3570 5248 invidentim;

1985 5269 2386 5326 fornicationem
2435 5270 2630 5325 oblivio
2654 5311 2668 5335 ,
2721 5271 2980 5325 securitas
3003 5313 3015 5333 ,
3048 5272 3273 5342 pigritia,
3304 5274 3403 5329 zeli
3438 5275 3563 5331 honl

1981 5364 2238 5426 defectus,
2269 5363 2574 5431 inutilisque
2616 5363 2827 5431 vigilia;
2873 5379 3059 5417 vamun
3121 5365 3341 5433 gloriam
3384 5369 3566 5421 curio-

1984 5457 2134 5518 sitas,
2170 5455 2444 5524 perceptio
2469 5453 2757 5518 donorum,
2788 5468 3001 5523 pompa,
3029 5455 3416 5523 simulationes,
3441 5475 3566 5527 pcr—

1981 5562 2230 5601 sonarum
2270 5544 2627 5613 acceptiones,
2658 5542 2913 5609 fallacia);
2943 5544 3246 5614 superbiam
3273 5547 3560 5613 dementia,

1981 5637 2451 5700 immisericordiae,
2481 5637 2639 5705 impia
2667 5634 2825 5701 facta,
2855 5635 3050 5690 mentis
3064 5637 3379 5703 emotiones,
3404 5648 3564 5707 atquo

1980 5731 2113 5785 alias
2138 5730 2277 5793 alim,
2310 5743 2377 5783 ne
2400 5729 2575 5797 plures
2602 5743 2908 5793 recensens,
2926 5742 3228 5782 sermonem
3261 5727 3401 5783 hunc
3430 5744 3544 5785 one

1982 5836 2094 5875 rem
2120 5862 2133 5885 ,
2184 5835 2304 5874 cum
2352 5818 2563 5873 abunde
2592 5818 3012 5873 demonstratum
3056 5818 3144 5881 sit,
3185 5819 3326 5889 quod
3356 5819 3553 5878 dictum

1984 5923 2081 5969 est.
2131 5912 2422 5982 Unicuique
2470 5922 2645 5966 autem
2689 5911 2878 5965 horum
2936 5909 3183 5965 vitiorum
3232 5916 3562 5969 contrariam
