4122 6386
468 406 532 463 75
1727 381 2040 445 PALLAD"

2159 383 2417 446 Αιοουδ
3652 396 3723 451 76

464 521 712 575 virtutem
739 516 878 571 Dens
897 511 1146 583 opposuit
1175 524 1186 561 τ
1213 507 1361 565 verbi
1402 506 1568 579 gratia
1593 546 1609 572 ,
1636 505 1859 559 luxuria:
1882 502 2043 557 casti-

467 623 652 673 tatem,
694 607 959 678 gulositati
1001 602 1443 674 temperantiam,
1472 599 1707 657 avaritia:
1750 596 2042 666 justitiam,

464 703 557 758 ira:
590 700 878 765 lenitatem,
899 698 1120 751 tristitia:
1143 695 1415 768 gaudium,
1439 690 1688 747 oblivioni
1712 688 2043 754 memoriam,

467 790 727 846 socordiae
755 788 1082 859 patientiam,
1119 784 1398 841 dementia:
1438 781 1794 855 prudentiam,
1821 778 2044 850 ignavia:

468 882 854 944 fortitudinem,
880 878 1099 934 vanitati
1126 876 1500 942 humilitatem,
1530 883 1585 927 et
1622 873 1739 926 aliis
1761 872 1892 926 alias
1921 887 1936 925 :
1960 870 2044 924 his

475 967 718 1022 attinibus
745 964 976 1019 divinam
1006 961 1334 1030 Scriptorum
1360 977 1373 1013 :
1404 958 1501 1015 soli
1535 966 1710 1011 atatem
1752 955 1906 1017 fastui
1936 954 2045 1009 vir-

474 1066 639 1112 tutem
668 1053 986 1111 contrariam
1015 1067 1120 1108 non
1163 1050 1310 1106 dedit
1332 1049 1403 1104 ob
1431 1048 1863 1118 exsuperantiam
1904 1045 2042 1112 vitii,

474 1149 697 1216 seipsum
730 1146 801 1201 illi
845 1158 1144 1207 reservans,
1169 1141 1303 1199 sicut
1342 1140 1475 1197 dixit
1505 1157 1518 1194 :
1549 1139 1687 1195 Deus
1712 1137 1937 1210 superbis
1962 1152 2045 1191 re-

474 1238 598 1294 sistit
636 1238 773 1306 (Jac.
814 1238 867 1293 4.
908 1236 940 1290 6
969 1236 987 1305 )
1023 1253 1037 1289 :
1066 1234 1204 1289 sicut
1233 1233 1393 1287 etiam
1432 1232 1546 1302 ipse
1573 1229 1830 1303 propheta
1859 1243 2047 1299 preca-

474 1345 587 1395 tlil',
618 1329 842 1384 dicens:
878 1325 1011 1381 Lena
1054 1341 1230 1380 manus
1259 1334 1373 1380 tuas
1411 1324 1465 1377 in
1510 1322 1770 1392 superbius
1803 1336 1975 1375 eorum
1993 1321 2048 1374 in

475 1423 622 1475 tinem
647 1422 665 1490 (
694 1418 838 1472 Psal.
870 1420 958 1473 73.
990 1420 1024 1474 5
1055 1417 1073 1488 )
1114 1433 1127 1470 :
1157 1425 1212 1471 et
1236 1430 1454 1482 rursus,
1479 1412 1655 1469 Redde
1674 1411 2048 1467 retributionem

474 1497 695 1587 superbis
725 1513 742 1582 (
778 1511 915 1567 Psal.
938 1512 1026 1568 93.
1053 1510 1089 1564 ‘2
1115 1510 1159 1581 ).
1191 1509 1259 1565 Et
1308 1506 1752 1579 quemadmodum
1782 1521 1845 1560 ex
1876 1503 2048 1559 fructu

474 1607 629 1660 arbor
663 1602 1021 1674 cognoscitur,
1053 1612 1112 1656 ut
1134 1601 1211 1655 ait
1234 1599 1495 1656 Dominus
1524 1616 1537 1652 :
1570 1597 1654 1653 Ea:
1688 1597 1932 1667 {motibus
1957 1611 2046 1650 eo-

475 1710 586 1751 rum
605 1696 910 1769 cognoscetis
938 1710 1020 1747 eos
1050 1693 1070 1766 (
1096 1692 1280 1748 Matth.
1325 1692 1379 1746 7.
1414 1690 1513 1760 16)
1541 1707 1556 1743 :
1589 1691 1658 1746 ita
1687 1689 2048 1759 unusquisque

474 1782 745 1834 hominum
767 1820 782 1844 ,
813 1779 925 1833 sive
967 1777 1070 1832 sint
1095 1777 1259 1831 sancti
1286 1817 1302 1843 ,
1328 1776 1440 1830 sive
1466 1774 1726 1829 dicantur.
1756 1775 1845 1830 Sic
1871 1786 2049 1830 autem

475 1871 673 1941 ultique
699 1880 824 1925 sunt
850 1868 1209 1938 improborum
1237 1867 1613 1937 prosperitates
1640 1867 1873 1922 immota:
1897 1909 1913 1933 ,
1942 1866 2050 1922 Deo

478 1954 604 2032 erga
630 1961 773 2032 ipsos
817 1961 1078 2030 patienter
1106 1968 1314 2029 agente.
1343 1958 1456 2014 Hoc
1480 1959 1622 2013 enim
1652 1957 1821 2028 ipsum
1848 1958 2001 2012 decet
2033 1976 2046 2011 :

475 2052 548 2106 ita
580 2061 637 2106 ut
679 2053 846 2105 sancti
875 2051 1100 2120 idipsum
1128 2065 1194 2105 ex
1224 2063 1449 2120 persona
1479 2063 1661 2104 eorum
1681 2090 1696 2115 ,
1738 2049 1825 2117 qui
1850 2063 2049 2103 vexan-

477 2152 585 2209 tur,
613 2142 986 2213 proelamarint
1008 2140 1073 2196 ad
1091 2139 1510 2196 consolationem
1534 2140 1771 2195 omnium
1786 2149 2047 2200 nostrum.

475 2235 565 2311 qui
588 2248 729 2299 nunc
759 2233 1004 2310 patimur.
1056 2231 1267 2295 Primus
1312 2230 1581 2309 patientia:
1607 2231 1748 2285 ﬁlius
1773 2230 1895 2295 Job,
1926 2230 2051 2300 quid

477 2342 596 2403 post
621 2333 785 2388 multa
814 2334 888 2388 ait
915 2333 940 2385 t
978 2332 1105 2403 quid
1128 2333 1270 2389 enim
1294 2332 1319 2386 ἳ
1348 2328 1614 2404 Numquid
1639 2348 1702 2385 ex
1743 2322 1943 2383 homine
1979 2345 2051 2381 re-

475 2424 735 2493 prehensio
780 2423 930 2478 mea?
966 2425 1286 2494 inculpatum
1324 2439 1383 2479 se
1430 2437 1550 2478 esse
1598 2420 1919 2493 signiﬁcans.
1982 2420 2050 2473 Et

476 2531 630 2583 quare
665 2529 766 2568 non
784 2515 975 2568 irascar
995 2514 1025 2569 ν
1047 2517 1133 2585 qui
1160 2514 1421 2584 adspicitis
1458 2529 1557 2577 me,
1587 2512 1927 2575 admiramini,
1960 2526 2052 2579 po-

477 2614 647 2658 nentes
670 2620 874 2657 manum
899 2621 1047 2673 super
1064 2605 1344 2659 maxillam.
1366 2604 1426 2660 Si
1443 2603 1574 2657 enim
1598 2601 1888 2656 recordatus
1908 2601 2050 2668 [uero

482 2696 715 2765 religiose
752 2695 875 2760 vixi,
903 2706 949 2748 et
977 2696 1175 2749 dolores
1198 2694 1414 2749 obtinent
1436 2709 1636 2747 carnem
1673 2708 1854 2746 meam.
1880 2691 2054 2756 Quare

485 2785 627 2854 impii
655 2787 821 2841 vivunt
845 2828 859 2851 ,
905 2796 950 2840 et
990 2787 1325 2840 inveterarunt
1350 2788 1402 2840 in
1422 2785 1648 2841 divitiis?
1673 2784 1854 2840 Semen
1883 2801 2052 2839 eorum

477 2882 751 2931 secundum
793 2877 1046 2942 animam,
1079 2878 1174 2946 ﬁlii
1199 2888 1367 2932 autem
1403 2894 1574 2932 eorum
1609 2878 1663 2931 in
1698 2878 1857 2932 oculis
1890 2887 2006 2933 sunt
2026 2893 2050 2930 .·

480 2970 660 3024 domus
688 2986 858 3024 eorum
885 2971 1181 3036 abundant,
1210 2972 1360 3025 timor
1399 2982 1562 3026 autem
1606 2970 1786 3025 nullibi
1815 2985 1834 3024 :
1874 2971 2054 3041 ﬂagel-

482 3063 589 3116 lum
608 3061 699 3115 Dei
717 3079 817 3116 non
844 3072 915 3116 est
941 3078 1092 3133 super
1116 3063 1253 3118 illos.
1275 3062 1379 3119 Bos
1407 3080 1577 3120 eorum
1604 3079 1705 3117 non
1732 3065 2055 3118 immaturum

482 3154 670 3224 peperit
702 3168 720 3206 :
745 3163 939 3207 servata
963 3162 1036 3208 est
1059 3153 1120 3205 ab
1146 3162 1292 3220 astu,
1320 3155 1374 3208 in
1401 3163 1569 3208 uentre
1595 3153 1783 3208 habens
1814 3170 1913 3208 non
1942 3156 2054 3225 fru—

480 3234 755 3299 strata-est.
789 3242 998 3297 Manent
1025 3251 1192 3297 autem
1217 3246 1346 3297 sicut
1373 3259 1487 3299 oves
1516 3254 1790 3314 perpetua.
1822 3243 2055 3316 Infantes

478 3351 654 3389 eorum
682 3334 953 3401 adludunt,
982 3345 1198 3390 tenentes
1217 3336 1513 3407 psalterium
1531 3346 1578 3391 et
1602 3337 1869 3402 citharam,
1892 3345 1938 3391 et
1968 3337 2058 3391 ιω.

490 3426 662 3480 lantur
688 3428 741 3480 in
784 3442 903 3481 voce
937 3427 1120 3494 psalmi
1156 3442 1176 3481 :
1204 3438 1612 3483 censummarunt
1639 3428 1693 3483 in
1727 3430 1869 3484 bonis
1905 3429 2057 3483 vitam

490 3532 663 3575 suam,
697 3525 743 3567 et
768 3515 823 3566 in
844 3515 1016 3584 requie
1035 3515 1231 3582 inferni
1261 3516 1673 3570 obdormierunt.
1709 3517 1847 3571 Dicit
1881 3530 2059 3574 autem

495 3604 719 3658 Domino
746 3620 763 3657 :
790 3602 983 3657 Recede
1022 3620 1054 3656 a
1079 3621 1178 3664 me,
1209 3605 1319 3659 vias
1343 3615 1460 3659 tuas
1494 3608 1627 3660 scire
1648 3608 1769 3661 nolo
1800 3608 1943 3680 (Job.
1967 3610 2061 3677 2i,

491 3695 677 3765 4-14).
703 3694 839 3750 Huic
861 3711 1103 3750 consona
1125 3699 1387 3753 malorum
1412 3700 1652 3754 tolerans
1671 3710 1725 3756 et
1751 3701 2058 3760 divinorum

487 3788 817 3856 jndiciorum
851 3803 1027 3858 praeco
1060 3789 1225 3844 David
1244 3791 1341 3856 ait,
1367 3790 1522 3859 juxta
1548 3791 1682 3847 illud
1708 3813 1721 3848 :
1749 3791 2059 3851 Misericor-

489 3879 633 3935 diam
659 3892 709 3936 et
729 3881 991 3952 judicium
1014 3884 1239 3937 cantabo
1262 3882 1379 3947 tibi,
1409 3883 1649 3941 Domine.
1688 3888 1863 3954 Quant
1891 3890 2057 3947 bonus

489 3973 632 4026 Deus
666 3972 858 4029 Israeli
894 3974 1048 4028 rectis
1088 3976 1242 4029 corde
1271 3973 1711 4048 (Psal.100.l.et
1737 3980 1821 4035 72.
1855 3982 1925 4052 1).
1956 3981 2063 4037 Mei

491 4077 662 4121 autem
674 4081 800 4134 pene
813 4067 1070 4121 motisunt
1088 4066 1401 4134 pedes,pene
1411 4068 1566 4138 eﬁ'usi
1583 4079 1706 4123 sunt
1721 4088 1931 4140 gressus
1958 4075 2060 4128 mei

493 4155 666 4229 (Psal.
689 4157 774 4211 72.
799 4156 875 4227 2).
900 4156 1047 4213 Cur?
1070 4157 1211 4225 Quia
1236 4159 1403 4214 solani
1426 4176 1583 4228 super
1605 4163 1812 4234 iniquos
1828 4206 1841 4228 ,
1876 4181 2057 4233 pacem

487 4257 818 4314 peccatorum
844 4247 1040 4301 videns.
1075 4245 1139 4299 Et
1169 4247 1294 4302 alibi
1326 4264 1548 4313 rursus,
1579 4265 1711 4319 opes
1738 4266 1928 4307 eorum
1964 4253 2065 4306 da-

491 4353 708 4399 mnans,
722 4338 855 4392 dicit
874 4357 886 4392 :
905 4338 1065 4392 Boves
1083 4355 1263 4392 eorum
1280 4355 1494 4405 crassw,
1515 4357 1629 4395 oues
1645 4359 1825 4396 eorum
1840 4345 2059 4413 fastose,

489 4432 815 4484 abundantes
837 4432 893 4485 iu
908 4431 1199 4500 egressibus
1223 4433 1357 4497 suis,
1380 4436 1749 4503 promptuaria
1764 4453 1945 4491 eorum
1960 4440 2065 4507 ple-

487 4540 577 4589 na,
610 4524 907 4577 eructantia
922 4538 987 4577 ea:
1006 4523 1102 4576 hoc
1119 4524 1173 4577 in
1195 4524 1329 4577 illud
1349 4541 1367 4578 :
1391 4525 1519 4594 [ilice
1534 4543 1711 4581 eorum
1736 4533 2061 4597 compositor,

485 4617 684 4665 circum
702 4624 924 4676 ornatae,
950 4623 1003 4665 ut
1022 4614 1313 4668 similitudo
1326 4614 1504 4681 templi
1519 4615 1690 4686 (Psal.
1710 4620 1832 4674 “5.
1858 4621 1945 4676 14.
1972 4623 2059 4677 15.

485 4703 595 4773 12).
625 4701 730 4758 Sed
747 4712 800 4758 et
821 4706 1016 4757 malam
1039 4720 1229 4759 eorum
1249 4709 1601 4762 concordiam
1620 4719 1672 4765 et
1686 4726 1872 4780 pacem
1889 4714 2065 4768 admi-

485 4811 615 4850 rans
630 4796 799 4850 addit:
822 4794 942 4849 Non
957 4807 1030 4849 est
1048 4798 1250 4851 clamor
1261 4800 1314 4852 in
1322 4800 1511 4866 plateis
1525 4817 1894 4874 eorum,neque
1907 4807 2065 4860 ruina

485 4889 727 4941 maceria:
744 4888 797 4941 in
813 4886 1057 4942 domibus
1077 4905 1258 4943 eorum
1279 4890 1297 4959 (
1317 4888 1455 4946 Ibid.
1474 4909 1521 4947 υ.
1546 4892 1634 4948 14.
1655 4905 1705 4948 et
1726 4895 1835 4955 15).
1858 4897 2063 4956 Deinde

483 4977 802 5045 vituperans
824 4985 1135 5047 corruptam
1158 4979 1301 5047 vulgi
1324 4981 1660 5048 opinionem,
1690 4984 1765 5038 ait
1795 5005 1805 5038 :
1833 4986 2062 5045 Beatum

489 5064 723 5117 dixerunt
749 5066 1013 5134 populum,
1041 5069 1125 5122 cui
1151 5071 1259 5124 htec
1290 5081 1424 5126 sunt.
1465 5073 1530 5128 Et
1557 5074 1704 5131 addit
1731 5095 1745 5131 :
1774 5076 1962 5135 Beatus
1982 5099 2066 5152 po-

491 5156 643 5224 pulus
671 5197 687 5223 ,
719 5159 862 5228 cujus
909 5158 1155 5216 Dominus
1200 5161 1361 5218 Iacob
1398 5167 1601 5237 adjutor
1640 5170 1771 5239 ejus.
1817 5172 1884 5226 Et
1910 5189 1975 5227 ne
1997 5189 2064 5230 eo

491 5262 657 5316 usque
687 5249 879 5304 sistens
908 5253 1207 5308 teStimonia
1234 5296 1248 5317 ,
1291 5254 1477 5312 faciam
1499 5300 1512 5321 ,
1545 5268 1601 5312 nt
1624 5261 2065 5329 perieiitetnrim-

492 5335 723 5404 perfecta
755 5340 924 5395 oratio
951 5383 965 5406 ,
995 5343 1117 5398 audi
1162 5360 1345 5401 rursus
1389 5348 1659 5405 Abbacum
1688 5368 1808 5408 cum
1833 5357 2063 5426 quodam

489 5428 700 5498 planctu
729 5443 889 5499 super
917 5432 1216 5503 hujusmodi
1260 5437 1637 5507 indignantem,
1666 5459 1730 5499 ac
1759 5446 2021 5503 dicentem
2046 5467 2060 5505 :

426 5542 437 5545 -
493 5517 778 5587 Usquequo,
810 5520 1043 5589 Domine,
1074 5527 1300 5581 clamabo
1320 5570 1335 5594 ,
1362 5529 1610 5601 injuriam
1634 5537 1824 5601 patiens
1844 5580 1859 5603 ,
1892 5549 1939 5592 et
1965 5558 2066 5595 non
2096 5576 2099 5579 η

488 5610 766 5681 e.t:audies(
803 5610 997 5668 Hebae.
1027 5618 1077 5672 1.
1106 5619 1141 5672 ‘2
1189 5621 1268 5674 -4
1294 5620 1344 5688 )?
1376 5621 1592 5691 injurias
1642 5626 1784 5679 enim
1817 5630 2062 5696 proximi,

488 5715 611 5793 suas
642 5704 943 5773 appellarit.
977 5709 1039 5763 Et
1062 5711 1280 5767 fratrum
1307 5730 1491 5769 amans
1518 5717 1698 5772 addit:
1738 5718 2067 5793 Vociferabor

489 5790 556 5842 Id
582 5800 648 5857 te,
690 5804 736 5847 et
758 5811 857 5850 non
879 5800 1111 5855 salvebis.
1144 5802 1312 5869 Quare
1335 5808 1591 5861 ostendisti
1622 5810 1746 5864 mihi
1784 5790 1981 5870 labores
2016 5828 2067 5873 et

2158 496 2366 555 doleres
2398 497 2569 555 videre
2588 500 2643 555 in
2662 516 2951 559 arumnam
2974 521 3038 561 ae
3058 506 3378 578 impietatem
3394 516 3426 572 ἔ
3436 532 3504 570 es:
3518 517 3741 578 adverso

2158 592 2260 646 mei
2277 591 2478 660 factum
2489 601 2566 645 est
2577 592 2863 662 judicium,
2882 596 3109 665 etjudex
3129 601 3339 669 accipit.
3362 603 3571 662 Idcirco
3584 608 3738 665 dissi-

2155 689 2283 747 pata
2315 689 2393 734 est
2439 680 2545 745 lex,
2588 691 2637 735 et
2684 698 2787 734 non
2835 685 3142 753 perducitur
3177 688 3441 757 judicium
3490 696 3542 748 in
3581 698 3737 765 ﬁnem

2154 770 2281 842 quia
2326 771 2518 838 impius
2565 775 2813 839 prwvalet
2862 776 3112 831 adversus
3159 778 3369 848 justum
3403 785 3526 852 (Job
3577 788 3662 842 17.
3704 794 3738 846 9

2156 854 2300 925 sqq.)
2322 853 2520 909 Eodem
2547 858 2740 926 spiritu
2762 859 2923 913 etiam
2945 862 3498 923 misericordissimus
3518 883 3737 928 sancto-

2155 957 2298 1026 rum.
2315 940 2602 1004 Jeremias.
2622 947 2881 1002 haesitans
2900 963 3013 1018 prae
3028 951 3172 1017 aliis,
3189 954 3387 1008 clamat
3409 974 3420 1008 :
3439 956 3632 1014 Justus
3658 978 3734 1026 es,

2154 1023 2661 1097 Domine,quoniam
2689 1030 2829 1098 apud
2852 1041 2898 1086 te
2926 1033 3277 1102 defensionem
3301 1040 3577 1097 instituam
3603 1061 3622 1099 :
3646 1023 3735 1100 ue;

2153 1121 2450 1166 rumtamen
2479 1112 2692 1182 judicia
2724 1116 2912 1186 loquar
2944 1122 3013 1173 ad
3046 1134 3123 1187 te,
3156 1123 3397 1180 Domine.
3436 1131 3616 1196 Quare
3650 1136 3736 1189 uia

2149 1210 2485 1291 peccatorum
2519 1211 2899 1291 prosperatur.’
2925 1210 3196 1291 abundant
3234 1233 3436 1291 omnes,
3470 1223 3559 1289 qui
3591 1239 3728 1291 prae-

2145 1279 2454 1330 uaricantur
2475 1279 2958 1346 praevaricationes.
2996 1280 3267 1338 Plantasti
3289 1302 3377 1341 eos
3397 1279 3429 1351 ,’
3446 1279 3493 1343 εἰ
3519 1279 3723 1351 radices

2144 1374 2358 1437 egerunt
2373 1366 2499 1436 (hoc
2520 1374 2626 1430 est,
2651 1367 2880 1423 licenter
2901 1371 3135 1439 vivunt),
3158 1383 3206 1426 et
3232 1374 3467 1443 fecerunt
3491 1380 3724 1450 fructum

2146 1459 2166 1515 l
2181 1475 2291 1513 non
2330 1460 2490 1530 plane
2522 1461 2793 1530 spiritus)
2830 1480 2845 1516 :
2881 1465 3204 1535 propinquus
3234 1484 3289 1521 es
3321 1471 3404 1524 ori
3433 1488 3637 1539 eorum,
3673 1485 3724 1530 et

2147 1552 2298 1628 longe
2326 1566 2360 1603 a
2387 1550 2603 1628 renibus
2646 1567 2827 1606 eorum
2858 1552 3011 1620 (Jer.
3041 1556 3127 1610 12.
3168 1561 3215 1612 1.
3257 1558 3348 1628 2).
3403 1561 3497 1618 His
3541 1574 3723 1621 autem

2149 1627 2374 1679 omnino
2399 1627 2551 1693 paria
2580 1629 2800 1696 sapiens
2820 1631 3086 1699 propheta
3126 1627 3439 1704 Soplmnias
3464 1635 3594 1709 [imo
3621 1639 3734 1692 Ma-

2150 1712 2384 1785 lachias]
2411 1754 2427 1777 ,
2471 1714 2723 1773 homines
2769 1727 2828 1773 ut
2855 1720 3154 1777 maledicos
3188 1724 3449 1794 culpsns,
3496 1730 3590 1797 qni
3637 1727 3732 1784 Dei

2150 1801 2552 1869 providentiam
2580 1817 2864 1868 accusant,
2885 1816 3218 1879 sanctosque
3247 1813 3483 1870 miseros
3512 1817 3726 1877 dicunt.

2154 1893 2220 1949 ex
2234 1893 2466 1949 persona
2487 1879 2696 1935 Domini
2722 1883 2828 1938 ait:
2849 1882 3178 1955 Ingraeastis
3191 1904 3348 1958 super
3370 1906 3454 1945 me
3470 1906 3739 1949 sermones

2154 1979 2382 2035 uestros,
2409 1973 2485 2025 ait
2515 1971 2770 2028 Dominus
2791 2014 2805 2037 ,
2843 1986 2893 2030 et
2930 1977 3145 2034 dixistis
3176 1995 3194 2034 :
3245 1979 3308 2035 In
3340 2000 3441 2053 quo
3467 1994 3653 2041 contra
3683 1998 3738 2041 te

2156 2055 2323 2111 locuti
2350 2075 2532 2112 sumus
2553 2062 2579 2115 7
2613 2060 2838 2116 Dixistis
2886 2079 2906 2116 :
2951 2062 3153 2127 Vanus,
3191 2069 3283 2136 qui
3312 2071 3469 2124 servit
3504 2070 3633 2126 Deo.
3665 2072 3733 2126 Et

2151 2141 2274 2210 quid
2302 2142 2518 2209 amplius
2554 2144 2695 2196 nobis
2714 2187 2725 2201 ,
2780 2145 2902 2215 quia
2937 2147 3293 2203 custodivimus
3319 2150 3557 2204 mandata
3585 2152 3693 2222 ejus
3714 2193 3736 2215 ,

2153 2241 2200 2284 et
2241 2232 2357 2301 quia
2417 2232 2786 2291 ambulavimus
2828 2237 3082 2303 supplices
3139 2249 3257 2293 ante
3303 2241 3485 2311 {aciem
3529 2239 3735 2296 Domini

2155 2324 2509 2393 omnipotentis
2532 2326 2558 2379 ?
2585 2333 2633 2379 et
2660 2342 2794 2380 nunc
2821 2344 2914 2381 nos
2943 2328 3282 2397 beatiﬁcamus
3306 2332 3516 2398 alienos,
3543 2343 3589 2387 et
3606 2335 3734 2388 tedi-

2153 2415 2372 2489 ﬁgantur
2405 2432 2577 2470 omnes
2597 2458 2613 2481 ,
2663 2419 2752 2488 qui
2789 2418 2981 2490 faciunt
3024 2419 3296 2488 injustitias
3326 2465 3340 2485 ,
3372 2432 3417 2478 et
3452 2425 3738 2479 restiterunt

2156 2514 2285 2581 Deo,
2315 2527 2362 2569 et
2402 2511 2588 2570 seruati
2625 2521 2762 2566 sunt.
2804 2510 2931 2566 Haec
2956 2511 3209 2582 obloquuti
3255 2525 3407 2581 sunt,
3451 2517 3537 2583 qui
3564 2516 3738 2570 timent

2154 2605 2453 2674 Dominum,
2476 2603 2816 2678 umigquisque
2835 2602 2903 2655 ad
2920 2604 3203 2673 proximum
3219 2621 3364 2658 suum
3390 2606 3408 2675 (
3421 2605 3471 2659 Μ
3475 2607 3544 2660 al.
3569 2608 3737 2663 5.15-

2156 2698 2295 2770 16).
2317 2698 2519 2767 Quibus
2556 2694 2752 2754 similia
2813 2693 2998 2760 infert,
3033 2695 3243 2764 pietatis
3277 2711 3472 2767 parco,
3504 2696 3694 2752 Paulus
3719 2714 3739 2752 :

2158 2789 2288 2844 Mali
2311 2799 2480 2844 autent
2507 2791 2732 2846 homines
2758 2800 2804 2844 et
2844 2786 3132 2844 seductores
3188 2787 3451 2856 proﬁcient
3478 2788 3529 2840 in
3556 2791 3699 2860 pejus
3716 2829 3737 2855 ,

2155 2894 2412 2950 errantes,
2441 2885 2488 2937 ei
2518 2884 2571 2937 in
2616 2900 2832 2938 errorem
2880 2884 3128 2937 mittentes
3179 2877 3198 2948 (
3226 2878 3280 2932 2.
3327 2878 3458 2932 Tim.
3506 2881 3658 2935 5.15
3692 2880 3732 2951 ).

2162 2976 2364 3031 Deinde
2421 2984 2730 3031 sanctorum
2787 2975 3042 3030 vilitatem
3084 2970 3405 3040 designans,
3459 2969 3744 3025 ait:Puto

2157 3067 2288 3121 enim
2319 3065 2457 3137 quod
2487 3065 2623 3121 Deus
2644 3083 2734 3120 nos
2758 3065 3012 3136 apostolos
3040 3063 3338 3122 novissimos
3361 3063 3735 3127 demonstrauit.

2155 3157 2300 3226 quasi
2328 3157 2479 3211 morti
2521 3157 2796 3212 destinatos
2825 3175 2842 3212 :
2887 3160 3004 3229 quia
3026 3160 3369 3230 spectaculum
3409 3157 3534 3232 facti
3563 3172 3736 3209 sumus

2155 3248 2346 3304 mundo
2370 3257 2417 3304 et
2440 3250 2631 3320 angelis
2663 3257 2709 3303 et
2735 3249 3034 3304 hominibus.
3060 3249 3199 3303 Nam
3227 3267 3382 3319 usque
3408 3251 3462 3305 in
3489 3251 3621 3305 hanc
3654 3246 3739 3299 ho-

2156 3356 2268 3394 ram
2307 3348 2356 3393 et
2400 3341 2646 3393 esurimus
2671 3350 2719 3393 et
2742 3340 2935 3395 sitimus
2981 3350 3029 3394 et
3073 3342 3198 3396 nudi
3225 3359 3395 3397 smnus
3436 3353 3481 3397 et
3510 3340 3738 3413 colaphis

2157 3432 2399 3486 caedimur
2427 3441 2473 3486 et
2522 3431 2779 3488 instabiles
2822 3450 2999 3488 sumus
3050 3441 3096 3487 et
3148 3435 3425 3505 fatigamur
3475 3445 3741 3504 operantes

2160 3521 2391 3576 manibus
2441 3522 2626 3576 nostris
2670 3538 2689 3576 :
2735 3537 3019 3591 corporeas
3060 3538 3325 3578 terumnas
3372 3525 3732 3580 dinumerans.

2162 3613 2539 3676 Maledicimur,
2573 3622 2620 3667 et
2652 3612 3017 3677 benedicimus;
3035 3613 3465 3685 persequutionem
3493 3616 3735 3686 patimur,

2159 3714 2207 3759 et
2254 3706 2595 3771 sustinemus;
2636 3704 3061 3775 blasphemamur,
3105 3715 3152 3758 et
3204 3705 3556 3773 obsecramus;
3603 3717 3734 3760 tant-

2159 3811 2310 3865 quam
2337 3805 2667 3866 purgamenta
2698 3796 2875 3848 mundi
2915 3796 3040 3865 [acti
3074 3813 3279 3861 sumus,
3325 3798 3546 3850 omnium
3570 3799 3736 3867 perip-

2159 3904 2296 3942 sema
2345 3904 2500 3957 usque
2557 3888 2774 3958 adhuc(
2825 3890 2874 3943 1.
2902 3888 3019 3943 Cor.
3050 3889 3103 3943 4.
3157 3888 3379 3961 9-15);
3430 3906 3550 3945 cum
3600 3890 3741 3946 Deus

2162 3982 2352 4046 bonus,
2371 3991 2424 4035 et
2439 3981 2632 4050 justus,
2655 3981 2945 4036 secundum
2966 3997 3188 4036 arcanas
3211 3982 3467 4054 quasdam
3482 3983 3750 4051 rationes,

2162 4071 2316 4125 stadii
2344 4072 2528 4136 instar,
2554 4072 2808 4126 mundum
2830 4073 3124 4141 explicarit,
3142 4083 3197 4127 et
3225 4074 3392 4127 nostri
3416 4075 3618 4130 arbitrii
3642 4091 3742 4131 nos

2165 4162 2368 4228 iecerit,
2394 4170 2453 4217 ut
2475 4164 2686 4232 prepria
2708 4164 2976 4217 voluntate
3003 4180 3113 4218 rem
3157 4166 3548 4235 aggredientes,
3569 4167 3745 4235 justas

2167 4266 2351 4323 pinnas
2377 4253 2667 4318 solvamus,
2682 4253 2817 4309 sicut
2837 4253 2944 4308 Lex
2967 4256 3041 4308 ait
3061 4273 3073 4307 :
3098 4254 3255 4309 Poeni
3268 4267 3387 4311 ante
3407 4257 3584 4327 faciem
3604 4269 3741 4311 tuam

2163 4342 2318 4396 vitam
2380 4352 2429 4396 et
2468 4351 2679 4396 mortem
2717 4343 2891 4414 :elige
2929 4345 3062 4413 quod
3099 4344 3173 4397 vis
3213 4343 3233 4416 (
3271 4344 3433 4399 Eccli.
3475 4348 3561 4402 15.
3607 4348 3674 4402 18
3699 4349 3741 4418 ).

2165 4434 2275 4489 Cur
2298 4444 2473 4489 autem
2500 4435 2738 4505 posuerit
2762 4477 2777 4501 ,
2822 4451 2926 4490 non
2956 4447 3038 4491 est
3081 4437 3235 4505 hujus
3266 4441 3519 4508 temporis
3545 4439 3748 4507 dicere,

2168 4525 2268 4579 nisi
2312 4524 2450 4593 quod
2481 4526 2673 4594 posuit.
2712 4525 2894 4596 Neque
2921 4527 3062 4581 enim
3103 4529 3374 4598 sapientia:
3405 4530 3617 4594 fuisset,
3649 4546 3749 4584 nos

2169 4615 2605 4672 inconvertibiles
2640 4632 2761 4672 esse
2786 4615 2952 4673 factos
2975 4660 2991 4684 ,
3015 4619 3172 4674 nullis
3205 4622 3487 4690 propositis
3516 4623 3751 4691 praemiis

2168 4718 2222 4762 et
2263 4717 2443 4763 mente
2474 4725 2576 4763 non
2609 4720 2755 4764 recte
2782 4725 2824 4774 a;
2848 4719 3007 4765 ente:
3042 4712 3441 4768 inconvertibile
3481 4717 3621 4769 enim
3647 4714 3750 4769 soli

2169 4801 2281 4855 Deo
2304 4799 2629 4869 sempiterno
2679 4802 2942 4871 congruit.
2974 4801 3125 4856 Duc.
3157 4802 3419 4858 Prmclare
3445 4812 3498 4859 et
3531 4805 3746 4876 sapien-

2171 4901 2251 4947 ter
2282 4890 2579 4957 occurristi,
2606 4891 2783 4955 Pater,
2823 4895 3161 4961 praesentium
3193 4896 3382 4950 mentis
3422 4897 3603 4952 oculos
3630 4898 3751 4951 illn-

2170 4980 2396 5049 minans,
2423 4982 2514 5053 qui
2541 4982 2599 5038 in
2627 4981 2712 5037 his
2741 4998 2956 5054 semper
2974 4983 3247 5039 offendunt
3268 4985 3338 5040 ob
3358 4986 3749 5057 Scripturarum

2170 5072 2487 5143 imperitiam
2535 5090 2548 5127 :
2585 5083 2639 5128 et
2680 5076 2802 5145 quia
2836 5074 2928 5129 ditt
2970 5077 3302 5147 gymnasium
3335 5078 3573 5135 Ecclesia
3614 5079 3751 5145 fuit,

2174 5172 2400 5228 victores
2427 5186 2552 5228 suos
2602 5172 2895 5228 ostendens
2932 5176 3075 5227 viros
3095 5189 3158 5229 ac
3181 5174 3452 5241 mulieres,
3495 5178 3753 5232 anteactis

2173 5262 2501 5332 temporibus
2530 5303 2545 5327 ,
2570 5260 2768 5317 Christi
2817 5278 3033 5318 cantem
3072 5278 3176 5317 non
3219 5266 3384 5335 gratis
3432 5265 3751 5321 comedisse.

2172 5354 2464 5411 Contristat
2508 5365 2685 5409 autem
2729 5371 2827 5410 nos
2869 5364 3041 5410 vestra
3073 5356 3389 5410 instabilitas
3436 5372 3530 5411 seu
3572 5373 3752 5427 perse-

2172 5458 2377 5518 quutto,
2402 5458 2562 5517 atque
2585 5447 2937 5503 Ecclesiarum
2954 5448 3246 5502 subversio.
3265 5447 3365 5502 Er.
3389 5447 3462 5520 (α)
3496 5448 3653 5502 Miror
3679 5458 3750 5513 te,

2173 5538 2407 5592 virorum
2461 5539 2871 5593 honoratissimo
2894 5578 2909 5603 ,
2943 5537 3242 5602 Theodore,
3273 5539 3362 5609 qui
3405 5539 3751 5608 multiplicem

2176 5630 2456 5685 utilitatem
2484 5630 2764 5685 confessus
2785 5646 2967 5684 rursus
2989 5631 3255 5685 contraria
3287 5631 3538 5701 loqueris.
3564 5630 3753 5685 Beatos

2176 5722 2315 5776 enim
2345 5737 2442 5775 nos
2470 5721 2764 5793 prredieans
2790 5731 2850 5775 ut
2870 5720 3121 5788 victores,
3153 5721 3482 5777 miserabiles
3522 5721 3654 5776 dicis
3693 5732 3753 5778 ut

2241 5828 2313 5891 (α)
2346 5828 2426 5877 llic
2447 5827 2559 5891 inci;
2573 5827 2610 5877 it
2632 5823 2955 5891 fragmentum
2974 5827 3209 5893 Cujacian.
3233 5828 3283 5878 in
3302 5825 3421 5878 edit.
3445 5831 3518 5877 ιιι.
3541 5830 3723 5877 ουτω.
