4122 6386
452 443 527 502 Ἰδ
1443 440 1533 496 DE
1574 440 1733 496 VITA
1773 439 1831 496 S.
1871 430 2157 496 JOANNTS
2194 437 2694 495 CHRYSOSTOMI.
3628 443 3699 496 '76

450 563 656 619 τίδικον
711 558 899 625 ἔταξεν
968 558 1167 632 ἀρετὴν
1188 599 1203 623 ,
1249 560 1326 624 ὡς
1368 563 1437 632 τῇ
1500 560 1723 632 λαγνείᾳ
1783 559 1884 631 τὴν
1933 574 2040 611 σω-

451 644 747 717 φροσύνην.
781 646 847 714 τῇ
877 642 1184 713 λαιμαργία
1214 642 1312 715 τὴν
1353 644 1700 712 ἐγκράτειαν,
1728 644 1795 713 τῇ
1836 641 2021 694 πλεον-

450 731 568 803 εξίᾳ
618 730 718 801 τὴν
777 727 1152 799 δικαιοσύνην,
1217 731 1282 800 τῇ
1339 729 1476 800 ὀργῇ
1544 729 1642 799 τὴν
1700 727 2021 799 πραΰτητα,

450 820 518 888 τῇ
547 815 693 888 λύπῃ
741 813 839 883 τὴν
885 811 1081 882 χαράν,
1121 815 1187 883 τῇ
1217 812 1355 885 λήθῃ
1396 813 1495 883 τὴν
1523 814 1763 884 μνήμην,
1793 813 1858 881 τῇ
1891 810 2025 879 ἀκη-

449 899 535 973 δίᾳ
586 898 684 968 τὴν
731 895 1049 973 ὑπομονὴν,
1113 898 1178 967 τῇ
1232 894 1508 966 ἀφροσύνῃ
1567 895 1665 965 τὴν
1729 895 2022 965 φρόνησιν,

449 969 519 1053 τῇ
557 981 730 1051 δειλίᾳ
766 981 866 1050 τὴν
911 969 1195 1049 ἀνδρείαν,
1229 982 1296 1050 τῇ
1345 978 1617 1049 κενοδοξία
1642 978 1741 1050 τὴν
1773 994 2026 1030 ταπεινο-

451 1065 745 1137 φροσύνην,
801 1064 896 1117 καὶ
949 1064 1082 1134 ἄλλῃ
1131 1063 1297 1134 ἀλλην
1325 1081 1336 1093 ·
1371 1062 1573 1125 πάσαις
1619 1062 1675 1115 δὲ
1725 1060 1822 1132 τὴν
1876 1059 2025 1113 θείαν

449 1152 675 1224 Γραφήν
696 1169 708 1179 ·
738 1149 883 1219 μόνῳ
907 1149 964 1201 δὲ
990 1147 1069 1217 τῷ
1097 1146 1252 1218 τύφῳ
1283 1147 1382 1199 οὐκ
1422 1146 1621 1199 ἔδωκεν
1651 1144 1849 1216 ἀρετὴν
1877 1146 2023 1200 ἀντι-

450 1233 709 1304 κειμένην
732 1232 819 1284 διά
846 1233 945 1300 τὴν
983 1230 1426 1301 ὑπερϐάλλουσαν
1448 1230 1668 1289 κακίαν.
1704 1228 1894 1283 ἑαυτὸν
1928 1230 2025 1283 αὐ-

448 1320 516 1387 τῇ
545 1314 788 1385 φυλάξας
810 1356 824 1379 ,
856 1313 1039 1378 καθὼς
1068 1316 1313 1384 εἴρηκεν·
1353 1313 1416 1365 Ὀ
1445 1314 1588 1377 Θεὸς
1616 1310 2026 1381 ὑπερηφάνοις

450 1399 898 1453 ἀντιτάσσεται·
933 1398 1008 1461 ὡς
1052 1399 1081 1451 6
1114 1397 1276 1460 αὐτὸς
1318 1395 1550 1450 ἱκετεύει
1582 1396 1890 1466 προφήτης,
1935 1393 2024 1446 λέ-

450 1500 584 1552 γων·
626 1485 891 1549 Ἔπαρον
918 1482 1025 1548 τὰς
1057 1480 1261 1549 χεῷάς
1288 1497 1404 1534 σου
1433 1480 1534 1532 ἐπὶ
1576 1479 1685 1545 τὰς
1716 1482 2024 1548 ὑπερηφα-

449 1569 590 1633 νίας
635 1565 835 1620 αύτῶν
887 1568 975 1632 εἰς
1009 1566 1205 1631 τέλος·
1259 1564 1354 1617 καὶ
1400 1563 1582 1624 πάλιν,
1622 1563 1863 1628 Ἀπόδος
1887 1564 2026 1617 άντ-

451 1650 751 1704 απόδοσιν
777 1648 901 1714 τοῖς
938 1647 1371 1718 ὑπερηφάνοις.
1422 1648 1531 1700 Καὶ
1553 1646 1742 1718 ὥσπερ
1770 1646 1877 1700 ἀπὸ
1928 1646 2024 1700 τοῦ

452 1731 666 1802 καρποῦ
689 1730 750 1783 τὸ
773 1730 987 1802 δένδρον
1040 1730 1386 1802 γνωρίζεται,
1413 1730 1487 1787 ὡς
1538 1732 1566 1784 6
1611 1728 1814 1799 Κύριος
1846 1724 2021 1782 εἶπεν·

465 1814 567 1867 Ἐκ
622 1812 743 1866 τῶν
778 1812 1022 1882 καρπῶν
1066 1812 1264 1868 αὐτῶν
1317 1811 1723 1882 ἐπιγνώσεσθε
1781 1813 2022 1877 αὐτούς·

451 1894 624 1959 οὕτως
645 1896 874 1960 ἕκαστος
920 1896 1028 1949 τῶν
1081 1895 1403 1966 ἀνθρώπων,
1457 1895 1567 1948 εἴτε
1619 1894 1786 1947 ὄντων
1832 1894 2021 1962 ἁγίων,

453 1980 562 2032 εἴτε
603 1979 699 2032 καὶ
726 1980 1051 2050 λεγομένων.
1081 1979 1237 2033 Οὕτω
1282 1978 1339 2031 δὲ
1368 1977 1601 2032 πάντοτέ
1646 1980 1783 2031 εἰσιν
1824 1979 1881 2031 αἱ
1916 1977 2025 2030 τῶν

451 2060 640 2117 κακῶν
686 2062 929 2116 άσειστοι
962 2061 1275 2133 εὐημερίαι,
1301 2061 1396 2115 τοῦ
1424 2060 1559 2114 Θεοῦ
1592 2062 1679 2113 ἐπ’
1706 2062 1890 2125 αὐτοῖς
1920 2077 2025 2130 μα-

450 2145 875 2214 κροθυμοῦντος.
920 2145 1089 2198 Τοῦτο
1138 2144 1247 2215 γὰρ
1297 2144 1447 2214 αὐτῷ
1490 2145 1722 2215 πρέπει,
1770 2144 1846 2206 ὡς
1898 2144 2026 2204 τοὺς

450 2226 641 2295 ἁγίους
678 2229 810 2281 αὐτὸ
861 2227 1019 2281 τοῦτο
1072 2229 1136 2280 ὲκ
1188 2226 1480 2296 προσώπου
1539 2226 1648 2280 τῶν
1695 2226 2026 2296 θλιϐομένων

451 2313 884 2382 προαναφωνεῖν,
913 2314 993 2374 εἰς
1023 2311 1183 2381 ἡμῶν
1210 2310 1320 2363 τῶν
1360 2309 1458 2366 νῦν
1506 2310 1826 2380 πασχόντων
1850 2310 2025 2380 παρά-

450 2394 663 2463 κλησιν.
696 2393 918 2465 Πρῶτος
949 2397 978 2448 6
1002 2394 1099 2465 τῆς
1125 2395 1404 2464 ὑπομονῆς
1459 2394 1574 2458 υἱὸς
1630 2392 1750 2446 Ἰὼϐ
1795 2394 1848 2445 τί
1893 2409 2025 2461 φησι

453 2478 592 2549 μετὰ
622 2477 826 2541 πολλάς
854 2479 905 2531 τί
933 2479 1070 2548 γάρ;
1130 2478 1227 2544 Μὴ
1272 2477 1341 2541 ἐξ
1371 2475 1682 2544 ἀνθρώπου
1716 2478 1750 2544 ἠ
1787 2476 2027 2545 ἐλεγξίς

444 2579 597 2631 pou;
623 2562 684 2615 τὸ
720 2560 1010 2631 ἄμεμπτον
1042 2561 1440 2630 αἰνιττόμενος.
1476 2562 1553 2614 Ἦ
1585 2560 1682 2615 διὰ
1733 2561 1790 2613 τί
1817 2561 1889 2614 οὐ
1925 2563 2028 2613 θυ-

445 2643 836 2714 μωθήσομαι;
888 2644 1324 2712 είσϐλέψαντες
1351 2646 1440 2709 είς
1491 2642 1615 2709 ἐμὲ,
1647 2643 2024 2711 θαυμάσατε,

450 2727 619 2796 χεῖρα
650 2727 853 2795 θέντες
885 2728 985 2780 ἐπὶ
1032 2729 1287 2795 σιαγόνι.
1339 2725 1475 2780 Ἐάν
1497 2743 1561 2780 τε
1595 2726 1705 2796 γὰρ
1735 2726 2026 2794 μνησθῶ,

449 2809 818 2872 ἐσπούδακα,
860 2810 1075 2880 ἔχουσι
1111 2808 1180 2863 δέ
1215 2828 1335 2880 μου
1391 2810 1497 2876 τὰς
1523 2807 1756 2877 σάρκας
1796 2808 2023 2863 ὀδύναι.

449 2894 555 2947 Διά
588 2894 646 2947 τί
669 2894 909 2960 ἀσεϐεῖς
943 2892 1102 2957 ζῶσι,
1139 2892 1584 2947 πεπαλαίωνται
1626 2891 1694 2945 δὲ
1739 2892 1809 2945 έν
1836 2894 2027 2946 πλού-

449 2992 571 3040 np;
615 2978 671 3030 Ὀ
697 2979 924 3047 σπόρος
953 2976 1152 3031 αὐτῶν
1180 2977 1331 3031 κατὰ
1367 2974 1600 3044 ψυχὴν.
1650 2976 1723 3029 τὰ
1755 2974 1822 3027 δὲ
1847 2973 2030 3029 τέκνα

448 3060 650 3115 αὐτῶν
703 3060 775 3114 έν
828 3060 1176 3130 ὀφθαλμοῖς·
1210 3062 1266 3114 οί
1303 3056 1455 3114 οἴκοι
1511 3057 1710 3113 αὐτῶν
1741 3058 2030 3126 εὐθηνοῦ-

448 3159 574 3208 σιν,
609 3144 793 3212 φόϐος
818 3143 886 3197 δὲ
907 3144 1194 3215 οὐδαμοῦ·
1225 3143 1448 3213 μάστιξ
1478 3144 1698 3211 Κυρίου
1724 3144 1836 3195 οὑκ
1856 3141 2031 3196 ἔστιν

449 3228 543 3280 ἐπ’
600 3228 843 3293 αύτούς.
893 3228 957 3281 Ἠ
1012 3227 1171 3293 ,ϐοῦς
1212 3226 1414 3282 αὐτῶν
1462 3229 1574 3281 οὐκ
1619 3226 2025 3294 ὡμοτόκησεν·

449 3310 700 3377 διεσώθη
722 3310 791 3363 δὲ
817 3311 937 3364 ἀπὸ
966 3313 1286 3377 καύματος·
1314 3312 1383 3364 ἐν
1411 3311 1618 3379 γαστρί
1646 3311 1878 3379 ἔχουσα
1916 3312 2027 3364 οὐκ

450 3393 744 3463 ἔσφαλεν.
771 3393 1041 3448 Μένουσι
1072 3394 1141 3447 δὲ
1168 3393 1373 3461 ὥσπερ
1412 3396 1675 3463 πρόϐατα
1694 3394 1919 3448 αὶώνια.
1954 3393 2030 3448 Τά

448 3478 518 3531 δὲ
578 3477 785 3531 παιδία
847 3476 1048 3532 αὐτῶν
1088 3477 1595 3546 προσπαίζουσιν,
1648 3478 2029 3531 ἀναλαϐόντα

447 3560 787 3630 ψαλτήριον
808 3562 907 3618 καί
942 3561 1209 3630 κιθάραν,
1250 3561 1350 3615 καί
1396 3561 1815 3630 εὐφραίνονται
1859 3558 2029 3629 φωνῇ

448 3645 716 3715 ψαλμοῦ·
747 3644 1158 3699 συνετέλεσαν
1181 3645 1250 3697 ἐν
1293 3644 1536 3713 ἀγαθοῖς
1575 3643 1691 3711 τὴν
1730 3642 1884 3709 ζωὴν
1924 3645 2031 3697 αὐ-

448 3730 587 3793 τῶν,
616 3729 688 3782 ἐν
712 3729 781 3783 δέ
812 3728 887 3797 τῇ
911 3730 1248 3783 ἀναπαύσει
1280 3728 1387 3782 τοῦ
1416 3728 1565 3796 ᾅδου
1595 3727 2025 3795 ἐκοιμήθησαν.

450 3811 620 3882 Λέγει
672 3812 740 3867 δὲ
792 3812 871 3879 τῷ
911 3814 1124 3880 Κυρίῳ,
1189 3813 1447 3867 Ἀπόστα
1496 3812 1598 3865 ἀπ’
1638 3810 1807 3879 ἐμοῦ,
1849 3810 2030 3875 όδούς

448 3913 566 3951 σου
594 3896 813 3951 ειδέναι
847 3899 919 3951 οὐ
945 3897 1264 3967 βούλομαι.
1314 3895 1501 3967 Τούτῳ
1533 3894 1741 3967 συνῳδὰ
1781 3897 1809 3948 6
1853 3892 2029 3957 ἀνεξί-

450 3997 639 4044 κακος,
696 3982 790 4034 καὶ
842 3980 948 4033 τῶν
1006 3979 1167 4033 θείων
1199 3980 1368 4052 ᾀστὴς
1418 3979 1723 4051 κριμάτων,
1767 3977 1906 4030 κατά
1931 3976 2024 4040 τὸ,

452 4065 672 4118 Ἕλεον
695 4064 794 4117 καί
830 4064 1036 4132 κρίσιν
1065 4062 1290 4133 ᾄσομαι
1333 4078 1453 4122 σοι.
1501 4063 1697 4129 Κύριε,
1729 4059 1894 4113 Δα-.τδ
1922 4077 2026 4129 φη-

452 4163 555 4201 σιν.
594 4148 693 4213 Ὠς
713 4147 936 4215 ἀγαθὸς
964 4150 997 4201 ὀ
1031 4148 1177 4213 Θεὸς
1203 4146 1282 4212 τῷ
1315 4145 1555 4215 Ἰσραὴλ
1580 4144 1708 4210 τοῖς
1727 4142 1929 4197 εὐθέσι
1953 4141 2029 4211 τῇ

449 4229 680 4297 καρδίᾳ.
725 4230 905 4298 Ἐμοῦ
933 4230 1004 4283 δὲ
1034 4230 1195 4297 παρὰ
1239 4229 1460 4299 μικρὸν
1495 4228 1923 4293 ἐσαλεύθησαν
1973 4228 2030 4279 οί

448 4312 651 4379 πόδες·
687 4314 824 4381 παρ’
855 4313 1063 4379 ὀλίγον
1098 4312 1356 4381 ἐξεχύθη
1406 4310 1478 4364 τὰ
1524 4308 1855 4379 διαϐήματά
1882 4326 2020 4378 μου.

450 4395 549 4449 Διά
570 4396 660 4461 τίς
702 4396 824 4448 Ὅτι
852 4394 1124 4463 ἐζήλωσα
1154 4395 1251 4448 ἐπὶ
1298 4394 1422 4460 τοῖς
1460 4394 1726 4462 ἀνόμοις,
1779 4392 2029 4460 εὶρήνην

450 4478 813 4549 ἁμαρτωλῶν
841 4479 1097 4548 θεωρῶν.
1127 4480 1236 4533 Καὶ
1264 4481 1322 4531 ὲν
1354 4478 1528 4548 ἑτέρῳ
1554 4477 1717 4530 πάλιν
1736 4475 1828 4530 τὸν
1866 4474 2029 4529 πλοῦ-

448 4579 539 4616 τον
565 4561 742 4616 αὐτῶν
769 4562 1068 4617 διαϐάλλων
1093 4563 1259 4631 λέγει·
1305 4565 1368 4615 Ol
1397 4562 1546 4627 βόες
1567 4557 1768 4614 αὐτῶν
1787 4557 2023 4627 παχεῖς,

450 4646 523 4701 τὰ
570 4648 831 4715 πρόϐατα
894 4645 1092 4700 αὐτῶν
1144 4644 1485 4705 πολυτόκα,
1532 4646 1920 4710 πληθύνοντα
1957 4642 2028 4694 ἐν

448 4728 579 4795 ταῖς
607 4729 839 4793 ἐξόδοις
885 4729 1103 4783 αὐτῶν·
1164 4732 1237 4782 τά
1294 4727 1502 4797 ταμεῖα
1550 4726 1749 4781 αὐτῶν
1795 4723 2025 4791 πλήρη,

449 4813 878 4882 ἐξερευγόμενα
904 4814 974 4866 ἐκ
1016 4814 1230 4866 τούτου
1266 4814 1354 4878 είς
1382 4811 1577 4865 τοῦτο·
1610 4813 1670 4863 αί
1707 4806 2027 4877 θυγατέρες

450 4895 650 4950 αὐτῶν
678 4895 1257 4965 κεκαλλωπισμέναι,
1317 4893 1894 4963 περικεκοσμημέναι
1945 4893 2027 4957 ὡς

451 4981 712 5049 ὁμοίωμα
738 4977 910 5031 ναοῦ.
947 4978 1106 5031 Ἀλλά
1129 4980 1223 5031 καί
1254 4978 1352 5048 τὴν
1373 4977 1549 5048 κακὴν
1575 4976 1752 5030 αὐτῶν
1775 4975 2028 5046 ὁμόνοιαν

451 5064 546 5117 καὶ
567 5063 791 5134 εἰρήνην
817 5061 1130 5132 θαυμάζων,
1167 5062 1440 5133 ἐπιφέρει·
1472 5062 1595 5114 οὐκ
1621 5059 1755 5113 ἔστι
1792 5060 2025 5128 κραυγὴ

449 5147 523 5200 ἐν
546 5146 676 5211 ταῖς
715 5145 1024 5211 πλατείαις
1051 5145 1270 5209 αὐτῶν,
1320 5143 1464 5199 οὐδὲ
1493 5141 1850 5211 κατάπτωμα
1875 5159 2025 5211 φρα-

452 5227 605 5298 γμοῦ
641 5229 711 5281 ἐν
738 5229 864 5294 τοῖς
892 5230 1082 5295 οικοις
1108 5228 1324 5283 αὐτῶν.
1357 5222 1491 5280 Εἶτα
1526 5226 1625 5296 τὴν
1676 5226 1784 5279 τῶν
1815 5223 2028 5277 πολλῶν

451 5311 749 5365 διαϐάλλων
781 5310 1178 5382 διεφθαρμένην
1200 5308 1375 5375 δόξαν,
1407 5310 1590 5379 φησίν·
1626 5306 2028 5377 Ἐμακάρισαν

453 5394 561 5447 τὸν
584 5394 759 5454 λαὸν.
793 5388 841 5460 ᾧ
879 5393 1063 5448 ταῦτά
1110 5396 1299 5449 ἐστιν.
1350 5391 1454 5446 Καὶ
1499 5391 1779 5462 ἐπιφέρει·
1825 5389 2026 5443 Μακά-

447 5494 577 5545 ριος
597 5481 630 5531 ὀ
652 5477 821 5544 λαὸς,
852 5474 925 5533 οὗ
957 5479 1170 5545 Κύριος
1190 5481 1223 5530 ό
1255 5476 1399 5543 Θεὸς
1440 5475 1647 5531 Ἰακὼϐ
1667 5473 1893 5541 ,ϐοηθὸς
1916 5475 2022 5527 αύ-

454 5560 581 5615 τοῦ.
617 5561 725 5615 Καὶ
751 5561 837 5613 ἵνα
865 5560 939 5631 μὴ
984 5560 1144 5632 μέχρι
1186 5559 1375 5613 τούτου
1438 5560 1639 5627 στήσας
1670 5557 1770 5621 τὰς
1811 5574 2025 5629 μαρτυ-

456 5642 597 5706 οίας,
626 5644 960 5697 ἐπικίνδυνον
1017 5642 1283 5709 ἀποδείξω
1314 5644 1379 5713 τῇ
1419 5640 1637 5711 ἀτελείᾳ
1692 5641 1785 5693 τὸν
1845 5639 2025 5707 λόγον,

454 5725 618 5779 ἄκουε
640 5726 799 5780 πάλιν
823 5725 961 5797 μετά
990 5725 1414 5797 στερνοκτυπίας
1440 5724 1585 5786 τινὸς
1608 5723 1700 5775 ἐπὶ
1725 5725 1840 5786 τοῖς
1858 5722 2028 5775 τοιούο

454 5822 568 5871 τοις
590 5807 681 5861 τὸν
716 5809 1036 5880 Ἀμϐακοὺμ
1082 5807 1580 5879 ἀποδυσφοροῦντα,
1626 5805 1720 5859 καὶ
1775 5804 2022 5874 λέγοντα·

456 5887 610 5956 Ἕως
627 5890 793 5955 πότε,
826 5894 1023 5961 Κύριε,
1065 5892 1424 5960 κεκράξομαι
1469 5889 1880 5957 ἀδικούμενος,
1924 5887 2025 5941 καὶ

454 5974 533 6030 οὐ
560 5974 649 6045 μὴ
687 5978 1051 6047 είσακούσῃ;
1090 5976 1223 6042 ἰδίας
1251 5975 1358 6048 γάρ
1389 5974 1603 6039 ἀδικίας
1630 5972 1728 6039 τάς
1764 5972 1861 6027 τοῦ
1887 5971 2023 6044 πλη-

2147 554 2261 611 σίον
2288 555 2586 627 ὠνόμαζεν.
2618 558 2729 611 Καὶ
2769 555 3092 627 φιλάδελφος
3117 556 3214 619 ὢν,
3240 552 3518 627 ’ἐπιφέρεν
3550 561 3701 625 Bm}-

2132 654 2313 709 σομαι
2364 641 2515 711 πρὸς
2560 640 2655 707 σέ,
2695 642 2794 694 καί
2854 643 2926 695 οὐ
2966 641 3053 709 μὴ
3105 640 3332 709 σώσῃς.
3381 643 3557 699 Ἰνατί
3595 662 3700 713 μοι

2131 722 2365 791 ἔδειξας
2403 726 2651 791 κόπους.
2696 723 2797 778 καὶ
2823 725 3050 789 πόνους
3093 724 3440 779 ἐπιϐλέπειν
3470 725 3569 779 ἐπὶ
3596 744 3698 780 τα-

2131 809 2459 876 λαιπωρίαν
2478 809 2575 861 καί
2608 806 2922 872 ἀσέϐειαν;
2949 808 3018 871 ἐξ
3044 809 3318 873 ἐναντίας
3344 825 3464 877 μου
3494 808 3701 877 γέγονε

2132 891 2348 958 κρίσις,
2372 890 2469 943 καί
2505 894 2538 945 ό
2569 891 2775 959 κριτὴς
2794 892 3099 960 λαμϐάνει.
3146 892 3248 945 Διὰ
3275 892 3450 945 τοῦτο
3472 891 3701 945 διεσκέ-

2132 973 2347 1029 δασται
2367 977 2571 1045 νόμος,
2610 976 2710 1031 καί
2738 978 2810 1030 οὐ
2829 974 3159 1045 διεξάγεται
3180 978 3266 1040 εἰς
3298 975 3473 1041 τέλος
3498 976 3696 1044 κρῖμα,

2132 1056 2221 1110 ὅτι
2258 1063 2292 1113 ὀ
2316 1060 2544 1129 ἀσεϐὴς
2591 1060 3096 1115 καταδυναστεύει
3152 1060 3261 1114 τὸν
3313 1060 3564 1114 δίκαιον.
3609 1062 3699 1131 Τῷ

2132 1141 2282 1213 αὐτῷ
2306 1144 2577 1215 πνεύματι
2612 1147 2641 1197 6
2686 1143 3134 1216 συμπαθέστατος
3180 1144 3287 1196 τῶν
3328 1144 3499 1211 ἁγίων
3534 1144 3699 1214 Ἰερε-

2135 1226 2281 1295 μίας,
2315 1228 2608 1298 ὲπαπορῶν
2639 1227 2777 1299 ὑπὲρ
2815 1227 3008 1290 ἄλλων,
3065 1226 3184 1297 βοᾷ·
3224 1228 3458 1293 Δίκαιος
3487 1224 3558 1287 εἷ,
3585 1229 3702 1281 Κύ-

2123 1328 2237 1378 ριε,
2272 1312 2361 1366 ὅτι
2398 1312 2854 1382 ἀπολογήσομαι
2903 1313 3052 1379 πρὸς
3082 1311 3175 1364 σέ·
3232 1311 3399 1378 πλὴν
3451 1313 3703 1381 κρίματα

2130 1396 2384 1463 λαλήσω
2410 1397 2561 1465 πρὸς
2586 1396 2680 1458 σὲ,
2705 1396 2903 1464 Κύριε.
2939 1396 3001 1450 Τί
3019 1394 3161 1461 όδός
3192 1395 3425 1449 ἀσεϐῶν
3459 1397 3703 1451 εὐοδοῦ-

2131 1497 2260 1545 ται;
2310 1481 2663 1549 εὐθήνησαν
2708 1481 2931 1546 πάντες
2989 1482 3044 1534 οἰ
3097 1479 3450 1545 ἀθετοῦντες
3494 1480 3706 1547 ἀθετή-

2126 1581 2305 1632 ματα,
2330 1564 2670 1633 ἐφύτευσας
2722 1564 2963 1629 αὐτοὺς.
3002 1563 3102 1618 καί
3134 1562 3549 1633 ἐῤῥιζώθησαν·
3584 1567 3705 1620 ἀντὶ

2131 1646 2249 1709 τοῦ,
2287 1647 2580 1713 ἀκωλύτως
2601 1648 2868 1717 διάγουσι·
2897 1647 2997 1701 καί
3019 1646 3319 1713 ἐποίησαν
3348 1649 3602 1715 καρπὸν,
3640 1650 3702 1701 οὐ

2134 1730 2352 1793 πάντως
2378 1730 2704 1800 πνεύματος.
2752 1730 2967 1800 Ἐγγύς
3006 1726 3063 1784 εἷ
3102 1729 3207 1785 τοῦ
3252 1731 3550 1800 στόματος
3600 1736 3708 1787 αύ-

2132 1811 2271 1876 τῶν,
2309 1814 2409 1868 καί
2457 1815 2653 1882 πόρρω
2702 1813 2821 1869 ἀπὸ
2866 1811 2986 1866 τῶν
3036 1812 3273 1883 νεφρῶν
3326 1813 3543 1868 αὐτῶν.
3575 1817 3706 1869 ’Λνο

2133 1912 2325 1967 τικρυς
2349 1896 2405 1949 δὲ
2432 1897 2850 1967 ἰσοδυναμοῦντα
2880 1896 3089 1961 τούτοις
3117 1899 3146 1950 6
3189 1895 3351 1964 σοφὸς
3386 1897 3646 1966 Σοφονίας
3677 1901 3707 1953 6

2133 1980 2440 2049 προφήτης,
2480 1979 2556 2043 ὠς
2578 1979 2923 2051 κακηγόρους
2970 1981 3098 2042 τοὺς
3125 1978 3446 2050 ἀνθρώπους
3490 1979 3708 2036 διαϐάλ-

2131 2065 2260 2125 λων,
2288 2064 2364 2126 ώς
2390 2063 2488 2133 τὴν
2517 2064 2773 2133 πρόνοιαν
2801 2063 3204 2134 μεμφομένους,
3232 2065 3326 2116 καὶ
3360 2065 3487 2127 τοὺς
3519 2065 3708 2132 ἁγίους

2132 2146 2532 2210 ταλανίζοντας,
2568 2148 2632 2199 ὲκ
2665 2146 2960 2217 προσώπου
2996 2147 3203 2217 Κυρίου
3252 2147 3437 2217 φησίν·
3474 2148 3709 2215 Ἐϐαρύ-

2132 2245 2274 2282 νατε
2292 2229 2384 2282 ἐπ’
2410 2228 2517 2292 ἐμὲ
2546 2228 2691 2295 τοὺς
2712 2230 2932 2299 λόγους
2951 2227 3139 2297 ὑμῶν,
3163 2228 3322 2298 λέγει
3348 2229 3581 2298 Κύριος,
3609 2232 3709 2285 καὶ

2131 2313 2357 2378 εῑπατε,
2399 2313 2504 2367 Ἐν
2546 2315 2663 2366 τίνι
2703 2313 3204 2381 κατελαλήσαμεν
3248 2312 3398 2366 κατὰ
3429 2313 3710 2377 0013;131-

2134 2410 2303 2460 πατε,
2329 2393 2591 2462 Μάταιος
2619 2399 2653 2449 ό
2689 2395 2995 2450 δουλεύων
3050 2395 3193 2461 Θεῷ·
3254 2397 3353 2449 καὶ
3401 2397 3456 2449 τί
3495 2396 3705 2461 πλέον,

2134 2479 2225 2532 ὅτι
2279 2479 2666 2549 ἐφυλάξαμεν
2711 2483 2785 2534 τὰ
2845 2479 3272 2549 προστάγματα
3337 2480 3525 2535 αὐτοῦ
3546 2522 3561 2545 ,
3608 2483 3707 2536 καί

2133 2562 2282 2617 διότι
2313 2564 2721 2632 ἐπορεύθημεν
2765 2561 2951 2618 ἱκέται
2980 2563 3100 2617 ἀπὸ
3131 2562 3457 2631 προσώπου
3486 2567 3708 2632 Κυρίου

2134 2647 2652 2715 παντοκράτορος;
2684 2646 2792 2702 Καὶ
2820 2646 2937 2701 νῦν
2962 2645 3136 2715 ἡμεῖς
3178 2644 3574 2715 μακαρίζομεν
3601 2649 3711 2702 ἀλ-

2134 2731 2431 2798 λοτρίους,
2471 2731 2571 2785 καί
2617 2729 3144 2799 ἀνοικοδομοῦνται
3194 2727 3410 2795 πάντες
3470 2730 3711 2785 ποιοῦν-

2136 2830 2233 2879 τες
2256 2815 2629 2883 ἀνομήματα,
2671 2815 2770 2868 καί
2817 2812 3205 2881 ἀντέστησαν
3253 2812 3393 2878 Θεῷ,
3431 2815 3528 2867 καί
3562 2812 3711 2869 ἐσώο

2137 2900 2353 2962 θησαν.
2403 2898 2593 2952 Ταῦτα
2635 2897 3062 2965 κατελάλησαν
3097 2901 3151 2951 οί
3215 2898 3572 2967 φοϐούμενοι
3604 2897 3713 2953 τὸν

2136 2982 2385 3047 Κύριον,
2437 2981 2695 3048 ἕκαστος
2743 2980 2890 3049 πρὸς
2922 2981 3032 3033 τὸν
3073 2981 3342 3048 πλησίον
3381 2981 3586 3036 αὐτοῦ.
3616 2976 3710 3043 Οἷς

2136 3064 2203 3117 τά
2232 3065 2369 3118 αύτά
2404 3066 2656 3137 ἐπιφέρει
2684 3066 2712 3118 6
2744 3063 2918 3137 κῆρυξ
2962 3065 3061 3135 τῆς
3106 3064 3414 3127 εὐσεϐείας,
3463 3064 3707 3128 Παῦλος·

2136 3150 2389 3218 ΙΙονηροί
2436 3149 2505 3203 δέ
2555 3149 2849 3217 ἄνθρωποι
2892 3150 2990 3203 καί
3034 3153 3243 3221 γόητες
3292 3151 3713 3218 προκόψουσιν

2135 3233 2236 3287 ἐπὶ
2261 3235 2331 3288 τὸ
2368 3233 2590 3303 χεῖρον,
2626 3232 2975 3300 πλανῶντες
3007 3234 3105 3287 καί
3144 3233 3540 3305 πλανώμενοι.
3575 3232 3712 3289 Εἶτα

2136 3318 2233 3390 τὴν
2265 3319 2537 3372 εὐτέλειαν
2557 3318 2665 3371 τῶν
2686 3319 2857 3387 ἁγίων
2890 3318 3166 3388 σημαίνει,
3195 3317 3388 3387 λέγων·
3416 3318 3578 3373 Δοκῶ
3599 3321 3712 3390 γὰρ

2137 3402 2227 3455 ὅτι
2258 3406 2291 3456 ὀ
2324 3402 2467 3468 Θεὸς
2496 3399 2654 3472 ἡμᾶς
2682 3401 2823 3468 τοὺς
2866 3402 3247 3467 ἀποστόλους
3272 3400 3572 3471 ἐσχάτους
3607 3404 3710 3456 ἐπ-

2136 3484 2387 3549 έδειξεν,
2408 3486 2489 3552 ὠς
2515 3485 2953 3550 ἐπιθανατίους·
2975 3484 3064 3537 ὅτι
3082 3483 3332 3552 θέατρον
3344 3486 3710 3555 ἐγενήθημεν

2137 3568 2217 3635 τῷ
2250 3571 2454 3639 κόσμῳ
2492 3569 2593 3622 καὶ
2648 3570 2924 3639 ἀγγέλοις
2987 3570 3085 3623 καὶ
3141 3570 3493 3637 ἀνθρώποις.
3521 3571 3708 3639 Μέχρι

2139 3654 2247 3724 γὰρ
2278 3653 2389 3723 τῆς
2442 3654 2574 3722 άρτι
2615 3652 2771 3722 ὥρας
2809 3653 2906 3706 καὶ
2971 3652 3266 3721 πεινῶμεν
3309 3654 3405 3705 καὶ
3443 3652 3711 3723 διψῶμεν

2136 3737 2234 3790 καί
2265 3739 2710 3807 γυμνητεύομεν
2750 3735 2849 3789 καί
2894 3734 3326 3804 κολαφιζόμεθα
3371 3736 3469 3788 καί
3521 3736 3711 3792 ἀστα-

2139 3820 2358 3890 τοῦμεν
2390 3821 2487 3874 καὶ
2546 3817 2864 3887 κοπιῶμεν,
2934 3817 3305 3889 ἐργαζόμενοι
3357 3818 3477 3885 ταῖς
3534 3818 3709 3886 ἰδίαις

2137 3905 2370 3972 χερσίν·
2413 3903 2510 3968 τάς
2559 3901 2877 3973 σωματικάς
2928 3901 3243 3968 καταλέγων
3307 3901 3703 3973 ταλαιπωρίας.

2137 3986 2589 4055 Λοιδορούμενοι
2646 3984 3047 4054 εὐλογοῦμεν,
3097 3984 3442 4052 διωκόμενοι
3492 3986 3708 4053 ἀνεχό-

2130 4073 2303 4139 μεθα,
2326 4070 2868 4139 ,ϐλασφημούμενοι
2918 4066 3407 4136 παρακαλοῦμεν,
3443 4068 3523 4131 ώς
3551 4083 3710 4135 περι-

2136 4151 2476 4221 καθάρματα
2550 4152 2658 4206 τοῦ
2723 4153 2953 4220 κόσμου
3014 4148 3409 4220 ἐγενήθημεν,
3467 4149 3711 4203 πάντων

2136 4238 2443 4306 περίψημα
2489 4235 2602 4302 ἕως
2634 4235 2788 4303 ἀρτι·
2820 4233 2914 4287 τοῦ
2944 4232 3150 4302 ἀγαθοῦ
3197 4234 3290 4286 καὶ
3335 4233 3546 4286 δικαίου
3571 4234 3708 4287 Θεοῦ

2137 4321 2279 4375 κατά
2304 4321 2457 4385 τινάς
2505 4321 2848 4391 ἀπορρήτους
2884 4318 3096 4386 λόγους,
3133 4316 3349 4369 σταδίου
3390 4316 3568 4387 δίκην,
3617 4317 3708 4370 τὸν

2135 4404 2340 4474 κόσμον
2386 4404 2739 4465 ἐκτείνοντος,
2792 4402 2887 4456 καὶ
2948 4400 3326 4467 αὐτεξουσίους
3360 4400 3506 4469 ἡμᾶς
3552 4405 3708 4470 ποιη-

2138 4503 2347 4552 σαντος,
2385 4486 2473 4540 ἶνα
2517 4485 2695 4558 οἰκείᾳ
2742 4485 2952 4556 αἱρέσει
2981 4488 3095 4547 τοῖς
3134 4483 3452 4552 πράγμασιν
3484 4483 3708 4537 ἐπιϐάλ-

2135 4569 2338 4633 λοντες,
2373 4569 2587 4633 δικαίας
2624 4569 2723 4632 τάς
2771 4569 3000 4631 εὐθύνας
3033 4568 3424 4638 παράσχωμεν,
3469 4564 3650 4629 καθὼς
3678 4568 3708 4621 6

2135 4653 2296 4722 νόμος
2325 4651 2494 4719 λέγει·
2527 4651 2763 4706 Τέθεικα
2789 4651 2903 4717 πρὸ
2933 4650 3255 4719 προσώπου
3278 4667 3393 4703 σου
3414 4650 3528 4716 τὴν
3556 4648 3718 4715 ζωὴνΔ

2136 4734 2232 4787 καί
2265 4733 2375 4787 τὸν
2408 4733 2688 4797 θάνατον,
2715 4732 2959 4796 ἐκλεξαι
2995 4732 3027 4785 ὃ
3076 4731 3288 4797 θέλεις.
3330 4732 3428 4784 Διά
3463 4733 3513 4783 τί
3537 4731 3593 4782 δὲ
3617 4733 3705 4784 τέ-

2137 4822 2338 4886 θεικεν,
2374 4822 2435 4876 ού
2469 4822 2565 4875 τοῦ
2587 4821 2852 4893 παρόντος
2894 4819 3091 4891 καιροῦ
3130 4821 3193 4872 τὸ
3235 4820 3434 4888 λέγειν,
3456 4819 3594 4890 πλὴν
3623 4820 3705 4872 ὅτι

2134 4912 2418 4978 τέθεικεν;
2453 4912 2526 4965 Οὐ
2551 4910 2660 4981 γὰρ
2690 4909 2851 4979 σοφὸν
2876 4904 2943 4980 ἦν
2992 4907 3054 4960 τὸ
3099 4900 3401 4979 ἀτρέπτους
3428 4910 3577 4979 ἡμᾶς
3608 4924 3705 4975 γε-

2135 5002 2343 5063 νέσθαι,
2372 5000 2547 5055 ἄθλων
2573 5001 2635 5052 οὐ
2676 4998 3069 5071 προκειμένων,
3101 4999 3194 5051 καλ⁵
3219 4997 3443 5067 γνώμης
3483 4997 3543 5049 ού
3571 5014 3705 5051 κατ‹

2133 5090 2420 5164 ορθούσης.
2485 5090 2631 5162 μόνῳ
2668 5089 2745 5161 τῷ
2766 5086 2894 5159 θείῳ
2923 5090 3015 5142 καὶ
3043 5088 3149 5140 ἀῖδί
3169 5108 3193 5155 ρ
3228 5088 3707 5159 προσαρμόσαντος

2134 5178 2227 5231 τοῦ
2265 5178 2559 5250 ἀτρέπτου.
2590 5178 2647 5231 '0
2675 5177 2858 5230 ΔΙΑΚ.
2885 5171 2958 5229 Εῦ
2986 5192 3051 5244 γε
3084 5175 3178 5227 καί
3207 5174 3508 5244 φιλοσόφως
3537 5177 3707 5246 ὑπήν-

2133 5289 2328 5345 τησας.
2351 5267 2552 5339 Πάτερ,
2580 5261 2914 5338 ὁμματώᾶας
2942 5264 3039 5334 τὴν
3060 5264 3234 5334 ψυχὴν
3259 5262 3367 5315 τῶν
3398 5264 3703 5333 παρόντων,

2134 5364 2192 5416 ὲν
2220 5360 2435 5422 τούτοις
2464 5357 2551 5411 ἀεὶ
2574 5353 3023 5427 προσκοπτόντων
3052 5351 3140 5404 διὰ
3168 5350 3398 5421 Γραφῶν
3425 5352 3698 5422 ἀπειρίαν·

2135 5450 2229 5504 καὶ
2250 5449 2333 5501 ὅτι
2355 5443 2655 5515 γυμνάσιον
2686 5441 2891 5511 ὑπέστη
2926 5440 3013 5492 διὰ
3041 5438 3266 5508 μακρῶν
3295 5438 3402 5492 τῶν
3431 5439 3637 5508 χρόνων
3667 5440 3701 5509 ἡ

2147 5531 2462 5603 Ἐκκλησία,
2497 5526 2818 5592 ἁναδείξασα
2845 5527 2971 5588 τοὺς
2998 5525 3195 5596 ἑαυτῆς
3225 5525 3567 5593 στεφανίτας,
3606 5525 3700 5579 ἄν-

2133 5622 2267 5694 δρας
2295 5638 2355 5673 τε
2380 5619 2472 5672 καὶ
2494 5619 2777 5685 γυναῖκας,
2813 5614 2873 5667 οὐ
2897 5612 3102 5683 δωρεὰν
3131 5614 3189 5665 ὲν
3236 5616 3346 5677 τοῖς
3374 5612 3548 5666 ὀπίσω
3576 5613 3675 5685 χρέα

2134 5725 2246 5771 νοις
2267 5703 2502 5778 Χριστοῦ
2554 5702 2754 5773 σαρκὸς
2790 5701 3225 5768 καταφαγόντας.
3266 5702 3440 5753 Λυπεῑ
3472 5699 3528 5752 δὲ
3558 5700 3704 5769 ἡμᾶς

2135 5798 2168 5867 ἡ
2204 5794 2355 5866 ὑμῶν
2391 5790 2784 5851 ἀκαταστασία,
2819 5788 2913 5842 καλ⁵
2949 5789 2983 5859 ἡ
3022 5786 3128 5841 τῶν
3174 5786 3507 5858 Ἐκκλησιῶν
3533 5789 3707 5840 κατά»

2135 5883 2306 5945 λυσις.
2349 5882 2406 5935 '0
2446 5879 2691 5933 ‘EllIXK.
2734 5880 2752 5898 '
2781 5875 3057 5946 Θαυμάζω
3110 5892 3225 5936 σου.
3275 5874 3482 5946 ἀνδρῶν
3512 5876 3707 5945 τιμιώ·

2134 5988 2261 6027 τατε
2291 5970 2554 6041 Θεόδωρε,
2590 5966 2683 6021 τοῦ
2715 5966 2776 6021 τὸ
2811 5963 3099 6021 πολλοστὸν
3126 5964 3226 6038 τὴν
3262 5965 3539 6040 ,ὠφέλειαν
3569 5967 3702 6035 ὁμο-
