4122 6386
343 331 410 386 77
1615 288 1935 391 ΡΑιιΑυιῐ
1976 331 2326 393 υιΑιοουε
3525 339 3596 395 78

341 452 628 525 λογοῦντος
672 454 767 509 καὶ
794 450 950 520 αὖθις
982 454 1050 511 τά
1073 456 1291 511 ἐναντία
1321 454 1627 518 λαλοῦντος.
1656 455 1913 524 Μακαρί-

344 542 455 601 ζων
483 540 590 611 γάρ
616 538 693 603 ὡς
728 540 1069 607 στεφανίτας,
1102 540 1405 603 ταλανίζεις
1438 538 1512 603 ὡς
1562 538 1913 603 ἐκπεσόντας,

343 623 533 694 ἐπειδὴ
583 621 692 675 τῶν
749 622 1217 692 ἐκκλησιαστικῶν
1280 622 1622 693 ἐστερήμεθα
1657 623 1836 675 τόπων
1868 633 1916 675 ⁸.

349 696 574 777 Ὅμοιον
606 706 663 760 δέ
693 724 781 776 μοι
806 706 1036 777 πάσχεις
1056 706 1164 760 τῶν
1186 707 1256 761 τά
1282 706 1555 777 Ὀλύμπια
1574 706 1920 778 θεωρούντων

346 790 642 862 ἀγροίκων·
694 790 891 843 ἐκεῖνοι
925 791 1033 862 γὰρ
1085 793 1345 861 κεχήνασι
1378 791 1476 861 μὲν
1507 789 1642 860 πρὸς
1690 789 1758 842 τά
1789 788 1921 859 βρα-

348 874 471 928 σεία
522 873 709 944 ἡδέως,
757 873 1052 943 δακρύουσι
1100 874 1158 926 δὲ
1212 875 1346 947 πρὸς
1395 874 1494 938 τὰς
1544 872 1760 942 πληγὰς
1811 872 1920 926 τῶν

345 956 762 1027 ἀγωνιζομένων
807 956 1058 1026 οἰκτρῶς.
1103 958 1259 1027 Ἐμοὶ
1304 957 1361 1011 δὲ
1398 957 1621 1026 ἄμεινόν
1657 958 1773 1009 ἐστι
1815 955 1920 1025 φά-

346 1058 559 1113 ραγγας
585 1041 677 1093 καὶ
698 1039 873 1103 νάπας
909 1040 1003 1093 καὶ
1032 1041 1242 1111 πελάγη
1274 1040 1491 1095 διώκειν
1515 1039 1652 1112 μετὰ
1673 1040 1769 1111 τῆς
1792 1039 1925 1109 άλη-

345 1126 514 1186 θείας.
554 1122 815 1195 ήπολλήν
877 1122 1069 1193 ἔχοντα
1112 1124 1272 1189 δόξαν
1297 1124 1398 1195 τῆς
1439 1124 1534 1178 νῦν
1560 1123 1923 1195 νομιζομένης

344 1206 665 1280 εὐημερίας,
694 1205 1012 1261 ὑποκεῖσθαι
1036 1207 1114 1278 τῷ
1134 1207 1339 1279 ψεύδει.
1375 1208 1658 1280 Ἀλήθειαν
1692 1207 1790 1279 μὲν
1816 1205 1924 1278 γὰρ

348 1292 510 1362 ἔχων,
540 1290 645 1354 ἔξω
698 1288 769 1343 τά
818 1289 998 1344 πάντα
1024 1308 1038 1322 ·
1075 1291 1246 1361 αὑτῆς
1277 1291 1386 1363 γὰρ
1416 1291 1580 1345 δοῦλα
1608 1290 1679 1345 τά
1725 1289 1922 1344 πάντα·

342 1375 539 1445 ψεῦδος
591 1375 650 1428 δὲ
693 1376 1049 1444 κεκτημένος,
1099 1372 1208 1426 οὐδ’
1270 1373 1528 1444 ἐμαυτὴν,
1582 1371 1799 1445 ἐκείνης
1850 1372 1924 1444 μὴ

346 1460 629 1530 ὑπάρχων.
672 1457 852 1527 Ἔχων
884 1456 943 1510 δέ
963 1456 1063 1527 τὴν
1091 1455 1372 1527 ἀλήθειαν,
1403 1457 1502 1525 οὐχ
1546 1455 1735 1520 ἀπλῶς
1756 1456 1925 1524 αὑτήν

348 1541 609 1612 βούλομαι
654 1539 816 1611 ἐχειν,
873 1539 949 1603 ὡς
1006 1538 1293 1593 δέσποιναν
1328 1539 1364 1612 ἢ
1398 1539 1593 1610 δούλην
1622 1540 1656 1610 ἢ
1686 1539 1924 1608 γείτονα,

344 1625 462 1680 ἀλλ’
491 1625 566 1686 ὼς
598 1622 853 1694 ἀδελφήν·
890 1622 956 1676 ἂν
983 1622 1040 1676 δέ
1147 1622 1390 1689 δυνατὸν,
1416 1622 1510 1677 καί
1535 1622 1610 1685 ὼς
1638 1621 1922 1693 όμόζυγον,

344 1715 446 1783 τῆς
469 1709 664 1780 ἡδονῆς
690 1707 862 1777 αὐτῆς
892 1707 1183 1761 ἀπολαύων
1219 1708 1271 1767 δ.
1305 1707 1400 1762 καὶ
1429 1707 1570 1775 μετά
1591 1705 1762 1760 ταῦτα
1797 1704 1929 1777 κλη-

349 1790 616 1866 ρονομῶν,
647 1790 722 1853 ὼς
750 1789 886 1843 ἰδίαν
928 1793 1183 1858 γυναῖκα.
1238 1790 1498 1862 Θυγάτηρ
1534 1790 1644 1861 γάρ
1689 1791 1805 1845 ἐστι
1831 1790 1928 1863 τῆς

344 1878 512 1939 δντως
539 1872 814 1945 ἀληθείας,
864 1867 934 1944 ἦς
982 1872 1232 1944 γαμϐρὸς
1272 1874 1300 1926 ό
1362 1872 1671 1936 σπουδαῖος.
1717 1873 1775 1925 '0
1818 1872 1928 1945 γάρ

346 1958 548 2029 ταύτην
581 1956 720 2028 ἔχων
779 1954 1052 2022 σφραγῖδα
1105 1966 1127 1992 υ
1166 1955 1364 2026 ἀνηϐᾷ,
1409 1956 1633 2026 ἀγήρως
1665 1956 1781 2008 ἐστὶ
1832 1958 1928 2010 καὶ⁹

346 2042 682 2114 ἀμάραντος.
705 2037 1035 2109 θερμότερον
1079 2037 1248 2109 πυρὸς
1297 2038 1436 2108 έχων
1461 2038 1553 2091 τὸν
1593 2037 1773 2108 ζῆλον,
1803 2036 1930 2103 ὀξύ-

346 2143 507 2196 τερον
539 2124 726 2193 ξίφους
752 2122 842 2174 τὸν
888 2119 1068 2187 λόγον,
1105 2119 1437 2191 κουφότερον
1472 2120 1634 2174 ἀετοῦ
1661 2121 1752 2175 τὸν
1793 2120 1927 2191 βίον,

344 2212 556 2272 ἀόκνως
597 2208 802 2279 τρέχει,
839 2203 1091 2277 καθάπερ
1129 2204 1262 2276 πρὸς
1316 2206 1563 2277 οἰκουρὸν
1594 2206 1804 2278 μητέρα
1831 2207 1930 2278 τὴν

345 2295 456 2348 τῶν
471 2292 700 2366 Γραφῶν
721 2288 949 2361 μελέτην
979 2287 1024 2327 ἀ·
1049 2288 1201 2343 ἀνθεῖ
1221 2286 1482 2359 διηνεκῶς
1510 2291 1578 2360 τῇ
1607 2288 1833 2360 ἀλυπίᾳ,
1867 2289 1929 2342 οὐ

346 2378 684 2450 κεκράτηται
722 2373 895 2445 φόϐῳ,
942 2373 1148 2444 γαυριᾷ
1204 2376 1271 2444 τῇ
1329 2370 1553 2444 ἁδειλίᾳ,
1601 2370 1932 2443 κορυϐαντιᾷ

345 2460 426 2533 τῷ
461 2456 861 2529 ἐνθουσιασμῴ,
914 2458 977 2510 οὑ
1035 2457 1186 2527 μισεῖ
1228 2455 1456 2518 οὐδένα,
1515 2456 1775 2526 οἰκτείρει
1807 2456 1933 2519 τοὺς

347 2543 535 2608 κακῶς
565 2543 644 2613 τῷ
667 2538 768 2612 βίῳ
816 2540 1157 2612 χρωμένους,
1202 2538 1500 2611 μακαρίζει
1532 2539 1659 2599 τοὺς
1695 2538 1933 2608 ἰδιοπρα-

347 2626 578 2695 γοῦντας
633 2623 776 2695 μετά
822 2624 925 2694 τῆς
982 2622 1337 2694 αὐταρκείας,
1395 2622 1647 2675 λυπεῖται
1700 2618 1799 2692 τήν
1837 2618 1932 2673 τοῦ

348 2707 667 2779 Πνεῦματος
698 2707 874 2776 λύπην
912 2716 935 2744 ο
976 2704 1071 2758 ἐπὶ
1101 2707 1168 2776 τῇ
1206 2705 1315 2758 τῶν
1365 2703 1654 2776 ἱερατικῶν
1683 2702 1929 2775 ἀμελείᾳ·

349 2793 480 2865 περὶ
507 2787 581 2843 ὢν
625 2786 779 2844 εἶπεν
811 2789 840 2841 ὁ
886 2787 1215 2865 ’Δπόστολος
1244 2805 1256 2817 ·
1309 2787 1419 2841 Καί
1447 2788 1533 2856 μὴ
1584 2785 1830 2840 λυπεῖτε
1865 2785 1932 2839 τὸ

347 2862 594 2943 Πνλεῦμα
615 2873 682 2927 τὸ
718 2872 915 2943 ἅγιον,
947 2873 1017 2925 ἐν
1043 2862 1092 2936 ᾦ
1126 2871 1571 2941 ἐσφραγίσθητε
1600 2871 1689 2935 εις
1709 2866 1935 2938 ἡμέραν

346 2955 844 3024 ἀπολυτρώσεως·
880 2955 1042 3009 λυπεῖ
1067 2955 1124 3008 δέ
1178 2955 1237 3008 τδ
1274 2952 1498 3024 Πνεῦμα
1524 2954 1553 3006 ό
1578 2952 1751 3015 διδοὺς
1783 2951 1933 3021 αὑτῷ

350 3039 498 3094 νῶτα
524 3042 590 3110 τῇ
642 3038 893 3110 ἀμελείᾳ.
958 3039 1069 3093 Καὶ
1126 3037 1200 3106 (τί
1248 3039 1357 3108 γὰρ
1388 3036 1449 3089 τὸ
1476 3035 1658 3101 δλονς)
1707 3034 1935 3106 τελευτᾷ

351 3122 492 3194 μετὰ
529 3121 866 3193 παρρησίας,
899 3120 1089 3174 οὐδένα
1136 3120 1408 3191 λυπήσας,
1444 3118 1586 3192 πλὴν
1614 3118 1722 3171 τῶν
1747 3119 1937 3190 δαιμό-

353 3223 486 3270 νων,
520 3205 618 3258 καὶ
657 3206 773 3258 ὅσοι
827 3204 1070 3273 γείτονες
1115 3202 1316 3257 αὑτῶν·
1347 3202 1538 3274 χρόνος
1576 3202 1726 3275 αὐτῷ
1751 3219 1937 3274 περιτ-

348 3289 520 3342 τεύει·
560 3290 661 3342 οὑκ
706 3288 1053 3360 ἐκαπήλευσε
1103 3287 1203 3351 τὰς
1228 3286 1439 3358 ἡμέρας
1462 3287 1521 3340 ἐν
1554 3286 1931 3358 κακουργίαις·

351 3372 701 3427 ἐδιπλασίασε
733 3372 794 3425 τὸ
827 3371 1110 3442 δεδομένον
1149 3370 1342 3442 χρῆμα
1373 3369 1418 3435 ί,
1468 3371 1562 3423 καὶ
1587 3371 1780 3433 τόκους
1808 3371 1938 3439 ἀγα-

351 3456 461 3512 θῶν
491 3457 669 3528 ἔργων
699 3456 1077 3529 προέπεμψεν,
1117 3457 1175 3508 ἐν
1214 3454 1381 3525 ὀλίγῳ
1434 3452 1613 3525 καιρῷ
1642 3453 1937 3524 πληρώσας

350 3542 679 3614 πολυχρόνια
708 3542 822 3611 ἐτη·
875 3540 1146 3612 διαθήκην
1174 3538 1308 3611 ῦλης
1337 3539 1397 3591 οὑ
1426 3539 1649 3610 γράφει,
1682 3537 1790 3602 ζῶν
1842 3538 1937 3591 καὶ

352 3625 567 3699 φρονῶν
619 3624 787 3697 αὑτὴν
835 3623 1253 3678 κατεπάλαισεν.
1292 3621 1531 3685 Θάνατος
1583 3620 1808 3699 ἔκρουσε
1840 3621 1937 3692 τὴν

349 3711 447 3766 τοῦ
482 3712 709 3782 σαρκίου
739 3710 910 3782 θύραν
940 3728 954 3776 ;
996 3711 1126 3781 πρὶν
1180 3706 1341 3762 αὑτὸν
1383 3706 1511 3759 ἰδεῖν
1543 3704 1742 3770 ἔξωθεν
1774 3705 1935 3767 ὄντα,

353 3795 473 3867 βοᾷ,
513 3794 864 3865 Ἀπέλθωμεν
898 3791 1166 3856 ἐντεῦθεν,
1199 3788 1529 3861 ἐπιψάλλων·
1568 3789 1756 3857 Οἷμοι,
1786 3787 1876 3841 ὅτι
1896 3787 1935 3854 ή

350 3878 633 3949 «apaula
654 3897 774 3949 μου
808 3878 1173 3947 ἐμακρύνθη’
1216 3877 1311 3932 καὶ
1348 3877 1396 3928 εί
1422 3874 1497 3945 μὴ
1536 3873 1626 3926 διὰ
1667 3874 1760 3927 τὸν
1799 3874 1938 3943 πέμ-

349 3963 527 4032 ψαντα
557 3961 858 4033 Δεσπότην,
884 3959 1035 4031 αὑτῷ
1089 3959 1155 4014 ἂν
1183 3958 1478 4029 περιέθηκε
1506 3957 1660 4021 δίκας
1680 3957 1939 4027 εἰσπράτ-

349 4062 478 4108 των,
537 4046 620 4098 ὅτι
671 4045 1047 4115 σχολαιότερον
1091 4038 1277 4114 ἦλθεν.
1319 4039 1625 4111 Ἀσμενίζει
1670 4040 1727 4093 δέ
1753 4038 1938 4092 τελευ-

350 4133 508 4184 ταῖον
540 4129 879 4197 ἀπαλλαγεὶς
904 4127 1000 4181 τοῦ
1027 4125 1378 4190 πολυπαθοῦς
1414 4124 1664 4197 σαρκίου,
1695 4124 1772 4187 ὡς
1798 4123 1937 4189 ξενι-

351 4213 467 4266 δίου
504 4211 729 4283 σαθροῦ,
787 4210 1139 4274 ἀπειλοῦντος
1193 4210 1424 4265 πτῶσιν·
1477 4208 1704 4281 ὤρθωσε
1756 4206 1816 4260 τὸ
1842 4201 1937 4270 οὖς

353 4296 493 4367 πρὸς
536 4297 628 4350 τὸν
661 4296 914 4365 λέγοντα,
979 4292 1089 4363 Εὖ,
1122 4295 1308 4351 δοῦλε
1349 4293 1536 4362 ἀγαθὲ
1584 4291 1684 4346 καί
1734 4290 1934 4355 πιστέ,

354 4380 721 4449 ἀκουσόμενος
775 4380 871 4433 καὶ
921 4379 992 4432 τὰ
1040 4378 1187 4450 ἑξῆς.
1216 4378 1397 4431 Ἔστω
1421 4376 1479 4429 δέ
1515 4392 1598 4429 σοι
1638 4379 1937 4446 τεκμήριον

353 4461 463 4516 τῶν
492 4462 801 4533 λεγομένων
831 4464 865 4535 ή
902 4463 1012 4517 τῶν
1040 4462 1215 4530 λόγων
1240 4459 1532 4529 πυκνότης·
1583 4459 1678 4512 Ἐκ
1699 4459 1808 4528 γὰρ
1831 4459 1936 4513 τοῦ

356 4547 844 4614 περισσεύματος·
878 4544 991 4614 τῆς
1026 4543 1276 4613 καρδίας
1311 4541 1491 4597 λαλεῖ
1515 4540 1584 4595 τὸ
1621 4543 1836 4611 στόμα.
1878 4541 1937 4594 ’0

355 4628 411 4680 δὲ
438 4625 515 4698 τῷ
550 4628 734 4698 ψεύδει
767 4627 964 4693 συζῶν,
1024 4628 1139 4699 βίον
1182 4626 1295 4695 ἔχει
1345 4624 1774 4696 τεταραγμένον,
1807 4625 1938 4677 ποτὲ

359 4711 458 4780 μέν
482 4710 689 4783 χαίρων
728 4711 985 4784 ἀμέτρως
1014 4711 1106 4764 ἐπὶ
1131 4709 1359 4781 αὐξήσει
1393 4707 1683 4780 ἀργυρίου,
1714 4706 1747 4778 ἢ
1781 4705 1937 4772 δοξα-

359 4795 477 4861 ρίου
509 4794 729 4866 μικροῦ,
778 4795 811 4865 ἦ
863 4794 1139 4866 πορνιδίου
1178 4793 1353 4863 φιλία,
1408 4791 1442 4862 ἢ
1498 4789 1710 4861 ἐχθρῶν
1772 4788 1937 4842 αὑτοῦ

355 4875 683 4950 δυσημερία·
710 4877 838 4931 ποτὲ
863 4877 920 4931 δέ
951 4877 1201 4930 λυπεῖται
1233 4874 1338 4938 ἕως
1372 4873 1625 4936 θανάτου,
1654 4870 1753 4934 τὰς
1782 4887 1940 4942 μεταο

357 4960 521 5024 σολάς
551 4963 575 5001 ε
627 4960 989 5033 ὀνειροπολῶν
1022 4962 1117 5014 καὶ
1148 4960 1250 5022 τὰς
1301 4957 1549 5029 ἀδηλίας,
1588 4956 1790 5019 νύκτας
1826 4953 1940 5024 ἔχει

358 5044 654 5116 ἁΰπνουςή
683 5046 1056 5110 κακοΰπνους,
1090 5045 1309 5097 ὑπονοεῖ
1359 5040 1652 5103 ἐπιϐουλάς
1687 5039 1783 5093 καὶ
1830 5035 1939 5092 τῶν

359 5129 618 5199 γνησίων,
645 5132 706 5183 οὑ
732 5128 950 5202 θαρρῶν
976 5128 1096 5182 οὑδέ
1128 5124 1328 5196 ἐαυτῷ,
1359 5122 1602 5179 ἀπιστῶν
1633 5126 1745 5186 τοῖς
1774 5123 1940 5176 πᾶσιν

357 5213 436 5276 ὡς
462 5212 744 5282 ψεύσταις.
794 5214 1049 5277 Τοιοῦτος
1077 5210 1239 5274 αὐτὸς
1263 5209 1549 5281 ὑπάρχων,
1589 5207 1763 5270 δειλός
1793 5208 1940 5260 ἐστιν

355 5295 434 5360 ὼς
471 5296 700 5365 λαγωὸς,
736 5296 940 5368 θρασὺς
985 5296 1061 5361 ὼς
1106 5298 1312 5368 χοῖρος,
1354 5292 1593 5364 ψεύστης
1627 5291 1700 5354 ὡς
1740 5306 1941 5360 χαμαι-

420 5451 655 5524 ξξξοίχων
675 5462 827 5524 ειμι-β,
856 5447 1019 5524 Βίερί.
1163 5507 1182 5524 λ
1233 5522 1272 5524 υ
1314 5505 1329 5524 3

419 5513 446 5551 δ
472 5507 590 5562 Ibid:
612 5507 866 5561 ἀπολαύειν
887 5507 968 5557 καὶ
993 5526 1042 5568 μ.
1063 5524 1107 5556 τ.
1132 5507 1423 5571 κληρονόμον

420 5573 805 5638 Ἐίβίά-σφριγᾷ-
877 5632 889 5638 ,
1054 5630 1066 5638 .
1157 5631 1169 5638 .
1256 5629 1277 5636 -
1332 5632 1366 5638 -.
1469 5629 1492 5638 _

418 5634 445 5699 ἐ
468 5635 591 5699 Ibid.
617 5630 963 5699 ἄοκνος-τρέχει
983 5630 1100 5695 πρὸς
1120 5630 1528 5699 τὴντῶνφγραφῷ
1543 5643 1598 5699 μ,
1635 5686 1659 5696 υ

416 5698 436 5721 ⁹
461 5695 580 5759 Ibid,
603 5700 726 5759 τῇ...
751 5691 899 5756 λύπη,
910 5691 978 5742 ει
997 5691 1108 5741 nio:
1132 5691 1196 5759 τὸ·
1213 5691 1407 5759 Πνεῦμα
1430 5691 1517 5759 τοῦ
1539 5691 1665 5759 Θεοῦ

427 5758 441 5796 ί
474 5757 593 5807 Ibid.
622 5748 945 5820 ᾗάρισμαξει
967 5766 1076 5803 mox
1118 5748 1403 5820 πολυχρόνια
1433 5753 1533 5813 χρέι
1571 5750 1682 5812 (εἰς)
1717 5748 1940 5805 διαθήκης

357 5821 493 5877 διην,
519 5825 573 5866 nl
596 5814 927 5866 καταλέλοιπεν
952 5829 1037 5878 pro
1058 5814 1416 5863 κατεπάλαισεν.

422 5884 450 5924 1
478 5879 593 5933 Ibid.
617 5880 699 5934 τὰς
722 5879 906 5940 βουλάς.

2019 456 2176 517 λέων,
2197 454 2452 510 ἀπατεὼν
2480 455 2555 521 ὼς
2588 455 2795 528 πέρδιξ,
2820 455 3011 527 ἀνελεή
3020 472 3135 527 μων
3160 455 3235 519 ὼς
3259 453 3440 521 λύκος,
3463 459 3599 529 ἀνή-

2025 555 2205 610 μερος.
2228 539 2305 603 ὡς
2353 537 2478 610 μῦς·
2514 539 2706 610 ἐχθρὸς
2744 538 2958 602 ἐαυτοῦ,
3000 538 3359 602 ἀδιαλείπτως
3392 539 3598 611 βάσκαδ

2019 639 2128 686 νος,
2154 622 2212 688 ἐξ
2234 622 2481 694 ἀνάγκης
2502 622 2691 676 ἐαυτὸν
2716 621 3125 693 τιμωρούμενος
3144 622 3245 676 οὑκ
3263 622 3592 679 αἰσθάνεται·

2019 706 2139 757 κατ’
2170 704 2330 758 ἄλλου
2362 704 2470 776 γὰρ
2501 704 2685 768 κακῶς
2719 703 3097 775 λογιζόμενος,
3136 705 3328 774 φθάνει
3370 705 3598 776 πάσχων

2019 787 2108 856 ὑφ’
2162 788 2358 842 ἐαυτοῦ
2418 789 2627 852 κακῶς.
2690 789 2933 853 Θάνατος
2983 789 3166 855 ἕνυξες
3214 791 3391 844 πάντα
3440 790 3599 844 δίδω-

2024 886 2142 933 σιν,
2195 871 2284 925 ἵνα
2339 871 2533 943 μικρὸν
2589 872 2940 943 παραμείνῃ,
2993 870 3303 940 φιλοζωῶν·
3357 873 3450 926 τὸν
3511 872 3599 926 δε-

2018 953 2240 1024 δομένον
2291 954 2441 1025 αὑτῴ
2492 955 2683 1026 χρόνον
2739 956 3109 1025 ἐκαπήλευσεν
3136 1006 3139 1009 ,
3167 955 3323 1027 εἰκῆ·
3378 955 3441 1009 τὸ
3498 955 3597 1027 δη-
3695 1004 3702 1011 .

2019 1040 2205 1109 νάριον
2233 1039 2369 1109 πρὸς
2399 1034 2480 1102 οἷς
2509 1040 2611 1093 ούκ
2641 1039 2957 1104 ἐδίπλωσεν,
2991 1038 3113 1092 οὑδὲ
3143 1039 3282 1091 σῶον
3310 1038 3595 1107 ἐφύλαξεν.

2020 1122 2223 1192 Τρέμει
2280 1120 2543 1193 διηνεκῶς
2602 1122 2678 1187 ὡς
2722 1121 2941 1191 φύλλον,
3002 1123 3179 1195 γηρᾷν
3223 1122 3284 1175 οὑ
3340 1121 3597 1194 βουλόμε-

2021 1220 2139 1266 νος·
2189 1203 2539 1276 ληροφρονῶν
2592 1204 2662 1260 τά
2708 1206 2978 1278 γερόντων
3032 1205 3355 1273 ὑφίσταται,
3421 1204 3600 1274 φοϐεῖ-

2021 1302 2113 1341 ται
2128 1286 2216 1340 τὸν
2246 1287 2496 1353 θάνατον,
2531 1288 2606 1352 ὡς
2640 1288 2777 1343 θεόν·
2826 1286 2945 1353 θεὸς
2969 1287 3096 1359 παρ’
3119 1287 3269 1358 αὐτῷ
3294 1291 3322 1342 ό
3344 1288 3600 1359 φαινόμε-

2024 1386 2115 1435 νος
2160 1371 2382 1441 κόσμος.
2441 1371 2552 1425 Καὶ
2592 1372 2646 1424 τί
2689 1373 2827 1441 γάρ;
2868 1372 3065 1444 ὠχριᾷ,
3101 1374 3313 1444 φρικιᾷ,
3348 1374 3596 1445 ἀγωνιᾷ·

2026 1453 2428 1525 προλαμϐάνων
2456 1456 2555 1526 τήν
2580 1453 2674 1507 τοῦ
2712 1454 2847 1509 Θεοῦ
2882 1455 3083 1526 κρίσιν,
3125 1456 3314 1508 ἑαυτὸν
3337 1459 3601 1528 τιμωρεῖ-

2022 1553 2134 1595 ται,
2172 1536 2267 1590 τοῦ
2298 1537 2598 1603 συνειδότος
2629 1537 2871 1607 ἀνηλεῶς
2897 1538 3276 1609 βασανίζοντος
3297 1539 3346 1602 ιι,
3366 1541 3461 1592 καὶ
3477 1540 3599 1593 καθ’

2024 1618 2082 1672 ἓν
2106 1619 2214 1673 τῶν
2248 1621 2737 1692 πλημμελημάτων
2766 1622 3296 1694 ὑπομιμνήσκοντος,
3324 1622 3601 1694 δεινότερα

2025 1703 2270 1774 πάσχων,
2300 1704 2442 1776 ἥπερ
2473 1706 2522 1758 οί
2575 1705 2998 1777 μαστιγούμενοι
3027 1705 3097 1758 τά
3129 1705 3340 1758 ἑαυτῶν
3372 1706 3601 1776 σώματα

2023 1788 2143 1849 ταῖς
2173 1786 2407 1856 πληγαῖς
2429 1804 2443 1818 ·
2474 1787 2725 1842 ὑποδύνει
2753 1789 2852 1852 τὰς
2884 1788 3026 1842 κατά
3064 1789 3256 1860 καιρὸν
3285 1789 3602 1854 δυναστείας

2024 1868 2428 1941 δουλοπρεπῶς,
2442 1870 2726 1925 κολακεύει
2742 1873 2833 1925 τὸν
2845 1872 3049 1944 κόσμον
3066 1872 3328 1943 αἰσχρῶς,
3345 1873 3464 1926 ἀντὶ⁹
3484 1873 3601 1937 ἐνὸς

2026 1952 2217 2024 κυρίου
2254 1954 2482 2027 μυρίους
2528 1956 2643 2027 ἔχει
2689 1959 2976 2023 δεσπότας,
3022 1959 3109 2012 ἴνα
3156 1959 3229 2028 μὴ
3264 1962 3330 2029 τῇ
3373 1957 3604 2032 ἀληθείᾳ

2026 2037 2315 2111 δουλεύσῃ·
2343 2040 2603 2111 ἐπίφοδος
2631 2043 2793 2096 ἀσκεῖ
2819 2038 2981 2108 εἶναι,
3029 2045 3044 2084 ἱ
3091 2044 3422 2116 φοϐούμενος
3476 2045 3604 2109 τοὺς

2029 2122 2256 2185 πάντας.
2308 2122 2495 2179 Ταῦτα
2546 2125 2651 2195 μέν
2688 2142 2772 2178 σοι
2809 2127 2937 2196 παρ’
2975 2124 3134 2196 ήμῶν
3188 2132 3325 2186 κατά
3373 2125 3604 2199 δύναμιν

2028 2205 2287 2277 εἰρήσθω.
2329 2206 2441 2259 Καὶ
2473 2204 2528 2259 εί
2551 2223 2636 2272 τις
2666 2207 3026 2280 ἀληθέστερον
3056 2210 3151 2262 καὶ
3180 2208 3604 2279 γλαφυρώτερον

2014 2286 2223 2358 λέγων,
2253 2287 2351 2361 τὴν
2387 2289 2663 2344 οὑθένειαν
2694 2290 2851 2363 ήμῶν
2877 2290 3260 2363 διορθώσηται,
3292 2294 3386 2345 καὶ
3411 2293 3604 2347 τοῦτον

2028 2373 2200 2444 ήδέως
2238 2373 2612 2446 ἀποδεξόμεθα
2652 2377 2726 2440 ὡς
2778 2375 3074 2448 διορθωτὴν
3116 2378 3215 2430 καὶ
3257 2377 3601 2448 φιλάδελφον,

2028 2458 2121 2510 καὶ
2150 2457 2229 2529 τῷ
2260 2458 2472 2531 Σωτῆρι
2492 2459 2961 2532 εὑχαριστήσομεν
2998 2461 3086 2514 διὰ
3109 2462 3306 2516 πάντα.
3331 2461 3478 2533 Πλὴν
3507 2464 3603 2517 καὶ

2027 2542 2189 2606 αὑτὸς
2225 2541 2434 2607 ἀντίδος
2470 2560 2562 2614 μοι
2592 2542 2685 2596 τοῦ
2725 2543 2928 2598 σκοποῦ
2954 2543 3053 2615 τὴν
3089 2544 3291 2615 γνῶσιν
3319 2545 3419 2616 τῆς
3452 2545 3598 2600 δυτι-

2028 2624 2130 2694 κῆς
2160 2623 2398 2684 συνόδου.
2431 2627 2522 2678 καὶ
2548 2626 2943 2698 ἐπισφράγισαί
2977 2630 3077 2699 μου
3096 2629 3222 2690 τοὺς
3253 2629 3476 2698 λόγους,
3511 2628 3596 2682 εί-

2028 2724 2093 2775 γε
2116 2724 2195 2760 σοι
2228 2710 2549 2780 συνήρεσαν,
2586 2709 2661 2773 ὡς
2689 2710 2984 2779 ἐπωφελῶς
3012 2712 3312 2783 εἰρημένοι.
3363 2712 3518 2767 Μετά
3544 2711 3603 2766 δέ

2028 2789 2088 2842 τὸ
2123 2789 2433 2845 παύσασθαι
2464 2793 2557 2847 τὸν
2597 2793 3019 2865 διηγησάμενον,
3072 2792 3225 2849 εἶπεν
3267 2798 3296 2849 ό
3330 2795 3607 2866 Θεόδωρος

2028 2870 2233 2926 ταῦτα·
2268 2874 2358 2926 Σοὶ
2391 2875 2491 2942 μὲν
2522 2875 2600 2947 τῷ
2639 2877 3024 2950 διηγησαμένῳ
3050 2878 3222 2932 ταῦτα
3244 2877 3354 2951 δῴη
3401 2878 3607 2950 Κύριος

2030 2954 2175 3019 ὲλεος
2198 2957 2375 3027 εὑρεῖν
2414 2961 2472 3011 ἐν
2506 2959 2689 3031 ἐκείνῃ
2712 2963 2778 3032 τῇ
2815 2961 3015 3034 ήμέρᾳ,
3051 2962 3141 3014 καὶ
3166 2962 3248 3015 ὅτι
3269 2961 3379 3014 τῶν
3418 2960 3598 3015 τοιού-

2029 3055 2137 3091 των
2186 3040 2430 3111 ἀπέστης
2473 3042 2575 3111 τῆς
2608 3044 2911 3108 κοινωνίας,
2968 3045 3062 3098 καὶ
3116 3046 3385 3116 ὃτιιήμῖν
3413 3044 3601 3114 σαφῶς

2030 3120 2308 3191 διηγήσω·
2363 3124 2628 3196 μνησθείη
2683 3125 2739 3178 δέ
2794 3127 2997 3198 Κύριος
3047 3131 3225 3198 πάσης
3266 3128 3461 3191 θυσίας
3506 3129 3605 3198 τῆς

2048 3204 2322 3269 Ἰωάννου,
2351 3207 2434 3260 ὅτι
2466 3207 2571 3272 ἓως
2602 3209 2836 3263 θανάτου
2873 3211 2936 3264 οὑ
2957 3211 3362 3284 προέδωκετὴν
3389 3214 3604 3285 παρρη-

2031 3287 2175 3342 σίαν.
2223 3289 2280 3342 Ὀ
2317 3289 2374 3342 δέ
2408 3291 2610 3356 σκοπὸς
2641 3292 2741 3363 τῆς
2784 3293 3107 3364 Ἐκκλησίας
3148 3294 3434 3366 Ῥωμαίων
3452 3289 3607 3359 οὗτός

2030 3371 2199 3434 ἐστιν,
2247 3372 2352 3436 ἕως
2386 3373 2574 3439 τέλους
2618 3375 2693 3447 μή
2743 3376 3070 3448 κοινωνῆσαι
3109 3380 3224 3441 τοῖς
3265 3379 3606 3444 άνατολικοῖς

2033 3452 2369 3521 ἐπισκόποις,
2408 3457 2641 3527 μάλιστα
2673 3458 2946 3530 Θεοφίλῳ,
2994 3459 3099 3523 ἕως
3156 3459 3223 3513 ἂν
3277 3460 3352 3532 δῷ
3402 3461 3607 3533 Κύριος

2032 3535 2215 3606 χώραν
2243 3538 2628 3611 οἰκουμενικῆς
2668 3541 2911 3605 συνόδου,
2958 3542 3313 3614 ίατρευούσης
3342 3543 3411 3596 τὰ
3447 3561 3611 3616 σεση-

2032 3618 2170 3671 πότα
2200 3619 2336 3692 μέλη
2367 3620 2476 3674 τῶν
2510 3622 2681 3676 ταῦτα
2723 3625 3136 3696 ἐργασαμένων.
3168 3626 3231 3680 Εἰ
3259 3627 3366 3699 γὰρ
3400 3629 3495 3681 καὶ
3521 3645 3609 3681 κε-

2031 3702 2330 3774 κοίμηταιό
2364 3708 2631 3778 μακάριος
2669 3708 2941 3780 Ἰωάννης,
2963 3708 3077 3762 ἀλλ’
3096 3711 3398 3782 ἐγρήγορεν
3428 3712 3459 3781 ή
3484 3711 3609 3783 ἀλήο

2033 3785 2173 3847 θεια,
2208 3786 2276 3839 δι’
2305 3789 2370 3859 ήν
2399 3791 2431 3859 ή
2469 3789 2696 3861 ζήτησις
2720 3789 2894 3845 ἔσται.
2928 3793 3051 3854 Τοῖς
3085 3792 3140 3846 δὲ
3173 3793 3348 3847 ταῦτα
3378 3792 3609 3865 διαπρα-

2032 3869 2284 3941 ξαμένοις
2309 3873 2366 3926 ἐν
2389 3876 2453 3945 τῇ
2490 3874 2804 3947 Ἐκκλησία,
2837 3876 3005 3947 ἡδέως
3036 3878 3100 3930 ἂν
3147 3878 3434 3947 συνέτυχον
3466 3878 3607 3932 κατά

2034 3954 2322 4024 πρόσωπον
2362 3955 2532 4011 εἰπών
2553 3974 2566 3989 ·
2613 3957 2726 4011 Ποῦ
2755 3960 2787 4030 ή
2818 3959 3117 4031 ἰερωσύνη;
3156 3959 3262 4013 ποῦ
3295 3964 3328 4031 ή
3357 3960 3604 4033 όσιότης;

2033 4036 2136 4089 ποῦ
2160 4036 2223 4090 τὸ
2246 4038 2453 4111 ἥμερον
2481 4042 2576 4094 καὶ
2602 4042 2780 4096 κοινὸν
2817 4041 2833 4094 5
2871 4043 2971 4113 τῆς
3001 4044 3224 4112 φύσεως
3251 4061 3266 4110 ;
3300 4043 3403 4098 ποῦ
3436 4047 3492 4098 αί
3519 4048 3607 4097 ὲν-

2030 4120 2181 4174 τολαῖ⁵
2210 4121 2304 4175 τοῦ
2336 4124 2620 4196 Σωτῆρος;
2652 4126 2732 4190 τὸ,
2773 4127 2908 4181 Ἐὰν
2943 4127 3289 4197 προσφέρῃς
3316 4128 3382 4182 τὸ
3416 4126 3610 4197 δῶρόν

2031 4221 2172 4267 σου,
2217 4205 2316 4259 καί
2332 4206 2636 4277 μνησθῇς,
2661 4209 2749 4263 ὅτι
2774 4212 2899 4281 ἔχει
2913 4228 2968 4264 τι
2981 4213 3131 4265 κατὰ
3150 4211 3268 4265 σοῦ
3289 4215 3321 4264 ό
3345 4211 3610 4282 ἀδελφός

2030 4304 2167 4353 σου,
2189 4286 2434 4352 ἄπελθε,
2455 4291 2691 4359 πρῶτον
2703 4293 3060 4363 διαλλάγηθι
3084 4291 3163 4359 τῷ
3188 4293 3434 4363 ἀδελφῷ
3466 4311 3606 4357 σου,

2032 4373 2131 4426 καί
2163 4372 2317 4426 οὕτω
2352 4374 2657 4444 πρόσφερε
2681 4375 2749 4429 τὸ
2773 4375 2966 4445 δῶρόν
3008 4394 3161 4441 σου;
3210 4377 3314 4431 ποῦ
3346 4377 3424 4442 τὸ,
3469 4377 3611 4432 Ἐάν

2031 4457 2123 4521 τίς
2164 4472 2239 4509 σε
2267 4457 2503 4525 ραπίσῃ
2540 4459 2641 4512 ἐπί
2671 4459 2786 4527 τὴν
2812 4459 3019 4524 δεξιὰν
3036 4460 3314 4529 σιαγόνα,
3343 4460 3612 4529 στρέψον

2032 4537 2193 4609 αὑτῷ
2222 4538 2322 4592 καί
2344 4538 2460 4608 τὴν
2491 4540 2722 4609 ἁλλην;
2749 4542 2851 4596 ποῦ
2890 4544 2924 4614 ή
2958 4543 3065 4596 τῶν
3098 4542 3328 4615 Γραφῶν
3368 4543 3606 4616 μελέτη;

2034 4622 2115 4687 τὸ,
2153 4620 2298 4676 Ἰδοὺ
2328 4624 2387 4676 τί
2419 4626 2615 4680 καλὸν
2649 4628 2687 4695 ἢ
2718 4629 2775 4680 τί
2813 4627 3091 4695 τερπνὸν,
3118 4627 3257 4681 ἀλλ’
3295 4626 3333 4696 ἣ
3374 4628 3441 4681 τὸ
3469 4645 3607 4682 κατι

2033 4706 2220 4758 οικεῖν
2237 4705 2543 4777 ἀδελφοὺς
2567 4710 2666 4763 ἐπὶ
2704 4710 2773 4763 τὸ
2803 4710 2950 4764 αὐτό
2965 4728 2984 4777 ;
3008 4710 3111 4763 ποῦ
3136 4711 3216 4775 τὸ,
3249 4710 3515 4779 Ἀδελφοί
3541 4713 3609 4765 ἐν

2032 4786 2319 4857 ἀνάγκαις
2342 4793 2627 4862 χρήσιμοι
2645 4793 2962 4858 ἔστωσαν;
2995 4794 3083 4848 διὰ
3114 4795 3167 4847 τί
3198 4793 3278 4858 δὲ,
3323 4794 3611 4863 Ἀδελρὺς

2032 4870 2152 4924 ὑπὸ
2178 4869 2447 4941 ἀδελφοῦ
2487 4876 2926 4946 βοηθούμενος,
2956 4878 3034 4942 ὡς
3062 4877 3243 4943 πόλις
3266 4877 3477 4945 ὀχυρὰ,
3519 4879 3613 4931 ἁν-

2035 4955 2425 5026 τιστρέψαντες
2468 4961 2835 5032 πεποιήκατε;
2912 4961 3163 5029 Ἀδελφὸς
3222 4961 3328 5014 ὑπὸ
3378 4961 3611 5030 ἀδελφοῦ

2038 5039 2571 5111 συκοφαντούμενος,
2616 5043 2648 5115 ἢ
2685 5043 3288 5115 λαφυραγωγούμενος,
3334 5045 3409 5108 ὡς
3458 5045 3612 5108 πόλις

2035 5120 2230 5193 οἰκτρὰ
2262 5124 2358 5176 καὶ
2390 5126 2717 5197 ἀτείχιστος.
2768 5127 2833 5180 Τί
2882 5143 3013 5180 ποτε
3055 5123 3149 5181 οὖν
3181 5128 3256 5192 ὡς
3293 5128 3525 5198 ἄμικτον
3550 5128 3612 5182 τὸ

2037 5205 2225 5275 χρῆμα
2255 5205 2476 5263 διώκειν
2522 5213 2952 5283 ἐπεχειρήσατε,
2997 5214 3117 5283 τρὶς
3169 5212 3264 5273 καὶ
3316 5213 3417 5283 οὑχ
3466 5212 3614 5277 ἅπαξ

2036 5286 2244 5356 ἄθλιοι;
2279 5292 2385 5346 τίνι
2422 5293 2481 5348 δὲ
2517 5294 2661 5365 λόγῳ
2682 5336 2698 5362 ,
2742 5296 2819 5358 ὡς
2852 5296 3002 5367 ,πρὸς
3034 5296 3227 5368 ἐχθρὸν
3281 5299 3448 5368 φονᾷν
3493 5299 3612 5351 κατ’

2037 5371 2203 5424 αὑτοῦ
2240 5374 2338 5445 οὑχ
2383 5377 2809 5445 ὑπεστείλασθε;
2841 5378 2958 5441 πῶς
2996 5379 3053 5432 δὲ
3087 5380 3181 5433 καὶ
3220 5378 3457 5449 ἐπῆλθεν
3484 5381 3613 5451 ὑμῖν

2035 5453 2178 5510 οὕτω
2204 5461 2324 5511 κατ’
2350 5460 2593 5533 ἀλλήλων
2620 5462 3062 5536 ἐξαγριαίνεσθαι
3083 5480 3099 5528 ;
3120 5462 3285 5517 πόθεν
3307 5463 3364 5516 δὲ
3392 5463 3488 5517 καὶ
3514 5464 3613 5534 τὴν

2037 5539 2371 5614 τηλικαύτην
2420 5548 2722 5618 μεταϐολὴν
2794 5547 3130 5613 ἐνεδείξασθε
3157 5590 3172 5613 ,
3221 5546 3297 5612 ὡς
3360 5546 3469 5601 ἀπὸ
3517 5547 3613 5601 τοῦ

2036 5623 2293 5680 τιθασσοῦ
2312 5630 2405 5683 ἐπὶ
2431 5633 2491 5684 τὸ
2521 5634 2814 5688 ἀτίθασσον
2837 5634 2929 5687 καὶ
2959 5634 3235 5705 ἀνήμερον
3251 5632 3613 5703 μεταϐαλείν;

2097 5736 2266 5813 ΙξᾸ-ἱξίᾴ.
2289 5747 2369 5813 διά
2385 5746 2540 5813 τοῦίσ.
2565 5751 2883 5811 βασανίζων...
2918 5752 3304 5813 ὑπομιμνήσκων.

2107 5800 2123 5871 ξ
2160 5798 2280 5856 Ibid.
2305 5810 2378 5857 ἀεὶ
2402 5812 2509 5871 φοϐ.

2105 5869 2125 5917 1
2153 5871 2328 5932 Georg.
2356 5869 2434 5918 καὶ
2457 5875 2744 5923 κοινωνικόν.
