4122 6386
456 468 523 525 π
1438 462 1524 517 DE
1563 418 1718 516 vim
1758 462 1811 515 s.
1855 458 2134 516 JOANNIS
2168 460 2653 518 CIIRYSOSTOMI.
3649 463 3714 513 ni

453 583 701 651 expulsos
728 619 742 642 ,
773 579 1020 650 quoniam
1080 576 1330 633 Ecclesiis
1364 576 1551 645 privati
1608 590 1809 629 sumus.
1864 574 2029 635 Ideni,

454 672 582 729 mihi
626 674 731 741 pati
785 670 980 724 videris
1006 710 1020 732 ,
1049 669 1189 738 quod
1243 668 1465 732 rustici,
1497 668 1585 735 qui
1634 666 1876 737 Olympia
1912 682 2034 735 spe-

453 773 601 817 ctant
628 779 640 814 :
678 763 750 816 illi
781 763 921 816 enim
949 776 1044 813 ore
1072 759 1236 822 hiant,
1269 758 1591 827 perlibenter
1629 759 1878 813 videntes
1903 775 2036 825 pra~—

454 856 557 908 mia
589 896 602 916 ,
652 855 1009 924 lacrymantur
1054 862 1229 905 autem
1286 850 1661 904 miserabiliter
1705 849 1771 903 ad
1822 858 2034 903 certau-

454 946 582 1001 tium
613 944 807 1013 plagas.
857 943 984 997 Mihi
1027 952 1200 995 autem
1244 950 1460 1010 pnestat
1496 942 1658 994 valles
1686 949 1740 995 et
1791 940 1950 993 silvas
1983 949 2036 993 et

454 1038 624 1091 maria
655 1037 927 1106 pervagari
950 1051 1069 1088 cum
1097 1036 1316 1088 veritate
1340 1076 1355 1099 ,
1383 1049 1540 1103 quam
1568 1032 1787 1085 multam
1815 1032 2034 1101 gloriam

453 1128 732 1197 praesentis
771 1127 1035 1182 felicitatis
1084 1126 1365 1181 habentem
1398 1166 1413 1190 ,
1442 1125 1717 1178 mendacio
1743 1124 2033 1193 subiacere.

463 1218 752 1272 Veritatem
784 1220 924 1272 enim
968 1218 1169 1271 habens
1190 1259 1203 1279 ,
1234 1216 1438 1269 habebo
1465 1216 1641 1269 omnia
1670 1232 1684 1281 ;
1713 1216 1906 1269 etenim
1937 1214 2037 1284 ipsi

454 1312 692 1364 serviunt
743 1311 918 1363 omnia
964 1328 976 1361 :
1019 1309 1352 1362 mendacium
1384 1322 1509 1360 vero
1533 1306 1829 1377 possidens,
1858 1322 1924 1358 ne
1952 1320 2036 1360 me

457 1401 629 1467 ipsum
659 1399 872 1469 quidem
902 1398 1127 1460 habebo,
1157 1413 1277 1451 cutu
1318 1397 1457 1450 illius
1488 1412 1592 1449 non
1622 1396 1741 1449 sim.
1775 1395 2034 1449 Ca-terutn

456 1491 731 1543 veritatem
766 1489 970 1543 habens
994 1531 1009 1554 ,
1043 1504 1147 1542 non
1186 1488 1495 1559 simpliciter
1514 1502 1630 1542 eam
1657 1486 1851 1541 habere
1880 1488 2030 1551 volo,

456 1591 516 1635 ut
542 1581 810 1635 dominam
841 1592 930 1635 aut
953 1596 1158 1635 servam
1186 1590 1277 1633 aut
1296 1580 1545 1644 vicinam,
1567 1578 1662 1633 sed
1692 1589 1749 1632 ut
1774 1594 2030 1642 sororem,

454 1683 509 1728 et
538 1674 581 1727 si
629 1674 743 1727 fieri
775 1675 959 1742 possit,
984 1682 1046 1728 ut
1082 1673 1385 1743 conjugem,
1418 1673 1583 1741 ipsius
1603 1672 1869 1738 voluptate
1896 1674 2031 1739 frui,

455 1774 508 1817 et
536 1772 718 1832 postea
751 1764 996 1818 heredem
1018 1806 1033 1829 ,
1062 1774 1327 1833 tamquam
1372 1764 1639 1833 propriam
1674 1778 1912 1817 uxorem.
1946 1762 2033 1815 Fi-

456 1856 522 1909 lia
548 1856 688 1909 enim
718 1864 800 1909 est
827 1856 1047 1908 sincera:
1090 1855 1231 1908 illius
1280 1854 1516 1907 veritatis
1544 1895 1560 1920 ,
1591 1854 1741 1922 cujus
1767 1869 1929 1923 gener
1958 1854 2035 1906 vir

458 1945 673 2014 probus.
703 1945 800 2012 Qui
831 1946 971 1999 enim
997 1945 1097 1999 huc
1142 1946 1468 2014 signaculum
1498 1944 1733 2013 possidet
1759 1986 1773 2009 ,
1812 1945 2033 2014 repube.

455 2038 576 2102 scit,
596 2052 879 2105 numquam
907 2038 1133 2091 senescit
1161 2053 1256 2091 nec
1287 2039 1585 2103 marcescit,
1615 2039 1734 2106 igne
1762 2036 2031 2092 ardentio-

456 2144 567 2182 rem
592 2125 798 2183 habens
829 2132 1022 2190 zelum,
1056 2130 1346 2183 acutiorem
1373 2130 1548 2198 gladio
1577 2144 1875 2183 sermonem
1898 2169 1913 2190 .
1960 2130 2034 2184 lc-

454 2218 653 2271 viorem
677 2219 845 2287 aquila
876 2220 1032 2271 vitam
1068 2238 1081 2272 :
1109 2219 1326 2289 impigre
1354 2220 1518 2272 currit
1547 2220 1609 2271 ad
1637 2218 2031 2288 Scripturarum

454 2307 893 2372 meditationem,
930 2309 1072 2362 velut
1114 2308 1177 2362 ad
1232 2319 1453 2362 matrem
1493 2310 1683 2363 domus
1719 2309 2027 2364 custodem:

447 2395 613 2449 ﬂoret
639 2397 836 2465 jugiler
862 2397 1013 2451 Itetus
1034 2439 1047 2460 ,
1077 2413 1179 2450 non
1208 2399 1410 2466 capitur
1444 2407 1584 2451 metu
1612 2440 1628 2462 ,
1663 2398 1916 2465 gloriatur
1946 2400 2029 2450 in-

453 2484 709 2554 trepidus,
738 2501 892 2540 sacro
927 2485 1105 2541 furore
1154 2487 1429 2555 tripudiat,
1468 2490 1733 2542 neminem
1776 2489 1902 2551 odit,
1929 2489 2029 2542 mi-

451 2584 659 2628 seratur
701 2591 793 2630 eos
829 2577 924 2645 qui
969 2576 1166 2631 smculo
1212 2579 1531 2640 abutuntur,
1567 2578 1748 2632 beatos
1774 2578 1902 2632 dicit
1941 2579 2029 2646 qui

452 2664 552 2717 sibi
581 2666 762 2718 vivunt
792 2668 1049 2731 contenti,
1079 2669 1318 2721 tristatur
1347 2668 1567 2739 spiritali
1607 2669 1818 2722 tristitia
1843 2669 1912 2723 ob
1935 2684 2028 2723 ec-

453 2756 873 2811 elesiasticorum
904 2758 1201 2812 socordiam
1239 2775 1251 2811 :
1295 2759 1363 2814 de
1406 2760 1597 2829 quibus
1616 2761 2024 2830 aitApostolus:

454 2846 523 2898 Et
552 2846 800 2914 Spiritum
825 2861 1048 2901 sanciunt
1091 2849 1245 2902 nolite
1278 2851 1571 2902 contristare
1591 2891 1607 2914 ,
1650 2851 1701 2902 in
1726 2867 1821 2920 quo
1846 2851 2029 2920 signati

453 2938 568 2989 estis
601 2938 654 2989 in
684 2938 813 2989 diem
843 2938 1196 3006 redemptionis
1220 2939 1237 3010 (
1263 2939 1446 3009 Ephea.
1482 2941 1535 2995 4.
1566 2940 1667 3010 ’50)
1707 2956 1721 2993 :
1753 2943 2028 2995 contristat

450 3039 628 3081 autem
656 3030 908 3097 Spiritum
956 3030 1044 3099 qui
1090 3040 1233 3099 terga
1278 3032 1325 3084 ei
1365 3030 1457 3085 dat
1484 3047 1578 3099 per
1619 3033 2010 3100 negligentiam.

453 3119 653 3189 Ecquid
681 3121 856 3174 omnia
891 3123 1219 3189 percenseo?
1249 3124 1473 3176 moritur
1508 3139 1628 3177 cum
1675 3124 1917 3179 libertate
1942 3124 2023 3177 lo-

450 3210 643 3278 quendi
670 3252 684 3275 ,
716 3212 926 3266 nemine
974 3213 1285 3267 contristato
1316 3222 1505 3281 prmter
1532 3213 1800 3267 d:emoncs
1820 3256 1836 3277 ,
1866 3223 1920 3267 et
1938 3214 2026 3283 qui

452 3301 578 3371 ipsis
603 3302 823 3368 proximi
852 3311 973 3356 sunt
996 3319 1010 3353 :
1039 3302 1271 3357 abundat
1298 3303 1370 3356 illi
1394 3313 1620 3372 tempus,
1650 3320 1754 3358 non
1777 3320 2025 3358 consumo

451 3392 551 3459 psit
578 3392 693 3447 dies
728 3394 778 3446 in
823 3393 1113 3448 malefactis
1145 3412 1158 3446 :
1187 3394 1477 3463 duplicavit
1502 3394 1678 3449 datam
1710 3396 2019 3465 pecuniam,

452 3482 815 3555 bonorumque
858 3498 1075 3551 operum
1106 3484 1359 3551 praemisit
1396 3498 1586 3538 usuras
1606 3525 1622 3549 ,
1654 3484 1863 3539 modico
1891 3494 2021 3538 tetu-

450 3590 577 3644 porc
620 3577 885 3646 longmvos
912 3575 1148 3647 implevit
1182 3590 1351 3627 annos
1384 3593 1397 3638 ;
1448 3584 1818 3629 testamentum
1856 3575 2023 3628 bono-

448 3680 564 3717 rum
598 3682 699 3718 non
730 3668 947 3733 scribit;
993 3668 1174 3721 vivens
1203 3665 1367 3732 enim,
1399 3676 1451 3720 ct
1477 3666 1710 3719 sentiens
1734 3682 1794 3719 ea
1820 3666 2026 3735 disper-

448 3756 532 3806 sit.
587 3755 815 3810 Pulsavit
857 3774 999 3811 mors
1040 3759 1338 3827 corpusculi
1387 3756 1627 3811 ostium?
1680 3759 1822 3823 prius
1866 3772 2021 3827 quam

447 3854 674 3900 mortem
721 3848 907 3902 viderit
943 3866 1060 3918 qua:
1087 3850 1215 3902 foris
1257 3858 1375 3913 est,
1404 3847 1618 3910 clamat,
1674 3848 2013 3901 Discedamus

450 3935 591 4001 hinc,
622 3936 870 3990 accinctis
899 3955 913 3989 :
948 3937 1065 3991 Heu
1106 3940 1248 4003 mihi,
1303 3942 1422 4008 quia
1448 3938 1692 3994 incolatu:
1730 3954 1867 3990 meus
1900 3956 2020 4007 pro-

446 4026 675 4095 longata:
716 4037 785 4080 est
824 4027 1008 4099 (Psal.
1038 4030 1158 4084 119.
1188 4032 1222 4085 5
1252 4032 1307 4099 )!
1350 4047 1411 4084 ac
1469 4031 1567 4085 nisi
1596 4044 1807 4101 propter
1856 4030 2017 4087 ficum

446 4119 534 4184 qui
559 4130 675 4169 eam
711 4117 962 4180 miserat,
986 4118 1084 4186 ipsi
1120 4119 1240 4173 lites
1271 4121 1597 4182 intenderet,
1638 4123 1852 4191 exigens
1877 4122 2016 4191 quod

443 4208 614 4261 serius
643 4208 803 4263 venit.
848 4210 1150 4279 Acquiescit
1183 4211 1395 4265 demum
1436 4214 1686 4267 liberatus
1714 4215 1781 4268 ab
1819 4231 2015 4268 terum-

445 4311 578 4349 noso
602 4312 842 4366 corpore,
868 4310 972 4352 uta
995 4299 1183 4354 vitioso
1206 4301 1487 4369 hospitiolo
1516 4306 1716 4358 ruinam
1750 4307 2011 4361 minante:

444 4401 625 4439 aurem
654 4390 854 4441 arrexit
883 4389 947 4442 ad
973 4406 1093 4443 eum
1123 4391 1210 4460 qui
1252 4392 1419 4447 dixit:
1449 4392 1615 4463 Euge,
1654 4412 1791 4448 serve
1819 4397 1944 4448 bone
1968 4407 2014 4449 ct

446 4478 609 4543 ﬁdelis
629 4476 836 4545 (Matth.
858 4479 947 4533 25.
970 4479 1085 4551 2t),
1105 4482 1377 4536 auditurus
1409 4493 1460 4537 et
1485 4483 1705 4553 reliqua.
1730 4484 1809 4537 Sit
1838 4497 2012 4539 autem

445 4568 534 4619 tibi
565 4584 748 4621 eorum
793 4586 911 4639 qua:
940 4571 1163 4625 dicimus
1198 4585 1397 4627 certum
1445 4575 1691 4629 indicium
1730 4579 2011 4631 verborum

442 4658 591 4726 copia
626 4677 638 4712 :
667 4656 751 4712 Ea:
794 4661 1107 4737 abundantia
1150 4664 1279 4716 enim
1326 4666 1491 4717 cordis
1519 4682 1574 4718 os
1605 4664 1820 4735 loquitur
1850 4667 2010 4736 (Ibid.

442 4751 532 4804 12.
562 4750 674 4818 51).
722 4751 886 4804 Porro
912 4754 997 4821 qui
1028 4770 1146 4807 cum
1187 4754 1461 4809 mendacio
1490 4758 1633 4822 vivit,
1665 4758 1821 4811 vitam
1854 4757 2015 4813 habet

445 4842 837 4909 perturbatam,
882 4845 1162 4914 aliquando
1188 4847 1400 4915 quidem
1439 4848 1716 4902 immodice
1745 4851 2010 4918 gaudens,

443 4931 512 4983 ob
541 4932 924 4986 incrementum
957 4938 1191 5003 pecunia:
1220 4946 1309 4990 aut
1338 4953 1510 5005 parva:
1536 4940 1793 5008 gloriolae,
1824 4950 1915 4994 aut
1942 4945 2013 4995 ob

440 5038 675 5077 amorem
704 5024 1071 5090 meretriculae,
1100 5037 1189 5080 aut
1212 5038 1425 5096 propter
1442 5028 1770 5084 inimicorum
1798 5046 2011 5085 suorum

442 5113 719 5166 adversam
748 5114 1009 5168 fortunam
1036 5131 1049 5166 :
1073 5117 1356 5185 aliquando
1381 5128 1555 5172 autem
1584 5121 1820 5174 tristatur
1843 5137 2012 5190 usque

438 5203 502 5255 ad
552 5213 798 5269 mortem,
846 5206 974 5258 dum
1026 5209 1345 5261 mutationes
1397 5210 1627 5264 somniat
1683 5220 1735 5265 et
1784 5211 2014 5266 incertos

442 5302 660 5347 eventus
680 5333 699 5360 ,
732 5304 1019 5364 noctesque
1047 5296 1204 5351 habet
1230 5298 1516 5365 insomnes,
1546 5318 1607 5356 ac
1634 5304 1767 5355 male
1796 5303 2010 5357 dormit.

438 5382 572 5447 Quin
612 5391 668 5437 et
712 5385 1001 5439 amicorum
1050 5388 1264 5441 insidias
1303 5390 1417 5457 ipse
1459 5393 1770 5461 suspicatur,
1812 5410 1877 5447 ne
1914 5395 2012 5449 sibi

438 5472 651 5540 quidem
681 5475 981 5540 confidens,
1025 5478 1270 5532 erunibus
1302 5480 1559 5549 derogans
1589 5482 1742 5535 fidem
1775 5494 1827 5537 ut
1866 5500 2017 5542 men-

440 5561 674 5615 dacibus.
716 5564 821 5630 Qui
869 5565 1167 5634 hujusmodi
1206 5578 1308 5632 est,
1349 5570 1563 5623 timidus
1600 5584 1681 5625 est
1726 5584 1781 5627 ut
1829 5574 2011 5645 lepus,

438 5652 608 5705 audax
642 5662 699 5707 ut
744 5671 933 5724 porcus
955 5699 968 5720 ,
1015 5658 1173 5711 fallax
1208 5670 1261 5713 ut
1290 5659 1576 5715 chamteleo
1600 5703 1617 5729 ,
1662 5662 1914 5735 deceptor
1958 5679 2015 5722 ut

444 5741 647 5809 perdix,
672 5744 1049 5801 inunisericors
1076 5759 1133 5800 ut
1160 5749 1334 5819 lupus,
1366 5750 1746 5808 immansuetus
1775 5764 1831 5808 ut
1857 5771 2011 5810 mus:

439 5831 688 5902 suiipsius
734 5835 1015 5906 inimicus,
1066 5839 1426 5897 indesinenter
1470 5842 1730 5911 invidens,
1778 5845 2010 5916 seipsum

2148 577 2447 629 necessario
2476 578 2747 641 crucians,
2779 591 2877 630 nec
2902 575 2954 630 id
2984 575 3179 630 sentit:
3203 590 3321 629 cum
3346 574 3486 629 enim
3518 583 3712 628 malum

2142 677 2326 719 contra
2358 668 2516 720 alium
2548 668 2761 735 cogitat,
2794 668 3025 735 seipsum
3060 666 3203 734 prius
3229 664 3456 735 pessime
3486 674 3711 734 torquet.

2145 758 2370 812 Pulsavit
2402 759 2582 812 mors?
2610 760 2787 812 omnia
2818 760 2927 824 dat,
2961 770 3015 812 ut
3046 757 3307 813 modicum
3334 756 3505 811 adhuc
3531 756 3715 821 duret,

2141 848 2362 915 cupidus
2391 849 2512 902 vita:
2539 866 2551 900 :
2576 848 2835 901 indultum
2867 849 2962 902 sibi
3000 858 3206 916 tempus
3238 847 3425 901 frustra
3464 862 3712 899 consum-

2135 935 2541 1005 psitzprteterea
2556 940 2826 993 denarium
2857 956 2960 993 non
2992 937 3294 1006 duplicavit,
3318 952 3487 1007 neque
3510 936 3711 989 salvum

2141 1029 2441 1084 custodivit.
2463 1029 2666 1098 Jugiter
2694 1029 2871 1083 tremit
2896 1042 2945 1083 ut
2978 1029 3179 1091 folium,
3204 1043 3484 1082 senescere
3505 1026 3710 1089 nolens,

2140 1130 2194 1174 et
2217 1137 2335 1189 qute
2351 1120 2685 1175 delirantium
2705 1136 2887 1175 senum
2912 1130 3034 1173 sunt
3053 1120 3246 1189 patitur
3265 1136 3277 1173 :
3299 1130 3520 1171 mortem
3542 1116 3709 1180 timet,

2142 1220 2198 1265 ut
2218 1210 2373 1266 deum
2402 1212 2565 1267 :deus
2592 1212 2665 1265 illi
2687 1222 2767 1265 est
2794 1212 3012 1266 visibilis
3036 1211 3282 1264 mundus.
3306 1210 3372 1263 Et
3392 1209 3515 1278 quid
3538 1208 3714 1261 ultra?

2140 1302 2375 1370 pallescit
2397 1342 2412 1365 ,
2443 1304 2658 1369 horret,
2689 1304 2875 1357 anxius
2903 1301 3269 1357 est:divinum
3294 1299 3547 1370 judicium
3580 1316 3715 1369 pra:-

2140 1391 2391 1455 venicus,
2435 1393 2666 1461 seipsum
2700 1393 2847 1461 punit
2871 1434 2886 1458 ,
2926 1392 3250 1447 conscientia
3292 1386 3438 1445 illum
3464 1392 3714 1445 atrociter

2141 1489 2451 1551 torquente,
2500 1491 2553 1536 et
2583 1482 2992 1551 unumquodque
3022 1491 3291 1551 peccatum
3324 1480 3376 1534 in
3404 1481 3711 1534 memoriam

2140 1586 2444 1635 revocante,
2465 1573 2705 1639 graviora
2736 1575 2950 1641 patitur,
2978 1587 3135 1641 quam
3168 1572 3203 1626 ii
3231 1587 3453 1638 quorum
3484 1586 3707 1641 corpora

2139 1666 2446 1719 verberibus
2463 1665 2808 1720 concidantur
2831 1683 2845 1718 :
2868 1665 3130 1719 serviliter
3152 1680 3210 1719 se
3235 1663 3463 1719 demittit
3486 1662 3550 1715 ad
3575 1672 3711 1716 tetu-

2140 1756 2350 1824 porales
2376 1766 2693 1823 potestates,
2741 1755 2878 1809 laede
2908 1754 3171 1809 blanditur
3198 1754 3393 1809 mundo
3416 1796 3429 1816 ,
3477 1769 3572 1824 pro
3607 1770 3712 1807 uno

2138 1844 2356 1899 domino
2382 1846 2613 1900 intinitos
2641 1846 2797 1900 habet
2829 1847 3003 1909 heros,
3034 1855 3092 1900 ut
3121 1861 3224 1900 non
3253 1848 3446 1901 serviat
3470 1847 3708 1901 veritati:

2151 1934 2322 1989 timeri
2350 1936 2521 2005 cupit,
2545 1952 2663 1989 cum
2688 1936 2800 2005 ipse
2819 1952 3006 1991 omnes
3043 1938 3224 1990 timeat
3245 1938 3339 2007 (α).
3385 1936 3507 1991 11ωο
3533 1946 3709 1991 autem

2140 2026 2228 2079 tibi
2261 2042 2357 2095 pro
2386 2027 2520 2080 virili
2548 2043 2575 2079 a
2606 2027 2757 2083 nobis
2778 2028 2917 2083 dicta
2941 2028 3066 2081 sint.
3097 2028 3153 2082 Si
3185 2031 3303 2098 quis
3331 2039 3505 2081 autem
3535 2028 3711 2082 verius

2137 2128 2189 2170 et
2215 2117 2504 2186 elegantius
2530 2117 2750 2184 dicens,
2792 2118 3206 2173 imbecillitatem
3255 2128 3483 2172 nostram
3528 2134 3709 2172 cmen-

2138 2206 2373 2272 daverit,
2406 2208 2546 2262 hunc
2584 2208 2807 2263 libenter
2838 2209 3157 2277 accipiemus
3192 2220 3247 2262 ιιι
3275 2218 3626 2264 correctorem
3656 2217 3710 2262 et

2137 2296 2358 2351 fratrum
2402 2310 2665 2352 amantem
2690 2340 2705 2362 ,
2755 2309 2912 2368 atque
2949 2300 3216 2353 Servatori
3264 2299 3457 2368 gratias
3495 2316 3713 2367 agemus

2137 2398 2351 2457 propter
2375 2392 2570 2443 omnia.
2609 2390 2799 2444 Verum
2830 2390 2944 2458 ipse
2972 2392 3096 2444 mihi
3129 2406 3336 2459 expone
3359 2389 3711 2445 Occidentalis

2134 2479 2331 2549 Synodi
2363 2495 2578 2548 scopum
2610 2495 2671 2533 ac
2699 2481 2967 2535 decretum
2990 2522 3003 2543 ,
3036 2492 3090 2535 et
3118 2482 3332 2549 obsigna
3360 2482 3519 2534 verba
3552 2496 3665 2535 mea
3689 2520 3708 2545 ,

2133 2571 2392 2639 siquidem
2419 2570 2509 2625 tibi
2539 2572 2863 2639 placuerunt,
2895 2582 2948 2625 ut
2970 2573 3168 2626 utiliter
3186 2572 3345 2626 dicta.
3372 2571 3501 2626 Cum
3529 2582 3706 2627 autem

2135 2661 2273 2731 loqui
2320 2662 2583 2726 desiisset,
2636 2664 2749 2717 htec
2790 2665 2864 2718 ait
2913 2663 3226 2718 Theodorus
3257 2682 3270 2718 :
3300 2664 3416 2718 Tibi
3460 2664 3706 2733 quidem,

2132 2752 2218 2820 qui
2256 2751 2367 2805 hate
2408 2754 2663 2819 narrasti,
2698 2754 2787 2808 det
2832 2754 2971 2809 Deus
3006 2754 3418 2809 misericordiam
3454 2758 3704 2826 consequi

2132 2840 2183 2895 in
2208 2841 2291 2896 illa
2314 2841 2420 2910 die,
2446 2851 2553 2896 tum
2578 2843 2695 2913 quia
2722 2859 2750 2896 a
2775 2843 2954 2897 talium
2985 2844 3355 2899 communione
3383 2844 3703 2911 abstinuisti,

2133 2943 2241 2988 tum
2270 2935 2390 3003 quia
2421 2935 2571 2989 nobis
2598 2937 2711 2989 haec
2736 2946 2915 3004 aperte
2952 2936 3268 2991 disseruisti.
3298 2936 3557 2991 Cmterum
3598 2936 3704 2989 Do-

2132 3031 2303 3083 minus
2334 3032 2631 3085 meminerit
2650 3031 2822 3085 omnis
2848 3031 3089 3084 sacrificii
3110 3029 3348 3091 Joannis,
3367 3032 3453 3099 qui
3471 3031 3534 3083 ad
3559 3046 3705 3083 mor.

2133 3129 2237 3173 tem
2274 3136 2440 3189 usque
2468 3121 2711 3190 loquendi
2741 3121 3033 3174 libertatem
3081 3137 3183 3175 non
3233 3120 3443 3190 abjecit.
3501 3121 3704 3191 Scopus

2130 3210 2382 3264 Ecclesia:
2400 3210 2648 3264 Romana:
2670 3211 2766 3263 iste
2791 3219 2891 3274 est,
2912 3226 3015 3263 non
3037 3211 3429 3264 communicare
3454 3226 3700 3280 umquam

2128 3302 2484 3358 Orientalibus
2522 3303 2802 3371 episcOpis,
2852 3304 3142 3371 praesertim
3188 3302 3501 3371 Theophilo,
3530 3304 3700 3359 donec

2132 3394 2383 3447 Dominus
2409 3393 2615 3447 dederit
2638 3393 2808 3447 locum
2832 3392 3109 3447 universali
3127 3393 3357 3461 Synodo,
3380 3410 3495 3461 qua:
3520 3403 3697 3462 putre-

2130 3484 2277 3539 factis
2307 3484 2559 3539 membris
2586 3500 2787 3547 eorum,
2822 3484 2911 3552 qui
2943 3483 3055 3537 haec.
3085 3493 3373 3552 patrarunt,
3406 3484 3696 3537 medeatur.

2130 3574 2241 3627 Etsi
2266 3576 2406 3629 enim
2435 3574 2630 3628 dormit
2659 3574 2844 3628 beatus
2871 3573 3132 3639 Joannes,
3173 3574 3353 3644 vigilat
3390 3583 3563 3629 tamen
3604 3591 3696 3629 ve-

2129 3665 2257 3717 ritas
2280 3704 2295 3727 ,
2336 3671 2553 3732 propter
2590 3648 2747 3732 quam
2779 3663 3046 3731 inquisitio
3070 3665 3189 3717 erit.
3233 3665 3336 3718 Eos
3380 3674 3575 3725 autem.
3607 3666 3696 3734 qui

2128 3755 2247 3807 talia
2267 3755 2318 3807 in
2341 3755 2568 3808 Ecclesia
2595 3763 2979 3823 perpetrarunt,
3011 3755 3233 3809 libenter
3261 3757 3617 3819 convenitein,
3643 3759 3695 3811 in

2127 3842 2313 3899 faciem
2352 3844 2566 3899 dicens:
2593 3844 2816 3900 Ubinam
2846 3845 3239 3898 sacerdotium?
3282 3846 3369 3900 ubi
3412 3847 3693 3906 sanctitas.

2128 3937 2212 3990 ubi
2248 3936 2595 3990 mansuetudo
2624 3945 2679 3991 et
2705 3938 3008 3990 conuuuuio
3037 3938 3373 3992 naturaehtbi
3400 3938 3695 3993 Servatoris

2126 4028 2407 4081 mandata?
2436 4028 2524 4081 ubi
2570 4027 2696 4082 illud
2722 4045 2735 4080 :
2760 4028 2821 4082 Si
2863 4026 3014 4093 o/frrs
3043 4046 3223 4083 munus
3258 4039 3427 4091 tuum,
3458 4040 3504 4082 et
3530 4046 3696 4082 recor-

2123 4120 2273 4177 datus
2320 4118 2475 4186 fimi:
2506 4120 2624 4186 quia
2665 4118 2821 4186 frater
2866 4128 2979 4171 tuus
3022 4120 3167 4173 habet
3203 4121 3394 4189 aliquid
3431 4122 3692 4174 atlversum

2122 4227 2186 4278 te,
2226 4214 2368 4278 vade,
2404 4212 2543 4282 prius
2572 4211 2896 4264 reconciliare
2919 4213 3067 4281 fratri
3096 4223 3178 4265 tuo
3198 4255 3211 4278 ,
3242 4224 3287 4266 et
3328 4230 3399 4267 sic
3430 4214 3556 4280 a/fer
3580 4232 3692 4269 niu-

2121 4324 2213 4361 nus
2243 4318 2381 4360 tuum
2398 4305 2606 4374 (Matth.
2631 4307 2683 4361 5.
2703 4306 2796 4361 23.
2820 4302 2956 4377 24)?
2986 4304 3070 4357 ubi
3106 4305 3232 4358 illud
3259 4322 3269 4356 :
3297 4305 3359 4359 Si
3376 4307 3485 4375 quis
3506 4316 3552 4359 te
3576 4323 3692 4374 per-

2120 4398 2325 4449 cusserit
2367 4397 2419 4449 in
2460 4396 2723 4450 maxillam
2761 4397 3021 4459 dextram,
3062 4393 3255 4447 obverte
3284 4394 3360 4447 illi
3399 4406 3445 4448 et
3480 4396 3691 4449 alterunt

2120 4486 2273 4551 (Ibid.
2316 4503 2365 4540 ιν.
2411 4486 2538 4556 '59)?
2565 4487 2650 4539 ubi
2686 4486 3073 4554 Scripturarum
3114 4484 3415 4541 meditatio?
3446 4495 3499 4540 et
3539 4487 3688 4552 illud,

2121 4575 2251 4630 Ecce
2285 4592 2433 4646 quam
2475 4577 2656 4629 bonum
2696 4586 2742 4629 et
2769 4594 2916 4644 quant
2932 4576 3234 4647 jucundum,
3263 4578 3487 4629 habitare
3510 4581 3691 4647 fratres

2118 4668 2169 4719 in
2196 4665 2535 4738 unum(Psal.
2566 4666 2684 4720 152.
2711 4666 2800 4736 1)?
2828 4668 2914 4719 ubi
2944 4667 3091 4730 illud,
3112 4666 3318 4720 Fratres
3344 4669 3396 4720 in
3422 4669 3689 4721 necessita-

2119 4757 2248 4809 tibus
2278 4758 2427 4810 utiles
2452 4756 2591 4809 sint?
2623 4772 2717 4810 cur
2747 4756 2872 4809 illud
2923 4779 2934 4811 :
2978 4754 3169 4807 Frater
3223 4758 3310 4827 qui
3338 4773 3369 4809 a
3410 4762 3566 4825 fratre
3594 4760 3690 4811 ad-

2109 4847 2347 4915 juvetur,
2394 4856 2446 4898 ut
2482 4846 2652 4898 civitas
2679 4846 2871 4898 munita
2914 4843 3091 4914 (Prov.
3124 4847 3207 4899 17.
3243 4848 3326 4909 17,
3358 4859 3402 4899 et
3433 4849 3519 4901 18.
3554 4850 3642 4918 19)
3672 4891 3686 4912 ,

2120 4937 2477 5006 pervertistis,
2532 4946 2587 4990 et
2631 4937 2707 4989 sic
2752 4935 2981 4990 fecistis?
3030 4936 3247 4999 Frater,
3297 4939 3385 5006 qui
3434 4953 3465 4991 a
3530 4937 3689 4992 fratre

2120 5036 2341 5080 vexatur
2364 5036 2456 5079 aut
2480 5026 2771 5095 spoliatur,
2818 5033 2875 5079 ut
2917 5027 3103 5080 civitas
3144 5027 3461 5081 miserabilis
3491 5037 3545 5081 et
3574 5030 3689 5083 sine

2118 5116 2303 5168 muris.
2330 5114 2464 5183 Quid
2496 5115 2705 5169 tandem
2736 5116 2895 5185 igitur
2920 5118 3077 5170 veluti
3110 5132 3221 5172 rem
3261 5134 3365 5171 non
3404 5121 3689 5172 concilian-

2118 5207 2239 5260 dam
2265 5206 2571 5276 persequuti
2598 5208 2749 5273 estis,
2781 5224 2813 5259 o
2849 5218 2948 5273 ter,
2981 5219 3034 5263 et
3070 5225 3174 5263 non
3214 5211 3375 5265 semel
3408 5212 3691 5267 infelices?

2118 5314 2220 5368 qua
2248 5300 2456 5354 tandem
2484 5301 2687 5353 ratione
2715 5300 2969 5355 adversus
3007 5298 3173 5367 illum,
3210 5312 3474 5372 tamquam
3505 5305 3691 5358 adver-

2118 5407 2208 5446 sus
2236 5393 2505 5446 inimicum
2525 5434 2539 5455 ,
2570 5392 2766 5446 caedem
2796 5394 3056 5447 intentare
3084 5411 3189 5449 non
3219 5395 3524 5466 refugistia?
3553 5414 3689 5467 quo-

2119 5483 2277 5537 modo
2318 5482 2463 5536 venit
2511 5486 2561 5535 in
2616 5494 2845 5537 mentem
2890 5495 3119 5539 vestram
3167 5487 3245 5540 sic
3292 5488 3545 5542 adversus
3596 5505 3690 5543 vos

2118 5574 2341 5628 invicem
2386 5573 2627 5628 efferari?
2679 5576 2817 5629 unde
2872 5584 3069 5629 tantam
3120 5581 3466 5634 mutationem
3509 5591 3689 5636 osten-

2119 5667 2308 5731 distis,
2352 5677 2409 5719 ut
2445 5683 2475 5720 a
2518 5678 2794 5721 mansueto
2841 5669 2904 5722 ad
2947 5671 3146 5725 immite
3187 5681 3241 5727 ct
3280 5674 3687 5731 immansuetum

2120 5757 2451 5811 transiretis?
2478 5757 2746 5821 Admiror,
2766 5768 2820 5812 et
2838 5759 2972 5816 hanc
2993 5762 3393 5819 conversionem
3419 5765 3689 5823 admiratus

2183 5860 2256 5920 (η)
2288 5857 2369 5907 Hic
2392 5856 2569 5909 desiuit
2591 5858 2931 5920 fragmentum.
