4122 6386
356 358 428 439 1's
1644 371 1962 437 PALLADII
2002 371 2341 433 annosus
3558 377 3628 438 so

361 503 700 572 obstupesco,
732 501 945 557 intuens
968 500 1144 556 omnia
1172 499 1241 555 ob
1267 499 1317 552 id
1342 498 1499 553 nimis
1523 504 1808 552 commota.
1834 493 1942 549 Cur

356 603 503 649 tanta
537 592 753 647 audacia
795 593 949 655 elati.
997 592 1258 646 mamillas
1303 590 1626 660 prmbentem
1658 598 1710 642 et
1748 601 1943 657 pueros

357 704 456 743 VOS
477 688 819 753 nutrientem,
846 687 936 741 Dei
964 686 1275 749 Ecclesiam,
1300 694 1357 739 ut
1384 683 1679 738 fmcundam
1704 682 1939 739 vulvam.

356 770 693 833 contumeliis
726 778 975 832 ani-cistis
1003 788 1055 830 et
1085 774 1426 830 concidistis?
1457 783 1513 828 ut
1553 774 1858 841 impleretur
1889 770 1940 824 in

362 847 513 924 vobis
562 869 931 939 pr0pltetirum
975 867 1100 922 illud
1129 886 1141 920 :
1170 866 1273 921 Pro
1299 865 1476 936 quibus
1514 863 1798 935 persequuti
1826 871 1944 916 sum

356 962 410 1014 in
452 959 622 1032 gladio
664 964 872 1030 fratrem
916 976 1062 1013 suum
1091 1001 1106 1025 ,
1152 968 1198 1012 et
1236 958 1437 1012 vulvam
1481 956 1848 1026 labefactarunt
1889 953 1942 1007 in

360 1061 493 1106 terra
519 1050 693 1121 (Amos
718 1053 764 1105 l.
801 1050 904 1121 ll).
924 1049 1054 1105 Cum
1084 1049 1184 1103 hac
1209 1049 1361 1102 vulva
1388 1061 1706 1117 congressus
1732 1044 1943 1100 divinus

356 1153 408 1197 et
453 1144 699 1198 salutatus
746 1158 942 1206 sermo,
996 1157 1090 1197 vos
1130 1150 1288 1211 atque
1337 1140 1481 1194 illum
1526 1138 1841 1202 seminavit,
1888 1146 1942 1192 et

356 1234 615 1303 plantavit
646 1237 696 1287 in
728 1234 880 1287 [mnis
923 1232 1212 1286 innumeris
1243 1247 1305 1286 ac
1339 1231 1556 1285 utilibus
1596 1229 1778 1284 rebus.
1808 1228 1939 1283 Nam

354 1342 474 1379 cum
520 1325 788 1380 deberetis
815 1324 966 1379 vobis
994 1325 1218 1378 invicem
1263 1338 1417 1393 opem
1469 1325 1608 1377 ferre
1632 1320 1699 1376 ad
1725 1336 1787 1377 ea
1821 1335 1941 1391 quae

352 1415 608 1481 decebat;
658 1415 780 1488 quid
825 1433 1000 1470 causa:
1037 1426 1152 1483 est,
1198 1431 1294 1470 cur
1332 1415 1608 1485 quiescere
1657 1422 1711 1468 et
1754 1421 1940 1482 pacate

352 1509 547 1579 degere
574 1511 760 1564 saltem
793 1511 843 1565 in
879 1520 1150 1581 posterum
1184 1524 1291 1562 non
1319 1507 1647 1563 censuistis?
1675 1506 1751 1561 Ad
1783 1520 1939 1560 usum

352 1601 514 1671 igitur
556 1611 609 1656 et
655 1612 894 1654 mutuum
936 1601 1188 1655 auxilium
1228 1600 1456 1658 conditi.
1499 1597 1624 1668 quid
1669 1612 1789 1651 eam
1840 1611 1938 1652 ne-

352 1693 589 1759 glexistis
622 1694 878 1762 gratiam,
928 1709 1032 1745 non
1079 1691 1239 1745 modo
1290 1705 1395 1743 non
1443 1689 1784 1743 sublevantes
1835 1686 1941 1742 fra-

351 1785 447 1839 tris
479 1784 734 1847 laborem,
781 1785 873 1840 sed
905 1792 959 1838 et
987 1784 1304 1853 repellentes
1341 1792 1498 1852 atque
1536 1797 1564 1835 a
1601 1782 1811 1852 propria
1848 1795 1940 1836 co-

349 1874 598 1945 gnatione
625 1875 1034 1930 abscintlentes?
1060 1890 1179 1928 cum
1214 1874 1468 1945 prepbeta
1496 1872 1686 1928 clamet
1709 1872 1773 1927 ad
1804 1887 1933 1926 vos:

353 1968 538 2022 Nonne
564 1967 717 2021 Pater
740 1985 872 2021 unus
892 1972 1116 2021 omnium
1147 1977 1373 2022 nostrum
1391 1967 1416 2019 ἶ)
1457 1983 1620 2020 nonne
1648 1965 1780 2019 Deus
1806 1982 1938 2019 unus

346 2061 574 2114 condidit
602 2078 693 2115 nos
723 2060 972 2131 (Malach.
1000 2060 1054 2114 2.
1086 2060 1216 2129 10)?
1243 2059 1346 2115 Sed
1382 2058 1570 2113 dicetis
1606 2057 1731 2112 mihi
1758 2076 1771 2109 :
1804 2057 1936 2112 Pec-

348 2154 488 2208 cavit
515 2154 565 2207 iu
597 2154 787 2224 legem.
817 2153 1076 2222 Qualem?
1101 2168 1256 2222 quam
1285 2167 1380 2206 vos
1404 2152 1754 2206 conculcastis
1774 2194 1787 2212 .
1816 2166 1932 2206 eam

351 2263 444 2315 per
473 2248 755 2317 nequitiam
785 2248 1122 2316 dissipanles.
1160 2245 1256 2301 Ubi
1287 2261 1414 2314 ergo
1445 2254 1646 2299 natura;
1676 2245 1779 2307 lex.
1810 2259 1934 2295 eor-

302 2356 309 2361 ’
346 2340 521 2410 rigere
559 2354 678 2394 cum
707 2338 958 2393 leuitate?
986 2337 1144 2406 Quid,
1179 2352 1380 2407 qumso,
1409 2336 1524 2405 lege
1556 2335 1784 2388 hostium
1839 2333 1933 2387 ab-

347 2438 579 2492 mentes.
609 2429 986 2500 persequimini
1009 2470 1022 2493 ,
1054 2427 1177 2482 dum
1210 2427 1486 2482 consulitis
1525 2433 1580 2481 et
1616 2426 1772 2494 agitis
1813 2440 1932 2494 quae

342 2522 609 2577 contraria
652 2530 777 2577 sunt
818 2531 873 2576 et
918 2522 1206 2577 inimicitiis
1246 2520 1447 2590 digna?
1488 2519 1696 2588 Quanto
1740 2519 1932 2574 melius

345 2612 547 2676 fuerat.
581 2624 638 2667 ut
665 2614 823 2670 simul
855 2614 1186 2679 habitantes,
1218 2624 1376 2684 atque
1407 2614 1459 2666 in
1489 2629 1650 2667 ttnum
1683 2612 1930 2666 victitan-

342 2714 456 2770 tes,
484 2707 781 2761 communia
810 2717 863 2760 et
888 2707 1023 2761 bona
1050 2706 1274 2762 consilia
1304 2706 1532 2760 invicem
1570 2706 1932 2760 communica-

343 2797 473 2851 retis
492 2838 507 2861 ,
538 2797 604 2852 ad
646 2797 869 2867 gloriam
899 2808 954 2855 et
990 2797 1212 2867 gratiam
1242 2797 1415 2852 Patris
1440 2796 1643 2851 vestri?
1672 2796 1927 2851 Filiorum

339 2882 483 2941 enim
519 2888 687 2942 virtus
714 2897 768 2943 et
809 2889 1096 2959 gratiarum
1142 2896 1433 2943 concentus
1473 2888 1626 2942 valde
1665 2886 1932 2954 jucundus

342 2989 426 3033 est
453 2980 760 3048 parentibus
780 3022 795 3043 .
829 2980 915 3048 qui
949 2980 1081 3035 nihil
1105 2980 1246 3035 aliud
1274 2996 1303 3033 a
1333 2980 1513 3035 liberis
1539 2982 1649 3036 suis
1677 2990 1934 3049 expetunt

341 3085 500 3139 quant
528 3070 673 3124 illud.
706 3070 818 3125 Hoc
847 3071 1005 3125 etiam
1040 3070 1203 3139 probe
1232 3071 1372 3125 nosti
1395 3112 1411 3134 .
1441 3070 1581 3140 quod
1610 3071 1858 3125 amicitia:
1877 3081 1933 3126 et.

345 3160 725 3217 benevolentia:
769 3160 1035 3215 vinculum
1084 3160 1217 3215 nihil
1263 3160 1408 3215 aliud
1453 3162 1557 3224 sit.
1598 3176 1755 3232 quam
1802 3161 1932 3217 eniti

340 3264 397 3309 et
422 3254 596 3309 omnia
643 3251 814 3309 facere
844 3268 963 3323 qua:
989 3252 1236 3323 placeant
1262 3253 1436 3321 patri.
1461 3262 1630 3315 ortus,
1653 3253 1929 3308 educatio-

344 3346 427 3401 nis
466 3354 623 3417 atque
671 3344 1091 3399 conservationis
1132 3345 1355 3398 auctori.
1405 3345 1572 3410 Quem
1604 3352 1663 3398 ut
1702 3343 1930 3401 delirum

341 3445 781 3502 contemnentes,
828 3436 965 3491 bella
1013 3437 1065 3490 in
1114 3436 1348 3491 Ecclesia
1387 3435 1742 3501 accendistis,
1780 3434 1930 3505 juxta

345 3530 677 3600 prophetam.
707 3529 795 3598 qui
830 3527 994 3585 dicit:
1027 3525 1292 3581 Insaniam
1320 3528 1373 3583 in
1392 3527 1541 3581 domo
1570 3526 1775 3582 Domini
1804 3528 1933 3596 ﬁxe-

342 3633 460 3676 runt
494 3621 643 3693 (Osee
667 3621 719 3677 9.
753 3621 840 3690 8);
872 3636 993 3675 cum
1033 3620 1267 3676 excitare
1315 3628 1472 3690 atque
1516 3619 1715 3673 hortari
1747 3628 1930 3673 mutuo

341 3712 645 3768 deberetis:
679 3711 870 3767 deinde
897 3721 1092 3781 praeter
1126 3720 1357 3766 mentem
1393 3718 1447 3764 et
1474 3710 1792 3765 sententiam
1826 3710 1929 3765 Pa-

345 3805 441 3859 tris
467 3803 599 3858 bella
633 3801 983 3872 implacabilia
1016 3802 1153 3856 inter
1187 3815 1283 3855 vos
1309 3808 1573 3870 gerentes.
1607 3799 1760 3855 Addo
1787 3800 1930 3871 quod

341 3903 397 3947 ct
423 3894 589 3948 Deum
618 3902 672 3948 et
696 3909 882 3947 omnes
910 3892 1000 3963 qui
1039 3891 1106 3946 ad
1149 3907 1270 3945 eum
1298 3891 1588 3958 accedunt,
1618 3892 1784 3961 ipsius
1808 3892 1930 3962 qui-

343 3987 464 4041 dem
496 3985 632 4039 lilios
650 4025 664 4051 ,
697 3995 902 4040 vestros
928 3999 1056 4039 vero
1086 3983 1276 4037 fratres
1304 3982 1648 4038 vehementer
1674 3984 1929 4053 obstupe-

343 4076 468 4131 faeit
501 4091 563 4129 ac
606 4083 818 4138 movet,
867 4089 965 4130 nec
1011 4083 1187 4129 tacere
1232 4074 1526 4143 permittit:
1568 4090 1740 4144 neque
1784 4075 1928 4129 enim

343 4167 571 4222 filiorum
595 4167 833 4221 utilitatis
857 4166 1127 4237 negligens
1146 4176 1225 4219 est
1248 4173 1303 4220 et
1325 4165 1698 4221 sollicitudinis
1715 4180 1928 4235 expers.

343 4261 585 4316 Vestram
617 4260 776 4332 igitur
799 4259 1119 4315 dementiam
1152 4274 1290 4329 a‘gre
1318 4257 1493 4312 ferens
1513 4301 1528 4323 ,
1557 4267 1715 4329 atque
1743 4273 1930 4313 eorum

343 4350 782 4420 oppressionem,
814 4350 901 4420 qui
941 4349 1187 4419 injuriam
1215 4350 1522 4418 patiuntur:
1554 4349 1673 4404 ideo
1714 4350 1930 4418 impune

342 4460 440 4499 vos
478 4443 705 4499 evadere
724 4442 926 4514 justum
971 4458 1073 4495 non
1117 4450 1296 4510 putat,
1347 4441 1486 4495 sicut
1526 4441 1707 4510 erepit.
1747 4439 1932 4512 Neque

343 4536 484 4591 enim
512 4535 608 4605 ipsi
630 4535 905 4598 decorum,
930 4549 1106 4604 neque
1124 4532 1275 4588 vobis
1298 4541 1467 4587 tutum
1488 4540 1609 4587 est:
1638 4542 1694 4588 et
1714 4533 1931 4590 morbus
1961 4527 1966 4531 ’

344 4635 521 4683 vester
543 4626 834 4681 tolerabilis
861 4641 967 4679 non
998 4634 1101 4690 est,
1134 4639 1233 4681 nec
1259 4639 1400 4679 curae
1421 4624 1724 4690 cujuslibet.
1754 4624 1930 4696 Plagis

342 4718 488 4773 eiiim
526 4726 584 4773 et
627 4715 921 4771 innumeris
965 4715 1125 4771 etiam
1164 4715 1449 4786 castigatos
1478 4714 1734 4770 vibicibus
1777 4714 1930 4772 dete-

345 4808 515 4863 riores
550 4806 720 4863 factos
748 4821 869 4863 esse
895 4819 994 4860 vos
1016 4804 1178 4860 videt.
1207 4805 1423 4859 Multum
1450 4805 1592 4860 enim
1625 4806 1931 4862 insensibile

344 4910 402 4955 et
426 4899 713 4955 inflexibile
741 4898 793 4953 in
820 4897 972 4954 vobis
996 4895 1288 4960 redundat,
1316 4896 1504 4953 fratres
1525 4938 1539 4960 ,
1569 4912 1850 4967 germanos
1878 4907 1934 4955 et

342 4989 778 5056 contubernales,
811 4998 1065 5059 prteterea
1090 4995 1147 5042 et
1167 4987 1579 5051 confmderatos,
1608 4998 1767 5057 atque
1789 4989 1933 5058 ejus-

346 5085 468 5139 dem
501 5097 702 5139 mens:e
728 5098 792 5138 ac
822 5082 941 5137 lecti
988 5081 1270 5151 participes
1306 5089 1362 5135 et
1404 5080 1561 5136 unius
1588 5080 1934 5151 ejusdemque

345 5174 698 5245 cognationis,
729 5173 866 5228 adeo
893 5172 946 5227 in
973 5172 1153 5227 odium
1184 5171 1545 5241 turpissimum
1571 5172 1931 5241 pervertistis,

346 5276 405 5321 ut
431 5282 526 5323 eos
554 5267 714 5321 etiam
757 5280 785 5318 a
827 5264 1020 5318 finibus
1046 5262 1274 5333 propriis
1308 5273 1358 5318 et
1389 5262 1658 5317 communi
1690 5261 1803 5317 lare
1840 5278 1935 5318 ex-

345 5356 593 5427 puleritis
619 5367 672 5411 et
700 5356 881 5427 procul
926 5355 1190 5423 ejeceritis
1209 5396 1223 5419 ,
1255 5355 1370 5410 sine
1395 5355 1607 5409 civitate
1648 5368 1714 5408 ac
1736 5354 1931 5419 domo;

346 5452 575 5523 denique
596 5451 841 5516 exsules,
870 5457 1123 5518 quantum
1164 5448 1216 5502 in
1249 5448 1396 5501 vobis
1426 5447 1524 5504 fuit
1550 5464 1564 5498 :
1596 5457 1649 5501 et
1679 5448 1793 5501 hme
1819 5462 1932 5500 mo-

350 5542 447 5610 liti,
477 5557 584 5598 non
612 5541 678 5596 ad
707 5539 920 5610 aliquod
950 5549 1158 5609 tempus
1185 5539 1428 5594 exsilium
1455 5540 1822 5602 terminantes,
1839 5538 1933 5593 sed

347 5632 401 5686 in
430 5641 683 5702 quantum
710 5631 972 5702 potuistis.
998 5630 1050 5684 in
1080 5630 1342 5691 infinitum
1375 5630 1556 5696 etiam,
1586 5644 1680 5699 per
1699 5629 1933 5685 crudeli-

348 5732 508 5777 tatem
543 5737 609 5777 ac
637 5722 851 5776 nimiam
883 5720 1077 5774 mentis
1108 5729 1301 5776 vestra:
1327 5721 1668 5775 cmotionem.
1698 5718 1848 5789 Quod
1881 5720 1933 5773 in

347 5812 432 5871 his
468 5822 523 5869 et
562 5811 616 5866 in
666 5812 820 5867 beato
869 5810 1072 5867 Joanne
1119 5810 1345 5877 fecistis,
1398 5810 1706 5866 intestinum
1749 5811 1930 5866 odium

2045 492 2493 558 reaccendeutcs.
2539 509 2603 549 ac
2632 494 2794 550 veluti
2841 506 3055 553 acutum
3101 498 3335 568 gladium
3380 502 3447 557 ad
3491 503 3634 560 hunc

2048 596 2217 651 usque
2237 582 2376 638 diem
2403 584 2657 640 adversus
2681 603 2802 642 eum
2839 588 3070 659 linguam
3105 590 3471 659 immitteutes,
3500 597 3632 650 iram

2045 676 2422 743 amplectimini
2462 691 2559 746 pro
2586 679 2696 732 utili
2724 678 2963 735 doctrina
2985 723 2998 745 .
3027 685 3400 739 contumeliam
3444 687 3494 739 in
3525 687 3633 741 Ec-

2045 765 2206 821 clesia
2235 768 2300 821 ad
2343 769 2667 846 audientium
2699 772 3155 842 inquinamentum
3184 776 3536 834 ell'undcutes.
3566 780 3632 834 Et

2049 857 2163 912 btec
2188 858 2399 928 quidem
2433 861 2536 915 illis
2561 862 2698 916 dicta
2724 865 2850 926 sint,
2882 865 3073 934 quibus
3103 866 3354 924 Dominus
3380 870 3432 924 in
3464 871 3631 926 miseé

2048 949 2278 1005 ricordia
2307 961 2361 1005 et
2399 951 2616 1008 lenitate
2660 955 2907 1010 retribuit
2949 958 3240 1014 secundum
3282 976 3464 1031 opera.
3511 963 3630 1018 Tibi

2045 1056 2195 1109 vero,
2226 1042 2288 1097 Β.
2321 1043 2585 1110 Joannes,
2616 1048 2805 1117 quibus
2833 1065 2896 1104 ex
2924 1050 3104 1106 verbis
3136 1053 3628 1112 immarcescibilent

2046 1147 2298 1187 coronam
2354 1136 2630 1192 conficiam
2691 1151 3099 1212 contextamque
3156 1143 3460 1213 imponam,
3510 1157 3630 1217 post

2045 1227 2247 1281 exitum
2273 1242 2305 1282 e
2332 1228 2452 1283 vita:
2484 1230 2638 1299 hujus
2663 1232 2836 1287 stadio
2866 1243 2917 1288 te
2944 1235 3183 1291 laudibus
3209 1237 3399 1294 ell'erre
3427 1256 3531 1294 non
3559 1242 3627 1294 ti-

2045 1319 2239 1371 mens?
2266 1319 2481 1374 evasisti
2513 1323 2655 1375 enim
2684 1324 2987 1392 procellam.
3019 1326 3101 1381 An
3128 1326 3476 1384 Mosaicorum
3505 1332 3628 1385 illo—

1998 1398 2017 1415 ⁸
2044 1424 2161 1463 rum
2193 1410 2532 1467 flosculorum
2557 1429 2811 1469 coronam
2838 1425 3037 1483 texam,
3068 1434 3202 1488 quos
3224 1419 3370 1475 dedit
3398 1421 3508 1489 ille,
3536 1423 3629 1493 qui

2043 1498 2317 1555 benedixit
2355 1511 2630 1558 actuosum
2659 1505 2854 1576 Joseph
2876 1549 2891 1572 ,
2924 1516 2980 1562 et
3004 1512 3472 1579 contemplativum
3500 1513 3626 1568 Levi

2043 1593 2419 1649 sacerdotem?
2449 1597 2501 1651 in
2531 1604 2582 1652 te
2619 1599 2761 1653 enim
2791 1610 3072 1670 utrumque
3106 1603 3283 1658 video.
3329 1604 3393 1659 In
3421 1606 3626 1661 benedi-

2043 1684 2208 1738 ctione
2234 1684 2444 1741 Domini
2469 1696 2603 1743 terra
2629 1698 2737 1756 tua,
2780 1700 2826 1745 ct
2865 1708 2898 1744 a
2939 1694 3190 1749 montibus
3218 1698 3329 1751 coeli
3355 1707 3404 1751 et
3431 1715 3547 1754 rore
3579 1710 3628 1755 et

2040 1774 2222 1846 abysso
2247 1778 2462 1847 fontium
2488 1778 2805 1850 subjacente,
2833 1791 2879 1836 et
2906 1792 3129 1854 tempore
3153 1787 3436 1857 germinant
3457 1831 3471 1854 ,
3503 1792 3625 1844 solis

2039 1868 2418 1922 ccnvcrsionum
2438 1878 2484 1923 et
2516 1885 2873 1941 congressuum
2900 1875 3143 1928 mensium
3161 1917 3176 1941 ,
3216 1893 3249 1929 a
3272 1880 3455 1933 vertice
3476 1896 3627 1935 mon-

2041 1958 2167 2010 tium
2191 1960 2448 2029 principii,
2475 1969 2522 2013 et
2548 1977 2579 2013 a
2600 1963 2780 2018 vertice
2803 1965 3011 2017 collium
3037 1975 3338 2021 (uernarum
3364 1981 3508 2024 erunt
3530 1989 3624 2026 su-

2040 2064 2131 2117 per
2156 2059 2309 2120 caput
2333 2049 2526 2121 Joseph
2557 2052 2635 2125 (et
2661 2053 2705 2107 si
2748 2055 2867 2125 quis
2907 2057 3097 2110 similis
3132 2056 3369 2132 Ioseph),
3402 2072 3448 2115 et
3473 2080 3627 2132 super

2037 2142 2267 2196 verticem
2293 2143 2509 2210 fratrum
2544 2145 2723 2214 quibus
2764 2150 2999 2217 praefuit,
3032 2150 3347 2221 glorificatus
3376 2155 3627 2227 primoge-

2036 2233 2173 2287 nitus
2196 2234 2326 2289 inter
2353 2236 2554 2304 fratres.
2586 2236 2740 2292 Tauri
2771 2240 3098 2310 pulchritudo
3123 2245 3232 2312 ejus
3261 2261 3471 2311 cornua,
3504 2265 3623 2301 um-

2036 2324 2203 2378 cornis
2246 2342 2439 2380 cornua
2484 2328 2623 2382 illius
2650 2344 2668 2383 :
2695 2331 2751 2384 in
2789 2331 2914 2398 ipsis
2963 2334 3215 2387 ventilabit
3257 2346 3425 2405 gentes
3471 2339 3624 2393 simul

2034 2429 2193 2485 usque
2231 2418 2299 2469 ad
2338 2419 2576 2474 terminos
2603 2430 2751 2476 terra:
2776 2421 2950 2494 (Deut.
2975 2426 3063 2480 53.
3088 2427 3156 2481 15
3181 2457 3207 2471 -
3228 2428 3341 2498 17).
3377 2430 3444 2484 Ει
3492 2431 3621 2487 Levi

2034 2503 2168 2558 dixit
2195 2505 2270 2577 (et
2298 2508 2342 2561 si
2371 2513 2487 2577 quis
2515 2525 2638 2565 eum
2670 2513 2904 2568 imitatus
2932 2515 3033 2586 est)
3060 2534 3073 2569 :
3108 2516 3236 2571 Date
3259 2518 3377 2573 Levi
3399 2524 3621 2595 manife-

2035 2604 2137 2650 stos
2164 2597 2308 2668 ejus,
2351 2608 2399 2652 et
2428 2600 2682 2655 veritatem
2712 2604 2821 2673 ejus
2846 2605 2952 2658 viro
2977 2616 3152 2661 sancto
3170 2649 3186 2675 ,
3225 2625 3368 2679 quem
3397 2621 3619 2667 tentare-

2033 2698 2153 2742 runt
2194 2691 2246 2743 in
2272 2694 2574 2759 tentationc,
2619 2696 2984 2751 maledicorum
3027 2700 3072 2753 ei
3100 2700 3168 2753 ad
3195 2718 3378 2772 aquari
3413 2715 3619 2760 contra-

2035 2778 2287 2835 dictionis.
2338 2782 2438 2845 Qui
2478 2784 2607 2839 dixit
2648 2786 2781 2856 patri
2816 2796 2864 2841 et
2907 2790 3096 2843 matri:
3137 2789 3260 2845 Non
3303 2792 3410 2846 vidi
3453 2804 3530 2861 te;
3572 2806 3623 2851 et

2035 2877 2217 2944 fratres
2240 2891 2358 2930 suos
2382 2893 2482 2930 non
2508 2878 2730 2948 agnovit.
2760 2882 3022 2935 custodivit
3058 2882 3256 2953 eloquia
3297 2894 3385 2939 tua
3403 2927 3418 2953 ,
3446 2897 3493 2941 et
3528 2906 3620 2959 pa-

2034 2975 2170 3018 ctunt
2215 2976 2354 3020 tuum
2394 2970 2647 3025 servavit:
2696 2972 3034 3042 manifestavit
3075 2973 3464 3044 iustiﬁcationes
3509 2988 3620 3035 tuas

2035 3056 2218 3125 Iacob,
2247 3069 2295 3113 et
2322 3058 2479 3130 legem
2508 3070 2648 3115 tuam
2687 3060 2888 3118 Israeli.
2928 3065 3088 3120 Ponet
3121 3084 3315 3138 semper
3343 3070 3620 3142 thymiama
3653 3106 3666 3114 α

2034 3149 2088 3203 in
2118 3151 2386 3221 festivitate
2409 3163 2498 3207 tua
2525 3172 2677 3223 super
2703 3155 2865 3210 altare
2895 3167 3054 3211 tuum.
3084 3158 3331 3228 Benedic,
3375 3162 3617 3229 Domine.

2034 3242 2323 3312 fortitudini
2345 3246 2476 3317 ejus,
2506 3257 2551 3300 et
2578 3265 2735 3318 opera
2760 3267 3001 3305 manuum
3021 3253 3131 3322 ejus
3155 3256 3354 3325 suscipe
3374 3271 3393 3309 :
3418 3269 3620 3326 percute

2032 3336 2358 3403 supercilium
2398 3338 2718 3392 inimicorum
2761 3343 3126 3412 insurgentium
3167 3345 3221 3397 in
3263 3361 3408 3411 eum,
3453 3358 3500 3401 et
3531 3350 3618 3419 qui

2034 3427 2247 3481 oderunt
2292 3445 2435 3494 eum,
2488 3447 2589 3485 non
2634 3442 2938 3504 consurgant
2995 3432 3167 3505 (Ibid.
3208 3436 3375 3492 8-H
3409 3437 3450 3509 ).
3503 3439 3617 3510 Ego

2032 3525 2211 3571 autem
2241 3527 2294 3573 et
2340 3519 2467 3574 illud
2509 3520 2841 3577 addiderim:
2873 3524 2972 3590 Qui
3016 3525 3242 3599 diligunt
3283 3545 3405 3583 eum
3431 3571 3446 3595 ,
3488 3530 3617 3587 Jesu

2031 3603 2265 3672 Christe,
2289 3625 2391 3661 non
2423 3609 2855 3669 confundantur:
2884 3625 3030 3669 tuum
3061 3618 3202 3671 enim
3243 3619 3521 3690 imperium
3563 3624 3614 3677 in

2033 3700 2247 3753 szecula.
2283 3702 2471 3756 Amen.
2502 3703 2676 3758 EPISC.
2708 3704 2774 3759 Et
2806 3706 2907 3760 hoc
2933 3715 3037 3761 tua:
3062 3708 3424 3782 intelligentim
3453 3713 3620 3768 docu-

2032 3800 2271 3846 mentum
2293 3834 2306 3853 .
2350 3808 2602 3849 sensuum
2635 3809 2900 3852 scrutator
2926 3799 3236 3866 Theodore,
3274 3806 3511 3875 proferre
3549 3810 3617 3864 de

2034 3881 2284 3936 thesauro
2307 3885 2499 3938 mentis
2526 3894 2649 3951 tuae,
2683 3897 2740 3941 ut
2765 3889 2839 3941 ait
2864 3887 3138 3951 Servatur.
3175 3893 3322 3949 Nova
3349 3906 3395 3949 et
3417 3908 3580 3951 vetera
3598 3915 3618 3954 :

2032 3982 2213 4029 vetera
2238 3975 2453 4045 quidem
2472 4018 2487 4042 ,
2518 3976 2764 4034 humana:
2791 3981 3063 4051 sapientia:
3099 3984 3448 4054 documenta;
3481 4005 3617 4047 nova

2031 4079 2183 4129 vero,
2207 4066 2375 4119 sancti
2396 4066 2625 4135 Spiritus
2645 4069 2874 4140 eloquia.
2900 4072 2979 4127 Ex
2999 4074 3189 4143 quibus
3210 4075 3474 4135 thesauris
3493 4083 3620 4135 utri-

2032 4172 2135 4224 que
2165 4157 2297 4226 parti
2321 4159 2461 4229 quod
2483 4162 2806 4231 congruebat
2828 4165 3075 4220 tribuisti.
3104 4167 3229 4223 Tua:
3249 4170 3462 4239 quidem
3489 4190 3619 4243 pru-

2033 4251 2228 4306 denti:e
2244 4260 2326 4306 est
2345 4253 2520 4324 eloqui
2537 4270 2654 4325 qua:
2675 4259 3042 4325 peccatoribus
3056 4263 3461 4329 conveniebant,
3481 4268 3617 4323 etde

2034 4344 2263 4401 Mosaica
2280 4346 2647 4401 benedictione
2668 4348 2859 4403 Joanui
2877 4350 3106 4408 debitam
3125 4368 3377 4410 coronam
3399 4367 3576 4415 texere
3597 4377 3612 4414 :

2034 4438 2123 4508 qui
2147 4437 2447 4493 sacerdotio
2474 4440 2591 4494 sine
2611 4439 2801 4496 all‘ectu
2829 4440 3061 4509 functus,
3085 4460 3210 4499 vere
3235 4446 3496 4516 ignoravit
3521 4465 3616 4519 pa-

2034 4537 2170 4583 trem
2213 4539 2269 4584 et
2312 4540 2533 4585 matrem
2560 4542 2616 4586 et
2651 4535 3098 4605 consanguineum
3144 4552 3314 4607 genus
3346 4539 3415 4595 ob
3452 4556 3616 4596 exsu-

2033 4623 2329 4694 perantiam
2369 4624 2626 4693 justititn,
2671 4625 2763 4682 sed
2807 4626 2952 4682 solos
2989 4639 3212 4684 noverat
3253 4633 3400 4686 verbi
3446 4633 3615 4689 divini

2035 4722 2304 4767 amatores
2329 4723 2383 4767 et
2405 4715 2695 4784 Operarios.
2745 4716 3030 4789 Porroqui
3058 4728 3241 4775 nostro
3268 4730 3509 4793 tempore
3532 4727 3616 4779 vi-

2037 4805 2229 4859 dentur
2257 4806 2492 4875 episc0pi
2514 4848 2528 4870 .
2557 4807 2757 4864 luteum
2785 4809 2998 4879 quidem
3024 4827 3192 4881 genus
3222 4813 3274 4868 in
3303 4825 3534 4885 quaestus
3559 4827 3615 4872 et

2037 4895 2253 4950 militias
2276 4906 2331 4951 et
2349 4896 2630 4965 dignitates
2656 4898 3009 4965 invenerunt,
3037 4904 3365 4972 prmvaricati
3405 4906 3613 4975 legem,

2036 5002 2155 5058 quas
2179 4986 2309 5041 dicit
2332 5004 2345 5040 :
2372 4985 2493 5041 Non
2521 4988 2714 5042 dabunt
2737 4991 3020 5047 sacerdotes
3049 4993 3183 5063 filios
3203 5010 3321 5049 suos
3347 4995 3401 5049 in
3429 4997 3619 5066 princi-

2037 5095 2124 5149 pes
2149 5087 2194 5132 et
2221 5078 2576 5134 obambulones
2604 5081 2710 5152 regi
2734 5080 2921 5152 (Leuit.
2944 5083 3030 5139 l8.
3069 5082 3159 5156 il)
3188 5085 3488 5154 :spiritales
3516 5102 3617 5142 au-

2038 5179 2146 5225 tem
2172 5170 2314 5225 viros
2339 5170 2544 5226 insidiis
2561 5212 2576 5237 ,
2602 5174 2857 5228 (erumnis
2877 5216 2893 5241 ,
2916 5176 3170 5230 custodiis
3214 5187 3371 5249 atque
3413 5180 3615 5234 exsiliis

2037 5274 2392 5327 consumunt,
2438 5280 2750 5336 moramque
2787 5266 2977 5323 bibunt
3018 5253 3366 5338 ignorantiam
3388 5311 3403 5338 ,
3433 5286 3499 5325 ex
3533 5272 3616 5328 his

2040 5364 2287 5428 putantes
2330 5372 2390 5413 se
2430 5358 2643 5415 virtutis
2682 5359 2883 5416 amicos
2916 5360 3303 5428 dehonestare,
3329 5362 3399 5417 de
3422 5364 3616 5432 quibus

2040 5449 2283 5520 praedixit
2303 5448 2555 5506 Servatur
2578 5467 2591 5505 :
2624 5449 2831 5506 Veniant
2851 5453 2979 5516 dies.
3004 5454 3055 5506 in
3074 5453 3254 5524 quibus
3271 5454 3514 5523 putabunt
3530 5456 3618 5525 qui

2040 5541 2313 5594 occiderint
2332 5557 2439 5605 vos,
2456 5542 2741 5611 obsequium
2766 5559 2820 5597 se
2837 5553 3074 5612 praestare
3095 5542 3201 5596 Deo
3231 5542 3406 5615 (Joan.
3425 5545 3512 5600 l6.
3532 5546 3617 5618 2).

2041 5630 2224 5702 Neque
2246 5632 2488 5688 videlicet
2513 5633 2580 5689 de
2607 5634 2893 5703 gentilibus
2912 5635 3064 5701 dixit,
3082 5635 3204 5705 quia
3225 5636 3461 5702 dixisset,
3481 5639 3613 5693 diis:

2041 5722 2129 5792 qui
2162 5723 2339 5793 plures
2356 5732 2410 5778 et
2428 5739 2535 5779 non
2562 5740 2722 5779 unum
2744 5725 3060 5796 significant.
3079 5726 3229 5796 Quod
3251 5736 3427 5784 autem
3458 5745 3618 5785 unum

2043 5820 2098 5867 et
2122 5812 2295 5868 solum
2323 5812 2645 5872 nominavit.
2677 5814 2910 5871 ostendit
2933 5830 3026 5872 eos
3045 5857 3060 5883 ,
3082 5817 3171 5888 qui
3204 5832 3345 5873 nunc
3371 5819 3620 5878 Ecclesia
