4122 6386
507 368 573 422 79
1502 369 1591 423 DE
1629 369 1792 425 VITA
1834 369 1892 426 S.
1931 369 2223 428 JOANNIS
2261 371 2772 431 CHRYSOSTOMI.
3321 318 3337 331 ⁸
3678 373 3770 429 '80

493 483 793 554 Θαυμάζω.
833 481 927 536 καὶ
959 481 1059 553 τῆς
1086 483 1421 555 διαστροφῆς
1457 483 1756 555 θαυμάζων
1799 487 2078 559 ἐκπέπλη-

495 588 655 640 γμαι,
691 569 834 638 ὁρῶν
872 568 991 622 λίαν
1020 569 1468 640 διακεκινημένον
1514 571 1574 624 τὸ
1626 573 1735 624 πᾶν
1764 573 1857 626 ἐπὶ
1898 573 2076 626 τοῦτο.

510 653 670 708 εἰνατί
702 653 760 706 δέ
798 651 942 705 οὕτω
982 652 1162 723 πολλῴ
1207 653 1288 723 τῷ
1333 653 1521 725 θράσει
1579 655 1932 724 ἐπαιρόμενοι
1982 657 2083 724 τὴν

495 736 853 808 τιθηνοκόμον
888 737 982 790 καὶ
1014 738 1375 809 κουροτρόφον
1420 739 1514 792 τοῦ
1555 738 1690 792 Θεοῦ
1735 740 2081 811 Ἐκκλησίαν,

496 816 586 875 οἷα
613 834 637 861 ει
667 818 962 888 πολύγονον
994 824 1205 891 μήτραν
1259 822 1517 892 ὑϐρίσατε
1567 822 1978 892 διακείραντεςς
2009 824 2086 888 ὡς

498 906 582 973 ἐφ’
617 905 644 957 ὑ
654 907 744 974 μῖν
777 902 1117 975 πληροῦσθαι
1143 905 1203 958 τὸ
1229 906 1561 978 προφητικὸν
1583 921 1597 935 ⁶
1634 907 1787 959 ἈνίΓ
1817 901 1904 959 ὦν
1923 907 2087 960 ἐδίω-

499 990 616 1055 ξαν
646 990 717 1042 ἐν
740 990 1009 1058 ῥομφαίᾳ
1043 991 1152 1042 τὸν
1181 990 1450 1059 ἀδελφὸν
1469 990 1690 1056 αὐτῶν,
1729 991 1827 1044 καὶ
1855 991 2085 1059 ἐλυμή-

499 1091 684 1128 ναντο
709 1072 948 1142 μήτραν
969 1073 1069 1125 ἐπὶ
1096 1071 1229 1142 γῆς.
1252 1068 1330 1145 ⁷ῌ
1360 1075 1542 1144 μήτρᾳ
1565 1076 1738 1126 συνὼν
1761 1079 1788 1127 ὁ
1817 1075 1959 1138 θεῖος
1993 1077 2086 1128 καὶ

502 1159 771 1227 σωτήριος
793 1156 949 1224 λόγος
974 1157 1117 1226 ὑμᾶς
1145 1172 1204 1207 τε
1230 1157 1482 1209 κάκεῖνον
1511 1157 1733 1228 ἕσπειρέ
1753 1176 1811 1210 τε
1838 1159 1931 1211 καὶ
1956 1159 2088 1228 ἐφύ-

500 1257 688 1294 τευσεν
734 1242 826 1293 ἐπὶ
871 1240 1172 1310 ἀμυθήτοις
1197 1244 1454 1311 χρηστοῖς
1489 1241 1581 1293 κα)⁴
1617 1240 1913 1311 ὠφελίμοις
1939 1243 2082 1314 πρά-

502 1341 728 1394 γμασιν.
790 1325 936 1376 Ἀντ“ι
982 1324 1093 1395 γὰρ
1137 1323 1233 1376 τοῦ
1290 1325 1886 1395 συναντιλαμϐάνεσθαι
1944 1327 2088 1396 ὑμᾶς

502 1408 765 1478 ἀλλήλους
794 1408 841 1471 δ,
883 1409 964 1470 εἰς
995 1406 1030 1460 ἀ
1057 1409 1151 1460 καὶ
1187 1408 1485 1478 προσῆκεν,
1521 1408 1574 1460 τί
1626 1407 1890 1472 παθόντες
1919 1419 1942 1446 ⁸
1975 1410 2085 1462 οὐδ’

502 1493 799 1563 ἡσυχάζειν
827 1493 920 1544 καὶ
946 1492 1068 1545 καθ’
1096 1493 1320 1554 ἐαυτοὺς
1341 1494 1568 1562 ἠρεμεῖν
1588 1493 1840 1562 ἐκρίνατε
1859 1493 1962 1546 κᾶν
1995 1493 2103 1546 τοῦ⁹

502 1575 727 1640 λοιποῦ;
760 1577 854 1639 Εἰς
874 1577 974 1646 τὴν
998 1575 1187 1646 χρείαν
1217 1571 1310 1629 οὖν
1353 1577 1452 1646 τῆς
1485 1575 1923 1646 συναντιλήψεως
1972 1595 2089 1630 κτι-

507 1660 743 1723 σθέντες,
786 1659 838 1712 τί
867 1660 1362 1731 ἐῤῥᾳδιουργήσατε
1394 1661 1492 1729 τὴν
1522 1659 1702 1733 χάριν,
1724 1661 1787 1713 οὑ
1821 1661 1980 1730 μόνον
2016 1661 2090 1732 μὴ

505 1743 949 1811 ἐπικουφίζοντες
966 1743 1091 1806 τοὺς
1120 1743 1336 1805 πόνους.
1355 1742 1490 1794 ἀλλά
1508 1745 1602 1796 καὶ
1621 1742 1983 1814 προσαπωθού
1993 1761 2090 1814 με-

506 1845 587 1880 νοι
629 1827 723 1880 καὶ
768 1829 864 1897 τῆς
909 1826 1116 1888 οἰκείας
1160 1827 1485 1894 συγγενείας
1529 1826 1954 1897 ἀποσχίζοντεςς
1994 1829 2088 1881 τοῦ

507 1912 789 1982 προφήτου
847 1911 984 1980 πρὸς
1033 1909 1178 1978 ὑμᾶς
1229 1909 1492 1979 βοῶντος·
1543 1912 1690 1978 Οὐχὶ
1747 1910 1950 1980 Πατὴρ
2005 1907 2092 1978 εἷς

506 1994 748 2047 πάντων
784 1992 984 2063 malm;
1013 1994 1147 2062 οὐχὶ
1177 1994 1322 2059 Θεὸς
1344 1989 1432 2059 εἷς
1455 1994 1698 2047 ἔκτισεν
1720 1994 1908 2063 ήμᾶς;
1952 1995 2089 2048 Ἀλλ’

506 2077 682 2149 ἐρεῖτέ
714 2093 842 2146 μοι’
878 2078 1162 2148 ’Ἡμαρτεν
1182 2079 1261 2140 εἰς
1294 2077 1384 2129 τὸν
1407 2077 1589 2146 νόμον.
1613 2079 1808 2142 Ποῖον;
1843 2078 1903 2131 ὃν
1935 2079 2092 2150 ὑμεῖς

507 2163 946 2231 κατεπατήσατε,
975 2163 1040 2231 τῇ
1073 2160 1310 2231 πονηρίᾳ
1347 2159 1818 2224 διασκεδάσαντες.
1859 2162 1969 2214 Ποῦ
1997 2159 2092 2215 οὖν

505 2247 534 2298 ὁ
562 2245 663 2315 τῆς
692 2245 906 2314 φύσεως
934 2244 1117 2315 νόμος,
1155 2245 1214 2297 τὸ
1239 2243 1376 2314 μετὰ
1408 2246 1776 2315 χρηστότητος
1803 2245 2095 2317 διορθώσα-

508 2329 668 2393 σθαι;
723 2329 787 2381 Τί
837 2328 926 2381 δαὶ
977 2327 1072 2380 καὶ
1112 2328 1262 2398 νόμῳ
1317 2327 1592 2398 πολεμίων
1649 2327 2085 2398 καταχρώμενοι,

506 2412 730 2467 διώκετε
777 2415 834 2466 ἐν
873 2407 954 2476 οἷς
997 2411 1339 2483 βουλεύεσθε,
1379 2414 1474 2466 καὶ
1502 2413 1779 2485 πράσσετε
1825 2413 2094 2478 ἐναντίοις

505 2494 657 2552 οὖσιν
686 2497 781 2552 καὶ
810 2496 1007 2569 ἔχθρας
1030 2497 1200 2562 ἀξίοις
1224 2513 1238 2561 ;
1285 2497 1444 2567 Πόσῳ
1473 2497 1529 2550 δέ
1567 2493 1635 2567 ἦν
1664 2499 1890 2567 ἄμεινον
1919 2515 2096 2552 συνοι-

507 2583 758 2648 κοῦντας,
803 2584 898 2636 καὶ
941 2582 1000 2635 ἐν
1047 2581 1231 2651 ταύτῷ
1268 2581 1660 2651 διαιτωμένους
1683 2623 1696 2644 ,
1744 2583 1853 2636 τῶν
1898 2583 2095 2636 κοινῶν

508 2669 603 2722 καὶ
641 2667 860 2738 ἀγαθῶν
909 2665 1290 2738 βουλευμάτων
1333 2666 1583 2737 ἀλλήλοις
1619 2667 1980 2736 μεταδιδόναι,
2016 2669 2097 2731 εἰς

508 2752 669 2824 χάριν
712 2753 806 2804 καὶ
833 2751 1126 2822 ἀρέσκειαν
1166 2749 1262 2804 τοῦ
1294 2750 1561 2821 ὑμετέρου
1600 2750 1846 2822 Πατρός;
1880 2749 2096 2804 Τέκνων

507 2837 618 2908 γὰρ
645 2836 815 2907 ἀρετὴ
838 2837 932 2890 καὶ
954 2835 1242 2906 συμφωνία
1266 2836 1504 2906 χαρίτων
1537 2833 1588 2897 ει,
1627 2835 1720 2887 καὶ
1761 2835 1970 2906 σφόδρα
2007 2836 2094 2888 εὑ-

514 2922 673 2991 μενές
713 2924 826 2984 τοῖς
864 2920 1114 2984 τοκεῦσι,
1166 2919 1393 2990 μηδενὸς
1441 2919 1604 2972 ἄλλου
1657 2919 1951 2990 χρῄζουσιν
1992 2918 2098 2972 ἀπὸ

510 3004 619 3056 τῶν
669 3003 813 3057 ίδίων
848 3003 1086 3072 ἐγγόνων
1125 3003 1158 3074 ἧ
1195 3005 1410 3057 τούτου.
1449 2999 1520 3056 Εὖ
1560 3001 1671 3054 ἴστε
1697 3002 1754 3054 δὲ
1785 3001 2096 3064 καὶτοῦτο,

510 3089 592 3141 δτι
626 3087 807 3157 φιλίας
836 3088 931 3140 καὶ
964 3086 1178 3149 εὑνοίας
1211 3085 1505 3156 σύνδεσμος
1536 3085 1687 3138 οὐδὲν
1708 3085 1895 3156 ἕτερόν
1924 3085 2094 3147 ἐστιν,

511 3171 628 3240 ἣτὸ
663 3170 1002 3234 σπουδάζειν,
1032 3171 1125 3222 καὶ
1150 3171 1328 3224 πάντα
1361 3170 1624 3239 πράττειν
1656 3169 2000 3240 ἀρεσκόντως
2023 3166 2101 3238 τῷ

514 3256 691 3329 Πατρὶ
727 3257 820 3309 καὶ
847 3255 923 3326 τῷ
951 3255 1051 3326 τῆς
1095 3254 1364 3322 γενέσεως
1404 3254 1500 3306 καὶ
1531 3253 1829 3324 διατροφῆς
1852 3253 1946 3306 καὶ
1981 3253 2101 3305 δια-

518 3341 686 3411 μονῆς
725 3341 908 3410 αἰτίῳ’
943 3332 1004 3392 οὗ
1039 3341 1556 3410 ὑπερφρονήσαντες
1596 3339 1672 3401 ῶς
1707 3338 1896 3410 λήρου,
1941 3337 2100 3390 πολέ-

519 3441 652 3493 μους
694 3426 751 3476 ἐν
794 3427 861 3495 τῇ
912 3423 1212 3494 Ἐκκλησία
1261 3423 1526 3494 ἐξήψατε,
1582 3423 1725 3476 κατά
1750 3423 1839 3476 τὸν
1878 3421 2102 3474 εἰπόντα

517 3511 803 3580 προφήτην
826 3525 839 3538 ·
869 3509 1109 3564 Μανίαν
1149 3509 1219 3561 ἐν
1246 3507 1389 3573 οἴκῳ
1442 3507 1667 3575 Κυρίου
1715 3506 2064 3572 κατέπηξαν
2085 3522 2097 3534 ·

517 3593 639 3645 ἀντὶ
670 3592 761 3644 τοῦ
795 3592 1086 3662 παρορμᾷν
1115 3591 1210 3644 καὶ
1238 3591 1569 3662 προτρέπειν
1595 3589 1880 3659 ἀλλήλους’
1913 3591 2106 3643 ἔπειτα

518 3675 660 3730 κατά
699 3687 721 3714 ε
762 3675 886 3728 νοῦν
919 3676 1014 3729 καὶ
1045 3672 1271 3746 γνώμην
1297 3675 1398 3745 τὴν
1444 3674 1537 3726 τοῦ
1585 3675 1797 3744 Πατρός
1835 3674 2106 3745 πολέμους

520 3759 868 3830 ἀσυμϐάτους
893 3758 1249 3832 ἐργαζόμενοι
1284 3762 1341 3812 ἐν
1365 3759 1638 3828 ἀλλήλοις.
1668 3759 2004 3833 Προστίθημι
2026 3759 2104 3822 δέ,

519 3845 602 3897 ὅτι
632 3845 724 3897 καὶ
770 3843 862 3896 τὸν
895 3843 1048 3909 Θεὸν,
1101 3844 1193 3896 καὶ
1227 3843 1434 3906 πάντας
1483 3844 1612 3906 τοὺς
1655 3842 2110 3914 προσχωροῦντας

522 3927 691 3998 αὑτῷ,
743 3928 837 3981 τοῦ
881 3929 979 3998 μὲν
1011 3929 1204 3991 υἱοὺς,
1263 3927 1420 3998 ὑμῶν
1467 3926 1526 3980 δέ
1557 3926 1846 3996 ἀδελφοὺς,
1906 3926 2112 3998 σφόδρα

523 4012 763 4081 ἐξίστησι
793 4012 886 4064 καὶ
918 4015 1076 4074 κινεῖ,
1108 4012 1204 4064 καὶ
1246 4012 1458 4082 σιωπᾷν
1503 4011 1605 4064 οὑκ
1637 4010 1958 4080 ἐπιτρέπευ
1991 4009 2112 4063 οὐδὲ

522 4099 632 4169 γὰρ
653 4095 932 4167 ὀλίγωρος,
961 4096 1081 4149 οὑδέ
1109 4095 1209 4166 τῆς
1235 4095 1343 4148 τῶν
1374 4095 1580 4148 τέκνων
1613 4093 1882 4164 ὠφελείας
1910 4095 2113 4164 ἄφρον⁶

525 4180 606 4244 τίς
637 4182 802 4233 ἐστιν.
845 4179 1169 4249 Ἀχθόμενος
1201 4176 1492 4250 τοιγαροῦν
1527 4177 1618 4230 ἐπί
1659 4194 1720 4229 τε
1760 4179 1826 4248 τῇ
1869 4177 2113 4248 ὑμετέρα

527 4257 938 4334 φρενοϐλαϐἒίᾳ,
971 4264 1064 4316 καὶ
1094 4261 1186 4314 ἐπὶ
1225 4264 1293 4331 τῇ
1351 4261 1460 4314 τῶν
1487 4260 1862 4330 ἀδικουμένων
1894 4261 1914 4298 ί
1945 4277 2114 4314 κατα-

523 4348 813 4418 δυναστείᾳ
832 4363 846 4377 ·
877 4347 959 4400 διὸ
987 4347 1081 4399 καὶ
1120 4344 1411 4416 παρελθεῖν
1443 4345 1589 4416 ὑμᾶς
1633 4346 2020 4416 ἀτιμωρήτους
2051 4345 2112 4397 οὑ

526 4433 702 4505 κρίνει
733 4431 962 4492 δίκαιον,
1023 4428 1205 4491 καθὼς
1259 4427 1564 4498 ἐνήρξατο·
1616 4426 1743 4480 οὕτε
1802 4426 1912 4499 γάρ
1964 4427 2115 4498 αὑτῷ

527 4515 821 4588 εὐπρεπὲς,
854 4513 978 4567 οὕτε
1009 4515 1138 4584 ὑμῖν
1166 4512 1427 4581 ἀσφαλὲς,
1459 4511 1522 4564 τό
1567 4529 1627 4565 τε
1658 4511 1825 4575 πάθος
1858 4510 2012 4582 ὑμῶν
2051 4510 2112 4563 οὑ

525 4599 800 4672 φορητὸν,
853 4596 1170 4666 ἐπιμελείας
1221 4613 1279 4648 τε
1319 4598 1344 4635 8
1374 4595 1436 4647 οὑ
1467 4595 1566 4666 τῆς
1591 4593 1884 4664 τυχούσης,
1930 4593 2020 4647 διά
2056 4610 2115 4646 τε

530 4682 754 4755 πληγῶν
783 4681 878 4735 καὶ
904 4679 1012 4734 τῶν
1036 4680 1142 4732 ἀπὸ
1178 4678 1428 4741 παιδείας
1459 4676 1742 4748 μωλώπων
1761 4678 1862 4730 οὑκ
1883 4677 2118 4748 ἀριθμη-

528 4766 635 4820 τῶν
676 4765 894 4836 χείρους
923 4765 952 4816 ὑ
962 4764 1069 4835 μᾶς
1109 4764 1230 4833 ὁρᾷ.
1269 4763 1413 4841 Πολὺ
1439 4761 1548 4831 γάρ
1577 4760 1641 4813 τὸ
1669 4759 1995 4831 ἀναίσθητον
2022 4762 2118 4814 καὶ

531 4849 953 4920 ἁκαμπέστατον
998 4848 1128 4918 ὑμῖν
1168 4843 1511 4908 ἐπιπολάζει,
1544 4843 1827 4914 ἀδελφοὺς,
1859 4843 2119 4914 γνησίους

531 4933 628 4987 καὶ
659 4931 1020 5003 ὀμοδιαίτους,
1053 4928 1190 5001 πρὸς
1216 4929 1275 4982 δέ
1325 4928 1418 4982 καὶ
1447 4927 1845 4997 ὁμοσπόνδους,
1883 4929 2121 5000 ὁμοτρα-

532 5016 734 5081 πέζους
778 5015 872 5068 καὶ
903 5011 1230 5084 όμολέκτους
1249 5051 1264 5076 ,
1301 5012 1430 5082 μιᾶς
1465 5010 1562 5063 καὶ
1592 5011 1690 5080 τῆς
1717 5009 1886 5080 αὐτῆς
1919 5025 2118 5076 συγγεο

533 5102 684 5165 νείας
711 5095 1291 5168 τετυχηκότας,οὓτως
1318 5095 1399 5157 εἰς
1420 5095 1574 5166 μῖσος
1601 5093 1846 5163 ἔχθιστον
1872 5093 1902 5132 h
1931 5109 2120 5164 περιε-

533 5183 790 5256 τρέψατε,
814 5183 888 5244 ὡς
909 5180 1005 5233 καὶ
1032 5180 1139 5232 τῶν
1166 5178 1310 5232 ἰδίων
1329 5180 1472 5250 ὅρων
1491 5177 1584 5230 καὶ
1613 5177 1710 5247 τῆς
1731 5175 1918 5247 κοινῆς
1935 5176 2120 5240 ἑστίας

534 5264 1071 5336 ἀποδιαπέμπεσθαι,
1087 5263 1182 5316 καὶ
1211 5263 1400 5333 πόρρω
1417 5259 1762 5323 ἀπελαύνειν,
1785 5260 2006 5324 ἀπόλεις
2026 5261 2123 5314 καί⁵

535 5353 776 5415 ἀοίκους,
825 5350 960 5420 πρὸς
985 5347 1041 5401 δὲ
1077 5347 1172 5400 καὶ
1221 5345 1486 5416 φυγάδας,
1531 5345 1654 5398 ὅσον
1701 5345 1786 5414 ἐφ’
1814 5344 1944 5414 ὑμῖν
1987 5338 2120 5414 ἧκον

540 5437 609 5508 μέ
617 5453 728 5507 ρος,
742 5432 1276 5494 κατασκευάσαντες,
1294 5429 1389 5482 καὶ
1403 5428 1578 5481 ταῦτα
1594 5429 1656 5481 οὑ
1673 5427 1810 5499 πρὸς
1823 5425 1987 5480 ποσόν
2000 5442 2122 5480 τινα

600 5541 628 5612 _‘
649 5536 1056 5612 lnserui‘mus‘pla
1082 5534 1359 5612 ex’p‘igglq
1383 5533 1484 5582 οἷον
1507 5531 1688 5595 Georg.

599 5602 628 5641 ιι
649 5601 938 5664 ιεεεηόυω
955 5598 1120 5664 Ῑοτεειη
1146 5597 1380 5664 ἀλλήλων.

603 5668 626 5696 ε
654 5659 749 5712 ὃὶιῖ
761 5663 919 5724 Βίεοι.
945 5661 1061 5724 Cod.
1089 5659 1330 5721 μαθόντες.

603 5726 631 5766 σι
653 5722 840 5786 Georg:
859 5722 1150 5786 εύχάριστος.

606 5796 625 5814 ··
651 5777 838 5835 δεοεῦε
856 5777 1030 5833 οιὲἰηει
1044 5781 1306 5847 Ιεεεοάοω
1323 5781 1468 5847 παρά.
1496 5779 1655 5844 Bigot.
1671 5781 1745 5830 ίπί
1767 5781 1828 5830 τὰ
1846 5780 1974 5844 παρὰ
1991 5777 2118 5831 νοῦν.

609 5847 629 5888 ί
657 5851 834 5906 Georg.
860 5847 1179 5906 διωκομένων.

605 5914 629 5952 t-
658 5905 794 5962 Idem
811 5905 1073 5966 ἐπιμελείας
1098 5905 1182 5956 δεῖ.

603 5972 635 6014 Β
661 5974 795 6023 Idm
811 5969 1079 6032 αἴσχιστον.

2186 491 2377 560 χρόνον
2403 490 2502 562 τὴν
2519 489 2732 560 φυγάδα
2764 486 3067 559 ὁρίσαντες.
3085 488 3336 544 ἀλλ’δσον
3355 489 3644 561 ἐδυνήθητε
3671 493 3774 548 καὶ

2188 574 2274 626 ἐπ’
2300 573 2649 646 ἆπειρον,διά
2679 573 2739 626 τὸ
2767 573 3054 646 ώμόθυρον
3071 574 3237 627 καὶτὸ
3261 574 3379 626 λίαν
3393 591 3772 647 παρακεκινη-

2190 657 2350 727 μένον
2374 659 2548 729 ὑμῶν.
2588 657 2657 712 ’Ὀ
2685 656 2772 710 ἐπ’
2798 656 2982 719 αὑτοῖς
3022 659 3116 710 καὶ
3144 657 3222 726 τῷ
3251 658 3506 728 μακαρίῳ
3547 659 3767 731 Ἰωάννῃ

2187 742 2476 811 κέκτησθε,
2527 740 2749 810 ἔγκοτον
2798 740 2858 792 τὸ
2905 738 3061 809 ἔχθος
3115 741 3624 810 ἀναζωπυροῦντες,
3676 745 3774 797 καί

2187 825 2375 895 ῶσπερ
2404 824 2740 895 ἠκονημένον
2770 822 2922 890 ξίφος
2956 824 3117 894 μέχρι
3141 825 3239 894 τῆς
3267 824 3424 895 δεῦρο
3449 825 3568 878 κατ’
3601 825 3770 879 αὑτοῦ

2187 907 2462 978 χαλῶντες
2501 909 2600 979 τήν
2639 907 2908 976 γλῶτταν,
2952 909 3051 978 τὴν
3090 908 3250 977 μῆνιν
3299 909 3608 974 ἀσπάζεσθε
3649 909 3772 963 ἀντὶ

2186 991 2535 1055 διδασκαλίας
2585 991 2920 1060 ἐπωφελοῦς,
2975 991 3075 1061 τὴν
3141 993 3477 1061 κατηγορίαν
3528 992 3621 1044 ἐπί
3669 993 3770 1064 τῆς

2201 1076 2526 1145 Ἐκκλησίας
2561 1077 2642 1139 εἰς
2675 1075 2951 1146 μολυσμὸν
2977 1074 3084 1126 τῶν
3125 1075 3428 1128 ἀκουόντων
3469 1077 3771 1145 ἐκχέοντες.

2188 1161 2300 1214 Καὶ
2324 1160 2494 1213 ταῦτα
2521 1161 2618 1230 μὲν
2643 1160 2894 1222 ἐκείνοις,
2922 1152 3004 1221 οἷς
3027 1160 3055 1210 ὁ
3078 1157 3278 1228 Κύριος
3305 1161 3362 1211 ἐν
3385 1159 3522 1211 ἐλέει
3542 1160 3636 1212 καὶ
3663 1159 3776 1226 φιλ-

2188 1245 2477 1316 ανθρωπίᾳ.
2520 1242 2794 1298 ἀποδώσει
2840 1242 2983 1296 κατά
3023 1241 3091 1294 τὰ
3133 1243 3288 1312 ἔργα.
3359 1243 3450 1296 Σοὶ
3500 1243 3556 1296 δὲ
3607 1243 3775 1298 ποίων

2189 1329 2364 1398 λόγων
2417 1328 2730 1400 ἀμάραντον
2779 1327 3044 1395 στέφανον
3079 1326 3280 1392 πλέξας
3315 1326 3446 1378 οἴσω
3471 1367 3484 1389 ,
3537 1327 3776 1397 μακάριε

2204 1413 2446 1482 Ἰωάννη,
2501 1411 2639 1482 μετά
2665 1411 2842 1476 ἔξοδον
2879 1408 2974 1462 τοῦ
3008 1409 3221 1462 σταδίου
3250 1409 3311 1462 ού
3349 1408 3682 1478 φοϐούμενος
3715 1408 3777 1461 τὺ

2192 1499 2568 1568 ἐγκωμιάσαι;
2611 1495 2864 1549 ἀπεδύσω
2894 1495 3003 1565 γὰρ
3049 1495 3146 1566 τὴν
3199 1494 3530 1564 τρικυμίαν·
3580 1488 3616 1560 ἦ
3667 1491 3777 1546 τῶν

2190 1581 2501 1634 Μωσαῖκῶν
2551 1579 2774 1632 ἐκείνων
2810 1576 2828 1615 ί
2862 1578 3044 1648 νόμων
3093 1577 3187 1642 οὓς
3217 1578 3449 1631 δέδωκεν
3477 1575 3780 1647 εὐλογήσας

2190 1665 2282 1716 τὸν
2320 1664 2622 1735 πρακτικὸν
2665 1662 2884 1731 Ἰωσὴφ,
2914 1664 3007 1714 καὶ
3032 1661 3124 1714 τὸν
3159 1660 3496 1732 θεωρητικὸν
3529 1661 3662 1712 Λευὶ
3686 1653 3778 1712 τὸν

2196 1749 2386 1820 ἱερέας
2420 1751 2478 1802 ἐν
2507 1748 2592 1800 σοὶ
2637 1745 2748 1817 γὰρ
2777 1747 2887 1817 ὁρῶ
2929 1746 3294 1817 ἀμφοτέρους.
3338 1745 3463 1800 Ἐπ’
3497 1744 3782 1813 εὐλογίας

2192 1833 2417 1900 Κυρίου
2466 1831 2505 1896 ἡ
2558 1831 2632 1900 γῆ
2682 1845 2822 1894 σου,
2863 1831 2964 1882 καὶ.
3011 1831 3130 1882 ἀπὸ
3179 1828 3333 1897 ὀρῶν
3367 1827 3628 1896 οὐρανοῦ
3684 1825 3783 1879 καὶ

2193 1915 2417 1982 δρόσου
2460 1914 2559 1968 καὶ
2591 1915 2881 1967 ἀϐύσσων
2921 1911 3130 1982 πηγῶν
3172 1911 3466 1974 κάτωθεν,
3505 1912 3604 1964 καὶ
3651 1912 3783 1964 καθ’

2192 1999 2353 2068 ὤραν
2391 1997 2795 2067 γεννημάτων,
2830 1997 3010 2062 ἡλίου
3043 1994 3296 2062 τροπῶν,
3345 1994 3445 2048 καὶ
3473 1993 3593 2048 ἀπὸ
3631 2007 3783 2046 συν-

2193 2083 2350 2137 όδων
2372 2079 2606 2150 μηνῶν,
2641 2079 2761 2134 ἀπὸ
2789 2075 3060 2148 κορυφῆς
3091 2077 3276 2146 ὀρέων
3295 2077 3508 2147 ἀρχῆς,
3533 2075 3632 2130 καὶ
3663 2075 3787 2129 ἀπὸ

2195 2163 2463 2234 κορυφῆς
2508 2164 2741 2218 ἀενάων
2786 2161 3056 2228 βουνῶν,
3100 2163 3344 2215 ἔσονται
3385 2161 3484 2214 ἐπὶ
3515 2157 3786 2228 κορυφῆς

2208 2249 2423 2317 Ἰωσὴφ
2457 2249 2572 2319 (καὶ
2601 2248 2772 2309 εἴτις,
2793 2246 2868 2308 ὼς
2893 2245 3137 2317 Ἰωσὴφ),
3156 2245 3256 2298 καί
3287 2244 3385 2297 ἐπὶ
3412 2237 3790 2311 κιιουςςῆςῶν

2195 2332 2469 2401 ἡγήσατο
2503 2329 2818 2398 ἀδελφῶν,
2847 2329 3171 2394 δοξασθεὶς
3204 2328 3275 2380 ἐν
3315 2325 3603 2395 ἀδελφοῖς
3629 2341 3788 2392 πρω-

2195 2416 2462 2480 τότοκος.
2524 2414 2748 2482 Ταύρου
2783 2411 2851 2465 τὸ
2910 2410 3145 2476 κάλλος
3193 2411 3384 2465 αὑτοῦ
3437 2415 3511 2463 τὰ
3546 2408 3786 2476 κέρατα,

2191 2497 2603 2568 μονοκέρωτος
2649 2497 2722 2550 τὰ
2767 2496 2987 2563 κέρατα
3019 2495 3206 2548 αὑτοῦ
3233 2513 3246 2525 ·
3287 2495 3358 2546 ἐν
3389 2491 3599 2558 αὐτοῖς
3639 2492 3786 2558 ἔθνη

2198 2581 2457 2650 κερατιεῖ
2480 2581 2600 2650 ἅμα
2625 2580 2737 2646 ἕως
2765 2580 2867 2634 ἀπ’
2897 2579 3087 2647 ἄκρου
3115 2578 3226 2645 τῆς
3257 2577 3390 2647 γῆς.
3423 2577 3532 2630 Καὶ
3555 2574 3634 2645 τῷ
3657 2576 3793 2630 Λευὶ

2199 2665 2320 2720 εἷπε
2361 2667 2477 2736 (καὶ
2506 2667 2557 2720 εἰ
2596 2683 2682 2729 τις
2719 2664 2883 2718 αὑτὸν
2923 2664 3258 2734 ἐμιμήσατο)
3284 2681 3297 2694 ·
3325 2663 3471 2715 Δότε
3508 2661 3649 2714 Λευὶ
3681 2659 3792 2726 δή·

2196 2756 2348 2818 λους
2395 2750 2606 2813 αὑτοῦ,
2660 2749 2759 2804 καὶ
2793 2745 3089 2814 ἀλήθειαν
3133 2747 3321 2800 αὐτοῦ
3370 2744 3449 2810 τῷ
3481 2743 3656 2812 ἀνδρί
3710 2743 3793 2809 τῷ

2198 2839 2349 2904 ὁσίῳ
2401 2836 2474 2889 ὃν
2493 2836 2826 2904 ἐπείρασαν
2854 2830 3041 2885 αὐτὸν
3061 2833 3132 2884 ἐν
3160 2833 3358 2898 πείρᾳ,
3389 2830 3796 2898 ἐλοιδόρησαν

2199 2923 2389 2975 αὑτὸν
2408 2921 2506 2974 ἐπὶ
2534 2919 2754 2984 ὕδατος
2783 2919 3149 2987 ἀντιλογίας.
3194 2917 3256 2969 '0
3289 2915 3484 2986 λέγων
3503 2914 3584 2980 τῷ
3612 2913 3794 2980 πατρί

2201 3009 2299 3060 καὶ
2337 3005 2411 3074 τῇ
2429 3006 2632 3072 μητρὶ,
2670 3007 2791 3073 Οὐχ
2819 3002 3051 3072 ἐώρακά
3076 3018 3173 3064 σε,
3197 3001 3293 3054 καὶ
3321 3000 3464 3065 τοὺς
3489 2998 3798 3067 ἀδελφοὺς

2201 3090 2388 3144 αὑτοῦ
2406 3091 2516 3144 οὐκ
2531 3089 2782 3157 ἐπέγνω,
2800 3085 3068 3156 ἐφύλαξε
3095 3086 3166 3138 τὰ
3190 3082 3365 3152 λόγιά
3390 3099 3528 3144 σου,
3560 3082 3654 3134 καὶ
3682 3079 3798 3147 τὴν

2203 3172 2502 3240 διαθήκην
2545 3187 2661 3226 σου
2691 3171 3081 3238 διετήρησενο
3117 3167 3394 3233 ἐδήλωσε
3433 3166 3504 3220 τὰ
3553 3163 3794 3218 δικαιώ-

2201 3257 2360 3328 ματά
2414 3271 2530 3310 σου
2589 3253 2670 3320 τῷ
2719 3254 2943 3318 Ἰακὼϐ,
2985 3255 3083 3308 καί
3134 3253 3241 3306 τὸν
3288 3253 3478 3320 νόμον
3541 3267 3658 3304 σου
3716 3247 3798 3314 τῷ

2219 3340 2475 3408 Ἰσραήλ.
2525 3337 2833 3404 Ἑπιθησει
2859 3339 3121 3407 θυμίαμα
3145 3337 3243 3390 διὰ
3270 3335 3496 3400 παντὸς
3522 3333 3591 3386 ὲν
3621 3331 3800 3402 ἑορτῇ

2206 3443 2323 3480 σου
2349 3425 2445 3478 ἐπὶ
2477 3422 2558 3490 τῷ
2580 3423 2990 3491 θυσιαστηρίῳ
3010 3439 3148 3475 σου.
3177 3423 3564 3488 Εὑλόγησον,
3598 3418 3799 3483 Κύριε,

2206 3509 2322 3577 τὴν
2339 3509 2523 3578 ἰσχὺν
2541 3508 2748 3572 αὑτοῦ,
2765 3506 2950 3560 καὶτὰ
2969 3506 3113 3575 ἔργα
3132 3504 3252 3557 τῶν
3267 3501 3482 3570 χειρῶν
3495 3501 3681 3555 αὑτοῦ
3703 3499 3802 3553 δέ-

2211 3593 2327 3657 ξαι·
2347 3590 2360 3642 i
2377 3589 2647 3656 πάταξον
2659 3592 2851 3659 ὀφρὺν
2861 3588 3092 3658 ἐχθρῶν
3103 3586 3603 3654 ὲπανεστηκότων
3617 3583 3801 3650 αὐτῷ,

2211 3677 2309 3730 καὶ
2357 3678 2411 3728 ol
2450 3672 2778 3744 μισοῦντες
2816 3673 3003 3727 αὑτὸν
3028 3672 3114 3741 μὴ
3144 3670 3611 3734 ἀναστήτωσαν,
3659 3665 3801 3735 Ἐγὼ

2210 3761 2268 3814 δὲ
2303 3759 2654 3832 προσπλέξας
2697 3758 2940 3827 εἴποιμιο
2975 3759 3040 3810 Οἱ
3068 3755 3350 3825 φιλοῦντες
3385 3753 3570 3817 αὑτὸν,
3619 3749 3796 3821 Ἰησοῦ

2212 3846 2437 3918 Χριστὲ,
2463 3846 2536 3916 μὴ
2563 3842 3141 3913 καταισχυνθήτωσαν”
3176 3841 3266 3894 σὺν
3287 3839 3394 3910 γάρ
3416 3839 3476 3891 τδ
3503 3837 3700 3907 κράτος
3724 3837 3805 3901 εἰς

2212 3932 2338 3993 τοὺς
2363 3928 2584 3991 αἰῶνας.
2626 3928 2820 3999 Ἀμήν.
2867 3927 2926 3978 Ὁ
2974 3925 3224 3979 ἙΠΙΣΚ.
3255 3923 3364 3976 Καὶ
3400 3921 3538 3991 αῦτη
3577 3921 3678 3990 τῆς
3703 3918 3802 3988 σῆς

2216 4015 2484 4076 συνέσεως
2529 4015 2565 4084 ἡ
2608 4013 2878 4083 ἄσκησις,
2924 4009 3166 4082 θηρευτά
3213 4009 3501 4078 νοημάτων
3534 4005 3801 4076 Θεόδωρε,

2215 4099 2469 4168 ἐκφέρειν
2507 4099 2571 4150 ἐκ
2612 4096 2706 4149 τοῦ
2751 4096 2852 4166 τῆς
2893 4094 3132 4156 διανοίας
3180 4110 3273 4145 σου
3310 4089 3613 4163 θησαυροῦ,
3661 4090 3804 4141 κατὰ

2214 4183 2305 4236 τὸν
2336 4181 2558 4234 εἰπόντα
2589 4179 2848 4250 Σωτῆρα,
2905 4177 3096 4232 Καινὰ
3128 4176 3227 4229 καὶ
3278 4173 3506 4227 παλαιά
3526 4188 3540 4202 ⁸
3595 4172 3804 4227 παλαιὰ

2220 4267 2338 4337 μὲν,
2365 4265 2463 4336 τῆς
2495 4263 2846 4334 ἀνθρωπίνης
2867 4261 3062 4330 σοφίας
3094 4259 3471 4329 παιδεύματα’
3519 4257 3681 4310 καινά
3715 4257 3793 4320 δὲ,

2216 4350 2286 4403 τά
2321 4347 2416 4401 τοῦ
2474 4347 2630 4416 ἁγίου
2683 4346 3000 4416 Πνεύματος
3049 4345 3233 4413 λόγια·
3272 4345 3330 4409 ἐξ
3387 4337 3461 4396 ὧν
3513 4342 3807 4414 θησαυρῶν

2217 4433 2462 4503 ὁποτέρῳ
2493 4433 2650 4503 μέρει
2681 4431 2740 4484 τὸ
2770 4430 3080 4501 πρόσφορον
3128 4429 3385 4492 δέδωκας.
3421 4428 3534 4497 Τῆς
3577 4427 3674 4498 μέν
3705 4427 3809 4497 σῆς

2219 4524 2536 4590 φρονήσεως
2589 4518 2795 4588 φράσαι
2847 4519 2959 4578 τοῖς
2990 4514 3478 4585 πλημμελήμασιν,
3513 4510 3548 4564 ἀ
3571 4509 3806 4582 ἥρμοζε.

2218 4603 2316 4674 τῆς
2363 4601 2418 4654 δὲ
2461 4600 2765 4669 Μωσαῖκῆς
2821 4598 3072 4666 εὐλογίας
3126 4597 3327 4661 πλέξας
3372 4598 3398 4636 ll
3440 4597 3661 4666 Ἰωάννῃ
3714 4595 3810 4649 τὸν

2219 4686 2567 4756 ὀφειλόμενον
2609 4683 2902 4752 στέφανον’
2931 4680 2990 4745 ὃς
3025 4681 3251 4744 ἀπαθῶς
3303 4679 3644 4752 ἱερατεύσας,
3677 4678 3810 4748 ἀλη-

2221 4769 2331 4832 θῶς
2363 4769 2466 4821 οὑκ
2491 4768 2635 4835 ἔγνω
2665 4766 2879 4836 πατέρα
2912 4765 2947 4837 ἦ
2980 4765 3192 4836 μητέρα
3235 4765 3269 4836 ἢ
3311 4765 3470 4832 γένος
3513 4763 3810 4833 αἱμάτινον

2219 4851 2569 4919 δικαιοσύνης
2596 4849 2891 4920 ὑπερϐολῇ,
2915 4847 3026 4901 ἀλλ’
3047 4847 3083 4918 ἢ
3107 4848 3232 4910 τοὺς
3264 4848 3500 4918 ἐραστὰς
3526 4848 3623 4900 καὶ
3643 4847 3810 4916 ἐργάο

2220 4955 2321 5000 τας
2353 4936 2448 4989 τοῦ
2481 4935 2662 5003 λόγου.
2694 4934 2839 4987 Οἰδέ
2866 4931 2988 4985 καθ’
3020 4932 3165 5001 ἡμᾶς
3207 4929 3489 4994 δοκοῦντες
3519 4930 3808 4983 ἐπίσκοποι

2221 5021 2283 5073 τὸ
2339 5021 2440 5092 μὲν
2490 5018 2716 5090 πήλινον
2789 5016 2946 5085 γένος
2995 5017 3286 5085 πορισμοῖς
3346 5014 3440 5066 καὶ
3497 5014 3810 5085 στρατείαις

2223 5105 2319 5157 καὶ
2372 5101 2682 5174 ἀξιώμασιν
2735 5099 3180 5170 ἐγκαθώρμησαν
3214 5097 3257 5163 1,
3313 5097 3661 5169 παραϐάντες
3715 5097 3809 5149 τὸν

2223 5189 2447 5243 εἰπόντα
2522 5187 2687 5258 νόμον
2717 5201 2732 5217 ⁸
2803 5187 2886 5239 Οὐ
2952 5182 3262 5237 δώσουσιν
3328 5185 3382 5236 οι
3429 5181 3604 5250 ἱερεῖς
3669 5181 3813 5245 τοὺς

2221 5272 2392 5338 υἱοὺς
2447 5270 2648 5325 αὐτῶν
2695 5271 2784 5336 είς
2824 5268 3123 5338 ἄρχοντας
3173 5265 3274 5320 καὶ
3320 5264 3807 5334 παρατρέχοντας

2223 5358 2304 5424 τῷ
2337 5355 2635 5422 ,βασιλεῖ’
2671 5355 2739 5409 τὰ
2773 5354 2832 5408 δὲ
2878 5353 2974 5406 τοῦ
3019 5350 3334 5423 Πνεύματος
3383 5352 3674 5413 συσκευαῖς
3711 5350 3809 5402 καὶ

2221 5442 2579 5514 δυσημερίαις
2641 5442 2736 5492 ναὶ
2789 5441 3052 5511 φρουραῖς
3121 5438 3217 5492 καὶ
3279 5437 3656 5508 περιορισμοῖς
3719 5435 3808 5486 ἐν⁸

2222 5527 2568 5590 δαπανῶντες
2593 5565 2609 5590 ,
2691 5523 2931 5596 ἄκρατον
3011 5521 3226 5585 πιόντες
3297 5520 3418 5592 τὴν,
3451 5519 3675 5587 ἄγνοιαν
3726 5527 3808 5580 ω,

2290 5650 2308 5690 ι
2336 5650 2514 5711 Georg.
2537 5649 2796 5711 λειμώνων.

2289 5712 2306 5764 ί
2341 5703 2670 5766 ιΧΧὶὶάταῖον
2694 5709 2925 5769 ὀσσύν,οι
2951 5710 3097 5770 ρευῐο
3116 5715 3229 5758 ante
3251 5707 3298 5755 ἐν
3321 5707 3560 5771 ὸργῇφικ)
3581 5703 3628 5752 ἐν
3652 5704 3812 5767 ἑορτῇ.

2287 5775 2316 5814 ι
2339 5773 2477 5828 Lege
2497 5774 2678 5828 πλέξαι.

2290 5789 2316 5814 ι
2343 5789 2477 5836 Lege
2497 5789 2678 5828 πλέξαι.

2290 5838 2306 5876 ι
2343 5836 2490 5884 Forte
2514 5835 2617 5896 leg.
2649 5835 3021 5897 ἐγκαθώρμισαν.

2285 5900 2318 5920 ¹¹¹
2347 5900 2527 5958 Georg.
2553 5892 2735 5958 ἆνοιοίν,
2765 5892 2964 5950 τοέιιυι,
3010 5894 3146 5958 Lego
3172 5898 3319 5944 etiam
3347 5892 3701 5948 ὶκδαπανῶντις
3723 5901 3814 5956 pro

2225 5957 2584 6016 ἐνδαπανῶντες.
2724 5957 2730 5958 ί
2987 5957 2991 5966 ’
