4122 6386
358 303 419 359 81
1629 307 1945 364 I’ALLADII
1990 310 2098 365 DIA
2108 309 2337 365 LOGUS
3543 316 3613 371 8‘3

353 422 420 474 ἐκ
471 418 676 472 τούτων
737 416 1054 488 νομίζοντες
1107 420 1394 492 ἀτιμάζειν
1438 423 1564 485 τοὺς
1602 421 1789 491 φίλους
1831 421 1931 490 τῆς

350 501 581 574 ἀρετῆς,
616 501 747 572 περὶ
786 495 861 555 ὧν
887 506 1149 574 προεῖπεν
1200 507 1229 558 6
1271 506 1493 576 Σωτήρο
1551 505 1931 558 Ἐλεύσονται

351 583 586 652 ἡμέραι,
610 582 681 637 ἐν
709 578 808 650 αἶς
833 584 1125 649 δόξουσιν
1145 591 1200 641 οὶ
1241 588 1703 653 ἀποκτείνοντες
1752 586 1928 656 ὑμᾶς.

348 667 635 734 λατρείαν
667 668 1035 737 προσφέρειν
1059 668 1139 735 τῷ
1174 669 1318 736 Θεῷ.
1342 671 1455 725 Καὶ
1501 672 1564 724 ού
1596 670 1766 742 δήπου
1802 673 1932 744 περὶ

360 750 630 822 Ἐλλήνων
661 747 834 810 εἶπεν,
865 754 987 806 ἐπεὶ
1011 753 1078 807 ἂν
1109 755 1340 826 εἰρήκει,
1363 756 1477 817 τοῖς
1500 754 1659 819 θεοῖς.
1679 755 1730 809 οἳ
1754 754 1932 808 πλείο-

347 851 447 897 νας
485 833 637 904 παρά
664 835 757 889 τὸν
802 836 899 888 ἕνα
936 839 1310 907 σημαίνουσιν.
1370 837 1458 905 Ἐξ
1488 831 1565 892 ὧν
1607 839 1666 893 δέ
1710 840 1803 893 τὸν
1833 838 1930 893 ’ἕνα

348 916 444 969 καὶ
473 917 633 986 μόνον
660 918 962 987 ὠνόμασεν,
986 920 1222 991 ἐδήλωσε
1243 922 1370 986 τοὺς
1393 922 1488 975 νῦν
1517 923 1662 992 ἡμᾶς
1690 929 1931 996 προσχή-

355 1015 482 1067 ματι
518 1001 618 1073 τῆς
652 1003 982 1073 Ἑκκλησίας
1032 1005 1448 1075 λεηλατοῦντας.
1496 1006 1607 1070 Τὰς
1655 1006 1764 1075 γάρ
1793 1005 1929 1071 ίδίας

349 1086 723 1158 κακοτροπίας
760 1088 853 1141 καὶ
878 1087 1105 1156 φθόνους
1143 1090 1596 1162 ἐπικρυψάμενοι,
1628 1090 1769 1161 ὑπὲρ
1797 1089 1930 1144 ταύ-

347 1185 447 1238 της
476 1170 783 1240 φροντίζειν
812 1174 1381 1244 κατασχηματίζονται
1416 1173 1560 1245 λόγῳ
1582 1213 1598 1237 ,
1632 1175 1698 1243 ἣν
1724 1173 1929 1244 ἐλυμή-

347 1268 507 1305 ναντο
528 1252 727 1321 ἔργοις.
778 1254 937 1308 Ἀλλὰ
958 1255 1059 1310 κᾶν
1095 1255 1240 1310 οὕτω
1269 1257 1616 1326 σοφίσωνται,
1644 1258 1678 1327 ή
1705 1256 1927 1322 ἔκϐασις

347 1335 457 1387 τῶν
497 1338 883 1409 γεγενημένων
925 1341 1124 1405 αὐτοὺς
1166 1341 1428 1410 διελέγξει
1471 1342 1928 1413 ὑπουργήσαντας

345 1417 426 1489 τῷ
476 1422 880 1493 καυχησαμένῳ
904 1438 917 1449 ·
963 1424 1047 1476 Οὐ
1096 1422 1184 1493 μὴ
1232 1424 1511 1479 σαλευθῶ
1545 1425 1663 1479 ἀπὸ
1714 1423 1927 1495 γενεᾶς

344 1504 435 1569 είς
481 1505 696 1573 γενεὰν
725 1505 873 1560 ἄνευ
923 1508 1133 1563 κακοῦ.
1184 1510 1378 1562 οὐκέτι
1430 1509 1539 1580 γὰρ
1585 1511 1926 1580 ἐφευρίσκων

346 1582 487 1647 εἶδος
534 1587 800 1658 αἱρέσεως
831 1590 1146 1663 καινοτέρας
1175 1594 1204 1646 6
1236 1592 1535 1664 ἐφευρετὴς
1567 1592 1666 1663 τῆς
1699 1593 1926 1663 ἀνομίας

346 1670 442 1724 καὶ
463 1672 704 1742 γεωργὸς
724 1673 821 1745 τῆς
843 1675 1106 1747 κακίστης
1125 1677 1418 1749 ἐπιθυμίας
1442 1677 1584 1748 δφις,
1609 1676 1925 1749 ἐξοίστρησε

341 1754 472 1817 τοὺς
504 1754 856 1823 προεστῶτας
894 1758 992 1829 τῆς
1020 1760 1346 1831 Ἐκκλησίας
1377 1762 1459 1824 είς
1485 1759 1922 1831 ἀλληλοκτονίαν,

344 1838 765 1909 φιλοκαθεδρίας
786 1840 881 1896 καὶ
907 1844 1387 1917 πρωτοκαθεδρίας
1412 1846 1595 1909 πάθει,
1614 1845 1680 1900 δι’
1710 1837 1787 1899 ὧν
1809 1845 1925 1916 εἱρ-

342 1923 585 1991 γάσαντο
609 1923 670 1977 τὸ
704 1925 928 1997 σχίσμα.
963 1928 1029 1983 Et
1049 1929 1158 2001 γὰρ
1188 1925 1256 2001 ἦν
1287 1930 1604 2002 Πνεύματος
1634 1929 1769 1986 Θεοῦ
1788 1947 1927 2001 συμ-

345 2006 523 2075 φωνία
568 2008 626 2060 ἐν
665 2010 779 2072 τοῖς
825 2009 1179 2075 ἐπισκόποις,
1215 2014 1309 2066 καὶ
1337 2014 1413 2078 Lb;
1443 2015 1613 2076 αἴτιος
1663 2012 1924 2084 πλημμε-

343 2089 516 2152 λείας,
549 2090 823 2161 ἢάνάξιος
860 2094 1178 2167 ἱερωσύνης.
1210 2096 1265 2168 ἢ,
1293 2096 1368 2161 ὡς
1402 2099 1430 2151 6
1468 2097 1725 2168 Θεόφιλος
1754 2096 1923 2166 λέγει,

344 2172 746 2245 ὑπερηφανίας,
784 2174 1015 2245 ὠφειλεν
1045 2178 1328 2249 εἱρχθῆναι
1382 2183 1411 2233 6
1468 2180 1751 2253 ’ῐωάννης’
1803 2181 1924 2234 ἐδύ-

344 2272 474 2309 νατο
520 2258 554 2327 ἡ
609 2258 1016 2331 παντοδύναμος
1054 2260 1189 2314 Θεοῦ
1232 2261 1391 2331 σοφία
1436 2264 1713 2334 ἐνθέσμως
1761 2266 1924 2317 αὑτὸν

345 2339 588 2395 κωλῦσαι
631 2343 732 2414 τῆς
775 2344 1086 2415 ίερατείας,
1137 2346 1170 2417 ἦ
1222 2348 1472 2418 ἐφευρεῖν
1518 2348 1737 2419 τρόπον,
1770 2349 1834 2402 δι’
1862 2343 1923 2404 οὗ

344 2424 638 2497 ἀταράχως
666 2425 764 2480 καὶ
810 2427 1076 2481 ἀκλαυστὶ
1104 2428 1422 2495 ἐξεϐάλλετο
1448 2426 1655 2501 οὗτοςῆ
1685 2430 1919 2502 θανάτῳ,

343 2507 379 2578 ἢ
414 2507 741 2580 παραλύσει,
777 2511 810 2580 ἢ
846 2510 1077 2583 ἀφωνία,
1104 2512 1180 2576 ὡς
1208 2512 1429 2583 οἴδαμέν
1460 2530 1611 2578 τινας
1639 2514 1747 2565 τῶν
1778 2516 1923 2567 ἀντι-

343 2592 622 2645 πεσόντων
674 2591 824 2662 αὐτῴ
870 2593 1229 2658 πεπονθότας,
1280 2595 1375 2650 καί
1425 2612 1579 2659 τινας
1630 2596 1922 2666 μέλλοντας

342 2673 593 2745 πάσχειν.
637 2674 725 2742 Ἐξ
752 2668 829 2729 ὧν
861 2675 918 2730 δὲ
953 2676 1190 2730 τοσαῦτα
1219 2677 1699 2751 παρηκολούθησεν
1726 2678 1920 2743 ἀνάξια

341 2756 436 2811 τοῦ
466 2758 715 2830 Σωτῆρος
741 2758 899 2831 ἔργα,
941 2760 1036 2813 καὶ
1064 2760 1223 2824 αὐτὸς
1242 2762 1304 2814 οὐ
1345 2760 1644 2833 καθῃρέθη,
1672 2761 1786 2815 ἀλλ’
1836 2761 1923 2827 ἐξ·

341 2839 573 2911 ωρίσθη,
598 2839 821 2913 εὔδηλον
838 2842 931 2895 τοῦ
953 2842 1200 2898 διαϐόλου
1225 2841 1363 2898 εἶναι
1388 2844 1449 2898 τὸ
1463 2844 1667 2916 δρᾶμα,
1696 2838 1758 2899 οὗ
1791 2863 1921 2900 κατ-

341 2921 530 2976 ελύετο
557 2926 623 2996 τῇ
663 2922 981 2996 διδασκαλίᾳ
1024 2928 1059 2998 ἡ
1112 2926 1361 2997 βασιλεία
1392 2939 1446 2982 ι.
1478 2925 1611 2981 Οἶδα
1664 2926 1776 2996 ἐγὼ
1826 2928 1921 2982 τὸν

356 3004 609 3076 Ἰωάννην
640 3005 701 3072 ἓξ
725 3007 1023 3062 καθελόντα
1048 3009 1232 3076 ἀξίως,
1249 3011 1324 3076 ὡς
1348 3011 1564 3083 ώνητάς
1597 3010 1698 3081 τῆς
1720 3012 1922 3082 ἱερατι-

342 3088 446 3160 κῆς
469 3087 648 3155 ἀξίας,
695 3092 823 3164 περὶ
872 3087 946 3147 ὧν
972 3095 1228 3167 ἀνωτέρω
1250 3092 1423 3151 εἷπον.
1462 3096 1559 3161 Τίς
1588 3096 1919 3168 ἐδάκρυσεν;

340 3172 489 3237 τίνος
516 3174 574 3228 δέ
608 3177 753 3245 ῥῖνες
776 3175 1007 3243 ἐσταξαν
1042 3173 1214 3249 αἷμα;
1246 3180 1376 3234 ποία
1411 3179 1623 3252 ἀράχνη
1654 3179 1919 3251 ἐσχίσθηῖ

342 3260 426 3320 τίς
446 3256 503 3309 δὲ
530 3258 630 3329 τῆς
650 3258 826 3323 οἰκίας
854 3259 1020 3314 αὑτοῦ
1051 3260 1306 3331 ἐξῆλθεν;
1350 3263 1436 3328 τίς
1462 3256 1520 3316 δὲ
1568 3262 1754 3316 ὀϐολὸν
1792 3261 1920 3333 ἐζη-

345 3340 561 3413 μιώθη;
598 3346 747 3407 ποῖος
773 3344 831 3398 δὲ
863 3346 961 3416 τῆς
997 3346 1183 3411 Ἀσίας
1208 3347 1531 3420 ἀγύρτης,ἥ
1567 3347 1919 3420 δημιουργὸς,

341 3424 376 3493 ἢ
416 3425 677 3496 γηπόνος.
707 3426 740 3497 ἢ
770 3428 1122 3500 σκυτοτόμος,
1171 3430 1206 3502 ἢ
1240 3430 1482 3503 δημότης
1525 3430 1626 3485 οὐκ
1660 3431 1921 3501 ήσμένισε

339 3507 403 3561 τὸ
431 3508 798 3579 γεγενημένον
825 3512 918 3565 ἐπὶ
955 3511 1167 3584 ἐκδικίᾳ
1192 3513 1301 3567 τῶν
1334 3513 1495 3586 ίερῶν
1520 3514 1734 3585 νόμων;
1763 3517 1923 3568 ἐπευ-

341 3592 540 3663 φημῶν
555 3609 568 3622 ⁸
618 3595 711 3661 Ὡς
730 3595 1102 3665 Lamum;
1121 3598 1195 3652 τὰ
1212 3597 1359 3667 ἔργα
1376 3611 1514 3661 σου,
1546 3597 1924 3667 [(69:49:1de-

340 3692 413 3728 τα
432 3675 504 3729 ἐν
525 3678 716 3747 σοφίᾳ
743 3679 1058 3747 ἐποίησας.
1093 3680 1269 3735 Ὅπου
1294 3680 1405 3753 γάρ
1444 3680 1578 3744 Θεὸς
1604 3682 1919 3753 ἐργάζεται,

341 3759 520 3814 πάντα
542 3761 752 3829 γίνεται
778 3764 839 3816 ἐν
866 3764 1028 3834 σοφίᾳ
1047 3781 1061 3795 ·
1084 3764 1220 3819 ὅπου
1236 3764 1293 3818 δέ
1321 3767 1350 3819 6
1373 3765 1667 3836 μισόκαλος
1689 3765 1917 3836 δαίμων,

341 3844 543 3915 ὁμοίως
577 3846 794 3901 ἅπαντα
820 3848 878 3899 ἐν
905 3849 1125 3921 ἀσοφίᾳ.
1164 3849 1572 3921 Παρακολουθεί
1603 3850 1662 3904 δέ
1694 3854 1758 3922 τῇ
1795 3851 1924 3903 ἀσο-

341 3929 440 4000 φίᾳ
469 3929 733 3984 ἀλλόκοτα
756 3931 1077 4003 πράγματα,
1102 3933 1306 4004 φθόνοι,
1335 3934 1507 4004 φόνοι,
1529 3935 1647 4007 ἔρις
1667 3935 1717 4001 δ,
1736 3934 1917 4005 ζῆλος,

341 4011 524 4083 θυμοὶ,
563 4011 784 4083 ἐριθίαι,
815 4014 1169 4085 διχοστασίαι,
1207 4016 1433 4083 κτύπος,
1467 4016 1719 4088 κλωσμὸς
1760 4019 1923 4071 ἀπαι-

334 4096 562 4160 δεύτων,
600 4095 859 4162 ἐξουσιῶν
891 4098 1072 4165 ζέσις,
1131 4099 1302 4172 ῐκρια,
1353 4101 1562 4173 ξεσμοὶ,
1617 4101 1918 4172 λαμπάδες,

341 4180 559 4250 κρουνοὶ
579 4178 849 4249 αἱμάτων,
874 4180 1136 4255 ἀφόρητοι
1161 4184 1376 4257 ζημίαι,
1398 4183 1711 4255 δημεύσεις,
1741 4183 1923 4247 λύσεις

340 4262 561 4334 θεσμῶν
593 4262 776 4330 θείων,
807 4269 1244 4340 καταφρονήσεις
1261 4269 1462 4337 νόμων,
1500 4267 1786 4339 ἀθετήσεις
1817 4285 1921 4320 σω-

340 4348 638 4421 φροσύνης,
666 4351 988 4422 οἰκουμένης
1015 4353 1237 4424 σχίσμα,
1274 4353 1668 4424 παραφυλακαὶ
1700 4353 1805 4424 γῆς
1824 4355 1919 4408 καὶ

339 4433 639 4505 θαλάσσης,
672 4437 958 4501 ναυτικαὶ,
1005 4437 1246 4500 ἱππικαὶ,
1291 4436 1514 4502 πεζικαὶ
1556 4441 1795 4509 μηχαναὶ
1839 4443 1919 4503 είς

339 4515 674 4586 ἐμποδισμὸν
701 4517 811 4571 τῶν
837 4517 927 4572 διὰ
955 4518 1052 4590 τὴν
1074 4520 1330 4589 ἀλήθειαν
1361 4521 1758 4592 ἐκδημούντων.
1793 4520 1920 4583 Πῶς

340 4600 517 4654 τοίνυν
541 4599 782 4672 τολμῶσι
815 4600 996 4671 λέγειν
1022 4618 1033 4630 ’
1068 4603 1203 4658 Θεοῦ
1225 4604 1510 4677 οἰκονομίᾳ
1540 4604 1866 4675 ἐκϐέϐληται
1894 4607 1924 4656 6

353 4682 633 4757 Ἰωάννης;
689 4686 1018 4742 Είπάτωσαν
1048 4688 1107 4742 δέ
1138 4705 1229 4758 μοι
1281 4689 1330 4743 οί
1359 4686 1684 4759 ἐξηχοῡντες
1720 4688 1916 4742 ταῦτα.⁹

337 4767 605 4842 Ἢπόρειή
621 4768 1023 4841 παντοδύναμος
1047 4770 1141 4825 τοῦ
1170 4770 1306 4825 Θεοῦ
1338 4771 1520 4840 σοφία,
1545 4771 1621 4835 ὡς
1650 4772 1915 4844 προέφην,

340 4853 558 4923 ἀοράτῳ
587 4852 817 4926 δυνάμει
849 4853 1054 4909 παῦσαι
1086 4855 1178 4909 τὸν
1214 4857 1463 4927 Ἰωάννην
1506 4855 1723 4924 ἀνάξιον
1754 4857 1916 4921 ὄντας

338 4935 585 5008 ἢπεῖσαι
635 4939 762 5002 τοὺς
815 4939 1296 5012 ἀμφισϐητοῦντας
1340 4940 1505 4996 αὑτοῦ
1543 4940 1667 5011 δίχα
1717 4940 1915 5012 πολλῆς

400 5071 430 5137 _‘
452 5071 600 5137 Addit
614 5072 801 5137 βασι-ε.
836 5074 1073 5124 Ἰωάννου.

400 5130 433 5175 ι
452 5133 587 5197 Lege
611 5133 727 5198 ἕρεις
746 5130 801 5187 ξι
815 5149 927 5186 mox
949 5136 1152 5200 ἑριθεῖαι.

2037 423 2281 493 ἀνάγκης
2301 422 2579 493 ἀρχόντων
2599 421 2827 487 ἀπαθῶς
2843 423 3029 495 φέρειν
3056 423 3118 477 τὸ
3141 423 3407 495 πρᾶγμας
3429 424 3491 479 El
3506 425 3616 500 γὰρ

2033 507 2061 558 6
2091 506 2252 569 αὐτὸς
2313 506 2444 569 Θεός
2495 506 2640 559 ἐστιν
2676 509 2705 560 6
2745 506 2825 576 τῷ
2877 508 3085 577 Μωῦσῇ
3138 509 3482 579 συνεργήσας
3535 512 3616 575 είς

2033 588 2345 660 ἐλευθερίαν
2370 589 2465 642 τοῦ
2504 588 2717 671 Ἰσραὴλ
2744 591 2840 671 καὶ
2864 590 3136 662 ὑπακοὴν,
3153 591 3248 644 τοῦ
3273 591 3473 664 Φαραὼ
3487 594 3616 648 ἀνα-

2033 672 2231 741 φανδὸν
2259 671 2521 743 βοῶντοςο
2552 676 2674 729 Οὐκ
2704 670 2836 728 οἶδα
2860 674 2968 727 τὸν
2994 674 3164 735 Θεὸν,
3202 676 3301 730 καὶ
3346 675 3453 730 τὸν
3496 677 3615 731 Ἰσ-

2023 755 2186 823 ραὴλ
2214 757 2326 810 οὐκ
2351 755 2767 821 ἐξαποστελῶο
2800 756 2918 819 πῶς
2937 756 3118 810 τοίνυν
3147 755 3398 829 βοηθείας
3433 759 3617 829 δεδέη-

2029 858 2119 893 ται
2147 841 2239 893 ἐπὶ
2276 841 2523 895 Ἰωάννου
2574 840 2676 909 τῆς
2727 841 2837 894 τῶν
2868 843 3124 909 ἐπιγείων
3177 842 3491 913 άρχόντων;
3537 843 3615 905 ὡς

2029 924 2300 996 γηράσας,
2330 923 2363 996 ἦ
2394 924 2471 987 ὡς
2490 925 2835 997 ἀτονήσας,ἢ
2865 925 2939 988 Lb;
2962 927 3269 997 ἀπορήσας.
3302 923 3434 980 Εἶτα
3458 928 3486 980 6
3512 925 3612 991 τάς

2033 1007 2281 1078 μοιχείας
2335 1006 2498 1060 τινῶν
2533 1008 2626 1061 καὶ
2663 1007 2763 1072 τὰς
2818 1008 3209 1080 παιδεραστίας
3263 1009 3464 1081 ἐτέρων
3515 1009 3610 1063 καὶ

2028 1090 2283 1164 γοητείας
2310 1090 2485 1146 άλλων
2509 1092 2894 1163 δημοσιεύσατ,
2925 1093 3203 1163 ἠπόρησεν
3229 1094 3310 1147 ἐτι
3339 1093 3610 1163 διελέγξαι
3719 1148 3727 1155 _

2028 1175 2118 1230 τὸν
2189 1175 2479 1245 Ἰωάννην;
2531 1176 2883 1248 ἢὰνάπαλιν,
2932 1180 2960 1231 6
3001 1177 3156 1231 τοῦδε
3194 1178 3296 1248 τὴν
3355 1177 3608 1246 γλῶσσαν

2030 1259 2271 1330 συνάγχῃ
2308 1257 2560 1327 ὀγκώσας
2589 1261 2706 1329 μετ’
2730 1258 3168 1331 ἐξομολογήσεως
3195 1260 3608 1332 ἐγγράιρου,καί¹

2028 1342 2118 1397 τὸν
2147 1341 2306 1397 ἄλλον
2326 1340 2663 1412 κλιμακτῆρι
2694 1346 3009 1414 περιπεσεῖν
3036 1346 3398 1415 συγχωρήσας
3439 1343 3607 1397 θανα-

2000 1414 2269 1499 ’τηφόρῳ,
2290 1425 2324 1497 ἢ
2345 1426 2375 1478 6
2403 1426 2733 1496 ταριχεύσας
2758 1426 2909 1480 τόνδε
2939 1426 3076 1497 μετὰ
3098 1414 3365 1496 γενέσεως
3398 1429 3608 1499 σκωλή-

2028 1527 2139 1563 κων
2171 1509 2385 1578 ἄφωνον
2414 1508 2508 1561 ἐπὶ
2541 1507 2730 1579 κλίνης
2756 1508 2998 1563 ἐνιαυτὸν
3033 1511 3163 1582 παρ’
3198 1510 3377 1580 ὀλίγον
3401 1509 3542 1573 ὅλον,
3570 1511 3604 1583 ἦ

2026 1594 2054 1645 ὀ
2083 1591 2183 1655 τὰς
2222 1592 2586 1663 άπηρημένας
2632 1591 3056 1663 ἐκδειματώσεις
3101 1592 3396 1662 ἐπαγαγὼν
3435 1594 3607 1665 ἑτέρῳ

2031 1674 2169 1746 μετά
2201 1677 2300 1744 τῆς
2323 1673 2622 1744 συντρόφου
2646 1674 2998 1745 ποδάγρας,ἢ
3032 1676 3060 1728 6
3090 1674 3160 1729 τὰ
3187 1676 3353 1746 σκέλη
3390 1676 3606 1746 πρήσας

2024 1751 2087 1811 οὗ
2116 1756 2458 1830 ἐϐουλήθη,ἢ
2493 1758 2523 1810 6
2546 1757 2696 1811 τόνδε
2740 1756 2966 1811 δυσώδει
3014 1756 3232 1829 θανάτῳ
3282 1759 3607 1831 ἀναρπάσας

2026 1842 2239 1903 θᾶττον,
2261 1839 2321 1893 δν
2354 1840 2504 1894 ίσασι
2543 1840 2768 1904 πάντες,
2802 1839 3063 1910 ἡτόνησεν
3087 1842 3180 1895 ἐπὶ
3221 1842 3493 1910 Ἰωάννου,
3527 1842 3604 1908 ῶς

2025 1940 2184 1994 φατε,
2213 1922 2488 1997 ίεροσύλου
2515 1922 2688 1985 δντος,
2718 1922 2777 1975 ἐν
2807 1939 2861 1975 τι
2889 1922 3094 1976 τούτων
3142 1923 3454 1994 ἐνεργῆσαι,
3486 1924 3603 1979 ἀλλ’

2024 2007 2217 2080 ἐδεήθη
2248 2007 2342 2061 τοῦ
2372 2007 2466 2060 καὶ
2506 2006 2625 2066 τοῦ.
2663 2007 2750 2061 ἴνα
2778 2007 3050 2078 ἀτιμάσας
3079 2006 3258 2078 ἐξώσῃ
3286 2007 3377 2062 τὸν
3418 2008 3601 2063 Ἰωάν-

2024 2111 2144 2163 νην,
2184 2092 2345 2147 πλέον
2391 2092 2555 2146 αὑτὸν
2606 2093 2673 2145 ἐκ
2721 2090 2911 2145 τούτου
2960 2090 3225 2157 δοξάσαςς
3263 2090 3604 2147 Ἀπατῶνται

1980 2178 1987 2184 ’
2022 2176 2200 2229 τοίνυν
2233 2175 2308 2246 μὴ
2345 2175 2443 2245 τὴν
2492 2174 2710 2246 ἐντολὴν
2759 2174 2852 2228 τοῦ
2897 2174 3055 2244 λόγου
3077 2185 3124 2227 θ.
3165 2174 3456 2248 Ἰερόσυλος
3493 2174 3603 2250 γὰρ

2024 2260 2227 2333 κυρίως
2261 2261 2359 2331 οὐχ
2390 2261 2419 2313 6
2446 2260 2669 2331 χρυσὸν,
2693 2259 2726 2331 ἢ
2754 2259 3072 2331 άργυρον,ἢ
3103 2258 3171 2313 τά
3210 2260 3392 2330 σηρῶν
3424 2262 3602 2330 νήμα-

2022 2359 2113 2404 τα,
2150 2342 2327 2413 σητῶν
2363 2342 2650 2414 βρώματα,
2677 2344 2912 2414 πτωχοῖς
2947 2342 3229 2415 διανείμας
3251 2382 3266 2405 ,
3306 2341 3421 2396 ἀλλ’
3452 2344 3481 2395 6
3503 2342 3604 2412 ἀρ-

2023 2425 2200 2496 γυρίῳ
2232 2425 2328 2477 καὶ
2362 2426 2625 2497 κολακεία
2662 2426 2759 2479 καὶ
2784 2424 3033 2497 τραπέζῃ
3056 2424 3390 2497 ἀπεμπολῶν
3417 2425 3488 2478 τά
3514 2425 3603 2478 δό-

2022 2525 2209 2579 γματα
2236 2510 2479 2573 καὶτοὺς
2513 2508 2747 2578 θεσμοὺς
2774 2507 2868 2563 τοῦ
2902 2509 3186 2580 Σωτῆροςο
3222 2508 3413 2563 ἔπειτα
3454 2511 3484 2562 6
3511 2509 3603 2563 λυ-

2027 2591 2350 2662 μαινόμενος
2372 2591 2515 2664 ίερὸν
2544 2591 2735 2664 ἄνδρα,
2762 2591 2863 2663 βίῳ
2881 2593 2976 2646 καὶ
3001 2592 3146 2663 λόγῳ
3168 2591 3598 2664 κεκοσμημένον,

2023 2675 2091 2729 δι’
2119 2668 2180 2729 οὗ
2200 2677 2230 2729 6
2255 2675 2446 2747 Σωτὴρ
2467 2673 2542 2739 Lb;
2567 2674 2655 2729 διὰ
2684 2676 2956 2747 κρατῆρος
2983 2675 3017 2747 ἦ
3045 2674 3327 2746 κειμηλίου
3356 2675 3604 2744 ἐλογοπόο

2021 2776 2103 2812 τει
2131 2761 2243 2821 τοῖς
2275 2759 2532 2830 ἐρασταῖς
2560 2756 2653 2811 τοῦ
2681 2756 2841 2826 λόγου
2872 2757 2940 2811 τὰ
2977 2759 3260 2830 πρόσφορα
3292 2757 3394 2829 τῆς
3426 2774 3602 2828 σωτη-

2026 2842 2164 2914 ρίας.
2199 2840 2558 2912 Δεγέσθωσαν
2585 2839 2765 2893 τοίνυν
2787 2839 3051 2910 ἱερόσυλοι
3085 2835 3251 2904 οὗτοι,
3282 2840 3332 2894 οἱ
3357 2840 3603 2908 συλαγω-

2020 2928 2287 2997 γήσαντες
2306 2924 2405 2996 τὴν
2430 2924 2795 2996 ἀποστολικὴν
2831 2923 3178 2993 Ἐκκλησίαν,
3205 2923 3461 2977 τοιούτων
3489 2941 3603 2977 στεο

2025 3013 2288 3082 ρήσαντες
2330 3007 2691 3082 διδασκάλων,
2751 3007 2846 3060 καὶ
2879 3005 3182 3069 πωλοῦντες
3222 3006 3472 3079 ἀργυρίῳ
3502 3007 3601 3070 τὰς

2021 3092 2389 3166 χειροτονίας,
2436 3088 2531 3153 οὓς
2564 3089 2666 3161 ήδη
2708 3087 3090 3159 μετελεύσεται
3141 3089 3321 3159 ἡθεία
3357 3089 3479 3162 δίκη
3519 3093 3600 3155 είς

2021 3175 2393 3249 ἐπανόρθωσιν
2418 3174 2518 3245 τῆς
2548 3173 2728 3227 αὐτῶν
2755 3174 3154 3246 κακοπραγίας.
3190 3175 3254 3227 Εί
3290 3175 3398 3246 γὰρ
3426 3176 3477 3228 al
3507 3175 3600 3228 τὸν

2021 3260 2302 3324 Μωῦσέως
2331 3257 2818 3330 παραχαράξαντες
2840 3258 3002 3328 νόμον
3018 3258 3108 3313 διὰ
3121 3260 3221 3330 τῆς
3233 3258 3372 3328 ἄγαν
3394 3260 3601 3331 ἀπροσο

2019 3342 2168 3407 εξίας
2208 3342 2517 3415 φραγελλίῳ
2546 3341 2903 3411 ἐκϐέϐληνται
2930 3339 3022 3395 τοῦ
3054 3340 3189 3406 νεὼς
3233 3343 3339 3396 ὑπὸ
3367 3342 3460 3395 τοῦ
3487 3344 3600 3396 Σωο

2020 3427 2209 3497 τῆρος,
2248 3427 2341 3480 καὶ
2372 3424 2531 3478 τοῦτο
2560 3424 2796 3494 σχοινίου
2827 3422 2877 3487 ἀ,
2912 3424 2988 3488 ὡς
3020 3424 3168 3479 ἔνδον
3207 3424 3303 3488 τάς
3345 3442 3600 3495 περιστε-

2025 3511 2122 3581 ρὰς
2158 3506 2498 3571 πωλοῦντες·
2548 3507 2601 3560 τί
2641 3508 2918 3560 πείσονται
2954 3506 3063 3578 ἄρα
3108 3509 3158 3560 οἱ
3196 3506 3598 3577 καπηλεύοντες

2021 3594 2117 3663 τῆς
2142 3591 2285 3655 Νέας
2309 3589 2584 3661 Διαθήκης
2614 3590 2714 3662 τὴν
2740 3586 3031 3661 ἱερατείαν,
3054 3589 3086 3660 ἦ
3124 3590 3185 3643 τὸ
3210 3589 3387 3661 ῥάϐδῳ
3406 3591 3598 3661 σιδηρᾷ

2023 3673 2371 3745 συντριϐῆναι
2395 3674 2500 3727 ὑπὸ
2531 3673 2625 3726 τοῦ
2647 3673 3067 3745 ἀρχιποιμένος;
3093 3670 3277 3737 καθὼς
3299 3674 3327 3725 6
3343 3673 3597 3725 Ἀπόστο-

2019 3758 2110 3822 λος
2137 3757 2314 3827 λέγει·
2350 3756 2668 3823 Ἀθετήσας
2700 3774 2788 3823 τις
2816 3757 3005 3827 νόμον
3049 3757 3366 3824 Μωῦσέως,
3416 3758 3598 3826 χωρίς

2019 3842 2335 3912 οἰκτιρμῶν
2357 3843 2457 3895 ἐπὶ
2492 3842 2677 3897 δυσίν
2705 3841 2744 3910 ἦ
2786 3842 2944 3910 τρισὶ
2991 3840 3296 3911 μάρτυσιν
3332 3842 3598 3909 ἀποθνή-

2021 3941 2177 3980 σκει.
2201 3928 2379 3994 Πόσῳ
2408 3925 2638 3980 δοκεῖτε
2677 3925 2952 3994 χείρονος
2982 3924 3376 3990 ἀξιωθήσεται
3425 3943 3597 3994 τιμω-

2013 4011 2154 4078 ρΙας
2184 4013 2217 4064 d
2246 4009 2351 4063 τὸν
2388 4010 2525 4063 Υἰὸν
2554 4008 2661 4063 τοῦ
2706 4007 2856 4063 Θεοῦ
2888 4007 3319 4074 καταπατήσας
3339 4051 3352 4073 ,
3394 4008 3491 4061 καὶ
3528 4008 3594 4062 τὸ

2019 4087 2161 4162 αἷμα
2181 4091 2286 4159 τῆς
2313 4094 2607 4161 Διαθήκης
2622 4091 2829 4146 κοινόν
2852 4090 3255 4161 ἡγησάμενος,
3281 4091 3351 4145 ἐν
3368 4084 3416 4156 ᾧ
3431 4090 3596 4160 ἠτιά·

2019 4181 2160 4242 σθη,
2200 4176 2299 4230 καί
2331 4176 2397 4229 τὸ
2425 4176 2670 4245 Πνεῦμα
2692 4174 2801 4242 τῆς
2828 4174 3069 4243 χάριτος
3104 4175 3459 4243 ἐνυϐρίσαςε
3496 4174 3588 4227 Οἵ-

2019 4259 2207 4327 δαμεν
2223 4258 2331 4328 γὰρ
2360 4259 2468 4312 τὸν
2497 4260 2761 4312 εἰπόνταο
2780 4259 2942 4327 Ἐμοὶ
2964 4258 3292 4324 ἐκδίκησις,
3320 4256 3433 4327 ἐγώ
3450 4259 3595 4312 ἀντ-

2018 4343 2331 4405 αποδώσω,
2355 4343 2515 4412 λέγει
2562 4344 2795 4409 Κύριος.
2830 4341 3088 4408 Φοόερὸν
3121 4341 3185 4395 τὸ
3210 4341 3494 4412 ἐμπεσεῖν
3507 4344 3596 4407 εις

2021 4426 2225 4494 χεῷας
2257 4424 2408 4479 Θεοῦ
2462 4423 2697 4491 ζῶντος.
2755 4425 2813 4477 ὐ
2862 4424 2920 4478 δὲ
2955 4424 3047 4478 τὸν
3076 4425 3223 4478 ὅσιον
3264 4424 3453 4479 τοῦτον
3500 4427 3595 4478 καὶ⁵

2021 4508 2175 4576 ἆγιον
2200 4508 2435 4578 ποιμένα
2454 4507 2551 4561 καὶ
2578 4508 2676 4578 τῆς
2705 4506 3050 4577 δικαιοσύνης
3075 4507 3339 4578 φωστῆρα
3366 4508 3595 4574 δοξάσας

2019 4590 2177 4654 Θεὸς,
2197 4589 2306 4661 δῴη
2335 4593 2467 4661 ἡμῖν
2504 4590 2723 4661 μέροςῆ
2762 4590 2965 4662 κλῆρον
3011 4592 3191 4661 εὑρεῖν
3221 4592 3317 4644 σὺν
3358 4592 3507 4662 αὐτῷ
3533 4594 3594 4647 ἐν

2018 4676 2083 4745 τῇ
2113 4674 2318 4745 φοϐερᾷ
2346 4673 2508 4727 αὑτοῦ
2541 4673 2642 4744 τῆς
2664 4672 3059 4744 δικαιοκρισίας
3084 4674 3266 4745 ἡμέρᾳ
3286 4692 3299 4705 ·
3326 4669 3369 4743 ᾧ
3394 4675 3593 4746 πρέπει

2015 4756 2165 4824 δόξα,
2191 4758 2346 4828 τιμὴ,
2383 4756 2738 4828 μεγαλωσύνη
2782 4757 2875 4810 καὶ⁵
2909 4755 3353 4828 μεγαλοπρέπεια
3384 4758 3460 4828 τῷ
3490 4760 3597 4811 Πα-

2015 4841 2130 4911 τρὶ,
2160 4840 2256 4893 καὶ
2288 4838 2366 4909 τῷ
2397 4840 2532 4909 Υίῷ,
2556 4842 2649 4893 καὶ
2671 4839 2751 4908 τῷ
2780 4840 2919 4910 ἀγίῳ
2946 4838 3243 4909 Πνεύματι,
3272 4840 3366 4894 νῦν
3395 4843 3486 4896 καὶ
3507 4844 3595 4895 ἀεὶ

2016 4926 2110 4979 καὶ
2140 4926 2219 4987 είς
2250 4924 2377 4986 τοὺς
2410 4922 2614 4986 αἰῶνας
2649 4921 2758 4975 τῶν
2782 4920 3011 4977 αἰώνων.
3046 4922 3243 4993 Ἀμήν.

2084 5080 2105 5105 ί·
2133 5076 2264 5126 Fort.
2290 5073 2615 5137 εᾱᾱζείδότες,
2645 5074 2804 5137 Bigot.

2080 5137 2104 5176 d
2129 5138 2357 5201 Σχοινίου.
2393 5134 2725 5186 Ηειιονοεειιῐ
2736 5150 2766 5186 e
2788 5136 2894 5185 cod.
2918 5136 3216 5200 recepimus.
