4122 6386
449 354 510 412 81
1482 346 1568 399 DE
1610 344 1767 400 VITA
1810 341 1867 395 δ,
1908 332 2187 390 JOANNIS
2216 336 2709 394 CIIRYSUSTUMI.
3633 340 3703 390 32

453 471 711 533 praetexti.
742 477 842 516 nos
867 460 1259 531 deprmdantur.
1283 459 1569 512 Perversos
1595 473 1822 526 namque
1848 469 2022 509 mores

450 571 577 609 suos
609 555 970 623 invidiamque
997 554 1355 615 occultantes,
1386 552 1501 619 ejus
1530 566 1711 605 curam
1739 564 1798 603 se
1828 548 2025 601 habere

452 647 614 700 verbo
654 645 938 709 simulant,
969 658 1124 711 quam
1167 641 1316 695 factis
1355 640 1762 695 labefactarunt.
1794 638 1896 693 Sed
1927 638 2025 691 etsi

453 736 555 788 hoc
585 736 909 788 simulabunt
929 776 941 794 .
967 750 1147 787 rerum
1170 734 1343 787 exitus
1367 733 1508 801 ipsos
1530 731 1808 800 redarguct
1829 771 1842 792 ,
1865 729 2025 783 obse-

450 835 644 894 quutos
669 841 788 880 esse
803 827 873 889 ei,
893 826 979 893 qui
1010 825 1262 894 gloriatus
1279 832 1361 876 est
1388 841 1400 876 :
1428 821 1546 874 Non
1572 822 1802 874 movebar
1825 836 1856 872 a
1880 834 2028 889 gene-

450 922 646 971 ratione
669 919 719 971 in
749 919 1118 989 generationem
1148 918 1253 970 sine
1279 917 1410 969 malo
1438 914 1609 987 (Psal.
1640 915 1727 968 10.
1756 913 1846 983 6).
1876 910 2026 965 Non-

451 1010 577 1062 dum
605 1010 745 1063 enim
775 1011 1006 1078 speciem
1035 1024 1184 1061 nov;e
1211 1008 1481 1061 hmreseos
1515 1006 1791 1059 invenerat
1829 1002 2027 1072 iniqui-

454 1100 577 1152 tatis
595 1100 837 1155 inventor
855 1111 907 1153 et
928 1102 1172 1169 pessima:
1195 1098 1638 1166 concupiscentiae
1657 1095 1896 1150 excultor
1914 1108 2026 1148 ser-

454 1205 618 1259 pens,
649 1205 771 1244 cum
805 1191 1119 1259 pricpositos
1148 1188 1505 1243 Ecclesiarum
1533 1186 1598 1239 ad
1626 1194 1833 1239 mutuas
1855 1183 2028 1238 caedes

453 1279 687 1334 efferavit
718 1282 1006 1334 ambitione
1034 1281 1303 1334 cathedra:
1323 1290 1375 1333 et
1398 1280 1583 1347 prima:
1608 1277 1771 1341 sedis,
1798 1291 1890 1344 per
1908 1291 2026 1345 qua:

454 1372 740 1426 scissuram
783 1371 1043 1426 fecerunt.
1090 1371 1147 1425 Si
1184 1370 1325 1425 enim
1361 1370 1588 1439 Spiritus
1621 1369 1712 1422 Dei
1745 1367 2026 1422 concordia

454 1472 597 1515 esset
627 1463 765 1515 inter
794 1461 1072 1530 episcopos
1092 1503 1106 1526 ,
1138 1470 1192 1514 et
1220 1470 1275 1514 ut
1298 1470 1485 1513 auctor
1517 1458 1757 1513 criminis
1778 1500 1791 1523 ,
1820 1466 1912 1512 aut
1942 1458 2050 1511 in-.

454 1552 645 1622 dignus
696 1554 994 1608 sacerdotio
1014 1597 1028 1619 ,
1060 1564 1149 1607 aut
1168 1596 1181 1619 ,
1213 1564 1267 1607 ut
1287 1553 1612 1624 TheOpbilus
1631 1554 1738 1619 ait,
1767 1553 2029 1622 superbia:

455 1645 738 1709 obnoxius,
769 1647 935 1700 arceri
964 1647 1236 1701 debuisset
1258 1647 1489 1701 Joannes
1514 1664 1527 1699 :
1554 1655 1761 1716 poterat
1788 1647 2030 1715 omnipo-

456 1742 575 1787 tens
604 1735 693 1788 Dei
730 1736 981 1804 sapientia
1008 1737 1125 1804 jure
1153 1754 1180 1790 a
1203 1737 1500 1791 sacerdotio
1531 1738 1677 1791 illum
1704 1753 1909 1799 arcere,
1940 1745 2027 1790 aut

457 1826 669 1881 modum
693 1829 937 1884 invenire
966 1845 1059 1899 per
1088 1846 1243 1898 quem
1272 1830 1387 1885 sine
1416 1830 1640 1883 tumultu
1662 1838 1717 1883 et
1746 1830 1861 1884 sine
1887 1829 2027 1883 ﬂeti-

454 1918 553 1971 bus
595 1919 894 1988 ejiceretur,
919 1922 1122 1975 scilicet
1148 1932 1239 1974 aut
1266 1931 1467 1985 morte,
1515 1930 1605 1975 aut
1648 1919 1910 1990 paralysi,
1940 1929 2030 1972 aut

455 2010 740 2065 amissione
765 2013 911 2065 vocis
928 2053 944 2077 ,
970 2022 1024 2065 ut
1054 2012 1298 2065 novimus
1323 2011 1586 2082 aliquibus
1618 2026 1686 2065 ex
1713 2010 2030 2065 adversariis

454 2101 731 2167 accidisse,
760 2112 813 2156 et
842 2105 1050 2172 aliquos
1074 2102 1247 2157 adhuc
1279 2104 1329 2157 in
1357 2119 1422 2158 eo
1448 2117 1568 2157 esse
1593 2112 1650 2157 ut
1679 2102 1793 2156 ltazc
1819 2103 2028 2171 patian-

456 2203 563 2247 tur.
593 2194 671 2248 Ex
701 2212 804 2264 quo
829 2205 1005 2250 autem
1038 2207 1114 2250 tot
1140 2206 1193 2251 et
1221 2206 1363 2251 tanta
1392 2197 1676 2252 Servatore
1706 2196 1918 2266 indigna
1946 2195 2027 2250 fa-

456 2293 543 2336 cta
574 2285 895 2355 subsequuta
926 2298 1068 2351 sunt,
1101 2288 1213 2357 ipse
1246 2288 1459 2357 quidem
1490 2302 1596 2341 non
1618 2287 1892 2356 depositus
1915 2297 2025 2354 est,

455 2374 547 2427 sed
578 2374 628 2427 in
656 2376 899 2429 exsiliunt
930 2388 1079 2433 actus
1105 2397 1118 2432 ε
1141 2378 1360 2433 evidens
1387 2386 1469 2432 est
1495 2378 1689 2432 diaboli
1721 2393 1842 2434 esse
1871 2395 2025 2448 opus,

453 2463 604 2533 cujus
621 2481 839 2535 regnum
859 2468 1077 2521 Joannis
1097 2469 1469 2538 praedicatione
1486 2470 1876 2526 deStruebatur.
1894 2470 2029 2525 Novi

454 2557 662 2625 quider
695 2574 786 2612 sex
815 2560 1093 2629 episcopos
1120 2561 1312 2615 merito
1351 2577 1381 2616 a
1411 2561 1615 2616 Joanne
1640 2562 1911 2633 depositus
1930 2603 1943 2627 ,
1973 2571 2031 2617 ut

453 2648 800 2703 sacerdotalis
825 2650 1096 2721 dignitatis
1132 2663 1431 2723 emptores,
1470 2654 1539 2709 de
1565 2655 1757 2725 quibus
1780 2657 2030 2724 superius

454 2735 585 2791 disi.
635 2739 764 2806 Quis
791 2741 1109 2812 lacrymatus
1138 2746 1252 2797 est?
1290 2744 1440 2813 cujus
1480 2759 1511 2798 e
1550 2745 1766 2799 naribus
1806 2747 2026 2800 stillavit

455 2830 701 2896 sai-guis?
724 2846 841 2899 qua:
861 2834 1040 2886 aranei
1065 2834 1164 2887 tela
1189 2836 1456 2889 conscissa
1477 2837 1592 2890 est?
1616 2837 1736 2906 quis
1753 2837 1913 2891 domo
1934 2852 2028 2892 sua

456 2924 638 2986 pulsus
667 2921 782 2974 cst?
820 2926 939 2991 quis
968 2924 1049 2976 vel
1091 2924 1249 2978 obolo
1292 2926 1581 2981 mulctatus
1607 2927 1726 2980 est?
1754 2928 1874 2996 quis
1904 2943 2031 2982 vero

456 3008 596 3061 Asia:
621 3010 919 3075 circulator,
953 3021 1044 3066 aut
1068 3013 1247 3082 opifex
1272 3056 1286 3080 ,
1310 3023 1401 3068 aut
1440 3016 1667 3086 agricola
1690 3056 1705 3080 ,
1727 3026 1820 3070 aut
1858 3027 2027 3083 sutor,

455 3106 547 3150 aut
575 3099 834 3167 plebeius,
863 3112 1135 3171 gratanter
1162 3120 1266 3157 non
1288 3104 1454 3159 audiit
1476 3107 1616 3176 quod
1642 3107 1907 3161 acciderat
1936 3124 2031 3176 pro

456 3190 787 3247 vindicandis
826 3196 991 3249 sacris
1032 3196 1268 3263 legibus?
1297 3198 1544 3251 accinens
1568 3215 1581 3248 ι
1607 3198 1771 3264 Quam
1798 3199 2033 3269 magni/i-

457 3293 571 3335 cata
597 3292 712 3336 sunt
737 3301 892 3347 opera
918 3296 1024 3352 tua,
1049 3285 1302 3342 Domine!
1331 3290 1500 3343 omnia
1525 3290 1578 3342 in
1600 3291 1847 3360 sapientia
1871 3294 2033 3361 fecisti

459 3370 631 3439 (Psal.
657 3374 779 3429 105.
802 3375 917 3444 24).
942 3376 1039 3432 Ubi
1066 3380 1206 3432 enim
1236 3380 1373 3434 Deus
1398 3391 1669 3451 Operatur,
1692 3383 1869 3437 omnia
1901 3383 2035 3437 fiunt

458 3465 509 3517 in
525 3466 781 3534 sapientia
806 3485 819 3521 :
845 3470 930 3525 ubi
953 3487 1077 3525 vero
1101 3472 1360 3527 bonorum
1386 3489 1511 3528 osor
1537 3475 1764 3540 daemon,
1788 3477 2034 3532 similiter

458 3557 633 3611 omnia
657 3559 707 3611 in
737 3560 1057 3630 insipientia.
1100 3564 1268 3619 Porro
1297 3565 1650 3634 insipientiam
1683 3584 1768 3622 res
1790 3569 2033 3623 absurda:

457 3660 771 3717 sequuntur,
800 3653 1009 3707 invidia:
1027 3694 1042 3719 ,
1070 3655 1265 3722 caedes,
1284 3655 1518 3726 jurgium
1539 3698 1553 3723 ,
1578 3659 1866 3726 :emulatio,
1891 3660 2034 3713 furo-

458 3753 545 3792 res
564 3781 579 3805 ,
605 3743 732 3794 rix:e
752 3784 765 3805 ,
794 3743 1073 3798 discordia:
1093 3787 1108 3811 ,
1135 3746 1393 3816 fragores,
1422 3747 1787 3817 imperitorum
1817 3751 2033 3819 conspi-

459 3833 614 3899 ratio,
646 3836 1045 3903 magistratuum
1077 3838 1272 3903 fervor,
1302 3854 1508 3901 cruces,
1541 3841 1762 3895 laterum
1792 3842 2033 3896 abrasio-

458 3937 587 3988 nes,
622 3925 805 3990 lthzB,
846 3928 945 3982 rivi
988 3932 1344 3999 sanguinum,
1386 3932 1745 3988 intolerabiles
1788 3935 2030 4001 tnulctte,

459 4014 843 4080 publicationes
869 4017 1148 4084 bonorum,
1172 4021 1466 4076 solutiones
1486 4023 1781 4077 divinarum
1803 4026 2036 4080 sanctio-

458 4120 607 4171 num,
621 4119 955 4179 contemptus
968 4112 1163 4182 legum,
1180 4114 1397 4184 pudoris
1409 4124 1465 4171 et
1476 4116 1786 4186 frugalitatis
1798 4128 2036 4174 contem-

461 4206 581 4264 ptus
603 4239 618 4263 ,
650 4198 796 4254 orbis
825 4212 1083 4258 terrarum
1110 4206 1361 4271 scissura,
1397 4216 1594 4277 parata:
1625 4218 1762 4263 terra
1794 4213 2033 4281 marique

458 4286 666 4343 insidia:
694 4292 928 4358 navales,
954 4305 1251 4364 equestres,
1282 4298 1661 4369 pedestresque
1685 4302 1943 4355 machina:
1967 4304 2033 4356 ad

458 4378 895 4446 impedimentum
934 4399 1119 4439 eorum
1164 4388 1252 4457 qui
1282 4389 1521 4443 veritatis
1563 4406 1721 4445 causa
1766 4394 2028 4447 exsulant.

456 4468 735 4534 Quomodo
782 4472 941 4542 igitur
986 4476 1179 4531 audent
1222 4478 1448 4533 dicere:
1494 4480 1587 4534 Dei
1637 4480 2033 4551 dispensatione

455 4556 690 4614 Joannes
717 4561 920 4631 ejectus
943 4567 1059 4620 est?
1088 4567 1272 4622 Dieant
1291 4580 1467 4625 autem
1493 4571 1641 4637 mihi,
1664 4574 1752 4643 qui
1785 4575 1883 4628 ista
1916 4591 2034 4642 pcr-

456 4664 650 4706 sonant
674 4672 687 4705 :
710 4654 899 4712 Nonne
932 4668 1140 4727 poterat
1167 4663 1507 4733 omnipotens
1535 4666 1627 4720 Dei
1658 4668 1914 4737 sapientia
1947 4670 2033 4721 in-

456 4744 671 4809 visibili,
701 4757 757 4802 ut
781 4749 911 4814 dixi,
945 4753 1137 4809 virtute
1161 4755 1440 4820 Joannem,
1472 4758 1517 4811 si
1548 4760 1794 4830 indignus
1823 4761 2027 4822 fuisset,

457 4852 740 4903 amovere,
771 4852 863 4895 aut
890 4844 1115 4899 suadere
1148 4846 1469 4903 adversariis
1497 4851 1613 4904 sine
1644 4852 1941 4905 interventu
1980 4862 2033 4906 et

459 4927 659 4983 viribus
688 4930 982 4999 principum
1007 4936 1278 4990 moderate
1300 4953 1412 4993 rem
1444 4938 1619 4994 ferre?
1644 4940 1696 4995 Si
1719 4940 1859 4996 enim
1890 4942 2028 4995 idem

461 5018 600 5074 Deus
644 5030 761 5087 est,
792 5025 881 5093 qui
923 5024 1087 5096 Moysi
1131 5041 1446 5099 cooperatus
1491 5041 1573 5086 est
1620 5033 1685 5087 ad
1734 5034 2027 5088 libertatem

2138 452 2296 509 Israel
2342 466 2395 510 et
2442 456 2828 523 obedientiaut,
2870 457 3146 513 Pharaone
3190 460 3356 528 palam
3399 462 3702 520 clamante:

2137 547 2256 601 Non
2285 551 2399 603 novi
2422 548 2581 603 Deum
2600 591 2613 612 ,
2637 560 2682 603 et
2710 549 2874 605 Israel
2902 568 3001 605 non
3027 552 3272 606 dimittant
3297 553 3486 622 (Exod.
3516 557 3568 610 5.
3599 558 3666 626 Ξ)
3691 575 3704 610 :

2135 641 2401 707 quomodo
2440 641 2596 709 igitur
2623 640 2821 695 auxilio
2851 651 3180 697 terrenarum
3226 646 3522 714 principum
3573 647 3710 700 indi-

2135 730 2240 796 guil
2274 729 2323 782 in
2354 744 2514 785 causa
2536 732 2791 786 Joannis?
2814 733 2965 801 quasi
2992 735 3227 788 senuerit
3247 776 3259 794 .
3290 744 3380 788 aut
3416 736 3606 789 debilis
3637 736 3715 789 fa-

2134 831 2249 873 ctus
2288 822 2390 886 sit,
2434 831 2523 877 aut
2566 840 2670 877 non
2717 825 2965 893 potuerit.
3017 826 3217 880 Deinde
3241 827 3327 895 qui
3360 829 3709 895 quorumdam

2134 913 2394 968 adulteria
2416 956 2433 981 ,
2466 916 2703 970 infandas
2734 917 2978 971 libidines
2998 959 3012 980 ,
3044 928 3205 986 atque
3234 920 3455 973 aliorum
3500 922 3709 990 pra-sti-

2133 1004 2246 1072 gias
2273 1006 2640 1074 publicaverit,
2674 1024 2777 1061 non
2806 1011 3033 1076 potuerit
3063 1010 3236 1063 adhuc
3265 1011 3522 1066 Joannem
3550 1028 3707 1067 coar-

2133 1095 2328 1163 guere?
2356 1104 2448 1149 aut
2491 1107 2712 1164 contra,
2752 1099 2841 1168 qui
2889 1097 3044 1167 hujus
3084 1101 3316 1169 linguam
3359 1103 3484 1156 fecit
3520 1103 3710 1171 angina

2136 1195 2465 1253 tumescere,
2499 1190 2569 1243 ita
2597 1199 2652 1243 ut
2680 1191 2881 1260 scripto
2911 1192 3185 1244 veritatem
3229 1194 3466 1261 protiteii
3493 1206 3711 1248 coactus

2136 1275 2312 1341 fuerit,
2338 1287 2392 1331 et
2411 1278 2571 1333 alium
2603 1280 2901 1348 permiserit
2927 1280 3161 1335 incidere
3184 1282 3233 1334 in
3261 1283 3476 1351 gradus,
3499 1285 3587 1352 qui
3610 1284 3710 1352 ipsi

2137 1366 2347 1437 fuerunt
2388 1368 2678 1434 mortiferi,
2703 1380 2794 1423 aut
2832 1371 2992 1423 alium
3035 1373 3435 1441 erumpentibus
3478 1375 3712 1443 undique

2136 1459 2406 1514 vermibus
2452 1471 2656 1515 mutum
2703 1462 2755 1515 in
2800 1461 2939 1515 lecto
2981 1464 3331 1518 maceraverit
3372 1480 3567 1518 annum
3600 1465 3712 1520 fere

2136 1552 2418 1621 integrum,
2452 1563 2545 1607 aut
2571 1555 2722 1608 alteri
2747 1554 2987 1623 injecerit
3014 1555 3281 1611 horrenda
3313 1558 3560 1611 terricula
3587 1573 3708 1611 cum

2136 1641 2379 1698 familiari
2422 1645 2650 1716 podagra
2670 1687 2683 1703 .
2713 1655 2805 1699 aut
2840 1647 2928 1715 qui
2957 1662 3110 1700 crura
3136 1649 3304 1702 secuit
3330 1648 3480 1716 cujus
3506 1649 3708 1715 voluit,

2135 1743 2229 1787 aut
2267 1734 2354 1804 qui
2397 1734 2535 1789 foeda
2578 1746 2749 1790 morte
2788 1736 2896 1791 cito
2935 1753 3054 1791 eum
3098 1739 3305 1806 rapuit,
3342 1755 3497 1808 quem
3538 1741 3714 1795 sciunt

2135 1843 2359 1881 omnes:
2390 1827 2475 1881 hic
2505 1829 2555 1881 in
2580 1828 2785 1882 Joanne
2809 1871 2822 1889 ,
2852 1830 3109 1899 sacrilego
3131 1872 3143 1891 .
3180 1840 3235 1883 ut
3260 1831 3437 1884 dicitis
3460 1873 3474 1894 ,
3508 1833 3708 1901 aliquid

2137 1916 2325 1971 horum
2351 1928 2561 1988 patrare
2586 1935 2690 1973 non
2712 1920 2901 1984 valuit;
2934 1920 3027 1974 sed
3058 1920 3157 1973 hoc
3187 1930 3241 1974 et
3270 1921 3360 1974 illo
3387 1920 3630 1991 indiguit,
3655 1932 3712 1977 ttt

2135 2009 2392 2063 Joannem
2421 2024 2540 2063 cum
2569 2011 2854 2078 ignominia
2883 2011 3197 2077 expelleret,
3223 2012 3388 2064 multo
3416 2012 3532 2080 plus
3556 2028 3621 2067 ex
3647 2028 3714 2068 eo

2134 2102 2317 2171 gloria:
2346 2102 2445 2170 ipsi
2475 2101 2802 2155 concilians?
2846 2103 3037 2155 Errant
3066 2103 3252 2171 igitur,
3286 2103 3390 2155 vim
3419 2103 3565 2158 verbi
3596 2103 3712 2173 ejus

2136 2195 2453 2249 nescientes.
2485 2194 2785 2264 Sacrilegus
2808 2194 2948 2248 enim
2978 2194 3066 2247 ille
3097 2195 3308 2263 proprie
3337 2204 3419 2248 est
3439 2235 3454 2259 ,
3484 2210 3586 2248 non
3618 2196 3710 2265 qui

2136 2300 2322 2339 aurum
2344 2326 2358 2348 ,
2390 2293 2481 2338 aut
2522 2294 2834 2354 argentum,
2865 2294 2953 2337 aut
2981 2295 3155 2337 vcstcs
3180 2292 3375 2336 sericas
3394 2325 3410 2349 ,
3445 2286 3708 2338 tinearum

2135 2377 2337 2442 cibum,
2361 2377 2681 2447 pauperibus
2702 2376 2987 2445 elui-gitur;
3020 2375 3111 2429 sed
3134 2375 3218 2444 qui
3250 2377 3489 2443 pecunia,
3509 2386 3599 2429 aut
3618 2393 3709 2431 as-

2135 2468 2433 2522 sentatione
2456 2509 2469 2532 ,
2500 2476 2592 2521 aut
2618 2468 2789 2535 epulis
2818 2467 3113 2521 doctrinam
3144 2467 3445 2521 Servatoris
3471 2477 3525 2522 et
3568 2485 3709 2537 pra:-

2135 2568 2286 2631 cepta
2316 2558 2530 2622 vendit;
2553 2558 2746 2613 deinde
2779 2558 2869 2628 qui
2906 2573 3117 2611 sacrum
3148 2558 3319 2611 virum
3351 2559 3455 2611 vita
3496 2568 3550 2612 et
3592 2560 3708 2613 elo-

2135 2651 2350 2721 quentia
2376 2660 2620 2704 ornatum
2646 2650 2896 2715 divexat,
2929 2665 3022 2718 per
3052 2664 3211 2719 quem
3247 2649 3515 2712 Servator.
3547 2651 3712 2705 veluti

2137 2760 2234 2814 per
2255 2754 2516 2798 craterem
2543 2752 2597 2797 et
2622 2758 2714 2797 vas
2742 2743 3052 2811 pretiosum,
3085 2742 3231 2795 verbi
3258 2743 3583 2797 amatoribus
3612 2743 3708 2796 ad-

2133 2836 2369 2905 jumcnta
2394 2836 2578 2887 salutis
2606 2833 2939 2902 propinabat.
2976 2833 3050 2886 Illi
3082 2833 3238 2900 igitur
3262 2832 3503 2901 Sacrilegi
3526 2834 3709 2886 dican-

2138 2934 2242 2987 tur,
2262 2924 2350 2993 qui
2371 2923 2713 2992 apostolicam
2738 2920 3027 2974 Ecclesiam
3052 2922 3337 2988 deprtedati
3359 2932 3500 2987 sunt,
3521 2923 3714 2979 talibus

2138 3031 2253 3069 eam
2302 3015 2600 3083 pastoribus
2635 3013 2959 3081 spoliantes,
3002 3022 3055 3065 et
3100 3013 3460 3068 ordinationes
3490 3017 3711 3083 pecunia

2140 3106 2458 3169 vendentes,
2491 3104 2554 3157 ad
2586 3118 2719 3173 quos
2742 3103 2960 3171 jamjam
2994 3104 3267 3171 perveniet
3302 3103 3479 3157 divina
3506 3104 3709 3173 justitia

2139 3198 2204 3251 ad
2229 3197 2655 3253 emendationem
2686 3196 2917 3263 ipsorum
2952 3196 3322 3264 improbitatis.
3356 3196 3413 3251 Si
3442 3197 3585 3251 enim
3620 3199 3711 3269 qui

2138 3290 2308 3360 legem
2334 3290 2526 3361 Moysis
2552 3288 2919 3343 adulterabant
2951 3304 3043 3356 per
3070 3289 3285 3341 nimiam
3314 3289 3709 3359 negligentiam,

2137 3399 2168 3438 e
2193 3384 2391 3451 templo
2417 3400 2445 3435 a
2475 3383 2762 3438 SerVatore
2787 3383 2940 3450 ejecti
2972 3391 3096 3436 sunt
3119 3398 3238 3436 cum
3270 3382 3498 3452 ﬂagello,
3522 3394 3574 3438 et
3594 3387 3712 3453 qui-

2137 3475 2257 3530 dem
2280 3491 2310 3529 e
2331 3474 2596 3539 funiculis,
2619 3473 2739 3544 quia
2769 3474 2909 3527 intus
2935 3474 3204 3527 columbas
3233 3474 3564 3529 vendebant:
3586 3475 3711 3544 quid

2139 3567 2210 3622 illi
2240 3583 2379 3621 nunc
2411 3567 2613 3635 passuri
2646 3574 2789 3629 sunt,
2821 3566 2908 3633 qui
2950 3576 3316 3633 cauponantur
3353 3566 3478 3618 novi
3520 3564 3711 3619 Testa—

2139 3658 2301 3713 menti
2328 3656 2705 3717 sacerdotium,
2733 3656 2832 3709 nisi
2863 3663 2970 3708 uta
3002 3664 3268 3722 pastorum
3299 3655 3537 3724 principe
3567 3656 3710 3724 virga

2143 3734 2323 3788 ferrea
2351 3733 2745 3787 conterantur?
2775 3741 2833 3786 ut
2861 3735 2936 3788 ait
2957 3738 3257 3805 Apostolus
3287 3757 3300 3792 :
3336 3739 3438 3806 Qui
3462 3742 3622 3796 violat
3647 3743 3721 3797 le-

2137 3839 2251 3893 gem
2274 3822 2494 3893 Moysis,
2529 3822 2721 3893 absque
2743 3825 3106 3879 misericordia
3146 3827 3241 3881 sub
3275 3828 3478 3884 duobus
3501 3842 3595 3886 aut
3618 3836 3721 3887 tri-

2139 3916 2235 3969 bus
2257 3916 2471 3969 testibus
2492 3916 2739 3969 moritur.
2764 3916 2977 3982 Quanto
3003 3922 3203 3986 putatis
3230 3923 3500 3978 acerbiore
3525 3926 3720 3996 dignus

2135 4010 2433 4065 censebitur
2460 4024 2610 4076 paena
2641 4011 2732 4079 qui
2758 4010 2853 4063 Dei
2894 4008 3096 4065 Filium
3126 4016 3452 4070 conculcavit
3476 4059 3488 4079 ,
3521 4030 3568 4071 et
3596 4039 3721 4077 san-

2135 4103 2344 4173 guinem
2382 4101 2703 4155 Testamenti
2736 4102 2996 4169 pollutum
3017 4106 3363 4169 existimavit,
3390 4112 3441 4163 in
3471 4128 3572 4180 quo
3595 4130 3722 4166 san-

2137 4196 2405 4263 ctiﬁcatus
2427 4204 2528 4258 est,
2552 4205 2600 4249 et
2630 4193 2888 4263 Spiritum
2921 4198 3107 4266 gratiae
3140 4202 3460 4255 contumelia
3496 4205 3671 4272 a/I‘ecil
3694 4210 3720 4261 .’

2139 4287 2347 4340 Scimus
2379 4287 2517 4339 enim
2543 4286 2632 4355 qui
2660 4284 2822 4339 dicit:
2848 4286 2983 4339 Mihi
3009 4291 3260 4348 vindicm.
3285 4307 3377 4360 ego
3406 4295 3717 4360 retribuam,

2139 4379 2265 4432 dicit
2297 4376 2569 4430 Dominus.
2599 4374 2937 4430 Horrendum
2961 4389 3037 4432 est
3060 4380 3291 4434 incidere
3312 4386 3369 4435 in
3394 4401 3584 4439 murms
3621 4387 3717 4447 Dei

2138 4473 2351 4527 viventis
2377 4470 2549 4541 (Rom.
2580 4469 2789 4537 12.19;
2819 4470 2980 4525 Hebr.
3013 4473 3097 4526 10.
3117 4473 3274 4528 28-51
3302 4478 3338 4541 ).
3368 4477 3510 4532 Deus
3532 4491 3717 4535 autem

2138 4574 2227 4643 qui
2259 4572 2398 4625 hunc
2425 4571 2569 4637 pium
2591 4576 2644 4620 et
2662 4575 2902 4619 sanctum
2931 4573 3220 4633 pastorem,
3244 4569 3298 4614 et
3318 4558 3535 4628 justitim
3560 4558 3713 4611 lumi‘

2140 4679 2269 4718 nare
2296 4658 2608 4731 glorificavit
2628 4697 2642 4721 ,
2670 4657 2760 4710 det
2800 4656 2913 4724 ipse
2952 4654 3103 4708 nobis
3134 4661 3337 4721 partem
3368 4660 3423 4704 ct
3448 4648 3710 4704 liereditao

2139 4764 2245 4808 tem
2273 4767 2393 4806 cum
2435 4751 2525 4803 illo
2568 4749 2807 4801 invenire
2848 4746 2898 4799 in
2944 4742 3220 4798 tremendo
3255 4741 3381 4812 justi
3422 4740 3603 4809 judicii
3633 4736 3710 4791 sui

2136 4845 2225 4900 die
2250 4863 2263 4899 ;
2288 4844 2371 4898 cui
2400 4840 2658 4910 competit
2681 4838 2869 4908 gloria,
2899 4837 3085 4896 honor,
3119 4833 3371 4903 majestas
3398 4843 3447 4885 et
3476 4830 3707 4899 magnifi-

2139 4938 2339 5000 centia,
2367 4934 2504 4988 l’atri
2530 4941 2586 4987 et
2611 4930 2745 4985 Filio
2771 4938 2826 4983 et
2855 4927 3073 4997 Spiritui
3100 4933 3307 4988 sancto,
3340 4937 3478 4978 nunc
3500 4931 3552 4976 et
3577 4934 3710 4975 sem-

2143 5046 2258 5099 per,
2287 5039 2339 5083 et
2366 5028 2417 5081 in
2446 5024 2637 5081 saecula
2664 5023 2998 5079 sa'culorum.
3029 5019 3218 5073 Amen.
