4122 6386
365 396 434 451 85
1365 439 1371 445 .
1530 388 1708 445 NUNC
1748 389 2005 447 PRIMUM
2046 391 2437 449 ADORNATA.
3563 397 3630 454 86

364 505 465 561 fert
493 504 765 572 Socrates,
790 506 875 573 qui
910 505 1078 575 pergit
1108 513 1160 558 et
1184 504 1256 557 ait
1288 520 1299 559 :
1336 522 1353 553 ι
1390 502 1455 557 Et
1482 503 1542 557 ol:
1584 504 1709 556 vitm
1749 504 1941 557 sancti-

367 599 598 650 moniam
629 612 732 649 non
758 598 827 650 ita
855 606 1042 649 cantus
1066 596 1205 649 circa
1231 594 1402 647 futura
1426 594 1521 659 ;ob
1552 592 1941 662 simplicitatem

364 702 492 742 vero
510 687 655 740 aditu
687 686 871 739 facilis.
904 685 1190 739 lmmodica
1234 689 1393 737 etiam
1442 684 1651 739 dicendi
1699 683 1943 737 libertate

364 782 416 834 in
449 778 729 848 colloquiis
758 779 1021 832 utebatur.
1042 776 1111 831 Et
1136 778 1186 831 in
1218 776 1457 831 docendo
1481 774 1693 846 quidem
1722 776 1942 829 multum

358 871 581 941 juvabat
607 872 672 923 ad
696 868 1059 924 informandos
1082 868 1380 922 auditorum
1405 867 1674 929 mores;in
1693 881 1943 934 congres-

364 963 510 1016 sibus
531 977 656 1015 vero
676 961 1009 1029 arrogantior
1033 959 1309 1014 videbatur
1330 959 1393 1012 iis
1418 958 1506 1028 qui
1526 958 1687 1027 ipsius
1709 957 1943 1010 animum

363 1068 471 1107 non
498 1061 773 1106 noverant.
813 1070 833 1102 ι

437 1140 562 1197 Πωο
609 1142 848 1195 fortassis
900 1140 1172 1195 acerbiora
1218 1139 1533 1193 videbuntur
1586 1154 1707 1193 esse
1749 1140 1813 1193 iis
1856 1140 1943 1208 qui

371 1234 732 1305 flhrysostomi
758 1233 1111 1303 eloquentiam
1143 1243 1195 1285 et
1221 1232 1382 1284 animi
1414 1232 1826 1300 magnitudinem
1856 1231 1947 1283 mi-

366 1336 585 1380 rantur:
621 1340 801 1379 verum
833 1325 883 1376 in
911 1324 1108 1377 sanctis
1140 1323 1280 1375 illam
1310 1322 1498 1391 agendi
1530 1323 1835 1377 varietatem
1858 1322 1947 1375 ob-

372 1433 670 1473 servamus.
702 1417 805 1469 Alii
835 1430 1060 1483 namque
1088 1414 1385 1468 divinarum
1424 1430 1599 1467 rerum
1644 1414 1817 1468 studio
1861 1413 1943 1467 in-

365 1511 531 1573 rensi,
564 1524 667 1561 non
697 1507 870 1561 habita
900 1517 1198 1575 temporum
1248 1519 1699 1574 personarumque
1739 1506 1945 1558 ratione

366 1604 430 1654 ad
477 1617 653 1654 mores
694 1598 1053 1653 iuformandos
1098 1597 1337 1650 feruntur
1379 1597 1648 1650 ardentius
1698 1614 1710 1648 :
1759 1596 1847 1649 alii
1890 1604 1947 1649 ut

374 1692 658 1746 dissolutos
682 1700 1021 1759 compescant
1052 1703 1226 1743 mores
1251 1688 1491 1741 doctrina
1532 1687 1688 1740 simul
1726 1696 1945 1740 utuntur

370 1793 419 1836 8|.
440 1793 575 1835 arte.

441 1873 691 1927 Oratoria:
723 1873 821 1925 arti
853 1882 900 1925 et
928 1870 1262 1942 philosOphia:
1281 1870 1366 1922 dat
1388 1885 1613 1937 operam.
1645 1897 1697 1908 ——
1747 1868 1800 1921 ln
1830 1868 1942 1921 clo-

370 1965 582 2033 quentia
624 1974 677 2017 et
712 1963 942 2017 oratoria
990 1974 1104 2016 arte
1125 1962 1394 2015 docwrem
1426 1960 1608 2013 habuit
1646 1960 1941 2024 Libanium,

368 2059 421 2112 in
448 2057 777 2127 philosophia
810 2072 938 2110 vero
978 2054 1419 2125 Andragatbium,
1450 2061 1698 2107 narrante
1726 2053 1944 2108 Socrate

373 2149 606 2220 (Pallad.
633 2165 683 2216 p.
717 2146 841 2200 240.
894 2146 1040 2200 Socr.
1072 2145 1109 2198 ι.
1144 2145 1197 2211 6,
1227 2161 1273 2197 c.
1306 2143 1383 2214 5).
1419 2144 1565 2198 Licet
1592 2159 1753 2213 porro
1791 2154 1913 2198 ante

367 2257 526 2311 quam
567 2240 881 2309 vigesimum
933 2253 1129 2291 annum
1171 2238 1452 2307 attigisset,
1503 2236 1569 2290 de
1620 2236 1944 2305 capessenda

370 2336 472 2387 vita
501 2334 789 2386 umnastica
817 2346 959 2400 sarpe
983 2331 1255 2400 cogitaret,
1298 2329 1577 2394 abductus,
1617 2340 1677 2383 ut
1715 2329 1941 2394 videtur,

367 2427 434 2480 ab
455 2426 698 2478 oratoriae
739 2427 868 2478 artis
914 2433 967 2476 et
1013 2422 1365 2491 pllilOSOphitB
1415 2421 1610 2487 studio,
1658 2420 1944 2474 theatrales

370 2517 522 2570 ludos
546 2516 881 2583 frequentare
902 2514 1083 2581 coepit,
1114 2523 1167 2567 et
1196 2513 1248 2565 in
1299 2512 1414 2565 foro
1444 2512 1733 2565 oratoriam
1775 2522 1941 2564 artem

367 2611 622 2664 exercuit.
660 2608 1077 2660 Declmnationes
1103 2605 1285 2659 habuit
1326 2605 1518 2659 multas
1570 2603 1725 2672 (Isid.
1772 2603 1939 2660 Peius.

370 2700 454 2754 lib.
479 2702 534 2754 2.
561 2702 708 2769 epist.
740 2700 809 2753 42
834 2704 850 2766 )
881 2741 894 2763 ,
926 2713 1189 2766 unamque
1219 2698 1361 2750 misit
1389 2698 1608 2752 Libanio
1656 2698 1707 2749 in
1736 2696 1942 2750 laudem

369 2795 747 2862 imperatorum
774 2790 1165 2854 concinnatam,
1207 2805 1363 2857 quam
1404 2789 1473 2842 ita
1513 2789 1747 2843 celebrat
1788 2788 1945 2841 Liba-

369 2886 487 2939 nius
519 2903 532 2937 :
572 2902 590 2935 ι
625 2882 755 2937 Cum
786 2897 1030 2952 magnam
1062 2889 1203 2935 tuam
1233 2889 1287 2935 et
1313 2881 1608 2950 elegantem
1648 2874 1945 2933 orationem

368 2977 717 3047 accepissem,
746 2976 873 3029 viris
894 2974 1205 3046 quibusdam
1234 2989 1349 3027 eam
1378 2973 1477 3042 legi
1496 3014 1511 3037 ,
1553 2973 1641 3042 qui
1684 2972 1943 3025 orationi-

369 3073 469 3128 bus
497 3074 624 3126 dant
649 3085 865 3141 operam
897 3088 909 3122 :
939 3084 1163 3139 quorum
1195 3068 1373 3121 nullus
1394 3074 1511 3120 erat
1537 3067 1625 3135 qui
1655 3081 1758 3119 non
1788 3066 1946 3118 salta-

368 3170 470 3222 ret.
499 3161 787 3215 clamorem
813 3159 1013 3221 ederet,
1035 3173 1201 3226 eaque
1225 3158 1401 3210 omnia
1426 3156 1642 3219 faceret,
1686 3171 1804 3223 qua:
1852 3154 1948 3207 lio-

370 3254 540 3307 mines
570 3251 930 3306 admiratione
955 3249 1179 3318 perculsi
1207 3247 1383 3301 facere
1411 3248 1600 3301 solent.
1634 3245 1747 3315 Ego
1790 3246 1946 3314 igitur

368 3345 639 3414 voluptate
664 3343 881 3396 affectus
905 3357 1043 3402 sum,
1073 3339 1213 3409 quod
1239 3339 1307 3392 ad
1330 3338 1597 3393 forensem
1640 3346 1807 3391 artem
1855 3353 1947 3389 ex-

371 3437 651 3491 hibendam
685 3433 1166 3489 demonstrationes
1216 3445 1425 3500 quoque
1467 3429 1742 3499 adjungas.
1787 3428 1946 3497 Atqui

370 3539 424 3584 et
456 3539 504 3582 te
525 3528 732 3581 beatum
765 3525 1017 3595 prmdico,
1039 3524 1126 3593 qui
1176 3522 1243 3576 ad
1286 3522 1427 3575 hunc
1465 3520 1680 3574 modum
1729 3519 1947 3573 laudare

371 3634 564 3689 queas;
598 3621 825 3687 itemque
850 3632 945 3671 eos
969 3617 1056 3687 qui
1086 3615 1243 3669 talem
1274 3628 1575 3684 prmconem
1605 3612 1746 3667 nacti
1790 3620 1944 3677 sunt;

373 3713 474 3766 hoc
500 3721 581 3764 est
601 3719 654 3763 et
685 3718 911 3777 patrem,
939 3707 1027 3777 qui
1054 3706 1338 3775 Imperium
1368 3702 1535 3768 dedit,
1583 3713 1635 3757 et
1680 3702 1817 3758 filios
1858 3703 1947 3772 qui

372 3810 707 3871 acceperunt.
747 3819 765 3851 ι

443 3890 625 3959 Neque
653 3890 846 3942 mirum
872 3886 1134 3941 videbitur
1180 3886 1243 3940 iis
1288 3886 1377 3955 qui
1422 3885 1510 3940 vel
1559 3885 1947 3954 extemporales

370 3981 733 4051 Chrysostomi
765 3978 933 4032 nostri
960 3978 1227 4031 orationes
1255 3976 1473 4030 laudant
1500 3985 1554 4030 et
1582 3975 1869 4038 celebrant,
1902 3977 1947 4029 si

371 4072 541 4123 oratio
566 4069 770 4133 islhtcc,
804 4083 955 4138 quam
981 4078 1095 4120 arte
1130 4076 1183 4120 et
1211 4067 1511 4120 urbanitate
1539 4066 1832 4127 limaverat,
1860 4064 1948 4117 Li-

372 4160 530 4214 banio
567 4159 880 4227 ett-terisque
908 4158 1209 4211 oratoribus
1247 4158 1317 4209 ita
1348 4156 1621 4226 placuerit.
1651 4155 1706 4208 ln
1732 4156 1796 4208 iis
1821 4170 1947 4210 vero

372 4253 555 4317 etiam,
591 4266 724 4321 quas
752 4249 929 4303 studio
954 4249 1120 4302 multo
1163 4247 1464 4309 concinnat,
1508 4246 1648 4300 nulla
1699 4260 1945 4314 umquam

371 4346 602 4415 suSpicio
627 4343 972 4414 apparitionis
992 4341 1360 4396 etartiticioste
1380 4340 1666 4409 diligentia:
1689 4340 1943 4404 nascitur,

371 4438 509 4509 quod
532 4445 615 4492 est
637 4437 863 4490 oratoris
890 4435 1084 4489 summi
1114 4448 1327 4487 munus.

441 4528 570 4593 Qua:
594 4541 723 4580 vero
744 4536 922 4579 narrat
944 4525 1360 4596 Chrysostomus
1383 4524 1434 4575 in
1465 4523 1600 4576 libro
1626 4523 1691 4576 ad
1724 4522 1945 4577 Viduam

369 4619 634 4687 juniorem
663 4617 729 4671 Τ.
776 4613 818 4679 1,
858 4616 961 4667 col.
1001 4619 1124 4678 601.
1155 4617 1221 4670 de
1258 4615 1479 4670 Libanio
1524 4615 1703 4670 forsan
1752 4617 1947 4669 intelli-

368 4708 539 4775 genda
567 4708 865 4762 videantur.
895 4708 982 4760 Ait
1018 4707 1106 4759 ille
1128 4706 1402 4760 doctorem
1437 4722 1612 4772 suum,
1644 4706 1734 4776 qui
1763 4706 1947 4760 admo-

368 4800 494 4854 dum
526 4800 925 4869 superstitiosus
946 4809 1061 4853 erat
1095 4808 1251 4867 atque
1295 4798 1534 4866 gentilis,
1566 4798 1822 4869 quosdam
1868 4801 1947 4853 iu-

371 4899 671 4961 terrogasse
702 4891 976 4959 cujnsnam
1004 4890 1139 4943 filius
1165 4901 1301 4944 esset
1344 4889 1595 4945 Joannes.
1638 4890 1948 4959 Responde—

370 4994 493 5035 runt
521 4982 617 5047 illi,
654 4981 835 5034 Vidua:
862 4980 1137 5049 cujusdam
1168 4996 1285 5034 esse
1307 4980 1493 5034 ﬁlium.
1523 4980 1659 5035 Tum
1681 4980 1770 5035 ille
1795 4997 1943 5049 qua:-

368 5075 511 5139 sivit,
539 5073 691 5143 cujus
716 5073 889 5126 aetatis
912 5082 1052 5126 esset
1097 5082 1286 5135 mater,
1316 5080 1370 5125 et
1394 5088 1423 5125 a
1465 5082 1661 5141 quanto
1708 5082 1946 5141 tempore

370 5165 523 5218 vidua
554 5174 718 5220 esset.
745 5164 1025 5232 Reponunt
1053 5163 1128 5216 illi
1164 5163 1509 5232 quadraginta
1537 5178 1799 5218 annorum
1828 5180 1945 5218 esse

369 5266 616 5319 matrem,
655 5267 707 5309 et
742 5256 851 5326 jam
900 5255 1209 5323 vigesimum
1250 5255 1518 5308 viduitatis
1547 5271 1742 5309 annum
1767 5271 1942 5325 agere.

368 5346 519 5400 Tunc
568 5347 828 5401 exclamat
876 5345 967 5399 ille
1009 5362 1022 5397 :
1057 5345 1241 5414 Papus,
1284 5345 1468 5414 quales
1508 5346 1756 5399 mulieres
1807 5345 1945 5414 apud

368 5439 699 5494 Christianos
727 5441 883 5493 sunt!
908 5439 1098 5501 Tanta,
1151 5438 1322 5507 pergit
1373 5438 1808 5508 Chrysostomus,
1838 5455 1940 5491 non

371 5533 529 5587 modo
556 5532 692 5601 apud
722 5548 840 5597 nos,
869 5532 962 5588 sed
1015 5533 1175 5587 ctiam
1223 5531 1362 5602 apud
1407 5532 1631 5600 gentiles
1675 5532 1943 5586 viduitatis

370 5628 483 5681 laus
512 5635 593 5681 est
620 5635 674 5681 et
693 5626 991 5683 admiratio.

440 5716 630 5771 Narrat
657 5717 915 5785 Georgius
954 5716 1373 5784 Alexandrinus,
1402 5717 1659 5772 Joannem
1702 5727 1941 5772 nostrum

366 5806 586 5875 juvenili
614 5819 768 5863 actate
811 5809 1110 5872 ﬂorentem,
1139 5809 1375 5864 Athenas
1414 5826 1472 5864 se
1522 5810 1829 5879 contulisse,
1876 5819 1931 5865 ut

692 5940 961 5998 pATBOL.
1012 5938 1127 5997 Gn.
1174 5935 1426 5996 XLVII.

2061 519 2126 559 ne
2151 505 2274 575 quid
2318 506 2371 561 in
2419 506 2594 561 studio
2633 506 3028 578 disciplinarum
3079 519 3224 565 retro
3274 510 3627 581 relinqueret;

2054 602 2211 663 atque
2238 597 2290 649 in
2323 597 2420 650 ista
2453 597 2580 650 urbe
2623 598 2693 651 ita
2733 597 3043 667 profecisse,
3085 609 3143 654 ut
3185 615 3371 655 omnes
3411 604 3630 660 omnino

2051 697 2349 754 superaret,
2371 704 2421 740 ιη
2441 703 2605 758 seque
2621 688 2912 745 concitaret
2928 690 3329 745 Atheniensium
3356 692 3627 747 invidiam.

2051 773 2248 833 Verum
2283 780 2392 833 haec
2423 790 2601 835 narrat
2627 796 2760 835 unus
2789 783 2875 837 ille
2903 781 3159 853 Georgius
3176 783 3451 852 fabulator,
3471 801 3630 855 quem

2052 878 2233 924 monet
2271 870 2492 924 Photius
2538 873 2755 925 omnino
2802 871 3198 942 despiciendam
3243 889 3381 939 esse,
3419 876 3631 943 quando

2051 963 2252 1018 scilicet
2275 979 2337 1019 ea
2368 963 2673 1033 refert,quae
2689 980 2718 1018 a
2740 966 2945 1020 caeteris
2964 965 3310 1034 scriptoribus
3330 982 3443 1022 aevo
3455 965 3627 1039 Chry-

2051 1054 2268 1106 sostomi
2296 1055 2569 1122 proximis,
2594 1070 2697 1109 non
2727 1064 3107 1111 memorantur.

2127 1146 2166 1197 Α
2193 1144 2384 1199 Basilio
2404 1147 2589 1217 juvene
2610 1148 2677 1201 ad
2699 1149 2931 1219 pietatem
2952 1150 3216 1218 pristinam
3257 1159 3530 1206 revocatur.
3558 1180 3629 1193 —-

2053 1237 2179 1291 Erat
2207 1255 2364 1308 porro
2390 1239 2465 1293 illi
2497 1255 2616 1294 cum
2640 1240 2833 1310 juvene
2857 1242 3103 1310 quodam,
3140 1241 3225 1296 cui
3253 1256 3443 1297 nomen
3474 1243 3626 1297 Basi-

2053 1330 2171 1393 lius,
2199 1342 2341 1384 arcta
2372 1331 2758 1400 colloquiorum
2789 1332 3014 1385 societas
3055 1331 3163 1400 (De
3183 1332 3475 1387 Sacerdotio
3505 1331 3542 1387 ι.
3574 1334 3627 1387 1.

2057 1439 2103 1475 c.
2132 1424 2187 1491 4)
2220 1440 2233 1476 :
2263 1424 2351 1492 qui
2381 1410 2608 1479 Basilius
2634 1423 2951 1479 Christianis
2978 1425 3209 1480 imbutus
3236 1425 3542 1495 prmceptis,
3576 1437 3631 1481 et

2050 1514 2115 1567 ad
2146 1513 2432 1584 perfectius
2453 1517 2575 1570 vita:
2600 1531 2765 1584 genus
2797 1516 3072 1579 anhelans,
3098 1516 3163 1571 ad
3189 1532 3368 1586 parem
3394 1518 3514 1572 vitae
3540 1533 3629 1573 ra-

2053 1605 2247 1658 tionem
2277 1605 2531 1659 Joannem
2558 1608 2784 1662 amicum
2810 1607 3025 1663 allicere
3053 1617 3107 1662 et
3131 1624 3159 1661 a
3200 1607 3317 1663 foro
3353 1609 3628 1665 retrahere

2051 1697 2440 1752 contendebat:
2465 1698 2781 1769 demumque
2806 1699 2856 1753 id
2886 1699 3025 1769 quod
3049 1700 3295 1769 cupiebat
3312 1710 3627 1770 assequutus

2051 1799 2131 1842 est
2163 1789 2391 1860 (Sozam.
2420 1791 2510 1844 lib.
2564 1791 2616 1845 8.
2649 1807 2694 1844 c.
2727 1788 2807 1861 2).
2838 1790 3005 1861 Hujus
3035 1792 3178 1846 enim
3226 1791 3501 1861 colloquiis
3535 1807 3625 1846 re-

2049 1892 2260 1935 creatus
2287 1882 2519 1937 Joannes
2536 1898 2594 1938 se
2622 1886 2687 1937 ad
2713 1884 2935 1954 pristina
2967 1884 3175 1952 pietatis
3209 1883 3380 1937 studia
3411 1898 3627 1939 revoca-

2050 1972 2124 2023 vit
2157 1971 2328 2042 (Socr.
2354 1974 2389 2025 l.
2419 1972 2472 2027 6.
2505 1990 2551 2025 ο.
2580 1974 2633 2042 5)
2662 1991 2675 2027 :
2704 1987 2767 2027 ac
2806 1981 3006 2028 mutata
3029 1982 3175 2028 veste
3201 1989 3229 2026 a
3260 1975 3372 2027 foro
3406 1982 3458 2027 et
3501 1989 3628 2027 ora-

2051 2064 2201 2117 toria:
2228 2064 2358 2117 artis
2386 2064 2651 2119 exercitiis
2678 2063 2950 2130 abstinuit,
2978 2059 3367 2132 lectionemque
3391 2062 3629 2134 Scriptuo

2050 2170 2225 2208 rarum
2268 2164 2323 2209 et
2359 2155 2669 2209 Christianae
2705 2157 2825 2209 vita:
2851 2153 3023 2209 officia
3051 2154 3342 2225 amplexus,
3385 2162 3626 2208 sanctum

2050 2246 2344 2314 disciplinae
2390 2261 2591 2315 genus,
2634 2261 2663 2299 a
2702 2261 2806 2316 quo
2843 2261 3127 2317 numquam
3173 2254 3354 2313 postea
3399 2244 3627 2309 destitit,

2051 2339 2182 2393 inire
2211 2339 2393 2409 erepit.

2120 2406 2417 2501 Baptizatur
2461 2440 2506 2484 et
2552 2431 2729 2484 Lector
2771 2406 3031 2484 ordinatur
3076 2446 3209 2483 anno
3253 2430 3446 2484 circiter
3498 2428 3622 2484 569.
3670 2452 3673 2455 ·

2049 2523 2248 2576 —Erat
2274 2533 2396 2575 tunc
2424 2522 2714 2577 Antiochire
2740 2522 3017 2592 episcopus
3034 2521 3269 2576 llleletius
3295 2518 3459 2593 (Pall.
3478 2519 3621 2575 Dial.

2052 2635 2104 2685 p.
2136 2617 2226 2670 40.
2253 2614 2364 2688 At),
2398 2616 2477 2669 vir
2502 2616 2779 2670 sanctitate
2799 2614 3137 2683 conspicuus,
3160 2613 3249 2683 qui
3280 2628 3397 2667 cum
3427 2613 3631 2667 videret

2050 2708 2306 2762 Joannem
2332 2707 2578 2777 juvenem
2616 2706 2829 2775 ingenio
2854 2712 2908 2760 et
2934 2704 3144 2775 egregia
3182 2703 3360 2758 indole
3400 2703 3623 2773 pollere,

2052 2800 2221 2868 ipsum
2242 2797 2307 2852 ad
2335 2797 2659 2852 consortium
2687 2805 2740 2850 et
2767 2795 3027 2865 colloquia
3062 2810 3156 2849 sua
3185 2794 3488 2865 frequenter
3530 2794 3629 2847 adw

2051 2889 2311 2955 mittebat,
2335 2903 2559 2957 cumque
2579 2887 2646 2942 de
2668 2887 2758 2941 illo
2781 2901 3022 2956 magnam
3051 2901 3198 2954 spem
3220 2886 3542 2954 conciperet,
3566 2900 3628 2939 ac

2053 2981 2383 3050 prophetico,
2423 2989 2478 3033 ut
2521 2980 2689 3044 aiunt,
2736 2977 2922 3047 spiritu
2961 2976 3026 3030 ad
3068 2976 3267 3046 majora
3308 2976 3627 3030 destinatum

2053 3081 2429 3143 praenosceret,
2448 3086 2566 3125 cum
2596 3086 2690 3139 per
2719 3079 2825 3123 tres
2851 3083 3018 3123 annos
3054 3082 3232 3122 secum
3259 3076 3497 3120 versatus
3537 3081 3626 3121 CS-

2051 3174 2151 3228 set,
2183 3165 2352 3234 ipsum
2382 3164 2527 3232 prius
2553 3176 2704 3216 sacro
2729 3161 2939 3215 lavacro
2966 3160 3183 3213 tinctum
3211 3159 3457 3213 lectorem
3487 3158 3629 3212 ordi-

2054 3256 2217 3309 navit.
2270 3254 2552 3322 Postquam
2595 3261 2772 3306 autem
2821 3250 3142 3319 baptismum
3186 3250 3409 3318 accepit,
3462 3249 3632 3318 inquit

2054 3343 2337 3409 Palladius,
2380 3356 2662 3411 numquam
2701 3340 2786 3394 vel
2834 3339 3049 3421 juravit,
3097 3338 3177 3392 vel
3214 3337 3434 3406 alicujus
3473 3335 3628 3390 fama:

2051 3437 2297 3500 detraxit,
2328 3434 2410 3488 vel
2438 3435 2708 3497 mentitus,
2731 3433 2810 3487 vel
2842 3438 3161 3502 imprecatus
3185 3440 3283 3494 est,
3304 3431 3385 3486 vel
3412 3429 3629 3484 facetias

2052 3528 2278 3581 libenter
2299 3526 2506 3594 excepit
2533 3523 2694 3593 (Pall.
2721 3523 2857 3576 Dial.
2888 3540 2941 3592 p.
2976 3523 3099 3577 185.
3130 3521 3274 3591 184).

2126 3619 2258 3674 Dum
2291 3618 2466 3671 Basilii
2494 3616 2654 3685 igitur
2678 3615 2948 3670 consortio
2987 3614 3233 3684 frequens
3270 3614 3534 3669 frueretur
3574 3624 3630 3667 et

2051 3712 2208 3765 ambo
2233 3710 2300 3764 de
2329 3710 2489 3764 rebus
2512 3708 2703 3762 divinis
2745 3707 3005 3777 colloquia
3050 3707 3333 3761 miscerent
3370 3706 3483 3777 (De
3523 3705 3629 3761 Sa-

2052 3801 2269 3853 cerdotio
2299 3799 2385 3852 tib.
2421 3799 2497 3869 l),
2528 3813 2591 3853 ac
2618 3797 2850 3853 Joannes
2871 3812 2900 3850 a
2928 3797 3040 3852 foro
3067 3805 3121 3852 et
3166 3797 3506 3852 saecularibus
3531 3812 3629 3867 pe-

2053 3893 2193 3945 nitus
2219 3890 2539 3956 abstractus,
2570 3905 2731 3944 unum
2758 3889 3009 3943 Basilium
3026 3890 3410 3958 frequentaret,
3424 3904 3487 3943 ac
3506 3904 3627 3943 cum

2054 3986 2143 4039 illo
2173 3986 2240 4041 de
2260 3985 2451 4040 divinis
2476 3999 2688 4053 semper
2714 3991 2767 4037 et
2790 3982 2858 4037 de
2883 3984 2991 4036 vita
3027 3982 3317 4036 monastica
3346 3981 3503 4036 verba
3552 3980 3630 4033 fa-

2052 4085 2214 4142 ceret,
2241 4076 2483 4139 Basilius,
2510 4075 2596 4145 qui
2622 4078 2738 4130 sine
2763 4073 2965 4129 Joannc
2991 4089 3092 4127 non
3109 4073 3323 4127 vitalem
3345 4073 3443 4128 sibi
3464 4072 3630 4127 vitam

2052 4185 2171 4224 esse
2200 4168 2437 4239 putabat,
2464 4177 2518 4222 et
2537 4168 2626 4235 qui
2648 4168 2839 4236 srepius
2861 4168 2927 4221 ab
2956 4166 3070 4235 ejus
3095 4165 3445 4220 contubernio
3470 4164 3629 4220 avelli

2052 4259 2358 4328 cogebatur,
2386 4257 2578 4313 Joanni
2598 4257 2889 4327 proposuit,
2920 4265 2979 4310 ut
3006 4256 3162 4310 ambo
3186 4256 3417 4325 paternis
3431 4256 3631 4311 relictis

2052 4350 2272 4412 :edibus,
2305 4350 2356 4402 in
2387 4349 2639 4418 peculiari
2664 4347 2888 4417 quadam
2917 4346 3078 4401 domo
3098 4347 3251 4401 sedes
3274 4356 3553 4418 ponerent,
3576 4356 3632 4401 et

2052 4440 2209 4494 simul
2238 4440 2401 4493 vitam
2439 4439 2697 4494 ducerent
2724 4438 3029 4491 monasticae
3058 4438 3305 4492 similem.
3335 4437 3627 4493 Consilium

2055 4530 2263 4585 tandem
2295 4530 2536 4599 probavit
2558 4528 2822 4593 Joannes;
2864 4528 2955 4582 sed
3002 4544 3059 4582 re
3102 4539 3371 4599 comperta
3413 4528 3631 4583 Joannis

2053 4631 2242 4689 mater,
2263 4638 2379 4691 quae
2402 4622 2611 4675 unicum
2644 4620 2808 4673 tilium
2838 4620 3121 4673 admodum
3141 4620 3411 4691 diligebat,
3454 4623 3627 4691 ipsum

2052 4713 2280 4782 profusis
2305 4712 2553 4783 lacrymis
2583 4712 2774 4765 obnixe
2806 4720 3049 4780 precatur
3086 4727 3153 4766 ne
3178 4728 3235 4767 se
3264 4712 3492 4780 deserat,
3526 4728 3632 4770 nec

2053 4818 2111 4858 se
2126 4804 2297 4858 vidum
2322 4812 2375 4857 ct
2404 4812 2508 4856 tam
2538 4804 2672 4857 bene
2697 4802 2897 4856 allectre
2928 4804 3112 4857 matris
3141 4805 3461 4859 consortium
3480 4806 3633 4861 alteri

2054 4905 2354 4964 postponat,
2386 4895 2448 4947 iis
2476 4908 2569 4948 usa
2596 4893 2791 4957 verbis,
2824 4908 2940 4962 quae
2967 4892 3378 4963 Chrysostomus
3407 4895 3518 4964 ipse
3544 4912 3623 4949 re-

2054 4985 2173 5047 fert,
2199 5000 2420 5054 quaeque
2444 4983 2738 5053 potuissent
2760 4984 3007 5052 juvenem
3034 4983 3241 5039 Joanne
3277 4985 3453 5039 minus
3496 4984 3621 5041 bene

2054 5076 2297 5131 affectum
2329 5091 2358 5129 a
2405 5075 2679 5147 proposito
2725 5090 2994 5130 revocare.
3044 5075 3225 5129 Matris
3267 5076 3446 5146 itaque
3494 5080 3627 5134 votis

2053 5169 2427 5237 obtemperans
2452 5167 2703 5230 Joannes,
2729 5182 2847 5220 cum
2880 5167 2966 5222 illa
2992 5182 3086 5236 pro
3115 5181 3263 5222 more
3287 5182 3389 5223 suo
3414 5170 3627 5223 mansit.

2126 5260 2180 5313 ln
2210 5269 2447 5314 materna
2470 5260 2644 5330 itaque
2668 5258 2827 5313 domo
2850 5274 2881 5313 a
2903 5260 3125 5329 negotiis
3149 5274 3342 5317 vacans
3365 5262 3627 5316 sreculari-

2052 5350 2151 5405 bus
2184 5350 2463 5421 (Anthusa
2492 5351 2685 5420 quippe
2742 5364 2852 5403 rem
2896 5349 3204 5404 familiarem
3238 5364 3449 5405 omnem
3478 5366 3628 5406 cura-

2054 5443 2201 5511 bat),
2232 5441 2463 5496 Joannes
2487 5441 2684 5495 divinre
2716 5450 2917 5494 tantum
2950 5439 3297 5510 philosophia:
3320 5441 3477 5498 dabat
3504 5457 3627 5514 ope.

2051 5550 2163 5588 ram
2184 5575 2198 5598 ,
2232 5547 2425 5601 corpus
2450 5546 2724 5586 macerans
2767 5531 3012 5601 jejuniis,
3059 5530 3268 5600 vigiliis,
3292 5530 3449 5587 humi
3482 5545 3610 5593 recu

2051 5628 2183 5680 bans
2202 5668 2214 5688 ,
2248 5640 2438 5694 pravos
2476 5624 2693 5679 affectus
2730 5639 2917 5679 omnes
2942 5624 3220 5679 eliminans
3240 5666 3255 5691 ,
3282 5641 3429 5680 vana:
3452 5625 3635 5695 gloria:

2053 5721 2251 5773 fumum
2295 5717 2567 5785 depellens
2605 5725 2658 5772 et
2700 5716 2981 5788 dissipans.
3011 5716 3227 5787 Lingua:
3268 5733 3394 5773 vero
3419 5732 3486 5772 ne
3507 5717 3635 5787 quid

2053 5818 2234 5863 contra
2284 5808 2577 5876 proximum
2641 5808 2761 5861 mali
2812 5808 3104 5876 proferret,
3149 5809 3389 5878 perpetui
3441 5806 3633 5864 silentii

3130 6002 3133 6007 θ
3228 5912 3271 5978 9
