4122 6386
481 333 548 399 ἔἹ
1558 348 1616 404 S.
1647 349 1923 407 JOANNIS
1961 351 2438 411 CHRYSOSTOMI
2479 356 2657 424 VlTA,
3676 368 3743 419 38

476 456 704 511 'ctaustra
761 466 1035 525 posuerat;
1105 461 1366 515 neminem
1421 462 1613 532 quippe
1667 465 2050 536 alloquebatur.

471 545 616 600 ‘llinc
644 546 781 616 apud
806 547 1085 605 honnu’llos
1113 551 1291 620 opinio
1314 560 1428 606 erat
1452 568 1694 622 asperum
1727 555 1872 610 illum
1899 573 2016 613 esse
2039 600 2054 625 ,

471 634 566 703 qui
592 634 876 690 humanam
913 638 1205 708 quamlibet
1247 641 1551 697 societatem
1582 643 1820 714 fugeret:
1852 663 1914 701 ac
1937 662 2057 701 cum

480 725 672 780 similia
703 727 913 796 quidam
941 729 1103 783 multa
1132 729 1427 800 proferrent
1453 743 1506 787 ct
1533 751 1746 790 rumore
1773 739 1957 790 nuntio
2005 739 2057 793 id

479 815 570 870 ille
599 830 702 871 non
730 817 1012 888 ignoraret,
1039 820 1178 875 haud
1205 822 1427 876 libenter
1452 825 1606 878 talem
1631 825 1697 879 de
1721 841 1780 880 se
1807 827 2059 896 suspicio-

475 922 601 961 nem
632 907 812 964 haberi
842 913 1098 980 comperit
1139 928 1153 964 :
1192 914 1374 970 maluit
1403 927 1574 970 tamen
1605 919 1788 974 eadem
1839 936 2057 990 pergere

478 999 562 1053 via
590 1001 1028 1073 solitudinemque
1053 1019 1148 1074 pro
1193 1021 1340 1061 more
1387 1009 1565 1064 colere
1609 1026 1622 1061 :
1668 1022 1917 1080 expertus
1946 1013 2055 1068 for-

483 1099 626 1146 tasse
650 1131 666 1159 ,
696 1091 821 1147 dum
867 1094 918 1147 in
950 1094 1062 1148 foro
1091 1110 1389 1154 versaretur
1409 1139 1424 1164 ,
1477 1100 1564 1155 vix
1598 1116 1754 1171 posse
1783 1103 2055 1158 hominum

475 1183 748 1238 consortio
775 1184 1155 1258 colloquiisque
1181 1187 1473 1258 fruentem,
1505 1191 1558 1248 in
1589 1193 1676 1247 illa
1703 1195 1909 1249 virtutis
1937 1201 2017 1250 via
2037 1236 2052 1262 ,

479 1289 635 1340 quam
661 1274 773 1344 ipse
798 1277 1070 1346 amplexus
1094 1289 1226 1346 erat,
1253 1282 1366 1336 sine
1393 1283 1540 1353 lapsu
1568 1287 1831 1356 progredi.

553 1363 736 1435 Neque
759 1374 935 1422 tamen
959 1369 1030 1424 ita
1055 1380 1411 1440 sequestratus
1434 1384 1548 1429 erat
1575 1377 1641 1432 ab
1669 1377 1940 1433 hominum
1971 1396 2059 1434 so-

466 1454 693 1522 cietate,
726 1465 782 1512 ut
809 1459 1074 1515 sodalibus
1099 1470 1153 1517 et
1181 1463 1364 1519 amicis
1389 1466 1632 1522 omnibus
1679 1468 2058 1526 intercluderet

481 1547 705 1604 aditum.
734 1550 982 1605 Basilium
1029 1553 1167 1607 enim
1194 1595 1208 1618 ,
1255 1557 1344 1626 qui
1375 1571 1470 1626 par
1511 1559 1715 1614 vivendi
1765 1560 2056 1616 institutum

477 1636 808 1704 sectabatur,
838 1639 904 1694 ad
950 1641 1238 1713 colloquia,
1269 1654 1326 1700 ut
1355 1646 1611 1712 vidimus,
1637 1648 1940 1719 frequenter
1964 1652 2059 1706 ad-

475 1727 746 1784 mittebat.
773 1729 955 1800 Neque
980 1748 1195 1802 prorsus
1223 1738 1516 1808 negligebat
1541 1741 1748 1796 sodales
1770 1743 1886 1799 illos
1905 1785 1921 1811 ,
1967 1745 2057 1814 qui

479 1817 666 1873 iisdem
681 1833 861 1875 secum
891 1822 1014 1878 olim
1043 1825 1335 1896 disciplinis
1358 1830 1524 1895 tincti,
1556 1835 1862 1888 saecularem
1892 1837 2055 1890 vitam

473 1911 936 1981 amplectebantur
958 1927 1010 1972 et
1038 1918 1336 1977 forensibus
1374 1926 1562 1980 studiis
1595 1926 1789 1982 dabant
1816 1944 2052 1999 operam.

474 2001 804 2093 1__Persuasit
832 2008 991 2083 enim,
1025 2010 1194 2081 inquit
1224 2013 1469 2071 Socrates
1498 2018 1687 2088 (Socr.
1719 2020 1757 2073 ι.
1787 2020 1838 2076 6,
1871 2038 1916 2074 c.
1951 2024 2016 2093 '5)
2038 2065 2052 2088 ,

481 2089 767 2150 Theodoro
793 2106 846 2150 et
869 2097 1094 2154 Maximo
1113 2105 1482 2176 condiscipulis
1508 2111 1635 2175 suis,
1667 2113 1756 2181 qui
1804 2130 1906 2168 una
1935 2089 2053 2170 cum

481 2181 898 2276 ipsoLibanium
924 2195 1210 2260 sophistam
1240 2199 1532 2267 audierant,
1563 2213 1619 2257 ut
1639 2206 1818 2259 relicta
1849 2209 2054 2276 profes-

481 2269 648 2365 sione,
671 2288 790 2343 quae
813 2278 939 2331 nihil
966 2293 1160 2346 praeter
1181 2297 1439 2354 quaestum
1461 2301 1739 2360 spectaret,
1762 2269 2053 2365 simplicem

483 2359 657 2426 potius
698 2377 759 2418 ac
809 2375 1020 2423 tenuem
1065 2373 1228 2428 vitam
1270 2359 1733 2448 amplecterentur.
1791 2405 1808 2437 ι
1843 2359 1924 2442 Ex
1973 2389 2056 2445 his

482 2451 793 2511 Theodorus
813 2457 1148 2529 Mopsuestia:
1191 2467 1242 2521 in
1267 2467 1447 2525 Cilicia
1483 2476 1816 2542 postmodum
1844 2480 2054 2549 episco-

483 2555 578 2611 ws
607 2545 736 2611 fuit;
769 2549 1026 2608 Maximus
1068 2571 1196 2613 vero
1239 2559 1492 2618 Seleucia:
1539 2567 1590 2621 in
1631 2545 2056 2628 'lsauria.—llunc

482 2648 639 2734 porro
677 2638 955 2698 Maximum
985 2646 1132 2701 illum
1179 2659 1328 2719 putat
1375 2653 1536 2712 fuisse
1563 2659 1931 2731 Hermantius,
1965 2666 2052 2734 qui

473 2722 844 2820 Chrysostomi
873 2737 1073 2791 amicus
1097 2747 1152 2793 et
1175 2741 1374 2814 cellega
1399 2755 1530 2813 erat,
1557 2752 1748 2820 quique
1774 2722 2055 2808 conciona-

485 2815 639 2872 batur
663 2820 880 2879 alternis
903 2839 1023 2882 cum
1044 2829 1137 2885 illo
1155 2832 1384 2901 vicibus,
1411 2848 1470 2894 ut
1495 2815 1678 2897 fer-tur-
1699 2842 1870 2900 Tomo
1897 2847 2053 2902 tertio

469 2909 582 2966 col.
605 2909 860 3008 235,226.
891 2917 1182 2977 Maximum
1212 2939 1423 2997 quoque
1448 2943 1708 2988 memorat
1734 2933 2055 3008 Chrysosto-

478 3003 722 3100 lin—usgsibi
749 3007 980 3100 amicum
1012 3013 1064 3066 in
1097 3015 1321 3083 epistola
1351 3021 1577 3089 quadam
1594 3025 1659 3079 ad
1682 3003 2051 3100 Olympiadem

477 3093 928 3195 (T.-5101910.}.
949 3105 1026 3175 l).
1048 3107 1280 3166 Maximo
1298 3114 1457 3170 etiam
1479 3118 1577 3172 sibi
1603 3093 1777 3178 amico
1797 3093 2052 3195 episcopo

474 3188 691 3260 scripsit
724 3191 813 3248 ille
836 3193 922 3266 (T.
962 3198 1014 3254 3.
1057 3217 1104 3253 c.
1134 3197 1292 3273 '700).
1333 3204 1525 3262 Verum
1551 3225 1616 3264 an
1643 3213 1692 3266 in
1718 3215 1780 3268 iis
1807 3188 1937 3272 locis
1969 3188 2051 3276 ter

474 3281 614 3384 idem
629 3299 978 3384 tnemoretur,
997 3307 1064 3346 an
1083 3309 1228 3359 vero,
1249 3299 1291 3352 si
1309 3299 1492 3370 plures
1509 3307 1634 3368 sint,
1653 3325 1840 3364 eorum
1857 3313 2050 3384 aliquis

482 3367 580 3471 ille
600 3372 670 3428 sit
694 3374 762 3471 de
784 3393 892 3471 quo
914 3380 1025 3451 jam
1051 3386 1221 3455 agitur
1239 3429 1252 3453 ,
1283 3367 1490 3446 nonnisi
1528 3367 1810 3452 divinando
1839 3367 2053 3471 dici'po:

476 3468 622 3515 test:
646 3467 798 3522 multi
825 3471 1016 3541 quippe
1047 3485 1169 3531 tunc
1193 3488 1344 3534 erant
1373 3484 1582 3538 nomine
1607 3486 1836 3542 Maximi.

553 3551 794 3652 Epistolis
810 3561 878 3612 ad
900 3560 1214 3619 Theodorum
1240 3569 1455 3637 lapsura.
1478 3605 1541 3613 —
1576 3576 1882 3634 Theodorus
1904 3598 2049 3652 vero,

474 3641 576 3741 ηυξ
604 3646 860 3703 suadente
886 3649 1108 3718 Joanne,
1136 3656 1390 3712 abdicatis
1415 3662 1571 3717 rebus
1597 3664 1909 3735 forensibus,
1944 3641 2053 3741 pie:

469 3730 605 3785 italis
632 3737 895 3794 exercitiis
917 3755 1036 3798 sese
1063 3754 1227 3800 totum
1252 3749 1542 3821 dediderat,
1572 3756 1622 3809 in
1650 3730 1916 3829 proposito
1945 3730 2051 3820 non

470 3823 574 3917 diu
605 3829 860 3900 perstitit;
884 3833 976 3888 sed
999 3851 1207 3894 rursum
1232 3841 1296 3896 ad
1321 3844 1493 3912 prisca
1521 3863 1766 3906 reversus
1788 3893 1801 3917 ,
1827 3857 2049 3910 saecula-

581 3922 788 4016 negotia
815 3931 1042 3982 tractare
1077 3933 1271 4000 cmpit,
1307 3936 1765 4011 voluptatibusque
1789 3915 2044 4016 deditus,

475 4005 779 4107 ‘Hermionis
808 4018 965 4073 etiam
1002 4024 1189 4091 puellae
1219 4005 1490 4096 cujusdam
1525 4048 1705 4090 amore
1749 4035 2000 4107 ﬂagrabat

468 4097 671 4164 quibus
695 4109 981 4174 compertis
1002 4110 1234 4169 Joannes
1278 4117 1462 4173 intimo
1499 4121 1697 4179 doloris
1719 4097 1879 4182 sensu
1923 4131 2050 4187 affe-

471 4201 618 4292 ctus,
637 4198 928 4296 orationem
957 4205 1051 4276 ipsi
1073 4208 1426 4281 longissimam
1447 4218 1723 4291 misit,qua
1738 4223 1886 4280 illum
1900 4230 2050 4296 quasi

476 4287 588 4348 iam
618 4287 756 4343 vitiis
779 4289 1010 4349 deditum
1031 4303 1332 4371 compellat,
1362 4305 1426 4360 ad
1457 4287 1817 4376 ptenitentiam
1854 4287 2049 4372 cohor-

478 4381 622 4476 itans,
653 4379 718 4433 ad
746 4395 1033 4451 secessum,
1065 4390 1128 4443 ad
1159 4394 1434 4459 pristinum
1465 4399 1583 4454 vitae
1610 4417 1795 4472 genus,
1825 4407 1964 4476 quod
1993 4424 2051 4464 se

484 4467 739 4567 suadente
763 4487 1072 4567 susceperat
1101 4480 1317 4549 (T.l.c.
1336 4486 1488 4560 505).
1519 4467 1937 4567 Exemplumque
1973 4500 2052 4554 af-

477 4552 583 4608 fert
607 4555 814 4625 juvenis
833 4565 1103 4633 cujusdam
1129 4571 1393 4630 Phoenicis
1422 4552 1614 4634 Urbani
1645 4552 1754 4647 filii,
1781 4552 2051 4644 nobilitate

483 4653 541 4745 et
562 4650 756 4716 Opibus
782 4656 1024 4721 pollentis
1043 4699 1059 4725 ,
1094 4665 1181 4730 qui
1208 4681 1356 4730 cum,
1390 4670 1476 4737 pio
1503 4683 1675 4728 motus
1702 4675 1926 4745 affectu,
1973 4681 2052 4733 lu-

482 4739 820 4810 dimagistris,
851 4747 1004 4804 fastui
1031 4756 1356 4826 terrenisque
1383 4757 1625 4818 omnibus
1651 4766 1863 4838 longum
1909 4739 2053 4826 valc-

482 4830 722 4898 dixisset,
757 4836 807 4891 in
837 4850 1045 4897 montes
1071 4849 1401 4917 ascenderat,
1430 4862 1482 4907 et
1503 4855 1567 4909 ad
1593 4830 1857 4913 summum
1892 4865 2053 4917 virtu-

484 4925 553 4978 tis
589 4926 806 4996 gradum
850 4935 1156 5001 pervenisse
1201 4941 1505 5010 videbatur;
1534 4949 1627 5002 sed
1679 4964 1858 5019 postea
1904 4973 1930 5006 ει
1963 4971 2051 5009 co-

481 5020 653 5084 gnatis
682 5019 942 5081 abductus
963 5038 1018 5082 et
1044 5033 1110 5084 ad
1140 5031 1359 5100 pristina
1403 5047 1697 5104 revocatus,
1729 5056 1758 5094 a
1786 5045 2054 5099 montibus

481 5109 534 5163 in
563 5111 794 5169 medium
821 5116 990 5173 forum
1018 5135 1076 5176 se
1101 5125 1343 5190 contulit,
1375 5128 1459 5181 ubi
1487 5144 1623 5198 equo
1649 5141 1827 5187 vectus
1850 5176 1864 5198 ,
1895 5144 1949 5189 et
1975 5135 2055 5189 fa-

479 5201 750 5262 mulorum
810 5210 1245 5285 adulatorumque
1297 5219 1444 5274 turba
1507 5223 1744 5290 cinctus,
1806 5227 2053 5282 omnibus

481 5301 786 5365 spectaculo
814 5312 928 5356 erat
958 5323 971 5357 :
1003 5305 1320 5376 demumque
1345 5324 1373 5362 a
1407 5311 1504 5379 piis
1540 5313 1848 5381 quibusdam
1877 5316 2051 5371 homi-

480 5387 642 5445 nibus
670 5393 866 5446 sensim
889 5395 956 5449 ad
985 5412 1167 5452 sanam
1197 5410 1427 5456 mentem
1456 5403 1730 5470 reductus,
1765 5407 2052 5463 solitariam

483 5477 644 5532 vitam
674 5482 905 5551 repetiit,
937 5494 989 5540 et
1017 5487 1082 5541 ad
1105 5490 1310 5546 virtutis
1331 5493 1534 5562 apicem
1555 5494 1766 5550 demum
1793 5501 2050 5567 pervenit.

481 5569 638 5624 Aliud
667 5571 864 5641 profert
891 5581 1190 5650 exemplum
1215 5584 1331 5650 viri,
1356 5585 1442 5653 qui
1470 5601 1587 5641 cum
1618 5601 1712 5658 per
1739 5589 1932 5645 multos
1960 5607 2054 5646 an-

482 5678 580 5718 nos
604 5666 763 5723 vitam
784 5669 1022 5726 duxisset
1057 5675 1342 5745 angelicam
1363 5715 1379 5740 ,
1410 5692 1474 5730 eo
1498 5676 1709 5733 demum
1745 5695 2053 5752 progressus

475 5767 562 5813 est
585 5768 639 5815 ut
667 5759 718 5815 in
750 5761 969 5832 lupanar
989 5780 1047 5820 se
1085 5766 1372 5833 conferret,
1406 5767 1496 5823 sed
1525 5778 1706 5837 postea
1743 5785 1771 5824 a
1797 5772 1939 5828 socio
1985 5773 2050 5828 ad

2171 469 2399 538 priscam
2427 471 2587 525 vitam
2622 481 2922 538 revocatus,
2952 473 3002 526 in
3029 473 3216 526 cellula
3245 488 3302 528 se
3330 475 3622 540 conclusit,
3656 479 3742 532 ubi

2169 579 2304 634 pane
2327 566 2496 619 solum
2542 576 2592 619 et
2620 581 2755 635 aqua
2779 567 2938 620 vitam
2984 575 3286 621 sustentans
3306 608 3319 631 ,
3352 577 3524 623 tantos
3571 583 3742 637 poem-

2166 656 2343 709 tentite
2370 654 2570 710 fructus
2599 657 2812 723 emisit,
2859 666 2916 712 ut
2963 658 3119 712 etiam
3162 658 3430 714 miraculis
3469 661 3738 715 claruerit.

2163 747 2325 800 Addit
2370 748 2529 801 etiam
2589 748 2887 813 Valerium,
2939 747 3300 815 Florentium,
3350 748 3737 824 Porphyrium,

2162 839 2401 908 aliosque
2469 839 2613 894 viros
2677 846 2944 910 sapientes
3005 839 3269 896 Theodori
3323 843 3490 897 vicem
3558 838 3740 901 dolere

2165 928 2270 1001 (T.
2301 932 2584 1001 142.315).

2232 1020 2477 1092 Epistolas
2519 1023 2587 1075 ad
2632 1022 2946 1076 Theodorum
2988 1025 3206 1092 lapsum.
3236 1053 3306 1064 -—
3347 1023 3582 1096 Cumque
3633 1044 3737 1085 non

2163 1123 2343 1182 posset
2361 1114 2539 1168 statim
2567 1104 2904 1168 Theodorum
2933 1130 2963 1168 a
2996 1116 3083 1168 tali
3110 1117 3230 1168 vita:
3258 1130 3452 1184 genere
3477 1134 3697 1172 avocare
3717 1160 3731 1183 ,

2161 1206 2278 1260 aliis
2304 1207 2542 1276 epistolis
2566 1208 2851 1276 etquidem
2899 1207 3079 1262 multis
3101 1249 3115 1272 ,
3149 1216 3204 1261 ut
3230 1223 3296 1263 ex
3326 1209 3489 1277 ipsius
3517 1209 3737 1266 Joannis

2161 1306 2378 1350 narratu
2408 1298 2713 1367 percipitur,
2746 1298 2890 1351 illum
2936 1299 3161 1352 sollicite
3197 1301 3332 1352 ursit
3358 1311 3416 1352 ut
3447 1300 3614 1368 prisca
3649 1318 3734 1355 re-

2162 1398 2381 1457 peteret.
2414 1389 2524 1443 Etsi
2556 1405 2681 1443 vero
2706 1406 2809 1443 non
2831 1398 3011 1458 aperte
3038 1389 3180 1455 dicit,
3208 1390 3542 1446 Theodormn
3570 1394 3737 1447 literis

2160 1480 2270 1533 suis
2308 1480 2680 1548 respondisse,
2713 1496 2775 1534 ex
2807 1484 2921 1550 ejus
2949 1481 3122 1536 verbis
3149 1481 3298 1551 argui
3337 1498 3492 1552 posse
3531 1485 3736 1539 videtur

2162 1559 2496 1626 Theodorum
2524 1573 2760 1641 epistolis
2804 1572 3165 1643 Chrysostomi
3213 1571 3576 1643 frequentibus
3604 1591 3732 1629 con-

2160 1664 2375 1718 citatum
2406 1706 2419 1730 ,
2452 1664 2790 1733 restiondisse
2815 1665 2888 1718 illi
2918 1683 2930 1717 :
2961 1679 3019 1719 se
3049 1664 3177 1718 nihil
3219 1676 3402 1718 contra
3440 1667 3526 1734 jus
3556 1666 3734 1737 fasque

2160 1758 2372 1822 facere,
2419 1757 2868 1828 llermionetnque
2889 1771 3107 1823 amare,
3155 1757 3277 1826 quia
3325 1758 3468 1812 illam
3516 1775 3731 1813 uxorem

2159 1850 2355 1903 ducere
2378 1847 2660 1918 cogit-auat.
2689 1847 2797 1902 Sub
2823 1849 2937 1903 haec
2960 1858 3138 1903 autem
3165 1848 3550 1920 Chysostomus
3575 1851 3731 1904 aliam

2161 1941 2259 2010 ipsi
2285 1940 2563 2010 epistolam
2596 1939 2738 1993 misit
2757 1981 2770 1999 ,
2801 1957 2901 2009 qua
2930 1941 3076 1994 illum
3105 1941 3470 1994 vehementius
3495 1943 3730 1995 concita-

2163 2032 2268 2098 bat,
2303 2042 2358 2085 nt
2387 2032 2560 2086 missis
2589 2033 2834 2086 omnibus
2859 2032 3198 2086 saecularibus
3249 2033 3406 2088 rebus
3455 2034 3731 2103 pristinum

2161 2123 2280 2176 vitae
2307 2137 2471 2192 genus
2497 2131 2782 2190 repeteret.

2228 2215 2354 2282 Quae
2377 2215 2485 2282 jam
2516 2214 2746 2268 diximus
2771 2229 2832 2268 ex
2861 2213 2992 2282 ipsis
3037 2213 3402 2284 Clirysostomi
3436 2214 3606 2268 verbis
3635 2229 3729 2267 cx-

2159 2317 2345 2376 cerpta
2363 2309 2530 2363 fuere.
2545 2307 2723 2378 Longe
2737 2305 2894 2361 aliter
2910 2322 3022 2360 rem
3047 2307 3320 2360 constituit
3345 2307 3729 2372 Tillemontius,

2159 2398 2245 2465 qui
2279 2405 2422 2465 putat
2453 2397 2674 2465 primam
2704 2396 2847 2450 illam
2883 2395 2949 2450 ad
2983 2395 3319 2450 Theodorum
3367 2398 3580 2449 missam
3613 2415 3733 2451 ora-

2161 2488 2378 2551 tionem,
2404 2487 2598 2542 nonad
2641 2487 2786 2540 illum
2828 2487 2916 2557 qui
2970 2496 3150 2557 postea
3179 2489 3461 2557 episcopus
3487 2489 3732 2557 Mopsuc-

2157 2580 2272 2632 stia:
2300 2577 2426 2642 fuit;
2466 2577 2559 2632 sed
2587 2579 2651 2631 ad
2689 2579 2851 2631 alium
2894 2578 3261 2647 cognominem
3291 2580 3502 2632 missam
3531 2581 3729 2646 fuisse,

2157 2670 2244 2739 qui
2275 2670 2516 2724 similiter
2542 2679 2817 2739 postquam
2849 2669 3104 2723 mundum
3131 2670 3432 2740 reliquerat,
3460 2685 3642 2724 rursus
3664 2673 3731 2725 ad

2155 2761 2430 2816 smcularia
2460 2762 2787 2816 convolarat.
2820 2762 2948 2831 Ejus
2975 2775 3284 2832 argumenta
3321 2764 3494 2817 omnia
3523 2765 3730 2834 depuli-

2157 2869 2309 2919 mus,
2341 2853 2575 2924 illudque
2603 2855 2654 2907 in
2684 2855 2897 2924 primis,
2944 2855 3085 2924 quod
3127 2855 3239 2924 ipse
3284 2857 3568 2910 maximum
3616 2871 3732 2912 om-

2159 2945 2304 2999 nium
2350 2960 2469 3000 esse
2512 2953 2911 3016 putat,estque
2959 2947 3256 3015 liujusmodi
3283 2965 3295 3000 :
3323 2947 3633 3002 Theodorus
3678 2951 3729 3004 in

2156 3039 2387 3094 sbcunda
2428 3039 2647 3107 epistola
2694 3047 3016 3092 memoratus
3059 3038 3288 3092 nondum
3332 3039 3514 3108 viginti
3563 3055 3730 3095 annos

2155 3133 2490 3201 expleverat;
2520 3130 2570 3184 in
2602 3130 2772 3200 prima
2823 3145 2948 3184 vero
2973 3129 3106 3183 dixit
3133 3129 3414 3184 Theodoro
3459 3147 3564 3184 non
3611 3132 3732 3200 plus

2154 3222 2533 3292 quinquaginta
2560 3222 2679 3275 vita:
2705 3235 2874 3274 annos
2901 3221 2998 3290 ipsi
3047 3235 3358 3289 superesse,
3408 3231 3462 3274 ut
3503 3222 3566 3276 ad
3608 3223 3725 3276 ulti~

2156 3328 2294 3366 mam
2321 3319 2644 3366 senectutem
2666 3311 2978 3380 perveniret.
3004 3310 3238 3380 Hincque
3263 3313 3432 3381 arguit
3455 3312 3540 3367 ille
3556 3313 3729 3367 Theo-

2154 3403 2340 3457 dorum
2357 3403 2499 3456 illum
2516 3402 2739 3471 primum
2753 3400 3098 3470 quadraginta
3119 3417 3376 3454 annorum
3400 3413 3522 3456 tunc
3539 3402 3722 3466 fuisse,

2155 3493 2297 3548 illam
2331 3493 2567 3546 ultimam
2589 3499 2913 3545 senectutem
2933 3489 2998 3544 de
3024 3492 3376 3560 nonagenario
3405 3501 3602 3546 tantum
3623 3493 3727 3548 dici

2156 3600 2312 3653 posse
2340 3593 2548 3652 putans.
2581 3582 2894 3636 Theodorus
2922 3597 3048 3634 vero
3073 3582 3225 3646 alter,
3271 3583 3358 3651 qui
3389 3594 3509 3638 tunc
3541 3586 3728 3654 vigesi-

2155 3692 2297 3730 mum
2325 3690 2519 3729 annum
2547 3674 2736 3743 agebat
2759 3714 2774 3738 ,
2799 3673 2988 3727 additis
3019 3681 3198 3741 postea
3229 3675 3597 3743 quinquaginta
3627 3693 3725 3730 an-

2155 3770 2237 3824 nis
2263 3767 2698 3838 septuagenarius
2727 3775 2925 3820 tantum
2952 3763 3157 3818 fuisset.
3205 3765 3318 3818 lloc
3357 3778 3724 3836 argumentum

2155 3864 2206 3915 ni
2237 3861 2390 3914 fallor
2409 3860 2624 3930 egregie
2650 3857 2824 3926 depuli
2856 3858 2906 3910 in
2930 3856 3126 3910 Monito
3151 3855 3211 3910 T.
3247 3857 3273 3910 1
3310 3857 3477 3910 initio.
3499 3856 3601 3911 Sed
3643 3873 3728 3911 sir-

2155 3953 2386 4008 cundum
2411 3950 2530 4006 haec
2569 3953 2620 4006 in
2649 3952 2820 4005 locum
2861 3949 3045 4013 incidi,
3081 3963 3236 4017 quem
3267 3948 3498 4002 nondum
3541 3949 3728 4004 adver-

2154 4054 2342 4108 teram,
2375 4045 2425 4098 in
2455 4059 2560 4114 quo
2605 4043 2812 4096 videtur
2837 4041 3247 4107 Chrysostomus
3282 4039 3402 4093 data
3427 4055 3584 4109 opera
3612 4040 3725 4094 Til-

2153 4137 2389 4190 lemontii
2443 4137 2604 4189 telum
2647 4133 2937 4202 depellere.
2984 4127 3384 4184 Commentario
3428 4145 3617 4200 nempe
3673 4131 3723 4183 in

2157 4225 2442 4295 Epistolam
2485 4225 2510 4278 l
2556 4220 2620 4274 ad
2642 4223 2942 4276 Corinthios
2960 4219 3043 4287 (T.
3061 4219 3146 4274 10.
3167 4236 3216 4276 c.
3233 4216 3322 4270 '55.
3342 4216 3505 4287 L32),
3531 4219 3598 4273 de
3623 4219 3723 4272 So-

2153 4326 2298 4371 crate
2352 4317 2572 4385 loquens
2611 4313 2715 4366 ait:
2742 4308 2807 4365 Et
2853 4327 2967 4364 cum
3006 4312 3076 4363 ad
3123 4318 3394 4364 extremam
3429 4319 3723 4362 senectutem

2155 4407 2451 4475 pervenisset
2482 4420 2500 4458 :
2528 4402 2717 4456 dicebat
2737 4402 2867 4455 enim
2889 4416 2940 4454 se
2959 4415 3207 4453 annorum
3257 4400 3572 4468 septuaginta
3597 4415 3720 4462 esse,

2153 4496 2352 4566 quando
2378 4496 2526 4548 vitam
2546 4493 2787 4562 despexit.
2819 4490 2934 4546 Jatn
2967 4490 3112 4544 vides
3139 4490 3210 4543 ita
3257 4489 3571 4558 explicanda
3603 4505 3724 4544 ese

2155 4586 2267 4639 loca
2294 4600 2322 4638 a
2349 4583 2682 4638 Tillemontio
2709 4582 2883 4643 allata,
2907 4588 2966 4634 ut
2979 4579 3045 4635 de
3069 4579 3252 4634 eodem
3272 4580 3321 4631 in
3351 4589 3572 4648 utraque
3600 4579 3718 4647 epi-

2155 4675 2286 4730 stola
2313 4673 2591 4729 Theodoro
2620 4672 2884 4742 loquatur.
2916 4672 2969 4724 In
2999 4672 3166 4739 prima
3191 4669 3317 4724 dicit
3345 4685 3510 4724 annos
3529 4684 3716 4739 super-

2155 4783 2274 4822 esse
2297 4765 2668 4836 quinquaginta
2695 4773 2752 4818 ut
2775 4763 2839 4817 ad
2868 4773 3155 4817 extremam
3186 4771 3513 4815 senectutem
3543 4776 3724 4829 perve-

2157 4854 2284 4925 niat,
2321 4859 2373 4911 in
2397 4855 2625 4912 secunda
2643 4871 2768 4911 vero
2787 4855 2930 4909 illum
2954 4867 3144 4907 annum
3173 4853 3385 4906 circiter
3414 4851 3726 4921 vigesimum

2156 4951 2419 5019 attigisse:
2444 4949 2496 5004 in
2516 4947 2677 5001 allato
2697 4955 2870 5000 autem
2894 4945 3008 4999 loco
3028 4944 3353 5012 septuaginta
3372 4957 3537 4995 annos
3553 4951 3726 5002 natus,

2157 5051 2409 5096 extrema:
2449 5039 2734 5094 senectutis
2754 5053 2873 5092 esse
2902 5035 3109 5089 dicitur.
3132 5034 3318 5088 Iisdem
3361 5048 3484 5086 usus
3515 5032 3730 5086 vocibus

2156 5133 2570 5203 Clirysostomus
2584 5131 2688 5185 duo
2713 5130 2799 5184 illa
2821 5130 2954 5193 loca,
2971 5142 3088 5196 quae
3105 5123 3468 5178 Tillemontius
3497 5135 3732 5192 pugnate

2158 5225 2392 5294 putabat,
2416 5219 2680 5284 conciliat,
2703 5232 2971 5287 unumque
2992 5230 3109 5270 esse
3127 5213 3465 5268 Theodorum
3497 5212 3705 5280 probat.

2228 5315 2379 5369 Circa
2409 5328 2605 5368 annum
2635 5325 2780 5373 vero,
2809 5324 2914 5379 quo
2943 5307 3025 5361 ha:
3053 5307 3262 5374 scripta:
3307 5311 3432 5357 sunt
3459 5302 3718 5369 epistolae,

2161 5421 2188 5458 a
2218 5405 2557 5458 Tillemontio
2586 5417 2694 5456 non
2747 5397 3029 5454 dissentior
3057 5397 3194 5450 circa
3241 5392 3548 5454 secundam,
3573 5404 3728 5459 quam

2161 5505 2308 5566 putat
2333 5497 2579 5564 scriptam
2602 5493 2763 5547 fuisse
2789 5506 2927 5545 anno
2944 5489 3084 5544 369:
3115 5499 3167 5541 at
3217 5493 3399 5539 contra
3448 5498 3602 5552 quam
3633 5482 3720 5534 ille

2158 5588 2461 5652 arbitratur,
2509 5584 2728 5654 primam
2777 5595 2985 5651 quoque
3017 5578 3202 5633 eodem
3243 5575 3451 5630 circiter
3497 5582 3732 5643 tempore

2165 5679 2337 5734 datam
2367 5677 2529 5732 fuisse
2550 5676 2600 5729 in
2626 5674 2812 5729 eodem
2861 5671 3058 5726 Monito
3089 5664 3339 5739 probavi.
3360 5665 3532 5721 Unum
3555 5674 3730 5716 tamen

2174 5781 2256 5828 est
2289 5771 2426 5842 quod
2455 5769 2719 5839 negotium
2767 5765 3025 5821 facessere
3073 5763 3255 5834 possit.
3294 5761 3380 5814 Ait
3420 5756 3628 5826 Chryse
3662 5767 3728 5808 to-
