4122 6386
371 440 438 492 es
1501 435 1680 495 nunc
1718 433 1977 492 PRIMUM
2018 434 2406 493 summam.
3562 460 3632 517 ρο

372 572 489 609 mus
520 554 574 609 in
596 553 814 623 epistola
827 558 1010 623 prima,
1030 547 1359 608 c.502.l.42:
1379 550 1528 605 Nunc
1556 551 1756 622 quidem
1783 548 1942 602 tristi-

368 648 439 700 tia
474 651 687 705 fratrum
734 647 944 699 chorum
985 653 1217 716 occupat,
1242 642 1473 706 voluptas
1494 654 1538 697 et
1564 643 1740 697 latitia
1764 640 1944 708 inﬁde—

369 739 493 791 lium
519 748 835 802 conventum,
851 753 1040 792 necnon
1051 739 1294 807 juvenum
1321 736 1421 789 otio
1454 736 1612 805 magis
1638 733 1940 787 deditorum.

368 831 465 887 llic
489 832 707 887 fratrum
737 832 961 886 chorum
989 830 1099 884 vult
1118 828 1414 899 significare
1444 824 1813 881 Tillemontius
1829 838 1943 879 cte-

368 933 477 977 tum
502 920 907 988 monachorum,
937 921 1166 990 hincque
1196 918 1405 989 probari
1430 924 1578 985 putat
1603 914 1943 969 Theodorum

366 1016 525 1069 istum
570 1014 732 1068 alium
773 1030 802 1067 a
844 1012 1235 1082 Mopsuesteno.
1278 1009 1477 1064 Verum
1520 1007 1588 1063 de
1620 1008 1944 1061 monasterio

365 1116 419 1159 et
470 1106 539 1160 de
586 1104 863 1161 monachis
921 1119 988 1159 ne
1049 1105 1134 1176 γρῦ
1181 1101 1396 1173 quidem
1455 1100 1538 1154 hic
1591 1098 1720 1153 dicit
1766 1096 1942 1166 Chry—

364 1207 653 1259 sotttomus,
693 1196 759 1250 de
779 1195 968 1266 quibus
984 1193 1309 1249 mentionem
1354 1189 1495 1245 haud
1519 1188 1679 1244 dubie
1709 1188 1943 1242 facturus

364 1297 498 1352 erat,
526 1287 569 1340 si
605 1287 690 1341 ille
716 1302 781 1340 ex
834 1286 1157 1341 monasterio
1186 1284 1419 1350 exiisset,
1456 1283 1551 1338 sed
1582 1297 1676 1352 per
1721 1280 1942 1335 fratrum

268 1386 273 1405 ‘
366 1378 591 1431 chorum
625 1377 708 1431 hie
734 1378 952 1431 omnino
976 1392 1171 1431 vocare
1209 1374 1418 1430 videtur
1454 1374 1678 1428 chorum
1705 1371 1943 1427 fidelium

366 1478 511 1523 recte
533 1471 842 1535 viventium,
867 1484 1001 1539 quos
1026 1483 1130 1523 non
1182 1468 1358 1523 semel
1407 1468 1600 1522 fratres
1628 1466 1719 1522 ille
1765 1475 1941 1532 vocat,

364 1569 419 1615 et
481 1563 700 1631 Opponit
741 1562 1023 1617 eonventui
1062 1561 1352 1617 infidelium
1380 1570 1435 1617 et
1474 1560 1728 1631 juvenum
1757 1575 1943 1615 eorum

365 1654 453 1721 qui
484 1655 592 1706 otio
615 1663 668 1707 et
692 1655 935 1723 segnitiei
961 1653 1125 1707 dediti
1148 1661 1318 1708 erant.
1336 1653 1446 1707 lmo
1479 1668 1626 1718 vero,
1655 1651 1797 1722 quod
1814 1666 1944 1706 sane

366 1745 531 1799 miror
559 1744 728 1800 virum
768 1747 1001 1801 omnium
1034 1747 1189 1816 longe
1227 1748 1685 1801 accuratissimum
1714 1761 1819 1801 non
1845 1746 1943 1799 ad-

367 1838 603 1903 Vcrtisse,
629 1837 681 1891 in
708 1837 873 1907 prima
898 1838 1144 1893 secundae
1162 1838 1397 1908 epistola:
1421 1838 1663 1909 periodo,
1686 1838 1760 1893 ait
1779 1838 1944 1908 Chry-

364 1938 631 1983 sostomus
656 1928 839 1984 dolere
866 1945 945 1996 se,
966 1929 1107 2000 quod
1137 1946 1196 1986 se
1222 1946 1289 1985 ex
1332 1935 1547 2001 fratrum
1584 1931 1816 2001 catalogo
1844 1932 1943 1987 de-

365 2017 568 2073 laverit.

437 2109 539 2164 Tot
590 2109 955 2183 Chrysostomi
1008 2112 1175 2167 literis
1212 2112 1423 2168 tandem
1453 2122 1731 2169 revocatus
1772 2113 1947 2169 Theo-

372 2200 536 2256 dorus
575 2219 675 2257 una
710 2219 829 2259 cum
873 2204 1101 2259 Maximo
1142 2204 1290 2275 (Soz.
1332 2205 1370 2259 ι.
1408 2206 1461 2261 8.
1494 2223 1539 2259 c.
1582 2206 1660 2277 2),
1706 2217 1758 2261 et
1801 2206 1941 2261 haud

363 2296 521 2351 dubie
542 2297 736 2352 Basilio
755 2297 1013 2353 Joannem
1037 2299 1404 2370 frequentabat
1434 2300 1605 2372 (Socr.
1633 2301 1671 2355 ι.
1694 2301 1747 2355 6.
1770 2317 1816 2355 c.
1842 2301 1898 2372 5)
1924 2321 1939 2356 :

366 2403 575 2458 unaque
603 2388 836 2452 collecti,
867 2404 1045 2444 veram
1074 2390 1462 2460 philosophiam
1495 2391 1607 2446 sive
1631 2392 1942 2461 monasticae

362 2478 590 2534 similem
621 2481 777 2534 vitam
816 2481 1175 2536 sectabantur.
1204 2482 1533 2552 Scripturam
1563 2497 1694 2538 vero
1734 2497 1940 2538 sacram

363 2581 417 2626 et
442 2572 739 2627 doctrinam
770 2575 1186 2630 ecclesiasticam
1223 2575 1498 2631 discebant
1539 2592 1638 2630 una
1672 2590 1792 2631 cum
1822 2590 1938 2631 mo-

365 2666 584 2720 nasticis
626 2668 926 2732 exercitiis,
973 2665 1283 2722 doctoribus
1324 2666 1578 2734 Diodoro,
1622 2668 1712 2738 qui
1757 2677 1939 2737 postea

363 2760 642 2815 Tarsensis
678 2762 960 2831 episcopus
1000 2760 1119 2825 fuit,
1150 2770 1206 2816 et
1240 2760 1504 2827 Carterio,
1545 2760 1634 2830 qui
1676 2775 1779 2814 una
1818 2775 1938 2815 cum

366 2850 597 2906 Diodoro
627 2853 947 2909 monasteria
974 2851 1306 2907 Antiochena
1330 2852 1568 2907 curabat.

430 2941 655 2996 Joannes
696 2943 1027 3013 episcopalem
1054 2943 1348 3013 dignitatem
1377 2943 1539 3012 fugit,
1580 2941 1819 3013 illumque
1844 2941 1939 2996 Ba-

360 3037 474 3091 silio
494 3037 713 3109 conferri
746 3047 909 3090 curat.
936 3067 1007 3076 —
1030 3036 1125 3091 His
1164 3051 1293 3107 ergo
1333 3037 1524 3091 studiis
1550 3052 1766 3106 operam
1794 3034 1939 3090 dedit

361 3128 508 3185 istac
537 3140 717 3183 sancta
738 3138 792 3184 et
817 3129 1016 3184 selecta
1039 3128 1313 3199 juventus.
1329 3128 1562 3183 Joannes
1577 3142 1704 3182 vero
1724 3127 1938 3183 assidue

360 3240 480 3278 cum
527 3224 721 3278 Basilio
764 3223 1029 3293 colloquia
1072 3221 1331 3277 miscebat
1370 3221 1572 3293 (Chrys.
1615 3222 1678 3275 de
1719 3220 1931 3275 Sacerd.

360 3316 401 3369 Ι.
432 3315 507 3388 1),
542 3327 599 3370 ut
644 3316 755 3385 ipse
792 3314 954 3370 refert
991 3314 1126 3369 libro
1170 3315 1342 3384 primo
1386 3314 1455 3370 de
1496 3313 1827 3377 Sacerdotio,
1868 3313 1935 3367 de

360 3409 480 3460 vita:
509 3408 808 3473 sanctitate,
831 3406 898 3462 de
919 3406 1199 3461 virtutibus
1222 3406 1468 3462 asceticis
1492 3406 1663 3477 deque
1682 3406 1798 3460 aliis
1819 3406 1936 3477 qui-

360 3498 592 3554 buslibet
614 3500 679 3553 ad
708 3500 954 3569 pietatem
983 3499 1366 3569 spectantibus.
1398 3499 1531 3553 Dum
1568 3500 1619 3553 in
1648 3498 1730 3554 his
1752 3513 1934 3553 versa-

360 3601 563 3659 rentur,
621 3602 899 3662 p0stquam
950 3608 1091 3646 anno
1141 3592 1245 3647 570
1297 3591 1533 3646 lllelelius
1587 3591 1640 3645 in
1686 3590 1932 3646 exsilium

364 3684 559 3738 missus
592 3684 781 3749 fuerat,
809 3699 930 3738 cum
959 3683 1290 3753 episcOpales
1317 3682 1559 3752 qumdam
1591 3682 1745 3737 sedes
1774 3698 1932 3737 vaca-

359 3786 498 3842 rent,
528 3791 709 3831 rumor
730 3792 945 3845 sparsus
966 3785 1068 3841 est,
1097 3775 1359 3830 Joannem
1383 3783 1436 3828 et
1458 3774 1708 3829 Basiliam
1736 3784 1793 3829 ut
1813 3774 1932 3829 illas

356 3867 512 3923 sedes
554 3867 835 3936 implerent
873 3867 940 3921 ad
981 3866 1336 3936 episcopalem
1371 3865 1679 3936 dignitatem
1720 3880 1933 3935 promo-

359 3959 558 4015 vendos
586 3974 725 4014 esse.
760 3960 839 4013 lle
866 3966 1135 4028 comperta
1160 3959 1395 4013 Joannes
1430 3958 1619 4012 timore
1658 3958 1931 4027 perculsus

356 4064 439 4108 est
464 4073 475 4108 :
506 4070 565 4109 se
586 4055 750 4119 enim,
776 4054 845 4106 ita
875 4068 1063 4121 nempe
1090 4051 1360 4105 modestus
1389 4060 1523 4114 erat,
1550 4060 1694 4104 tanto
1722 4051 1930 4105 muneri

356 4148 511 4216 longe
534 4147 790 4224 imparem
820 4146 1069 4215 putabat;
1095 4160 1162 4198 ne
1182 4159 1308 4198 vero
1333 4144 1400 4197 ad
1428 4143 1480 4197 id
1507 4144 1724 4197 honoris
1748 4143 1829 4197 vel
1852 4144 1931 4196 in-

357 4240 497 4294 vitus
523 4248 823 4309 raperetur,
851 4252 973 4293 sese
999 4236 1300 4292 occultandi
1321 4236 1602 4291 consilium
1624 4236 1760 4289 iniit.
1790 4234 1933 4289 Inter

356 4332 471 4387 inec
507 4333 732 4387 Basilius
772 4331 994 4401 hujusce
1036 4332 1112 4386 rei
1154 4329 1293 4384 fama
1337 4337 1631 4399 permotus,
1670 4328 1931 4383 Joannem

359 4424 589 4478 amicum
621 4432 676 4478 et
704 4432 1005 4478 consortem
1034 4423 1183 4489 adiit,
1216 4437 1371 4492 quem
1401 4421 1516 4476 haec
1555 4421 1798 4490 ignorare
1838 4436 1931 4489 pu-

356 4515 521 4569 tabat.
554 4515 631 4569 llli
672 4531 799 4570 vero
839 4530 951 4570 rem
992 4514 1181 4584 aperit,
1214 4514 1338 4583 quid
1374 4512 1585 4568 consilii
1614 4512 1930 4582 capiendqu

356 4609 430 4662 sit
478 4617 653 4679 rogat,
699 4624 765 4662 an
814 4607 1324 4676 obtemperandutn,
1367 4622 1433 4660 an
1481 4604 1821 4676 fugiendum,
1878 4605 1932 4659 in

356 4709 639 4769 utrumque
690 4709 925 4769 paratus,
976 4709 1031 4753 et
1078 4697 1234 4753 amici
1284 4698 1541 4767 judicium
1591 4707 1926 4767 exspectans.

352 4790 586 4846 Joannes
626 4800 825 4853 autem,
853 4792 941 4860 qui
975 4800 1031 4844 ut
1059 4805 1118 4844 se
1147 4790 1419 4859 indignum
1450 4797 1599 4845 tanto
1628 4788 1802 4845 officio
1841 4804 1930 4843 re-

355 4882 530 4948 batur,
554 4882 629 4936 ita
649 4881 899 4934 Basiliam
929 4880 1022 4935 illo
1044 4880 1435 4950 dignissimum,
1468 4891 1576 4934 tum
1598 4896 1665 4935 ex
1688 4888 1931 4935 anteacta

354 4973 483 5037 vita,
517 4982 628 5026 tum
668 4987 731 5026 ex
764 4982 910 5026 tanto
939 4972 1279 5041 capessenda:
1309 4973 1519 5027 virtutis
1544 4972 1843 5040 desiderio;
1874 4990 1933 5028 se

354 5062 605 5115 damnum
648 5061 902 5115 Eerlesite
939 5059 1138 5115 Christi
1179 5062 1468 5115 maximum
1508 5063 1774 5117 illaturum
1813 5078 1934 5117 esse

357 5162 570 5222 putans,
615 5153 660 5204 si
707 5162 811 5205 tam
844 5151 1088 5220 probum,
1127 5162 1233 5205 tam
1272 5151 1337 5206 ad
1379 5152 1603 5207 salutem
1646 5155 1932 5207 multorum

356 5246 629 5309 idoneum,
662 5259 691 5297 a
722 5261 945 5298 munere
974 5243 1312 5312 suscipiendo
1337 5251 1625 5309 averteret,
1658 5245 1934 5315 respondit

357 5336 453 5401 illi,
499 5336 575 5390 rei
615 5335 1061 5390 consultationem
1102 5335 1243 5390 aliud
1275 5335 1326 5389 in
1371 5344 1577 5405 tempus
1616 5335 1931 5390 mittendam

356 5442 497 5493 esse,
525 5426 663 5481 nihil
700 5442 911 5497 urgere,
954 5427 1085 5479 nihil
1132 5434 1453 5495 praemature
1494 5426 1756 5496 agendum
1788 5441 1929 5481 esse.

357 5520 471 5583 Quo
502 5518 783 5573 tenderent
821 5518 967 5572 istaec
1002 5534 1109 5571 non
1152 5517 1437 5572 advertens
1489 5517 1746 5583 Basilius,
1775 5517 1931 5571 amici

356 5614 637 5668 consilium
667 5614 941 5682 amplexus
963 5621 1065 5667 est.

430 5705 538 5759 llac
574 5706 656 5775 pia
682 5703 865 5759 fraude
896 5719 1022 5759 usus
1068 5711 1149 5759 est
1175 5702 1429 5769 Joannes,
1461 5710 1516 5757 et
1540 5703 1661 5772 quia
1699 5718 1811 5757 rem
1840 5719 1933 5757 ur-

356 5814 482 5868 gere
516 5814 619 5851 non
660 5797 951 5865 ignorabat,
982 5810 1101 5851 sese
1140 5796 1439 5851 occultavit.
1480 5795 1627 5850 Haud
1663 5795 1733 5849 ita
1771 5795 1935 5850 multo

358 5896 536 5965 elapso
577 5901 833 5963 tempore,
876 5908 994 5947 cum
1040 5892 1083 5946 is
1122 5893 1210 5962 qui
1251 5892 1587 5947 ordinaturus
1625 5900 1736 5947 erat
1772 5889 1934 5947 adve-

2056 548 2240 617 nisset,
2272 560 2453 622 raptus
2481 554 2702 611 Basilius
2722 558 2997 617 adducitur
3027 574 3081 619 ut
3106 568 3382 639 episcopus
3408 574 3624 631 ordina-

2054 649 2217 732 retur.
2248 641 2486 713 Cumque
2508 648 2854 706 reluctaretur
2879 654 2985 719 ille,
3014 658 3222 725 quidam
3252 676 3316 715 ex
3348 670 3623 732 praesenti-

2055 728 2150 782 bus
2171 730 2219 783 ei
2241 732 2395 787 vrrba
2414 734 2693 801 dederunt,
2714 741 3021 810 clamantes,
3038 746 3321 803 absurdum
3343 728 3482 821 esse,
3503 772 3623 811 eum

2053 822 2138 889 qui
2153 823 2398 879 omnibus
2421 825 2647 883 ferocior
2663 831 2933 889 videbatur
2947 834 3221 910 (Joannem
3238 842 3621 918 tlesignantcs),

2051 926 2171 1005 eum
2202 929 2387 985 magna
2427 919 2681 975 modestia
2721 922 2934 979 Patrum
2976 928 3165 996 placito
3198 932 3621 1005 obtemperasse;

2052 1004 2198 1098 illum
2238 1016 2447 1073 autem,
2491 1011 2644 1083 longe
2684 1015 3077 1083 prudentiorem
3121 1031 3176 1078 et
3223 1004 3621 1098 modestiorem,

2051 1093 2275 1153 ferocire
2300 1108 2356 1155 et
2377 1116 2563 1156 vanam
2596 1105 2814 1171 gloriam
2846 1121 3114 1179 appetere.
3143 1115 3251 1172 Hac
3271 1118 3490 1175 delusus
3510 1093 3626 1177 arto

2051 1188 2444 1286 ordinatusest
2470 1194 2694 1252 Basilius
2720 1202 3001 1272 episeOpus
3031 1206 3329 1278 Baphanete
3369 1212 3419 1267 in
3449 1213 3622 1286 Syria,

2050 1286 2109 1332 ut
2131 1281 2471 1349 probabiliter
2498 1288 2760 1343 existimat
2788 1292 3061 1350 Baronius.

2121 1371 2269 1427 Circa
2292 1391 2489 1431 annum
2520 1394 2663 1443 vero,
2688 1399 2793 1451 quo
2818 1384 2930 1440 hare
2950 1398 3094 1457 gesta
3126 1389 3286 1457 fuere,
3320 1394 3627 1452 Hermantio

2051 1473 2105 1517 et
2132 1464 2467 1523 Tillemontio
2492 1472 2800 1542 adstipulor,
2831 1478 2919 1547 qui
2945 1479 3127 1534 eadem
3157 1482 3221 1535 ad
3247 1500 3440 1540 annum
3466 1488 3624 1542 Chri-

2051 1556 2117 1609 5ti
2164 1556 2287 1625 572,
2331 1560 2411 1615 vel
2454 1563 2663 1617 circiter
2702 1565 2963 1633 referunt,
3011 1582 3301 1644 putantque
3344 1593 3447 1645 non
3484 1580 3625 1636 ultra

2051 1662 2245 1703 annum
2276 1652 2379 1706 574
2408 1668 2565 1721 posse
2588 1656 2807 1713 differri.
2841 1660 3011 1716 Unum
3040 1674 3119 1718 est
3143 1667 3281 1735 quod
3303 1683 3332 1721 a
3356 1670 3444 1723 tali
3476 1686 3624 1724 com-

2052 1744 2268 1811 putandi
2296 1748 2501 1802 ratione
2524 1760 2769 1805 avertere
2798 1755 2984 1822 possit,
3008 1757 3146 1823 quod
3174 1774 3364 1829 nempe
3392 1760 3626 1817 Joannes

2051 1844 2176 1892 tunc
2209 1837 2299 1905 25,
2328 1840 2414 1895 vel
2450 1841 2514 1895 ad
2542 1856 2804 1898 summum
2830 1846 2897 1900 27
2931 1857 3132 1903 tantum
3161 1866 3417 1907 annorum
3448 1865 3623 1922 esset,

2049 1937 2104 1984 et
2145 1931 2366 1986 Basilius
2408 1933 2644 2004 ejusdem
2680 1937 2891 1993 circiter
2928 1942 3120 2012 multis,
3150 1960 3267 2014 qum
3310 1946 3373 2000 ad
3419 1956 3623 2003 tantum

2049 2025 2442 2096 suscipiendum
2473 2044 2666 2084 munus
2697 2046 2800 2086 non
2844 2032 3030 2088 idonea
3070 2035 3322 2091 videatur.
3366 2038 3470 2094 Sed
3501 2040 3626 2095 licet

2049 2124 2199 2183 tetas,
2229 2132 2329 2186 qua
2356 2120 2587 2189 episcopi
2615 2122 2946 2187 ordinantur,
2972 2125 3141 2195 major
3161 2135 3218 2181 ut
3241 2128 3524 2197 plurimum
3547 2146 3625 2184 re-

2049 2209 2309 2277 quiratur,
2339 2227 2442 2265 non
2472 2211 2665 2266 desunt
2691 2216 2931 2284 exempla
2962 2231 3146 2271 eorum
3169 2220 3257 2289 qui
3282 2231 3405 2275 ante
3427 2220 3499 2276 25
3523 2237 3622 2274 an-

2048 2319 2174 2357 num
2218 2305 2449 2374 episcopi
2491 2307 2683 2362 adlecti
2726 2317 2779 2362 et
2812 2309 3084 2365 constituti
3121 2319 3263 2373 sunt,
3301 2320 3353 2365 et
3386 2312 3623 2383 alioquin

2048 2393 2162 2462 ipse
2199 2394 2423 2450 Basilius
2464 2396 2602 2466 apud
2643 2396 3082 2469 Cbrysostomum
3125 2403 3199 2455 ait
3246 2403 3296 2456 in
3345 2405 3545 2458 crimen
3591 2422 3621 2458 a

2047 2486 2314 2541 nonnullis
2340 2495 2554 2542 vocatos
2591 2486 2753 2544 fuisse
2778 2504 2890 2555 eos,
2920 2491 3007 2559 qui
3047 2506 3105 2545 se
3141 2492 3535 2559 ordinaverant,
3569 2504 3624 2548 et

2046 2578 2136 2647 qui
2160 2576 2418 2633 Joannem
2444 2586 2501 2632 ut
2528 2580 2834 2649 episcopum
2858 2592 3235 2636 eonseerarent
3256 2581 3450 2637 frustra
3482 2599 3621 2654 qua:-

2045 2670 2278 2734 sierant;
2316 2659 2496 2738 utpote
2519 2669 2607 2740 qui
2640 2679 2716 2725 tot
2744 2671 3005 2741 tantisque
3032 2672 3229 2728 relictis
3253 2674 3380 2727 viris
3400 2715 3415 2741 ,
3446 2674 3624 2729 adole-

2044 2769 2263 2825 scentes,
2308 2758 2423 2815 heri
2465 2775 2528 2815 ac
2571 2760 2951 2816 nudiustertius
2992 2762 3045 2815 in
3089 2764 3431 2819 saecularibus
3476 2765 3621 2819 curis

2045 2852 2326 2917 volutatos,
2369 2863 2425 2908 ut
2462 2853 2529 2907 ad
2573 2854 2733 2909 breve
2777 2864 2985 2926 tempus
3024 2856 3298 2925 supercilia
3338 2857 3621 2912 contrahe-

2044 2953 2180 3007 rent,
2206 2944 2373 3013 pullas
2401 2953 2574 2999 vestes
2601 2944 2898 3010 induerent,
2934 2946 3213 3016 vultusque
3243 2946 3508 3003 triStitiam
3539 2951 3616 3002 si-

2043 3036 2325 3101 mularent,
2356 3036 2642 3105 derepente
2676 3036 2744 3091 ad
2768 3046 2968 3092 tantum
2999 3037 3256 3093 honorem
3278 3039 3616 3105 adduxerim,

2041 3136 2294 3197 quantum
2324 3141 2391 3181 ne
2418 3126 2469 3180 in
2497 3127 2698 3182 somnis
2727 3128 2937 3197 quidem
2976 3130 3188 3199 assequi
3218 3130 3574 3198 speravissent
3599 3149 3615 3185 :

2041 3233 2147 3288 quo
2171 3219 2408 3287 arguitur
2433 3218 2716 3273 admodum
2752 3220 2973 3287 juvenes
3002 3230 3127 3276 tunc
3167 3221 3330 3277 fuisse
3357 3220 3618 3278 Joannem

2039 3323 2093 3368 et
2122 3312 2373 3366 Basiliam
2400 3312 2512 3381 ejus
2541 3312 2977 3381 condiscipulum.

2111 3402 2199 3458 Sic
2238 3403 2289 3456 in
2334 3403 2640 3472 episcopum
2676 3411 2948 3472 eoaptatus
2978 3402 3203 3458 Basilius
3232 3404 3409 3459 statim
3448 3403 3614 3461 Joan-

2041 3509 2160 3548 nem
2208 3493 2350 3560 adit,
2401 3502 2454 3547 et
2496 3494 2727 3563 graviter
2764 3509 2884 3548 cum
2928 3495 3020 3550 illo
3067 3497 3432 3567 conqueritur,
3473 3498 3615 3567 quod

2039 3585 2224 3641 fraude
2245 3601 2338 3641 sua
2362 3586 2428 3640 ad
2452 3594 2649 3639 tantum
2675 3602 2808 3640 onus
2836 3587 3229 3655 suscipiendum
3259 3597 3472 3643 coaetus
3501 3589 3616 3644 fue~

2039 3679 2109 3732 rit
2150 3677 2355 3748 (Chrys.
2392 3677 2455 3731 de
2484 3678 2696 3733 Sacerd.
2730 3686 2768 3731 t.
2798 3682 2850 3733 1.
2885 3678 2923 3732 ι.
2967 3679 3041 3747 1).
3074 3678 3205 3733 Tum
3249 3679 3515 3745 Joannes,
3556 3693 3616 3735 ut

2037 3784 2156 3823 sese
2196 3778 2462 3839 purgaret,
2494 3767 2687 3824 fatetur
2723 3784 2909 3824 revera
2951 3784 3086 3823 onus
3122 3785 3243 3825 esse
3276 3773 3499 3841 grande,
3526 3774 3614 3827 cui

2037 3861 2261 3916 ferendo
2293 3877 2350 3917 se
2377 3863 2635 3931 imparem
2671 3877 2790 3917 esse
2828 3862 3009 3916 multis
3037 3861 3105 3917 de
3130 3864 3324 3928 causis,
3354 3879 3485 3934 quas
3510 3864 3613 3918 ibi-

2038 3954 2159 4010 dem
2193 3954 2414 4026 profert,
2450 3956 2671 4026 probare
2707 3955 2919 4021 nititur;
2961 3954 3055 4010 sed
3083 3966 3505 4027 quantacumque
3544 3959 3616 4013 sit

2038 4051 2375 4120 epise0patus
2405 4060 2546 4105 recte
2573 4049 2790 4121 gerendi
2820 4047 3121 4112 difficultas,
3153 4059 3403 4120 Oportere
3433 4058 3611 4105 tamen

2038 4144 2180 4197 viros
2209 4143 2351 4212 eligi,
2383 4142 2472 4212 qui
2509 4141 2567 4209 id
2598 4141 2832 4196 muneris
2870 4140 3233 4209 susciperent,
3268 4155 3496 4211 cumque
3524 4142 3613 4196 ille

2038 4234 2291 4289 Basiliam
2319 4232 2444 4288 huic
2480 4231 2789 4288 exercendae
2817 4231 3057 4302 dignitati
3096 4231 3325 4286 maxime
3362 4231 3612 4286 idoneum

2038 4326 2405 4391 arbitraretur,
2432 4324 2563 4378 nihil
2589 4324 2804 4389 mirum,
2831 4322 2876 4377 si
2898 4322 2965 4376 ad
2986 4322 3035 4375 id
3058 4321 3219 4376 ofticii
3242 4322 3412 4392 ipsum
3429 4321 3609 4392 deligi,

2037 4429 2291 4490 quantum
2322 4415 2402 4472 fas
2438 4415 2541 4470 sibi
2567 4422 2715 4481 erat,
2755 4413 3037 4469 curaverit.
3070 4412 3235 4467 Totus
3264 4427 3391 4466 vero
3418 4412 3613 4481 dialogi

2036 4526 2187 4566 more
2214 4524 2392 4564 sermo
2419 4507 2739 4572 contexitur,
2772 4506 2858 4561 ubi
2898 4515 3002 4558 tam
3032 4505 3283 4573 praeclare
3320 4502 3389 4557 de
3425 4517 3609 4557 sacer-

2038 4602 2218 4657 dotum
2244 4599 2518 4670 dignitate,
2547 4597 2741 4663 officio,
2774 4596 3080 4649 muneribus
3108 4594 3351 4648 edisserit
3374 4593 3607 4663 Chryso-

2039 4704 2276 4759 stomus,
2307 4701 2364 4746 ut
2407 4691 2492 4744 vix
2533 4705 2713 4760 parem
2760 4688 2856 4743 hac
2886 4687 2953 4743 de
2992 4702 3050 4742 re
3080 4700 3384 4741 sermonem
3421 4684 3613 4739 alicubi

2038 4786 2294 4856 reperias.

2110 4877 2260 4931 Circa
2289 4884 2518 4944 tempus,
2548 4889 2654 4943 quo
2676 4872 2775 4927 hos
2808 4885 3081 4926 sermones
3106 4868 3270 4924 edidit
3294 4867 3615 4938 Chrysosto-

2040 4986 2179 5033 mus,
2223 4983 2330 5023 non
2374 4984 2474 5021 una
2512 4976 2595 5021 est
2633 4966 2949 5035 scriptorum
2990 4963 3269 5028 sententia,
3310 4974 3481 5029 neque
3524 4976 3617 5013 au-

2039 5061 2221 5115 diendi
2244 5067 2369 5114 sunt
2393 5059 2480 5129 qui
2503 5058 2687 5112 volunt
2710 5072 2775 5110 eo
2800 5057 2914 5125 ipso
2934 5054 3126 5124 dialogi
3145 5069 3266 5108 cum
3293 5052 3487 5107 Basilio
3516 5051 3617 5104 ha-

2040 5153 2134 5209 biti
2153 5161 2409 5222 tempore,
2430 5150 2589 5206 hosce
2613 5149 2775 5204 libros
2796 5156 2852 5202 ut
2870 5162 3009 5201 nunc
3030 5146 3313 5211 habentur,
3333 5143 3615 5213 scripsisse

2041 5244 2319 5300 Joannem.
2348 5242 2478 5297 Nam
2516 5241 2601 5296 vel
2636 5241 2748 5310 ipsa
2781 5238 3022 5294 ordiendi
3063 5237 3200 5292 ratio
3240 5237 3450 5306 aliquod
3505 5236 3615 5290 ela-

2042 5351 2195 5407 psum
2225 5345 2432 5404 tempus
2452 5331 2768 5396 subindieat,
2787 5338 2842 5385 et
2865 5330 3033 5384 series
3053 5336 3162 5383 tota
3177 5344 3289 5383 rem
3305 5327 3611 5383 meditatam

2042 5438 2096 5483 et
2116 5429 2169 5481 in
2196 5426 2306 5481 otio
2333 5424 2643 5479 adornatam
2670 5437 2779 5492 pra:
2816 5435 2876 5475 se
2902 5419 3023 5475 fert.
3053 5420 3144 5474 Ait
3179 5418 3427 5474 Socrates
3455 5417 3616 5473 Joan-

2042 5533 2185 5583 nem,
2231 5532 2350 5572 cum
2396 5516 2649 5570 diaconus
2691 5522 2853 5578 esset,
2895 5526 3086 5582 nempe
3124 5511 3190 5589 ab
3229 5526 3371 5566 anno
3408 5509 3507 5565 581
3550 5510 3619 5565 ad

2042 5625 2237 5665 annum
2263 5609 2387 5676 586,
2414 5623 2523 5679 quo
2552 5605 2827 5677 presbyter
2868 5604 3145 5659 ordinatus
3184 5602 3315 5669 fuit,
3348 5602 3514 5656 libros
3549 5600 3619 5655 de

2041 5700 2352 5759 Sacerdotio
2378 5699 2605 5755 edidisse
2631 5696 2803 5771 (Socr.
2834 5694 2874 5750 ι.
2906 5696 2960 5751 6.
3000 5710 3045 5749 c.
3073 5693 3153 5767 5).
3186 5692 3453 5749 Palladius
3492 5708 3620 5747 vero

2045 5795 2332 5852 secundum
2376 5793 2867 5863 interpretationem
2914 5789 3156 5845 Latinam
3198 5786 3465 5843 Ambrosii
3515 5786 3620 5842 Ca-

2048 5889 2424 5957 maldulensis,
2463 5886 2717 5944 Joannem
2760 5885 2811 5941 in
2844 5883 3126 5941 solitudine
3162 5881 3259 5938 hos
3294 5880 3457 5938 libros
3489 5882 3623 5937 emi-
