4122 6386
473 427 536 484 9|
1566 419 1621 473 S.
1660 416 1934 473 JOANNIS
1969 411 2442 470 CIIRYSOSTOMI
2468 410 2644 475 VITA,

471 543 606 595 sisse
641 538 793 604 dixit,
830 552 1023 608 nempe
1061 536 1130 590 ab
1167 549 1306 591 anno
1347 533 1558 589 circiter
1596 533 1700 588 575
1740 531 1806 586 ad
1849 545 2045 585 annum

473 631 598 695 ⁸581,
626 644 730 700 quo
761 644 826 684 ex
849 627 1132 688 solitudine
1155 627 1206 680 in
1234 625 1419 680 urbem
1449 623 1623 678 rediit.
1650 622 1938 677 Palladium
1970 623 2048 676 in-

473 731 783 777 cunctanter
822 736 1188 792 sequeremur,
1234 719 1278 774 si
1330 719 1384 772 in
1428 717 1616 773 Graeco
1665 725 1843 778 textu,
1889 731 2046 783 quem

474 815 640 870 edidit
668 815 944 870 Emericus
970 814 1223 884 Bigotius,
1248 811 1434 868 eadem
1462 811 1782 881 legerentur;
1813 807 1905 862 sed
1925 823 2048 862 cum

477 909 548 960 ibi
581 923 646 962 ne
675 909 880 960 minime
903 907 1115 976 quidem
1146 906 1242 960 hac
1265 904 1334 959 de
1361 920 1420 958 re
1446 910 1765 974 compareat,
1790 919 1820 957 a
1846 902 2048 957 calculo

477 998 699 1052 ferendo
724 997 1153 1066 supersedemus.

550 1091 702 1142 Anno
722 1089 843 1150 574,
871 1103 990 1141 cum
1012 1086 1186 1141 adhuc
1212 1085 1772 1152 Antiochitemaneret
1794 1083 2046 1152 Joannes,

479 1179 530 1232 in
570 1179 857 1245 periculum
890 1177 1092 1242 incidit,
1121 1177 1277 1247 quale
1317 1185 1496 1232 narrat
1535 1175 1649 1245 ipse
1689 1177 1742 1230 in
1768 1175 2053 1232 Commen-

477 1265 616 1318 tario
640 1265 690 1317 in
716 1266 846 1318 Acta
871 1265 1246 1334 Apostolorum
1284 1264 1370 1338 (T.
1402 1265 1454 1318 9.
1486 1281 1530 1318 c.
1561 1263 1688 1318 274.
1717 1281 1771 1317 n.
1811 1261 1889 1333 5).
1917 1262 2052 1318 Cum

477 1359 578 1412 sub
606 1358 833 1412 Valente
864 1357 1194 1426 lmperatore
1219 1357 1531 1428 perquisitio
1549 1371 1735 1426 magna
1754 1355 2053 1410 Antiochia:

479 1448 618 1503 facta
647 1457 728 1504 est
756 1449 1012 1503 librorum
1039 1449 1363 1519 magicorum
1394 1457 1449 1502 et
1473 1448 1880 1518 prmstigiarum,
1907 1447 2052 1502 mili-

479 1549 664 1609 tesque
708 1541 907 1595 circum
959 1540 1143 1594 urbem
1187 1539 1344 1608 positi
1393 1547 1535 1605 sunt,
1584 1554 1652 1594 ne
1689 1538 1807 1609 quis
1844 1538 2052 1593 crimini

479 1629 785 1701 hujusmodi
814 1631 1099 1695 obnoxius,
1145 1629 1284 1684 elabi
1320 1639 1533 1699 posset;
1570 1639 1679 1683 tum
1718 1628 1931 1697 quidam
1963 1629 2052 1698 qui

480 1719 672 1775 librum
699 1720 998 1788 hujusmodi
1026 1721 1225 1776 fecerat
1248 1733 1302 1775 et
1328 1721 1632 1789 scripserat,
1663 1736 1728 1774 ne
1757 1719 2057 1789 deprehen-

482 1811 716 1876 deretur,
762 1811 953 1864 librum
998 1811 1050 1864 in
1095 1810 1290 1865 ﬂumen
1335 1810 1575 1878 projecit.
1609 1809 1716 1864 Sed
1754 1825 1875 1864 cum
1913 1808 2054 1863 haud

483 1902 657 1956 dubiis
680 1902 886 1957 indiciis
905 1910 1086 1956 notum
1108 1911 1249 1957 esset
1268 1901 1458 1956 librum
1483 1901 1550 1954 ab
1572 1902 1659 1956 illo
1680 1903 2052 1956 concinnatum

480 1995 662 2058 fuisse,
690 2010 720 2048 a
745 1995 999 2048 militibus
1023 2003 1210 2063 captus
1233 2004 1332 2059 est,
1362 1995 1451 2064 qui
1478 2003 1537 2047 ut
1561 1994 1754 2048 librum
1784 1992 1937 2047 daret
1963 2009 2054 2047 ex-

481 2086 750 2154 petebant.
779 2085 872 2140 llle
912 2100 1040 2140 vero
1061 2085 1169 2156 jam
1197 2085 1324 2140 dare
1349 2100 1452 2140 non
1483 2092 1706 2154 poterat,
1745 2085 1860 2149 sed,
1893 2093 1950 2138 ut
1975 2085 2054 2138 vi-

481 2177 653 2241 detur,
704 2191 762 2230 se
805 2176 996 2232 fecisse
1038 2177 1282 2247 negabat,
1325 2192 1509 2231 verum
1545 2178 1711 2231 auctis
1754 2176 1960 2232 indiciis
2001 2184 2056 2230 et

483 2266 898 2336 probationibus,
924 2282 1111 2337 ptenas
1132 2267 1296 2322 dedit.
1325 2267 1457 2322 Dum
1484 2269 1756 2335 conjectus
1784 2269 1833 2321 in
1856 2267 2053 2322 ﬂumen

483 2355 619 2411 liber
659 2357 1024 2426 incompactus
1065 2367 1451 2427 supernataret,
1490 2359 1682 2414 accidit
1726 2369 1782 2414 ut
1822 2358 2053 2416 Joannes

484 2455 668 2502 noster
689 2462 808 2502 cum
835 2448 980 2502 socio
1009 2448 1074 2502 ad
1101 2450 1407 2520 martyrium
1430 2465 1522 2504 seu
1553 2450 1828 2504 ecclesiam
1856 2450 2049 2521 Marty-

483 2553 599 2592 rum
630 2553 872 2608 pergens,
900 2539 1048 2608 juxta
1089 2539 1285 2595 flumen
1320 2541 1420 2597 iter
1450 2541 1665 2596 faceret.
1706 2541 1895 2598 Soeius
1931 2559 2054 2597 vero

485 2631 666 2697 ipsius,
696 2644 754 2684 ut
784 2635 848 2685 ad
877 2649 1022 2687 oram
1052 2645 1480 2702 supernatantem
1521 2635 1715 2690 librum
1748 2638 1910 2705 vidit,
1958 2639 2056 2692 lin-

486 2729 626 2774 teum
653 2736 772 2776 esse
817 2724 1036 2790 putavit,
1077 2739 1140 2777 ac
1183 2723 1513 2780 descendens
1551 2729 1773 2798 accepit.
1820 2729 2054 2785 Joannes

484 2824 612 2862 vero
629 2821 908 2880 antequam
930 2813 1052 2882 quid
1082 2814 1133 2868 id
1155 2823 1298 2870 esset
1316 2818 1558 2882 sciretur,
1589 2828 1813 2888 reperta:
1840 2821 1914 2876 rei
1937 2837 2056 2890 par-

482 2907 589 2952 tem
620 2901 686 2954 ad
711 2916 768 2955 se
797 2903 1062 2970 pertinere
1093 2905 1312 2961 ridendo
1339 2909 1711 2963 contendebat.
1737 2911 1872 2965 Tum
1904 2927 2055 2966 revo-

483 2991 592 3044 luta
639 2993 826 3061 pagina
879 2997 1054 3050 socius
1099 2999 1299 3067 magica
1340 3001 1533 3068 scripta
1587 3003 1804 3056 invenit.
1850 3004 2057 3058 Accidit

484 3093 658 3136 autem
692 3091 748 3136 ut
775 3083 960 3139 eodem
992 3094 1231 3156 tempore
1259 3090 1408 3144 miles
1431 3092 1697 3147 transiret.
1725 3093 1858 3148 Hinc
1885 3103 2055 3148 terror

487 3183 769 3244 utrumque
791 3175 1016 3241 invasit;
1052 3178 1243 3234 librum
1272 3181 1502 3251 abjicere
1532 3198 1634 3237 non
1660 3185 1955 3252 audebant,
1988 3203 2056 3242 ne

487 3266 786 3322 viderentur
806 3270 922 3339 ejus
942 3281 1186 3328 auctores
1203 3289 1339 3329 esse.
1359 3275 1592 3330 Tandem
1614 3293 1741 3332 vero
1759 3279 2051 3348 projecere,

491 3369 542 3412 et
576 3359 683 3413 Deo
704 3360 922 3430 juvante
950 3379 979 3418 a
1005 3365 1238 3433 periculo
1259 3367 1426 3435 erepti
1456 3377 1597 3421 sunt.

557 3447 924 3506 Monac/torum
976 3456 1029 3507 in
1081 3456 1330 3511 montibus
1382 3459 1660 3514 Antiochia:
1712 3461 1884 3515 vicinis
1933 3464 2051 3515 vita.

487 3539 683 3595 -—Hoc
712 3541 950 3598 fortassis
977 3554 1168 3600 eventu
1198 3549 1478 3617 perculsus
1505 3550 1758 3616 Joannes,
1787 3567 2054 3607 secessum

485 3631 552 3682 ad
581 3634 899 3686 monasteria
938 3635 987 3687 in
1016 3638 1284 3691 montibus
1313 3638 1606 3693 Antiochiae
1633 3641 1817 3695 vicinis
1850 3642 2018 3710 posita
2045 3685 2057 3701 .

484 3735 640 3786 quem
677 3721 877 3788 jamdiu
921 3725 1100 3779 animo
1141 3738 1484 3794 conceperat,
1527 3730 1795 3785 ardentius
1836 3733 2057 3802 appetiit

485 3808 652 3876 (Pali.
690 3811 829 3867 Dial.
853 3834 904 3885 p.
944 3815 1054 3886 41).
1085 3816 1268 3888 Neque
1311 3821 1451 3874 enim
1486 3821 1560 3875 illi
1590 3823 1877 3892 quidquam
1915 3841 2054 3894 pra:-

485 3903 730 3958 stabilius
764 3905 1041 3963 videbatur
1085 3925 1205 3965 esse
1247 3912 1348 3966 vita
1393 3913 1499 3977 illa,
1545 3930 1661 3984 qua:
1709 3924 1818 3970 tota
1863 3917 2056 3975 divinis

487 3993 648 4048 rebus
678 3996 882 4051 addicta
922 4010 1082 4054 esset.
1131 4001 1193 4055 Et
1233 4003 1346 4072 ipse
1374 4003 1584 4074 quidem
1612 4006 1720 4075 jam
1753 4023 1915 4075 penes
1945 4025 2057 4064 ma-

486 4093 623 4138 trem
651 4087 810 4141 ritam
841 4090 1067 4144 ducebat
1097 4095 1404 4148 monastiete
1443 4110 1546 4149 non
1586 4097 1901 4162 absimilem,
1937 4115 2058 4169 pre-

484 4175 704 4239 cationi,
730 4176 946 4246 jejuniis
969 4219 983 4244 ,
1017 4181 1227 4250 vigiliis,
1259 4183 1651 4254 Scripturarum
1682 4187 1892 4243 lectioni
1920 4191 2055 4244 assi-

485 4264 592 4318 due
621 4266 874 4332 intentus,
905 4271 1141 4326 inclusus
1170 4289 1382 4344 semper
1410 4292 1648 4345 manens,
1678 4289 1732 4332 et
1752 4293 2056 4351 segregatus

483 4371 512 4405 a
535 4357 730 4411 saeculo
756 4368 806 4414 et
823 4374 851 4413 a
880 4363 1222 4418 saecularibus
1238 4367 1494 4436 negotiis;
1517 4378 1746 4425 attamen
1769 4371 1832 4425 ad
1851 4384 2056 4428 montes

486 4443 630 4498 illum
665 4450 917 4506 evocabat
947 4454 1048 4507 vita
1079 4455 1165 4509 illa
1195 4458 1575 4514 monachorum
1609 4463 1866 4532 angelica,
1897 4480 2053 4532 quam

486 4552 591 4591 non
624 4542 788 4594 semel
821 4544 931 4612 ipse
959 4545 1229 4602 describit.
1260 4548 1340 4603 llli
1375 4567 1627 4622 namque,
1656 4554 1746 4624 qui
1785 4557 2054 4610 saecularia

487 4629 664 4684 omnia
685 4630 1075 4697 abdicaverant.
1104 4637 1193 4691 diu
1233 4651 1354 4694 ante
1384 4641 1553 4695 lucem
1579 4644 1810 4713 quotidie
1838 4661 2056 4715 surgere

483 4733 891 4792 consueverant,
921 4736 974 4782 et
1016 4745 1117 4783 una
1161 4731 1367 4786 collecti
1405 4748 1587 4801 preces
1625 4735 1912 4791 fundebant
1951 4739 2054 4791 Do-

487 4813 636 4868 mino
674 4817 1057 4887 supplicantes,
1103 4829 1163 4875 ut
1208 4821 1260 4875 in
1295 4822 1470 4877 medio
1514 4824 1866 4892 periculorum
1902 4827 2055 4896 hujus

487 4903 615 4959 vitae
639 4904 788 4962 illaesi
813 4910 1168 4978 pmterirent,
1192 4926 1255 4967 ac
1282 4911 1496 4967 demum
1527 4923 1647 4969 ante
1671 4915 1904 4971 tribunal
1926 4918 2054 4972 illud

481 5003 782 5049 extremum
816 4995 935 5050 sine
977 5004 1124 5049 metu
1174 5005 1229 5049 et
1274 4995 1470 5050 damno
1513 4995 1849 5051 accederent.
1881 4997 2060 5052 Tunc-

481 5105 589 5160 que
629 5095 912 5159 surgentes
949 5087 1112 5141 horas
1141 5089 1426 5140 matutinas
1456 5088 1773 5157 psallebant,
1821 5105 1918 5144 nec
1945 5105 2063 5144 mo-

484 5183 607 5238 dico
657 5182 711 5236 in
762 5181 847 5236 his
885 5182 1074 5237 ofﬁciis
1124 5183 1393 5250 insumpto
1436 5191 1696 5252 tempore,
1729 5184 1794 5238 ad
1825 5184 2059 5238 laborem

485 5290 740 5329 manuum
772 5273 1152 5342 properabant.
1190 5273 1324 5327 Tum
1365 5273 1455 5327 alii
1497 5285 1693 5328 terram
1738 5274 1939 5343 fodere,
1971 5259 2063 5334 alii

484 5365 633 5420 olera
674 5374 728 5419 et
769 5365 1040 5435 legumina
1083 5380 1302 5429 cura-re,
1352 5365 1441 5419 alii
1480 5380 1669 5435 aquam
1713 5378 1940 5437 gestare,
1974 5371 2066 5426 alii

485 5457 649 5511 cistas
697 5467 752 5510 et
807 5457 980 5512 cilicia
1033 5456 1242 5527 aliaque
1297 5457 1597 5526 hujusmodi
1651 5467 1836 5515 texere
1893 5478 1908 5514 :
1964 5477 2067 5518 nec

486 5547 710 5602 deerant
757 5547 850 5618 qui
906 5547 1056 5602 libris
1101 5548 1398 5604 scribendis
1453 5556 1506 5604 et
1554 5551 1922 5608 exscribendis
1967 5554 2066 5609 da-

489 5651 610 5694 rent
639 5655 855 5710 operam
891 5639 977 5712 (Τ.
1007 5641 1058 5694 7.
1090 5658 1135 5694 c.
1169 5642 1290 5698 643.
1322 5659 1374 5696 n.
1407 5642 1460 5697 5.
1491 5641 1615 5699 651.
1649 5662 1700 5698 n.
1746 5645 1798 5700 5.
1831 5645 1893 5700 Τ.
1934 5648 1983 5702 1.
2017 5665 2065 5702 c.

489 5732 612 5786 διδ.
634 5748 686 5785 η.
716 5731 793 5804 3).

558 5827 770 5883 Partem
840 5809 997 5884 etiam
1067 5826 1441 5884 matutinarum
1512 5827 1762 5884 horarum
1821 5826 2057 5897 legendis

3675 412 3745 467 9‘2

2155 524 2209 579 S.
2238 523 2523 593 Scriptura:
2551 523 2700 577 libris
2725 522 3060 576 insumebaut
3084 563 3097 588 ,
3132 521 3360 593 indeque
3385 523 3638 593 quidquid
3673 525 3740 578 ad

2156 615 2440 670 severioris
2492 612 2787 683 disciplina:
2837 614 3006 684 legem
3050 613 3341 683 pertineret
3387 613 3723 669 hauriebam.

2156 706 2401 762 Universi
2433 721 2612 776 porro,
2645 715 2755 760 tum
2784 706 2819 759 ii
2846 705 2936 776 qui
2959 705 3266 760 excolenda:
3299 715 3457 760 terra:
3482 707 3738 760 exercitio

2156 813 2275 854 sese
2302 798 2576 863 dederant,
2621 807 2732 852 tum
2771 799 2860 852 alii
2901 799 2990 868 qui
3036 799 3089 851 in
3131 798 3339 854 cellulis
3379 799 3492 853 suis
3522 801 3736 855 texendi

2155 889 2240 943 vel
2269 889 2563 944 eonsuendi
2593 889 2824 944 ofﬁcium
2863 889 3208 959 peragebant,
3244 898 3499 959 perpetuo
3523 889 3738 944 silentio

2156 980 2352 1035 addicti
2379 990 2556 1036 erant.

2228 1071 2283 1126 Si
2312 1082 2485 1126 tamen
2510 1071 2794 1126 saeculares
2815 1071 2995 1142 aliqui,
3027 1080 3133 1126 tam
3166 1081 3368 1127 sanctae
3390 1116 3404 1139 ,
3440 1083 3546 1126 tam
3575 1083 3736 1127 arcta:

2157 1162 2280 1216 vitae
2319 1163 2456 1216 fama
2496 1163 2745 1232 permoti,
2787 1162 2852 1216 ad
2889 1163 3107 1218 cellulas
3153 1178 3337 1218 eorum
3383 1163 3732 1229 accederent;

2159 1267 2262 1306 non
2299 1252 2410 1323 jam
2448 1254 2694 1309 tacebant
2727 1254 2821 1319 illi,
2864 1255 2956 1310 sed
2991 1256 3059 1310 de
3101 1256 3166 1310 iis
3190 1271 3309 1326 qua:
3351 1255 3416 1310 ad
3458 1257 3736 1325 praesentis

2157 1344 2278 1397 vita:
2310 1353 2669 1414 contemptum
2693 1354 2747 1400 et
2779 1345 2967 1400 futura:
2995 1346 3270 1416 beataeque
3283 1344 3602 1400 desiderium
3622 1347 3738 1401 alli-

2157 1450 2281 1489 cere
2322 1445 2568 1505 poterant
2597 1436 2733 1491 haud
2776 1437 3042 1492 illibenter
3082 1438 3242 1492 verba
3268 1436 3550 1492 faciebant.
3583 1437 3735 1494 Unde

2159 1527 2422 1581 interdum
2469 1527 2765 1593 accidebat,
2811 1539 2870 1584 ut
2914 1529 2949 1583 ii
2994 1530 3084 1599 qui
3130 1529 3229 1584 hos
3278 1530 3539 1584 invisendi
3575 1546 3733 1586 causa

2157 1625 2362 1671 tantum
2406 1629 2683 1684 venerant,
2728 1619 2819 1673 illo
2862 1621 3091 1688 perculsi
3134 1621 3460 1690 spectaculo,
3504 1620 3734 1692 idipsum

2157 1709 2280 1762 vite
2307 1725 2473 1779 genus
2499 1711 2969 1780 amplecterentur.

2232 1801 2354 1857 Dies
2390 1801 2442 1856 in
2475 1811 2653 1871 partes
2683 1813 2909 1873 quatuor
2941 1803 3219 1858 distributa
3258 1805 3396 1874 apud
3434 1805 3552 1860 lllos
3581 1816 3729 1873 erat;

2158 1891 2380 1960 singulae
2423 1907 2551 1946 vero
2589 1902 2770 1962 partes
2821 1893 3005 1948 divino
3049 1894 3225 1949 officio
3276 1896 3730 1961 terminabantur;

2157 1979 2336 2036 Tertia
2362 1997 2576 2052 nempe,
2608 1982 2787 2049 Sexta,
2816 1983 2962 2037 Nona
2988 1993 3043 2038 et
3068 1985 3336 2053 Vesperis,
3362 2002 3480 2056 qua:
3508 1986 3731 2042 alternis

2155 2072 2333 2126 choris
2382 2073 2707 2142 psalmorum
2763 2083 2922 2128 cantu
2971 2075 3396 2129 celebrabantur.
3446 2075 3730 2146 Postquam

2155 2181 2286 2220 vero
2308 2166 2498 2235 jejuni,
2518 2166 2658 2220 diem
2687 2175 2852 2220 totum
2884 2167 2935 2220 in
2959 2167 3228 2236 precibus,
3252 2167 3436 2222 labore
3456 2183 3728 2228 manuum.

2158 2258 2395 2327 psalmis,
2444 2273 2596 2312 sacra
2637 2258 2863 2313 lectione
2905 2267 3294 2328 lransegerant,
3327 2259 3393 2313 ad
3420 2261 3594 2314 cibum
3637 2275 3730 2314 su-

2158 2349 2407 2403 mendum
2430 2349 2642 2403 tandem
2663 2349 3069 2404 conveniebant.
3087 2350 3265 2405 Coma:
3285 2359 3570 2418 apparatus
3591 2359 3733 2404 totus

2156 2449 2274 2494 erat
2311 2440 2461 2510 panis
2487 2455 2608 2494 cum
2647 2440 2787 2506 sale,
2823 2440 2985 2510 aliqui
3021 2441 3197 2494 oleum
3237 2440 3530 2503 addebant,
3577 2454 3732 2494 senes

2157 2541 2334 2586 autem
2377 2541 2430 2585 et
2468 2531 2789 2585 infirmiores
2832 2532 2977 2585 olera
3020 2531 3105 2585 vel
3146 2531 3408 2600 legumina
3451 2549 3463 2584 :
3502 2546 3637 2601 aqua
3678 2533 3730 2584 in

2159 2631 2340 2692 potum
2384 2623 2514 2676 satis
2558 2631 2692 2677 erat.
2740 2622 2865 2676 Post
2907 2637 3112 2676 ccenam
3159 2623 3288 2675 fusis
3332 2621 3576 2691 precibus
3620 2622 3728 2676 Deo

2156 2715 2353 2785 gratias
2378 2715 2624 2785 agebant,
2653 2715 2948 2784 exindeque
2977 2715 3224 2769 sedentes
3251 2731 3356 2770 una
3385 2715 3452 2769 de
3477 2715 3638 2770 rebus
3661 2717 3726 2769 ad

2158 2809 2385 2862 salutem
2413 2817 2467 2862 et
2496 2808 2768 2862 caelestem
2795 2809 2954 2862 vitam
2986 2809 3344 2877 spectantibus
3373 2809 3536 2863 verba
3567 2807 3730 2864 facie-

2159 2900 2306 2968 bant,
2333 2899 2546 2954 demum
2588 2899 2718 2953 fusis
2759 2900 3022 2968 precibus,
3056 2900 3109 2952 in
3141 2900 3334 2953 storeis
3374 2898 3516 2951 humi
3545 2899 3731 2967 positis

2159 2991 2436 3056 cubantes,
2461 2991 2774 3046 tenuissimo
2812 2991 2931 3044 cibo
2967 3004 3211 3043 somnum
3242 2989 3570 3043 levissimum
3600 2988 3728 3041 sub-

2159 3081 2514 3144 ministrante,
2565 3081 2766 3150 aliquot
2812 3079 2957 3134 horis
3009 3080 3371 3148 quiescebant,
3412 3078 3731 3148 demumque

2159 3171 2411 3241 praefecto
2437 3173 2622 3227 leviter
2649 3180 3024 3225 commonente
3054 3181 3108 3224 et
3135 3171 3250 3224 sine
3280 3170 3501 3239 strepitu
3533 3184 3729 3238 exper-

2158 3261 2373 3333 gefacti,
2402 3264 2778 3333 surgebant'ad
2807 3265 2977 3332 priora
3007 3261 3567 3332 repetenda.Vestitus
3588 3271 3732 3315 tctus

2158 3369 2222 3409 ex
2249 3355 2370 3424 pilis
2394 3368 2671 3424 caprarum
2692 3355 2772 3409 vel
2794 3355 3118 3409 camelorum
3142 3362 3273 3417 erat,
3299 3363 3392 3407 aut
3415 3369 3477 3408 ex
3505 3354 3732 3424 pellibus

2160 3461 2256 3500 usu
2288 3447 2448 3501 tritis.

2231 3542 2308 3595 Ex
2346 3556 2597 3596 manuum
2637 3540 2817 3594 labore
2857 3555 2962 3593 non
3005 3539 3104 3594 sibi
3147 3537 3308 3592 modo
3338 3538 3535 3592 victum
3577 3551 3730 3606 para-

2159 3630 2319 3694 bant;
2367 3630 2463 3685 sed
2511 3644 2632 3684 cum
2681 3629 2752 3682 ita
2807 3628 2981 3682 tenuis
3028 3642 3178 3682 coena
3229 3641 3478 3696 perquam
3527 3627 3728 3680 minimi

2160 3730 2404 3790 sumptus
2424 3729 2586 3788 esset,
2601 3736 2717 3790 qua:
2737 3728 3048 3789 supererant
3073 3719 3244 3772 omnia
3269 3719 3586 3789 pauperibus
3612 3735 3732 3772 ero-

2159 3813 2373 3880 gabant.
2401 3812 2456 3866 Si
2483 3812 2603 3882 quis
2623 3827 2750 3866 vero
2777 3811 2969 3880 hospes
2990 3811 3288 3874 accederet,
3316 3810 3546 3864 libenter
3571 3825 3599 3862 a
3627 3825 3733 3863 mo-

2161 3905 2345 3959 nachis
2369 3904 2750 3976 excipiebatur,
2770 3904 2857 3973 qui
2882 3902 3001 3958 lotis
3022 3901 3402 3972 ejus.pedibus,
3420 3917 3553 3971 quos
3567 3917 3730 3971 penes

2162 4009 2220 4050 se
2246 3995 2509 4049 habebant
2533 3994 2682 4048 cibos
2712 3994 2808 4063 ipsi
2835 3993 3326 4055 subministrabant,
3357 3991 3529 4060 deque
3554 4007 3730 4045 rerum

2161 4083 2488 4142 terrenarum
2527 4085 2666 4140 fluxa
2701 4086 3005 4140 conditione
3040 4085 3437 4154 caelestiumque
3478 4082 3731 4138 felicitate

2161 4178 2322 4234 verba
2354 4177 2632 4243 faciebant,
2663 4185 2722 4230 ut
2751 4191 2910 4246 supra
2930 4175 3178 4230 diximus.

2234 4269 2381 4323 Hanc
2418 4269 2540 4322 vita:
2569 4267 2828 4322 rationem
2867 4268 3134 4336 suscipere
3159 4267 3391 4322 Joannes
3426 4276 3606 4322 noster
3634 4279 3729 4318 cn-

2162 4360 2356 4430 piebat,
2408 4367 2568 4429 utque
2609 4358 2675 4412 ad
2715 4358 2859 4412 illam
2903 4373 2961 4412 se
3003 4366 3354 4426 compararet,
3391 4358 3548 4411 etiam
3587 4356 3729 4409 domi

2161 4451 2412 4506 exercitia
2452 4449 2694 4518 quaedam
2734 4448 3022 4503 Inonastica
3055 4448 3392 4510 secta-batur;
3431 4461 3618 4500 verum
3662 4445 3730 4496 ab

2163 4544 2265 4598 hoc
2314 4543 2586 4613 proposito
2633 4541 2937 4598 deterrebat
2981 4540 3126 4594 illum
3170 4539 3289 4592 vita:
3331 4537 3592 4607 asperitas
3640 4536 3730 4590 illa

2160 4651 2316 4705 quam
2344 4635 2504 4690 modo
2529 4633 2927 4703 descripsimus.
2955 4632 3028 4686 Ea
3057 4629 3122 4684 de
3151 4645 3210 4684 re
3229 4628 3518 4684 audiendus
3543 4627 3630 4682 ille
3649 4634 3733 4682 est

2151 4732 2256 4802 (Ad
2277 4729 2587 4783 Demetrium
2608 4727 2671 4779 de
2691 4725 2868 4792 Camp.
2895 4731 2933 4776 t.
2958 4722 3009 4776 i.
3025 4737 3070 4773 c.
3091 4719 3218 4774 405.
3240 4720 3278 4772 ι.
3298 4718 3385 4785 25,
3401 4727 3416 4764 :
3432 4717 3556 4770 Cum
3573 4731 3732 4784 nuper

2151 4839 2243 4894 ego
2262 4821 2608 4883 decrevissem,
2627 4816 2807 4870 relicta
2833 4813 2970 4878 urbe,
3000 4811 3069 4864 ad
3098 4809 3424 4863 tabernacula
3451 4806 3727 4860 monacho-

2153 4935 2269 4972 rum
2283 4915 2532 4979 secedere,
2555 4911 2769 4968 sollicite
2782 4907 3061 4976 quaerebam
3081 4916 3126 4959 et
3145 4903 3458 4967 sciscitabar,
3482 4901 3734 4955 undenam

2161 5001 2553 5053 necessariorum
2579 5007 2883 5052 commeatus
2911 4996 3181 5065 adfuturus
3203 5003 3359 5056 esset,
3392 5003 3437 5046 et
3464 5009 3583 5044 nunt
3619 4992 3730 5058 ﬁeri

2161 5097 2325 5158 posset
2355 5099 2407 5143 ut
2438 5089 2583 5159 panis
2612 5105 2780 5141 recens
2807 5097 2852 5140 ct
2883 5084 3094 5139 ὀίω-ηαδ
3123 5084 3463 5138 comederetur
3488 5098 3506 5135 :
3534 5098 3598 5134 an
3622 5082 3732 5149 quis

2162 5201 2242 5237 me
2269 5193 2533 5236 coacturus
2571 5188 2696 5234 esset
2733 5179 2904 5232 eodem
2941 5179 3014 5230 uti
3055 5178 3163 5230 oleo
3203 5192 3293 5242 pro
3335 5175 3537 5227 lucerna
3567 5183 3612 5224 et
3643 5188 3734 5239 pro

2163 5275 2306 5339 cibo;
2341 5291 2406 5325 an
2447 5273 2559 5342 quis
2600 5287 2678 5324 me
2706 5268 3013 5340 impulsurus
3051 5269 3118 5320 ad
3157 5267 3388 5318 miseram
3429 5262 3735 5334 leguminum

2163 5381 2360 5430 escam;
2400 5380 2466 5416 an
2508 5362 2854 5434 assignaturus
2893 5375 3018 5427 Opus
3061 5357 3265 5419 durum,
3301 5363 3352 5406 ut
3393 5363 3499 5417 est,
3540 5352 3731 5422 fodere,

2166 5460 2304 5529 ligna
2331 5457 2546 5528 deferre,
2583 5471 2764 5525 aquam
2789 5462 3124 5521 comportare,
3155 5459 3201 5502 et
3230 5456 3409 5502 cwtera
3439 5446 3607 5500 omnia
3635 5446 3734 5496 Im-

2158 5550 2385 5621 jusmodi
2423 5548 2731 5612 ministeria;
2767 5555 2813 5599 et
2849 5555 2904 5598 ut
2939 5543 3226 5598 summatim
3261 5541 3446 5603 dicam,
3474 5538 3632 5591 multa
3670 5537 3734 5590 de

2165 5643 2324 5713 quiete
2345 5641 2570 5711 corporis
2596 5637 2943 5710 percontabar.
2968 5637 3037 5689 At
3065 5635 3162 5689 hos
3185 5634 3288 5696 ille,
3317 5632 3405 5703 qui
3427 5645 3546 5686 sese
3567 5629 3734 5683 menti

2165 5733 2460 5790 offerebant
2504 5733 2702 5796 obices,
2756 5729 2966 5784 virtutis
3012 5736 3068 5783 et
3111 5725 3397 5781 severioris
3441 5720 3735 5790 disciplinae

2169 5839 2351 5881 amore
2385 5823 2592 5892 ductus,
2626 5818 2837 5876 tandem
2875 5817 3161 5888 superavit,
3193 5824 3248 5871 et
3275 5813 3339 5870 ad
3364 5813 3450 5870 illa
3477 5809 3735 5867 montium
