4122 6386
396 418 466 475 ςδ
1601 396 1782 456 nunc
1822 390 2085 451 ramum
2122 386 2512 445 sponsus.
3586 393 3653 448 ω,

399 528 737 584 tabernacula
759 522 1098 580 conscendit:
1116 520 1247 575 nihil
1264 527 1483 589 potuere
1504 513 1689 568 matris
1711 523 1897 581 preces
1923 514 1976 562 et

398 622 663 690 lacrymae,
696 626 753 671 ut
779 617 921 670 illum
943 620 1245 670 averterent
1269 627 1298 665 a
1320 618 1429 663 tam
1458 605 1654 663 salubri
1681 601 1973 674 proposito,

398 713 490 765 sed
524 710 720 765 Christi
752 708 974 763 consilio
1002 705 1280 773 obtemper
1299 721 1345 754 ιΙΙ
1383 741 1397 765 ,
1428 707 1650 753 matrem
1676 692 1891 762 reliquit
1920 699 1978 744 ut

399 802 570 871 ipsum
597 808 928 869 sequeretur.

468 892 690 945 Joannes
716 892 768 945 in
795 890 1095 943 monasterio
1116 902 1275 940 annos
1295 903 1324 954 q
1397 894 1509 937 tuor
1536 879 1860 949 transigit.—
1879 876 1975 930 1110

398 997 519 1036 cum
548 983 781 1036 venisset
813 980 980 1051 (Anno
1014 979 1136 1034 574.
1169 976 1245 1031 vel
1282 977 1315 1031 5
1353 974 1386 1028 5
1414 970 1660 1040 ineunte),
1698 970 1749 1022 in
1781 966 1975 1038 Syrum

399 1075 679 1145 quemdam
723 1074 937 1135 incidit,
977 1070 1326 1126 severissimre
1356 1065 1648 1134 disciplina:
1688 1074 1892 1123 senem,
1923 1065 1977 1111 et

399 1169 612 1222 duriora
642 1168 758 1236 ejus
780 1167 898 1219 vita:
921 1164 1158 1217 instituta
1186 1161 1422 1214 imitatus
1449 1165 1531 1211 est
1551 1154 1704 1207 annis
1727 1162 1973 1221 quatuor,

402 1263 606 1316 luctans
626 1276 745 1315 cum
774 1259 1102 1326 voluptatum
1127 1252 1380 1322 scopulis,
1403 1264 1535 1319 quos
1564 1246 1719 1301 facile
1742 1260 1848 1298 non
1871 1252 1976 1295 tam

402 1355 583 1408 labore
615 1367 770 1422 quant
803 1351 1009 1404 ratiOne
1038 1345 1305 1417 superavit
1332 1339 1560 1411 (Pallad.
1589 1355 1642 1407 p.
1674 1336 1785 1405 41).
1814 1332 1977 1388 Paulo

402 1456 681 1515 postquam
712 1442 776 1497 ad
819 1451 1028 1495 montes
1057 1435 1339 1492 secedendi
1369 1446 1529 1488 causa
1567 1445 1627 1485 se
1659 1425 1973 1488 contulerat,

403 1554 432 1589 a
461 1534 728 1590 Demetrio
765 1533 937 1586 amico
978 1537 1194 1599 rogatus
1235 1526 1423 1579 librum
1464 1522 1531 1576 de
1557 1516 1979 1587 Compunctione

403 1629 588 1685 edidit.
644 1626 755 1681 Hoc
801 1625 1029 1695 primum
1074 1620 1343 1692 specimen
1396 1615 1543 1670 dedit
1593 1610 1868 1681 scriptoris
1913 1608 1978 1661 ad

405 1736 612 1777 summa
652 1719 760 1773 nati
799 1737 812 1772 :
847 1717 932 1770 hic
979 1712 1230 1785 quidquid
1274 1710 1340 1764 ad
1379 1705 1707 1763 suadendum
1754 1702 1980 1756 validius

404 1812 691 1883 excogitari
724 1818 896 1880 potest
925 1807 1227 1863 adhibetur.
1270 1804 1395 1858 Post
1436 1801 1578 1855 hunc
1622 1812 1750 1853 vero
1789 1796 1979 1850 librum

406 1906 472 1960 ad
502 1903 828 1960 Stelechium
864 1900 1090 1955 alterum
1129 1897 1197 1952 de
1231 1892 1654 1964 Compunctione
1681 1888 1980 1943 ardentiore

407 2000 549 2071 stylo
568 1996 731 2051 misit.
762 1995 815 2049 ln
856 1994 1027 2063 primo
1053 1989 1118 2044 ad
1150 1988 1471 2043 Demetrium
1499 2000 1557 2039 se
1594 1997 1764 2050 nuper
1796 1979 1861 2033 ad
1901 1990 1980 2031 ta-

407 2087 686 2143 bernacula
718 2083 1096 2139 monachorum
1124 2079 1381 2135 accedere
1408 2076 1708 2132 decrevisse
1726 2073 1820 2138 ait,
1848 2080 1899 2125 et
1929 2072 1979 2124 in

408 2177 756 2247 sequentibus
786 2191 844 2230 se
876 2174 983 2228 illic
1011 2184 1120 2227 tum
1145 2169 1348 2225 versari
1382 2168 1613 2222 insinuat
1640 2183 1654 2219 :
1686 2177 1852 2234 quare
1880 2176 1981 2240 una

409 2270 509 2323 fuit
539 2269 775 2322 omnium
803 2266 982 2336 cpinio
1009 2264 1110 2317 hoc
1131 2276 1263 2332 opus
1289 2259 1521 2316 edidisse
1541 2256 1800 2313 Joannem
1825 2253 1984 2324 paulo

408 2373 687 2433 postquam
717 2360 782 2415 ad
834 2356 1157 2413 monasteria
1194 2371 1253 2410 se
1281 2352 1598 2417 contulerat,
1634 2357 1690 2404 et
1723 2363 1847 2403 cum
1877 2346 1985 2400 illic

410 2463 744 2512 versaretur.
772 2453 970 2507 Verum
996 2447 1365 2504 Tillemontius
1390 2454 1575 2499 contra
1601 2442 1737 2495 hanc
1767 2448 1983 2494 senten-

354 2612 357 2615 δ
410 2552 556 2614 tiam,
589 2563 745 2618 quam
776 2556 951 2600 tamen
991 2543 1211 2597 omnino
1250 2555 1353 2595 non
1386 2536 1610 2606 respuit,
1641 2550 1699 2590 se
1724 2532 1985 2587 validissi-

410 2656 555 2694 mum
580 2640 741 2693 telum
768 2646 1121 2705 contorquere
1152 2640 1319 2701 putat,
1347 2645 1467 2685 cum
1494 2629 1587 2693 ait,
1616 2626 1703 2680 hic
1727 2625 1983 2680 Joannem

412 2735 482 2787 ita
520 2733 680 2803 loqui,
723 2741 781 2785 ut
808 2740 917 2783 tum
954 2727 1230 2798 presbyter
1269 2724 1433 2778 fuisse
1468 2735 1685 2791 prorsus
1723 2716 1982 2771 videatur.

410 2824 608 2879 Verum
636 2833 692 2877 ut
717 2822 769 2876 in
793 2821 990 2875 Mnnito
1010 2818 1076 2872 ad
1103 2817 1243 2870 hunc
1269 2814 1457 2869 librum
1481 2813 1731 2874 diximus,
1754 2819 1810 2862 ut
1828 2807 1985 2862 etiam

413 2916 716 2970 monuimus
752 2922 876 2967 ante
917 2912 1109 2965 librum
1152 2908 1220 2963 de
1251 2907 1583 2977 Virginitale,
1620 2904 1689 2957 ita
1732 2902 1989 2957 familiare

412 3019 493 3062 cst
517 3008 918 3077 Chrysostomo,
938 3003 1204 3056 variorum
1229 3012 1513 3069 personam
1536 2996 1774 3057 induere,
1800 3007 1989 3062 nempe

413 3102 806 3170 episcoporum,
851 3095 1307 3165 presbyterorum,
1340 3092 1448 3145 imo
1478 3090 1637 3143 etiant
1681 3087 1990 3155 conjugato—

415 3209 554 3254 rum,
592 3189 733 3259 quod
765 3186 1022 3256 exemplis
1047 3183 1443 3252 comprobatur,
1484 3190 1542 3235 ut
1579 3179 1710 3233 nihil
1750 3178 1872 3232 hinc
1910 3180 1991 3230 in-

415 3283 541 3336 ferri
569 3294 724 3351 posse
747 3279 963 3333 omnino
983 3276 1247 3331 videatur.
1264 3274 1496 3343 Tempus
1522 3271 1681 3341 igitur
1701 3271 1789 3324 ille
1806 3278 1991 3339 aperte

418 3374 636 3437 indicat,
688 3388 808 3427 cum
862 3378 1046 3424 narrat
1092 3383 1152 3423 se
1201 3381 1370 3436 nuper
1416 3365 1484 3420 ad
1534 3364 1854 3418 monasteria
1907 3376 1994 3418 se-

416 3458 663 3522 cessisse.

491 3555 678 3611 Scribit
708 3553 946 3606 adversus
980 3558 1350 3622 oppugnatores
1378 3548 1492 3602 vita:
1523 3545 1812 3599 monastica:
1838 3544 1995 3597 alios-

420 3668 533 3721 que.
578 3680 650 3690 —
704 3648 897 3703 Valens
949 3645 1280 3714 Imperator,
1328 3641 1417 3711 qui
1466 3640 1715 3694 Arianam
1763 3638 1992 3691 haeresin

423 3743 742 3805 sectabatur,
773 3740 886 3794 dira
918 3740 969 3792 in
995 3736 1331 3800 Catholicos,
1376 3734 1709 3801 maximeque
1736 3731 1786 3784 in
1810 3746 1993 3784 mona-

422 3836 552 3889 chos
579 3832 792 3887 molitus
820 3838 921 3885 est.
951 3830 1255 3896 Tamenque
1275 3868 1290 3891 ,
1318 3825 1443 3879 dum
1472 3823 1637 3877 frater
1662 3822 1777 3891 ejus
1802 3820 1994 3874 Valen-

424 3927 653 3979 tinianus
678 3924 794 3993 pius
818 3930 871 3976 et
895 3920 1200 3975 Catholicus
1229 3918 1467 3979 viveret,
1504 3930 1571 3967 ne
1600 3913 1816 3966 fratrem
1845 3926 1997 3965 com-

425 4023 683 4080 moveret,
712 4029 739 4067 a
760 4013 1039 4067 vexatione
1068 4007 1342 4063 inferenda
1365 4005 1675 4060 desistebat.
1708 4002 1997 4070 Postquam

426 4116 603 4160 autem
628 4102 1026 4158 Valentinianus
1051 4115 1080 4153 e
1106 4098 1242 4151 vivis
1275 4102 1579 4151 excesserat
1614 4107 1755 4145 anno
1780 4092 1883 4146 574
1900 4134 1914 4156 ,
1946 4092 1999 4144 in

427 4194 727 4250 Catholicos
753 4192 965 4260 impune
990 4198 1295 4258 grassatur,
1342 4185 1676 4252 maximeque
1720 4182 1770 4234 in
1810 4196 1997 4235 mona—

425 4288 589 4350 chos,
638 4298 771 4354 quos
805 4282 961 4352 jussit
988 4296 1053 4334 ex
1077 4278 1289 4333 sedibus
1320 4276 1475 4345 pelli,
1506 4274 1572 4328 ad
1602 4273 1842 4327 militiam
1869 4287 1998 4327 con-

429 4379 607 4441 scribi,
637 4386 691 4431 et
717 4377 766 4429 in
796 4388 1035 4429 carceres
1060 4370 1272 4438 conjici.
1299 4370 1385 4423 Sic
1414 4365 1747 4421 Antiochiam
1775 4365 1999 4418 tumultu

430 4482 738 4538 terroreque
776 4465 1001 4536 replevit
1041 4464 1161 4533 (An.
1185 4462 1309 4515 575.
1342 4460 1419 4513 vel
1444 4457 1596 4529 576).
1628 4456 1775 4511 Tunc
1802 4457 2002 4510 amicus

430 4562 642 4632 quidam
680 4559 899 4614 Joannis
936 4556 987 4610 in
1019 4554 1302 4610 solitudine
1342 4553 1583 4621 degentis
1618 4549 1767 4604 illum
1797 4549 1925 4603 adiit
1950 4558 2005 4603 et

432 4660 673 4724 precatus
722 4658 842 4716 est,
901 4658 957 4702 ut
1002 4645 1382 4701 monachorum
1426 4651 1481 4697 et
1529 4641 1835 4696 monasticm
1882 4640 2003 4694 vitae

402 4743 642 4798 'causam
684 4739 991 4795 defenderet
1031 4736 1233 4807 (Chrys.
1262 4744 1302 4791 t.
1335 4736 1385 4788 1.
1425 4738 1525 4793 col.
1575 4735 1680 4792 520
1746 4742 1794 4785 et
1821 4732 2000 4802 καφ).

431 4834 563 4890 Rem
607 4844 710 4887 tam
738 4833 1021 4885 immanem
1051 4829 1136 4880 vix
1171 4825 1389 4880 credere
1414 4831 1625 4893 poterat
1646 4822 1879 4876 Joannes
1906 4840 1918 4874 :
1951 4830 2006 4874 at

434 4929 521 4983 ubi
546 4944 607 4981 ex
634 4924 789 4979 amici
808 4930 1019 4976 narratu
1047 4920 1375 4974 verissimam
1402 4931 1523 4989 esse
1550 4915 1830 4984 comperit,
1860 4922 2007 4967 tanto

434 5018 709 5089 perculsus
751 5016 935 5069 dolore
980 5014 1110 5077 fuit,
1169 5020 1227 5063 ut
1271 5011 1323 5062 in
1373 5008 1634 5078 lacrymas
1680 5013 2004 5074 erumperet,

439 5115 709 5181 Deumque
738 5116 1040 5175 precaretur
1060 5147 1076 5171 ,
1109 5106 1184 5159 uti
1211 5119 1270 5159 se
1297 5119 1367 5157 ex
1404 5102 1504 5156 hac
1532 5101 1638 5153 vita
1668 5099 1904 5160 tolleret,
1938 5112 2006 5151 ne

434 5202 626 5259 similia
670 5199 850 5254 videre
894 5204 1192 5265 cogeretur.
1249 5192 1382 5247 Tum
1428 5193 1472 5245 is
1498 5190 1587 5260 qui
1617 5196 1870 5249 venerat.
1903 5203 2008 5239 non

434 5296 539 5363 jam
576 5301 782 5359 tempus
828 5285 1154 5358 lacrymandi
1193 5300 1311 5338 esse
1348 5283 1515 5345 dixit,
1563 5281 1655 5334 sed
1688 5288 1832 5332 tanto
1873 5278 2010 5330 man

438 5382 820 5439 occurrend._'1
844 5396 991 5443 esse,
1043 5377 1184 5448 quod
1213 5378 1324 5447 ipse
1363 5382 1605 5444 poterat,
1659 5371 1704 5426 si
1758 5371 2010 5438 scriptum

440 5478 655 5541 ederet,
710 5489 815 5543 quo
864 5472 1168 5526 violentiam
1224 5464 1524 5535 huiusmodi
1577 5462 1762 5517 sedare
1811 5468 2006 5529 posset.

445 5567 746 5638 Respondet
785 5565 1016 5619 Joannes
1062 5572 1299 5617 metuere
1327 5573 1385 5613 se
1414 5572 1482 5611 ne
1509 5556 1733 5626 gentiles
1764 5552 2012 5608 Ecclesire

446 5662 536 5717 Dei
558 5660 893 5720 insultarent,
922 5658 966 5710 si
992 5655 1128 5710 mala
1156 5652 1270 5722 ejus
1290 5666 1353 5706 ex
1377 5650 1574 5719 scripto
1601 5662 1697 5700 suo
1725 5646 2010 5699 discerent.

448 5750 674 5819 Reponit
722 5749 842 5810 ille,
892 5748 1037 5800 istaec
1081 5742 1257 5797 omnia
1303 5740 1411 5809 jam
1454 5738 1679 5808 gentiles
1708 5748 2013 5804 cognosse:

448 5841 877 5909 Christianosque
926 5852 1042 5893 esse
1086 5834 1385 5902 multosque
1430 5830 1529 5886 sibi
1572 5837 1723 5884 notos
1763 5826 1853 5896 qui
1894 5825 2014 5880 talia

2089 510 2473 574 perpetrarent.
2519 500 2653 556 Tum
2681 515 2808 556 vero
2844 500 3075 556 Joannes
3104 503 3329 558 amicum
3358 500 3654 575 dimittens,

2082 612 2140 651 se
2168 595 2219 650 id
2250 594 2509 650 facturum
2538 594 2806 664 pollicitus
2834 603 2914 649 est
2946 612 2958 647 :
2988 604 3145 665 atque
3172 593 3331 651 hosce
3354 606 3465 653 tres
3490 597 3655 654 libros

2080 689 2264 744 edidit.
2298 688 2496 743 Prioris
2523 687 2705 742 titulus
2733 696 2832 751 est,
2861 688 3112 742 Adversus
3141 688 3522 760 Oppugnatores
3542 692 3655 745 vitta

2080 782 2370 835 monasticae
2399 797 2418 834 :
2446 780 2500 834 in
2524 779 2756 835 secundo
2776 823 2790 846 ,
2816 780 2900 834 cui
2926 781 3106 835 titulus
3131 823 3143 844 ,
3172 781 3253 835 Ad
3278 782 3533 850 inﬁdelem
3558 802 3654 853 pa-

2083 882 2235 938 trem,
2278 870 2418 926 idem
2457 879 2821 939 argumentum
2851 871 3186 942 persequitur
3214 890 3228 925 :
3262 873 3314 926 in
3350 876 3539 939 tertio,
3572 877 3657 931 cui

2083 963 2295 1027 titulus,
2326 962 2407 1015 Ad
2432 961 2632 1030 ﬁdelem
2656 972 2879 1032 patrem,
2910 977 3023 1017 rem
3052 963 3347 1018 accuratius
3378 965 3648 1034 expendit,

2081 1054 2417 1125 ostenditque
2457 1070 2615 1124 quam
2654 1054 2869 1110 difficile
2911 1056 2980 1108 sit
3006 1056 3058 1109 in
3090 1056 3285 1110 mundo
3312 1059 3543 1113 versanti
3568 1075 3655 1115 sa-

2081 1148 2242 1203 lutem
2269 1148 2540 1218 consequi,
2572 1156 2625 1202 et
2640 1146 2777 1202 filios
2798 1146 3086 1203 secundum
3106 1148 3461 1204 Christianam
3486 1151 3656 1221 legem

2082 1241 2326 1296 educare.
2368 1240 2424 1295 In
2450 1241 2807 1296 masculorum
2838 1256 2965 1297 vero
2994 1242 3360 1299 concubitores
3399 1247 3661 1301 acerrime

2087 1335 2396 1388 invehitur:
2429 1332 2571 1403 quod
2617 1333 2878 1388 nefarium
2925 1334 3097 1389 scelus
3122 1335 3417 1390 Antiochite
3456 1336 3527 1391 ita
3574 1339 3658 1392 in-

2081 1426 2339 1489 valuerat,
2372 1434 2429 1479 ut
2456 1425 2748 1493 periculum
2781 1433 2942 1490 esset,
2972 1426 3159 1495 inquit.
3193 1442 3261 1481 ne
3287 1442 3450 1482 sexus
3472 1431 3659 1485 mulie-

2084 1517 2193 1571 bris
2235 1516 2347 1586 jam
2395 1515 2696 1585 superfluus
2751 1515 3071 1571 efﬁceretur.
3130 1517 3188 1571 In
3239 1521 3472 1573 secundo
3525 1522 3662 1575 libro

2084 1606 2358 1662 historiam
2386 1606 2549 1661 refert
2588 1606 2861 1676 cujusdam
2901 1608 3056 1661 amici
3094 1608 3173 1661 sui
3198 1650 3213 1673 ,
3260 1611 3348 1678 qui
3384 1612 3662 1664 solitariam

2084 1698 2236 1750 vitam
2251 1697 2512 1767 amplexus
2534 1701 2698 1768 fuerat
2724 1712 2742 1749 :
2773 1698 2916 1766 cujus
2938 1708 3077 1767 pater
3104 1698 3322 1767 inﬁdelis
3348 1713 3471 1767 erat,
3504 1706 3658 1770 dives,

2085 1799 2338 1859 spectatus
2366 1798 2411 1842 et
2441 1789 2766 1842 clarissimus.
2812 1787 2868 1841 Is
2914 1793 3129 1857 primum
3176 1794 3440 1846 concitavit
3475 1796 3665 1863 princi—

2086 1899 2192 1952 pes,
2219 1882 2439 1935 minatus
2461 1892 2532 1936 est
2560 1881 2779 1945 vincula,
2813 1883 3074 1953 ipsumque
3094 1884 3257 1952 ﬁlium
3285 1888 3513 1941 omnibus
3539 1906 3665 1942 exu-

2088 1985 2195 2029 tum
2222 1978 2275 2030 in
2302 1978 2469 2031 aliena
2495 1987 2627 2030 terra
2656 1976 2855 2045 reliquit
2880 2019 2892 2040 ,
2923 1979 3213 2031 necessariis
3238 1980 3387 2032 etiam
3415 1982 3663 2036 alimentis

2088 2078 2307 2136 egentem
2339 2084 2357 2121 :
2385 2068 2476 2121 hoc
2502 2068 2649 2120 modo
2676 2078 2859 2135 putans
2884 2084 2936 2121 se
2960 2066 3105 2120 illum
3126 2068 3193 2119 ad
3216 2070 3385 2123 steculi
3410 2072 3558 2124 vitam
3588 2090 3666 2126 re-

2090 2159 2381 2212 ducturum.
2400 2157 2677 2229 Postquam
2695 2168 2859 2211 autem
2873 2158 3017 2211 illuni
3046 2160 3099 2211 in
3122 2161 3262 2213 nullo
3287 2162 3379 2213 sibi
3396 2162 3566 2216 cedere
3594 2165 3666 2216 vi-

2089 2250 2193 2312 dit,
2216 2250 2373 2303 victus
2390 2250 2588 2302 tandem
2620 2250 2928 2318 palinodiam
2948 2249 3142 2303 cecinit.
3166 2250 3237 2303 At:
3258 2267 3387 2305 nunc
3404 2253 3455 2305 in
3480 2253 3667 2307 honore

2090 2342 2254 2409 ﬁlium
2279 2341 2457 2406 habet,
2491 2358 2699 2410 eumque
2731 2342 2889 2412 magis
2911 2382 2925 2404 ,
2961 2358 3111 2410 quam
3136 2342 3181 2396 si
3205 2353 3347 2411 pater
3374 2361 3492 2398 suus
3514 2358 3659 2412 esset,

2089 2440 2352 2484 veneratur
2382 2449 2400 2486 :
2426 2448 2636 2498 cumque
2661 2430 2790 2484 alios
2829 2432 3004 2484 habeat
3050 2431 3184 2499 ﬁlius
3208 2474 3223 2495 ,
3265 2445 3512 2503 spectatos
3531 2479 3544 2501 ,
3577 2455 3665 2492 eos

2090 2541 2152 2577 ne
2177 2525 2355 2595 dignos
2383 2525 2583 2592 quidem
2621 2525 2707 2597 qui
2742 2526 2868 2578 servi
2901 2525 3052 2595 hujus
3081 2525 3179 2578 sint
3215 2526 3489 2581 arbitratur
3520 2545 3538 2582 .'
3561 2531 3669 2599 ipse

2090 2634 2293 2686 quoque
2319 2627 2523 2687 prapter
2552 2618 2715 2685 ﬁlium
2738 2617 2886 2687 longe
2910 2617 3096 2670 clarior
3115 2627 3204 2670 est.

2164 2708 2218 2761 ln
2259 2708 2415 2762 tertio
2443 2717 2617 2761 autem
2650 2707 2785 2762 libro
2832 2710 3049 2762 alteram
3096 2708 3258 2762 refert
3288 2709 3561 2766 historiam
3583 2714 3669 2782 ju-

2091 2805 2245 2855 venis
2272 2801 2547 2870 cujusdam
2574 2800 2891 2855 nobilissimi
2915 2843 2929 2865 ,
2958 2801 3105 2869 cujus
3137 2802 3454 2873 paedagogus
3486 2821 3670 2860 mona-

2091 2893 2225 2948 chus
2250 2901 2384 2959 erat,
2414 2908 2443 2947 a
2472 2909 2577 2962 quo
2607 2892 2894 2962 paedagogo
2918 2902 3082 2946 totum
3103 2893 3335 2949 Joannes
3362 2896 3667 2953 edidicerat.

2093 2984 2324 3054 Hujusce
2351 2985 2499 3053 pueri
2523 2994 2671 3053 pater
2700 2984 2981 3039 Christiani
3013 2984 3183 3040 officia
3208 3003 3391 3054 parum
3425 2990 3664 3057 curabat,

2094 3086 2263 3131 mater
2303 3090 2430 3131 vero
2473 3076 2666 3144 pietate
2705 3075 2925 3144 praedita
2971 3086 3086 3129 erat
3124 3086 3177 3130 et
3222 3077 3504 3133 admodum
3548 3082 3672 3137 reli-

2093 3167 2260 3237 giosa.
2310 3167 2468 3221 Pater
2514 3167 2677 3219 filium
2725 3166 2791 3220 ad
2840 3167 3122 3220 saeculares
3169 3169 3340 3222 solum
3384 3170 3668 3241 dignitates

2095 3274 2410 3328 promovere
2455 3258 2753 3327 cogitabat;
2803 3268 2973 3311 mater
3002 3273 3135 3313 vero
3162 3259 3213 3313 id
3246 3276 3405 3314 unum
3427 3263 3666 3328 curabat,

2095 3359 2155 3403 ut
2195 3364 2289 3418 per
2316 3350 2437 3403 vita:
2484 3349 2814 3402 sanctitatem
2864 3365 3082 3419 regnum
3114 3352 3325 3407 czcleste
3353 3365 3669 3423 mereretur,

2096 3450 2150 3494 et
2177 3441 2389 3509 quidem
2422 3456 2516 3509 per
2545 3440 2666 3493 vitae
2710 3442 3018 3495 monasticae
3047 3443 3319 3497 exercitia.
3364 3444 3442 3499 Ex
3469 3447 3668 3503 educa-

2097 3531 2255 3585 tionis
2283 3540 2458 3585 autem
2484 3530 2642 3586 modo
2669 3541 2834 3586 totum
2864 3532 3125 3600 pendebat
3154 3552 3167 3588 :
3195 3547 3515 3607 quapropter
3540 3555 3673 3594 con-

2091 3621 2204 3692 jugi
2244 3621 2409 3676 suasit
2453 3630 2509 3674 ut
2538 3622 2685 3675 illum
2715 3623 3051 3677 Antiochiam
3084 3626 3357 3692 mitteret,
3388 3639 3445 3681 ut
3468 3629 3538 3683 ibi
3566 3631 3671 3685 lin-

2096 3728 2251 3784 guam
2291 3712 2531 3767 Latinam
2565 3723 2618 3768 et
2643 3712 2880 3769 Grmcam
2908 3715 3166 3770 edisceret
3193 3727 3474 3788 antequam
3500 3721 3675 3777 balteo

2100 3804 2548 3874 praecingeretur;
2591 3820 2710 3874 quae
2738 3804 2899 3858 baltei
2929 3806 3237 3875 praecinctio
3268 3817 3391 3863 tunc
3417 3809 3484 3863 ad
3510 3814 3678 3882 magi-

2100 3904 2300 3948 stratus
2338 3903 2392 3948 et
2438 3894 2801 3948 nobilissimos
2848 3895 2992 3949 viros
3038 3896 3353 3963 pertinebat.
3409 3899 3519 3954 Sub
3560 3902 3675 3956 haec

2101 3995 2275 4040 autem
2307 3985 2600 4040 solitarium
2631 4000 2698 4039 ex
2736 3987 3005 4041 montibus
3047 3989 3324 4054 evocavit,
3372 3989 3441 4044 ab
3476 3991 3673 4062 illoque

2104 4078 2293 4147 petiit,
2337 4086 2394 4131 ut
2420 4078 2511 4131 filii
2543 4078 2623 4132 sui
2649 4078 2984 4133 Antiochiam
3011 4079 3075 4133 ad
3114 4081 3285 4135 studia
3314 4083 3554 4140 mittendi
3585 4102 3679 4142 cu-

2103 4187 2217 4225 ram
2249 4171 2493 4237 haberet,
2529 4171 2734 4241 ipsique
2763 4170 3032 4242 paedagogi
3061 4172 3179 4227 loco
3200 4183 3359 4230 esset.
3385 4174 3689 4233 0bniteba-'

2105 4276 2193 4319 tur
2218 4265 2307 4320 ille
2335 4280 2397 4318 ac
2438 4263 2647 4318 dicebat
2671 4305 2687 4328 ,
2741 4263 2791 4317 id
2823 4262 2987 4317 officii
3034 4280 3139 4318 non
3184 4281 3338 4334 posse
3375 4280 3680 4338 competere

2105 4356 2389 4412 monacho.
2439 4357 2509 4410 At
2546 4356 2633 4410 illa
2675 4356 2884 4409 obnixis
2917 4357 3161 4424 precibus
3202 4368 3309 4411 tam
3340 4360 3685 4416 vehementer

2107 4450 2331 4514 institit,
2388 4456 2446 4501 ut
2494 4447 2705 4501 demum
2758 4447 3051 4501 monachus
3097 4447 3496 4518 obsequeretur.
3549 4452 3681 4507 Cum

2107 4557 2274 4613 puero
2321 4541 2478 4611 igitur
2518 4538 2852 4593 Antiochiam
2905 4540 3069 4593 venit.
3123 4538 3357 4595 Joannes
3383 4558 3546 4609 vero,
3592 4546 3682 4615 qui

2108 4644 2232 4688 tunc
2262 4634 2313 4686 in
2341 4633 2472 4686 urbe
2499 4640 2612 4686 erat
2632 4673 2648 4695 ,
2694 4639 2747 4683 et
2778 4630 2919 4683 illum
2953 4630 3004 4683 in
3045 4631 3364 4686 monasterio
3406 4633 3685 4704 degentem

2107 4727 2343 4792 viderat,
2401 4731 2739 4794 percontatus
2784 4731 2867 4776 est
2909 4721 3031 4790 quid
3074 4738 3248 4777 causa:
3291 4736 3433 4779 esset
3482 4736 3537 4779 ut
3580 4727 3685 4781 tale

2110 4818 2345 4873 officium
2372 4815 2685 4885 susciperet.
2742 4814 2832 4868 llle
2862 4829 2989 4867 vero
3018 4830 3130 4868 rem
3158 4818 3389 4870 narravit
3419 4827 3476 4871 ut
3504 4834 3685 4887 supra.

2111 4909 2449 4976 Puerumque
2476 4905 2553 4959 sie
2573 4903 2826 4959 instituit.
2858 4904 2935 4957 sic
2962 4903 3028 4956 ad
3060 4906 3365 4959 monastica:
3396 4907 3516 4961 vitae
3542 4924 3689 4961 amo-

2111 5016 2225 5055 rem
2266 4997 2646 5062 inllammavit,
2681 5005 2739 5049 ut
2766 4996 2921 5064 paulo
2953 5005 3135 5064 postea
3160 4997 3208 5049 in
3234 4997 3574 5052 solitudinem
3602 5014 3689 5054 se-

2113 5093 2358 5153 cederet,
2391 5098 2445 5143 et
2475 5089 2544 5143 ibi
2575 5087 2919 5142 monasticam
2947 5087 3108 5139 vitam
3148 5097 3443 5142 exerceret.
3490 5089 3684 5144 Verum

2114 5184 2344 5239 Joannes
2390 5191 2571 5234 noster
2617 5188 2860 5233 metuens
2900 5193 2966 5231 ne
2993 5188 3142 5246 pater
3166 5179 3319 5247 ejus,
3368 5180 3458 5248 qui
3504 5190 3690 5235 natura

2116 5272 2399 5328 iracundus
2426 5280 2541 5326 crat
2562 5312 2575 5334 ,
2612 5270 2665 5323 in
2690 5268 2922 5323 furorem
2950 5284 3155 5329 versus.
3186 5278 3240 5323 et
3266 5270 3612 5340 paedagogum
3640 5283 3695 5326 et

2117 5364 2409 5420 monachos
2450 5363 2590 5416 male
2630 5362 2916 5425 multaret,
2962 5360 3177 5414 domum
3211 5373 3452 5430 repetere
3477 5364 3691 5433 coegit:

2116 5456 2203 5511 ubi
2236 5456 2325 5509 ille
2355 5470 2384 5508 a
2412 5452 2697 5523 paedagogo
2724 5452 2800 5505 sic
2825 5451 3098 5505 institutus
3123 5493 3137 5515 ,
3171 5452 3382 5507 lectioni
3408 5452 3695 5525 Scriptura:

2118 5562 2283 5601 sacra:
2306 5587 2322 5608 ,
2361 5544 2607 5614 jejuniis,
2635 5542 2826 5611 vigiliis
2852 5542 3164 5611 cmterisque
3192 5545 3498 5598 monasticis
3539 5561 3698 5601 exer-

2120 5640 2259 5695 citiis
2282 5637 2440 5692 dabat
2482 5651 2697 5705 operam
2730 5653 2742 5687 :
2772 5649 2998 5703 cumque
3041 5635 3250 5704 ingenio
3290 5636 3524 5704 valeret,
3566 5639 3701 5693 alios

2121 5731 2280 5785 etiam
2322 5741 2513 5797 pueros
2564 5726 2628 5780 ad
2673 5724 2901 5795 idipsum
2946 5725 3069 5779 vita:
3096 5740 3265 5795 genus
3290 5726 3492 5781 allcxit.
3543 5728 3699 5783 Pater

2125 5838 2251 5878 vero
2280 5822 2442 5891 ipsius
2473 5819 2603 5874 nihil
2632 5832 2741 5874 non
2764 5818 2868 5889 egit
2898 5825 2956 5873 ut
2976 5817 3123 5873 illum
3141 5818 3208 5873 ab
3235 5818 3335 5875 hoc
3362 5820 3484 5875 vita:
3505 5835 3700 5893 genere
