4122 6386
402 271 472 329 95
1492 259 1548 314 S.
1579 257 1854 316 JOANNIS
1890 253 2368 314 CllRYSOSTOMl
2407 260 2584 324 \‘lTA,
3591 266 3659 321 ω

404 395 702 454 averteret;
730 395 781 441 at
808 385 896 441 ille
925 383 1149 440 feliciter
1163 381 1351 450 coeptis
1377 379 1448 435 ita
1477 378 1697 434 firmiter
1723 375 1978 432 haerebat.

404 495 463 539 ut
491 480 620 536 nihil
648 486 826 551 posset
846 493 967 534 eum
993 476 1097 532 alio
1121 474 1403 531 abducere.

479 571 680 628 Eodem
718 570 930 625 circiter
960 577 1200 636 tempore
1226 565 1468 621 emisisse
1511 562 1723 617 videtur
1749 560 1982 630 Chryso-

405 675 612 720 stomus
656 662 968 732 opusculum
1008 658 1138 714 illud
1177 658 1425 726 elegans,
1469 653 1610 725 quod
1658 653 1983 716 inscribitur,

407 756 734 826 Comparatio
766 754 919 826 Regis
944 763 990 807 et
1014 751 1253 806 Monachi
1280 748 1366 822 (Τ.
1394 749 1447 803 1.
1473 762 1519 800 c.
1544 747 1644 799 387
1664 745 1709 818 ).
1739 745 1834 799 llic
1857 759 1986 798 vero

409 849 600 919 probat
639 862 762 902 eum
801 846 890 916 qui
926 841 1275 914 philosophiae
1299 882 1314 908 ,
1345 839 1398 894 id
1423 849 1505 894 est
1528 837 1652 892 vitte
1682 835 1987 891 monastica:

409 943 502 997 dat
529 955 744 1010 operam
764 979 778 1004 ,
827 952 1006 1008 regem
1033 949 1157 990 vere
1183 933 1287 989 dici
1316 946 1508 1004 posse;
1548 932 1654 985 imo
1683 943 1808 996 rege
1827 926 1987 982 ditio-

409 1048 524 1087 rem
562 1040 617 1087 et
659 1031 1009 1100 potentiorem
1035 1070 1049 1094 ,
1079 1028 1134 1082 in
1172 1026 1314 1080 bello
1343 1023 1618 1078 fortiorem
1641 1062 1657 1088 ,
1686 1019 1988 1076 hominibus

411 1122 750 1178 demerendis
777 1136 840 1175 ac
869 1119 1128 1174 beneﬁcio
1153 1116 1407 1173 ornandis
1442 1114 1699 1185 aptiorem
1721 1153 1737 1179 ,
1766 1109 1818 1166 in
1844 1110 1988 1166 obitu

411 1217 725 1271 beatiorem.

485 1307 550 1361 In
601 1304 840 1376 spelunca
881 1321 970 1374 per
1014 1303 1266 1356 biennium
1308 1301 1532 1354 inclusus
1578 1306 1763 1350 manet.
1809 1324 1880 1335 ——
1929 1291 1988 1346 In

413 1398 682 1454 montibus
727 1405 781 1452 et
824 1395 878 1450 in
926 1393 1282 1449 tabernaculis
1329 1389 1712 1446 monachorum
1757 1386 1991 1442 Joannes

414 1497 596 1543 noster
624 1502 719 1558 per
743 1485 1146 1556 quadriennium
1177 1483 1458 1538 ascetieam
1483 1481 1592 1551 egit
1621 1480 1780 1534 vitam
1813 1477 1833 1548 (
1856 1475 1985 1529 Pal-

417 1578 523 1632 lad.
549 1595 601 1649 ρ.
631 1575 723 1649 41)
747 1617 761 1640 ,
812 1577 864 1630 in
906 1575 1122 1646 jejuniis
1147 1616 1162 1641 ,
1192 1573 1382 1643 vigiliis
1406 1613 1420 1636 ,
1448 1572 1777 1642 psalmorum
1807 1577 1988 1632 cantu,

415 1669 730 1738 ueterisque
758 1667 1015 1736 ejusmodi
1041 1666 1308 1721 exercitiis
1337 1663 1478 1718 diem
1504 1672 1559 1718 et
1596 1670 1798 1731 partem
1823 1659 1993 1713 noctis

415 1763 704 1817 maximam
735 1761 1028 1828 transigens
1051 1801 1067 1824 ,
1101 1759 1215 1812 solo
1241 1771 1374 1826 pane
1399 1765 1454 1811 et
1480 1770 1636 1824 aqua,
1665 1753 1858 1807 additis
1884 1751 1993 1806 for-

416 1863 560 1908 tasse
591 1853 824 1906 oleribus
845 1851 928 1905 vel
951 1849 1321 1921 leguminibus,
1351 1848 1598 1902 victitans
1628 1863 1642 1901 :
1675 1859 1845 1915 neque
1877 1852 1989 1898 tam

417 1956 603 1998 severa
640 1943 916 2012 disciplina
942 1951 997 1997 et
1021 1942 1188 1995 victus
1231 1939 1436 1994 ratione
1475 1936 1749 1993 remissior
1776 1935 1994 1990 effectus

419 2047 501 2092 est
523 2078 537 2099 ,
587 2037 693 2090 imo
723 2051 849 2090 vero
879 2035 1145 2089 ardentior
1171 2032 1371 2097 evasit,
1414 2039 1468 2084 et
1496 2039 1612 2099 post
1634 2037 1864 2098 quatuor
1884 2026 1994 2079 ela-

423 2141 547 2195 psos
573 2142 740 2180 annos
767 2127 817 2180 in
849 2126 1156 2195 speluncam
1188 2139 1245 2177 se
1274 2123 1422 2177 solus
1453 2119 1681 2175 inclusit.
1710 2117 1844 2187 Quid
1870 2130 1996 2170 vero

419 2220 539 2274 istic
568 2228 766 2288 ageret,
799 2232 900 2272 non
929 2227 1011 2292 est
1035 2214 1476 2292 disquirendum,
1511 2228 1685 2283 neque
1712 2227 1740 2264 a
1769 2211 1995 2279 scripto-

418 2310 566 2363 ribus
614 2318 894 2373 narratur,
945 2290 1146 2361 certum
1197 2315 1372 2360 tamen
1418 2290 1503 2360 est
1546 2318 1667 2358 eum
1717 2301 1845 2356 nihil
1889 2315 1994 2356 non

419 2399 592 2468 egisse
616 2407 674 2452 ut
697 2412 911 2452 carnem
937 2396 1177 2450 domaret
1213 2405 1265 2450 et
1306 2395 1418 2449 Deo
1453 2391 1772 2448 ferventiore
1798 2392 1991 2461 junge-

418 2500 568 2545 retur
589 2503 788 2542 amore.
817 2488 918 2543 Per
948 2487 1213 2541 biennium
1243 2493 1419 2540 autem
1450 2483 1567 2539 istic
1593 2483 1828 2538 inclusus
1853 2497 1994 2534 man--

418 2582 508 2646 sit,
537 2580 802 2648 longiores
830 2578 966 2632 haud
985 2577 1141 2633 dubie
1166 2578 1404 2632 facturus
1420 2591 1616 2642 moras,
1646 2576 1745 2630 nisi
1771 2575 1992 2629 adversa

417 2670 721 2724 "valetudine
759 2669 1005 2724 laborans
1029 2711 1042 2729 .
1091 2683 1154 2722 ex
1202 2668 1450 2738 spelunca
1476 2675 1530 2721 et
1555 2682 1618 2721 ex
1646 2666 1911 2720 montibus
1941 2666 1992 2718 in

416 2762 604 2816 urbem
659 2761 832 2816 redire
883 2769 1097 2815 coactus
1151 2769 1312 2814 esset.
1379 2757 1510 2812 illud
1557 2773 1686 2812 vero
1732 2755 1992 2811 accidisse

417 2851 636 2905 omnino
681 2850 887 2905 videtur
932 2864 1070 2904 anno
1115 2849 1224 2918 jam
1274 2857 1513 2903 vertente
1562 2846 1666 2901 380
1697 2865 1708 2899 :
1740 2847 1808 2900 ita
1849 2845 1992 2900 enim

418 2943 683 2997 constabit
705 2957 732 2994 a
756 2942 908 2996 nobis
926 2941 1211 2995 constituta
1235 2949 1528 3009 temporum
1550 2939 1718 2991 ratio:
1742 2937 1785 2992 si
1803 2951 1995 3007 nempe

419 3033 505 3086 vel
538 3041 777 3086 vertente
801 3045 940 3084 anno
964 3031 1088 3094 574,
1113 3031 1194 3083 vel
1223 3030 1438 3083 ineunte
1459 3029 1583 3092 575,
1617 3026 1688 3081 ad
1703 3036 1911 3081 mon-tes
1940 3034 1996 3081 et

419 3123 742 3177 monasteria
781 3137 839 3176 se
865 3122 1150 3175 contulerit
1169 3163 1182 3184 ,
1214 3122 1389 3190 ibique
1413 3135 1506 3174 sex
1533 3134 1702 3174 annos
1726 3126 1817 3173 aut
1839 3119 1995 3174 circi-

421 3228 503 3271 ter
529 3214 876 3284 transegerit,
905 3223 961 3267 nt
987 3214 1252 3268 Palladius
1278 3214 1458 3268 refert.

489 3307 648 3360 Annis
676 3305 798 3372 580,
831 3306 952 3360 581.
985 3306 1164 3359 Redua:
1183 3304 1387 3358 domum
1416 3304 1583 3356 scribit
1603 3302 1986 3373 ad’Stagirium.

422 3396 484 3454 Τ.
522 3399 571 3452 1.
603 3420 649 3457 ι.
672 3401 793 3459 Ωὖ.
825 3427 894 3437 ——
911 3396 1095 3450 Redux
1122 3395 1335 3449 domum
1358 3404 1412 3448 et
1433 3394 1736 3448 infirmitate
1754 3395 1993 3462 corporis

420 3490 668 3544 raborans
706 3490 940 3544 inclusus
985 3503 1200 3543 manere
1225 3487 1514 3558 cogebatur
1537 3528 1552 3553 ,
1599 3486 1991 3540 advenientium

416 3579 622 3634 visendi
659 3595 816 3634 causa
844 3580 1133 3635 amicorum
1164 3578 1446 3648 colloquiis
1476 3577 1709 3630 animum
1738 3589 1991 3631 recreans

416 3683 472 3726 et
500 3672 826 3743 aegritudinis
854 3671 1187 3725 incommoda
1219 3671 1446 3725 leniens.
1489 3669 1654 3724 Paulo
1705 3676 1822 3738 post
1861 3668 1984 3722 red-

423 3765 554 3819 itum
583 3778 754 3828 suum,
781 3773 831 3817 et
861 3761 1095 3830 quidem.
1127 3762 1170 3814 si
1199 3761 1406 3815 Socrati
1433 3759 1563 3814 fides
1593 3761 1681 3825 sit,
1712 3767 1988 3828 postquam

416 3854 670 3909 diaconus
699 3868 729 3906 a
755 3852 962 3906 Meletio
990 3851 1263 3905 ordinatus
1300 3849 1493 3917 fuerat,
1524 3850 1688 3904 libros
1713 3849 1778 3902 ad
1811 3848 1986 3918 Stagi-

415 3943 551 3997 rium
580 3958 607 3996 a
635 3943 877 3997 daemone
920 3952 1160 3997 vexatum
1186 3983 1204 4010 ,
1246 3951 1299 3996 et
1337 3942 1436 3995 sibi
1470 3951 1621 3995 antea
1651 3942 1986 4006 familiarem,

419 4034 632 4102 scripsit
675 4048 815 4088 anno
852 4032 957 4087 580
991 4041 1268 4098 vertente,
1309 4032 1390 4086 vel
1419 4031 1515 4086 58f
1555 4032 1785 4085 ineunte.
1837 4031 1988 4098 Quod

413 4133 589 4178 autem
617 4123 668 4178 id
698 4123 893 4178 factum
922 4123 1136 4177 sitcum
1165 4123 1306 4177 domi
1332 4130 1493 4188 esset,
1514 4130 1567 4176 et
1593 4123 1780 4191 capitis
1803 4123 1988 4178 dolore

412 4213 756 4281 corporisque
803 4212 1112 4267 infirmitate
1156 4213 1401 4268 detentus
1432 4213 1610 4281 egredi
1647 4229 1751 4266 non
1784 4223 1983 4281 posset,

415 4302 530 4370 ipse
556 4301 789 4356 declarat
818 4302 966 4356 initio
990 4303 1147 4373 primi
1187 4303 1303 4356 libri
1334 4301 1415 4355 his
1440 4304 1652 4357 verbis:
1684 4303 1987 4372 Oportuerut

410 4409 502 4445 nos
528 4391 614 4443 tibi
637 4407 770 4444 nunc
795 4392 968 4446 adesse
989 4434 1004 4456 ,
1029 4402 1175 4460 atque
1203 4394 1255 4445 in
1279 4407 1616 4445 wrumnaru-m
1643 4403 1843 4445 tuarum
1867 4410 1987 4446 con-

409 4483 618 4536 sortium
642 4484 855 4536 transire
871 4524 885 4546 ,
912 4499 973 4536 ac
991 4483 1150 4536 verbis
1175 4483 1484 4536 exhortando
1509 4525 1522 4546 ,
1561 4499 1709 4552 apere
1733 4484 1984 4552 jucunda,

414 4584 691 4644 cunctaque
715 4575 908 4642 reliqua
936 4591 1027 4642 pro
1060 4573 1189 4626 virili
1227 4582 1398 4626 nostra
1425 4583 1568 4643 parte
1603 4573 1864 4643 inferendo
1893 4574 1986 4626 ob-

409 4668 579 4731 sequia
599 4709 614 4733 ,
661 4677 852 4736 partem
881 4668 1103 4736 aliquam
1125 4667 1280 4720 lenire
1305 4668 1533 4719 maeroris
1562 4682 1582 4720 :
1611 4667 1846 4732 quoniam
1872 4681 1984 4719 vero

407 4768 454 4810 et
487 4758 709 4825 corporis
725 4757 861 4810 mala
886 4757 1115 4810 valetudo
1140 4799 1154 4821 ,
1185 4767 1229 4810 et
1254 4757 1476 4809 invectus
1503 4757 1555 4809 in
1587 4765 1737 4826 caput
1761 4767 1986 4808 nostrum

409 4847 590 4911 dolor,
637 4846 774 4899 domi
817 4863 910 4900 nos
938 4862 1140 4900 manere
1179 4847 1548 4913 compulerunt,
1576 4845 1814 4914 nobisque
1857 4845 1986 4898 tanti

408 4939 537 4992 lucri
565 4937 894 4992 ministerium
929 4938 1277 5003 abstulerunt;
1317 4938 1431 5007 jam
1459 4937 1612 5010 quod,
1636 4938 1882 5006 reliquum
1913 4924 1984 4989 est

408 5044 501 5098 pro
522 5028 863 5082 consolatione
888 5037 974 5081 tua
1000 5037 1047 5083 et
1074 5044 1166 5097 pro
1196 5028 1409 5080 utilitate
1439 5038 1610 5080 nostra
1635 5069 1649 5093 ,
1693 5028 1785 5080 hoc
1819 5038 1874 5080 ut
1899 5032 1982 5097 fa-

409 5120 572 5172 cultas
600 5129 772 5172 nostra
797 5120 920 5186 {cret
943 5160 956 5182 ,
981 5119 1218 5171 inducere
1245 5134 1347 5171 non
1367 5119 1698 5188 negligemus.

483 5209 607 5262 llzec
649 5208 799 5262 initio
837 5209 995 5262 verba
1035 5207 1253 5261 Joannis
1281 5207 1555 5261 attulimus
1579 5249 1593 5273 ,
1641 5207 1791 5276 qu‘eis
1818 5207 1984 5261 Tille-

407 5302 592 5354 inuntii
619 5301 903 5369 objecuoni
951 5300 1370 5368 respondeamus
1391 5341 1406 5363 ,
1436 5301 1527 5370 qui
1551 5301 1680 5354 dicit
1707 5317 1720 5353 :
1748 5301 1980 5356 Joannes

405 5393 583 5445 munia
605 5408 721 5462 qua:
749 5392 814 5445 de
851 5392 1080 5461 Stagirio
1125 5391 1478 5445 narrabantur
1502 5432 1516 5456 ,
1569 5407 1627 5446 se
1655 5391 1868 5447 audisse
1897 5394 1982 5448 di-

407 5487 517 5539 cit:
546 5485 591 5540 si
617 5500 744 5540 vero
779 5485 1074 5538 Antiochia:
1100 5484 1283 5539 fuisset
1303 5525 1318 5547 ,
1349 5484 1568 5539 vidisset
1593 5486 1734 5552 ipse,
1767 5502 1864 5540 nec
1892 5502 1981 5540 so-

409 5579 516 5631 lum
558 5577 740 5632 auditu
790 5577 1118 5646 percepisset
1163 5576 1230 5629 ab
1273 5575 1412 5630 aliis.
1458 5575 1610 5630 Unde
1658 5576 1819 5632 infert
1861 5587 1984 5632 tunc

409 5670 663 5726 Joannem
709 5669 760 5725 in
801 5667 1085 5723 solitudine
1115 5669 1198 5724 vel
1229 5670 1280 5722 in
1319 5669 1564 5740 spelunca
1593 5710 1608 5735 ,
1658 5686 1760 5725 non
1791 5671 1976 5728 Antio,-

2090 375 2225 432 chire
2255 365 2434 433 fuisse.
2468 377 2562 433 Cui
2591 378 2881 449 objectioni
2902 378 3134 437 Joannes
3155 397 3190 436 a
3216 382 3473 452 principio
3501 388 3642 455 aptis

2089 471 2225 524 sime
2283 471 2560 540 respondit
2602 481 2661 526 ut
2705 486 2865 542 supra
2897 491 2910 527 :
2941 473 3080 529 unde
3128 475 3292 545 liquet
3330 477 3476 531 illum
3519 478 3666 533 domi

2093 558 2398 615 infirmitate
2428 561 2758 617 laborantem
2794 563 2908 618 hinc
2934 564 3239 634 scripsisse,
3271 582 3374 622 non
3405 577 3580 624 autem
3609 575 3664 624 in

2090 652 2341 716 Spelunca
2367 651 2666 722 degentem.

2163 741 2418 812 Stagirius
2443 744 2599 812 igitur
2619 745 2780 798 nubili
2802 745 2920 800 loco
2947 754 3121 812 natus,
3150 762 3180 800 a
3208 750 3406 803 teneris
3435 749 3485 805 in
3511 751 3665 806 (thri-

2094 835 2262 885 stiana
2293 832 2394 887 fide
2422 833 2708 901 educatus,
2727 837 2987 906 principio
3006 838 3218 907 quidem
3248 842 3476 896 terrenis
3503 843 3664 897 rebus

2093 921 2335 978 addictus
2363 931 2515 989 erat;
2564 924 2658 979 sed
2698 925 2846 981 brevi
2891 935 3073 996 postea
3103 928 3362 985 abdicatis
3399 931 3664 987 facultati-

2093 1013 2191 1067 bus
2215 1013 2503 1084 mundique
2526 1014 2751 1083 deliciis,
2779 1017 2939 1073 vitam
2962 1021 3331 1088 monasticam,
3359 1023 3523 1079 invito
3543 1025 3669 1082 licet

2093 1104 2490 1175 reluctanteque
2537 1116 2722 1174 patre,
2777 1109 3051 1178 amplexus
3107 1120 3208 1166 est.
3281 1112 3436 1168 Initio
3491 1124 3666 1170 tamen

2093 1210 2199 1249 non
2249 1195 2320 1250 ita
2358 1196 2675 1267 diligenter,
2721 1208 2779 1254 ut
2832 1215 2927 1270 par
2975 1200 3200 1269 fuisset,
3243 1204 3344 1259 sed
3382 1207 3669 1263 oscitanter

2094 1295 2149 1341 et
2194 1286 2556 1357 perfunctorie
2600 1305 2684 1344 res
2727 1292 2979 1346 asceticas
3028 1294 3317 1361 tractabat,
3357 1299 3668 1368 generisque

2095 1379 2176 1432 sui
2219 1378 2404 1434 fiducia
2441 1378 2625 1446 fretus,
2657 1395 2934 1439 monentes
2957 1400 3016 1439 se
3044 1401 3184 1456 aegre
3215 1387 3542 1445 admittebat.
3565 1390 3670 1446 Ve-

2095 1485 2213 1524 rum
2242 1471 2594 1540 prospiciente
2622 1479 2852 1539 numine,
2881 1491 2947 1531 ne
2977 1487 3093 1545 post
3113 1491 3380 1548 peractum
3406 1489 3673 1538 tantarum

2095 1575 2257 1631 opum
2283 1564 2619 1629 sacrificium,
2649 1566 2814 1621 levius
2841 1569 3115 1636 prtcmium
3135 1569 3392 1648 Stagiﬁ'ns
3421 1574 3660 1640 referret,

2088 1667 2126 1705 a
2154 1651 2396 1708 darmone
2432 1656 2715 1725 corripitur
2756 1666 2809 1711 et
2849 1659 3188 1728 exagitatur;
3228 1663 3296 1715 ita
3338 1663 3671 1721 ut‘di‘stortas

2097 1757 2288 1797 manus
2312 1743 2555 1808 vidisses,
2589 1755 2767 1800 torvos
2794 1749 2996 1812 oculos,
3025 1751 3133 1804 oris
3161 1767 3423 1821 spumam,
3449 1754 3670 1811 horren-

2099 1833 2220 1887 dam
2246 1843 2300 1889 et
2321 1835 2596 1890 confusam
2623 1853 2831 1904 vocem,
2860 1841 3104 1910 corporis
3130 1851 3443 1912 tremorem,
3466 1847 3671 1903 diutur-

2099 1941 2219 1980 nam
2266 1941 2454 1983 sensus
2505 1930 2859 1998 privationem
2906 1952 2920 1986 :
2963 1949 3024 1989 ac
3081 1938 3320 2005 repetitis
3369 1938 3674 2010 frequenter

2097 2018 2299 2072 vicibus
2348 2035 2515 2089 usque
2563 2021 2698 2076 adeo
2745 2034 3007 2094 vexatur,
3055 2035 3112 2080 ut
3153 2028 3207 2082 in
3240 2029 3548 2100 desperatas
3572 2035 3674 2090 sibi

2097 2119 2323 2164 mortem
2355 2112 2720 2167 consciscendi
2750 2116 3098 2184 cogitationes
3145 2119 3410 2174 interdum
3436 2125 3663 2179 veniret.

2099 2201 2231 2256 llinc
2260 2217 2458 2258 maeror
2481 2215 2534 2258 et
2573 2206 2785 2261 tristitia
2819 2208 3019 2279 ingens.
3079 2210 3185 2265 Vite
3213 2226 3401 2268 omnes
3433 2214 3672 2284 placandi

2099 2291 2190 2347 Dei
2223 2302 2490 2349 tentantur
2512 2337 2527 2362 ,
2561 2297 2700 2351 nulla
2738 2299 2944 2368 proficit
2977 2318 2990 2354 :
3019 2311 3322 2356 sanctorum
3353 2320 3537 2374 preces
3575 2307 3670 2361 ad-

2101 2384 2372 2454 hibentur,
2399 2403 2497 2442 nec
2526 2390 2821 2445 vexationis
2852 2391 2968 2446 ﬁnis
2997 2392 3328 2461 impetratur.
3362 2396 3460 2451 Hic
3489 2406 3664 2452 tamen

2096 2492 2162 2532 ex
2218 2486 2291 2532 tot
2337 2481 2588 2534 aerumnis
2640 2481 2842 2536 fructus
2894 2484 3216 2552 percipitur,
3276 2495 3341 2540 ut
3388 2487 3478 2557 qui
3535 2488 3669 2542 oliui
3721 2522 3725 2527 -

2097 2570 2386 2625 oscitanter
2429 2585 2487 2627 se
2529 2573 2790 2644 gerebat,
2833 2575 2944 2644 jam
2992 2575 3279 2632 ferventius
3310 2578 3391 2647 pia
3416 2579 3668 2634 exercitia

2097 2662 2288 2719 adiret.

2169 2753 2390 2808 Narratu
2434 2765 2612 2810 autem
2653 2755 2932 2826 TlieOphili
2962 2757 3208 2826 Ephesii,
3252 2760 3341 2830 qui
3371 2769 3424 2816 et
3451 2761 3672 2817 Joannis

2097 2854 2151 2898 et
2176 2845 2386 2915 Stagirii
2412 2845 2615 2900 amicus
2643 2856 2786 2913 erat,
2838 2857 3091 2903 evocatur
3119 2849 3184 2902 ad
3218 2859 3376 2905 tantzc
3406 2853 3676 2908 calamita-

2099 2937 2165 2991 tis
2193 2937 2438 2991 solatium
2459 2937 2715 3004 Joannes,
2749 2939 2912 3008 ipsius
2944 2941 3146 2994 amicns
3179 2958 3192 2993 :
3224 2943 3458 3011 quicum
3488 2945 3683 3000 inorbo-

2097 3027 2344 3082 detentus
2372 3070 2386 3094 ,
2426 3027 2588 3083 domo
2635 3029 2896 3085 excedere
2945 3046 3050 3084 non
3079 3033 3318 3100 valeret,
3361 3042 3470 3088 tres
3515 3035 3674 3090 hosce

2097 3119 2262 3173 libros
2312 3119 2563 3188 scripsit,
2627 3121 2876 3175 leniendo
2927 3121 3100 3178 dolori
3153 3135 3482 3194 opportunos
3524 3143 3538 3179 :
3585 3127 3672 3181 ubi

2094 3211 2341 3280 exemplo
2357 3220 2658 3266 sanctorum
2678 3213 2950 3284 utriusque
2967 3214 3287 3271 Testamenti
3307 3218 3493 3286 probat
3508 3219 3680 3274 Deum

2095 3302 2175 3356 vel
2207 3302 2497 3358 carissimis
2515 3304 2622 3359 sibi
2638 3305 2762 3358 viris
2785 3305 3046 3361 atrociora
3073 3307 3190 3362 ideo
3211 3307 3495 3363 immisisse
3511 3310 3673 3374 mala,

2096 3402 2150 3447 ut
2168 3394 2363 3463 majora
2389 3395 2602 3463 praemia
2627 3396 3118 3467 splendidioresque
3133 3414 3360 3454 coronas
3380 3401 3660 3455 tribueret:

2095 3485 2341 3539 Animum
2372 3487 2445 3540 ait
2469 3488 2864 3543 calamitatibus
2905 3489 3159 3545 afflictum
3181 3533 3196 3558 ,
3239 3491 3528 3547 ferventius
3554 3493 3666 3547 Deo

2092 3574 2392 3644 divinisque
2411 3576 2570 3630 rebus
2595 3576 2796 3632 haerere
2825 3595 2838 3630 :
2870 3580 3103 3632 maculas
3126 3595 3313 3635 omnes
3333 3591 3387 3635 et
3414 3582 3539 3636 vitia
3565 3581 3664 3637 hac

2092 3668 2304 3722 ratione
2339 3667 2494 3721 citius
2538 3667 2814 3738 abstergi:
2861 3680 2917 3724 ut
2958 3669 3124 3740 ipsius
3166 3672 3377 3741 Stagirii
3423 3675 3669 3742 exemplo

2091 3755 2426 3826 comprobari
2453 3767 2697 3826 poterat,
2729 3760 2818 3830 qui
2845 3761 3122 3815 oscitantia
3144 3804 3158 3827 ,
3190 3771 3426 3831 torpore,
3461 3774 3668 3822 tumore

2091 3847 2410 3909 eliminatis,
2452 3849 2563 3916 jam
2613 3850 2751 3903 inter
2800 3849 3157 3906 ferventiores
3207 3854 3401 3909 Christi
3442 3857 3668 3913 athletas

2091 3939 2290 4006 primas
2334 3949 2557 3994 teneret.
2604 3941 3022 4013 Exemplumque
3067 3944 3220 3999 affert
3245 3946 3667 4018 Demophilicu-

2087 4029 2299 4098 jusdain
2322 4031 2421 4085 sibi
2449 4033 2754 4087 amicissimi
2786 4035 2919 4099 viri,
2945 4035 3252 4092 Aristoxeni
3285 4045 3341 4094 ct
3363 4040 3588 4095 aliorum
3611 4042 3663 4096 in

2089 4121 2424 4176 xenodochio
2467 4123 2771 4194 degentium
2799 4165 2813 4189 ,
2866 4129 2961 4197 qui
2998 4144 3119 4182 cum
3167 4132 3419 4199 patientia
3471 4149 3662 4204 magna

2091 4213 2221 4267 diris
2247 4215 2580 4270 vexabantur
2605 4216 2900 4274 doloribus.
2930 4220 3056 4276 Hice
3082 4221 3171 4276 ille
3201 4221 3316 4278 fuse
3339 4233 3394 4279 et
3417 4227 3668 4296 pathetice

2093 4323 2186 4376 pro
2213 4301 2360 4362 more
2395 4323 2492 4363 suo
2533 4311 2898 4380 prosequitur,
2925 4328 2994 4368 ac
3013 4314 3228 4369 cuilibet
3257 4315 3504 4373 leniendo
3535 4335 3665 4375 mte-

2090 4399 2196 4451 rori
2220 4399 2512 4453 remedium
2539 4399 2693 4455 ofl‘ert
2720 4402 2931 4472 legenti.

2159 4489 2390 4544 Joannes
2449 4504 2613 4556 vero,
2660 4493 2783 4561 qui,
2813 4507 2933 4547 cum
2987 4495 3214 4562 primum
3262 4496 3328 4550 ad
3382 4497 3663 4568 Stagirium

2091 4581 2282 4635 librum
2336 4581 2568 4637 scribere
2610 4585 2798 4654 coepit,
2851 4585 3022 4654 ipsum
3068 4587 3216 4642 adire
3262 4605 3367 4643 non
3417 4601 3663 4659 poterat;

2090 4672 2277 4726 morbo
2320 4680 2376 4726 ut
2420 4672 2639 4728 credere
2673 4685 2749 4728 (εει
2778 4675 3078 4742 relevatus,
3129 4678 3300 4748 ipsum
3348 4681 3477 4736 adiit
3519 4693 3667 4737 ante-

2089 4778 2245 4831 quam
2295 4763 2455 4818 hosce
2502 4764 2667 4819 libros
2718 4765 3048 4832 absolveret,
3090 4778 3146 4824 ut
3193 4771 3305 4840 ipse
3343 4787 3446 4826 non
3499 4775 3666 4828 semel

2088 4853 2339 4906 insinuat.
2393 4853 2542 4907 Domi
2590 4855 2776 4909 morbo
2821 4856 3067 4912 detentus
3120 4869 3273 4924 erat,
3303 4862 3517 4930 quando
3547 4864 3666 4932 plu-

2089 4946 2238 5000 rimis
2312 4947 2647 5000 narrantibus
2709 4948 2922 5018 Stagirii
2988 4951 3343 5006 calamitatem
3409 4954 3664 5020 edidicit,

2088 5045 2147 5091 ut
2195 5037 2309 5106 ipse
2356 5039 2468 5103 ait;
2509 5039 2900 5109 verisimileqne
2960 5051 3042 5095 est
3094 5043 3265 5112 ipsum
3322 5044 3378 5097 in
3431 5045 3528 5099 hos
3580 5046 3665 5099 in-

2087 5126 2281 5180 cidisse
2347 5129 2595 5190 morbos,
2644 5130 2884 5198 corporis
2938 5131 3301 5200 aegritudinem
3367 5143 3422 5188 et
3481 5138 3669 5205 capitis

2087 5216 2324 5271 dolorem
2348 5257 2363 5279 ,
2393 5233 2514 5271 cum
2542 5219 2594 5272 in
2635 5221 2909 5288 spelunca,
2938 5222 3026 5276 ubi
3065 5224 3334 5279 biennium
3368 5228 3661 5297 transegit,

2087 5307 2262 5363 debile
2287 5323 2482 5378 corpus
2523 5322 2818 5367 maceraret
2840 5353 2855 5378 ,
2888 5322 2942 5367 et
2968 5315 3202 5370 animum
3226 5318 3492 5373 exercitiis
3520 5334 3666 5375 asce-

2089 5399 2208 5452 ticis
2236 5408 2491 5468 perpetuo
2517 5400 2777 5456 intentum
2814 5402 3093 5459 detineret.
3109 5407 3396 5480 Postquam
3409 5419 3584 5465 autem
3615 5411 3663 5464 vi

2092 5489 2264 5544 morbi
2293 5490 2344 5544 in
2369 5491 2553 5547 urbem
2581 5502 2636 5547 et
2655 5494 2869 5549 domum
2915 5510 3065 5550 suam
3105 5497 3278 5553 redire
3305 5509 3521 5554 coactus
3561 5511 3661 5560 est.

2092 5582 2318 5637 necdum
2344 5599 2375 5638 a
2403 5585 2591 5640 morbo
2620 5597 2909 5657 recreatus,
2941 5588 3053 5645 bmc
3078 5589 3144 5646 de
3168 5591 3393 5661 Stagirio
3423 5592 3662 5662 plurimis

2098 5675 2433 5732 narrantibus
2456 5677 2669 5731 audivit.
