4122 6386
431 338 497 395 97
1606 339 1794 396 NUNC
1836 340 2100 397 PRIMUM
2139 342 2528 404 ADORNATA.
3620 352 3688 409 98

508 460 762 513 Diaccnus
793 459 1059 512 ordinatur
1086 474 1219 511 anno
1250 465 1463 512 vertente
1511 456 1614 511 580
1638 499 1653 524 ,
1694 457 1770 511 vel
1809 458 2009 512 ineunte

431 552 555 607 381.
586 579 655 592 ——-
686 550 774 604 Ait
816 550 1065 604 Socrates
1086 590 1100 615 ,
1153 563 1309 618 quem
1355 556 1643 616 sequuntur
1672 546 2010 602 Hermantius

430 644 624 711 aliique
658 654 872 705 omnes,
922 655 1029 695 uno
1074 647 1296 708 excepto
1342 638 1720 703 Tillemontio,
1751 637 2008 693 Joannem

425 733 535 801 jam
588 732 867 787 diaconum
934 731 1126 795 fuisse,
1178 729 1388 799 quando
1443 728 1509 783 ad
1550 728 1834 799 Stagirium
1878 729 2010 784 scri-

431 825 552 891 psit.
594 824 766 893 Quid,
808 824 853 877 si
898 822 1101 877 dicatur
1155 822 1299 876 illum
1346 820 1622 890 scripsisse
1670 821 1893 889 primum
1941 818 2008 873 ad

428 914 714 985 Stagirium
738 915 960 979 librum,
990 912 1201 983 quando
1238 914 1425 967 morbo
1469 912 1719 967 detentus
1761 911 2010 967 manebat

431 1007 573 1058 domi
600 1046 615 1071 ,
648 1005 887 1074 duosque
917 1005 1051 1058 alios
1088 1012 1365 1073 postquam
1407 1012 1673 1056 recreatus
1705 1018 1734 1055 a
1778 1003 1966 1056 morbo
1989 1044 2003 1067 ,

431 1096 684 1150 diaconus
712 1095 985 1149 ordinatus
1010 1094 1221 1148 fuerat?
1247 1094 1436 1147 Verum
1467 1092 1581 1147 haec
1607 1094 1829 1147 salebris
1852 1094 2006 1162 plena

430 1197 592 1254 sunt,
626 1203 723 1242 nec
744 1197 918 1257 potest
943 1187 1067 1257 quid
1105 1195 1250 1241 certo
1294 1186 1623 1255 pronuntiari
1658 1204 1671 1239 :
1715 1186 1785 1239 ita
1812 1202 2008 1256 nempe

431 1282 662 1336 breviter
682 1290 736 1335 et
763 1281 987 1334 obscure
1012 1280 1124 1332 hac
1150 1289 1434 1332 narrantur
1458 1294 1487 1332 a
1514 1278 1733 1332 Socrate
1759 1287 1811 1332 et
1832 1278 2005 1332 Palla-

429 1372 540 1425 dio.
572 1371 637 1427 Ut
666 1380 723 1425 ut
750 1385 838 1424 res
865 1378 946 1425 est
970 1411 986 1436 ,
1014 1369 1284 1424 ordinatus
1315 1370 1568 1423 diaconus
1605 1366 1704 1422 fuit
1744 1382 1774 1422 a
1797 1368 2006 1422 Meletio

431 1462 516 1515 vel
540 1475 680 1514 anno
704 1469 944 1514 vertente
965 1459 1089 1525 580,
1113 1460 1192 1512 vel
1226 1460 1437 1512 ineunte
1466 1458 1561 1513 581
1602 1475 1615 1511 :
1641 1473 1760 1512 nam
1793 1459 2005 1513 ineunte

431 1567 557 1607 vere
590 1552 825 1620 ejusdem
856 1553 976 1605 anni
1000 1553 1095 1606 581
1130 1552 1369 1606 Meletius
1405 1551 1898 1621 Constantinopolin
1946 1566 2005 1607 se

428 1643 688 1707 contulit,
720 1642 895 1711 ibique
922 1643 1059 1697 diem
1089 1643 1298 1696 clausit.

504 1732 678 1786 Libros
726 1735 792 1785 ad
831 1732 1042 1786 Viduam
1088 1734 1330 1799 iuniorem
1381 1734 1566 1786 scribit.
1591 1764 1661 1773 —
1686 1734 1848 1788 Paulo
1888 1747 2005 1805 post

428 1843 584 1894 quam
625 1827 878 1879 diaconus
907 1826 1109 1879 electus
1141 1825 1239 1879 fuit
1268 1826 1498 1881 Joannes
1533 1826 1688 1897 (Vide
1718 1826 2000 1894 Monitum,

430 1929 467 1971 t.
495 1921 544 1971 1.
575 1940 621 1975 c.
646 1917 800 1988 595),
820 1924 878 1971 ut
900 1933 961 1970 ex
993 1918 1100 1985 ipsa
1127 1917 1241 1985 ejus
1274 1917 1575 1971 narratione
1600 1918 1877 1987 diligenter
1906 1936 2001 1974 ex-

430 2010 631 2061 nlorata
680 2010 788 2076 jam
838 2022 935 2060 suo
981 2006 1098 2060 loco
1132 2007 1441 2071 statuimus,
1476 2008 1719 2062 videlicet
1758 2020 2000 2066 vertente

426 2116 566 2152 anno
604 2100 727 2165 580,
758 2100 837 2153 vel
884 2100 1096 2153 ineunte
1139 2100 1261 2165 ⁸581,
1297 2100 1459 2154 libros
1485 2100 1619 2155 duos
1663 2101 1728 2156 ad
1779 2103 2001 2159 Viduam

430 2192 699 2249 iuniorem
747 2193 923 2246 emisit
946 2233 959 2255 ,
990 2192 1086 2247 hac
1128 2192 1315 2247 ductus
1357 2195 1634 2249 occasione
1659 2236 1674 2260 ,
1705 2211 1861 2265 quam
1890 2197 2004 2267 ipse

428 2282 663 2350 pluribus
687 2284 946 2337 enuntiat.
972 2283 1259 2338 Therasius
1284 2326 1298 2350 ,
1338 2284 1419 2337 vir
1445 2286 1581 2338 inter
1608 2286 1886 2354 primarios
1920 2289 2002 2341 sui

425 2374 677 2443 temporis
706 2377 1041 2444 conspicuus,
1069 2391 1265 2445 genere
1293 2376 1733 2448 facultatibusque
1758 2379 1998 2451 insignis,

423 2484 580 2537 quem
611 2483 733 2536 spes
754 2477 873 2524 erat
900 2468 965 2522 ad
995 2468 1333 2537 pr:efecturas
1366 2478 1738 2537 perventurum
1768 2486 1905 2536 esse;
1934 2472 2003 2533 ad

425 2559 539 2611 hsce
585 2558 879 2627 probitate,
914 2559 1207 2623 modestia,
1235 2559 1428 2628 pietate
1463 2568 1717 2615 ornatus:
1743 2563 1793 2614 in
1832 2563 2001 2617 :etatis

424 2650 555 2703 ﬂore
599 2649 737 2702 diem
766 2649 897 2702 obiit
926 2658 1221 2703 extremum
1247 2690 1259 2714 ,
1292 2658 1571 2719 postquam
1603 2665 1770 2704 annos
1797 2660 1997 2705 tantum

422 2743 654 2811 quinque
692 2757 811 2797 cum
861 2757 1026 2796 uxore
1070 2751 1272 2811 egerat.
1316 2741 1483 2808 Quam
1529 2752 1589 2794 ut
1634 2742 2001 2797 consolaretur

425 2836 563 2888 hunc
587 2834 775 2888 librum
804 2833 971 2889 edidit
999 2834 1264 2888 Joannes:
1288 2843 1343 2888 et
1368 2834 1540 2903 primo
1562 2834 1655 2888 Dei
1678 2834 1997 2903 singularem

423 2941 545 2995 erga
576 2925 758 2979 viduas
788 2925 1074 2980 exhibitam
1106 2941 1285 2979 curam
1317 2926 1384 2979 ob
1405 2926 1586 2979 oculos
1614 2927 1784 2995 ponit,
1810 2926 1999 2996 quibus

422 3022 581 3075 etiam
622 3021 721 3075 viri
772 3020 890 3075 loco
918 3034 1034 3073 esse
1063 3019 1271 3087 probat.
1299 3019 1431 3072 Hinc
1458 3018 1696 3073 honesta:
1732 3019 1999 3074 viduitatis

422 3110 728 3179 dignitatem
755 3126 818 3164 ex
850 3110 995 3163 Pauli
1022 3109 1196 3163 verbis
1221 3108 1486 3173 celebrat,
1508 3124 1678 3178 neque
1706 3109 1994 3179 proborum

422 3203 567 3256 obitu
611 3202 944 3271 gaudendum
980 3216 1100 3257 esse
1140 3201 1489 3256 demonstrat.
1528 3202 1716 3257 Postea
1756 3203 1996 3259 humana!

423 3295 545 3348 vitae
574 3295 953 3349 volubilitatem
974 3304 1034 3349 ut
1057 3294 1301 3349 ostendat
1326 3337 1340 3360 ,
1373 3296 1673 3366 exemplum
1698 3296 1851 3351 affert
1867 3313 1996 3367 quo-

423 3386 664 3441 rumdam
694 3387 977 3456 insignium
1014 3386 1277 3450 virorum,
1303 3387 1393 3456 qui
1422 3386 1490 3440 ad
1534 3370 1787 3456 majorem
1827 3389 1994 3443 evecti

422 3478 757 3547 dignitatem,
788 3477 1045 3546 praecipiti
1075 3477 1415 3546 violentaque
1433 3486 1603 3530 morte
1631 3477 1826 3532 sublati
1849 3488 1995 3536 sunt.

417 3570 527 3623 Nec
553 3570 616 3623 iis
640 3568 902 3623 beatiores
922 3583 1042 3623 esse
1065 3569 1138 3621 ait
1159 3566 1531 3636 Imperatores,
1553 3567 1647 3622 sed
1671 3583 1774 3637 quo
1795 3569 1994 3638 majore

418 3662 627 3714 fortuna
660 3659 916 3713 tollantur
946 3660 997 3712 in
1038 3660 1235 3725 altum,
1265 3673 1331 3712 eo
1354 3658 1597 3728 graviore
1624 3658 1775 3726 lapsu
1813 3674 1991 3713 ruere.

418 3751 550 3803 llinc
578 3749 926 3819 imperatores
946 3749 1025 3801 sui
1049 3748 1302 3816 temporis
1325 3756 1600 3812 recenset,
1632 3749 1720 3816 qui
1749 3762 1845 3802 suo
1877 3764 1992 3803 aevo

420 3845 614 3897 misere
638 3843 941 3911 perierant;
972 3856 1077 3894 non
1116 3840 1332 3908 prolatis
1361 3839 1662 3893 norniaibus
1681 3881 1695 3903 ,
1722 3839 1815 3893 sed
1842 3840 1993 3894 invo-

418 3937 540 3989 lutis
565 3935 742 3990 verbis
764 3976 778 4001 ,
805 3949 923 4003 qua:
952 3947 1049 3986 nos
1079 3931 1457 4000 explicavimus
1498 3930 1550 3983 in
1580 3930 1799 3984 Monito.
1826 3929 1995 3985 Erant

416 4035 592 4081 autem
640 4026 995 4095 Imperatores
1040 4023 1115 4081 illi
1172 4037 1362 4077 novem
1404 4036 1658 4087 numero,
1690 4035 1757 4075 ex
1799 4021 1992 4091 quibus

416 4119 522 4177 duo
554 4126 756 4175 tantum
784 4114 1052 4175 communi
1093 4122 1264 4166 morte
1286 4111 1477 4165 sublati
1508 4111 1720 4165 fuerant
1755 4129 1767 4165 :
1800 4124 1990 4166 novem

417 4210 491 4262 illi
528 4218 651 4263 sunt
676 4205 1056 4267 Constantinus
1095 4212 1150 4257 et
1176 4212 1282 4257 tres
1309 4201 1399 4255 filii
1433 4201 1549 4270 ejus
1575 4201 1988 4270 Constantinus,

418 4301 762 4355 Constantius
788 4306 842 4352 et
880 4296 1158 4361 Constans,
1189 4294 1401 4359 Callus,
1432 4291 1692 4357 Julianus,
1717 4291 1987 4360 Jovianus,

417 4392 816 4447 Valentinianus
851 4398 905 4443 et
935 4388 1143 4441 Valens.
1175 4386 1309 4439 llinc
1339 4384 1526 4438 transit
1550 4382 1617 4437 ad
1646 4384 1908 4452 Augustas
1938 4391 1992 4439 et

416 4485 783 4555 lmperatriccs
803 4525 818 4548 ,
846 4497 961 4552 qua:
988 4479 1266 4533 infeliciter
1289 4477 1575 4545 perierant,
1600 4484 1653 4529 et
1680 4476 1987 4529 obscuriora

416 4577 655 4647 profert,
678 4590 796 4644 quze
838 4574 923 4625 vix
962 4572 1043 4625 ad‘
1074 4570 1347 4623 historiam
1400 4567 1552 4620 istius
1588 4566 1685 4620 aevi
1728 4565 1989 4636 quadrare

414 4670 616 4739 possint
643 4682 801 4736 :qum
831 4679 927 4719 nos
964 4678 1060 4733 pro
1098 4660 1345 4715 facultate
1378 4657 1762 4728 explicavimus
1792 4657 1846 4711 in
1885 4671 1984 4711 eo-

411 4762 530 4819 dem
563 4758 781 4820 Manilo.

482 4850 635 4907 Hunc
672 4848 737 4901 ad
767 4846 991 4901 Viduam
1028 4844 1293 4914 juniorcm
1336 4841 1527 4896 librum
1573 4841 1810 4910 sequitur
1851 4842 1985 4897 alius

413 4943 544 4999 liber
583 4941 665 4993 vel
712 4939 955 5003 bomilia,
987 4953 1105 5006 qua:
1140 4936 1298 4989 etiam
1346 4934 1411 4987 ad
1455 4932 1678 4987 Viduam
1720 4932 1985 5001 juniorem

414 5035 734 5089 inscribitur.
764 5032 956 5085 Verum
985 5030 1070 5083 hic
1096 5043 1199 5082 non
1227 5027 1439 5081 viduam
1467 5042 1622 5079 unam
1640 5067 1653 5088 ,
1679 5025 1775 5079 sed
1799 5024 1987 5078 viduas

412 5141 599 5181 onmcs
646 5124 886 5193 juniores
934 5120 1251 5189 alloquitur,
1297 5134 1428 5187 quas
1470 5104 1781 5170 Cohortatur
1827 5124 1884 5168 ut
1930 5114 1986 5169 in

412 5223 668 5273 viduitate
708 5223 1087 5287 permaneant,
1133 5229 1237 5267 non
1293 5210 1431 5280 quod
1484 5209 1740 5263 secundas
1780 5208 1986 5277 nuptias

414 5312 661 5375 damnet,
692 5309 783 5362 sed
814 5306 953 5376 quod
982 5306 1059 5359 sic
1088 5304 1363 5358 liberiores
1391 5309 1675 5365 maneant,
1710 5310 1765 5354 et
1786 5299 1985 5354 caelesti

413 5418 611 5476 sponso
634 5401 847 5455 Christo
877 5414 934 5452 se
964 5396 1162 5450 arctius
1193 5395 1417 5464 jungere
1444 5392 1666 5461 possint.

483 5492 692 5544 Librum
739 5489 800 5541 de
849 5486 1147 5556 Virginitate
1174 5483 1363 5537 scribit.
1395 5512 1467 5521 —
1502 5482 1890 5551 Longissimum
1932 5488 1986 5535 et

413 5584 664 5636 exitnium
691 5580 758 5634 de
788 5579 1100 5648 Virginitate
1125 5576 1339 5641 librum,
1374 5574 1461 5644 qui
1494 5573 1769 5642 plusquam
1792 5573 1860 5625 68
1888 5588 1982 5641 pa-

413 5674 562 5743 ginas
589 5672 789 5740 Implet,
821 5669 1063 5724 emisisse
1106 5666 1365 5721 Joannem
1398 5674 1641 5733 putamus
1693 5663 1984 5716 Antiochiae

414 5772 475 5817 et
499 5773 776 5832 antequam
806 5760 1083 5831 presbyter
1127 5767 1286 5813 esset.
1323 5755 1473 5827 Quod
1507 5756 1647 5811 enim
1686 5755 1978 5813 Antiochia:

2121 461 2381 531 ediderit,
2412 465 2525 533 ipse
2575 466 2884 521 testificatur
2934 466 3148 521 bomilia
3193 466 3583 537 undevigesima
3628 468 3687 523 in

2119 554 2294 623 Epist.
2322 558 2386 611 ad
2416 557 2719 613 Corinthios
2751 558 2831 613 bis
2856 558 3031 613 verbis
3056 576 3070 611 :
3095 558 3156 614 Si
3183 570 3347 612 autem
3377 560 3686 627 printer-imus

2116 661 2174 698 ea
2200 662 2312 714 qua:
2353 648 2563 700 dicenda
2603 658 2761 701 essent
2791 648 2852 701 de
2878 649 3162 718 virginitate
3185 690 3199 714 ,
3227 666 3369 702 nemo
3407 665 3496 703 nos
3524 650 3683 718 negli-

2113 737 2294 803 gentia:
2313 738 2535 794 damnet.
2565 738 2766 809 Integer
2794 741 2922 793 enim
2949 739 3072 793 liber
3095 741 3147 793 in
3168 741 3300 794 hunc
3322 741 3485 794 locum
3516 758 3549 793 a
3588 757 3683 794 no-

2113 826 2187 879 bis
2214 837 2285 881 est
2312 829 2473 882 editus
2496 846 2514 883 :
2539 838 2581 883 et
2606 846 2740 896 cum,
2767 847 2917 899 quam
2948 832 3198 900 potuimus
3237 832 3605 887 accuratissime
3637 841 3683 885 et

2112 915 2491 987 diligentissime
2514 958 2530 985 ,
2558 919 2727 972 omnia
2766 920 2871 973 illic
2918 922 3197 990 persequuti
3221 921 3378 974 simus
3401 964 3414 986 ,
3446 938 3685 991 superva-

2118 1024 2326 1061 caneum
2356 1025 2463 1062 esse
2488 1002 2725 1063 duximus
2752 1027 2810 1063 ea
2838 1027 3039 1065 rursum
3070 1012 3148 1064 hic
3187 1028 3452 1082 exponere.
3481 1013 3689 1074 Locum,

2115 1113 2277 1166 porro
2305 1098 2474 1166 illum,
2504 1115 2660 1169 quem
2703 1100 2916 1154 bomilia
2953 1100 3345 1170 undevigesima
3388 1103 3440 1155 in
3477 1103 3691 1172 Epistoa

2110 1190 2216 1244 lam
2245 1192 2269 1245 1
2299 1191 2365 1245 ad
2396 1192 2703 1264 Corinthios
2731 1194 2783 1246 in
2826 1202 3196 1262 argumentum
3248 1193 3351 1247 sibi
3394 1196 3691 1263 proponit.

2110 1282 2333 1347 scilicet,
2354 1282 2556 1337 Bonum
2578 1293 2658 1337 est
2674 1283 2874 1337 homini
2890 1283 3164 1338 mulierem
3179 1298 3289 1337 non
3307 1293 3689 1354 tangere,etc.,_

2109 1373 2163 1427 in
2180 1373 2283 1428 hoc
2301 1374 2367 1428 de
2383 1374 2692 1444 Virginitate
2718 1376 2853 1430 libro
2875 1384 3127 1446 perpetuo
3146 1383 3399 1431 versat‘et
3422 1376 3635 1430 discutit
3660 1394 3675 1441 ;

2109 1464 2177 1516 ita
2208 1471 2261 1517 ut
2293 1464 2515 1533 perinde
2541 1476 2744 1520 certum
2772 1466 2839 1519 sit
2863 1465 3002 1519 hunc
3037 1465 3104 1521 de
3140 1465 3454 1536 Virginitate
3487 1467 3680 1522 librum

2108 1554 2161 1608 in
2198 1555 2413 1610 bomilia
2462 1557 2549 1611 illa
2588 1558 2995 1612 commemorari
3028 1575 3041 1611 :
3089 1567 3148 1613 ut
3182 1568 3383 1614 certum
3413 1566 3497 1615 est
3518 1602 3533 1627 ,
3565 1560 3681 1629 ipso

2110 1655 2243 1701 teste
2265 1644 2651 1717 Chrysostomo
2672 1687 2686 1712 ,
2719 1657 2776 1701 et
2800 1647 2995 1702 fatente
3018 1648 3358 1703 Tillemontio
3378 1690 3393 1717 ,
3424 1648 3686 1705 Homilias

2108 1735 2159 1788 in
2184 1736 2473 1805 Epistolam
2497 1738 2521 1791 1
2548 1738 2613 1791 ad
2627 1736 2931 1791 Corinthios
2950 1738 3246 1794 Antiochiae
3267 1739 3471 1794 habitas
3492 1738 3674 1795 fuisse.

2178 1826 2373 1881 Verum
2397 1826 2457 1881 V.
2479 1826 2562 1881 Cl.
2591 1827 2959 1883 Tillemontius
2990 1837 3187 1883 tantam
3213 1829 3336 1884 huic
3364 1830 3677 1885 enervandze

2107 1920 2384 1974 sententiae
2437 1918 2802 1975 difficultatem
2854 1936 2913 1975 se
2958 1921 3221 1989 reperisse
3266 1930 3452 1991 putat,
3493 1930 3550 1975 ut
3588 1923 3675 1976 illa

2106 2010 2398 2075 abductus,
2446 2011 2700 2066 Joannem
2727 2012 2835 2081 jam
2875 2014 3179 2083 episcopum
3211 2024 3264 2069 et
3302 2014 3676 2069 Constantino-

2107 2101 2212 2169 poli
2244 2100 2438 2155 librum
2477 2101 2618 2156 hunc
2651 2103 2882 2157 edidisse
2930 2103 3217 2170 decernat,
3261 2106 3382 2174 quia
3434 2105 3684 2160 videlicet

2104 2192 2332 2261 quodam
2366 2192 2417 2246 in
2454 2192 2571 2247 loco
2622 2194 2712 2248 ille
2755 2196 2902 2264 quasi
2956 2196 3240 2265 episcopus
3288 2196 3538 2265 loquitur.
3568 2197 3695 2253 Sed»

2104 2284 2456 2351 objectionem
2484 2284 2627 2338 illam
2655 2285 2988 2341 confutamus
3019 2288 3070 2340 in
3096 2286 3292 2342 Monito
3321 2287 3388 2342 ad
3431 2288 3569 2343 hunc
3614 2290 3674 2342 li-

2103 2373 2256 2427 brum
2299 2374 2360 2427 T.
2392 2376 2443 2428 l.
2475 2382 2523 2426 ο.
2553 2375 2650 2429 551
2694 2375 2828 2431 :ubi
2870 2376 3013 2431 clare
3065 2377 3351 2446 probamus
3393 2378 3563 2447 ipsum
3619 2380 3673 2433 in

2104 2463 2222 2519 loco
2274 2464 2366 2518 illo
2395 2480 2461 2520 ex
2512 2465 2661 2519 Pauli
2726 2480 2955 2537 persona
2995 2467 3166 2536 loqui;
3196 2477 3249 2523 et
3305 2470 3499 2537 passim
3548 2470 3673 2524 alibi

2102 2556 2249 2610 illum
2276 2557 2644 2627 episcoporum
2665 2599 2681 2625 ,
2718 2559 3115 2630 conjugatorum
3144 2570 3196 2615 et
3231 2560 3456 2616 aliorum
3485 2577 3671 2631 perso-

2102 2664 2197 2703 nas
2224 2649 2299 2704 sic
2326 2664 2597 2705 assumere
2624 2653 3002 2721 comperimus.

2172 2740 2530 2796 lndubitatum
2566 2742 2744 2812 itaque
2777 2750 2861 2796 est
2883 2782 2898 2807 ,
2928 2742 3043 2811 ipso
3083 2743 3409 2799 reclamante
3445 2744 3673 2814 Chryso-

2100 2841 2311 2897 stomo,
2341 2831 2650 2893 librumde
2694 2830 3009 2903 Virginitate
3070 2832 3327 2888 emissum
3380 2834 3682 2895 Antiochiae.

2099 2922 2281 2987 fuisse,
2308 2924 2381 2976 ita
2414 2930 2472 2977 ut
2509 2936 2573 2976 ex
2618 2922 2793 2977 verbis
2843 2922 2961 2992 ejus
3011 2923 3163 2993 argui
3211 2938 3370 2993 posse
3411 2924 3693 2995 videatur,_

2100 3017 2271 3086 ipsum
2300 3026 2423 3073 tunc
2452 3018 2504 3071 in
2536 3018 2819 3072 multorum
2849 3031 3036 3071 manus
3063 3017 3367 3073 devenisse.
3397 3018 3512 3085 Quo
3538 3027 3683 3077 tem-s

2100 3125 2228 3179 pore
2265 3120 2444 3165 autem
2493 3110 2642 3164 illum
2691 3111 3000 3179 scripserit,
3028 3125 3285 3179 nusquam
3330 3111 3667 3180 reperimus;

2104 3202 2452 3272 probabiliter
2490 3212 2665 3257 tamen
2697 3203 2799 3256 dici
2830 3216 2986 3271 posse
3012 3211 3157 3272 puto,
3188 3203 3367 3274 ipsum
3389 3213 3675 3273 antequam

2100 3293 2373 3363 presbyter
2402 3303 2545 3347 esset
2590 3292 2731 3346 hunc
2778 3293 2968 3347 librum
3001 3292 3373 3359 adornavisse,
3407 3308 3526 3348 cum
3552 3295 3688 3363 plus.

2098 3382 2198 3437 sibi
2244 3385 2334 3437 otii
2377 3392 2537 3437 esset.
2579 3383 2860 3453 Postquam
2914 3384 3054 3437 enim
3094 3385 3373 3456 presbyter
3397 3386 3687 3441 ordinatus.

2098 3471 2230 3539 fuit,
2259 3472 2606 3527 concionandi
2647 3474 2821 3527 officio
2846 3473 3269 3544 frequentissime
3309 3474 3624 3545 fungebatur
3650 3519 3663 3541 ,

2098 3572 2284 3618 utnon
2312 3573 2522 3619 vacaret
2564 3566 2661 3634 ipsi
2704 3573 2809 3619 tam
2853 3565 3094 3634 prolixos
3129 3566 3444 3622 concinnare
3482 3567 3664 3622 libros.

2098 3656 2344 3724 Alioquin
2371 3666 2546 3710 autem
2566 3697 2579 3720 ,
2614 3656 2660 3709 si
2690 3656 2967 3726 presbyter
2995 3656 3109 3710 hate
3137 3657 3457 3726 scripsisset,
3486 3658 3537 3712 in
3564 3657 3677 3715 ho-.

2099 3747 2270 3799 mitias
2290 3790 2304 3812 ,
2335 3755 2391 3801 ut
2410 3746 2633 3801 credere
2652 3755 2753 3811 est,
2785 3755 2951 3800 totum
2983 3746 3341 3802 distribuissct
3363 3790 3378 3815 ,
3408 3756 3466 3801 ut
3497 3748 3674 3802 homi-.

2095 3836 2192 3889 lias
2234 3836 2300 3890 de
2349 3836 2686 3901 Poenitentia,
2738 3836 2804 3891 de
2853 3835 3405 3905 lncomprcbensibili,
3450 3838 3517 3892 de
3564 3837 3667 3891 La-

2094 3942 2238 3988 zaro,
2267 3937 2371 3981 θιο.

2164 4020 2244 4073 De
2296 4030 2468 4074 sancto
2540 4019 2734 4090 Babyla
2778 4019 2960 4073 librum
3019 4019 3209 4072 scribit.
3251 4048 3321 4057 —
3360 4018 3473 4073 Huc
3522 4019 3662 4073 refe-

2092 4110 2289 4165 rendus
2318 4111 2453 4165 liber
2492 4111 2582 4165 ille
2612 4111 2663 4164 in
2696 4120 2936 4164 sanctum
2960 4110 3209 4180 Babylam
3240 4108 3343 4180 (T.
3372 4109 3425 4162 2.
3460 4123 3507 4161 c.
3530 4108 3659 4163 527.

2093 4199 2219 4273 553)
2236 4241 2250 4264 ,
2269 4210 2454 4255 contra
2477 4200 2740 4255 Julianum
2766 4209 2827 4254 et.
2858 4210 3041 4254 contra
3074 4198 3309 4253 Gentiles
3327 4213 3529 4269 ,quem
3554 4199 3675 4251 An-

2092 4291 2305 4347 tiochia:
2331 4292 2544 4360 scripsit
2568 4300 2622 4345 et
2644 4306 2710 4344 ex
2734 4290 3004 4343 memorial,
3025 4289 3175 4359 lapsu
3205 4286 3541 4346 llermantius
3567 4302 3671 4355 pro

2092 4384 2308 4438 bomilia
2335 4383 2538 4438 habuit.
2566 4381 2843 4449 Temporis
2886 4389 3064 4434 notam
3097 4379 3183 4433 hic
3216 4378 3446 4433 Joannes
3481 4386 3678 4435 noster»

2092 4477 2262 4539 affert,
2292 4491 2412 4530 cum
2435 4475 2565 4529 dicit
2603 4474 2712 4543 jam
2757 4473 3067 4542 vigesimum
3124 4486 3317 4525 annum
3352 4472 3433 4539 agi
3462 4486 3525 4525 ex
3557 4486 3688 4540 quo,

2091 4568 2330 4623 Julianus
2361 4568 2609 4634 Apostata
2633 4564 2885 4634 templum
2912 4562 3413 4633 Jerosolymitanum
3450 4568 3664 4615 restau-

2091 4675 2212 4714 rare
2258 4667 2478 4711 conatus
2519 4664 2619 4710 est.
2668 4654 2737 4709 ld-
2773 4669 2901 4707 vero
2955 4655 3175 4708 tentavit
3221 4652 3463 4707 Julianus
3518 4666 3675 4706 anno.

2088 4750 2288 4804 Christi
2336 4748 2439 4803 562
2486 4766 2498 4800 :
2549 4746 2689 4799 unde
2733 4752 3042 4812 sequeretur
3066 4743 3321 4797 Joannem
3365 4757 3506 4795 anno
3558 4742 3663 4795 582

2092 4840 2235 4894 hunc
2259 4838 2548 4892 adornasse
2587 4835 2799 4889 librum.
2831 4833 3024 4887 Verum
3073 4833 3207 4887 solet
3244 4832 3332 4886 ille
3372 4848 3475 4885 non
3514 4840 3665 4885 tanto

2092 4929 2343 4998 scrupulo
2370 4929 2465 4982 has
2493 4942 2603 4981 suae
2628 4927 2788 4980 etiam
2813 4925 2982 4978 anatis
3011 4934 3164 4978 notas
3196 4937 3463 4992 apponere
3480 4961 3499 4988 ,
3526 4922 3674 4976 utin

2091 5022 2288 5076 Mouito
2317 5020 2383 5072 ad
2409 5018 2548 5072 hunc
2577 5018 2768 5073 librum
2796 5015 3038 5086 pluribus
3083 5014 3459 5082 comprobatur
3487 5011 3575 5084 (T.
3605 5011 3662 5065 ‘2.

2094 5130 2146 5183 p.
2181 5110 2329 5176 525).
2364 5109 2476 5164 lloc
2504 5123 2664 5163 unum
2694 5107 2809 5160 sine
2839 5105 3050 5160 errandi
3073 5105 3311 5174 periculo
3357 5103 3460 5158 dici
3506 5117 3675 5172 posse.

2091 5201 2316 5266 videtur,
2346 5200 2492 5253 illum
2520 5212 2712 5266 nempe
2730 5211 2848 5249 cum
2874 5195 3126 5249 diaconus
3146 5202 3288 5247 esset
3306 5192 3451 5247 hunc
3472 5193 3665 5248 librum

2090 5294 2393 5362 scripsisse,
2421 5292 2488 5345 ab
2537 5305 2677 5343 anno
2720 5302 2910 5357 nempe
2951 5287 3047 5342 581
3102 5286 3167 5340 ad
3208 5285 3312 5341 585
3350 5295 3403 5340 et
3436 5285 3539 5341 586
3582 5285 3666 5338 iu-

2089 5397 2301 5441 euntem
2312 5425 2327 5439 .

2160 5476 2543 5544 Argumentum
2573 5471 2692 5525 libri
2724 5481 2807 5524 est
2846 5469 3064 5524 historia
3091 5467 3328 5538 martyrii
3366 5466 3423 5522 S.
3450 5466 3665 5535 Babyla:
3690 5506 3701 5513 .

2092 5565 2327 5637 episcOpi
2369 5563 2684 5618 Antiocheni
2727 5560 3105 5615 declamatorio
3150 5573 3337 5622 more,
3378 5572 3549 5626 exque
3580 5572 3660 5609 ru-

2093 5672 2241 5711 more
2276 5654 2411 5723 vulgi
2456 5654 2766 5722 plerumque
2808 5651 3089 5713 recensita,
3120 5648 3282 5716 tropis
3314 5645 3617 5702 redundans
3651 5662 3662 5695 :

2093 5751 2143 5809 in
2184 5764 2284 5820 qua
2338 5749 2612 5803 veritatem
2656 5760 2796 5813 sche
2842 5743 3132 5800 desideres.
3176 5741 3309 5796 Nam
3358 5748 3417 5796 ut
3461 5748 3663 5803 certum
