4122 6386
435 327 506 387 99
1485 322 1543 379 S.
1580 322 1855 379 JOANNIS
1890 318 2364 378 CHRYSOSTOMI
2395 323 2572 391 VITA,
3603 333 3698 391 106

437 439 682 498 existimo
708 438 768 495 S.
797 437 1046 511 Dabylam
1083 451 1179 507 pro
1217 435 1427 492 Christo
1473 450 1669 491 cassum
1717 434 1908 499 fuisse;
1942 435 2012 486 ita

436 546 605 602 genus
640 540 694 586 et
729 544 889 585 causa
931 528 1171 598 martyrii
1198 543 1263 583 ex
1306 526 1486 598 populi
1529 540 1743 581 rumore
1799 524 2013 595 potius,

437 640 592 694 quam
645 638 713 678 ex
738 636 864 677 vera
906 635 1084 676 rerum
1127 628 1396 691 gestarum
1458 617 1677 673 historia
1736 632 1768 671 a
1810 614 2016 672 Joanne

438 713 662 785 proferri
706 727 810 767 non
868 712 1085 768 dubium
1138 720 1238 766 est.
1297 709 1425 779 Quis
1474 711 1890 779 enim,qua:so,
1928 707 2015 760 ille

438 805 597 861 fuerit
642 804 1000 858 Romanorum
1040 799 1332 871 Imperator
1375 800 1734 864 Christianus,
1764 798 1856 871 qui
1883 798 2014 851 inita

435 914 557 954 eum
621 912 747 968 rege
802 895 1029 952 barbaro
1091 909 1261 966 pace,
1309 908 1372 949 ea
1439 891 1777 957 conditione,
1822 899 1882 944 ut
1948 888 2012 942 ﬁ-

435 991 563 1045 lium
591 989 679 1045 ille
707 988 807 1044 sibi
835 987 1167 1044 educandum
1199 985 1467 1053 traderet,
1497 992 1771 1054 acceptum
1804 997 1899 1052 pro
1929 984 2013 1051 pi-

433 1094 601 1149 gnore
647 1079 792 1150 pacis
839 1076 1004 1132 ﬁlium
1052 1075 1334 1133 confestim
1375 1074 1718 1146 jugulaverit,
1752 1088 1919 1143 eaque
1945 1073 2013 1129 de

434 1184 595 1226 causa
639 1185 671 1225 a
716 1171 871 1226 beato
928 1168 1121 1239 Babyla
1163 1166 1416 1223 Ecclesiae
1456 1165 1599 1220 aditu
1654 1163 2009 1227 interclusus,

437 1263 681 1319 eumdem
708 1263 766 1318 S.
794 1262 1073 1331 praesulem
1095 1260 1146 1315 in
1168 1274 1435 1316 carcerem
1464 1258 1601 1314 trudi
1630 1265 1686 1313 et
1707 1256 2012 1312 obtruncari

437 1353 697 1424 jusserit?
722 1351 874 1407 Hunc
898 1350 1277 1422 Imperatorem
1297 1349 1510 1420 quidam
1538 1349 1651 1405 sive
1676 1348 2009 1414 scholiastes,

436 1448 550 1502 sive
574 1445 820 1501 librarius
850 1443 981 1499 dicit
1008 1457 1129 1498 esse
1176 1441 1555 1497 Numerianum
1583 1458 1597 1492 :
1624 1454 1730 1510 quo
1757 1439 1885 1509 quid
1924 1438 2009 1492 iu-

438 1537 645 1607 eptius?
667 1535 799 1591 Nam
828 1536 910 1590 vel
930 1534 1289 1590 Christianum
1314 1532 1490 1588 dicere
1503 1530 1905 1597 Numerianum,
1929 1530 2010 1585 vel

433 1628 829 1685 interfectorem
858 1627 1134 1697 cujusdam
1163 1626 1253 1681 lilii
1279 1626 1421 1697 regis
1447 1624 1794 1680 barbarorum
1814 1665 1829 1688 ,
1858 1638 2011 1694 atque

434 1736 556 1774 cum
594 1734 718 1774 vera
763 1729 958 1790 pugnat
987 1718 1227 1773 historia.
1267 1716 1374 1772 Nec
1403 1717 1570 1786 magis
1603 1715 1839 1770 creditur
1863 1714 2010 1770 Actis

431 1811 745 1875 quibusdam
788 1825 819 1864 a
846 1808 1100 1864 Bollando
1128 1808 1285 1863 editis
1310 1807 1374 1862 ad
1409 1807 1479 1861 24
1498 1806 1755 1871 Januarii,
1781 1805 1868 1861 ubi
1896 1804 2008 1860 Nu-

434 1907 703 1959 merianus
733 1903 996 1958 idolorum
1021 1900 1192 1956 cultor
1220 1899 1485 1955 inducitur
1521 1898 1575 1954 S.
1606 1898 1857 1968 Babylam
1890 1907 2008 1951 ten-

433 2005 550 2049 tans
593 1994 660 2048 ad
703 1994 1026 2063 impietatem
1078 2006 1227 2046 suam
1278 1991 1528 2056 trahere,
1570 1991 1845 2059 ipsumque
1884 2004 2007 2043 cum

431 2085 610 2153 pueris
628 2083 943 2154 quibusdam
973 2082 1209 2154 martyrii
1229 2081 1396 2152 gloria
1416 2080 1654 2135 afficiens
1682 2098 1695 2134 :
1724 2095 1842 2150 qua:
1862 2087 2007 2134 certe

429 2190 538 2229 non
568 2183 786 2244 possunt
808 2174 874 2228 ad
907 2174 1157 2245 Babylam
1189 2182 1429 2227 nostrum
1454 2170 1661 2226 referri.

502 2264 800 2320 Verisimile
839 2265 996 2334 igitur
1024 2274 1108 2319 est
1159 2263 1243 2319 hic
1296 2262 1672 2332 Imperatorem
1705 2261 2005 2331 Philippum

429 2356 861 2427 memorari,qui
908 2355 1114 2426 imperii
1169 2354 1450 2411 invadendi
1483 2369 1641 2410 causa
1687 2369 1826 2409 caeso
1869 2353 2005 2409 Gor-

428 2450 591 2504 diauo
639 2451 909 2518 Augusto,
952 2458 1232 2518 postquam
1284 2463 1380 2517 per
1415 2456 1621 2503 tantum
1673 2447 1846 2502 scelus
1895 2449 2004 2502 voti

429 2555 651 2610 compos
698 2538 867 2595 factus
912 2539 1244 2594 Antiochiam
1274 2547 1531 2606 venerat,
1558 2537 1831 2593 Paschalis
1868 2547 2003 2592 tem-

431 2648 560 2700 pore
588 2630 655 2685 ad
683 2632 963 2686 ecclesiam
989 2672 1003 2695 ,
1034 2645 1247 2699 precum
1274 2630 1755 2701 mysteriorumque
1782 2643 2004 2685 censors

426 2722 654 2788 futurus,
680 2721 984 2777 accedebat.
1025 2721 1140 2789 Quo
1177 2730 1450 2790 comperto
1497 2721 1555 2776 S.
1587 2721 1809 2792 Babylas
1849 2735 2003 2777 acce-

431 2811 644 2866 dentem
687 2810 1065 2881 lmperatorem
1109 2812 1336 2879 repulit,
1384 2812 1623 2893 ecclesiae
1656 2812 1802 2867 aditu
1830 2812 2003 2868 inter-

429 2903 599 2969 dixit,
625 2911 680 2956 et
715 2903 1083 2971 ptenitentium
1123 2902 1240 2957 loco
1283 2916 1343 2958 se
1383 2903 1573 2959 sistere
1604 2903 1803 2973 jussit,
1830 2903 2003 2960 donec

428 2994 741 3065 paenitentia
764 2995 944 3048 abluto
965 2993 1281 3065 eXpiatoque
1296 2995 1499 3051 scelere
1518 3037 1534 3062 ,
1571 2997 1637 3051 ad
1666 2998 2000 3053 communio-

429 3102 551 3140 nem
579 3085 827 3141 Ecclesite
854 3096 1035 3156 postea
1078 3087 1423 3155 reciperetur.
1455 3088 1604 3144 Hanc
1628 3103 1657 3143 a
1683 3089 1740 3143 S.
1772 3091 2001 3159 praesule

426 3178 716 3248 repulsam,
738 3189 888 3248 grato
904 3177 1081 3232 animo
1097 3178 1443 3248 modesteque
1464 3178 1650 3234 tulisse
1675 3179 1997 3250 Philippum,

425 3281 606 3324 narrat
634 3270 916 3335 Eusebius,
938 3270 1169 3341 itemque
1191 3271 1556 3340 ptenitentium
1584 3272 1757 3327 locum
1784 3273 1998 3340 adiisse;

424 3375 489 3415 ac
537 3370 677 3428 tum,
704 3369 1045 3432 posteaquam
1075 3370 1180 3415 tam
1209 3375 1368 3430 grave
1394 3370 1669 3431 peccatum
1708 3363 1998 3419 secundum

426 3454 679 3509 Ecclesiae
723 3464 914 3509 statuta
963 3469 1059 3525 per
1105 3451 1492 3511 confessionem
1535 3454 1892 3523 deposuerat,
1944 3456 1997 3510 in

427 3544 716 3599 Ecclesium
731 3544 1019 3600 admissum
1037 3542 1218 3601 fuisse.
1241 3545 1481 3602 Sub'haec
1492 3556 1693 3611 autem,
1706 3547 1998 3618 imperante

425 3636 586 3692 Decio
608 3677 622 3701 ,
650 3634 1067 3691 Christianorum
1100 3637 1282 3701 hoste,
1312 3637 1372 3693 S.
1413 3636 1638 3709 Babylas
1668 3652 1769 3708 pro
1782 3637 1996 3696 Christo

424 3727 661 3783 cervices
680 3726 844 3781 dedit.
872 3727 1026 3795 Quod
1059 3728 1128 3784 de
1171 3730 1483 3798 paenitentia
1525 3729 1698 3800 deque
1737 3729 1997 3791 Christia-

427 3818 603 3872 nismo
651 3816 880 3887 Philippi
924 3818 992 3874 ab
1021 3818 1252 3875 Eusebio
1276 3819 1504 3887 dicitur,
1541 3836 1647 3875 non
1689 3822 1840 3890 quasi
1873 3838 1995 3877 cer-

423 3919 559 3974 tum,
590 3905 681 3961 sed
712 3921 809 3961 ceu
844 3923 872 3959 a
916 3907 1226 3978 quibusdam
1257 3909 1324 3964 ab
1351 3923 1409 3963 se
1435 3909 1696 3977 auditum,
1728 3922 1994 3980 narratur,

422 4012 477 4052 et
499 4014 529 4051 a
560 3997 980 4052 multisvocatnr
1008 3998 1058 4050 in
1085 3998 1324 4052 dubium.
1343 3997 1647 4054 Verisimile
1675 4015 1833 4069 porro
1877 4012 1959 4057 est
1978 4044 1992 4065 ,

423 4104 491 4142 ex
538 4088 754 4143 historia
801 4081 894 4152 illa
933 4088 1185 4143 Gordiani
1230 4104 1259 4143 a
1287 4088 1532 4159 Philippo
1575 4090 1724 4157 cmsi,
1752 4107 1996 4149 manasse

429 4177 599 4242 illam,
620 4194 778 4247 quam
800 4177 1042 4248 superius
1071 4194 1138 4234 ex
1164 4178 1545 4250 Chrysostomo
1572 4182 1869 4247 retulimus;
1899 4185 1996 4239 sed

388 4298 403 4312 ρ
426 4269 497 4322 ita
536 4267 864 4337 deturpatam
902 4268 1358 4340 deformatamque
1394 4270 1446 4324 in
1483 4272 1729 4327 omnibus
1757 4272 1867 4329 fere
1912 4276 1996 4331 sui

428 4361 685 4430 partibus,
712 4369 767 4414 ut
790 4360 892 4415 alia
915 4361 1125 4430 penitus
1149 4376 1268 4416 esse
1292 4361 1554 4417 videatur.

497 4452 678 4522 Longe
724 4453 938 4509 saniora
992 4467 1111 4507 esse
1163 4453 1408 4507 videntur
1458 4471 1576 4523 qua:
1629 4455 1697 4510 de
1738 4457 1997 4528 Reliquiis

427 4542 485 4597 S.
519 4542 730 4613 Babylze
777 4557 843 4595 ex
885 4542 1139 4596 subnrbio
1191 4543 1440 4613 Daphnes
1483 4544 1534 4598 in
1581 4547 1764 4601 urbem
1812 4549 1997 4602 Antio-

425 4634 597 4690 chiam
623 4635 890 4689 translatis
910 4636 1320 4706 Clll‘YsOSlOl‘llUS
1362 4647 1642 4702 recenset;
1681 4655 1888 4695 necnon
1928 4642 1996 4698 de

424 4725 623 4794 templo
638 4725 899 4796 Apollinis
925 4724 1178 4780 divinitus
1205 4726 1425 4783 fulmine
1455 4738 1594 4782 tacto
1614 4738 1671 4784 et
1694 4732 1993 4788 combusto.

422 4817 625 4872 llorum
663 4816 806 4871 enim
835 4832 941 4870 non
973 4816 1088 4886 ipse
1127 4818 1287 4871 modo
1315 4816 1726 4889 Chrysostomus
1754 4823 1995 4880 oculatus

422 4909 576 4963 testis
604 4918 754 4974 erat,
785 4907 878 4962 sed
904 4908 1062 4962 etiam
1088 4922 1276 4961 omnes
1305 4909 1422 4977 ejus
1450 4910 1752 4978 auditores,
1779 4928 1911 4982 quos
1942 4915 1993 4968 in

424 4998 642 5057 bomilia
690 5008 813 5053 ante
847 4997 987 5053 hunc
1039 4997 1228 5053 librum
1284 5001 1453 5071 posita
1499 5001 1801 5071 alloquitur.
1851 5003 1995 5061 Illius

421 5093 563 5147 enim
586 5090 810 5160 prodigii
836 5105 955 5144 cum
988 5091 1039 5143 in
1068 5090 1302 5155 bomilia,
1327 5101 1435 5145 tum
1463 5092 1514 5146 in
1544 5093 1680 5148 libro
1704 5093 1771 5148 de
1798 5094 1994 5167 Babyla

423 5182 749 5239 mentionem
776 5181 939 5235 facit:
969 5182 1021 5235 in
1049 5181 1185 5235 libro
1228 5192 1404 5239 autem
1447 5198 1560 5237 rem
1600 5184 1767 5239 fusius
1813 5202 1996 5253 prose-

421 5273 621 5344 quitur,
641 5282 695 5327 et
713 5271 966 5327 irridendi
991 5286 1149 5327 causa
1180 5273 1433 5343 sephistae
1454 5275 1659 5330 Libanii
1688 5277 1994 5334 monodiam

421 5377 516 5417 Set)
562 5361 793 5419 lamenta
839 5363 1141 5419 minutatim
1188 5364 1391 5428 refert,
1420 5381 1537 5433 qua:
1588 5381 1833 5435 magnam
1875 5368 1993 5425 libri

390 5462 625 5523 .partem
671 5463 935 5522 occupant
969 5496 984 5520 ,
1025 5456 1177 5522 queis
1220 5454 1470 5509 Libanius
1519 5455 1761 5525 deplorat
1812 5474 1992 5521 casum

423 5544 570 5599 illum
602 5543 917 5612 stupendum
942 5584 958 5609 ,
987 5560 1092 5612 quo
1120 5545 1381 5613 Apollinis
1406 5548 1578 5617 magni
1606 5550 1860 5619 templum
1894 5553 1995 5607 im-

426 5649 591 5689 misso
615 5636 736 5705 igne
771 5636 1107 5695 combustum
1136 5634 1326 5690 fuerat.

494 5726 630 5781 Libri
656 5727 718 5783 de
739 5725 1345 5784 Sacerdotio.—Libros
1387 5727 1544 5784 etiam
1577 5729 1642 5787 de
1683 5731 1994 5791 Sacerdoti/9

2126 433 2215 488 vel
2244 448 2365 489 cum
2392 435 2648 491 diaconus
2688 437 2964 494 ordinatus
2988 438 3114 506 fuit,
3141 442 3187 497 si
3225 441 3433 498 Socrati
3462 443 3532 499 sit
3567 445 3693 510 fidet

2122 520 2364 578 habenda
2389 565 2405 591 ,
2435 526 2520 580 vel
2565 527 2721 596 paulo
2749 537 2874 584 ante
2910 545 3071 600 quam
3110 531 3450 589 ordinaretur
3472 549 3695 608 compo—

2120 613 2245 667 suit.
2274 614 2388 683 Qua
2419 615 2486 671 de
2507 631 2567 672 re
2596 616 2707 687 jam
2733 620 2981 689 superius
3000 630 3177 675 aetum
3205 622 3320 676 fuit.

2193 703 2248 757 ln
2276 703 2377 758 hoc
2399 706 2559 760 etiam
2582 708 2793 763 circiter
2835 718 3040 778 tempus
3066 708 3155 779 (Τ.
3178 711 3231 766 6.
3286 729 3336 765 c.
3360 713 3509 785 505)
3559 716 3696 771 refe-

2119 795 2281 848 renda
2310 796 2518 851 videtur
2545 798 2800 869 Synopsis
2842 801 2930 854 illa
2971 802 3257 872 Scriptura:
3293 819 3459 860 sacra:
3481 845 3498 872 ,
3544 809 3695 877 cujus

2119 900 2363 955 magnam
2385 900 2586 958 partem
2609 891 2869 945 edidimus
2894 910 2907 945 :
2932 907 3035 946 non
3056 894 3197 948 enim
3217 895 3415 965 integra
3435 895 3501 951 ad
3521 911 3693 952 arvum

2118 990 2287 1046 usque
2309 989 2545 1034 nostrum
2570 983 2825 1049 pervenit.
2850 984 2995 1053 Opus
3018 998 3137 1039 esse
3160 987 3448 1054 genuinum
3474 986 3691 1057 probavi

2118 1065 2172 1119 in
2207 1066 2437 1124 Diatriba
2461 1111 2476 1136 ,
2508 1070 2575 1125 ad
2599 1087 2758 1141 quam
2784 1071 3035 1128 lectorem
3059 1074 3334 1131 mittimus.
3358 1076 3496 1133 Sane
3526 1092 3693 1148 syno-

2118 1157 2232 1224 psin
2277 1156 2669 1229 Scripturarum
2705 1163 2982 1233 scripsisse
3019 1180 3140 1219 eum
3175 1168 3263 1236 qui
3303 1168 3498 1224 divinis
3525 1171 3696 1226 literis

2116 1247 2358 1303 addictus
2380 1292 2395 1314 ,
2447 1266 2629 1306 earum
2662 1253 2886 1307 lcetioui
2928 1263 2983 1309 et
3021 1255 3348 1311 meditationi
3383 1269 3692 1329 perpetuam

2116 1336 2273 1392 dabat
2298 1354 2515 1409 operam
2540 1383 2556 1408 ,
2585 1340 2736 1397 facile
2760 1343 3026 1399 credatur.
3055 1346 3174 1402 Alia
3198 1364 3322 1403 vero
3345 1362 3653 1420 argumenta
3673 1392 3691 1418 ,

2116 1443 2235 1498 quas
2263 1431 2316 1485 iu
2349 1432 2579 1488 Diatriba
2605 1435 2879 1491 attulimus
2901 1480 2917 1504 ,
2945 1438 3061 1493 orbi
3095 1439 3330 1497 literario
3367 1444 3692 1514 exploranda

2115 1532 2171 1576 et
2195 1521 2259 1575 ad
2289 1523 2537 1578 trutinam
2566 1527 2918 1582 examinanda
2942 1529 3219 1586 mittimus.

2185 1612 2455 1685 Presbyter
2480 1617 2746 1672 ordinatur
2772 1636 2804 1673 a
2833 1618 3105 1675 Flaviano.
3143 1652 3215 1662 —
3247 1623 3479 1680 Joannes
3516 1626 3692 1697 itaque

2115 1714 2299 1759 noster
2325 1720 2420 1775 per
2443 1721 2610 1764 annos
2630 1708 2830 1780 aliquot
2855 1710 2976 1781 (an.
3002 1711 3138 1783 586)
3161 1713 3369 1769 diaconi
3400 1725 3504 1769 tam
3527 1716 3692 1787 probe

2113 1796 2324 1853 functus
2350 1798 2526 1855 ofﬁcio
2546 1842 2563 1868 ,
2595 1817 2716 1858 cum
2756 1802 2866 1873 jam
2896 1813 2974 1860 tot
3001 1805 3291 1876 specimina
3320 1808 3553 1863 dedisset
3575 1811 3691 1863 exi-

2113 1888 2233 1943 mia:
2260 1888 2581 1959 eloquentiae
2603 1907 2723 1948 cum
2757 1894 2955 1963 pietate
2989 1897 3287 1967 conjuncta:
3308 1939 3326 1963 ,
3366 1916 3396 1952 a
3440 1899 3692 1954 Flaviano

2113 1981 2364 2050 episcopo
2393 1982 2670 2053 presbyter
2688 1985 2965 2042 ordinatur
2992 1988 3154 2056 (Vide
3174 1989 3491 2045 Palladium.
3519 2009 3570 2061 p.
3599 1994 3688 2046 41.

2110 2070 2201 2126 42.
2231 2082 2278 2125 et
2304 2071 2644 2145 Tillemont.).
2694 2076 2925 2133 Noverat
2949 2081 3090 2134 enim
3118 2082 3207 2138 ille
3245 2082 3402 2138 Verbi
3430 2083 3521 2139 Dei
3554 2098 3687 2152 pra»

2114 2178 2303 2217 conem
2361 2179 2630 2221 summum
2675 2166 2789 2241 fore
2826 2169 3085 2225 Joannem
3129 2182 3366 2227 nostrum
3395 2216 3410 2241 ,
3455 2173 3545 2244 qui
3591 2174 3693 2229 etsi

2109 2255 2454 2309 concionatus
2498 2272 2786 2327 numquam
2829 2258 3038 2327 fuerat,
3077 2262 3187 2331 jam
3229 2280 3294 2318 ex
3329 2265 3540 2337 scriptis
3581 2267 3692 2319 suis

2109 2344 2292 2404 talenti
2320 2344 2418 2399 sibi
2444 2347 2633 2402 crediti
2660 2348 2953 2405 uberrimas
2980 2352 3198 2408 dederat
3231 2356 3509 2424 primitias.
3535 2356 3691 2413 Ordi.

2110 2445 2265 2491 natus
2292 2446 2469 2491 autem
2495 2448 2577 2493 est
2598 2450 2723 2496 ante
2742 2440 3206 2513 Quadragesimam
3228 2449 3350 2501 anni
3376 2449 3479 2504 ’586
3501 2493 3517 2515 ,
3546 2462 3603 2506 ιιι
3621 2464 3689 2506 ex
3742 2435 3749 2442 ’

2108 2527 2244 2583 infra
2293 2529 2532 2587 dicendis
2581 2534 2864 2589 constabit.
2904 2536 3014 2592 Nec
3052 2553 3202 2594 mora
3245 2558 3258 2594 :
3304 2549 3579 2611 postquam
3620 2545 3687 2599 ad

2106 2621 2438 2681 sacerdotale
2454 2626 2806 2682 ministerium
2824 2640 3125 2701 assumptus
3147 2631 3348 2700 fuit,ad
3369 2637 3689 2691 coneionan-

2108 2712 2163 2767 di
2190 2712 2423 2769 ofﬁcium
2449 2716 2731 2786 deputatur
2756 2734 2787 2773 a
2815 2718 3065 2775 Flaviano
3098 2740 3111 2776 :
3148 2738 3254 2793 quo
3281 2735 3542 2793 przesente
3580 2728 3687 2795 pri-

2106 2818 2250 2860 mam
2277 2804 2550 2862 bomiliam
2576 2806 2709 2863 dixit
2733 2850 2750 2876 ,
2777 2819 2972 2864 etcum
2997 2826 3201 2866 summa
3224 2813 3483 2869 modestia
3509 2816 3687 2871 animi-

2106 2912 2213 2966 que
2241 2897 2565 2955 demissione
2589 2916 2744 2956 orsus
2767 2910 2868 2956 est.
2899 2901 2967 2957 Se
2994 2919 3100 2958 non
3132 2906 3295 2959 semel
3321 2905 3688 2963 adolescentu-

2107 2989 2216 3045 lum
2239 3031 2255 3056 ,
2289 3000 2483 3057 vocat,
2512 2992 2614 3047 etsi
2641 3008 2777 3063 pene
2809 2994 3256 3065 quadragenarius
3290 2996 3401 3066 jam
3440 3007 3594 3066 erat;
3627 3014 3687 3054 se

2107 3090 2439 3150 peccatorem
2470 3082 2599 3137 dicit
2621 3124 2638 3149 ,
2684 3083 2934 3153 additque
2971 3085 3224 3141 Dav-idem
3250 3130 3265 3153 ,
3303 3088 3489 3143 caelum
3514 3130 3529 3153 ,
3578 3100 3682 3145 lcr-

2106 3186 2219 3226 ram
2245 3212 2259 3235 ,
2288 3172 2551 3227 elementa
2579 3174 2757 3229 omnia
2782 3217 2799 3242 ,
2831 3173 2971 3230 feras
2999 3175 3300 3248 bestiasque
3319 3221 3333 3245 ,
3364 3179 3606 3235 homines
3632 3190 3688 3235 et

2104 3266 2327 3336 angelos
2349 3266 2417 3321 ad
2446 3268 2612 3322 Deum
2643 3267 2961 3323 laudandum
3001 3278 3055 3323 et
3084 3270 3455 3326 celebrandum
3497 3289 3687 3342 provo-

2103 3371 2265 3423 care,
2300 3367 2607 3427 peccatores
2636 3374 2763 3413 vero
2801 3375 3112 3430 numquam.
3163 3362 3293 3417 Hinc
3337 3364 3401 3417 ad
3447 3362 3691 3419 Flaviani.

2105 3458 2231 3504 tunc
2258 3450 2533 3519 praesentis
2559 3450 2744 3505 laudes
2782 3465 2842 3505 se
2879 3454 3179 3518 convertit,
3224 3455 3402 3524 aitque
3443 3456 3587 3510 illum
3629 3458 3691 3511 in.

2103 3548 2410 3610 sumptuosa
2427 3541 2586 3597 domo
2607 3543 2908 3607 educatum,
2929 3544 3038 3612 jam
3059 3559 3299 3613 asperam
3319 3555 3372 3601 et
3389 3547 3692 3617 squalidam

2102 3631 2279 3703 gregis
2307 3631 2390 3685 sui
2418 3631 2669 3701 pascendi
2697 3647 2855 3687 causa
2881 3633 3042 3688 vitam
3075 3648 3253 3704 agere.
3301 3636 3520 3693 Demum
3566 3639 3687 3710 ejus

2101 3735 2497 3782 antecessorem
2526 3724 2770 3781 laudibus
2797 3727 3003 3781 extollit
3031 3726 3324 3782 Meletium.

2172 3816 2301 3871 Post
2330 3816 2467 3876 hanc
2492 3817 2717 3886 primam
2747 3816 3055 3877 concionem
3082 3817 3329 3885 Opinatur.
3352 3819 3431 3873 vir
3454 3820 3682 3890 sagacis-

2100 3906 2268 3961 simus
2287 3906 2901 3962 Tillemontiushabitam
2924 3907 3085 3963 fuisse
3105 3908 3374 3965 bomiliam
3393 3908 3678 3971 secundam

2101 3999 2156 4053 in
2184 3997 2365 4054 Oziam
2392 4009 2446 4052 et
2472 3999 2523 4052 in
2549 3997 2875 4068 Serapltinos
2898 4041 2915 4066 ,
2946 4009 3000 4054 at
3040 4000 3242 4056 levibus
3275 4010 3546 4071 permotus
3585 4016 3679 4060 seu

2101 4088 2396 4143 rationibus
2420 4104 2515 4144 seu
2543 4089 2863 4158 conjecturis
2887 4131 2903 4157 ,
2932 4105 3063 4158 quas
3090 4091 3247 4146 etiam
3278 4093 3367 4148 ille
3389 4092 3678 4150 dubitando

2100 4177 2327 4247 profert.
2358 4177 2489 4232 Nam
2514 4187 2573 4232 ut
2597 4178 2653 4232 in
2681 4178 2879 4233 Μοιιίιο
2922 4177 3006 4251 (Τ.
3034 4178 3086 4234 6.
3124 4197 3171 4234 c.
3196 4180 3303 4251 95)
3332 4182 3398 4236 ad
3428 4182 3680 4240 llomilias

2100 4267 2168 4323 de
2192 4268 2503 4338 Seraphinis
2531 4269 2762 4325 diximus
2784 4310 2799 4332 ,
2834 4268 2949 4323 haec
2970 4269 3182 4323 bomilia
3208 4272 3427 4340 proferri
3457 4289 3561 4328 non
3587 4290 3680 4343 po-

2103 4359 2203 4413 tuit
2225 4371 2349 4415 ante
2376 4375 2571 4414 annum
2601 4359 2707 4415 588
2730 4401 2746 4424 ,
2770 4369 2828 4414 ut
2853 4360 2905 4413 in
2936 4358 3133 4414 Μοιιίιο
3157 4361 3343 4417 eodem
3370 4363 3642 4433 probatur.

2172 4451 2447 4506 Conciones
2473 4452 2526 4506 in
2556 4452 2805 4507 Gcnesim.
2837 4451 2982 4509 Anno
3009 4452 3133 4507 586.
3164 4483 3235 4493 ——
3264 4453 3456 4509 Verum
3480 4457 3678 4527 optime

2105 4546 2353 4614 opinatur
2380 4544 2522 4599 idem
2541 4544 2908 4600 Tillemontius
2932 4544 2950 4614 (
2975 4543 3263 4599 TiUemant.
3296 4563 3348 4616 p.
3380 4548 3448 4602 42
3469 4548 3491 4617 )
3513 4591 3528 4614 ,
3557 4565 3677 4604 cum

2101 4634 2231 4689 dicit
2253 4645 2441 4704 putare
2468 4650 2527 4691 se
2554 4647 2676 4689 oeto
2703 4635 2991 4690 Sermones
3022 4637 3070 4689 in
3095 4636 3340 4691 Genesim
3358 4678 3373 4704 ,
3395 4640 3484 4709 qui
3510 4640 3679 4696 Tomo

2099 4733 2290 4794 quarto
2310 4725 2561 4779 Homilias
2582 4728 2633 4780 in
2657 4725 2902 4781 Genesim
2929 4736 3221 4796 sequuntur
3262 4726 3347 4798 (Τ.
3374 4731 3426 4785 4.
3451 4732 3675 4801 c.581),

2104 4814 2314 4871 habitos
2356 4815 2521 4871 fuisse
2560 4817 2775 4872 ineunte
2819 4818 3227 4888 Quadragesima
3282 4821 3404 4875 anni
3450 4822 3574 4876 586.
3623 4821 3676 4876 ld

2101 4908 2243 4963 enim
2273 4908 2553 4977 perspicue
2583 4908 2817 4963 declarat
2843 4910 3255 4978 (lltrysostomus
3278 4953 3293 4978 ,
3331 4926 3450 4965 cum
3484 4928 3677 4967 secun-

2100 4997 2227 5052 dum
2259 5011 2559 5052 sermonem
2585 4998 2666 5052 bis
2691 5000 2864 5053 verbis
2885 5000 3089 5054 orditur
3116 5019 3131 5054 :
3161 5000 3425 5072 Numquid
3450 5004 3676 5057 memini-

2101 5091 2191 5146 stis
2218 5095 2547 5159 questionum
2572 5135 2585 5157 ,
2619 5109 2731 5164 qua!
2757 5111 2913 5164 nuper
2951 5096 3085 5148 vobis
3122 5096 3392 5167 proposita:
3425 5093 3678 5151 sunt1’lu

2103 5193 2295 5237 tantam
2321 5185 2454 5238 enim
2475 5187 2820 5255 arrogantiam
2847 5196 2894 5239 et
2936 5186 3201 5241 audaciam
3226 5204 3316 5241 nos
3344 5189 3637 5259 provexistis
3663 5231 3675 5251 .

2101 5284 2158 5327 ut
2186 5276 2482 5346 quazstiones
2507 5276 2755 5345 intrepide
2773 5277 3125 5347 aggrediamur
3152 5296 3170 5332 .'
3200 5281 3300 5332 into
3326 5294 3414 5331 nec
3434 5296 3679 5350 arrogan-

2104 5367 2189 5421 tiae
2208 5383 2299 5421 nec
2322 5367 2549 5435 audacia:
2571 5368 2624 5420 id
2653 5368 2851 5438 facinus
2870 5379 2961 5421 est.
2986 5367 3106 5422 Non
3129 5370 3259 5422 enim
3284 5369 3467 5423 viribus
3497 5372 3677 5424 nostris

2100 5459 2407 5528 conﬁdentes
2430 5501 2444 5524 ,
2471 5458 2558 5514 sed
2607 5460 2887 5513 antistitum
2925 5460 3151 5530 precibus
3192 5475 3252 5513 ac
3295 5461 3467 5513 vestris
3507 5462 3677 5513 onmia

2104 5551 2465 5605 committentes
2506 5553 2573 5603 ad
2609 5551 2829 5603 stadium
2868 5566 2958 5603 nos
3002 5550 3329 5604 accinximus.
3384 5549 3479 5603 llic
3529 5550 3675 5604 claro

2102 5643 2250 5698 vides
2276 5642 2711 5714 Chrysostomum
2749 5641 2814 5697 ad
2856 5642 3081 5697 stadium
3112 5656 3170 5696 se
3192 5642 3552 5710 accingentem
3578 5682 3595 5705 ,
3621 5651 3673 5696 et

2105 5732 2527 5805 Quadragesimm
2569 5750 2843 5790 sermones
2887 5734 3109 5805 primum
3157 5732 3463 5797 ineuntem,
3511 5748 3673 5801 seque
