4122 6386
397 404 482 457 tot
1570 414 1754 469 NUNC
1794 411 2055 467 PRIMUM
2095 412 2495 477 ADORNATAJ

389 540 524 595 pene
547 520 780 578 audacia:
811 523 1138 578 incusantem
1168 520 1307 591 quod
1344 536 1457 577 rem
1489 531 1686 577 tantam
1717 522 1972 593 aggrede-

389 626 534 671 retur
563 633 577 669 :
605 630 723 682 qua:
750 625 897 669 certe
941 615 1117 669 omnia
1159 613 1656 683 Quadragesimales
1699 629 1973 668 sermones

389 709 557 779 prima
599 708 715 763 vice
762 707 1099 775 incipientem
1141 706 1393 761 indicant.
1437 705 1551 759 Non
1592 707 1732 759 enim
1763 722 1823 760 ea
1848 722 1973 759 usus

387 810 469 856 cst
495 799 737 855 ordiendi
779 801 984 855 ratione
1017 814 1156 852 anno
1201 798 1511 867 insequente
1536 797 1657 861 587,
1692 812 1814 851 cum
1844 797 1971 852 Ser-

390 907 576 948 mones
605 892 671 946 de
708 892 909 946 Statnis
941 908 1031 959 per
1059 902 1221 945 totam
1260 890 1723 961 Quadragesimam
1767 889 1968 943 habuit.

392 986 570 1054 Itaque
599 983 652 1037 hi
683 998 963 1038 sermones
993 984 1108 1038 sine
1149 982 1311 1037 dubio
1358 984 1627 1052 pertinent
1666 982 1731 1035 ad
1774 998 1971 1036 annum

390 1077 493 1131 586
517 1118 532 1143 ,
564 1092 669 1147 quo
701 1078 915 1131 ineunte
944 1077 1219 1147 presbyter
1243 1075 1517 1129 ordinatus
1554 1075 1724 1128 fuerat
1746 1116 1760 1139 ,
1792 1085 1846 1128 et
1872 1090 1971 1128 an-

390 1169 471 1220 nis
498 1168 685 1223 saltem
716 1168 921 1223 duobus
951 1178 1074 1222 ante
1103 1182 1259 1237 quam
1290 1167 1545 1221 llomilias
1584 1168 1652 1220 67
1701 1166 1751 1220 in
1794 1166 1971 1220 Gene-

390 1260 487 1313 sim
515 1300 529 1320 ,
561 1275 680 1329 qua:
710 1260 759 1312 in
787 1258 979 1313 eodem
1010 1259 1179 1311 'l‘omo
1211 1258 1517 1328 prmcedunt
1539 1299 1553 1322 ,
1585 1257 1802 1312 haberet
1828 1300 1842 1322 ,
1877 1257 1974 1310 hos

387 1364 663 1404 sermones
692 1349 901 1405 dixerat
924 1368 938 1414 ;
963 1349 1048 1403 ubi
1074 1350 1295 1419 plurima
1322 1350 1516 1419 passim
1539 1349 1930 1403 animadvertas
1954 1391 1970 1415 ,

388 1455 507 1508 quae
539 1439 724 1495 iisdem
755 1456 898 1510 smpe
928 1441 1104 1495 verbis
1134 1442 1185 1495 in
1216 1440 1450 1495 homiliis
1473 1440 1578 1495 illis
1599 1439 1969 1495 observantur.

464 1532 518 1585 ln
541 1532 623 1586 his
644 1533 993 1587 concionibus
1010 1574 1025 1597 ,
1050 1533 1258 1587 etiamsi
1289 1533 1426 1588 inter
1449 1532 1645 1602 primas
1664 1547 1794 1602 quas
1814 1531 1975 1602 Chry-

390 1632 657 1676 sostomus
697 1622 885 1678 habuit
930 1633 1277 1678 numerentur
1302 1665 1317 1688 ,
1366 1638 1471 1677 non
1522 1624 1680 1677 modo
1718 1626 1973 1693 cloquen-

389 1718 519 1768 tiam
541 1755 555 1777 ,
589 1714 885 1769 ubertatem
914 1716 964 1769 in
996 1715 1222 1770 dicendo
1246 1755 1263 1781 ,
1308 1715 1530 1769 nitidum
1574 1732 1741 1785 genus
1782 1717 1974 1771 verbo-

390 1822 506 1860 rum
532 1848 547 1871 ,
593 1814 648 1861 ct
692 1807 1010 1863 inventionis
1049 1808 1353 1862 felicitatem
1394 1808 1716 1872 admireris,
1761 1824 1879 1879 qua:
1920 1810 1974 1863 in

388 1898 596 1953 caeteris
636 1898 884 1953 omnibus
927 1898 1043 1967 ejus
1073 1898 1326 1967 operibus
1368 1899 1599 1963 elucent,
1641 1898 1729 1953 ubi
1776 1900 1973 1969 stylum

389 2005 599 2057 semper
624 1989 863 2043 videmus
887 1989 1126 2059 populari
1152 1990 1448 2043 assensioni
1470 1989 1929 2045 accommodatum
1955 2006 1970 2055 ;

390 2082 485 2137 sed
510 2082 669 2135 etiam
713 2082 1105 2136 animadvertas
1130 2093 1385 2151 quantum
1414 2082 1481 2136 ad
1508 2092 1973 2153 extemporaneam

391 2174 830 2228 declamationem
863 2188 1074 2243 semper
1094 2183 1432 2242 comparatus
1459 2173 1618 2229 fuerit
1644 2184 1821 2229 tantus
1847 2175 1975 2229 arti-

392 2268 513 2343 fex”
538 2276 591 2320 et
616 2282 771 2335 quam
800 2266 865 2319 ad
895 2282 980 2319 res
1001 2268 1341 2334 quantumvis
1364 2267 1663 2337 inopinatas
1688 2270 1824 2338 stylo
1848 2283 1973 2338 per-

368 2356 688 2425 sequendas
721 2369 914 2426 praasto
945 2357 1117 2412 fuerit.
1153 2358 1263 2413 Hoc
1295 2374 1401 2412 uno
1441 2374 1551 2413 rem
1584 2361 1825 2429 cntempla
1856 2376 1973 2428 per-

391 2451 575 2520 cipias.
609 2451 664 2505 In
706 2452 966 2506 Sermone
994 2460 1186 2520 quarto
1226 2468 1374 2506 num.
1414 2453 1447 2506 ὃ
1472 2494 1485 2518 ,
1530 2467 1650 2506 cum
1688 2452 1975 2508 accedente

392 2553 547 2597 nocte
598 2543 828 2597 lucerna:
892 2543 1136 2598 ecclesia:
1197 2544 1653 2610 accenderentur,
1704 2544 1975 2599 auditores

391 2634 592 2687 aversis
619 2649 645 2685 a
669 2634 1047 2688 concionatore
1069 2633 1236 2688 oculis
1260 2676 1275 2699 ,
1299 2633 1364 2688 ad
1391 2635 1636 2688 lucernas
1662 2650 1718 2688 se
1740 2650 1970 2689 conver-

393 2736 555 2781 tunt:
597 2726 720 2782 hinc
764 2728 853 2782 ille
899 2727 1076 2781 statim
1107 2744 1291 2782 eorum
1333 2729 1629 2782 socordiam
1676 2730 1887 2797 carpit,
1921 2738 1975 2783 et

392 2818 553 2872 multa
584 2818 723 2872 haud
755 2818 916 2873 dubie
961 2819 1248 2888 imparatus
1276 2862 1289 2883 ,
1322 2819 1451 2874 dicit
1486 2821 1740 2890 prreclare
1764 2863 1778 2886 ,
1828 2836 1891 2875 ac
1930 2822 1972 2874 si

392 2925 505 2964 rem
532 2910 815 2965 meditatus
842 2912 1157 2966 accessisset
1182 2952 1195 2975 ,
1221 2911 1309 2981 qui
1339 2920 1511 2967 tamen
1542 2912 1656 2967 htec
1685 2913 1975 2983 praevidens

391 3003 540 3057 nullo
570 3002 729 3057 modo
759 3013 1021 3072 potuerat.

464 3093 691 3148 Homilia
732 3095 786 3147 in
830 3094 890 3148 S.
941 3092 1217 3148 Melelium.
1240 3124 1310 3135 —
1336 3096 1450 3151 Iloc
1489 3096 1698 3151 circiter
1736 3106 1977 3166 tempore

393 3187 668 3241 homiliam
700 3186 833 3241 dixit
861 3188 911 3241 in
939 3188 995 3243 S.
1024 3189 1292 3243 Meletinm
1322 3233 1336 3255 ,
1368 3205 1395 3242 a
1432 3206 1537 3259 quo
1579 3191 1691 3259 ipse
1732 3192 1897 3246 lector
1923 3202 1976 3246 et

344 3330 373 3363 ‘
392 3288 578 3348 postea
601 3278 860 3333 diaconus
882 3280 1157 3335 ordinatus
1188 3281 1375 3334 fuerat.
1405 3281 1636 3348 Tempus
1667 3284 1779 3349 ipse
1801 3284 1894 3336 Cb:
1911 3299 1973 3353 γ-

392 3379 657 3424 sostomus
679 3370 730 3424 in
752 3371 1007 3425 concione
1031 3371 1233 3440 profert
1258 3387 1375 3425 cum
1398 3372 1527 3426 dicit
1560 3391 1572 3427 :
1604 3373 1818 3437 Quimus
1844 3377 1976 3427 enim

392 3479 555 3516 amnt:
576 3463 688 3532 jam
724 3463 998 3532 prwlcriit.
1044 3480 1105 3517 ex
1141 3480 1237 3533 quo
1277 3464 1365 3517 ille
1398 3464 1630 3533 migravit
1672 3466 1738 3517 ad
1777 3466 1973 3519 Iesum.

393 3552 538 3608 Obiit
572 3563 748 3608 autem
795 3554 1039 3609 Meletius
1067 3554 1521 3624 ConstantinOpoli
1549 3596 1564 3620 ,
1600 3556 1688 3607 illo
1725 3569 1976 3610 evocatus

393 3646 462 3699 ab
505 3645 832 3715 imperatore
877 3661 1018 3699 anno
1064 3647 1162 3700 581
1211 3648 1349 3700 circa
1396 3646 1554 3701 linem
1594 3646 1791 3700 mensis
1836 3646 1974 3700 Maii.

394 3737 754 3803 Quamobrem
801 3747 920 3806 post
963 3752 1206 3791 mensem
1256 3736 1448 3790 Maium
1488 3738 1611 3789 anni
1649 3737 1753 3791 ’586
1801 3736 1977 3791 habita

397 3827 554 3881 fuerit
596 3827 709 3884 lucc
744 3829 961 3881 homilia
983 3869 996 3892 ,
1024 3838 1146 3883 ante
1168 3844 1381 3898 capsam
1430 3829 1791 3899 Reliquiarum
1840 3829 1980 3899 ejus-

395 3920 516 3973 dem
542 3921 731 3975 sancti.
782 3920 895 3974 Non
926 3922 975 3973 in
1002 3921 1363 3975 anniversaria
1390 3921 1565 3975 obitus
1604 3920 1689 3975 die
1730 3938 1747 3977 :
1810 3936 1981 3991 neque

394 4011 537 4066 enim
563 4009 785 4065 dixisset
822 4011 1235 4082 Cbrysostomus
1269 4014 1378 4081 jam
1426 4013 1745 4082 prarteriissc
1784 4030 1979 4067 anmnn

395 4104 635 4172 quintum
657 4104 778 4158 :sed
795 4104 1034 4159 fortassis
1053 4105 1107 4159 in
1128 4104 1213 4158 die
1240 4106 1600 4159 translationis
1620 4106 1980 4174 Reliquiarum

395 4200 514 4264 ejus
549 4197 925 4265 Antiochiam,
956 4214 1075 4267 qua:
1117 4199 1352 4253 incidere
1390 4198 1598 4252 videtur
1636 4200 1688 4252 in
1732 4199 1984 4252 duodeci-

400 4304 539 4343 mam
588 4288 904 4354 Februarii,
947 4305 1049 4359 qua
1097 4289 1183 4344 die
1230 4289 1603 4360 Martyrologia
1641 4291 1884 4345 Grzrcum
1930 4299 1987 4344 ct

402 4382 697 4436 Romanum
744 4384 861 4443 ejus
906 4382 1099 4437 festum
1140 4385 1475 4438 annuntiant.
1522 4386 1621 4450 Qui
1664 4387 1899 4440 calculus
1939 4388 1982 4440 si

400 4482 621 4538 stet,et
650 4475 693 4528 si
735 4474 1108 4546 Martyrologia
1149 4475 1292 4531 diem
1339 4477 1696 4531 translationis
1740 4488 1986 4533 accurate

399 4576 623 4632 notent,
656 4567 796 4637 quod
830 4578 1004 4623 tamen
1041 4583 1196 4624 secus
1236 4583 1339 4622 non
1382 4584 1505 4623 raro
1546 4571 1840 4640 contingit,
1872 4570 1986 4625 tunc

399 4661 587 4714 concio
616 4659 789 4711 habita
823 4658 977 4712 fuerit
1002 4659 1316 4713 duodecima
1361 4660 1634 4715 Februarii
1677 4662 1802 4715 anni
1841 4662 1942 4715 587
1969 4703 1982 4723 ,

401 4763 520 4821 post
542 4767 712 4806 annos
737 4752 969 4822 quinque
993 4762 1047 4805 et
1074 4762 1196 4805 octo
1232 4768 1354 4805 cum
1394 4753 1615 4807 dimidio
1652 4770 1884 4808 menses.
1920 4754 1987 4808 Ut

400 4852 457 4896 ut
484 4858 572 4897 res
598 4853 717 4905 est,
765 4852 970 4896 certum
1014 4844 1233 4895 omnino
1281 4844 1490 4897 videtur
1531 4844 1666 4899 hanc
1714 4844 1983 4899 homiliam

402 4933 795 5001 pronuntiatam
850 4934 1051 4997 fuisse,
1097 4933 1183 4986 vel
1239 4949 1380 4986 anno
1431 4934 1536 4989 586
1581 4944 1699 5003 post
1748 4951 1984 4989 mensem

399 5029 590 5082 Maium
619 5069 635 5093 ,
666 5027 749 5081 vel
781 5030 996 5080 ineunte
1026 5040 1169 5080 anno
1207 5027 1330 5080 387.
1371 5026 1638 5081 Meletium
1677 5044 1803 5081 vero
1843 5038 1987 5081 tanto

400 5135 584 5174 amore
612 5119 1072 5189 prosequebantur
1098 5118 1414 5172 Antiocheni
1441 5160 1457 5184 ,
1506 5126 1649 5172 tanta
1687 5119 1827 5189 apud
1869 5120 1989 5173 illos

403 5224 514 5265 erat
541 5211 655 5281 ejus
682 5211 913 5265 nominis
939 5209 1079 5264 fama
1105 5252 1119 5273 ,
1148 5219 1206 5264 ut
1234 5226 1420 5264 omnes
1447 5210 1559 5264 fere
1590 5210 1711 5264 ﬁliis
1742 5213 1853 5265 suis
1882 5212 1988 5265 Me-

401 5305 513 5357 letii
546 5318 740 5356 nomen
771 5303 1144 5371 imponerent,
1192 5311 1246 5356 et
1285 5301 1425 5355 illius
1468 5303 1751 5372 imaginem
1796 5304 1989 5373 ubique

403 5398 719 5467 pingerent,
776 5395 1249 5465 itnprimerentque
1299 5394 1352 5447 in
1401 5394 1652 5460 annulis,
1706 5395 1892 5465 sigillis
1935 5405 1989 5449 ct

403 5488 595 5559 phialis
620 5530 634 5547 .
665 5489 932 5541 referente
956 5487 1361 5557 (JbrySostomo.

474 5580 847 5635 Concionatori
874 5589 1019 5632 tanto
1042 5580 1333 5632 imminet-te
1354 5593 1470 5631 sese
1492 5577 1780 5631 oll'erebant
1803 5578 1986 5631 orandi

406 5680 456 5726 et
505 5670 758 5741 arguendi
807 5685 982 5724 causa:
1027 5678 1081 5723 et
1117 5670 1426 5727 occasiones
1470 5687 1483 5721 :
1537 5670 1988 5723 Antiochenorum

406 5763 691 5817 multorum
718 5762 958 5815 dissidnti
997 5775 1211 5827 mores,
1251 5772 1304 5814 et
1342 5760 1594 5815 etii-enata
1640 5760 1988 5829 quorumdam

412 5856 460 5907 in
492 5853 758 5924 peccando
786 5854 993 5909 lieedm
1024 5895 1035 5917 ,
1064 5869 1221 5923 quam
1248 5853 1299 5907 in
1330 5854 1465 5907 serie
1507 5852 1855 5913 lmmiliarum
1884 5854 1986 5910 fre-

3564 418 3662 471 10?.

2084 534 2310 592 quenter
2340 524 2521 594 impeti
2550 523 2847 580 videbimus
2876 541 2889 578 :
2921 525 3291 582 haereticorum
3329 528 3458 581 varii
3504 544 3665 598 gene-

2078 614 2153 667 ris
2179 655 2193 679 ,
2223 616 2560 686 maximeque
2589 618 2976 672 Anommorum
3002 660 3017 682 ,
3057 618 3344 685 depravata
3380 619 3622 673 doctrina
3647 664 3663 688 ,

2078 706 2166 773 qui
2195 706 2429 774 quotidie
2451 717 2639 761 contra
2661 708 2963 764 Catholicos
2987 710 3391 766 velilicabantnr
3414 728 3428 774 ;
3458 710 3665 765 ludam.

2079 814 2195 851 rum
2226 815 2437 869 quoque
2464 802 2655 855 Christi
2687 803 3020 857 inimicorum
3047 820 3209 859 ausus
3238 847 3251 868 .
3288 822 3419 874 quos
3449 806 3499 859 in
3528 821 3663 875 qua-

2078 888 2199 943 dam
2228 892 2413 944 saltem
2445 892 2638 947 rituum
2660 906 2805 962 parte
2830 897 3165 951 sectabantur
3186 897 3385 967 aliquot
3405 896 3668 951 Christia-

2080 982 2153 1033 ni.
2186 982 2249 1034 Et
2288 985 2575 1037 Anomceos
2616 985 2828 1053 quidem
2868 985 3142 1041 adoriendi
3183 989 3511 1057 propositum
3554 988 3664 1058 jam

2080 1072 2282 1140 pridem
2306 1085 2614 1143 susceperat
2632 1117 2647 1139 ,
2674 1085 2833 1146 atque
2859 1078 2907 1130 in
2934 1078 3117 1145 primis
3137 1079 3246 1133 suis
3268 1078 3498 1135 homiliis
3521 1079 3666 1148 ipsiis

2080 1166 2336 1234 impetere
2361 1182 2515 1222 orsus
2543 1178 2684 1223 esset
2707 1187 2720 1233 ;
2754 1171 2846 1224 sed
2871 1186 2990 1223 cum
3016 1162 3219 1226 videret
3248 1173 3365 1227 illos
3394 1173 3663 1227 conci0ni-

2080 1258 2179 1312 bns
2208 1260 2464 1315 interesse
2490 1262 2598 1315 suis
2620 1302 2644 1327 ,
2668 1272 2720 1315 et
2746 1280 2862 1315 cum
2895 1264 3165 1329 voluptate
3190 1280 3347 1318 aures
3386 1265 3483 1320 sibi
3524 1282 3663 1335 pra--

2078 1348 2207 1405 bere
2230 1391 2246 1416 ,
2279 1367 2343 1403 ne
2361 1351 2586 1419 praedam
2616 1354 2873 1423 abigeret,
2909 1355 3076 1422 inquit
3121 1356 3228 1419 ille,
3261 1368 3420 1425 utque
3452 1357 3660 1410 illormn

2079 1441 2283 1495 animas
2310 1442 2539 1497 irreliret
2560 1484 2573 1507 ,
2610 1444 2836 1514 linguam
2865 1446 2932 1499 ab
2958 1446 3257 1515 lmjnsinodi
3284 1448 3663 1503 certaminibus

2080 1531 2401 1600 aliquamdiu
2428 1534 2683 1588 coercuit.

2150 1624 2350 1695 Cmpta:
2378 1639 2555 1680 autem
2585 1640 2706 1680 sunt
2728 1629 3013 1681 conciones
3044 1629 3147 1681 illa:
3169 1640 3351 1682 contra
3374 1630 3664 1685 Anommos

2080 1725 2168 1768 aut
2196 1726 2434 1770 vertente
2473 1717 2614 1771 Julio
2650 1718 2770 1771 anni
2814 1718 2918 1775 586
2944 1759 2959 1782 ,
3002 1728 3093 1773 aut
3132 1720 3346 1774 ineunte
3384 1723 3621 1790 Augusto
3647 1739 3675 1781 τ,

2080 1808 2169 1877 qui
2208 1808 2443 1861 calculus
2487 1819 2731 1863 constare
2774 1808 3187 1881 deprehenditur
3219 1826 3284 1865 ex
3323 1810 3385 1863 iis
3436 1826 3554 1880 quae
3596 1811 3662 1865 de

2081 1899 2251 1967 prima
2303 1910 2487 1954 contra
2532 1900 2745 1955 Iudaeos
2801 1901 3017 1957 homilia
3064 1903 3312 1958 dicuntur
3362 1904 3419 1957 in
3467 1904 3666 1958 llionito

2082 1990 2101 2059 (
2132 1990 2256 2045 Vide
2282 1993 2334 2045 in
2362 1992 2558 2046 Manilo
2605 2003 2643 2046 ι.
2675 1994 2726 2047 l.
2761 2008 2805 2043 c.
2832 1990 3174 2063 857—844)
3211 1994 3277 2049 ad
3318 1995 3435 2049 illas
3479 2005 3663 2050 contra

2080 2082 2293 2138 JUdtIEOS
2342 2084 2586 2139 homilias
2610 2128 2624 2148 ,
2680 2086 2767 2139 ubi
2805 2102 2869 2139 ex
2908 2085 3038 2155 ipsis
3076 2084 3445 2157 Chrysostonii
3489 2089 3665 2141 verbis

2080 2177 2317 2244 arguitur
2346 2177 2568 2243 primam
2597 2176 2826 2230 habitam
2857 2176 3021 2231 fuisse
3046 2193 3230 2233 mense
3256 2180 3494 2248 Augusto
3523 2179 3664 2247 ejus-

2081 2265 2201 2319 dem
2233 2268 2353 2319 anni
2386 2268 2510 2322 586.

2151 2356 2427 2413 Concioncs
2469 2369 2643 2412 contra
2689 2359 2976 2413 Auomaros.
3020 2390 3093 2400 —
3132 2359 3247 2413 Non
3288 2375 3399 2413 una
3435 2360 3573 2414 serie
3612 2369 3666 2414 et

2080 2449 2418 2505 continenter
2442 2451 2597 2505 dicta:
2626 2450 2839 2506 fuerunt
2864 2451 3150 2505 conciones
3176 2451 3289 2505 istic
3310 2461 3493 2506 contra
3525 2454 3665 2506 Ano-

2081 2557 2287 2606 mmos;
2339 2541 2433 2595 sed
2468 2542 2672 2596 illarum
2714 2528 2904 2597 cursus
2950 2544 3277 2610 interceptus
3319 2554 3399 2597 est
3440 2544 3539 2596 sub
3580 2542 3663 2596 in-

2081 2635 2254 2698 itium,
2282 2635 2495 2704 quando
2523 2636 2799 2704 ingruente
2840 2650 2966 2689 casu
3005 2646 3189 2689 contra
3231 2634 3444 2689 Jndaeos
3486 2636 3663 2688 disce-

2083 2728 2334 2796 ptandum
2360 2726 2475 2780 fuit.
2502 2727 2700 2781 Deinde
2726 2742 2852 2781 vero
2881 2737 3067 2781 contra
3093 2728 3383 2781 Anommos
3404 2735 3457 2780 et
3483 2738 3666 2780 cootra

2081 2820 2295 2874 .lnda-os
2316 2820 2534 2873 alternis
2557 2820 2756 2873 vicibus
2776 2830 3137 2873 concertatum
3161 2828 3264 2873 est.
3294 2820 3361 2871 At
3386 2817 3531 2874 vices
3553 2818 3669 2873 illas

2082 2911 2254 2964 tnetiri
2290 2928 2393 2963 non
2422 2926 2700 2979 possumus
2728 2910 3018 2964 intervallis
3044 2910 3361 2979 mqualibns.

2154 3003 2209 3057 In
2238 3003 2401 3072 prima
2434 3005 2608 3072 itaque
2645 3012 2829 3055 contra
2870 3004 3161 3055 Anommos
3202 3001 3457 3055 concione
3480 3041 3495 3065 ,
3521 3009 3669 3069 post-

2083 3110 2240 3164 quam
2271 3094 2497 3155 dixerat,
2532 3102 2588 3147 ut
2614 3092 2863 3158 vidimus,
2892 3108 2993 3161 qua
3021 3092 3087 3144 de
3116 3107 3272 3145 causa
3306 3092 3509 3159 pridem
3542 3107 3663 3143 sus-

2081 3197 2291 3256 ceptum
2332 3184 2610 3240 consilium
2644 3185 2763 3239 illos
2812 3183 3154 3253 impugnandi
3193 3183 3335 3237 aliud
3370 3184 3418 3236 in
3461 3193 3668 3252 tempus

2088 3277 2501 3340 transmisisset,
2544 3291 2733 3345 nempe
2758 3315 2774 3338 ,
2805 3284 2862 3328 ut
2885 3274 3154 3328 auditores
3184 3274 3271 3343 qui
3300 3274 3398 3327 sibi
3427 3273 3665 3328 benevoli

2085 3370 2399 3424 videbantur
2422 3410 2437 3435 ,
2471 3369 2740 3423 irretiret:
2772 3368 2985 3421 demum
3011 3366 3339 3419 hortantibus
3367 3364 3494 3434 ipsis
3526 3366 3643 3417 Anu

2087 3461 2240 3513 magis
2278 3468 2335 3513 ut
2381 3460 2433 3513 in
2481 3474 2697 3512 arenam
2742 3455 3132 3521 descenderet,
3191 3455 3400 3508 illorum
3457 3470 3668 3508 errores

2052 3548 2343 3619 'impetere
2385 3565 2539 3603 orsus
2583 3559 2703 3613 est,
2754 3548 2926 3601 amico
2971 3558 3144 3600 tamen
3190 3547 3408 3611 animo,
3455 3562 3558 3598 non
3612 3556 3670 3599 ut

2088 3644 2421 3698 adversarios
2452 3642 2632 3696 feriret
2656 3683 2669 3704 ,
2700 3640 2790 3693 scd
2822 3650 2876 3692 ut
2896 3639 3134 3707 jacentes
3163 3638 3408 3707 erigeret.

2160 3734 2459 3789 Secundam
2488 3743 2673 3787 contra
2715 3733 3005 3785 Anomaaos
3047 3728 3318 3783 homiliam
3359 3728 3673 3797 interposito

2091 3829 2438 3897 plurimorum
2466 3825 2672 3879 dierum
2715 3824 2887 3893 spatio
2924 3821 3301 3892 pronuntiavit.
3346 3821 3502 3873 Multa
3528 3821 3669 3873 enim

2087 3925 2525 3994 Cbrysostomum
2550 3936 2579 3973 a
2607 3920 2873 3973 destinato
2898 3933 3054 3972 cursu
3080 3916 3521 3984 interpellarunt;
3546 3930 3675 3968 eon-

2090 4028 2167 4071 tra
2195 4018 2409 4071 Judmos
2440 4030 2631 4084 nempe
2656 4014 2832 4068 habita
2854 4055 2869 4079 ,
2898 4027 3065 4082 caque
3093 4010 3377 4066 admodum
3423 4026 3674 4066 necessu-

2090 4112 2164 4165 ria
2192 4153 2205 4174 ,
2235 4108 2563 4164 concertatio
2587 4152 2601 4173 ,
2634 4108 2701 4161 de
2741 4122 2842 4176 qua
2868 4148 2881 4169 ,
2916 4104 2997 4159 liis
3033 4115 3216 4159 contra
3266 4106 3554 4158 Anommos
3591 4119 3673 4156 re-

2090 4202 2309 4258 censilis
2332 4242 2345 4262 .
2373 4200 2611 4271 pluribus
2637 4213 2855 4267 agemus
2880 4213 2893 4260 ;
2925 4197 3141 4250 Patrum
3178 4195 3525 4266 quorumdam
3569 4196 3675 4265 spi-

2091 4296 2349 4349 ritualium
2373 4296 2389 4363 (
2417 4294 2496 4349 sic
2522 4292 2613 4347 ille
2636 4290 2653 4361 )
2676 4293 2918 4345 adventus
2940 4330 2957 4356 ,
2983 4289 3050 4344 de
3079 4290 3270 4359 quibus
3292 4304 3389 4342 suo
3411 4289 3526 4341 loco
3555 4305 3674 4341 nar-

2090 4388 2313 4442 rabitur.
2347 4387 2566 4442 Demnm
2596 4385 2698 4438 illis
2723 4383 2787 4437 ad
2833 4384 2947 4437 loca
2989 4396 3081 4437 sua
3128 4380 3357 4437 reversis
3382 4422 3396 4443 ,
3430 4392 3669 4436 sanctum

2094 4494 2388 4549 pncconem
2419 4492 2675 4545 excepere
2707 4473 2976 4529 memoria:
3000 4482 3290 4543 martyrum
3331 4470 3670 4540 frequentes;

2092 4572 2282 4642 quibus
2308 4571 2591 4626 celebratis
2622 4570 2977 4623 intermissam
3009 4577 3193 4623 contra
3224 4568 3513 4622 Anomwos
3542 4583 3672 4622 Cou-

2092 4664 2439 4718 certationem
2472 4661 2705 4730 repetiit.

2164 4756 2218 4809 ln
2250 4755 2403 4807 tertia
2428 4753 2564 4806 idem
2590 4761 2956 4820 argumentum
2984 4749 3045 4802 de
3070 4748 3678 4817 lncomprclzensibilitute

2093 4844 2188 4899 Dei
2217 4857 2399 4898 contra
2433 4843 2763 4897 adversarios
2803 4843 3155 4911 prosequitur.
3197 4840 3307 4895 Sub
3346 4840 3506 4894 ﬁnem
3552 4856 3679 4893 vero

2096 4939 2148 4989 in
2194 4936 2463 4989 auditores
2509 4933 2769 4987 acerrime
2816 4931 3121 4995 invehitur,
3173 4930 3314 5000 quod
3378 4931 3675 4996 concione,

2095 5044 2250 5095 quam
2288 5027 2511 5079 libenter
2536 5024 2858 5085 audiebant,
2891 5023 3062 5076 soluta
3088 5064 3104 5085 ,
3134 5036 3254 5076 sese
3279 5022 3453 5074 statim
3481 5020 3680 5075 subdu-

2096 5127 2279 5171 cerent
2304 5159 2316 5179 ,
2350 5128 2405 5170 ct
2436 5116 2602 5169 sacris
2646 5115 2910 5185 mysteriis
2932 5154 2947 5179 ,
2997 5130 3114 5183 qua:
3155 5113 3408 5169 continuo
3442 5112 3682 5167 celebra-

2098 5210 2288 5262 bantur
2311 5250 2326 5271 ,
2356 5222 2460 5261 non
2489 5206 2827 5260 interessirnt.

2172 5303 2225 5355 In
2255 5310 2441 5370 quarta
2465 5341 2479 5364 ,
2513 5310 2632 5368 post
2656 5298 2839 5351 solitas
2873 5307 3057 5351 contra
3105 5296 3385 5350 bmrcticos
3426 5295 3683 5349 velitatio-

2099 5411 2234 5455 nes,
2283 5392 2442 5447 coetui
2484 5391 2815 5461 gratulatur,
2861 5388 3001 5458 quod
3053 5389 3266 5443 monitis
3322 5388 3431 5441 suis
3478 5403 3679 5440 morem

2099 5485 2361 5553 gesserit,
2392 5498 2716 5553 pravamqne
2755 5489 2879 5535 ante
2917 5495 3067 5533 sacra
3112 5480 3360 5551 mysteria
3398 5478 3680 5533 recedendi

2099 5574 2535 5630 consuetudinem
2564 5573 2819 5641 abjecerit
2845 5590 2856 5625 :
2888 5571 3030 5626 dolet
3060 5581 3235 5625 tamen
3261 5612 3276 5639 ,
3305 5572 3444 5642 quod
3473 5586 3681 5624 marsu-

2100 5668 2307 5737 piorum
2342 5676 2578 5719 sectores
2621 5664 2831 5731 quidam
2876 5664 3188 5718 concionem
3226 5662 3642 5717 interturbarent
3673 5706 3686 5721 .

2102 5769 2386 5829 monetque
2415 5775 2481 5813 ne
2508 5773 2693 5811 aurum
2736 5767 3080 5827 argentumve
3119 5756 3171 5809 in
3210 5755 3490 5824 marsupiis
3536 5759 3683 5813 dele-

2105 5864 2221 5909 runt
2246 5894 2260 5917 ,
2290 5852 2333 5906 si
2364 5851 2522 5905 velint
2552 5852 2707 5904 talem
2740 5860 2945 5919 pestem
2977 5848 3208 5916 abigere.
