4122 6386
398 423 502 480 103

470 538 522 591 In
566 536 745 605 quinta
788 533 1002 591 demum
1027 575 1044 603 ,
1094 533 1158 590 iis
1200 534 1432 589 breviter
1470 532 1810 597 retractatis,
1851 543 1973 600 que

395 631 540 697 prius
567 627 773 681 disorat
796 668 811 692 ,
842 641 975 681 nova
1012 624 1228 680 adhibet
1264 634 1448 680 contra
1486 624 1778 679 Anomceos
1815 636 1973 687 aruu-

395 730 594 775 menta.
621 719 681 774 In
707 719 789 773 his
817 733 976 788 porro
1013 717 1360 778 concionibns
1395 716 1571 772 elucet
1605 713 1972 787 Chrysustumi

395 827 501 864 non
527 810 697 865 solum
726 808 1028 880 eloquentia
1054 851 1070 875 ,
1101 808 1196 869 sed
1222 809 1380 863 etiam
1405 807 1486 865 vis
1511 817 1967 878 argumentorum.

395 900 503 956 Nec
529 900 706 956 minus
734 898 1085 970 suspiciendas
1114 909 1237 955 sunt
1267 899 1643 969 responsiones
1671 898 1737 951 ad
1765 897 1971 968 objecta

396 991 765 1046 haereticorum
792 1032 807 1058 ,
848 989 1040 1061 quibus
1075 998 1430 1060 asperguntur
1462 988 1621 1043 etiam
1671 988 1811 1042 sales
1838 1027 1854 1052 ,
1888 987 1975 1057 qui

398 1084 449 1137 in
481 1081 707 1137 dicendo
736 1082 927 1136 mirum
969 1090 1224 1152 quantum
1267 1082 1493 1136 valeant.
1536 1079 1612 1135 lta
1659 1088 1718 1135 ut
1762 1079 1902 1134 haud
1943 1094 1971 1132 a

399 1188 527 1228 vero
544 1173 867 1229 aberraverit
890 1172 934 1226 si
954 1172 1074 1243 quis
1100 1172 1196 1226 has
1218 1173 1462 1226 homilias
1488 1173 1624 1226 inter
1648 1171 1976 1242 praestantis-

396 1266 530 1319 sima
561 1265 724 1319 sancti
754 1264 990 1319 doctoris
1014 1279 1173 1334 opera
1203 1265 1607 1335 computaverit.

467 1353 653 1409 Concio
689 1354 744 1408 in
782 1354 844 1409 S.
889 1353 1272 1425 Pltilogonium.
1333 1365 1373 1409 t.
1414 1354 1467 1408 1.
1509 1367 1556 1403 c.
1596 1353 1719 1407 747.
1753 1381 1823 1392 -
1852 1352 1976 1407 Post

397 1446 634 1516 quintam
658 1488 674 1512 ,
707 1460 824 1514 quae
853 1459 1037 1501 mense
1067 1444 1343 1500 Decembri
1370 1443 1390 1516 (
1417 1448 1481 1497 Α.
1512 1443 1636 1499 586.
1665 1442 1904 1497 Decemb.
1927 1444 1970 1515 ),

399 1548 457 1590 ut
485 1536 771 1591 verisimile
796 1545 918 1603 est,
949 1536 1125 1590 habita
1154 1536 1285 1603 fuit,
1312 1535 1726 1607 Chrysostomus
1750 1522 1814 1589 ad
1841 1550 1975 1590 nova

396 1626 507 1682 tela
532 1636 713 1682 contra
737 1629 1026 1681 Anomtnns
1048 1625 1301 1680 vibranda
1329 1635 1540 1694 paratus
1562 1665 1579 1692 ,
1607 1634 1665 1678 ut
1691 1625 1803 1695 ipse
1827 1625 1973 1691 dicit,

399 1717 486 1771 die
516 1715 650 1771 festo
676 1714 734 1771 S.
776 1714 1069 1785 Philogonii
1112 1715 1347 1785 episcopi
1391 1715 1746 1781 Antiocheni,
1792 1716 1881 1786 qui
1923 1717 1974 1770 in

397 1808 703 1877 vigesimum
731 1807 1037 1876 Decembris
1059 1848 1075 1873 ,
1117 1808 1349 1877 quinque
1373 1806 1560 1862 diebus
1586 1816 1710 1861 ante
1737 1806 1974 1862 Natalem

401 1898 606 1953 Domini
631 1938 647 1965 ,
677 1898 979 1963 incidebat,
1014 1897 1381 1967 interpellatus
1406 1897 1502 1950 fuit
1526 1939 1542 1963 ,
1567 1899 1789 1968 ejusque
1813 1913 1977 1968 pane-

398 1992 637 2063 gyrieum
677 1989 1076 2062 pronuntiavit,
1122 1989 1297 2060 ipsum
1347 1997 1522 2044 tamen
1562 2004 1667 2043 non
1712 1988 1973 2053 absolvit,

399 2084 492 2138 sed
516 2084 741 2138 inanima
764 2082 1016 2153 praeconii
1038 2092 1185 2151 parte
1207 2080 1462 2137 Flaviano
1483 2081 1766 2150 episcopo,
1789 2078 1974 2135 eadem

398 2172 486 2229 die
513 2175 890 2229 concionaturo
914 2214 929 2237 ,
959 2171 1139 2226 relicta
1165 2212 1180 2237 ,
1205 2173 1257 2226 in
1279 2171 1537 2226 orationis
1562 2171 1738 2226 medio
1759 2185 1974 2225 cursum

400 2264 681 2334 intercepit
705 2305 721 2328 ,
750 2274 807 2318 ut
832 2263 1082 2333 populum
1107 2263 1171 2316 ad
1201 2261 1442 2317 Natalem
1471 2261 1666 2317 Christi
1702 2261 1803 2316 rite
1836 2262 1977 2317 cele-

400 2356 660 2411 brandum
691 2354 1001 2411 hortaretur
1028 2396 1043 2422 ,
1071 2369 1134 2409 ac
1159 2364 1437 2424 postquam
1465 2353 1830 2424 peccatoribus
1859 2368 1975 2423 pte-

397 2447 633 2502 nitentiat
672 2446 1161 2517 resipiscentiaeque
1201 2445 1420 2505 modum
1457 2446 1785 2517 praescripsit
1808 2488 1823 2514 ,
1850 2460 1975 2501 ora-

398 2539 596 2593 tionem
623 2537 842 2591 claudit.

464 2627 785 2698 Sequentetp
837 2627 907 2682 de
959 2626 1408 2683 Consubstantiali
1459 2626 1734 2681 homiliam
1791 2637 1975 2681 contra

394 2721 686 2774 Anommos
731 2719 955 2787 habuit,
1010 2727 1069 2775 ut
1108 2718 1307 2774 indicat
1355 2718 1509 2789 ipse,
1559 2721 1740 2789 paucis
1788 2719 1977 2775 diebus

399 2824 677 2885 postquam
719 2814 786 2869 de
834 2813 1022 2870 eodem
1072 2823 1385 2884 argumento
1429 2814 1776 2868 concionatus
1823 2820 1971 2878 erat,

395 2908 611 2961 ineunte
638 2905 881 2960 videlicet
915 2919 1058 2959 anno
1095 2906 1200 2960 587
1226 2946 1241 2972 ,
1281 2913 1336 2959 et
1376 2912 1632 2975 quantum
1676 2903 1979 2974 conjectare
2014 2908 2017 2911 ‘

394 2999 552 3064 licet,
585 2998 766 3068 quinta
795 2996 1037 3052 Januarii
1060 2996 1187 3063 die,
1227 2988 1330 3067 qua
1371 2997 1640 3052 circenses
1682 2995 1789 3049 ludi
1836 2995 1979 3050 cele-

396 3089 706 3144 brabantur.
747 3088 836 3146 Sic
873 3089 1015 3144 enim
1046 3088 1134 3145 ille
1161 3088 1474 3142 concionem
1518 3088 1742 3158 incipit:
1785 3085 1979 3141 lterum

394 3182 640 3237 circenses
663 3222 678 3247 ,
706 3182 889 3235 iterum
915 3180 1059 3236 nobis
1084 3180 1379 3234 imminutus
1407 3188 1478 3233 est
1503 3188 1793 3234 conventus.

466 3273 560 3330 Die
581 3273 824 3343 sequenti
862 3280 918 3327 ut
943 3271 1244 3328 confutaret
1267 3273 1580 3335 Anommos,
1609 3271 1698 3342 qui
1736 3286 1800 3325 ex
1842 3269 1984 3341 peti-

392 3369 538 3423 tione
579 3366 808 3422 liliorum
856 3364 1099 3421 Zebedaei
1146 3373 1203 3421 et
1233 3379 1298 3419 ex
1344 3365 1694 3434 responsione
1739 3363 1974 3430 Christi,

393 3460 582 3516 Sedere
621 3469 789 3514 autem
814 3459 880 3512 ad
905 3460 1162 3513 dexteram
1187 3456 1265 3511 vel
1290 3456 1551 3512 sinistram
1576 3473 1737 3510 meam
1765 3473 1866 3511 non
1903 3466 1976 3511 est

391 3570 557 3607 meum
582 3553 702 3607 dare
726 3553 881 3616 vobis,
911 3549 1248 3621 oppugnandi
1278 3564 1462 3603 ansam
1493 3548 1835 3619 arripiebaut,
1857 3563 1976 3603 eam
1999 3546 2003 3550 ’

393 3643 578 3698 habuit
606 3642 874 3697 homiliam
905 3656 1023 3711 qua:
1052 3648 1236 3694 octava
1270 3639 1597 3695 inscribitur.

462 3733 610 3788 lianc
647 3733 954 3788 concionem
996 3732 1233 3801 sequitur
1277 3731 1364 3785 illa
1408 3730 1477 3785 de
1518 3729 1724 3784 Lazaro
1770 3728 1976 3799 quatri-

389 3825 566 3878 duano
598 3821 686 3894 (Τ.
715 3838 751 3877 l.
779 3839 825 3878 ε.
853 3824 1016 3891 779),
1049 3823 1101 3875 in
1131 3836 1236 3891 qua
1280 3821 1660 3875 Anomteorum
1691 3832 1976 3888 argumen-

391 3928 503 3971 tum
534 3931 600 3971 ex
628 3913 846 3969 historia
896 3913 1080 3968 Lazari
1108 3912 1443 3983 quatriduani
1488 3913 1709 3981 petitum
1739 3909 1980 3965 confuta-

392 4015 498 4062 tur.
530 4005 586 4061 ln
631 4005 768 4060 hanc
795 4018 922 4058 vero
957 4002 1326 4074 illegitimitatis
1361 4003 1712 4073 suspicionem
1761 4000 1981 4072 injicere

390 4107 613 4152 conatus
657 4104 741 4151 est
784 4095 1000 4166 quidam
1050 4110 1321 4165 nuperus,
1367 4095 1458 4165 qui
1517 4109 1622 4148 non
1676 4093 1979 4148 adverterat

393 4190 531 4246 hanc
549 4189 617 4245 de
644 4188 845 4243 Lazaro
871 4187 1222 4258 quatriduano
1250 4187 1547 4242 luculenter
1571 4186 1975 4242 commemorari

392 4282 444 4334 in
468 4281 707 4350 sequenti
733 4279 802 4334 de
823 4278 1019 4333 Christi
1042 4279 1307 4349 precibus,
1334 4278 1583 4348 quoniam
1611 4276 1726 4331 haec
1756 4276 1975 4331 homilia

392 4373 444 4426 in
473 4371 708 4427 editione
739 4370 1005 4425 Saviliana
1047 4369 1203 4439 longo
1245 4369 1523 4425 intervallo
1559 4383 1590 4421 a
1615 4366 1858 4437 sequenti
1893 4380 1979 4420 se-

391 4473 571 4533 parata
602 4470 716 4517 erat
746 4480 760 4515 :
794 4476 975 4516 verum
1004 4460 1119 4531 ejus
1147 4470 1454 4531 argumenta
1500 4459 1738 4527 pluribus
1784 4456 1977 4514 confu-

393 4553 619 4608 tavimus
647 4552 700 4606 in
728 4551 927 4606 Monito
954 4550 1020 4605 ad
1051 4549 1148 4604 has
1176 4550 1420 4604 homilias
1446 4547 1553 4604 col.
1583 4548 1706 4605 779.

461 4645 642 4699 Altera
682 4643 749 4697 de
776 4641 974 4697 Christi
1004 4642 1249 4711 precibus
1276 4641 1611 4695 continenter
1656 4648 1775 4710 post
1800 4639 1980 4694 [lumi-

392 4737 515 4791 Iiam
544 4736 610 4790 de
636 4734 838 4788 Lazaro
878 4733 1051 4787 habita
1082 4743 1182 4787 est.
1229 4731 1285 4786 In
1316 4731 1416 4787 hac
1453 4732 1664 4803 egregie
1700 4746 1978 4786 common-

392 4835 590 4880 stratur
608 4824 805 4880 Christi
831 4838 1016 4893 preces
1040 4823 1106 4877 ad
1133 4825 1341 4877 Patrem
1358 4823 1607 4889 directas,
1629 4837 1735 4877 non
1756 4823 1979 4893 probare

395 4921 541 4977 illum
586 4933 707 4975 esse
753 4919 909 4973 Patre
959 4917 1243 4971 minorem.
1291 4914 1581 4986 Utramque
1624 4931 1750 4971 vero
1798 4915 1982 4970 habuit

396 5015 610 5069 ineunte
638 5025 779 5065 anno
795 5009 923 5076 587,
950 5009 1112 5079 paulo
1143 5019 1261 5077 pOst
1284 5023 1441 5076 quam
1471 5007 1604 5063 alias
1631 5015 1816 5062 contra
1836 5008 1981 5061 Ano-

395 5118 565 5159 mmos
593 5101 820 5167 dixerat,
850 5107 906 5153 ut
933 5099 1047 5169 ipse
1074 5097 1238 5152 refert
1265 5097 1317 5150 in
1346 5097 1598 5160 secunda,
1630 5112 1774 5151 num.
1804 5097 1858 5161 2,
1891 5097 1981 5152 ubi

394 5198 468 5251 ait
508 5210 567 5250 se
605 5210 783 5265 nuper,
814 5192 884 5247 de
926 5190 1091 5261 gloria
1140 5188 1403 5260 Unigeniti
1450 5188 1667 5244 divisse.
1706 5189 1795 5244 Sic
1837 5192 1980 5245 enim

394 5285 681 5340 conciones
747 5283 817 5339 de
883 5279 1408 5351 lucomprehensibili
1477 5294 1583 5333 non
1652 5274 1821 5335 semel
1888 5296 1983 5349 ap—

400 5379 578 5450 pellat.

473 5469 613 5522 Duas
636 5466 770 5521 alias
792 5473 977 5520 contra
1018 5467 1308 5519 Anommos
1346 5464 1630 5518 conciones
1673 5462 1763 5517 ille
1800 5461 1985 5517 habuit

402 5557 855 5627 Constantinopoli
885 5554 972 5625 (Τ.
1006 5571 1043 5610 l.
1075 5569 1122 5609 c.
1146 5553 1307 5625 795),
1343 5556 1430 5609 ubi
1462 5555 1551 5609 illa
1583 5554 1800 5610 haeresis
1835 5570 1986 5626 gras-

403 5652 639 5720 sabatur,
684 5659 742 5704 ut
779 5659 833 5704 et
877 5646 1213 5703 Antiochiae:
1245 5646 1312 5702 de
1362 5646 1466 5700 illis
1503 5655 1680 5702 autem
1724 5660 1822 5701 suo
1870 5647 1985 5701 loco

403 5751 607 5813 agetur.

475 5833 747 5892 Contiones
773 5841 946 5889 contra
969 5829 1195 5885 Juda‘os.
1213 5861 1261 5868 -—
1294 5829 1635 5887 llomiliarum
1657 5845 1781 5888 vero
1801 5840 1985 5888 contra

1477 416 1535 475 s.
1576 412 1855 473 manuus
1889 412 2363 471 etmvsosrout
2407 390 2587 472 vm.

3570 416 3669 471 IM

2081 526 2297 584 Judatos
2323 526 2568 583 ordinem
2596 527 2647 582 in
2691 527 2841 598 prius
2867 525 3038 583 Editis
3081 525 3216 583 mire
3260 527 3666 599 perturbatum,

2079 615 2192 671 Deo
2215 616 2398 682 dante,
2427 632 2527 672 nec
2549 618 2667 673 sine
2695 617 2879 672 labore
2907 617 3235 673 restituimus
3261 616 3350 687 (Τ.
3382 633 3419 672 ι.
3438 634 3488 676 c.
3509 618 3664 688 837).

2078 708 2311 763 Primam
2339 708 2611 763 homiliam
2635 708 2838 772 habuit,
2864 717 3139 778 postquam
3168 709 3461 765 certamina
3482 720 3665 764 contra

2078 804 2370 857 Auommos
2407 815 2583 867 orsus,
2625 801 2899 871 primaque
2920 799 3030 870 jam
3073 799 3248 854 habita
3277 799 3556 866 concione,
3582 801 3636 853 in

2078 893 2341 947 stantibus
2364 891 2669 948 Iudaeorum
2701 889 2867 955 feriis,
2909 891 3260 961 sceuopegiis,
3285 891 3520 962 jejuniis,
3552 892 3664 962 qui.

2078 981 2180 1037 bus
2207 982 2494 1039 Christiani
2524 982 2737 1053 quidam
2766 981 3105 1049 Antiocheni,
3137 983 3328 1053 partim
3368 983 3667 1053 spectandi,

2079 1075 2271 1145 partim
2318 1075 2477 1130 etiam
2513 1090 2612 1129 una
2658 1075 2964 1130 celebrandi
3010 1084 3171 1146 atque
3193 1075 3465 1146 jejunandi
3509 1091 3666 1131 causa

2081 1165 2338 1220 interesse
2380 1165 2666 1221 solebant:
2700 1166 2824 1222 huic
2874 1166 2966 1222 ille
3006 1167 3194 1223 morbo
3221 1177 3277 1221 ut
3322 1167 3669 1237 mederetur,

2080 1256 2490 1312 concertationis
2512 1264 2701 1313 contra
2722 1260 3011 1313 Anomoeos
3040 1273 3253 1313 cursum
3279 1258 3578 1330 intercepit,
3606 1274 3670 1314 ac

2080 1347 2293 1403 .Iudteos
2316 1348 2725 1421 Judmorumque
2748 1365 3004 1421 sequaces
3026 1350 3242 1405 adortus
3266 1358 3368 1405 est.
3401 1351 3513 1418 Qua
3540 1367 3666 1405 vero

2081 1437 2207 1492 anni
2251 1446 2565 1509 tempestate
2590 1440 2706 1495 hare
2747 1441 3051 1497 concionari
3081 1440 3324 1509 cmperit,
3353 1442 3468 1510 ipse
3511 1445 3669 1512 paulo

2083 1540 2201 1599 post
2240 1530 2447 1585 initium
2488 1531 2721 1587 homilize
2755 1533 2943 1603 prima;
2972 1531 3283 1587 testiﬁcatur
3322 1532 3407 1588 his
3445 1533 3622 1589 verbis
3645 1548 3666 1591 ε

2083 1618 2252 1675 Ferite
2292 1622 2586 1677 miserorum
2611 1633 2760 1696 atque
2789 1640 3188 1679 wrumnosorum
3223 1623 3257 1677 .1
3264 1625 3521 1679 admoram
3548 1641 3669 1678 cono

2081 1711 2237 1766 tinua:
2276 1722 2325 1767 et
2348 1714 2636 1785 frequentes
2665 1715 2879 1783 instant,
2912 1715 3060 1780 tubte,
3093 1717 3421 1788 scenopegite,
3444 1715 3666 1787 jejunia.

2081 1801 2178 1856 His
2204 1812 2419 1858 notatur
2445 1805 2587 1860 haud
2604 1804 2766 1861 dubie
2792 1808 2992 1861 mensis
3010 1806 3168 1871 Tisri,
3191 1808 3307 1863 sive
3333 1805 3665 1878 September,

2082 1893 2234 1963 cujus
2273 1894 2485 1950 decimo
2526 1897 2713 1967 quinto
2751 1897 2840 1953 die
2882 1898 3166 1968 incipiebat
3204 1898 3540 1971 scenopegia,
3571 1913 3669 1954 seu

2083 1983 2275 2039 festum
2319 1985 2829 2042 Tabernaculorum.
2875 1988 2971 2042 Illo
3026 1998 3204 2045 autem
3262 2005 3445 2046 mense
3490 1991 3669 2061 plures

2080 2077 2218 2147 apud
2245 2077 2458 2134 JlldtBOS
2481 2082 2836 2136 occurrebant
2859 2081 2974 2136 dies
3004 2081 3143 2146 festi,
3169 2098 3328 2153 quam
3356 2084 3407 2138 in
3432 2084 3669 2155 quolibet

2068 2169 2188 2223 'alio
2213 2170 2370 2224 totius
2394 2170 2539 2238 anni,
2585 2179 2641 2225 ut
2666 2172 2849 2226 videas
2893 2172 3029 2242 apud
3060 2172 3391 2243 Buxtorfum,
3434 2174 3691 2240 Leusdey

2082 2275 2209 2315 num
2236 2269 2290 2315 et
2315 2261 2468 2316 alios.
2496 2261 2650 2331 Quod
2677 2265 2834 2318 etiam
2866 2264 3060 2320 indicat
3088 2262 3518 2339 Chrysostomus,
3545 2280 3666 2324 cum

2081 2351 2211 2407 dicit
2252 2353 2445 2407 assidui
2483 2365 2533 2409 et
2572 2355 2748 2410 crebri.
2799 2355 2946 2413 Hane
2987 2359 3380 2414 Solemnitatum
3422 2359 3667 2431 frequen-

2083 2444 2208 2499 tiam
2234 2444 2434 2514 aliquot
2459 2444 2648 2502 diebus
2684 2449 3030 2504 antevertisse
3067 2448 3524 2521 Chrysostomum;
3556 2461 3665 2505 tum

2080 2538 2358 2606 praemissa
2386 2540 2548 2594 verba
2576 2539 2867 2607 declarant,
2910 2548 3022 2595 tum
3051 2556 3173 2595 mox
3219 2540 3487 2598 afferenda
3520 2544 3668 2598 testi-

2081 2629 2325 2685 ficantur.
2371 2630 2548 2698 Quare
2598 2647 2784 2688 mense
2824 2633 3061 2705 Augusto
3117 2634 3340 2705 primam
3392 2633 3666 2692 homiliam

2081 2720 2285 2777 dixisse
2310 2722 2534 2778 videtur.

2154 2813 2211 2868 In
2241 2815 2340 2870 hac
2378 2831 2506 2871 vero
2535 2816 2773 2883 homilia,
2807 2818 2894 2873 ubi
2925 2815 3254 2874 Christianos
3291 2819 3405 2875 illos
3430 2819 3661 2875 insecta-

2081 2911 2188 2971 tur,
2219 2906 2307 2975 qui
2333 2906 2604 2977 religionis
2623 2922 2782 2962 causa
2805 2906 3111 2963 Judzeorum
3137 2923 3287 2963 sacra
3312 2909 3491 2975 ferias,
3517 2910 3662 2965 {edes

2083 2995 2310 3060 adirent,
2341 3011 2454 3051 rem
2482 2995 2636 3052 aﬂ‘ert
2687 2997 3028 3069 singularem,
3062 2999 3146 3053 cui
3191 2999 3282 3055 ille
3310 3000 3547 3056 interfuit
3568 3044 3583 3065 .
3609 3011 3662 3057 et

2083 3101 2239 3156 quam
2269 3088 2674 3157 praetermittere
2708 3104 2816 3144 non
2842 3089 2985 3144 licet.
3028 3089 3310 3161 Postquam
3351 3093 3464 3146 hanc
3494 3093 3660 3147 Evan-

2082 3178 2203 3249 gelii
2245 3178 2467 3235 Joannis
2493 3180 2652 3237 verba
2680 3181 2857 3237 attulit
2886 3180 2971 3253 (Τ.
2990 3195 3029 3235 1.
3049 3179 3426 3250 ε.847.1.27),
3444 3184 3504 3239 Si
3529 3185 3659 3239 enim

2086 3269 2291 3323 Patrem
2317 3287 2484 3324 meum
2516 3272 2745 3338 nossetis,
2788 3284 2838 3328 et
2863 3289 2943 3327 me
2979 3275 3190 3328 nossetis
3215 3291 3235 3328 :
3258 3292 3414 3344 neque
3437 3291 3550 3329 vero
3580 3292 3661 3329 me

2083 3362 2257 3427 nostis,
2287 3377 2377 3415 nec
2408 3361 2612 3416 Patrem
2636 3378 2657 3426 ;
2686 3363 2755 3417 ita
2785 3364 2955 3434 pergit
2984 3382 2998 3419 :
3032 3363 3181 3430 Quod
3207 3366 3543 3422 testimonium
3568 3368 3661 3421 hoc

2082 3452 2185 3519 fide
2216 3452 2416 3522 dignius
2456 3453 2749 3508 adducant?
2776 3454 2839 3509 Si
2881 3453 3089 3509 Patrem
3115 3473 3215 3510 non
3240 3466 3441 3517 norunt,
3469 3456 3661 3512 Filium

2081 3543 2457 3611 cruciﬁxerunt,
2498 3545 2721 3614 Spiritus
2749 3547 2994 3600 auxilium
3021 3548 3331 3617 repulerunt,
3362 3549 3473 3619 quis
3497 3551 3661 3603 locum

2081 3634 2227 3688 illnnt
2253 3653 2360 3690 esse
2385 3636 2670 3691 dtemonunt
2698 3639 3022 3692 diversorium
3055 3640 3308 3709 afﬁrmare
3332 3658 3455 3706 non
3483 3641 3663 3694 ausit?

2084 3724 2204 3778 Non
2230 3725 2472 3779 aduratur
2497 3727 2562 3780 ibi
2603 3725 2761 3791 Deus,
2789 3726 2951 3793 absit;
2977 3730 3064 3783 sed
3107 3730 3409 3785 idololatria:
3432 3731 3663 3802 deinceps

2082 3818 2221 3871 locus
2260 3827 2375 3872 est:
2404 3827 2449 3872 et
2477 3827 2643 3872 tamen
2687 3818 2844 3889 aliqui
2883 3819 2986 3872 illis
3013 3830 3268 3885 tamquam
3302 3822 3538 3876 sacrariis
3561 3823 3658 3876 ad-

2083 3911 2292 3964 luerent.
2335 3911 2496 3981 Atque
2524 3910 2632 3966 hac
2659 3929 2760 3965 non
2786 3913 3085 3982 conjecturis
3124 3914 3373 3968 adductus
3399 3915 3531 3977 dico,
3573 3917 3662 3969 sed

2081 4003 2193 4072 ipsa
2218 4003 2422 4056 edoctus
2449 4003 2774 4073 experientia.
2816 4002 2955 4057 Nam
2982 4015 3098 4059 ante
3128 4005 3223 4059 Itae
3265 4007 3507 4072 triduum,
3538 4008 3663 4061 mihi

2082 4093 2289 4160 credite,
2332 4109 2432 4147 non
2462 4093 2704 4158 mentior,
2733 4104 3016 4148 matronam
3056 4094 3327 4165 quamdam
3356 4096 3612 4151 honestam
3644 4139 3659 4159 ,

2081 4185 2371 4255 ingenuam,
2421 4185 2695 4239 modestam
2721 4194 2769 4240 et
2805 4185 3004 4254 fidelem
3030 4186 3150 4251 uidi,
3196 4203 3347 4257 quant
3373 4189 3524 4243 homo
3548 4192 3661 4254 qui-

2082 4278 2202 4330 dant
2235 4276 2483 4346 impurus,
2513 4277 2748 4348 opinione
2774 4275 3092 4332 Christianus
3118 4280 3264 4349 (talia
3302 4280 3435 4334 enim
3463 4281 3657 4334 auden-

2083 4377 2203 4432 tem,
2231 4368 2477 4421 sincerum
2521 4366 2863 4421 Christianum
2899 4384 3001 4422 non
3042 4368 3302 4442 dixerim),
3333 4368 3661 4425 Hebrarorunt

2081 4458 2243 4514 (Edent
2269 4458 2457 4512 intrare
2477 4498 2491 4522 ,
2521 4456 2684 4528 ibique
2696 4459 3066 4528 jusjurandum
3094 4460 3164 4514 de
3183 4463 3391 4533 negotiis
3415 4463 3511 4516 sibi
3541 4480 3661 4516 con—

2082 4550 2284 4606 creditis
2321 4551 2443 4605 dare
2467 4551 2687 4622 cogebat.
2724 4551 2791 4606 Ut
2832 4568 2948 4607 vero
2984 4553 3075 4605 illa
3102 4569 3247 4617 apem
3269 4554 3591 4624 implorabat,
3614 4566 3663 4607 et

2083 4644 2182 4698 vim
2221 4642 2512 4697 sceleratam
2547 4642 2748 4695 amoliri
2789 4643 3018 4713 cupiebat
3040 4657 3059 4705 ;
3083 4641 3177 4696 sibi
3203 4643 3362 4706 enim,
3392 4660 3506 4707 quae
3530 4644 3661 4698 divi-

2085 4753 2264 4790 norum
2304 4735 2653 4806 mysteriorum
2693 4751 2896 4789 consors
2939 4738 3073 4805 facta
3111 4745 3257 4799 esset,
3306 4735 3452 4789 illum
3496 4737 3661 4789 locant

2084 4827 2244 4893 adire,
2276 4828 2418 4896 nefas
2457 4842 2560 4880 esse
2599 4825 2803 4895 putabat
2830 4841 2849 4879 :
2877 4826 3109 4880 incensus
3137 4842 3228 4896 ego
3265 4825 3373 4880 sele
3399 4837 3546 4893 atque
3579 4844 3665 4879 ar-

2086 4920 2209 4972 dens
2235 4917 2452 4979 surrexi,
2497 4932 2589 4971 nec
2624 4916 2766 4969 illaut
2797 4915 2866 4969 ad
2891 4918 3349 4985 praevaricationem
3378 4919 3509 4971 (ra/ti
3551 4934 3663 4971 sunt

2089 5028 2288 5081 passus,
2317 5011 2577 5080 eripuique
2600 5010 2660 5062 ab
2682 5009 2853 5079 iniqua
2877 5009 2974 5062 ista
2998 5008 3314 5064 abductione.
3342 5009 3528 5065 Postea
3552 5026 3664 5063 eum

2087 5103 2173 5171 qui
2219 5111 2438 5154 traxerat
2498 5100 2674 5165 illam,
2717 5097 3097 5155 Cltristianusne
3142 5111 3302 5164 esset,
3340 5101 3515 5171 rogavi
3542 5117 3561 5155 :
3585 5102 3667 5155 cui

2088 5193 2339 5261 conﬁtenti
2364 5191 2578 5262 grauiter
2612 5190 2788 5258 institi,
2821 5191 3104 5261 fatuitatem
3145 5193 3474 5260 exprobrans,
3502 5202 3663 5247 extre-

2090 5297 2321 5351 mamque
2345 5280 2664 5344 dementiam,
2707 5290 2753 5333 et
2780 5280 2937 5335 asinis
2960 5278 3108 5335 illum
3137 5291 3376 5351 praestare
3400 5283 3594 5353 negavi,
3625 5284 3667 5336 si

2089 5373 2342 5429 Christum
2365 5387 2419 5426 se
2435 5370 2649 5424 adorare
2675 5370 2936 5442 profiteris,
2964 5371 3031 5426 ad
3048 5370 3366 5436 Judworunt,
3395 5372 3481 5441 qui
3504 5375 3667 5442 ipsum

2091 5463 2476 5533 cruciﬁxissenl,
2506 5461 2774 5531 speluncas
2798 5477 3096 5531 quemquam
3120 5465 3359 5518 traheret.
3380 5462 3670 5518 Producto-

2091 5571 2186 5625 que
2211 5554 2410 5626 longius
2430 5570 2677 5620 sermone,
2707 5554 2924 5624 primunt
2940 5555 3121 5626 jurare
3144 5572 3353 5625 prorsus
3372 5574 3473 5610 non
3502 5557 3669 5620 licere,

2094 5662 2250 5715 neque
2294 5645 2363 5699 ad
2395 5646 2762 5718 jusjurandum
2798 5648 3081 5718 quempiam
3143 5649 3377 5712 incitare,
3422 5666 3487 5703 ea:
3527 5665 3673 5705 sacr.‘

2097 5735 2374 5809 Evangelia
2424 5740 2570 5794 docui
2601 5738 2841 5805 :deinde,
2891 5756 2993 5794 non
3040 5741 3240 5809 ﬁdelem
3286 5752 3334 5795 et
3381 5741 3630 5794 initiatum
3657 5782 3673 5804 ,

2096 5830 2215 5904 quin
2246 5847 2400 5903 neque
2428 5850 2537 5889 eum
2564 5834 2651 5905 qui
2693 5836 2916 5890 nondum
2958 5837 3020 5891 sit
3049 5836 3293 5902 initiatus,
3323 5835 3372 5888 in
3401 5836 3545 5889 istam
3584 5850 3674 5887 ne-
