4122 6386
367 398 469 456 105

361 527 638 579 cessitate»:
668 521 966 575 trahendum
1004 519 1175 588 fuisse.
1206 514 1483 587 Postquam
1522 515 1611 568 diu
1640 514 1948 575 multumque

362 619 601 686 loquutus
625 616 851 668 animum
878 613 989 682 ejus
1013 612 1075 665 ab
1098 625 1268 664 errore
1295 607 1546 678 Opinionis
1574 604 1800 671 liberaui,
1824 619 1948 656 cau-

362 725 472 761 sam
513 707 789 762 sciscitatus
816 721 947 769 sum,
978 720 1068 757 cur
1106 701 1313 755 ecclesia
1352 700 1528 753 relicta
1558 697 1625 751 ad
1650 696 1950 750 Judteorum

362 799 575 871 collegia
599 797 740 852 illaut
766 796 994 851 traxerit.
1025 794 1089 848 At
1114 795 1201 848 ille
1226 792 1410 847 multos
1429 792 1523 846 sibi
1547 790 1734 843 dixisse
1753 788 1950 858 inquie-

364 897 465 960 bat,
484 891 869 964 jusjurandum,
894 889 1030 961 quod
1050 888 1116 942 ibi
1142 888 1368 953 daretur,
1390 885 1551 955 magis
1572 882 1953 954 formidandum

362 1004 487 1041 esse.
536 986 614 1041 Οὐ
659 1001 773 1054 qute
809 982 1210 1054 ingemiscebam,
1257 989 1303 1035 et
1346 981 1424 1034 ira
1466 979 1782 1043 incendebar,
1833 977 1949 1030 hinc

362 1095 538 1132 rursus
563 1078 809 1131 ridebam.
832 1075 1047 1128 Cernens
1072 1073 1204 1127 enim
1232 1070 1424 1125 diaboli
1445 1070 1684 1124 astutiam
1705 1068 1946 1139 ingemui,

361 1172 495 1239 quod
521 1170 802 1224 hominibus
831 1168 883 1221 id
916 1167 1214 1235 persuadere
1244 1173 1405 1235 posset
1431 1179 1451 1217 :
1477 1162 1795 1217 considerata
1835 1176 1950 1214 vero

361 1278 536 1314 eorum
576 1261 661 1329 qui
704 1258 1075 1330 decipiebantur
1097 1255 1348 1321 socordia,
1375 1252 1643 1317 excandui,
1675 1260 1721 1305 et
1745 1266 1947 1305 eorum-

363 1354 474 1407 dem
502 1362 690 1421 quanta
728 1360 852 1406 esset
889 1349 1108 1403 amentia
1148 1364 1339 1402 mecum
1381 1355 1640 1417 reputans,
1671 1344 1781 1397 risi.
1813 1344 1951 1398 Risit

365 1446 524 1515 igitur
552 1445 659 1510 ille,
689 1445 813 1499 licet
841 1445 915 1498 rei
942 1443 1173 1513 gravitas
1201 1441 1463 1495 adimeret
1485 1437 1697 1507 jocandi
1730 1436 1949 1491 faculta-

366 1548 506 1603 tum;
535 1538 631 1594 sed
654 1538 807 1607 jocus
837 1537 924 1591 ille
948 1535 1077 1590 nihil
1107 1536 1174 1589 de
1199 1533 1455 1604 gravitate
1491 1531 1775 1601 decerpsit.

435 1631 734 1687 Secundam
766 1629 1039 1684 homiliam
1086 1627 1272 1682 decem
1299 1634 1391 1680 aut
1433 1624 1670 1694 pluribus
1696 1622 1892 1692 elapsis
1917 1637 1947 1675 a

366 1722 534 1791 prima
565 1721 752 1775 diebus
793 1719 995 1783 habuit,
1039 1732 1102 1772 ac
1126 1718 1357 1787 quinque
1385 1715 1574 1770 diebus
1615 1724 1759 1779 ante,
1790 1730 1946 1782 quam

365 1813 671 1867 Judteorum
713 1810 970 1879 jejunium
1011 1807 1242 1874 adesset,
1271 1816 1329 1861 ut
1356 1806 1436 1860 sic
1464 1805 1578 1874 ipse
1599 1803 1837 1858 declarat
1866 1804 1949 1857 in-

367 1908 493 1962 itio:
518 1906 847 1976 lllegitimum
874 1904 1028 1974 igitur
1056 1903 1280 1971 ipsorum
1304 1899 1560 1970 jejunium
1592 1906 1702 1965 post
1731 1897 1951 1966 quinque

366 2000 473 2052 dies
501 1998 733 2066 deinceps
753 1996 908 2048 instat
936 2009 954 2047 :
982 2002 1034 2046 at
1058 2008 1150 2062 ego
1175 2000 1292 2044 ante
1310 1990 1479 2044 decem
1500 1987 1626 2053 dies,
1656 1987 1734 2042 vel
1757 1985 1947 2058 plures,

367 2089 757 2143 cohortationem
783 2087 849 2138 ad
873 2102 957 2138 vos
977 2082 1148 2149 habui,
1176 2093 1231 2136 ut
1260 2082 1441 2151 fratres
1464 2088 1649 2135 uestros
1676 2079 1952 2149 praemuni-

366 2200 492 2235 rem.
540 2180 617 2236 Ne
641 2195 769 2235 vero
796 2180 1006 2233 dubites
1036 2178 1171 2232 hanc
1198 2179 1366 2247 ipsam
1397 2190 1537 2241 esse,
1573 2189 1731 2244 quam
1762 2188 1952 2229 secun-

366 2276 487 2328 dam
530 2282 713 2328 contra
751 2272 964 2327 Judteos
1011 2270 1226 2335 habuit,
1277 2269 1397 2322 vide
1458 2266 1724 2337 quomodo
1770 2266 1839 2320 ibi
1883 2265 1952 2320 de

366 2369 535 2438 prima
566 2368 810 2436 loquatur
855 2380 1002 2419 num.
1030 2365 1065 2419 5
1091 2381 1104 2417 :
1139 2361 1256 2416 Non
1284 2361 1496 2415 audistis
1541 2361 1595 2413 in
1626 2360 1782 2429 priori
1825 2375 1949 2412 con—

364 2461 527 2525 cione,
551 2474 703 2526 quam
743 2458 879 2510 clare
908 2456 1057 2527 fuerit
1096 2454 1323 2508 oratione
1362 2451 1776 2516 demonstratum,
1814 2450 1951 2520 ipsas

365 2550 562 2603 animas
588 2547 905 2613 Iudaeorum,
936 2555 982 2600 et
1026 2544 1137 2599 loca
1163 2542 1246 2597 ubi
1289 2552 1673 2614 congregantur,
1704 2558 1737 2593 a
1762 2541 1952 2594 daemo-

366 2642 511 2696 nibus
536 2640 799 2695 habitari?
829 2638 884 2693 Id
909 2652 1059 2699 vero.
1085 2651 1277 2707 nempe
1317 2645 1370 2691 et
1395 2635 1599 2689 animas
1623 2633 1947 2699 Judazorum,

363 2742 418 2787 et
456 2732 571 2787 loca
608 2730 917 2786 eorumdem
943 2745 973 2783 a
998 2727 1334 2784 daemonibus
1369 2725 1614 2791 habitari,
1662 2727 1951 2795 conspicue

364 2836 419 2878 et
443 2823 556 2878 fuse
586 2823 773 2893 probat
796 2822 883 2876 ille
912 2819 1128 2875 homilia
1148 2820 1318 2890 prima
1346 2826 1529 2874 contra
1560 2816 1773 2873 Judteos
1799 2832 1944 2871 utin].

364 2917 402 2972 6
432 2934 442 2969 :
473 2916 543 2970 ita
574 2922 631 2969 ut
655 2925 803 2969 certo
844 2913 1040 2968 certius
1068 2913 1170 2977 sit,
1202 2911 1345 2966 illam
1374 2925 1495 2966 esse
1522 2920 1706 2965 contra
1735 2909 1952 2965 Judreos

366 3010 609 3077 primam,
641 3008 777 3062 hanc
804 3021 933 3062 vero
960 3005 1270 3071 secundam,
1302 3020 1460 3075 quam
1489 3004 1731 3061 dolemus
1756 3004 1823 3059 ad
1851 3019 1951 3060 nos

366 3102 603 3156 mutilam
651 3101 972 3156 devenisse:
1006 3098 1136 3154 nihil
1163 3110 1309 3154 certe
1346 3113 1453 3153 non
1500 3100 1704 3169 egimus
1744 3107 1803 3153 ut
1829 3113 1949 3154 eam

365 3205 561 3249 sariam
589 3202 644 3248 et
674 3203 865 3249 tectam
907 3191 1227 3259 ederemus;
1259 3191 1352 3246 sed
1382 3191 1575 3246 frustra
1616 3206 1827 3247 cessere
1854 3206 1950 3247 co-

367 3296 520 3343 natus
546 3300 751 3341 omnes.

438 3379 670 3435 Tertiam
701 3380 1071 3434 incunctanter
1102 3378 1377 3448 posuimus
1402 3378 1683 3433 llomiliam
1711 3393 1827 3433 eam
1856 3391 1948 3433 cu-

365 3470 449 3540 ius
477 3471 656 3524 titulus
694 3481 796 3535 est,
824 3468 890 3524 In
917 3487 1000 3524 eos
1038 3471 1124 3539 qui
1169 3471 1331 3539 primo
1374 3469 1579 3524 Pascha
1607 3471 1867 3542 jejunant,
1898 3471 1950 3526 id

365 3570 466 3623 est,
492 3570 677 3615 contra
701 3561 1033 3616 Christianos
1057 3560 1195 3627 illos,
1224 3562 1312 3630 qui
1354 3574 1474 3614 cum
1508 3560 1708 3615 Pascha
1733 3560 1953 3615 Judae-

367 3668 484 3705 rum
514 3652 714 3721 aliquot
740 3652 930 3707 diebus
957 3661 1075 3720 post
1108 3651 1309 3706 Pascha
1338 3651 1763 3707 Christianorum
1805 3653 1950 3708 ecfe-

367 3742 568 3805 hratnr,
603 3744 654 3795 in
696 3742 954 3796 Paschate
979 3741 1401 3796 Christianorum
1425 3742 1686 3813 jejunant,
1714 3751 1772 3798 ut
1810 3743 1949 3811 jeju-

368 3836 512 3886 nium
535 3848 701 3902 usque
728 3833 798 3887 ad
828 3833 1024 3887 Pascha
1048 3833 1353 3888 Iudaeorum
1383 3843 1791 3904 prosequantur.
1818 3834 1951 3889 Illud

365 3934 542 3980 autem
572 3941 711 3979 anno
739 3926 981 3994 sequenti
1027 3925 1151 3990 387,
1198 3925 1368 3995 inquit
1394 3924 1828 3997 Chrysostomus,
1860 3941 1950 3981 ac-

365 4016 595 4082 ridebat,
636 4026 817 4086 atque,
863 4026 920 4070 ut
962 4029 1065 4070 tam
1115 4031 1329 4085 pravam
1368 4017 1804 4071 consuetudinem
1853 4018 1952 4071 ab-

365 4111 528 4176 oleat,
572 4109 906 4163 homiliarum
949 4118 1132 4163 contra
1179 4110 1469 4163 Anomceos
1514 4109 1659 4163 etde
1688 4109 1951 4178 Unigeniti

365 4202 534 4270 gloria
558 4216 777 4256 cursum
800 4200 1086 4269 intercipit,
1119 4209 1174 4254 ut
1199 4201 1313 4270 ipse
1339 4200 1489 4254 initio
1518 4200 1750 4255 homilias
1774 4201 1953 4255 det-la-

366 4302 449 4347 tat
476 4293 559 4347 his
583 4293 757 4348 verbis
787 4309 800 4345 :
829 4292 1025 4347 Rursus
1048 4294 1383 4346 necessarium
1410 4292 1665 4362 quoddam
1694 4303 1741 4348 et
1767 4310 1953 4363 urgens

370 4387 640 4458 negotium,
667 4402 837 4439 eorum
856 4401 968 4453 qua:
994 4402 1153 4455 nuper
1178 4385 1313 4439 dicta
1333 4396 1448 4439 sunt
1472 4386 1649 4440 seriem
1674 4372 1974 4450 interrum-‘i

370 4494 510 4547 pens,
527 4477 595 4530 ad
614 4494 667 4531 se
692 4477 965 4531 orationem
984 4478 1220 4543 traducit,
1238 4486 1283 4532 et
1299 4478 1585 4545 asusceptis
1612 4494 1726 4531 cum
1756 4470 1977 4532 hwreti?

369 4572 440 4623 eis
477 4570 827 4624 certaminibus
855 4585 946 4623 nos
971 4569 1191 4623 abducit.
1245 4567 1383 4622 Nam
1422 4586 1513 4623 nos
1541 4569 1740 4638 quidem
1781 4586 1954 4623 rursus

370 4664 431 4716 de
472 4660 722 4733 Unigeniti
764 4661 929 4733 gloria
969 4662 1037 4715 ad
1077 4663 1335 4716 caritatem
1360 4672 1572 4717 vestram
1600 4663 1747 4716 verba
1792 4666 1956 4731 facere

371 4755 536 4825 parati
560 4770 776 4807 eramus.
809 4754 900 4807 llis
928 4769 1086 4823 porro
1111 4754 1346 4808 declarat
1373 4768 1430 4807 se
1454 4753 1562 4823 jam
1594 4754 1827 4809 secundo
1858 4753 1958 4808 Ho-

372 4845 635 4899 miliarum
657 4855 847 4899 contra
869 4842 1158 4901 Anommo's
1179 4860 1391 4899 cursum
1421 4845 1779 4915 interpellare,
1811 4846 1953 4915 quod

371 4952 431 4990 se
458 4937 633 5006 primo
682 4937 868 4991 fecisse
906 4937 1034 4991 dicit
1076 4936 1224 4991 initio
1272 4937 1504 4991 llOlllllitB
1544 4937 1728 5006 primae
1770 4947 1956 4993 contra

370 5028 602 5083 Judteos.
636 5029 843 5083 Etenim
874 5044 994 5083 cum
1027 5029 1249 5099 primam
1290 5039 1477 5084 contra
1507 5030 1796 5085 Anommos
1834 5046 1925 5085 ora

375 5121 577 5174 tionem
619 5119 910 5183 habuisset,
955 5133 1170 5173 cursum
1215 5121 1406 5175 sistere
1446 5130 1662 5174 coactus
1700 5129 1801 5187 est,
1850 5136 1956 5174 non

376 5210 533 5263 modo
586 5220 642 5263 ut
681 5222 863 5264 contra
908 5209 1121 5266 Iudaeos
1167 5220 1521 5274 concertaret,
1572 5212 1711 5281 quod
1754 5213 1959 5267 duabus

377 5302 609 5356 homiliis
640 5303 915 5372 praestitit;
946 5302 1040 5356 sed
1064 5302 1224 5357 etiam
1253 5311 1310 5356 ut
1343 5302 1526 5357 Patres
1554 5303 1842 5372 spirituales
1866 5318 1957 5357 seu

375 5396 655 5464 episcopos
680 5397 902 5459 vicinos,
932 5397 1021 5465 qui
1070 5396 1404 5450 Antiochiam
1447 5406 1721 5463 venerant,
1751 5398 1962 5466 excipe-

376 5499 478 5550 ret,
507 5503 568 5543 ac
599 5498 777 5557 postea
804 5496 1148 5543 occurrentes
1170 5488 1361 5542 multas
1389 5498 1680 5560 martyrum
1709 5490 1961 5543 solemni-

380 5588 513 5632 tates
553 5578 867 5633 celebraret.
909 5579 1023 5642 liis,
1056 5581 1291 5647 inquam,
1323 5580 1569 5634 omnibus
1599 5581 1962 5648 interpellatus

380 5679 463 5724 est
486 5684 516 5723 a
545 5678 718 5738 empta
746 5680 930 5723 contra
963 5673 1250 5724 Auommos
1283 5685 1489 5739 pugna;
1521 5672 1590 5724 ita
1622 5682 1677 5724 ut
1706 5686 1812 5724 non
1844 5684 1961 5724 mo-

382 5759 557 5814 dicunt
587 5760 841 5830 temporis
871 5760 1206 5819 intervallum
1248 5760 1408 5815 fuerit
1452 5762 1672 5831 primam
1702 5762 1838 5813 inter
1866 5759 1952 5815 ho-

390 5851 579 5906 ‘Bllltllll
612 5862 792 5908 contra
821 5853 1107 5908 Anommos
1133 5862 1186 5909 et
1230 5852 1456 5909 tertiam.
1489 5853 1619 5908 Cum
1648 5862 1820 5907 autem
1848 5855 1961 5926 pris

1532 394 1711 451 NUNC.
1751 390 2011 449 PRIMUM
2052 389 2441 446 ADORNATA.

3446 386 3640 457 ‘ms

2056 524 2198 564 mam
2240 520 2424 565 contra
2461 507 2675 567 Jndzeos
2715 510 2986 567 bomiliam
3028 512 3275 571 habuerit
3301 531 3485 574 mense
3518 523 3633 573 Au:-

2053 612 2207 671 gnsto
2250 604 2379 657 anni
2421 602 2543 668 586,
2577 614 2635 658 ut
2673 620 2835 676 supra
2862 605 3131 672 diximus;
3172 609 3460 665 secundum
3510 627 3639 665 vero

2054 694 2285 751 ineunte.
2305 696 2517 750 circiter
2544 694 2862 765 Septembri,
2896 697 3090 764 decem,
3115 700 3190 753 ait
3218 700 3325 765 ille,
3359 711 3446 754 aut
3472 705 3632 771 pluri-

2053 786 2142 839 bus
2165 786 2337 841 diebus
2369 795 2485 856 post
2515 788 2761 860 primam,
2788 804 3030 860 magnam
3071 790 3401 860 Septembris
3430 805 3636 865 partem

2055 878 2403 949 insumpserit
2441 881 2499 935 in
2530 881 2857 951 excipiendis
2906 882 3009 937 illis
3031 884 3219 938 vicinis
3256 887 3540 956 episcopis,
3584 897 3639 941 et

2053 971 2383 1027 celebrandis
2441 982 2734 1045 martyrum
2797 976 3257 1040 solemnitatibus,
3314 994 3643 1049 rursumque

2055 1061 2355 1131 Septembri
2396 1072 2624 1119 exeunte
2652 1080 2838 1120 mense
2866 1082 3092 1137 pugnam
3137 1081 3321 1124 contra
3346 1074 3641 1128 Anemmos

2054 1157 2422 1226 resumpserit,
2462 1173 2618 1227 quam
2638 1199 2653 1225 ,
2684 1159 2766 1213 vel
2795 1160 3029 1215 nondum
3059 1173 3249 1218 exacto
3290 1166 3620 1234 Septembri.

2055 1254 2135 1307 vel
2161 1254 2314 1309 initio
2329 1254 2571 1311 Octobris
2598 1257 2786 1313 iterum
2817 1269 3173 1329 prosequutus
3196 1260 3284 1326 sit,
3312 1268 3561 1331 urgente,
3582 1262 3624 1313 ui

2056 1344 2143 1400 ille
2168 1346 2259 1411 ait,
2289 1349 2605 1404 necessitate
2632 1357 2688 1403 ut
2706 1359 2889 1405 contra
2914 1350 3128 1405 Judaeos
3157 1367 3341 1405 rursus
3364 1364 3641 1406 certamen

2055 1438 2292 1495 haberet.
2339 1441 2421 1494 An
2452 1456 2583 1496 vero
2626 1450 2744 1511 post
2786 1442 3073 1497 secundam
3120 1452 3306 1497 contra
3350 1444 3648 1499 Anomasos

2054 1530 2388 1595 concionem,
2417 1530 2555 1587 hanc
2585 1533 2796 1587 tertiam
2825 1543 3010 1587 contra
3035 1532 3249 1588 Judteos
3278 1534 3537 1595 habuerit,
3570 1550 3637 1587 an

2055 1634 2176 1693 post
2201 1625 2409 1680 tertiam
2451 1627 2535 1681 vel
2585 1637 2710 1698 post
2757 1628 3017 1697 quartam,
3071 1625 3125 1680 id
3177 1627 3331 1696 plane
3379 1627 3648 1681 incertum

2056 1726 2159 1783 est,
2192 1733 2364 1788 neque
2388 1718 2486 1774 hac
2514 1719 2584 1776 de
2610 1735 2670 1775 re
2705 1719 2993 1790 quidquam
3023 1720 3155 1776 certi
3183 1721 3340 1775 statui
3370 1735 3526 1791 posse
3555 1721 3638 1775 vi.-

2057 1809 2232 1864 detur.
3263 1868 3271 1876 _

2123 1900 2202 1955 Ne
2236 1910 2411 1955 autem
2442 1900 2582 1957 hanc
2624 1902 2833 1957 tertiam
2864 1910 3049 1957 contra
3075 1901 3290 1957 Judmos
3325 1902 3636 1957 concionem

2054 1991 2143 2046 diu
2172 2004 2292 2061 post
2320 1992 2690 2062 Septembrem
2719 1993 3085 2059 amandemus,
3116 1993 3400 2063 prohibere
3428 1994 3649 2046 νὶιΙιιιυπ

2054 2082 2467 2151 Chrysostomus
2491 2082 2719 2138 Homilia
2742 2084 2793 2138 in
2815 2082 2956 2139 diem
2980 2084 3216 2139 Natalem
3238 2084 3457 2148 Christi,
3479 2101 3645 2154 quam

2057 2174 2239 2229 habuit
2283 2190 2426 2229 anno
2468 2176 2592 2241 386,
2640 2176 2729 2231 die
2757 2177 3009 2247 vigesima
3053 2177 3237 2248 quinta
3286 2177 3636 2233 Decembris:

2056 2264 2275 2335 Tempus
2303 2277 2470 2319 autem
2510 2278 2615 2321 tum
2640 2278 2768 2333 erat,
2815 2268 3004 2338 inquit,
3037 2269 3152 2338 festi
3181 2267 3640 2323 Tabernaculorum

2055 2366 2103 2410 et
2120 2358 2306 2427 jejunii
2331 2375 2350 2413 :
2380 2358 2473 2412 hoc
2496 2360 2630 2412 enim
2663 2359 2754 2414 illa
2796 2360 2945 2413 verba
2980 2360 3074 2414 sibi
3112 2362 3301 2424 volunt,
3352 2360 3652 2417 llumiliate

2055 2449 2260 2503 animas
2304 2458 2544 2513 vestras;
2593 2451 2744 2521 idque
2772 2469 2804 2505 a
2839 2452 3036 2508 Judteis
3069 2454 3207 2507 circa
3260 2454 3413 2523 ﬁnem
3457 2456 3655 2508 mensis.

2057 2540 2301 2609 Uorpicei,
2347 2541 2401 2594 id
2428 2551 2498 2595 est
2529 2541 2870 2613 Septembris,
2896 2543 3032 2615 quod
3059 2552 3107 2598 et
3134 2559 3219 2599 vos
3257 2546 3525 2611 testantini,
3556 2562 3641 2600 ce-

2057 2633 2358 2688 lebrabatur.
2412 2634 2555 2689 Tunc
2617 2637 2749 2690 enim
2792 2638 2976 2691 multos
3027 2638 3346 2707 prolixosque
3386 2656 3651 2693 sermones-

2056 2738 2230 2781 contra
2252 2726 2462 2783 Judteos
2485 2729 2805 2799 protulimus,
2828 2730 3173 2801 importunum
3200 2749 3373 2786 eorum
3384 2735 3647 2804 jejunium

2056 2831 2369 2875 accusantes.
2404 2821 2484 2875 E0
2525 2822 2703 2892 igitur,
2749 2832 2805 2876 ut
2832 2837 2931 2878 nos
2975 2825 3367 2889 constituimus,
3402 2834 3651 2896 tempore

2056 2910 2153 2966 has
2184 2921 2291 2967 tres
2318 2923 2501 2968 contra
2531 2913 2745 2968 Judmos
2787 2914 3072 2970 conciones
3101 2914 3305 2970 habuit.
3350 2916 3534 2986 Neque
3564 2927 3643 2972 ta—

2055 3020 2177 3059 men
2218 3006 2288 3059 ita
2333 3020 2519 3060 mense
2560 3004 2860 3075 Septembri
2904 3007 3109 3062 habitas
3143 3006 3275 3062 dicit
3316 3007 3412 3062 has
3451 3010 3647 3063 multas

2056 3098 2396 3167 prolixasqne
2438 3097 2707 3165 homilias,
2754 3107 2812 3153 ut
2858 3099 3060 3154 nullam
3102 3110 3247 3166 ante,
3278 3101 3477 3155 nullam
3522 3112 3645 3171 post

2056 3190 2427 3260 Septembrem
2473 3191 2845 3259 pronuntiarit.
2874 3190 3007 3245 Nam
3050 3206 3170 3247 cum
3200 3192 3296 3255 ait,
3324 3190 3469 3245 Tunc
3508 3193 3641 3246 enim

2054 3285 2241 3336 multos
2268 3283 2590 3353 prolixosque
2617 3299 2870 3337 sermones
2900 3292 3074 3336 contra
3103 3282 3315 3339 Judteos
3355 3285 3643 3351 habuimus,

2057 3384 2266 3443 tempus
2291 3374 2504 3428 circiter
2547 3382 2784 3439 annotat,
2816 3389 2989 3444 neque
3032 3374 3279 3430 homilias
3308 3374 3427 3430 illas
3454 3391 3646 3430 omnes

2055 3482 2242 3523 mense
2291 3466 2593 3536 Septembri
2658 3467 3101 3522 circumscribit:
3144 3484 3250 3522 non
3310 3469 3451 3523 enim
3505 3469 3642 3525 solet

2055 3559 2469 3629 Chrysostnmus
2500 3568 2647 3614 tanto
2675 3560 2925 3629 scrupulo
2954 3568 3110 3615 notas
3137 3569 3437 3630 temporum
3465 3560 3640 3615 consi-

2055 3667 2253 3722 gnare,
2304 3659 2365 3706 ut
2407 3651 2605 3721 passim
2649 3651 3073 3707 observavimus.
3125 3652 3258 3706 Cum
3300 3667 3428 3708 vero
3471 3652 3640 3718 dicit,

2058 3745 2240 3798 multos
2270 3744 2589 3813 prolixosque
2624 3760 2896 3809 sermones,
2946 3744 3043 3799 has
3075 3753 3182 3799 tres
3213 3743 3459 3799 homilias
3505 3744 3645 3799 indi-

2056 3851 2180 3892 care
2211 3836 2444 3900 videtur,
2492 3836 2759 3906 etiamque
2810 3836 3037 3892 fortasse
3078 3837 3233 3901 alias,
3278 3853 3398 3907 qua:
3448 3837 3643 3909 injuria

2058 3936 2357 3997 temporum
2404 3927 2811 3982 interciderint:
2845 3943 3031 3997 parum
3079 3929 3221 3983 enim
3264 3928 3461 3993 abfuit,
3514 3931 3643 3999 quin

2058 4017 2288 4072 secunda
2330 4017 2489 4071 etiam
2535 4016 2749 4071 homilia
2799 4018 3034 4086 perierit,
3064 4028 3249 4087 utpote
3287 4033 3406 4087 quae
3453 4019 3506 4073 in
3538 4034 3646 4072 uno

2058 4117 2259 4162 tantum
2288 4108 2486 4163 Codice
2526 4124 2714 4179 magna
2765 4109 2846 4162 sui
2893 4117 3041 4178 parte
3089 4109 3274 4163 mutila
3316 4118 3522 4179 reperta
3554 4111 3641 4164 sit.

2059 4199 2170 4255 lmo
2194 4214 2327 4255 vero
2347 4208 2554 4255 certum
2590 4200 2799 4255 videtur
2827 4201 3026 4271 aliquot
3050 4217 3113 4255 ex
3146 4202 3210 4255 iis
3254 4218 3385 4271 quas
3413 4202 3497 4257 hic
3526 4218 3644 4258 me-

2060 4301 2232 4345 morat
2263 4291 2505 4346 homilias
2533 4292 2863 4347 intercidisse
2890 4309 2904 4355 ;
2938 4308 3059 4346 nam
3090 4294 3142 4345 in
3166 4294 3269 4348 fine
3298 4293 3467 4348 tertia:
3491 4294 3640 4348 dicit:

2040 4382 2502 4449 Quemadmodum
2533 4383 3000 4447 demonstravimus,
3031 4400 3145 4437 cum
3189 4384 3285 4437 hac
3313 4385 3376 4438 de
3404 4401 3459 4438 re
3500 4387 3647 4439 multi

2043 4473 2217 4543 ,habiti
2262 4475 2448 4544 fuerint
2477 4490 2508 4527 a
2537 4491 2615 4528 me
2657 4490 2948 4541 sermones;
2990 4489 3097 4529 non
3141 4474 3219 4529 sic
3262 4475 3555 4541 locuturus,
3600 4478 3645 4531 si

2058 4566 2193 4623 duos
2224 4576 2425 4623 tantum
2455 4567 2553 4623 hac
2594 4568 2663 4623 de
2705 4584 2763 4623 re
2791 4584 3068 4624 sermones
3097 4570 3506 4639 pronuntiasset.
3540 4570 3644 4625 Sed

2060 4674 2189 4715 cave
2214 4668 2366 4729 putes
2395 4675 2516 4714 cum
2558 4659 2826 4714 Frontone
2875 4660 3086 4725 Ducam,
3133 4660 3378 4720 homilias
3414 4661 3649 4731 quinque

2061 4761 2345 4821 sequentes
2376 4751 2456 4805 his
2484 4751 2849 4821 Chrysostomi
2876 4753 3073 4816 verbis,
3101 4752 3285 4822 longos
3305 4755 3648 4825 prolixosque

2065 4860 2340 4900 sermones
2381 4844 2684 4914 signiﬁcari.
2728 4844 2851 4900 Illas
2892 4845 3152 4916 siquidem
3196 4848 3482 4904 conciones
3521 4865 3647 4918 pro-

2060 4936 2323 4991 .nmtiavit
2367 4935 2459 4990 diu
2511 4944 2629 5005 post
2672 4936 2954 4991 llomiliam
3006 4938 3057 4992 in
3104 4937 3343 4993 Natalem
3400 4940 3648 5008 Domini,

2062 5044 2203 5082 anno
2231 5028 2335 5082 586
2381 5026 2647 5093 habitam,
2681 5028 2821 5083 unde
2865 5038 3116 5099 excerpta
3149 5031 3234 5084 illa
3279 5031 3438 5085 verba
3486 5044 3611 5087 sunt

2068 5129 2123 5174 ..ι
2174 5136 2341 5185 mox,
2397 5134 2569 5189 neque
2629 5119 2804 5173 dubiis
2874 5123 3198 5191 argumentis
3261 5123 3435 5192 palam
3494 5123 3652 5180 facie-

2064 5227 2202 5267 mus.

2135 5306 2331 5361 Contra
2356 5303 2499 5359 hunc
2526 5315 2761 5359 nostrum
2786 5306 3046 5362 calculum
3071 5307 3227 5362 dubia
3258 5310 3498 5380 quaedam
3525 5325 3653 5382 pro-

2069 5396 2216 5466 ponit
2247 5396 2307 5449 V.
2338 5397 2419 5451 Cl.
2448 5396 2817 5452 Tilletnontius
2841 5440 2855 5462 ,
2888 5399 3028 5453 circa
3067 5408 3274 5469 tempus
3322 5418 3511 5471 nempe
3550 5420 3657 5473 quo

2069 5488 2282 5543 humilia
2316 5489 2465 5543 tertia
2496 5490 2670 5542 habita
2698 5489 2811 5543 fuit.
2839 5490 2942 5544 Sed
2968 5490 3039 5545 illi
3074 5501 3198 5559 apte
3218 5533 3230 5555 ,
3265 5492 3317 5545 ni
3349 5493 3498 5547 fallor
3523 5534 3537 5557 ,
3566 5510 3655 5549 re-

2068 5580 2376 5650 spondimus
2400 5581 2451 5635 in
2480 5580 2677 5635 Monito
2702 5581 2766 5634 ad
2795 5581 3051 5636 Homilias
3084 5592 3267 5636 contra
3288 5584 3502 5638 .ludmos
3518 5585 3579 5638 Τ.
3603 5587 3654 5646 1,

2070 5685 2116 5723 c.
2140 5668 2244 5725 857
2279 5692 2291 5726 :
2324 5689 2430 5743 quo
2460 5674 2709 5729 lectorem
2734 5674 3070 5728 remittimus.
3096 5673 3276 5745 Longe
3302 5676 3656 5731 difficiliorem

2066 5764 2220 5818 aham
2265 5777 2434 5819 movet
2465 5768 2977 5837 qurestionem,quaz
3004 5782 3156 5825 suam
3205 5770 3400 5838 pariter
3449 5781 3504 5825 et
3559 5788 3659 5825 no-

2072 5870 2231 5913 stram
2263 5861 2577 5913 sententiam
2612 5862 2847 5931 impetat,
2878 5877 2939 5914 ex
2971 5862 3122 5918 titulo
3150 5879 3337 5935 nempe
3365 5864 3521 5936 hujus
3550 5875 3657 5923 tet-
