4122 6386
472 372 571 426 107

467 490 552 540 tia.-
580 485 828 549 humili-aa,
863 485 946 553 qui
974 483 1052 539 sic
1073 484 1248 549 habet,
1275 486 1328 539 in
1348 501 1432 539 eos
1472 487 1556 556 qui
1593 489 1756 556 primo
1799 487 2045 543 Paschate

459 578 715 646 jejunum.
734 576 882 641 Quod
909 586 1083 629 autem
1113 575 1213 629 hoc
1239 575 1352 643 ipso
1379 592 1517 631 anno
1537 578 1593 643 ii,
1624 581 1711 648 qui
1737 579 2043 636 Iudaeorum

464 666 724 720 calculum
777 665 830 718 in
884 665 1141 719 Paschale
1185 667 1560 735 sequebantur,
1613 669 1712 722 etsi
1757 669 2042 725 Christiani

461 766 636 820 crant,
669 756 783 824 ipso
807 755 1077 809 Paschalis
1099 755 1185 810 die
1215 756 1501 824 jejuuaturi
1529 771 1726 823 essent,
1757 761 1834 814 sic
1859 759 2040 815 decla-

462 856 544 899 rat
567 846 979 918 Chrysostomus
1009 862 1151 900 num.
1179 847 1212 900 5
1244 864 1256 898 :
1285 844 1419 900 Ecce
1461 865 1672 918 namque
1702 851 1892 920 primus
1937 853 2042 906 dies

464 940 766 1006 Azymorum
805 937 899 990 hoc
943 953 1076 991 anno
1118 938 1173 991 in
1221 937 1542 993 Dominicam
1584 941 1714 994 diem
1748 942 1942 1010 incidit,
1994 956 2042 999 et

461 1031 664 1083 omnino
681 1047 876 1083 necesse
895 1040 968 1083 est
993 1040 1045 1083 ut
1075 1040 1178 1084 tota
1209 1031 1520 1085 hebdomada
1534 1034 1842 1104 jejunemus,
1862 1044 2040 1091 etcum

459 1119 626 1187 passio
671 1120 960 1190 praeterierit
991 1130 1034 1174 et
1080 1138 1204 1174 crux
1238 1122 1488 1176 advenerit
1517 1138 1562 1177 et
1591 1127 1886 1179 resurrectio
1908 1169 1922 1189 ,
1949 1144 2040 1182 nos

454 1211 624 1264 adhuc
641 1212 933 1282 jejunantes
956 1228 1264 1266 maneamus.
1293 1212 1360 1266 Et
1389 1231 1726 1282 saepenumero
1757 1217 1891 1271 istud
1908 1220 2039 1272 acci-

456 1303 553 1364 dit,
593 1313 646 1356 ut
693 1313 806 1371 post
848 1319 1066 1367 crucem,
1111 1315 1219 1372 post
1255 1306 1703 1372 resurrectionem,
1725 1309 2038 1364 ltebdomada

459 1393 680 1445 nondum
705 1391 956 1459 absoluta,
971 1395 1225 1464 jejunium
1245 1395 1576 1452 observemus.
1603 1398 1725 1453 Hme
1744 1409 1926 1455 contra
1944 1417 2036 1456 eos

455 1485 720 1546 dicuntur,
737 1485 825 1552 qui
845 1484 1104 1554 jejunium
1119 1485 1338 1542 Judaico
1359 1502 1504 1541 more
1521 1490 1820 1556 servabant,
1839 1493 2035 1561 quique

452 1574 737 1643 aliquando
763 1575 814 1628 in
841 1575 956 1644 ipso
987 1577 1243 1632 Paschate
1264 1578 1815 1649 jejuuabant,quando
1836 1584 2036 1638 scilicet

451 1664 756 1719 Judzeorum
778 1666 1010 1722 calculus
1033 1667 1227 1721 Pascha
1247 1669 1548 1738 assignabat
1576 1680 1692 1738 post
1709 1669 2034 1726 Christiano-

455 1773 569 1811 rum
592 1758 810 1812 Pascha.
838 1759 988 1814 Tunc
1037 1762 1177 1814 enim
1207 1761 1486 1816 Christiani
1533 1763 1626 1824 illi,
1676 1764 1766 1833 qui
1814 1763 2032 1820 Judaico

452 1850 556 1902 ritu
582 1848 841 1918 jejunium
864 1851 1163 1916 servabant,
1193 1853 1282 1904 illo
1317 1853 1402 1906 die
1438 1852 1764 1922 jejuuahant,
1793 1869 1898 1924 quo
1923 1871 2030 1909 ca:-

453 1940 550 1994 tcri
576 1941 862 1994 Christiani
887 1941 1088 1996 Pascha
1115 1943 1466 1998 celebrarent.

524 2033 678 2101 Atqui
705 2033 994 2088 secundum
1021 2035 1224 2088 tabulas
1249 2035 1532 2090 Paschalcs
1551 2052 1689 2092 anno
1711 2039 1811 2092 587
1829 2038 2029 2094 Pascha

454 2121 638 2175 incidit
666 2123 814 2179 11125
845 2125 1060 2192 Aprilis,
1105 2141 1296 2192 nempe
1336 2142 1492 2195 quam
1531 2128 1826 2196 tardissime
1857 2138 2030 2198 potest

448 2230 730 2270 occurrere
753 2233 766 2269 :
800 2217 1067 2285 quomodo
1083 2233 1211 2287 ergo
1226 2217 1555 2286 judaizantes
1577 2220 1649 2274 illi
1673 2229 1910 2290 poterant
1925 2222 2029 2278 hoc

447 2322 589 2361 anno
637 2307 688 2360 in
739 2307 940 2362 Pascha
986 2308 1262 2379 jejunare,
1311 2327 1429 2365 cum
1469 2311 1672 2366 Pascha
1724 2312 2026 2368 Judzcorum

451 2414 739 2468 numquam
789 2401 958 2468 possit
996 2400 1133 2454 ultra
1182 2402 1488 2471 vigesimam
1542 2405 1778 2474 quintam
1832 2407 2027 2474 Aprilis

446 2493 763 2547 occurrere?
791 2493 986 2548 Verum
1020 2493 1138 2549 haec
1159 2495 1439 2551 difﬁcultas
1469 2498 1789 2552 certissimas
1818 2508 2026 2568 tempo-

447 2585 522 2637 ris
550 2593 702 2639 notas
753 2601 782 2639 a
818 2586 970 2640 nobis
1011 2587 1324 2641 constitutas
1360 2600 1600 2644 evertere
1645 2590 1846 2660 nequit.
1890 2590 2022 2645 Nam

447 2687 621 2730 utrum
654 2691 866 2745 semper
884 2677 1198 2732 Antiocheni
1234 2679 1526 2734 iuvariabili
1565 2681 1679 2751 lege
1711 2681 2027 2736 Alexandri-

447 2783 634 2821 norum
663 2768 802 2821 circa
854 2766 1055 2823 Pascha
1105 2769 1310 2824 Domini
1351 2771 1611 2825 calculum
1645 2773 1850 2842 sequuti
1896 2774 2020 2838 sint,

444 2875 548 2913 non
577 2860 728 2914 nobis
757 2869 1085 2930 compertum
1113 2870 1196 2916 est
1219 2871 1404 2932 :atque
1430 2864 1636 2919 etiamsi
1661 2864 1867 2934 sequuti
1894 2865 2023 2932 sint,

439 2968 505 3004 an
534 2952 798 3006 affirmare
822 2967 1104 3021 possumus
1123 2969 1410 3022 numquam
1439 2971 1676 3010 errorem
1720 2956 1771 3010 in
1815 2957 2026 3012 calculo

439 3041 810 3095 intercidisse?
853 3043 1008 3097 Certe
1049 3043 1358 3113 Anonymus
1397 3045 1501 3104 ille.
1530 3047 1617 3113 qui
1644 3061 1918 3100 sermones
1972 3048 2021 3100 iu

441 3132 642 3188 Pascha
669 3133 753 3189 Jo.
779 3134 1145 3204 Chrysostomi
1174 3135 1390 3189 nomine
1409 3135 1744 3205 edidit,quos
1771 3137 1821 3190 in
1852 3137 2022 3192 lucem

439 3224 716 3279 emisimus
745 3226 795 3278 in
824 3235 1014 3280 octavo
1042 3225 1211 3280 Tomo
1242 3225 1327 3299 (T.
1359 3227 1414 3282 8.
1445 3245 1490 3281 c.
1518 3226 1614 3281 26l
1643 3227 1661 3298 )
1685 3269 1700 3293 ,
1729 3235 2025 3283 contrarias

437 3333 577 3372 circa
603 3318 910 3373 Paschalem
939 3319 1196 3374 calculum
1215 3319 1504 3375 sententias
1517 3335 1580 3374 co
1595 3319 1713 3389 ipso
1730 3335 1891 3388 anno,
1917 3337 2022 3390 quo

437 3417 551 3478 ipse
578 3410 845 3464 homiliam
895 3427 1042 3466 suam
1087 3411 1142 3466 in
1184 3411 1354 3466 lucem
1402 3411 1568 3478 dedit,
1617 3412 1883 3468 exstitisse
1927 3413 2019 3468 ait.

435 3504 721 3572 Gregorius
743 3519 868 3558 vero
900 3504 1228 3559 Turonensis
1263 3504 1422 3576 (Vide
1463 3504 1669 3576 ibidem)
1698 3521 1800 3560 non
1854 3510 2020 3562 semel

433 3595 685 3650 observat
725 3597 1032 3650 varii-tatem
1081 3597 1220 3649 illam
1263 3597 1402 3651 circa
1430 3596 1569 3650 diem
1603 3597 1875 3652 Paschalis
1915 3613 2012 3652 suo

437 3697 678 3755 tempore
719 3688 769 3741 in
801 3688 1024 3741 diversis
1064 3688 1372 3758 regionibus
1410 3689 1711 3758 contigisse.
1768 3689 2022 3744 Fateatur

433 3787 609 3832 autem
640 3779 739 3832 viri
769 3778 822 3832 in
849 3779 931 3832 his
955 3779 1110 3832 rebus
1141 3780 1445 3848 peritissimi
1475 3795 1710 3835 errorem
1753 3780 2015 3835 interdum

430 3871 484 3926 in
513 3869 728 3925 calculis
766 3869 1068 3939 huiusmodi
1109 3871 1413 3940 contingere
1435 3911 1450 3934 ,
1482 3886 1580 3926 nec
1608 3873 1785 3926 multis
1825 3872 2018 3928 abhinc

431 3964 588 4018 annis
613 3963 898 4034 contigisse
922 4003 937 4027 ,
967 3979 1138 4032 neque
1165 3973 1332 4017 tutum
1352 3979 1564 4033 semper
1585 3979 1702 4018 esse
1735 3975 1884 4020 notas
1912 3965 2016 4020 Pa-

434 4053 642 4107 schalcs
663 4053 781 4106 aliis
816 4053 957 4108 notis
980 4062 1324 4121 anteponere.
1351 4053 1492 4107 Sane
1525 4060 1669 4108 tanta
1697 4054 1904 4109 videtur
1927 4070 2016 4108 eo-

429 4161 548 4198 rum
574 4158 692 4214 qua:
720 4158 879 4212 supra
903 4143 1134 4197 diximus
1152 4142 1392 4209 ﬁrmitas,
1423 4156 1481 4197 ut
1511 4144 1684 4212 potius
1708 4160 1772 4198 ex
1793 4161 2011 4213 compu-

430 4237 629 4290 tatione
655 4243 834 4289 nostra
857 4233 1112 4288 calculum
1131 4234 1441 4287 Paschalem
1462 4234 1744 4304 ejusmodi,
1761 4251 1918 4304 quam
1944 4253 2009 4291 ex

429 4327 634 4381 calculo
673 4326 910 4381 Paschali
959 4334 1144 4379 contra
1193 4326 1644 4394 computationem
1685 4326 1824 4380 illam
1857 4326 2014 4382 liceat

427 4418 739 4472 decernere.

499 4506 647 4561 Liber
667 4516 841 4560 contra
869 4505 1076 4560 Juda’os
1098 4516 1244 4569 atque
1273 4505 1509 4560 Gentiles.
1535 4537 1608 4546 —
1629 4507 1755 4562 Haec
1781 4509 1847 4563 de
1869 4509 2010 4578 prio-

428 4599 573 4652 ribus
599 4598 767 4651 tribus
805 4608 990 4650 contra
1014 4597 1225 4651 Judieus
1255 4596 1517 4661 homiliis,
1547 4614 1664 4667 quae
1709 4599 2007 4668 Septembri

439 4691 564 4744 anni
593 4689 697 4744 386
721 4688 916 4742 habitze
971 4689 1277 4755 sunt,dicta
1313 4699 1489 4743 sunto.
1538 4693 1832 4761 Antequam
1881 4709 2008 4747 vero

425 4781 656 4851 quinque
681 4788 963 4848 sequentes
981 4780 1361 4849 pronuntiaret,
1386 4781 1576 4836 librum
1599 4781 2006 4838 contraJudzeos

425 4883 583 4944 atque
603 4872 839 4928 Gentiles
857 4872 1033 4926 emisit
1055 4873 1437 4942 longissimum,
1457 4890 1628 4944 neque
1647 4875 1695 4928 in
1721 4878 2004 4930 conciones

423 4967 647 5020 divisum
681 4983 694 5018 :
723 4980 880 5034 quem
901 4979 966 5016 an
998 4979 1248 5034 umquam
1276 4965 1446 5032 palam
1464 4975 1515 5019 et
1536 4975 1796 5034 prasente
1812 4967 2005 5036 populo

425 5055 776 5126 pronuntiarit
815 5051 1090 5107 incertum
1114 5063 1213 5107 est.
1249 5053 1354 5106 Sed
1379 5063 1578 5107 certum
1601 5054 1808 5109 videtur
1843 5055 2004 5109 emis-

422 5163 540 5202 sum
571 5146 730 5201 fuisse
754 5145 946 5201 librum
965 5153 1086 5198 ante
1107 5144 1470 5213 Septembrem
1500 5147 1621 5200 anui
1647 5147 1780 5212 587,
1815 5147 2002 5216 utplu-

422 5243 568 5294 rihus
600 5241 653 5294 in
689 5240 888 5294 Monito
902 5245 1351 5292 commonstratur
1379 5237 1463 5307 (T.
1499 5239 1550 5292 1.
1575 5253 1621 5290 c.
1649 5235 1801 5310 8H).

495 5329 552 5384 In
578 5335 678 5387 hoc
700 5347 861 5400 opere
885 5331 1111 5402 plurima
1132 5331 1264 5383 scitu
1285 5330 1589 5399 dignissima
1613 5339 1992 5396 memorantur,

421 5441 539 5496 qua:
569 5440 676 5478 non
712 5423 835 5477 licet
873 5423 1086 5477 silentio
1132 5421 1554 5490 praetermittere.
1586 5420 1771 5490 Agitur
1814 5421 1902 5475 hic
1927 5421 1997 5477 de

425 5518 700 5572 divinitate
720 5515 934 5580 Christi,
961 5529 1116 5584 quam
1133 5513 1375 5568 Anomtei
1396 5512 1588 5580 aliique
1606 5525 1791 5566 omnes
1814 5513 1994 5567 Ariani

423 5611 507 5665 vel
539 5609 818 5680 negabant,
847 5623 966 5660 cum
1003 5606 1242 5660 dicerent
1281 5604 1546 5658 Christum
1590 5603 1754 5657 Deum
1781 5601 1992 5671 quidem

423 5717 566 5765 esse,
597 5700 691 5756 sed
721 5715 824 5754 non
854 5713 978 5751 vere
1007 5696 1202 5759 Deum;
1232 5694 1315 5748 vel
1339 5709 1432 5748 ore
1459 5703 1657 5747 tantum
1681 5703 1835 5746 tenus
1867 5708 1994 5746 con-

425 5793 726 5859 ﬁtebantur,
771 5803 892 5844 cum
935 5786 1082 5841 illum
1123 5783 1429 5855 simpliciter
1480 5784 1643 5840 Deum
1691 5782 1988 5839 tocabant:

1556 373 1614 430 S.
1655 373 1930 430 JOANNIS
1958 372 2430 432 CHRYSOSTOMI
2477 380 2626 435 VITA
2649 424 2664 447 ,

3627 395 3724 448 103

2159 490 2326 548 Judtei
2348 511 2474 550 vero
2506 507 2663 566 atque
2691 500 2911 566 gentiles
2942 501 3142 571 absque
3171 502 3277 556 ullo
3308 514 3722 572 temperamento

2150 585 2476 652 rejiciebant.
2500 587 2716 645 Orditur
2742 601 2917 647 autem
2938 594 3121 649 dicens
3145 611 3203 651 se
3223 597 3414 652 librum
3443 599 3581 656 hunc
3603 603 3723 657 hrc-

2149 679 2295 733 viore
2338 678 2674 752 facilioreque
2715 686 2852 755 stylo
2898 689 3238 754 concinnare,
3287 701 3342 746 ut
3379 693 3463 748 vel
3507 697 3720 750 ancilla-

2149 783 2286 832 rum,
2335 770 2632 836 viduarum,
2678 787 2986 840 nautarum,
3029 779 3375 848 agricolarum
3417 784 3591 852 captui
3633 803 3719 841 ac-

2147 860 2531 916 commodatior
2564 874 2724 919 esset.
2766 866 2901 921 Hinc
2948 879 3133 924 contra
3183 873 3407 942 gentiles
3447 876 3716 946 Evangelii

2146 949 2419 1004 veritatem
2441 952 2645 1020 probat,
2665 957 2804 1025 quod
2826 961 3248 1028 oppugnantibus
3269 963 3394 1018 licet
3417 967 3718 1025 nationibus

2146 1039 2422 1102 universis.
2451 1058 2546 1111 per
2571 1053 2736 1099 totum
2769 1048 2952 1103 orbem
2984 1053 3302 1118 pervaserit;
3336 1056 3404 1109 ita
3433 1065 3489 1110 ut
3511 1059 3558 1111 in
3590 1059 3717 1113 Per—

2143 1129 2258 1184 side
2296 1147 2525 1201 quoque,
2573 1135 2660 1189 ubi
2707 1147 2996 1207 martyrum
3050 1141 3234 1209 ingens
3287 1159 3538 1200 numerus
3577 1160 3713 1213 erat,

2142 1223 2443 1290 evangelica
2466 1225 2770 1292 praedicatio
2808 1227 3039 1284 ﬂoreret.
3069 1230 3261 1286 Christi
3291 1235 3578 1293 adventum
3608 1256 3712 1294 non

2142 1310 2302 1364 modo
2333 1316 2740 1380 przenuntiatum
2780 1318 2940 1374 fuisse
2964 1321 3111 1385 dicit,
3153 1324 3246 1378 sed
3271 1326 3432 1380 etiam
3457 1328 3716 1384 adventus

2142 1403 2355 1456 modum
2378 1415 2431 1459 et
2445 1408 2676 1474 gentium
2699 1423 3013 1465 concursum
3026 1412 3091 1466 ad
3110 1413 3265 1468 ﬁdem
3287 1417 3671 1486 suscipiendam
3696 1437 3710 1483 ;

2140 1494 2212 1547 ita
2241 1503 2297 1547 ut
2323 1495 2468 1550 orbis
2489 1496 2599 1566 jam
2627 1508 2766 1553 totus
2807 1500 2859 1554 in
2901 1501 3170 1557 Bethleem
3201 1504 3450 1572 conﬂuat,
3480 1517 3536 1561 ut
3558 1521 3711 1562 nata-

2140 1583 2262 1637 lium
2295 1584 2470 1640 locum
2495 1598 2792 1643 veneretur.
2834 1589 3046 1646 Judazos
3071 1601 3246 1649 tamen
3273 1594 3448 1650 adhuc
3476 1598 3712 1667 ingratos

2138 1691 2372 1742 manere,
2405 1686 2463 1732 ut
2503 1679 2555 1732 in
2595 1680 2777 1735 multis
2811 1680 3098 1752 Scriptura:
3147 1684 3278 1739 locis
3305 1686 3707 1755 pnediccbatur.

2136 1768 2468 1836 Sepulturam
2496 1785 2708 1840 quoque
2736 1771 2932 1828 Christi
2968 1776 3373 1844 prmnuntiatam
3399 1777 3562 1834 fuisse
3589 1795 3714 1850 pro-

2137 1858 2326 1914 batur:
2353 1876 2558 1916 necnon
2584 1863 2866 1918 mittendos
2882 1864 2993 1919 fore
3013 1867 3270 1936 evangelii
3292 1883 3585 1936 prmeones.
3615 1875 3704 1939 qui

2138 1959 2304 2006 totum
2347 1961 2608 2008 terrarum
2650 1954 2832 2009 orbem
2873 1954 3150 2026 disciplina
3178 1956 3373 2012 Christi
3419 1961 3703 2029 replerent.

2135 2042 2436 2113 Probatque
2465 2045 2676 2099 Petrum
2707 2055 2761 2100 et
2799 2046 3021 2101 Paulum
3052 2048 3261 2118 regibus
3295 2057 3348 2103 et
3377 2048 3707 2119 imperatori-

2135 2134 2233 2189 bus
2257 2137 2486 2205 majores
2511 2137 2938 2208 potentioresque
2982 2137 3174 2203 fuisse,
3219 2140 3304 2208 qui
3350 2139 3492 2209 leges
3522 2157 3704 2196 eorum

2133 2227 2534 2296 abrogaverint,
2578 2230 2729 2299 queis
2755 2228 2955 2285 Christi
3000 2241 3262 2301 pra-cepta
3300 2233 3705 2289 substituerunt.

2131 2315 2403 2371 Judaicum
2425 2319 2637 2372 ‘cultum
2675 2319 3033 2388 abrogandam
3063 2318 3176 2375 fore
3215 2335 3246 2374 a
3275 2322 3545 2391 prophetis
3573 2338 3705 2392 pra:—

2134 2411 2428 2465 nuntiatum
2472 2408 2632 2464 fuisse
2659 2410 2881 2478 probat,
2929 2410 3265 2481 futurumque
3303 2413 3445 2466 orbis
3475 2415 3702 2468 universi

2125 2500 2406 2569 judicium.
2454 2501 2668 2555 Demum
2709 2501 2880 2555 crucis
2909 2500 3103 2555 Christi
3132 2504 3486 2569 prmstantiam
3516 2513 3570 2558 et
3603 2504 3702 2558 ho-

2131 2606 2317 2645 norem
2346 2591 2577 2659 pluribus
2606 2591 2818 2644 indicat.
2851 2590 3189 2659 Imperatores
3212 2593 3362 2656 enim,
3396 2594 3583 2662 inquit,
3608 2611 3702 2664 po-

2130 2685 2225 2737 sito
2247 2683 2547 2748 diademate,
2579 2699 2776 2736 crucem
2803 2685 3099 2753 suscipiunt,
3126 2683 3408 2755 symbolum
3435 2687 3608 2740 mortis
3635 2687 3702 2739 il-

2132 2776 2230 2830 lius
2251 2792 2268 2828 :
2289 2777 2342 2828 in
2373 2791 2598 2844 purpura
2629 2791 2781 2841 crux,
2818 2775 2869 2826 in
2897 2774 3176 2828 diademate
3204 2792 3361 2837 crux,
3403 2777 3452 2828 in
3479 2776 3702 2845 precibus

2130 2882 2273 2932 crux,
2304 2866 2357 2918 in
2385 2866 2538 2919 armis
2563 2880 2721 2929 crux;
2747 2875 2791 2918 et
2813 2864 2988 2934 ubique
3015 2875 3260 2918 terrarum
3280 2881 3406 2918 crux
3425 2867 3537 2935 plus
3557 2883 3705 2934 quam

2131 2958 2207 3011 sol
2233 2957 2468 3027 refulget.
2499 2955 2677 3026 Pergit
2696 2970 2823 3010 vero
2852 2955 2918 3009 de
2939 2970 3095 3010 cruce
3125 2955 3379 3024 loquens;
3412 2956 3538 3010 dicit
3562 2958 3700 3025 prin-

2130 3050 2274 3118 cipes
2299 3058 2354 3103 et
2381 3048 2618 3103 subditos
2638 3090 2653 3114 ,
2696 3048 2944 3102 mulieres
2969 3048 3192 3102 et'viros
3210 3088 3225 3113 ,
3255 3049 3482 3117 virgines
3510 3059 3564 3104 et
3598 3065 3704 3103 nu-

2131 3151 2282 3208 ptas,
2315 3154 2500 3194 servos
2530 3147 2584 3194 et
2611 3139 2804 3193 liberos
2846 3139 3050 3207 signum
3091 3140 3265 3192 crucis
3301 3138 3561 3194 frontibus
3600 3141 3700 3194 im-

2129 3232 2376 3300 primere,
2407 3245 2470 3284 ac
2493 3230 2635 3283 viros
2661 3230 3012 3298 mulieresque
3038 3245 3177 3283 vera:
3196 3231 3367 3284 crucis
3394 3232 3696 3299 particulam

2127 3335 2260 3374 auro
2287 3319 2539 3373 inclusam
2569 3333 2602 3372 a
2629 3319 2764 3372 collo
2791 3319 3132 3386 suspendere.
3175 3318 3500 3388 Demumque
3526 3331 3700 3375 narrat

2128 3412 2360 3475 Judmos,
2387 3411 2594 3466 favente
2619 3412 2717 3465 sibi
2745 3412 3083 3480 lmperatore,
3115 3412 3202 3482 qui
3225 3427 3408 3466 omnes
3434 3414 3700 3482 impietate

2127 3503 2431 3573 superabat,
2463 3518 2652 3572 nempe
2677 3502 2885 3556 Juliano
2913 3504 3180 3573 Apostata,
3213 3505 3460 3573 templum
3491 3517 3696 3560 restau-

2129 3609 2246 3647 rare
2277 3593 2466 3647 frustra
2498 3594 2800 3648 tentavisse.

2196 3684 2438 3753 Quinque
2476 3699 2602 3738 vero
2638 3694 2920 3752 sequentes
2965 3694 3147 3739 contra
3193 3684 3403 3740 Judaeos
3455 3685 3696 3740 homilias

2125 3775 2211 3828 ditt
2243 3785 2360 3844 post
2387 3776 2738 3830 intermissam
2785 3787 2968 3830 contra
2994 3777 3208 3832 eosdem
3250 3779 3692 3832 concertationem

2125 3866 2330 3920 habitas
2373 3867 2533 3921 fuisse
2581 3867 2876 3922 subindicat
2926 3869 3037 3936 ipse
3083 3867 3495 3940 Chrysostomus
3547 3871 3694 3923 initio

2123 3968 2353 4028 quartas,
2385 3957 2468 4011 his
2495 3958 2705 4012 verbis:
2738 3958 2934 4013 Rursus
2958 3959 3180 4028 infelices
3210 3961 3286 4014 illi
3314 3963 3694 4032 mortaliumque

2123 4048 2386 4100 miserrimi
2404 4046 2575 4101 Judaei
2592 4050 2879 4119 jejunaturi
2905 4059 3022 4102 sunt
3044 4068 3063 4103 :
3090 4067 3264 4104 rursus
3289 4050 3472 4105 Christi
3493 4069 3691 4122 gregem

2123 4139 2406 4191 muniamus
2445 4154 2640 4191 necesse
2675 4148 2766 4192 est.
2815 4139 2918 4195 Sed
2966 4153 3148 4208 aperte
3193 4141 3430 4195 declarat
3479 4142 3692 4195 homilia

2121 4241 2268 4283 sexta
2311 4246 2456 4283 num.
2499 4231 2569 4283 ϐξ
2619 4229 2755 4297 Quid
2799 4241 2962 4285 autem
3005 4231 3180 4302 loquor
3223 4231 3284 4285 de
3330 4233 3689 4299 prtedonibus.’

2120 4326 2342 4392 profecto
2382 4323 2518 4375 scitis
2547 4339 2715 4376 omnes
2755 4338 2815 4376 ac
2843 4322 3166 4388 meministis,
3195 4323 3393 4393 quando
3422 4324 3561 4394 apud
3593 4341 3688 4377 nos

2116 4413 2342 4467 scelerati
2360 4414 2561 4483 quidam
2583 4424 2626 4467 et
2658 4413 3043 4482 praestigiatores
3066 4422 3256 4467 statuas
3277 4414 3516 4484 principis
3545 4415 3655 4484 tlcje

2117 4515 2306 4566 cerunt.
2337 4521 2434 4572 quo
2465 4514 2609 4573 pacto
2636 4521 2734 4558 non
2763 4505 2840 4558 illi
2863 4513 3075 4568 tantum,
3099 4505 3186 4576 qui
3211 4505 3405 4573 [acinus
3430 4507 3540 4558 ausi
3571 4507 3681 4574 fue-

2117 4606 2264 4660 rant,
2294 4594 2382 4648 sed
2405 4604 2643 4664 quotquot
2668 4595 2961 4664 simpchiter
2996 4600 3260 4664 praesentes
3298 4596 3547 4665 conspecti
3574 4599 3685 4665 [uec

2116 4697 2266 4754 rant,
2310 4688 2546 4757 quoniam
2573 4688 2865 4741 videbantur
2903 4688 3005 4741 illis
3047 4689 3305 4752 assentiri,
3353 4689 3405 4742 in
3433 4689 3686 4758 judicium

2113 4779 2338 4848 abrepti,
2367 4778 2612 4847 simulque
2636 4795 2751 4832 cum
2780 4779 2881 4832 illis
2907 4779 3140 4841 abducti,
3184 4789 3399 4832 extremo
3435 4778 3684 4846 supplicio

2112 4878 2228 4922 sunt
2247 4867 2432 4934 a/fecti.
2459 4869 2553 4922 llic
2572 4878 2914 4923 memoratam
2931 4869 3169 4923 videmus
3190 4869 3326 4922 illam
3353 4869 3681 4936 tragoediam,

2114 4975 2233 5029 quze
2262 4975 2355 5028 per
2397 4968 2559 5014 totam
2589 4960 3052 5029 Quadragcsimam
3083 4959 3206 5014 anni
3249 4960 3373 5022 537,
3406 4960 3684 5013 occasione

2110 5051 2435 5117 dejectarum
2466 5061 2787 5114 statuarum,
2815 5052 3107 5106 Antiochia:
3129 5052 3428 5121 speetaculo
3457 5050 3584 5114 fuit,
3614 5049 3679 5103 de

2109 5159 2210 5213 qua
2237 5144 2468 5212 pluribus
2489 5160 2586 5197 suo
2610 5144 2741 5199 loco.
2773 5145 2894 5198 llaec
2915 5159 3073 5213 porro
3093 5153 3238 5198 sexta
3266 5145 3478 5198 humilia
3502 5143 3678 5198 habita

2107 5244 2187 5289 est
2215 5237 2327 5305 ipso
2350 5235 2540 5311 jejuuii
2571 5235 2870 5290 Judmorum
2900 5235 2985 5290 die
3005 5278 3019 5300 ,
3048 5246 3104 5289 ut
3129 5236 3240 5304 ipse
3269 5234 3677 5305 Chrysostomus

2108 5327 2234 5381 dicit
2261 5330 2313 5380 in
2346 5328 2449 5381 ﬁne
2472 5344 2487 5381 :
2517 5337 2702 5397 quarta
2729 5327 2915 5382 decem
2939 5327 3149 5383 circiter
3182 5327 3366 5382 diebus
3392 5338 3512 5380 ante
3539 5327 3676 5396 jeju-

2107 5419 2251 5473 nium
2274 5435 2289 5473 τ
2321 5420 2501 5488 quinta
2523 5419 2860 5482 intermedio,
2886 5428 3024 5474 utex
3049 5419 3286 5473 ordiendi
3310 5419 3466 5472 modo
3491 5419 3672 5488 liquet,

2111 5521 2349 5579 tempore
2374 5528 2386 5563 :
2412 5511 2654 5580 septima,
2679 5511 2908 5564 nondum
2931 5511 3171 5565 absoluto
3186 5510 3486 5564 Judteorum
3511 5512 3675 5563 festo:

2106 5613 2292 5656 octava
2312 5642 2325 5664 ,
2372 5614 2491 5670 post
2513 5601 2770 5670 jejunium
2810 5611 2863 5655 et
2891 5602 3114 5665 festum;
3146 5601 3215 5654 ita
3261 5611 3316 5655 ut
3345 5617 3408 5654 ex
3449 5601 3680 5670 Chryso-

2109 5692 2268 5746 stomi
2295 5690 2469 5746 verbis
2492 5690 2638 5746 clare
2662 5691 2940 5761 colligatur
2961 5707 3083 5746 eum
3113 5691 3284 5744 minus
3308 5705 3464 5760 quam
3497 5689 3677 5759 viginti

2104 5782 2307 5838 dierum
2338 5784 2506 5854 spatio
2541 5783 2772 5852 quinque
2801 5792 3094 5853 postremas
3124 5791 3305 5838 contra
3334 5779 3544 5836 Judtcos
3571 5780 3667 5835 bo-
