4122 6386
374 461 472 517 169

372 576 543 626 milias
581 587 761 627 mense
801 571 1095 639 Septembri
1134 571 1440 625 absolvisse.
1481 572 1588 625 llac
1628 574 1692 627 de
1723 590 1780 627 re
1803 574 1943 637 diffi-

370 665 537 716 cultas
571 664 713 715 nulla
755 662 979 714 suboriri
1011 671 1201 729 potest.
1238 662 1418 717 Utrum
1451 674 1625 716 autem
1653 680 1791 717 anno
1816 666 1943 731 587,

370 758 557 810 eodem
606 768 909 809 recurrcnte
946 756 1180 822 jejunio,
1225 753 1372 823 cujus
1402 770 1557 809 causa
1598 767 1704 810 tres
1749 756 1948 824 priores

373 846 615 898 homilias
654 860 792 898 anno
832 846 1071 914 proximo
1097 844 1377 907 habuerat,
1426 844 1521 899 has
1556 846 1787 915 quinque
1813 862 1946 899 con-

373 937 554 989 ciones
584 936 1020 1005 prooun‘tiaverit,
1050 936 1147 989 etsi
1176 951 1277 988 non
1308 936 1524 1004 perinde
1548 946 1749 989 certum
1782 936 1947 991 habe-

374 1035 477 1088 tur,
504 1027 720 1079 omnino
752 1038 924 1079 tamen
950 1026 1217 1093 probabile
1244 1035 1353 1079 est.
1383 1026 1440 1078 In
1470 1026 1654 1079 barum
1680 1039 1821 1079 certe
1848 1026 1947 1079 ho-

372 1116 634 1169 miliarum
656 1117 881 1170 decursu
908 1126 1195 1186 martyrum
1219 1118 1498 1169 memorias
1518 1130 1803 1170 occurrere
1823 1116 1949 1170 dicit

373 1217 585 1261 sanctus
628 1207 833 1271 doctor,
867 1205 1310 1274 quemadmodum
1350 1215 1405 1259 et
1446 1207 1497 1258 in
1540 1207 1804 1274 prioribus
1846 1207 1950 1260 illis

371 1298 715 1351 coacionibus
738 1298 862 1350 anni
896 1297 999 1351 586
1028 1316 1039 1349 :
1071 1313 1201 1363 quas
1229 1312 1409 1351 mense
1437 1297 1732 1365 Septembri
1765 1312 1823 1351 se
1852 1297 1947 1349 ha-

374 1389 550 1441 buisse
582 1387 907 1441 testificatur.
960 1386 1280 1455 V'itleturque
1324 1386 1731 1456 Chrysostomus
1769 1387 1949 1441 .ludai-

372 1496 489 1533 cum
523 1480 784 1544 morbum,
818 1479 1233 1532 Christianorum
1256 1479 1607 1549 quorumdam
1637 1481 1828 1533 animis
1856 1480 1947 1533 ad-

374 1573 474 1625 huc
512 1571 833 1635 luerentetn,
867 1570 951 1623 cui
994 1570 1249 1624 medicam
1302 1586 1513 1624 manum
1544 1586 1684 1624 anno
1722 1571 1825 1625 586
1853 1571 1947 1624 ad-

376 1672 632 1724 moverat,
682 1677 821 1714 anno
866 1662 1023 1715 etiam
1057 1661 1351 1730 insequenti
1397 1661 1604 1729 penitus
1638 1676 1825 1714 curare
1850 1676 1946 1713 vo-

376 1756 573 1809 luisse:
608 1755 883 1822 ipsumque
911 1753 1140 1806 homiliae
1176 1763 1375 1819 quarta:
1410 1751 1720 1814 exordium,
1754 1751 1949 1805 Rursus

374 1846 543 1898 ,Ιηάωὶ
562 1847 841 1915 jejunaturi
866 1854 981 1897 sunt
1001 1886 1014 1906 ,
1048 1844 1288 1899 eamdem
1322 1845 1561 1912 proxime
1589 1854 1946 1898 recurrentem

374 1937 495 1989 anni
516 1945 876 2003 tempestatem
907 1951 1123 2004 prorsus
1150 1936 1448 2006 significare
1473 1935 1707 1989 videtur.

447 2030 574 2097 Qum
599 2042 781 2083 contra
811 2031 1098 2081 Anomteos
1130 2039 1181 2083 et
1205 2040 1388 2083 contra
1415 2028 1630 2084 Judteos
1655 2029 1808 2083 annis
1844 2028 1949 2083 586

374 2131 425 2174 et
452 2122 554 2173 587
598 2121 758 2181 dixit,
809 2130 862 2172 et
896 2120 1106 2189 quidem
1138 2135 1241 2173 non
1284 2121 1449 2175 semel
1489 2120 1709 2174 alternis
1746 2119 1949 2173 vicibus

380 2212 642 2265 interdum
672 2209 738 2263 de
774 2227 897 2269 uno,
932 2210 1191 2264 interdum
1220 2211 1286 2264 de
1312 2212 1416 2265 alio
1442 2221 1781 2277 argumento,
1817 2224 1947 2263 con-

379 2302 604 2352 tinenter
648 2307 701 2351 et
742 2314 843 2351 una
887 2300 1024 2353 serie
1070 2300 1377 2366 referenda,
1428 2316 1527 2353 nec
1570 2300 1947 2367 intercipienda

375 2389 657 2452 duximus,
703 2391 878 2443 missis
922 2392 1039 2444 aliis
1086 2392 1281 2446 diversi
1335 2392 1629 2461 argumenti
1674 2390 1945 2456 homiliis,

376 2498 504 2548 quas
533 2498 625 2552 per
652 2483 776 2537 illud
811 2485 1063 2552 temporis
1099 2486 1323 2551 spatium
1346 2486 1411 2537 ad
1442 2484 1692 2552 populum
1730 2483 1907 2535 habuit
1929 2523 1943 2543 ,

378 2589 440 2624 nc
469 2575 577 2636 rei,
610 2590 725 2642 qua:
754 2574 989 2641 ejusdem
1021 2576 1311 2643 argumenti
1349 2586 1498 2641 erat,
1541 2591 1749 2628 cursum
1782 2576 1945 2627 inter-

378 2664 710 2730 prilaremus.
740 2665 1093 2730 Quamobrem
1121 2666 1404 2734 repetenda
1439 2676 1563 2720 sunt
1586 2681 1646 2719 ea
1668 2708 1680 2726 ,
1710 2682 1827 2733 quae
1856 2681 1947 2731 per

379 2754 499 2806 illud
549 2756 798 2823 temporis
845 2756 1179 2809 interstitium
1228 2758 1499 2820 tractavit,
1544 2773 1766 2825 quorum
1817 2773 1946 2809 non-

378 2845 513 2895 trulla
552 2862 653 2897 non
686 2846 937 2911 minoris,
988 2847 1093 2899 imo
1140 2847 1357 2915 majoris
1401 2846 1653 2899 momenti
1696 2860 1812 2900 eSse
1854 2861 1945 2914 pu-

379 2945 573 2989 tantur.

448 3027 673 3081 Ilomilia
708 3029 770 3081 de
806 3031 1150 3083 Analhemate.
1182 3060 1253 3069 —
1282 3029 1455 3081 Primo
1500 3040 1675 3083 autem
1719 3028 1945 3082 occurrit

376 3119 597 3174 llomilia
637 3119 703 3174 de
732 3121 1114 3180 Anathemate.
1156 3136 1310 3189 quam
1360 3130 1476 3188 post
1518 3121 1720 3174 tertiam
1760 3129 1943 3173 contra

374 3212 660 3266 AnonttBOS
686 3228 742 3265 se
768 3213 1211 3280 pronuntiavisse,
1244 3228 1341 3265 nec
1364 3212 1588 3265 obscure
1621 3211 1856 3265 declarat
1894 3211 1943 3263 in

375 3302 653 3371 principio,
685 3313 742 3356 ut
766 3304 815 3356 in
839 3303 1033 3356 Monito
1060 3304 1391 3370 probavimus
1416 3302 1502 3372 (T.
1532 3304 1579 3355 1.
1608 3318 1653 3353 c.
1684 3300 1779 3353 9M
1808 3306 1857 3370 );
1891 3314 1945 3356 ut

375 3400 564 3469 nempe
593 3395 802 3456 sedaret
843 3397 1165 3456 simultatem
1214 3397 1480 3455 snbortam
1509 3396 1634 3456 olim
1677 3397 1812 3455 inter
1838 3396 1946 3456 Me-

378 3493 599 3545 lctianos
627 3502 677 3546 et
703 3493 1035 3548 Paulinianos
1066 3505 1315 3563 utrosque
1344 3493 1662 3560 Catholicos,
1694 3511 1811 3563 qua:
1840 3496 1947 3549 dis-

375 3583 556 3637 cordia
584 3584 681 3637 sub
709 3584 980 3650 Flaviano,
1008 3594 1060 3638 ct
1086 3585 1149 3639 ad
1177 3586 1387 3653 longum
1418 3598 1596 3654 postea
1618 3596 1823 3654 tempus
1852 3602 1946 3640 ev-

377 3683 537 3727 tracta
568 3682 668 3727 est.
718 3674 819 3729 Sed
849 3675 915 3729 ad
944 3676 1157 3730 lectoris
1194 3677 1530 3730 commodum
1569 3694 1656 3732 res
1697 3680 1763 3732 ab
1794 3680 1945 3733 initio

374 3764 575 3819 dissidii
604 3766 887 3836 repetenda
917 3776 1017 3820 est.

446 3857 747 3911 Eustathius
774 3858 1158 3923 Autiochcnus,
1187 3861 1269 3913 vir
1292 3871 1503 3914 sanctus
1530 3870 1581 3914 et
1605 3861 1907 3915 Catholicus
1926 3904 1941 3927 ,

376 3952 599 4020 ideoque
630 3952 839 4006 Arianis
874 3954 1074 4006 invisus
1095 3994 1108 4016 ,
1139 3954 1370 4021 ipsorum
1399 3969 1556 4022 opera
1584 3964 1638 4007 et
1664 3954 1944 4008 calumniis

374 4041 643 4107 depositus
669 4042 720 4095 in
763 4042 1115 4111 exsiliumque
1145 4054 1294 4095 actus
1336 4043 1536 4104 fuerat.
1569 4059 1707 4096 anno
1734 4046 1945 4099 circiter

375 4133 503 4195 530;
536 4135 586 4186 in
616 4134 834 4204 ejusque
861 4134 1029 4187 locum
1060 4134 1371 4189 substitutus
1396 4135 1561 4189 fuerat
1581 4137 1713 4189 alius
1739 4137 1942 4204 episco-

376 4239 471 4292 pus
528 4225 801 4278 Arianus:
852 4226 1206 4295 deincepsque
1255 4227 1556 4279 continuata
1605 4229 1942 4281 successione

375 4315 609 4379 ejusdem
640 4326 798 4370 sect:e
836 4317 1066 4384 episcopi
1094 4317 1472 4371 Antiochenam
1500 4327 1714 4371 tenuere
1737 4319 1939 4382 sedem,

374 4402 655 4461 (Izuiliolicis
702 4408 906 4461 interim
962 4425 1079 4462 cum
1133 4409 1481 4462 Eustathiano
1523 4410 1666 4462 clero
1712 4412 1934 4463 seorsim

373 4499 624 4552 collectas
664 4499 971 4568 agentibus,
1015 4501 1183 4554 donec
1225 4501 1400 4553 Ariani
1446 4498 1741 4565 Meletioni,
1785 4517 1938 4566 quem

376 4590 408 4642 h
431 4590 562 4644 rresi
590 4606 697 4643 sua:
718 4591 979 4644 addictum
1010 4592 1283 4660 putabant,
1315 4593 1364 4645 in
1396 4595 1697 4660 episcOptnn
1729 4596 1942 4646 ordina-

376 4690 515 4733 runt.
548 4680 944 4749 Peropportune
980 4698 1104 4736 vcro
1129 4683 1317 4734 cecidit
1358 4692 1412 4733 nt
1440 4684 1547 4749 ipso
1580 4699 1679 4734 non
1709 4682 1943 4735 Catholi-

377 4786 468 4823 cus
494 4769 681 4836 modo,
712 4771 803 4825 sed
830 4756 987 4825 etiam
1019 4790 1079 4824 ex
1112 4773 1509 4825 ferventiorihns
1546 4772 1832 4824 Catholicis
1859 4788 1942 4824 es-

376 4871 471 4915 set.
502 4863 569 4916 At
594 4877 713 4915 cum
746 4872 923 4931 postea
948 4864 1326 4932 comperissent
1354 4865 1521 4931 ipsum
1549 4863 1832 4917 Catholicze
1865 4865 1937 4915 rei

374 4952 632 5007 vindicem
654 4993 669 5013 ,
698 4954 1011 5023 Arianisque
1049 4954 1305 5007 infensum
1335 4970 1452 5008 esse
1472 4996 1484 5015 ,
1527 4953 1694 5006 virum
1727 4956 1774 5005 iu
1804 4958 1941 5005 exsi-

374 5044 499 5096 lium
540 5044 665 5113 pelli
707 5054 927 5107 curant,
973 5045 1023 5097 in
1054 5045 1272 5114 ejusque
1314 5047 1480 5099 locum
1517 5046 1763 5098 Euzoium
1793 5047 1941 5098 Aria-

373 5150 497 5186 num
525 5135 865 5188 substituunt.
896 5135 1043 5189 Tunc
1074 5152 1198 5189 vero
1239 5147 1345 5190 tres
1384 5138 1433 5189 in
1482 5147 1654 5203 partes
1691 5138 1937 5190 distraeta

372 5224 559 5277 civitas
590 5224 683 5277 fuit
708 5243 720 5276 :
753 5226 915 5292 prima
943 5233 1057 5279 erat
1086 5226 1544 5280 Eustathianorum
1568 5268 1582 5286 .
1609 5228 1720 5281 sive
1754 5243 1936 5280 eorum

373 5313 463 5381 qui
495 5316 552 5367 S.
585 5314 858 5369 Eustathio
885 5316 1075 5369 addicti
1116 5326 1291 5379 erant,
1333 5317 1525 5385 quique
1565 5316 1752 5369 Meletii
1794 5332 1939 5370 com-

373 5403 676 5457 munionem
699 5444 713 5467 ,
744 5404 881 5473 quod
926 5404 992 5457 ab
1019 5406 1227 5458 Arianis
1257 5408 1306 5458 in
1335 5408 1636 5475 episcopum
1667 5416 1940 5475 cooptatus

376 5492 592 5555 fuisset,
626 5494 972 5561 respuebant;
1005 5496 1234 5549 secunda
1275 5496 1668 5550 Meletianornm
1691 5538 1704 5560 ,
1740 5498 1940 5550 scilicet

373 5580 788 5649 Catholicorum,
821 5586 909 5653 qui
934 5585 1204 5639 Meletium
1225 5628 1239 5651 ,
1273 5588 1374 5640 etsi
1402 5588 1468 5640 ab
1495 5586 1703 5640 Arianis
1729 5587 1941 5641 ordina-

374 5680 483 5723 tum
506 5714 519 5735 ,
549 5682 727 5741 utpote
752 5673 1083 5728 Catholicum
1114 5676 1608 5745 sanetissimumque
1630 5677 1798 5730 virum
1816 5719 1830 5741 ,
1857 5686 1940 5729 se~

373 5762 701 5829 quebantur:
734 5764 883 5818 tertia
914 5766 1228 5819 Arianorum
1249 5807 1262 5828 ,
1305 5766 1394 5835 qui
1434 5781 1552 5820 cum
1585 5764 1782 5820 Euzoio
1814 5780 1939 5820 cou-

377 5860 560 5907 ventus
587 5854 827 5923 agebant.
858 5854 1121 5910 llactenus
1144 5866 1313 5910 tamen
1344 5855 1551 5911 nonnisi
1576 5854 1679 5910 duo
1702 5857 1933 5927 episcopi

1548 461 1725 515 NUNC
1767 458 2020 515 PRIMUM
2061 456 2449 515 ADORNATA.

3539 462 3632 514 “ll

2050 575 2341 629 Antiochia:
2367 585 2538 639 erant,
2572 577 2818 629 nimirum
2840 592 2903 630 ex
2931 587 3081 645 parte
3103 574 3493 631 Catholicorutn
3527 578 3634 630 Me-

2052 665 2237 727 letins;
2283 681 2348 719 ex
2390 667 2705 719 Arianorum
2732 682 2859 721 vero
2886 679 3035 736 parte
3064 667 3329 723 Euanius:
3360 684 3479 722 nam
3526 668 3635 721 En-

2051 755 2297 809 stathiani
2339 772 2458 809 cum
2503 756 2721 810 Paulino
2759 759 3072 829 presbytero
3116 759 3338 813 seorsim
3378 761 3631 814 collectas

2054 848 2301 917 agebant.

2121 937 2471 1002 Quamobrem
2514 936 2833 992 Athanasius
2879 940 2933 993 in
2977 938 3190 1010 Synodo
3234 940 3620 1004 Alexandrina,

2049 1041 2188 1079 anno
2209 1026 2331 1089 362,
2361 1029 2483 1080 totis
2522 1028 2717 1083 viribus
2744 1029 3003 1082 nitebatur
3030 1040 3083 1081 ut
3109 1029 3434 1082 Eustathiani
3466 1030 3611 1085 Mele-

2052 1116 2205 1169 tianis
2217 1118 2582 1185 jungerentur,
2602 1133 2889 1187 omnesque
2904 1118 3158 1173 Catholici
3176 1135 3336 1172 unum
3360 1120 3616 1174 Melctittut

2051 1208 2355 1276 episcopum
2381 1220 2755 1277 agnoscerent,
2785 1208 2849 1263 ad
2871 1224 3093 1279 eamque
3122 1225 3231 1262 rem
3267 1211 3462 1278 legatos
3487 1210 3618 1264 duos

2050 1298 2334 1353 Eusebium
2366 1300 2750 1355 Vercellensem
2776 1312 2822 1354 et
2858 1303 3124 1355 Asterium
3154 1303 3432 1370 epiSt'Optzs
3455 1316 3484 1355 a
3516 1301 3619 1373 Sy-

2051 1389 2194 1441 nodo
2221 1390 2570 1443 Alexandrina
2594 1393 2726 1444 mitti
2755 1394 2974 1445 curavit.
3007 1392 3195 1445 Verum
3228 1392 3457 1455 interim,
3488 1392 3613 1445 dum

2049 1479 2205 1549 legati
2236 1480 2335 1533 iter
2349 1492 2584 1549 agerent,
2610 1482 2816 1536 Lucifer
2834 1482 3161 1535 Calaritanus
3185 1482 3323 1550 pium
3349 1484 3619 1536 Athanasii

2050 1570 2527 1640 Alexandrinmque
2554 1572 2750 1642 Synodi
2778 1572 3055 1625 consilium
3098 1572 3499 1635 interturhavit,
3530 1572 3621 1641 qui
3654 1636 3658 1640 _

2050 1662 2323 1716 Paulinum
2368 1664 2418 1715 in
2460 1664 2763 1731 episcopum
2807 1664 3014 1730 allegit;
3045 1663 3113 1714 ita
3145 1670 3201 1715 ut
3233 1672 3341 1715 tres
3364 1662 3471 1729 jam
3503 1663 3623 1730 epi.

2048 1757 2192 1824 scopi
2221 1756 2513 1810 Antiochia:
2540 1765 2738 1817 essent,
2766 1755 2871 1807 duo
2897 1753 3151 1808 Catholici
3171 1794 3182 1811 .
3212 1765 3265 1807 et
3289 1769 3423 1806 unus
3465 1754 3619 1806 Aria-

2050 1863 2168 1900 nus.
2199 1848 2272 1900 Ex
2305 1848 2406 1901 hoc
2434 1855 2608 1899 autem
2632 1846 3020 1899 Catholicorum
3048 1844 3284 1908 dissidio,
3307 1844 3443 1913 quod
3468 1845 3622 1897 annis

2048 1938 2181 1991 bene
2211 1939 2388 1990 multis
2420 1938 2681 2005 perstitit,
2715 1937 3004 1989 innumera:
3046 1937 3171 1989 rixae
3200 1936 3429 1988 subortze
3458 1948 3579 1987 sunt
3601 1975 3618 1997 ,

2048 2030 2405 2093 Contumelia‘,
2431 2029 2671 2087 dicteria,
2699 2027 2996 2091 maledicta,
3029 2026 3218 2096 quibus
3240 2040 3298 2077 se.
3326 2037 3505 2077 mutuo
3535 2024 3617 2077 di-

2048 2124 2217 2173 versis
2242 2120 2434 2172 addit-ti
2467 2118 2703 2187 partibus
2730 2118 3049 2180 lacerabant,
3078 2117 3237 2171 rebus
3268 2117 3432 2183 palam
3464 2116 3620 2168 exulo

2049 2214 2259 2268 Ceratis.
2289 2213 2538 2267 Paulinus
2569 2228 2692 2264 vero
2720 2212 2770 2264 iu
2798 2212 3101 2279 episcopum
3125 2210 3360 2263 adit-ctus
3388 2208 3617 2260 Alexan-

2048 2303 2215 2357 drina:
2277 2302 2494 2373 Synodo
2561 2301 2912 2369 subscripsit,
2974 2300 3024 2352 in
3081 2314 3184 2367 qua
3254 2297 3609 2365 Apollinarins

2048 2393 2396 2454 Laodicenus,
2427 2392 2516 2461 qui
2547 2408 2613 2445 eo
2643 2390 2932 2444 mooachos
2959 2401 3204 2444 oratores
3226 2404 3351 2473 suos
3378 2390 3615 2453 miserat,

2049 2494 2105 2536 ut
2135 2483 2517 2552 professiOnetn
2564 2482 2683 2537 fidei
2728 2499 2837 2536 suae
2876 2484 2926 2535 in
2958 2491 3095 2536 conn
3137 2482 3346 2535 Patrum
3396 2481 3618 2547 darent,

2049 2574 2117 2627 ita
2148 2585 2320 2627 tamen
2347 2585 2403 2627 ut
2432 2589 2639 2627 errores
2668 2588 2792 2626 suos
2818 2572 3038 2626 subdole
3068 2573 3375 2636 reticerent,
3401 2573 3449 2625 in
3473 2589 3617 2626 com-

2048 2665 2354 2719 munionem
2384 2664 2700 2717 admittitur.
2734 2662 2985 2717 Paulinus
3012 2672 3187 2716 autem
3216 2678 3356 2716 :mno
3385 2663 3488 2717 56:).
3525 2680 3617 2716 or-

2046 2760 2281 2822 dinatus,
2312 2772 2451 2810 anno
2482 2755 2601 2817 588,
2630 2756 2709 2810 vel
2732 2755 2856 2822 589,
2881 2755 3035 2808 ﬁnem
3059 2754 3262 2808 \‘ivettdi
3292 2752 3433 2807 fecit.
3460 2756 3616 2822 Apol-

2048 2850 2269 2903 linarius
2324 2864 2488 2909 vero,
2552 2848 2640 2915 qui
2706 2854 2825 2916 post
2876 2845 3145 2915 Synodum
3200 2844 3615 2897 Alexandrinam

2047 2954 2257 2992 errores
2287 2953 2411 2991 suos
2436 2937 2718 3006 spargebat
2755 2945 2809 2989 ut
2832 2946 2955 2990 ante
2975 2977 2990 3003 ,
3022 2935 3088 2989 ab
3116 2933 3401 2988 Athanasio
3428 2934 3617 2989 confu-

2051 3038 2187 3081 tatus
2214 3028 2309 3081 fuit
2334 3037 2390 3081 ut
2417 3027 2717 3081 bmreticus.

2122 3119 2242 3172 Ha-c
2285 3117 2650 3187 prtcmittcnda
2694 3126 2877 3183 erant,
2924 3126 2982 3169 ut
3022 3114 3380 3186 Chrysostomi
3427 3130 3616 3184 SCOpuS

2046 3223 2100 3265 et
2129 3213 2265 3264 dicta
2304 3210 2743 3279 intelligerentur.
2771 3208 3040 3263 ‘Melctiani
3069 3224 3195 3276 ergo
3221 3206 3514 3270 Catholici,
3548 3207 3616 3261 de

2047 3304 2203 3372 vulgo
2250 3304 2471 3379 loquor,
2524 3302 2883 3362 Eustatbianis
2930 3299 3139 3370 infensi,
3173 3298 3295 3352 hinc
3340 3299 3613 3351 male.de

2048 3403 2347 3474 proterendi
2377 3403 2709 3456 occasionem
2737 3398 3019 3467 captabant
3038 3438 3052 3456 ,
3080 3389 3216 3465 quod
3256 3388 3506 3448 Paulinus
3532 3406 3610 3447 et-

2045 3494 2165 3547 dcm
2194 3493 2564 3547 Alexandrina:
2586 3489 2801 3561 Synodo
2827 3489 3243 3556 subscripsisset,
3268 3487 3350 3540 cui
3377 3488 3610 3540 subscri-

2048 3592 2225 3654 pserat
2273 3585 2433 3638 etiam
2498 3582 2855 3652 Apollinarius
2928 3579 3321 3643 hatresiarcha,
3390 3578 3614 3641 ideoque

2046 3676 2428 3746 Apollinarium
2453 3675 2654 3729 Paulini
2684 3674 2989 3742 magistrum
3016 3671 3348 3726 dictitabant.
3375 3667 3615 3739 Chryso-

2044 3776 2249 3821 stomos
2276 3782 2401 3820 vero
2438 3767 2525 3834 qui
2570 3780 2710 3833 :cgre
2756 3761 3042 3817 admodum
3080 3761 3289 3815 videbat
3325 3760 3610 3813 Ecclesiam

2047 3856 2430 3910 Antiochenam
2454 3856 2522 3908 ita
2544 3853 2843 3915 discissam,
2870 3861 2927 3905 ut
2953 3851 3205 3905 Catholici
3236 3852 3285 3902 iu
3309 3849 3612 3903 Catholicos

2048 3959 2151 4001 tam
2182 3947 2433 4002 atrociter
2461 3948 2827 4014 insurgerent,
2856 3943 3125 3997 auditores
3153 3956 3278 3995 suos
3306 3941 3424 3994 talia
3456 3954 3613 3993 anss

2044 4055 2232 4108 aspere
2261 4039 2454 4106 excipit
2482 4055 2493 4090 :
2526 4037 2629 4090 Sed
2652 4036 2772 4103 quid
2798 4035 2967 4087 dicunt
2994 4034 3091 4093 illi,
3123 4034 3309 4101 inquit,
3333 4031 3399 4083 ad
3417 4047 3610 4083 omnem

2045 4131 2287 4182 malitiam
2319 4128 2577 4180 audaces?
2607 4126 2898 4188 Hrereticus,
2928 4126 3085 4185 aiant,
3117 4124 3201 4175 ille
3224 4126 3385 4193 factus
3414 4132 3503 4176 est.
3532 4121 3611 4171 iu-

2045 4221 2350 4273 habitantem
2395 4220 2539 4271 habet
2583 4217 2865 4278 diabolum,
2916 4225 2959 4268 et
3002 4215 3220 4283 loquitur
3254 4222 3425 4265 contra
3454 4211 3611 4263 Deum

2044 4310 2334 4380 nequitiam,
2366 4309 2645 4377 multosque
2672 4306 2876 4359 suadela
2902 4320 3124 4373 vanaque
3161 4303 3363 4371 fallacia
3402 4302 3452 4354 in
3494 4320 3613 4371 pro-

2044 4400 2260 4469 fundum
2288 4399 2425 4452 exitii
2454 4397 2689 4461 abducit;
2713 4396 2921 4465 ideoque
2959 4412 2991 4446 a
3036 4393 3266 4445 Patribus
3300 4393 3483 4461 ejecta:
3508 4403 3611 4455 est,

2044 4492 2261 4544 maxime
2286 4490 2435 4558 hujus
2464 4488 2718 4556 magister,
2757 4486 2841 4554 qui
2873 4494 3064 4553 partem
3090 4481 3330 4535 Ecclesia!
3366 4482 3612 4533 abscidit:

2042 4584 2115 4635 sic
2143 4590 2231 4633 aut
2264 4579 2535 4632 Paulinum
2560 4586 2645 4629 aut
2674 4575 3045 4645 Apollinarium
3068 4574 3346 4642 designant.

2118 4673 2240 4725 llarc
2260 4669 2413 4723 refert
2439 4667 2847 4737 Chrysostomns
2869 4676 2923 4716 ut
2948 4665 3013 4717 ab
3037 4663 3298 4716 incondita
3328 4662 3473 4714 turba
3504 4677 3607 4713 non

2045 4765 2114 4817 ita
2137 4769 2380 4816 accurate
2408 4760 2719 4813 dicebantur
2742 4777 2754 4809 :
2784 4766 2837 4811 et
2865 4757 2986 4825 quia
3019 4771 3121 4807 non
3143 4772 3263 4808 raro
3292 4755 3489 4821 plebeia
3512 4754 3612 4805 hu»

2039 4852 2268 4923 jusmodi
2300 4850 2535 4904 convicia
2568 4860 2621 4903 ct
2646 4848 2782 4902 dicta
2819 4846 3151 4916 peregrinum
3196 4845 3435 4898 sonantia
3483 4859 3606 4897 ora-

2046 4947 2173 4999 tiOni
2200 4944 2648 5006 intcrmiscentur,
2673 4941 2784 4994 hate
2821 4940 3005 4993 concio
3033 4938 3211 4991 multis
3251 4938 3301 4990 in
3343 4936 3474 4990 locis
3500 4952 3607 4989 non

2044 5035 2154 5102 pari
2181 5043 2337 5101 atque
2363 5041 2568 5085 cartcrie
2598 5029 2856 5097 elegantia
2886 5028 3025 5079 dicta
3053 5026 3279 5079 videtur.
3313 5025 3460 5079 llanc
3485 5040 3606 5078 cu.u

2044 5127 2270 5179 Bartmio
2298 5135 2352 5178 et
2384 5123 2706 5185 llermantio,
2737 5130 2970 5174 vertente
2996 5133 3135 5170 anno
3161 5116 3264 5172 586
3288 5117 3479 5170 dictam
3510 5132 3608 5183 pu-

2045 5228 2252 5279 tamus,
2302 5230 2491 5283 resque
2527 5214 2741 5265 omnino
2785 5218 2927 5264 certa
2975 5209 3199 5261 videtur.
3243 5207 3612 5261 Tillemontins

2046 5322 2221 5363 tamen
2249 5324 2312 5361 ex
2342 5308 2479 5360 male
2498 5306 2658 5358 allato
2681 5314 2733 5355 et
2762 5302 3027 5355 intellecto
3045 5299 3199 5365 hujus
3220 5298 3448 5352 homilia:
3469 5300 3613 5360 10m,

2045 5408 2193 5467 putat
2220 5413 2335 5452 eam
2366 5397 2593 5449 habitam
2640 5394 2797 5448 fuisse
2830 5401 2945 5459 post
2974 5391 3175 5444 Paulini
3208 5400 3459 5452 mortem,
3494 5399 3611 5455 post

2044 5505 2240 5542 annum
2268 5489 2466 5541 scilicet
2496 5487 2617 5540 588.
2649 5484 2779 5539 Vide
2810 5484 3059 5537 Monitum
3093 5492 3351 5546 nostrum,
3375 5480 3460 5534 ubi
3482 5494 3607 5532 scn-
3687 5503 3694 5512 -

2047 5582 2207 5634 tentia
2238 5580 2352 5647 ejus
2380 5578 2692 5640 clarissime,
2724 5577 2775 5629 ni
2804 5576 2976 5639 fallor,
3007 5574 3325 5628 confutatur.

2118 5671 2181 5724 In
2211 5670 2388 5723 Natali
2415 5669 2599 5721 Christi
2621 5667 2886 5719 concio.—
2900 5666 3141 5734 Quinque
3167 5663 3351 5717 diebus
3381 5670 3495 5731 post
3521 5662 3611 5712 ba-

2046 5763 2207 5816 bitam
2238 5763 2287 5813 in
2329 5760 2384 5815 S.
2417 5758 2779 5826 l'ltilogonium
2828 5755 3091 5809 Itotniliam
3115 5796 3129 5818 ,
3162 5753 3211 5807 id
3237 5762 3319 5807 est
3353 5751 3611 5822 Vigesitna

2043 5855 2221 5924 quinta
2254 5850 2589 5914 Decembris,
2620 5860 2671 5902 ut
2703 5849 2813 5917 ipse
2841 5846 3245 5918 Chrysostomus
3284 5842 3606 5909 testificatur,
