4122 6386
449 437 539 496 111
1503 430 1558 486 S.
1600 427 1876 484 JOANNIS
1909 423 2372 482 CIlllYSOSTOMJ
2421 427 2596 494 VITA,

445 551 610 619 prima
641 549 752 601 \lt‘t‘,
781 547 846 603 de
873 547 958 602 die
985 545 1151 601 Natali
1177 543 1367 600 Chri~ti
1397 545 1736 598 concinnatus
1757 550 1839 596 est
1859 539 2015 612 (119..

446 653 491 689 ε.
525 635 649 690 551.
671 634 707 687 ι.
724 636 838 706 24).
856 633 988 690 Cutn
1008 637 1156 692 enim
1194 636 1418 690 nondum
1449 637 1676 690 decimus
1697 653 1863 690 annus
1881 646 2027 699 esset,

446 725 620 795 inquit
648 727 849 793 ille,'ea:
871 745 972 797 quo
1000 728 1108 783 dies
1131 727 1221 783 ille
1247 728 1599 784 Antiochenis
1639 728 1928 782 innotuerat
1964 726 2030 782 ab

444 817 752 880 Occidente,
785 815 874 870 ubi
904 816 970 870 ab
999 814 1216 869 exordio
1247 814 1333 866 illa
1362 812 1448 866 die
1487 811 1786 865 celebratus
1816 810 2018 876 fuerat,

448 909 780 964 Antiochiam
820 908 1057 969 delatus;
1089 905 1238 960 multi
1269 905 1410 959 diem
1454 904 1645 958 festum
1691 901 2020 972 liujusmodi,

447 1001 595 1072 quasi
623 1015 817 1054 novum
848 1015 910 1054 ac
937 1009 1179 1054 recenter
1211 996 1478 1052 inductum
1504 995 1903 1059 detrectabant;
1932 995 2024 1048 alii

449 1104 623 1145 tamen
669 1104 861 1160 magno
908 1103 1128 1144 numero
1171 1088 1399 1143 libenter
1441 1086 1832 1141 admittebant:
1864 1101 2023 1156 quam

447 1185 882 1252 disceptationem
907 1194 961 1236 ut
981 1183 1180 1251 sopiret
1207 1180 1638 1252 Chrysostomus,
1664 1178 1750 1234 ubi
1772 1180 2021 1249 primum,

449 1283 726 1344 postquam
773 1275 1048 1346 presbyter
1090 1273 1362 1327 ordinatus
1413 1274 1617 1337 fuerat,
1665 1273 1896 1327 occurrit
1938 1272 2025 1326 illa

447 1366 752 1430 celebritas,
791 1367 924 1418 hanc
954 1364 1223 1418 homiliam
1257 1363 1456 1426 habuit,
1485 1370 1547 1417 ut
1575 1361 1845 1416 subortam
1880 1361 2024 1415 litem

451 1458 684 1522 tolleret,
709 1464 763 1508 et
790 1455 929 1510 diem
961 1455 1199 1509 Natalem
1225 1453 1420 1508 Christi
1452 1455 1504 1506 in
1532 1453 1840 1522 vigesimam
1867 1453 2024 1522 quin-

453 1560 557 1603 tam
587 1548 896 1603 Decembris
937 1547 1169 1602 incidere
1196 1547 1374 1599 multis
1403 1546 1727 1615 argumentis
1759 1545 2024 1613 probaret.

458 1642 636 1695 Primo
677 1640 752 1694 ait
790 1639 926 1693 hanc
964 1654 1143 1693 veram
1170 1654 1289 1693 esse
1315 1638 1633 1693 sententiam
1661 1638 1743 1692 vel
1767 1637 1886 1692 inde
1909 1653 2029 1706 pro-

455 1733 700 1806 babiliter
723 1732 908 1801 argui,
935 1731 1074 1801 quod
1107 1745 1506 1800 quaquaversus
1532 1730 1838 1784 denuntiata
1861 1771 1876 1796 ,
1906 1745 2026 1783 cum

455 1835 597 1878 tanta
627 1824 900 1896 celeritate
927 1824 995 1878 ab
1029 1821 1274 1876 onmihus
1311 1831 1554 1890 suscepta
1602 1821 1782 1876 fuerit.
1828 1822 2030 1876 Deinde

453 1923 528 1971 ait
553 1918 640 1971 illa
667 1917 752 1972 die
778 1917 846 1971 ab
866 1916 1090 1971 exordio
1118 1931 1210 1984 per
1231 1924 1396 1969 totum
1424 1914 1766 1970 Occidentem
1788 1913 2028 1970 celebra-

454 2019 565 2062 tum
609 2008 769 2061 fuisse
795 2007 990 2061 Christi
1033 2016 1244 2070 ortum,
1274 2007 1607 2075 maximeque
1648 2006 1852 2060 Romm.
1898 2007 2028 2060 Cmn

453 2111 632 2153 autem
663 2113 855 2153 census
882 2096 1095 2170 Cyi-t-nii
1119 2097 1270 2167 jussu
1297 2098 1516 2167 Augusti
1555 2098 1724 2152 lactus
1748 2139 1761 2160 ,
1797 2098 1847 2151 in
1877 2097 2030 2152 tabu-

457 2192 628 2261 lisque
669 2190 1003 2260 descriptus,
1050 2205 1213 2260 penes
1251 2189 1520 2244 Romanos
1564 2189 1879 2257 haberetur;
1909 2189 2032 2246 hinc

456 2296 633 2334 verum
667 2295 1084 2351 germanamque
1119 2279 1318 2334 Natalis
1345 2280 1540 2335 Christi
1582 2281 1722 2336 diem
1763 2281 2032 2338 Romanos

457 2372 718 2426 hausisse.
753 2371 905 2426 Aliud
931 2386 1139 2442 quoque
1178 2381 1546 2441 argumentum
1578 2382 1848 2426 mutuatur
1874 2388 1938 2427 ex
1968 2387 2033 2427 eo

457 2464 542 2517 die
562 2505 576 2527 ,
605 2478 712 2534 quo
743 2462 1013 2535 ingressus
1039 2471 1120 2516 est
1146 2463 1197 2516 in
1231 2464 1483 2532 templum
1523 2462 1840 2528 Zacharias,
1874 2479 2032 2534 quem

459 2554 572 2624 ipse
597 2569 861 2609 summum
903 2552 1206 2626 pontificem
1238 2563 1388 2625 putat
1417 2571 1431 2608 :
1464 2554 1586 2609 inde
1617 2569 1743 2609 vero
1769 2555 2032 2610 calculum

458 2647 637 2711 ducit,
679 2655 742 2702 ut
786 2647 969 2717 probet
1012 2648 1063 2702 in
1095 2648 1400 2717 vigesimum
1445 2647 1680 2719 quintam
1724 2647 2035 2703 Decembris

461 2739 697 2794 incidere
726 2740 864 2795 diem
891 2740 1131 2796 Natalem
1164 2743 1391 2796 Domini.
1419 2742 1526 2796 Hac
1553 2758 1677 2796 vero
1708 2741 1774 2796 de
1803 2758 1860 2798 re
1885 2744 2034 2812 plura

462 2833 774 2903 protulimus
804 2833 854 2888 in
883 2833 1083 2888 Manilo
1111 2834 1172 2888 Τ.
1201 2834 1256 2898 2,
1283 2835 1487 2900 0.547,
1521 2833 1608 2887 ubi
1638 2834 1755 2887 vide
1784 2835 1876 2888 sis.

529 2925 715 2980 Concio
731 2925 1097 2980 alim—Erant
1121 2925 1418 2981 Antiochiae
1445 2925 1658 2994 quidam
1678 2925 1745 2980 de
1763 2936 1904 2980 recta
1938 2925 2038 2980 fide

461 3032 567 3072 non
598 3017 764 3087 probe
790 3018 1102 3082 sentientes,
1135 3018 1222 3086 qui
1254 3016 1356 3072 hoc
1383 3017 1527 3070 l‘auli
1552 3016 1752 3070 dictum
1785 3017 1834 3070 in
1859 3017 2038 3071 Eccle-

461 3110 537 3162 sia
595 3107 930 3182 lectum.(T.
968 3109 1023 3164 '5.
1069 3125 1118 3161 c.
1162 3109 1257 3164 3H
1286 3109 1342 3180 ),
1393 3108 1512 3162 Sive
1551 3125 1640 3178 per
1690 3109 2036 3176 occasionem,

461 3201 560 3256 sive
590 3217 678 3270 per
703 3201 956 3255 veritatem
982 3199 1210 3255 Christus
1237 3202 1582 3263 annuntietur,
1610 3210 1658 3255 et
1693 3203 1745 3254 in
1785 3203 1878 3256 hoc
1905 3220 2040 3273 gau-

462 3296 576 3358 deo,
622 3295 693 3348 ita
739 3309 901 3365 prave
942 3293 1444 3364 interpretabantur,
1489 3304 1549 3348 ut
1592 3295 1868 3362 dicerent,
1912 3295 2040 3350 dum

463 3385 706 3440 Christus
729 3385 1152 3448 annuntiaretur,
1185 3399 1368 3453 parum
1395 3383 1656 3440 interesse
1685 3401 1750 3438 an
1791 3385 2040 3439 haeretica

463 3494 530 3530 an
573 3491 696 3531 vera
743 3475 988 3547 dOgmata
1018 3485 1221 3530 essent.
1253 3475 1366 3530 Hoc
1393 3476 1587 3530 erroris
1618 3485 1919 3545 portentum
1945 3476 2042 3531 de-

467 3569 615 3638 pellit
657 3567 1106 3638 Chrysostomus,
1158 3567 1502 3637 pluribusque
1555 3567 1884 3622 demonstrat
1937 3584 2043 3622 non

465 3675 584 3713 eam
609 3673 730 3713 esse
754 3659 901 3713 Pauli
925 3667 1176 3712 mentem.
1206 3656 1310 3712 Sed
1338 3674 1403 3711 ex
1425 3672 1550 3712 vera
1577 3674 1751 3712 rerum
1776 3667 2044 3728 gestarum

469 3751 688 3806 historia
711 3750 858 3805 Pauli
887 3749 1201 3804 sententiam
1247 3749 1383 3802 hanc
1421 3763 1541 3803 esse
1581 3747 1895 3805 conﬁrmat:
1924 3764 2045 3805 cum

467 3846 615 3900 Pauli
656 3843 854 3899 inimici
896 3843 1109 3913 quidam
1139 3857 1261 3897 eum
1297 3841 1524 3896 vinculis
1548 3843 1898 3897 constrictum
1922 3857 2045 3897 cer-

470 3946 691 4004 nerent,
738 3947 796 3992 ut
838 3935 1104 3992 Neronem
1151 3936 1318 4006 magis
1361 3935 1412 3989 in
1449 3951 1572 3990 eum
1625 3945 2044 4007 estiSperarent,

470 4030 739 4099 ipsiusque
784 4028 1072 4098 perniciem
1133 4029 1468 4092 molirentur,
1525 4043 1704 4082 veram
1759 4042 2048 4098 sanamque

471 4121 630 4175 (idem
664 4120 783 4174 ideo
813 4119 1187 4188 prcedicabant,
1235 4128 1294 4171 ut
1335 4126 1492 4172 aucto
1537 4119 1918 4188 discipulorum
1945 4137 2048 4174 nu-

473 4229 621 4266 mero
652 4223 905 4283 tyrannus
933 4211 1020 4264 ille
1053 4211 1106 4263 in
1132 4211 1349 4263 Paulum
1377 4212 1579 4265 catenis
1601 4223 1849 4266 onustum
1883 4215 2051 4287 magis

475 4305 746 4374 magisque
770 4305 1002 4356 sa-virtet.
1031 4303 1141 4356 llac
1167 4318 1294 4356 vero
1324 4303 1388 4356 .le
1413 4318 1568 4358 causa
1593 4346 1608 4370 ,
1635 4305 1708 4356 ait
1734 4304 2052 4376 Chrysosto-

475 4413 613 4461 tuus,
641 4395 831 4448 Paulus
857 4395 985 4448 dicit.
1012 4411 1025 4447 :
1053 4395 1172 4448 Sive
1192 4411 1280 4464 per
1303 4395 1646 4462 occasionem,
1677 4395 1777 4448 sive
1812 4414 1901 4466 per
1925 4398 2054 4450 veri-

473 4497 623 4540 tatem
666 4483 893 4539 Christus
931 4485 1275 4548 annuntietur,
1324 4494 1368 4537 et
1411 4485 1463 4537 in
1505 4485 1600 4537 hoc
1636 4486 1850 4555 gaudeo.
1892 4485 2051 4541 Multa

476 4575 689 4646 pra-fert
720 4574 834 4628 haec
868 4574 1082 4628 homilia
1111 4575 1160 4626 in
1193 4573 1455 4642 principio
1477 4573 1543 4627 de
1580 4575 1894 4638 humilitate,
1923 4586 1975 4630 et
2002 4577 2052 4630 in

477 4667 582 4722 fine
611 4667 678 4721 de
720 4665 946 4720 utilitate
977 4665 1394 4732 necessitatequc
1439 4664 1774 4732 precationis.
1813 4665 2052 4720 Itabitam

475 4769 654 4814 autem
698 4757 864 4812 fuisse
907 4765 1027 4826 post
1065 4755 1206 4810 diem
1237 4755 1474 4809 Natalem
1497 4754 1692 4811 Christi
1724 4757 1920 4811 ultimis
1951 4758 2054 4811 De-

475 4849 708 4906 cembris
728 4848 917 4903 diebus
938 4847 1060 4901 anni
1095 4847 1229 4912 586,
1261 4861 1326 4900 ex
1371 4847 1499 4916 ipsis
1529 4846 1893 4920 Chrysostomi
1938 4865 2056 4902 ver-

477 4941 562 4996 bis
603 4940 874 5010 arguitur,
906 4947 962 4992 ut
986 4937 1168 4992 videas
1211 4938 1264 4990 in
1293 4937 1493 4992 Monito
1519 4937 1582 4993 T.
1615 4941 1669 5006 5,
1707 4956 1756 4992 c.
1787 4940 1892 4994 509
1921 4957 1933 4993 :
1966 4941 2054 4994 ubi

477 5049 622 5098 rem,
650 5032 694 5086 si
723 5047 827 5085 non
873 5031 1096 5085 omnino
1124 5041 1325 5085 certam
1345 5071 1360 5097 ,
1395 5029 1680 5085 admodum
1709 5032 2054 5087 verisimilem

475 5123 1033 5179 conunonstravinuts.

547 5216 733 5270 Concio
761 5217 815 5268 in
842 5214 1183 5286 Epiphaniam
1205 5224 1253 5268 et
1278 5214 1414 5269 alite.
1436 5244 1508 5255 —
1528 5214 1582 5268 In
1611 5214 1696 5268 die
1727 5227 1902 5269 autem
1931 5215 2056 5284 Epi-

479 5308 686 5378 phaniae
715 5307 954 5377 sequenti
988 5306 1156 5378 (Anno
1180 5307 1328 5376 587),
1366 5315 1424 5361 ut
1455 5307 1673 5360 omnino
1711 5307 2057 5377 probabiliter

477 5400 829 5459 existimatur,
861 5395 928 5450 de
955 5396 1221 5466 Baptismo
1263 5405 1318 5450 et
1357 5395 1648 5467 Epiphania
1686 5395 1883 5452 Christi
1926 5413 2057 5452 Cnn-

479 5491 686 5543 eiouem
715 5486 897 5539 habuit
926 5482 1011 5558 (7'.
1039 5485 1094 5538 2.
1116 5503 1163 5537 e.
1196 5483 1323 5554 363)
1349 5485 1469 5538 :ubi
1497 5497 1775 5556 postquam
1805 5488 2054 5556 populum

480 5581 546 5634 ad
575 5579 865 5634 Ecclesiam
890 5576 1321 5647 frequentandam
1355 5577 1596 5631 hortatus
1625 5587 1727 5644 cst,
1759 5577 1826 5632 de
1854 5579 2052 5647 duplici

481 5671 771 5741 epiphania
800 5670 940 5739 agit;
970 5668 1038 5722 de
1068 5667 1156 5722 illa
1195 5683 1388 5738 nempe
1412 5683 1514 5737 qua
1559 5670 1726 5740 magis
1753 5685 1818 5724 ex
1848 5671 2054 5737 oriente

479 5763 813 5817 venientibus
856 5761 1120 5831 apparuit,
1162 5759 1333 5830 deque
1370 5772 1661 5830 postrema,
1703 5776 1805 5830 qua
1846 5761 1897 5815 in
1924 5775 2056 5814 con-

480 5858 833 5914 summatione
852 5854 1033 5910 surculi
1061 5869 1180 5908 cum
1210 5853 1378 5924 gloria
1411 5861 1463 5911 et
1494 5854 1776 5924 splendore
1805 5864 2056 5909 venturus

3609 430 3710 484 119

2131 553 2232 598 est.
2275 543 2580 598 Miraculum
2627 543 2815 598 deinde
2860 545 2999 598 circa
3039 559 3226 614 aquam
3255 543 3502 614 baptismi
3541 559 3708 597 enun-

2132 635 2255 700 tiat;
2301 650 2424 689 nam
2470 650 2589 689 cum
2639 651 2822 690 versus
2867 635 3095 690 mediam
3139 645 3371 697 noctem,
3412 651 3529 706 quae
3561 637 3702 689 diem

2133 725 2444 797 Epiphania:
2470 727 2835 796 praecedebat,
2866 727 3057 797 singuli
3088 726 3155 782 de
3183 742 3318 797 aqua
3349 727 3435 782 illa
3463 727 3708 796 bupliSnti

2130 817 2313 873 latices
2354 833 2532 872 secum
2560 827 2922 887 aSportarent,
2955 833 3088 888 aqua
3128 819 3215 872 illa
3255 833 3359 870 non
3401 833 3710 885 corrumpe.

2130 908 2305 974 batur,
2332 907 2425 961 sed
2457 908 2662 977 integro
2691 922 2830 960 anno
2852 949 2868 972 ,
2903 909 3027 976 quin
3056 917 3110 962 et
3143 908 3358 963 biennio
3394 917 3448 962 et
3479 908 3710 962 triennio

2130 1000 2433 1070 incorrupta
2462 1003 2726 1055 manebat.
2752 1002 2917 1056 Docet
2939 1001 3130 1056 deinde
3151 1001 3274 1071 quid
3298 1001 3503 1055 intersit
3521 1000 3709 1056 discri-

2131 1092 2288 1146 minis
2314 1091 2453 1146 inter
2485 1091 2743 1161 baptisma
2767 1092 3070 1146 Judaeorum
3091 1133 3106 1158 ,
3133 1093 3393 1160 baptisma
3413 1091 3629 1146 Joannis
3655 1103 3707 1145 et

2131 1182 2389 1253 baptisma
2438 1181 2655 1238 Christi.
2703 1184 2836 1238 llinc
2883 1184 3109 1252 explicat
3153 1183 3420 1253 quomodo
3465 1183 3710 1238 Christus

2133 1275 2431 1345 impleverit
2464 1290 2676 1329 onmem
2703 1275 2997 1344 justitiam;
3023 1275 3234 1329 demum
3265 1275 3508 1329 hortatur
3539 1291 3709 1345 pepu-

2132 1365 2262 1430 lum,
2292 1375 2348 1420 ut
2373 1382 2559 1437 magna
2591 1382 2711 1421 cum
2741 1367 3035 1421 reverentia
3065 1367 3128 1421 ad
3160 1366 3428 1421 tremenda
3459 1359 3716 1439 mysteria

2132 1447 2386 1512 accedat.

2203 1550 2527 1606 Concionem
2571 1551 2638 1606 de
2683 1552 2952 1623 Baptismo
2989 1552 3184 1610 Christi
3229 1553 3305 1607 sic
3344 1568 3498 1608 orsus
3541 1553 3712 1610 fuerat

2131 1640 2542 1711 Chrysostomus
2573 1659 2586 1695 :
2624 1641 2808 1697 Omnes
2836 1660 2919 1697 vos
2939 1643 2989 1697 in
3015 1644 3187 1697 ltrtitia
3213 1645 3382 1709 hodie,
3413 1662 3502 1716 ego
3527 1661 3639 1699 vero
3663 1648 3712 1699 in

2134 1749 2343 1787 maerore
2370 1750 2479 1785 sum
2506 1734 2663 1787 solus.
2694 1731 2831 1788 Num
2859 1751 2973 1788 cum
2997 1736 3050 1790 in
3087 1736 3182 1790 hoc
3218 1738 3482 1807 spirituale
3508 1739 3714 1808 pelagus

2133 1823 2306 1877 oculos
2352 1840 2486 1878 meos
2528 1835 2794 1887 converto,
2841 1836 2886 1879 et
2932 1826 3196 1882 immensas
3240 1826 3484 1883 Ecclesia:
3518 1830 3716 1884 divitias

2135 1914 2470 1983 complector;
2498 1932 2556 1968 ac
2585 1916 2764 1970 deinde
2785 1918 3037 1988 perpendo
3075 1922 3215 1989 fore,
3256 1929 3308 1972 ut
3344 1936 3458 1974 cum
3499 1921 3716 1990 primunt

2134 2005 2426 2060 solemnitas
2455 2006 2550 2060 ista
2576 2010 2893 2078 praeterierit,
2919 2010 3181 2063 multitudo
3203 2027 3380 2064 rursus
3399 2011 3498 2065 ista
3525 2013 3717 2066 resiliat

2135 2111 2196 2148 ac
2225 2096 2447 2150 discedat
2475 2113 2493 2151 :
2522 2099 2720 2152 crucior
2745 2109 2792 2152 et
2821 2100 2976 2153 animi
3004 2100 3178 2153 dolore
3211 2118 3390 2172 angor,
3417 2102 3571 2172 quod,
3601 2119 3716 2156 cum

2137 2197 2239 2240 tam
2268 2189 2452 2243 multos
2483 2190 2664 2244 liberos
2685 2192 2929 2262 pepererit
2958 2191 3204 2258 Ecclesia,
3229 2211 3329 2246 non
3354 2192 3457 2247 illis
3478 2195 3648 2249 itidem
3663 2195 3718 2248 in

2138 2280 2350 2350 singulis
2378 2283 2600 2336 collectis
2622 2325 2637 2348 ,
2684 2284 2771 2337 sed
2799 2285 2849 2337 in
2877 2285 3016 2354 festis
3042 2285 3355 2340 solummodo
3396 2288 3499 2357 frui
3539 2289 3714 2358 possit.

2137 2369 2287 2436 Quod
2319 2385 2477 2439 porro
2499 2373 2765 2426 metuebat
2785 2374 2872 2428 ille
2897 2375 2983 2430 die
3010 2377 3249 2446 sequenti
3279 2378 3504 2447 septima
3525 2379 3719 2434 Janua-

2140 2461 2202 2515 rii
2233 2462 2429 2516 accidit
2458 2465 2627 2533 (Anno
2649 2465 2798 2536 587).
2823 2465 2956 2520 Cum
2985 2468 3124 2521 enim
3156 2467 3223 2522 de
3252 2469 3308 2521 S.
3341 2468 3571 2523 Luciano
3591 2486 3720 2524 con-

2138 2553 2345 2608 cionem
2376 2554 2589 2610 haberet
2625 2554 2707 2630 (Τ.
2737 2557 2793 2609 2.
2823 2572 2868 2607 r.
2902 2545 3190 2627 5l9),'jam
3223 2575 3329 2613 non
3357 2560 3497 2614 illam
3530 2562 3714 2631 populi

2142 2643 2492 2715 frequentiam
2516 2647 2703 2702 adesse
2725 2648 2874 2713 vidit,
2892 2647 2984 2701 scd
3009 2648 3163 2718 longe
3184 2650 3412 2705 rariores
3429 2652 3715 2716 auditores;

2141 2738 2485 2809 quamobrem
2513 2738 2590 2792 sic
2621 2738 2706 2793 ille
2735 2739 2939 2793 orditur
2969 2757 2981 2794 :
3015 2740 3164 2807 Quod
3188 2741 3418 2796 hesterno
3458 2743 3539 2795 die
3561 2743 3717 2813 perti-

2142 2831 2417 2885 mescebam
2459 2831 2646 2896 evenit,
2675 2840 2722 2884 et
2762 2831 2828 2883 ad
2869 2828 3104 2898 effectum
3135 2833 3249 2902 jam
3289 2832 3583 2900 perductum
3612 2845 3719 2897 est;

2143 2937 2323 2990 nempe
2345 2921 2429 2974 ubi
2457 2920 2636 2989 festum
2663 2922 2920 2990 prteteriit,
2944 2921 3096 2975 simul
3115 2923 3262 2975 etiam
3285 2924 3556 2977 multitudo
3579 2925 3720 2978 nobis

2143 3013 2410 3077 abscessit,
2459 3013 2719 3082 minorque
2757 3013 2897 3066 nobis
2927 3023 3080 3066 cretus
3115 3014 3283 3082 factus
3317 3023 3407 3068 est.
3438 3015 3572 3070 Hinc
3603 3016 3721 3071 luce

2144 3104 2339 3159 clarius
2368 3105 2772 3159 commonstrari
2813 3104 3021 3158 videtur
3051 3105 3188 3160 lianc
3211 3105 3266 3160 S.
3291 3106 3507 3164 Luciani
3554 3124 3718 3178 pane-

2145 3197 2295 3270 gyrin
2328 3197 2715 3267 pronuntiatam
2749 3196 2907 3251 fuisse
2924 3197 3010 3252 die
3035 3197 3381 3266 Epiphaniam
3411 3201 3721 3269 insequente

2146 3301 2202 3346 et
2230 3289 2415 3345 eodem
2444 3305 2582 3343 anno
2603 3289 2728 3344 587.
2750 3289 3013 3343 Lucianus
3037 3298 3212 3344 autem
3236 3291 3516 3361 presbyter
3537 3292 3723 3358 Antio-

2147 3381 2388 3442 chenus,
2438 3381 2607 3450 inquit
2642 3379 3083 3453 Chrysostomus,
3132 3381 3268 3436 fame
3302 3392 3362 3436 'et
3406 3384 3724 3438 cruciatibus

2149 3473 2332 3528 multis
2360 3473 2560 3528 Christi
2584 3488 2778 3529 nomen
2810 3475 3038 3543 gloriose
3061 3472 3335 3527 confessus
3367 3483 3467 3528 est.
3497 3474 3550 3528 Id
3581 3475 3725 3528 acci-

2148 3567 2226 3622 dit
2251 3583 2392 3621 anno
2418 3566 2552 3634 5H,
2584 3566 2668 3620 vel
2709 3566 2844 3632 '5l‘2,
2889 3567 2940 3619 in
2980 3568 3391 3634 persequutione
3434 3565 3722 3619 Maximini.

2149 3659 2577 3732 Martyrologium
2609 3659 2905 3712 Romanum
2936 3657 3000 3711 ad
3031 3656 3170 3710 diem
3211 3657 3242 3711 7
3277 3656 3510 3714 Januarii
3536 3657 3592 3712 S.
3622 3657 3726 3711 Ln-

2150 3752 2289 3806 ciani
2316 3751 2630 3822 martyrium
2657 3750 2954 3804 annuntiat.
2984 3749 3134 3803 Iluuc
3157 3749 3340 3802 Ariani
3368 3764 3578 3804 suarum
3608 3767 3728 3820 par-

2154 3844 2282 3898 tium
2309 3842 2469 3896 fuisse
2495 3841 2903 3904 mentiebantur,
2931 3841 3180 3910 quoniam
3211 3855 3279 3895 ex
3304 3841 3578 3910 discipulis
3609 3841 3725 3912 ejus

2153 3935 2364 4005 quidam
2409 3949 2470 3990 se
2514 3933 2566 3987 in
2612 3933 2926 3987 Arianorum
2975 3941 3148 3986 castra
3198 3933 3580 3999 conjecerant:
3621 3934 3726 3986 imo

2155 4028 2269 4096 ipse
2312 4026 2469 4079 Arius
2516 4029 2748 4094 itemque
2796 4023 3057 4078 Eusebius
3095 4023 3543 4091 Nicomediensis,
3585 4026 3727 4080 illius

2156 4128 2316 4173 scctre
2343 4118 2714 4187 primipilarcs.
2740 4117 2956 4170 Luciani
2985 4115 3230 4184 discipuli
3263 4115 3500 4182 fuerant,
3531 4128 3584 4173 et
3611 4133 3730 4171 sese

2156 4209 2558 4264 Collucianistas
2578 4207 2856 4261 vocabant.
2886 4206 3078 4260 Verum
3105 4206 3175 4260 illi
3199 4221 3228 4258 a
3249 4205 3464 4260 Luciani
3491 4207 3729 4260 doctrina

2157 4309 2211 4356 et
2242 4317 2268 4353 a
2300 4300 2558 4355 catholica
2597 4299 2702 4354 ﬁde
2743 4299 3094 4354 desciverant.
3129 4299 3237 4352 [lac
3266 4300 3330 4352 de
3361 4315 3418 4354 re
3447 4316 3573 4354 vero
3602 4301 3732 4354 nihil

2160 4373 2210 4444 iii
2243 4390 2610 4462 Chrysostomi
2642 4389 2892 4460 panegyri
2922 4389 2980 4444 S.
3004 4389 3217 4444 Luciani
3261 4389 3445 4444 fertur.

2231 4483 2342 4537 [loc
2385 4483 2602 4537 ineunte
2631 4497 2771 4536 anno
2801 4483 2903 4536 5:57
2930 4483 3276 4536 conciouatus
3318 4493 3400 4535 est
3438 4481 3493 4537 S.
3525 4482 3730 4536 doctor.

2160 4575 2237 4629 Ex
2282 4575 2512 4628 homiliis
2557 4590 2713 4643 porro
2761 4574 2894 4638 illis,
2927 4588 3057 4643 quas
3097 4583 3222 4627 ante
3263 4573 3730 4643 Quadragesimam

2159 4666 2396 4736 ejusdem
2423 4665 2546 4719 anni
2570 4666 2636 4719 ad
2659 4665 2907 4734 pepulum
2936 4664 3138 4730 habuit,
3163 4665 3304 4718 illam
3330 4666 3593 4733 ponimus,
3617 4682 3736 4736 quae

2162 4759 2227 4812 de
2255 4757 2666 4813 Resurrectione
2705 4767 3032 4811 mortuorum
3063 4757 3390 4821 inscribitur,
3439 4759 3552 4826 ipso
3597 4758 3736 4811 indi-

2161 4859 2315 4904 cante
2343 4848 2494 4901 nobis
2519 4847 2897 4918 Chrysostumn
2920 4891 2934 4910 ,
2969 4848 3054 4916 qui
3078 4849 3310 4902 sicillam
3333 4848 3537 4902 orditur
3569 4849 3732 4916 (1³.2.

2173 4953 2219 4990 c.
2248 4938 2349 4992 417
2387 4957 2399 4992 :
2431 4937 2510 4991 De
2539 4939 2656 5007 ﬁdei
2680 4949 2862 4992 nostra:
2881 4939 3217 5009 dogmatibus,
3245 4940 3401 5009 deque
3417 4941 3581 5010 gloria
3611 4939 3738 4995 Uni-

2162 5030 2316 5100 geniti
2342 5029 2466 5084 Filii
2496 5029 2592 5084 Dei
2623 5042 2740 5084 ante
2771 5032 2908 5099 apud
2949 5047 3033 5084 vos
3067 5031 3421 5099 disseruimus,
3450 5033 3739 5086 obturantes

2162 5137 2334 5174 eorum
2359 5137 2469 5183 ora,
2495 5121 2581 5189 qui
2609 5122 2822 5190 gloriam
2850 5123 2925 5174 illi
2953 5122 3241 5186 detrahunt,
3272 5133 3318 5176 et
3343 5140 3374 5175 a
3393 5121 3626 5177 Genitore
3647 5142 3737 5177 suo

2163 5212 2384 5266 alienum
2412 5213 2608 5266 dicunt.
2639 5213 2934 5267 Conciones
2956 5228 3082 5268 vero
3106 5223 3288 5267 contra
3316 5215 3626 5279 Anomwns,
3650 5216 3736 5284 qui

2164 5305 2381 5377 gloriam
2410 5303 2672 5373 Unigeniti
2705 5303 3024 5359 labefactare
3066 5304 3352 5371 curabant,
3385 5306 3474 5360 hic
3501 5321 3736 5359 comme-

2165 5409 2357 5461 morat,
2387 5413 2515 5465 quas
2545 5397 2758 5452 ineunte
2785 5413 2927 5450 anno
2948 5399 3050 5452 587
3071 5397 3328 5463 absolvit,
3357 5406 3414 5451 ut
3454 5397 3506 5450 in
3543 5395 3741 5449 Monito

2164 5487 2229 5541 ad
2258 5488 2472 5541 easdem
2505 5487 2862 5556 probavimus.
2891 5488 3025 5542 Hinc
3045 5503 3172 5542 vero
3196 5488 3432 5558 arguitur
3453 5487 3590 5542 hanc
3608 5501 3737 5541 con-

2164 5579 2370 5633 cionem
2399 5578 2498 5633 sub
2523 5579 2726 5633 initium
2765 5581 2885 5633 anni
2927 5581 3030 5635 587
3061 5579 3292 5633 ha‘bitam
3319 5579 3508 5644 fuisse,
3539 5587 3594 5632 ct
3622 5577 3742 5646 qni-

2167 5669 2286 5724 dem
2315 5678 2436 5725 ante
2459 5671 2951 5742 Quadragesimam,
2981 5686 3138 5741 quam
3172 5680 3333 5724 totam
3367 5671 3415 5724 in
3449 5669 3740 5740 deplorau-

2166 5760 2248 5814 dis
2272 5761 2718 5817 Antinchenorum
2744 5771 2862 5832 post
2891 5776 3106 5818 eversas
3136 5771 3335 5816 statuas
3357 5760 3740 5816 calamitatibus

2170 5859 2513 5926 consumpsit.
