4122 6386
379 406 478 461 H3

446 519 678 588 Hujusce
723 533 883 588 porro
925 516 1196 572 concionis
1234 523 1605 585 argumentum
1648 515 1702 567 in
1738 514 1958 567 exordio

373 610 556 665 statuit
580 608 635 664 S.
660 609 875 663 Doctor.
898 608 1086 678 Agitur
1101 608 1166 662 de
1186 605 1578 661 resurrectione
1603 614 1954 667 mortuorum,

374 701 526 770 Cujus
568 701 846 754 veritatem
895 701 1090 769 passim
1135 698 1325 752 asserit
1361 715 1373 750 :
1411 705 1740 749 mortuorum
1783 704 1959 748 autem

380 796 834 851 resurrectionem
862 794 1124 848 innumeri
1146 792 1408 861 negabant
1430 790 1796 862 Chrysostomi
1824 805 1959 844 aevo.

374 886 944 963 Prosequitur’poslca
992 884 1059 939 de
1102 882 1424 937 instituenda
1468 881 1761 936 secundum
1792 881 1959 935 Deutn

374 981 506 1043 vita,
540 979 605 1033 de
629 979 908 1043 adeundis,
939 993 1196 1047 perpensa
1229 976 1427 1045 praemii
1458 973 1850 1045 magnitudine,
1881 974 1961 1026 Ia-

375 1071 646 1125 boribus:
694 1070 1002 1123 nonnullam
1059 1068 1318 1122 bonorum
1371 1081 1593 1135 operum
1661 1064 1964 1120 mercedem

375 1162 537 1216 etiam
566 1161 617 1215 in
643 1160 740 1214 hac
764 1162 864 1213 vita
895 1159 1072 1225 tribui,
1098 1159 1242 1213 Pauli
1266 1158 1518 1226 exemplo
1546 1156 1819 1225 probatur.

449 1250 699 1315 Interea,
729 1267 847 1321 qua:
872 1251 1094 1305 Joannis
1130 1249 1498 1320 Chrysostomi
1532 1258 1775 1316 tempore
1824 1247 1963 1301 acci-

379 1345 573 1399 derunt
596 1385 610 1407 ,
641 1343 772 1397 nihil
802 1341 1202 1397 memorabilius
1230 1340 1316 1393 illa
1340 1328 1792 1393 A'ntioclienorum
1827 1336 1967 1391 sedi-

380 1437 544 1500 tione,
574 1450 677 1505 qua
706 1434 926 1503 dejectis
948 1433 1234 1488 Theodosii
1257 1431 1597 1501 Imperatoris
1623 1440 1676 1485 et
1702 1429 1967 1484 Flaccilla:

378 1528 495 1597 ejus
543 1528 724 1582 uxoris
764 1527 991 1590 statuis,
1036 1526 1331 1595 iisdemque
1375 1540 1470 1594 per
1509 1524 1695 1577 urbem
1727 1523 1964 1591 raptatis,

381 1619 739 1674 Theodosium
769 1620 835 1672 ita
863 1626 1267 1685 exasperarunt,
1300 1624 1358 1670 ut
1379 1615 1446 1670 de
1468 1614 1600 1669 urbe
1624 1613 1850 1668 delenda
1878 1628 1968 1666 co-

380 1711 642 1779 gitavcril.
689 1710 812 1764 Ilaec
856 1710 950 1762 fuit
992 1707 1379 1779 Chrysostomo
1420 1716 1606 1761 nostro
1649 1706 1715 1758 ad
1752 1704 1968 1759 concio-

382 1801 540 1855 nandi
572 1801 875 1856 facultatem
907 1799 1262 1855 exercendam
1294 1799 1467 1868 ampla
1494 1798 1763 1852 materies.
1790 1797 1968 1850 Antio-

382 1893 568 1947 clienis
614 1892 807 1962 quippe
854 1891 992 1945 inter
1032 1905 1179 1959 spem
1222 1900 1276 1944 et
1314 1898 1512 1943 metum
1554 1886 1964 1951 ﬂuctuantibus,

378 1984 507 2038 dum
522 1984 781 2055 repentini
798 2000 953 2038 casus
974 1998 1163 2037 novam
1188 1984 1714 2053 inexspectatamque
1732 1979 1969 2049 quotidie

386 2075 470 2129 vel
511 2075 760 2143 sperandi
792 2075 873 2128 vel
908 2073 1129 2128 timendi
1158 2088 1375 2127 causam
1406 2071 1661 2126 oﬁ‘errent
1685 2112 1699 2134 ,
1731 2070 1965 2139 impara-

385 2177 468 2220 tus
498 2166 607 2221 fere
632 2180 849 2235 semper
873 2164 1306 2236 Chrysostomus,
1334 2174 1493 2233 prout
1515 2177 1601 2216 res
1629 2176 1753 2216 sese
1773 2159 1971 2214 dabant

381 2258 579 2327 stylum
611 2266 820 2311 vertere
849 2265 1085 2322 coactus,
1115 2270 1257 2325 saepe
1286 2271 1348 2310 ex
1380 2263 1637 2323 tempore,
1665 2254 1780 2306 illas
1802 2252 1972 2305 admi-

384 2349 590 2402 ratione
618 2346 805 2417 dignas
849 2348 1135 2402 conciones
1182 2347 1557 2416 pronuntiabat
1590 2350 1608 2414 (
1639 2342 1880 2397 Homilia:
1905 2344 1971 2395 ad

384 2438 755 2503 Auliochenos,
806 2447 844 2491 ε.
889 2437 945 2493 2.
1003 2437 1216 2508 initio);
1268 2436 1429 2491 modo
1470 2445 1529 2490 ut
1573 2435 1625 2487 in
1670 2433 1972 2488 calamitate

376 2538 688 2582 versantem
739 2528 991 2599 populum
1043 2527 1427 2589 consolaretur,
1478 2525 1637 2579 modo
1680 2532 1740 2577 ut
1779 2525 1972 2577 fractos

387 2622 602 2690 periculi
646 2620 1009 2691 magnitudine
1038 2622 1243 2675 animos
1272 2620 1615 2674 conﬁrmaret
1641 2636 1653 2671 :
1679 2627 1787 2671 tum
1832 2632 1971 2684 prie-

376 2714 539 2783 .oipue
571 2721 627 2766 ut
653 2712 937 2767 occasione
974 2712 1365 2766 imminentium
1392 2711 1652 2763 malorum
1681 2706 1971 2761 Antioche-

386 2822 485 2861 nos
545 2805 612 2860 ad
675 2806 801 2860 vitia
849 2804 1163 2876 corrigenda
1207 2815 1261 2858 et
1312 2819 1488 2857 mores
1537 2798 1970 2870 componendos,

386 2897 718 2968 eluendaque
760 2897 960 2952 scelera
984 2939 998 2963 ,
1044 2913 1163 2966 qua:
1195 2906 1391 2949 tantam
1427 2896 1516 2948 Dei
1546 2895 1679 2948 iram
1711 2892 1973 2947 accende-

379 3000 528 3056 rant,
555 2991 878 3044 monitorum
906 2989 1199 3059 frequentia
1225 2989 1514 3042 deduceret
1541 3006 1552 3040 :
1582 2987 1670 3056 qui
1698 2996 1844 3040 certe
1878 2999 1973 3038 co-

382 3092 543 3137 natus
566 3083 951 3154 Chrysostomo
979 3082 1142 3137 cessit
1180 3097 1248 3135 ex
1277 3089 1401 3135 voto
1421 3122 1436 3147 ,
1466 3088 1523 3133 ut
1558 3079 1648 3133 ille
1674 3077 1867 3133 alicubi
1896 3075 1975 3130 fa-

392 3182 551 3228 tetur.

460 3265 787 3320 Antiocheam
819 3265 1080 3319 seditionis
1111 3264 1341 3319 historia.
1367 3294 1439 3303 —
1462 3263 1648 3318 Tanta:
1675 3277 1803 3318 vero
1830 3261 1974 3318 sedi-

388 3357 551 3412 tionis
588 3373 747 3413 causa
773 3357 899 3424 fuit,
933 3366 1068 3413 teste
1114 3357 1328 3411 Zosimo
1351 3353 1579 3427 (Zosim.
1611 3356 1649 3408 ι.
1680 3355 1744 3424 4)
1769 3396 1785 3421 ,
1814 3354 1977 3407 nimia

388 3451 714 3505 tributorum
743 3491 757 3515 ,
803 3466 922 3521 quae
963 3450 1197 3520 quotidie
1227 3449 1662 3519 excogitabantur
1684 3489 1699 3510 ,
1729 3446 1937 3502 exactio
1959 3488 1974 3514 ,

387 3544 506 3596 sive
533 3557 630 3612 pro
654 3542 966 3597 celebritate
1009 3542 1179 3612 quinti
1206 3541 1320 3596 initi
1364 3541 1432 3595 ab
1475 3540 1704 3595 Arcadio
1739 3540 1863 3593 anni
1913 3553 1978 3592 ex

390 3650 502 3702 quo
554 3634 823 3704 Augustus
850 3636 1218 3705 promulgatus
1271 3635 1479 3697 fuerat,
1511 3641 1565 3687 et
1612 3632 1804 3687 decimi
1856 3631 1978 3685 anni

398 3727 682 3781 Theodosii
715 3726 1081 3795 Imperatoris,
1104 3726 1195 3797 qui
1225 3740 1365 3779 anno
1394 3725 1489 3779 58l
1526 3723 1840 3794 incipiebat,
1869 3722 1982 3777 sive

394 3833 496 3885 pro
523 3829 777 3887 apparatu
809 3817 932 3872 belli
958 3826 1141 3872 contra
1191 3816 1475 3871 Maximum
1507 3826 1827 3887 tyrannum,
1869 3815 1983 3869 sive

396 3922 497 3977 pro
524 3908 643 3963 aliis
672 3908 893 3978 publicis
938 3908 1364 3962 necessitatibus.
1399 3906 1604 3960 Tributi
1649 3921 1816 3960 onere
1863 3920 1984 3974 pcr—

396 3998 529 4052 culsi
559 3998 874 4054 Antiocheui
913 4000 1057 4052 cives
1092 3997 1406 4055 Praefectum
1453 3997 1683 4064 adeunt,
1716 3998 1751 4051 ii
1782 3998 1985 4052 scilicet

395 4089 487 4159 qni
516 4089 814 4144 urbanioris
855 4098 994 4144 notae
1021 4098 1211 4154 erant;
1244 4100 1297 4143 et
1336 4089 1688 4159 lacryinautes
1714 4127 1728 4151 ,
1760 4087 1983 4156 veCtigal

396 4180 654 4236 indictum
682 4181 902 4235 nimium
929 4189 1242 4250 queruntur,
1272 4180 1471 4250 Deique
1500 4194 1654 4249 opem
1681 4179 1981 4248 implorant.

404 4272 604 4328 Deinde
636 4288 765 4327 vero
794 4273 1337 4327 circuml'oraneorum
1368 4282 1420 4327 et
1457 4279 1763 4325 exterorum
1816 4270 1987 4325 homi-

403 4380 529 4418 num
559 4381 627 4419 ex
667 4364 849 4419 inﬁma
894 4364 1047 4434 plebe
1108 4364 1260 4418 turba
1286 4404 1302 4429 ,
1334 4364 1617 4418 commotis
1656 4362 1848 4417 animis
1873 4404 1888 4429 ,
1933 4364 1985 4416 in

402 4456 637 4509 facinora
682 4465 986 4527 erumpunt.
1018 4456 1197 4510 Primo
1236 4457 1287 4510 in
1344 4456 1558 4525 publico
1590 4456 1782 4510 balneo
1808 4455 1985 4509 omnia

402 4547 667 4616 susdeque
714 4556 959 4617 ponunt:
1009 4547 1131 4602 hinc
1175 4546 1415 4602 Pratfecti
1484 4547 1701 4601 domum
1750 4547 1984 4615 adeunt,

403 4638 670 4692 cancellos
711 4638 1007 4708 januasqne
1037 4638 1538 4707 invadunt;vixque
1583 4639 1839 4704 coerciti,
1883 4639 1989 4693 alio

403 4731 636 4785 furorem
669 4741 1005 4792 convertunt,
1037 4731 1379 4801 depictasque
1403 4729 1783 4801 Imperatorem
1818 4730 1987 4784 tabel-

404 4823 483 4877 las
512 4823 773 4893 lapidibus
800 4825 1061 4893 impetum
1082 4866 1099 4889 ,
1132 4825 1332 4879 fcedant
1354 4833 1407 4878 et
1431 4822 1750 4878 labefactant
1776 4843 1788 4877 :
1816 4826 1988 4892 ipsos-

404 4930 507 4983 que
531 4918 793 4985 Augustos
807 4915 1102 4969 maledictis
1129 4925 1181 4969 et
1205 4916 1457 4970 coaviciis
1487 4926 1744 4970 onerant:
1774 4916 1989 4971 demum

410 5008 749 5078 Imperatoris
798 5007 1088 5063 Theodosii
1136 5009 1504 5077 Flaccilla‘que
1531 5010 1647 5076 ejus
1674 5009 1854 5063 uxoris
1879 5010 1988 5079 jam

405 5102 670 5157 defuncta:
691 5110 895 5157 statuas
909 5101 1186 5169 dejiciunt,
1212 5110 1264 5156 et
1292 5117 1387 5171 per
1416 5102 1562 5155 vicos
1590 5102 1986 5172 urbisraptaut.

406 5194 629 5263 Jamque
667 5194 822 5263 plura
878 5192 1077 5248 inferre
1127 5193 1322 5247 damna
1373 5203 1689 5263 coeperant,
1726 5208 1845 5247 cum
1893 5194 1993 5247 im-

408 5289 568 5342 missa
600 5303 628 5340 a
665 5287 924 5342 Praefecto
952 5288 1345 5355 sagittariorum
1378 5303 1535 5340 manu
1556 5328 1570 5350 ,
1595 5286 1805 5355 depulsi
1843 5296 1987 5341 sunt.

405 5381 496 5435 Sic
521 5381 780 5435 exstincta
821 5380 1104 5446 seditione,
1139 5380 1304 5434 furori
1337 5380 1493 5434 timor
1513 5380 1802 5443 successit;
1831 5388 1991 5448 atque

406 5472 733 5527 imminentis
764 5487 937 5542 pinna:
966 5471 1294 5540 exspectatio
1329 5471 1541 5525 onerosi
1570 5470 1798 5540 impositi
1826 5470 1992 5523 vecti-

407 5565 540 5632 galis
570 5562 892 5617 oblivionem
951 5563 1175 5616 induxit.
1216 5563 1353 5627 Quid
1400 5561 1523 5615 hinc
1567 5562 1637 5615 sit
1684 5575 1989 5629 consequu-

406 5667 514 5709 tmn
535 5697 548 5718 ,
574 5654 708 5709 infra
734 5655 1034 5710 narrabitur
1062 5654 1115 5709 in
1146 5656 1458 5709 recensione
1480 5653 1852 5717 homiliarum;
1880 5652 1990 5721 jam

402 5747 469 5800 de
498 5762 637 5801 anno
672 5746 948 5801 seditionis
970 5787 985 5814 ,
1014 5762 1119 5817 quo
1172 5746 1254 5801 hil}
1291 5755 1415 5801 sunt
1468 5745 1661 5801 habitzc
1709 5744 1941 5801 homilia:
1966 5785 1982 5813 ,

403 5838 594 5907 aliquid
624 5839 925 5894 dicendum.

1560 398 1741 456 NUNC
1780 397 2042 453 PRIMUM
2086 401 2122 451 .-\
2135 395 2476 453 DORNATA.

3550 406 3649 463 IN

2144 512 2299 565 MiSsa
2327 511 2648 567 Theodoreti
2679 523 2734 568 et
2765 514 3042 571 Sozomeui
3072 521 3373 575 narratione
3392 562 3406 587 ,
3452 538 3518 578 ex
3546 542 3648 595 qua

2072 614 2192 673 post
2218 605 2411 659 bellum
2435 615 2619 660 contra
2646 607 2930 663 Maximum
2956 611 3149 666 seditio
3177 614 3322 669 istaec
3348 624 3402 670 et
3428 620 3648 673 concio-

2072 711 2212 750 nesa
2250 696 2633 769 Chrysostorno
2663 697 2855 755 habitae
2884 701 3119 757 locandas
3168 715 3347 759 essent
3369 750 3383 770 ,
3415 723 3479 761 ex
3511 712 3650 765 notis

2073 780 2327 848 temporis
2354 781 2509 850 longe
2535 782 2852 838 certioribus
2880 795 3004 840 ante
3047 786 3240 842 bellum
3272 801 3453 844 contra
3482 793 3649 848 Maxi-

2075 890 2217 928 mum
2273 874 2387 929 haec
2414 875 2673 931 accidisse
2721 879 2833 946 jam
2879 880 3168 947 probarunt
3216 884 3313 937 viri
3370 884 3549 950 docti,
3598 897 3648 941 t-t

2072 968 2309 1036 pluribus
2332 970 2565 1023 asseruit
2610 969 2975 1026 Tillemontius
3003 973 3054 1026 in
3101 986 3225 1029 nota
3272 975 3340 1028 27
3380 978 3444 1030 ad
3478 978 3645 1032 Vitam

2072 1059 2355 1114 Theodosii
2400 1060 2758 1130 Imperatoris.
2793 1062 3181 1118 Validissimum
3215 1081 3371 1134 porro
3394 1069 3642 1123 adversus

2073 1150 2216 1203 illam
2270 1151 2497 1219 priorem
2540 1154 2857 1207 sententiam
2910 1156 3116 1209 eruitur
3158 1168 3525 1225 argumentum
3584 1174 3648 1217 ω.

2073 1241 2202 1310 ipsis
2231 1241 2597 1313 Chrysostomi
2628 1244 2805 1298 verbis
2836 1262 2848 1296 :
2884 1260 3003 1299 nam
3036 1246 3259 1301 Ilomilia
3304 1248 3421 1303 XVI
3451 1290 3467 1315 ,
3502 1267 3649 1305 num.

2072 1334 2107 1387 2
2134 1374 2152 1400 ,
2183 1334 2498 1389 testificatur
2543 1335 2685 1390 hunc
2721 1351 2915 1390 annum
2948 1339 3237 1392 secundum
3266 1356 3384 1395 esse
3408 1383 3424 1406 ,
3456 1359 3521 1398 ex
3546 1359 3651 1413 quo

2073 1424 2378 1478 concionari
2405 1436 2660 1494 coeperat.
2691 1426 2865 1495 Coepit
2890 1438 3067 1482 autem
3096 1444 3215 1483 cum
3263 1432 3537 1502 presbyter
3564 1448 3654 1487 or-

2074 1516 2285 1570 dinatus
2337 1517 2434 1571 fuit
2454 1559 2468 1584 ,
2498 1533 2637 1571 anno
2664 1518 2880 1573 ineunte
2908 1521 3011 1577 586
3040 1539 3052 1574 :
3082 1525 3425 1590 quamobrem
3457 1526 3508 1578 in
3550 1541 3652 1579 an-

2076 1624 2199 1661 num
2246 1609 2349 1663 587
2398 1610 2512 1663 lucc
2561 1611 2877 1665 conferenda
2924 1622 3068 1668 sunt.
3118 1614 3380 1669 Baronius
3433 1624 3650 1681 tanien,

2075 1696 2321 1752 Petavius
2348 1706 2402 1753 et
2446 1699 2704 1755 Ilenricus
2754 1701 2995 1757 Valesius
3046 1704 3098 1758 in
3149 1721 3346 1759 annum
3392 1707 3496 1762 588
3539 1707 3654 1762 haec

2074 1787 2400 1860 conjiciunt:
2436 1792 2658 1863 ideoque
2691 1795 2830 1849 hunc
2851 1796 3112 1850 calculum
3141 1808 3381 1867 ponunt,
3412 1802 3532 1868 quia
3563 1801 3655 1853 illo

2074 1900 2215 1939 anno
2238 1886 2523 1954 incipiebat
2550 1886 2790 1941 decimus
2823 1888 3029 1958 imperti
3071 1878 3381 1953 Theodosii,
3410 1891 3476 1945 ad
3502 1894 3656 1961 cujus

2075 1976 2437 2031 celebritatem
2466 1977 2736 2031 inductum
2768 1978 2865 2032 fuit
2910 1980 3164 2033 tributum
3196 1996 3355 2049 supra
3386 1997 3652 2036 memora-

2078 2077 2206 2121 tum.
2235 2068 2388 2134 Quod
2431 2077 2609 2123 autem
2640 2086 2704 2124 ex
2737 2066 2955 2125 Libanio
2984 2071 3203 2126 affertur
3226 2073 3292 2126 ad
3333 2073 3472 2128 illam
3502 2083 3660 2130 lue-'-

2076 2160 2195 2214 dam
2217 2162 2557 2225 sententiam,
2588 2162 2891 2217 intricatum
2915 2163 3133 2217 omnino
3160 2173 3260 2228 est,
3286 2172 3342 2218 et
3369 2164 3433 2217 ad
3460 2173 3657 2218 utram-

2077 2253 2156 2307 vis
2182 2254 2484 2322 opinionem
2516 2263 2692 2322 potest
2717 2255 3043 2324 detorqueri.
3066 2256 3361 2311 Certiorem
3391 2272 3550 2327 porro
3575 2259 3657 2312 his

2077 2345 2326 2400 omnibus
2366 2354 2546 2400 notam
2578 2346 2814 2401 eruimus
2856 2364 2923 2401 ex
2975 2363 3039 2402 eo
3068 2390 3083 2413 ,
3130 2347 3273 2417 quod
3325 2347 3658 2404 Theodosius

2079 2436 2373 2507 imperator
2432 2438 2733 2494 certissime
2790 2440 3252 2510 Constantinopoli
3301 2442 3517 2510 degeret
3566 2460 3659 2513 per

2078 2530 2306 2585 hiemem
2323 2541 2375 2585 et
2395 2530 2862 2601 Quadragesimam
2883 2534 3004 2588 anni
3027 2534 3131 2590 587
3158 2553 3170 2588 :
3206 2549 3312 2604 quo
3336 2537 3496 2590 etiam
3519 2551 3660 2589 anno

2077 2621 2391 2676 seditionem
2414 2621 2699 2692 contigisse
2725 2632 2964 2690 oportet:
2984 2638 3105 2678 nam
3132 2634 3367 2694 tempore
3387 2626 3663 2680 seditionis

2076 2712 2531 2782 Constantinopoli
2571 2723 2686 2767 erat
2715 2731 2729 2779 ;
2759 2730 2900 2769 anno
2924 2725 3101 2770 autem
3128 2719 3369 2786 sequenti
3410 2720 3507 2771 hac
3549 2717 3661 2786 ipsa

2081 2813 2396 2875 tempestate
2460 2804 2853 2861 Thessalonice
2926 2808 3237 2861 versabatur
3309 2808 3660 2864 Theodosius.

2079 2896 2232 2963 Quod
2252 2897 2499 2965 objicitur
2514 2913 2644 2952 vero
2673 2913 2737 2951 ex
2754 2897 3111 2953 celebratione
3133 2901 3255 2952 anni
3273 2900 3463 2954 decimi
3491 2900 3663 2955 Then-

2080 2991 2214 3044 dosii
2234 3032 2248 3055 ,
2277 2990 2365 3060 qui
2394 3005 2535 3044 anno
2564 2990 2667 3045 388
2690 2990 2974 3059 incipiebat
3003 3008 3016 3055 ;
3052 2990 3180 3046 illud
3201 3033 3217 3056 ,
3264 2993 3477 3061 inquam
3512 2995 3660 3047 nihili

2080 3091 2183 3146 est,
2234 3097 2355 3137 cum
2384 3092 2586 3136 certum
2618 3082 2689 3135 sit
2731 3098 2795 3135 ex
2851 3082 2998 3136 fastis
3033 3081 3180 3135 Idatii
3227 3092 3285 3137 et
3325 3083 3661 3150 Marcellini,

2082 3175 2253 3243 ipsum
2282 3174 2405 3227 anni
2436 3173 2627 3228 decimi
2658 3173 2864 3242 imperii
2901 3176 2983 3228 sui
3003 3173 3361 3229 celebritatem
3390 3190 3494 3228 uno
3525 3189 3665 3227 anno

2085 3265 2416 3334 prmvertisse
2443 3305 2459 3331 ,
2506 3274 2563 3318 ut
2603 3280 2723 3319 cum
2773 3264 2879 3318 ﬁlio
2928 3280 3024 3319 suo
3049 3265 3277 3320 Arcadio
3306 3306 3320 3331 ,
3348 3266 3437 3335 qui
3466 3282 3663 3319 annum

2082 3359 2325 3429 quintum
2380 3358 2588 3427 imperii
2644 3372 2785 3411 anno
2829 3357 2932 3411 587
2989 3357 3183 3421 inibat,
3226 3372 3327 3412 una
3400 3357 3665 3412 decimum

2084 3466 2238 3505 suum
2306 3451 2639 3517 celebraret,
2710 3449 3151 3520 quemadmodum
3212 3460 3268 3505 et
3326 3450 3670 3506 Maximianus

2086 3541 2405 3605 Herculius,
2461 3557 2583 3596 cum
2624 3558 2819 3595 annum
2867 3541 3129 3596 decimum
3174 3549 3418 3597 octavum
3465 3551 3666 3597 tantum

2086 3634 2292 3704 imperii
2321 3634 2402 3687 sui
2445 3643 2628 3703 ageret
2653 3675 2666 3698 ,
2722 3649 2822 3686 una
2851 3648 2970 3687 cuni
3000 3633 3326 3687 Diocletiano
3346 3676 3358 3697 ,
3388 3635 3476 3704 qui
3520 3636 3662 3705 vige-

2086 3725 2281 3778 simum
2323 3725 2881 3793 agebat,vigesimum
2912 3734 2967 3778 et
3014 3724 3127 3793 ipse
3178 3725 3490 3779 celebrarat.
3530 3726 3669 3781 Nihil

2088 3816 2265 3884 itaque
2292 3814 2418 3869 hinc
2458 3825 2634 3884 potest
2662 3826 2847 3869 contra
2876 3815 3135 3869 calculum
3165 3825 3402 3870 nostrum
3445 3818 3624 3872 inferri
3651 3860 3667 3882 ,

2090 3918 2145 3961 ut
2174 3909 2376 3977 optime
2402 3909 2590 3978 probat
2618 3908 3009 3963 Tillemontius.

2160 3999 2339 4068 Longe
2364 4000 2574 4068 gravior
2602 3999 2884 4054 difﬁcultas
2912 4000 3105 4068 opponi
3135 4010 3316 4069 posset
3356 4017 3421 4055 ex
3469 4001 3674 4055 calculo

2093 4090 2332 4144 Paschali
2375 4092 2524 4145 istius
2570 4092 2692 4145 anni
2732 4092 2856 4157 587,
2895 4109 2997 4159 quo
3023 4093 3311 4145 secundum
3346 4094 3549 4147 tabulas
3577 4094 3678 4147 Pa-

2090 4183 2303 4237 schales
2325 4183 2526 4237 Pascha
2553 4183 2817 4239 incidebat
2838 4185 2892 4237 in
2917 4185 3055 4239 diem
3077 4183 3148 4239 95
3176 4185 3398 4253 Aprilis;
3428 4194 3480 4239 et
3497 4194 3673 4239 tamen

2091 4273 2293 4329 Pascha
2314 4274 2617 4329 Iudaeorum
2650 4277 2751 4330 hoc
2783 4290 2923 4329 anno
2944 4276 3329 4342 celebrabatur,
3356 4284 3489 4330 teste
3513 4277 3671 4346 Chry-

2091 4373 2327 4422 sostomo
2349 4407 2365 4433 ,
2396 4366 2596 4435 aliquot
2623 4366 2811 4421 diebus
2838 4378 2953 4435 post
2992 4366 3191 4420 Pascha
3232 4367 3672 4423 Christianorum.

2091 4458 2245 4527 Quod
2285 4474 2413 4514 vero
2458 4458 2627 4513 JUdiI'i
2674 4466 2793 4527 post
2839 4458 3148 4528 vigesimam
3190 4460 3427 4528 quintam
3478 4461 3678 4529 Aprilis

2094 4550 2296 4606 Pascha
2335 4549 2696 4615 celebrarint,
2729 4550 2779 4602 id
2808 4552 2989 4618 utique
3031 4566 3315 4618 numquam
3360 4552 3675 4621 contingere

2095 4643 2285 4712 potuit.
2315 4641 2675 4708 Quamobrem
2699 4683 2714 4708 ,
2744 4650 2803 4695 ut
2834 4642 3072 4709 pluribus
3098 4658 3254 4710 supra
3286 4642 3546 4707 diximus,
3580 4660 3677 4696 va-

2095 4734 2339 4789 rietatem
2363 4733 2414 4786 in
2432 4733 2642 4787 calculo
2658 4733 2897 4787 Paschali
2918 4732 3210 4787 Antiochize
3227 4750 3367 4788 anno
3392 4736 3494 4789 387
3514 4734 3680 4790 fuiSsa

2097 4824 2385 4893 putandum
2416 4834 2498 4878 est
2527 4842 2538 4876 :
2582 4839 2702 4893 qua:
2732 4823 3014 4877 varietates
3042 4837 3145 4877 tam
3190 4824 3493 4893 frequenter
3533 4842 3676 4881 aect-

2095 4915 2321 4982 derunt,
2358 4925 2416 4969 ut
2463 4915 2657 4969 ibidem
2698 4915 2919 4969 dicimus
2942 4956 2957 4981 ,
2986 4925 3042 4967 ut
3079 4915 3165 4970 hic
3209 4916 3368 4970 etiam
3422 4917 3680 4974 accidisse

2098 5008 2288 5061 mirum
2323 5022 2427 5060 non
2458 5008 2545 5060 sit.

2168 5099 2533 5154 Tillemontius
2579 5108 2755 5155 tamen
2809 5098 2897 5167 qui
2965 5097 3326 5152 difficultatem
3376 5098 3679 5168 hujusmodi

2098 5190 2150 5243 in
2179 5190 2317 5243 netis
2342 5189 2407 5244 ad
2436 5189 2607 5244 Vitam
2648 5188 3037 5258 Chrysostomi,
3073 5189 3159 5241 ubi
3191 5189 3366 5257 agitur
3393 5188 3460 5242 de
3491 5188 3673 5243 Homi-

2099 5282 2185 5337 liis
2210 5292 2397 5336 contra
2423 5280 2660 5347 Judmos,
2697 5279 3073 5335 animadvertit
3099 5286 3152 5333 et
3187 5280 3449 5341 excussit,
3481 5280 3680 5333 nullatn

2098 5374 2213 5441 ejus
2272 5374 2598 5428 mentionem
2643 5372 2768 5427 fecit
2797 5372 2849 5425 in
2892 5372 3032 5424 notis
3082 5370 3148 5425 ad
3184 5370 3355 5424 Vitam
3396 5371 3680 5425 Theodosii

2097 5464 2439 5533 Imperatoris
2486 5480 2499 5518 :
2555 5464 2642 5517 ubi
2710 5462 2958 5517 honiilias
2998 5461 3155 5516 hasce
3207 5461 3572 5532 Chrysostomi
3618 5462 3683 5514 ad

2099 5558 2349 5627 populum
2377 5557 2766 5611 Antiochenum
2797 5556 2868 5610 ita
2893 5555 3138 5622 ordinat,
3166 5569 3228 5609 ac
3266 5556 3309 5608 si
3343 5555 3543 5608 Pascha
3571 5596 3584 5619 ,
3627 5568 3683 5610 ut

2098 5649 2275 5704 ferunt
2304 5648 2588 5703 Paschalcs
2611 5647 2821 5714 tabula),
2849 5646 3093 5701 inciderit
3121 5646 3175 5701 in
3190 5645 3498 5717 vngesitnam
3530 5648 3685 5716 quin-

2100 5751 2206 5796 tam
2246 5742 2463 5812 Aprilis.
2492 5741 2721 5795 Primam
2751 5740 2909 5811 igitur
2938 5740 3209 5794 homiliam
3247 5738 3401 5808 paulo
3429 5750 3553 5794 ante
3595 5755 3681 5793 se-

2101 5834 2354 5890 ditionem
2380 5832 2515 5888 locat
2550 5850 2561 5885 :
2593 5831 2906 5888 seditionem
2949 5847 3073 5887 vero
3119 5830 3370 5903 \‘igt‘sillla
3402 5841 3547 5886 sexta
3580 5830 3683 5887 Fo-
