4122 6386
460 399 556 455 HS

458 509 652 565 bruaril
680 552 693 574 ,
725 510 907 565 decem
956 506 1141 564 diebus
1190 517 1311 561 ante
1347 505 1809 576 Quadragesimam
1836 546 1849 567 ,
1907 518 2026 573 quae

456 600 752 656 Antiochia:
804 600 1088 670 incipiebat
1129 598 1258 653 feria
1291 596 1518 652 secunda
1566 594 2027 665 Quinquagesitnae

459 698 673 757 nostrte,
695 691 784 744 illo
801 706 942 745 anno
964 691 1017 745 in
1035 690 1069 745 8
1092 689 1259 743 Martii
1279 688 1521 743 cadente.
1542 686 1838 743 Secundam
1857 685 2028 741 homi—
2050 676 2054 680 Α

458 780 581 834 liam
609 780 688 835 vel
738 780 866 835 feria
903 780 1082 851 quinta
1108 780 1193 833 vel
1234 779 1456 833 sabbato
1499 785 1624 831 ante
1672 776 2023 846 Quadragcsi-

428 888 596 927 .mam
627 875 660 928 6
687 871 877 939 Martii,
905 883 1091 927 octavo
1138 882 1256 942 post
1306 874 1619 928 seditionem
1654 873 1758 927 die.
1791 872 2023 925 Tertiam

458 962 728 1016 Dominica
750 973 1001 1032 sequente
1018 964 1049 1016 7
1069 962 1236 1016 Martii
1264 963 1345 1017 vel
1370 964 1598 1018 circiter.
1624 962 1876 1030 Quartam
1898 962 2026 1015 feria

455 1053 685 1107 secunda
712 1054 948 1124 sequenti
974 1054 1008 1109 8
1030 1055 1218 1108 Martii.
1242 1056 1488 1122 Quintam
1516 1055 1646 1109 feria
1675 1055 1824 1109 tertia
1845 1054 1878 1110 9
1903 1054 2028 1108 Mar-

458 1143 534 1197 tii.
568 1143 780 1198 Sextam
810 1144 935 1198 feria
975 1154 1156 1214 quarta
1184 1146 1427 1210 circiter,
1454 1161 1549 1199 seu
1595 1145 1661 1200 l0
1709 1145 1899 1199 Martii.
1928 1145 2026 1199 Se-

460 1237 673 1305 ptituam
702 1235 830 1290 l'eria
860 1238 1038 1306 quinta
1070 1238 1130 1291 ll
1179 1238 1368 1291 Martii.
1400 1237 1648 1293 Octavam
1698 1236 1828 1292 feria
1877 1249 2023 1291 sexta

457 1327 527 1381 η
559 1328 747 1381 Martii.
778 1327 978 1381 Nonant
1028 1328 1154 1381 l'eria
1188 1329 1416 1382 secunda
1447 1328 1791 1384 hebdomada:
1835 1342 2024 1383 secun-

454 1417 537 1472 dae
560 1417 983 1488 Quadragesimaz
1012 1420 1075 1473 l5
1105 1418 1293 1473 Martii.
1318 1420 1584 1474 Decimam
1626 1420 1806 1489 paucis
1830 1419 2024 1488 elapsis

458 1517 636 1574 postea
665 1509 872 1564 diebus.
900 1508 1239 1565 Undecimam
1267 1520 1447 1579 utpote
1476 1511 1872 1581 tranSpositam,
1890 1507 2023 1566 feria

455 1598 682 1653 secunda
699 1608 900 1669 quarta:
925 1600 1270 1655 hebdomadis
1295 1600 1721 1670 Quadragesima:
1736 1599 1808 1655 29
1831 1600 2020 1655 Martii.

460 1689 834 1745 Duodecimam
887 1690 1019 1746 feria
1045 1692 1196 1746 tertia
1249 1702 1503 1763 sequente
1531 1693 1601 1749 50
1638 1694 1831 1748 Martii.
1866 1694 2024 1749 Deci-

456 1796 595 1833 mam
626 1782 834 1835 tertiam
866 1780 993 1837 feria
1035 1792 1219 1852 quarta
1250 1791 1508 1853 sequente
1553 1784 1614 1838 3i
1649 1784 1842 1839 Martii.
1875 1785 2024 1839 Deci-

457 1883 871 1943 mamquartam
910 1875 1067 1943 paulo
1113 1884 1232 1944 post
1271 1892 1386 1929 eam
1429 1892 1547 1945 qua:
1584 1876 1790 1931 decima
1836 1886 2022 1931 octava

454 1973 782 2031 muneratur,
808 1981 1030 2035 quaeque
1057 1966 1234 2021 habita
1262 1967 1358 2020 fuit
1388 1966 1657 2021 Dominica
1686 1968 1865 2037 quinta
1892 1966 2025 2034 Qua-

453 2054 765 2122 dtugesima:
804 2056 836 2110 5
865 2057 1078 2125 Aprilis.
1112 2057 1377 2110 Decimum
1412 2057 1647 2126 quintam
1690 2056 1911 2110 sabbato
1939 2071 2023 2110 sc-

452 2147 641 2201 cuuda:
668 2147 1008 2203 hebdomadis
1053 2150 1478 2219 Quadragesimae
1506 2191 1519 2212 ,
1572 2165 1665 2204 seu
1713 2147 1786 2205 20
1828 2150 2018 2204 Martii.

458 2238 722 2292 Decimum
769 2247 971 2294 sextam
1006 2240 1273 2295 Dominica
1306 2242 1457 2295 tertia
1499 2240 1927 2310 Quadragesimaz
1953 2242 2014 2294 21

453 2327 642 2379 Martii.
674 2327 939 2382 Decimam
988 2329 1265 2397 septimam
1298 2330 1437 2383 circa
1471 2329 1627 2383 linem
1659 2340 1861 2401 quarta:
1890 2329 2023 2385 lteb-

451 2418 692 2472 domadis
715 2418 1159 2490 Quadragesimw.
1188 2421 1454 2476 Decimam
1480 2431 1719 2476 octavam
1753 2422 2019 2477 Dominica

450 2507 633 2572 quinta
672 2508 1098 2579 Quadragesima:
1145 2509 1182 2566 5
1211 2512 1405 2581 Aprilis
1456 2512 1541 2567 vel
1594 2513 1825 2568 circiter.
1870 2512 2017 2568 Deoi-

447 2613 591 2652 mam
620 2615 814 2656 nouam
846 2612 962 2669 post
984 2602 1241 2656 decimam
1269 2615 1508 2673 quartam
1541 2606 1597 2659 ll
1628 2607 1841 2659 circiter
1867 2607 2024 2675 Apri-

453 2694 537 2747 lis.
570 2690 888 2761 Vigesimam
920 2694 1006 2747 die
1054 2695 1321 2751 Paschalis
1360 2697 1430 2751 95
1455 2698 1668 2766 Aprilis.
1698 2697 2021 2767 Vigesimam

453 2783 673 2849 primam
716 2784 902 2837 eodem
931 2785 1143 2840 circiter
1173 2797 1408 2855 tempore
1435 2804 1540 2858 quo
1583 2791 1889 2858 vigesimam
1929 2807 2019 2845 se-

450 2872 675 2929 cundam
716 2888 1021 2945 sequentem
1046 2918 1062 2940 ,
1089 2892 1205 2946 quae
1236 2878 1410 2933 habita
1457 2890 1537 2934 est
1571 2880 1698 2936 feria
1728 2892 1874 2936 sexta
1905 2895 2022 2951 post

455 2963 780 3018 Dominicam
824 2965 1092 3021 Passionis
1143 2967 1210 3022 16
1266 2971 1479 3039 Aprilis.
1523 2970 1611 3026 Sic
1658 2975 2019 3042 perturbatum

454 3054 704 3108 harumce
752 3055 1083 3111 hotniliarum
1140 3060 1381 3115 ordinem
1430 3077 1634 3116 summa
1683 3067 2020 3120 accuratione

453 3147 733 3202 restituere
787 3161 1006 3201 conatur
1048 3150 1444 3215 Tillemontius,
1477 3155 1592 3217 cui,
1643 3165 1698 3208 ut
1745 3156 1797 3210 in
1838 3156 2020 3212 multis

451 3236 835 3305 adstipulamur
859 3280 872 3301 ,
901 3240 953 3292 in
1003 3241 1119 3293 aliis
1147 3257 1440 3311 repugnare
1482 3246 1736 3314 cogimur.
1765 3246 2018 3302 Ordinem

454 3344 611 3396 porro
656 3330 987 3388 hontiliarum
1013 3337 1223 3404 qualem
1262 3340 1348 3393 ille
1373 3340 1592 3407 Statuit,
1640 3341 1725 3398 hic
1752 3359 1856 3397 uno
1886 3359 2017 3398 con-

449 3429 633 3489 spectu
660 3436 1122 3493 reprmsentatttzts.

452 3573 631 3624 riuum.
768 3585 941 3629 n-onto
963 3588 1084 3630 Duc.
1233 3584 1241 3641 |
1269 3583 1446 3634 Tillem.
1574 3597 1748 3640 Fronto
1776 3599 1895 3641 Duc.

511 3662 535 3723 1
785 3665 933 3713 Prima
1231 3662 1239 3723 I
1324 3667 1383 3716 Η
1595 3672 1783 3720 Decima
1818 3682 1957 3723 sexta

510 3721 542 3768 2
781 3725 995 3774 Secunda
1231 3721 1239 3781 I
1324 3730 1381 3776 13
1595 3733 1845 3781 Undecima

508 3782 542 3845 ξ
782 3788 942 3836 't‘ertia
1230 3782 1239 3845 I
1323 3790 1382 3839 H
1594 3795 1874 3845 Duodecima

505 3842 540 3918 ἑ
780 3853 948 3918 Quarta
1229 3842 1239 3918 1
1595 3842 1793 3918 Decima
1815 3842 1955 3908 tertia

504 3904 538 3980 ξ
782 3911 949 3980 Quinta
1229 3904 1237 3980 Ι
1323 3914 1381 3980 lg
1597 3917 1787 3965 Decima
1810 3904 2016 3980 septima

503 3964 537 4041 ρ
780 3964 921 4041 Sexta
1228 3964 1237 4041 Ι
1322 3976 1377 4041 Π
1594 3964 1786 4041 Decima
1793 3964 1956 4030 dedi-3

501 4027 535 4103 Ζ
777 4031 984 4103 septima
1228 4027 1236 4103 |
1321 4035 1380 4103 l_§
1593 4040 1783 4103 Decima
1804 4027 1974 4103 quarta

502 4087 564 4151 8,
778 4087 950 4141 octava
1228 4087 1236 4151 I
1321 4097 1381 4145 19
1594 4087 1786 4148 Decima
1812 4087 1974 4151 Boiis“
2008 4108 2013 4112 ’

501 4149 563 4224 {in
779 4158 902 4224 popa
1227 4149 1235 4224 ι
1318 4158 1378 4224 ξφ
1592 4167 1615 4207 \
1628 4160 1829 4224 igesina
1843 4149 2014 4214 secuti.

510 4209 564 4286 to
778 4215 966 4286 ltt'cinut
1049 4280 1059 4286 _
1227 4209 1235 4286 |
1319 4219 1377 4286 et
1594 4209 1831 4281 Viﬁesima
1849 4209 2016 4286 vita;

504 4272 556 4319 ll
778 4277 1143 4341 t)ecituaqui.:ta
1226 4272 1235 4319 Ι
1318 4279 1379 4328 2:2
1594 4272 1831 4341 Vtﬁesima

513 4420 806 4488 Antequam
833 4437 958 4476 vero
985 4422 1052 4478 de
1081 4425 1298 4493 singulis
1329 4426 1555 4482 homiliis
1579 4429 1921 4499 disseramus,
1953 4450 2016 4490 ac

436 4507 506 4561 de
534 4508 788 4579 cujusque
817 4519 924 4564 tum
969 4513 1155 4568 ordine
1196 4527 1302 4568 tum
1345 4530 1653 4586 argumento
1683 4537 1845 4591 pauca
1872 4526 2013 4579 dira-

439 4612 580 4662 mus,
608 4613 640 4653 e
666 4614 724 4653 rc
744 4598 901 4654 fuerit
918 4614 1194 4664 annotare,
1220 4620 1283 4659 ex
1310 4608 1459 4661 titulo
1479 4608 1728 4678 homiliar,
1750 4628 1867 4682 qua:
1887 4616 2011 4669 olim

440 4690 690 4760 vigesima
720 4695 970 4758 secunda,
996 4696 1104 4764 jam
1140 4712 1263 4750 vero
1288 4698 1538 4767 vigesima
1567 4716 1890 4769 numeratur,
1923 4709 2011 4777 qui

439 4780 619 4833 titulus
648 4781 699 4835 in
715 4781 865 4836 Notis
882 4781 1162 4838 Frontonis
1182 4795 1235 4840 et
1259 4787 1309 4841 in
1328 4788 1450 4843 Mss.
1470 4793 1666 4847 nostris
1683 4793 1855 4859 docet,
1876 4794 2013 4852 hanc

438 4872 707 4926 homiliam
739 4875 1126 4942 pronuntiatam
1163 4876 1321 4933 fuisse
1344 4879 1527 4935 decem
1553 4883 1739 4938 diebus
1762 4897 1884 4939 ante
1913 4886 2014 4941 Pa-

436 4963 563 5017 scha
592 4981 605 5017 :
637 4966 866 5035 itemque
893 4982 956 5023 ex
986 4967 1067 5021 bis
1098 4970 1269 5024 verbis
1296 4980 1419 5025 ante
1446 4974 1600 5028 linem
1629 4977 1877 5037 homilia...
1897 4980 2011 5049 jam

433 5056 768 5126 quadraginta
793 5060 899 5114 dies
923 5063 1295 5130 prtetericrual,
1319 5065 1484 5133 probe
1509 5066 1901 5123 Tilletnontiutn
1932 5071 2008 5124 in-

435 5143 604 5211 ferre,
635 5145 1097 5218 Quadragesimam
1128 5152 1263 5219 apud
1315 5155 1662 5211 \ntiocheuos
1688 5173 1752 5213 ex
1780 5175 2006 5215 consue-

433 5236 617 5291 tudine
645 5240 871 5307 cmpisse
899 5239 1031 5296 feria
1058 5244 1288 5297 secunda
1321 5256 1438 5313 post
1466 5247 1963 5320 Quinquagesimam
1989 5268 2002 5315 ;

431 5337 739 5396 septemque
763 5328 1177 5387 hebdomadibus
1205 5334 1343 5403 apud
1371 5335 1486 5389 illos
1516 5347 1675 5392 totam
1702 5340 2006 5411 Quadrage-

426 5417 619 5472 simam
667 5418 892 5488 persolvi
937 5423 1279 5478 consuevisse
1320 5443 1333 5478 :
1370 5425 1593 5497 jureque
1638 5428 2005 5491 Tillemontius

428 5509 565 5562 hanc
591 5507 860 5564 homiliam
888 5511 939 5565 in
966 5511 1151 5568 feriam
1178 5524 1379 5569 sextam
1402 5516 1745 5574 hebdomadis
1769 5521 2001 5578 ultimam

424 5598 855 5670 Quadragesimte
899 5600 1281 5658 hcbdomadem
1329 5610 1700 5674 prtecurrcntis
1741 5611 1948 5667 confert
1982 5630 2000 5671 :

1515 394 1572 450 s.
1610 392 1884 450 JOANNIS
1905 360 2376 447 CllRYSOSTOMI
2412 390 2589 457 vm,

3602 393 3702 446 ΗΒ

2139 516 2257 557 mus
2281 500 2766 572 Quadragesimam,
2797 517 2913 572 qum
2941 503 3142 571 aliquot
3171 502 3221 554 in
3254 502 3503 556 Ecclesiis
3532 503 3708 557 limiti-

2136 594 2231 648 bus
2249 595 2409 649 variis
2429 596 2825 664 circumscripta
2847 605 2980 661 erat,
3006 610 3099 664 per
3121 608 3324 666 septem
3353 596 3708 653 hebdomadas

2132 686 2428 741 Antiochiae
2451 687 2782 742 observatam
2812 686 2993 741 fuisse.

2202 779 2333 834 Cum
2372 794 2529 848 porro
2566 781 2871 834 memoratis
2908 795 3064 849 supra
3092 780 3159 835 de
3186 782 3360 834 causis
3383 822 3397 844 ,
3431 780 3706 836 Paschalcs

2134 869 2337 925 tabulas
2361 869 2665 935 hodiernas,
2694 886 2811 940 qua:
2838 870 3036 925 Pascha
3058 871 3181 925 anni
3203 871 3302 925 587
3328 872 3377 925 in
3404 871 3709 939 vigesimam

2130 962 2366 1031 quintam
2392 961 2689 1026 conferunt,
2715 978 2817 1016 non
2843 970 3079 1016 servatas
3102 962 3289 1015 saltem
3314 961 3414 1016 hoc
3439 978 3581 1016 anno
3602 964 3710 1017 An-

2132 1053 2342 1108 tiochia:
2367 1054 2529 1108 fuisse
2557 1069 2653 1117 pro
2676 1064 2824 1108 certo
2849 1053 3165 1117 habeamus;
3193 1070 3418 1123 cumque
3444 1055 3595 1109 nobis
3616 1071 3709 1109 ex-

2131 1144 2393 1213 ploratum
2423 1158 2528 1198 non
2556 1144 2750 1212 sitqna
2771 1144 2857 1199 die
2879 1160 3018 1199 anno
3037 1145 3142 1200 587
3162 1144 3474 1199 Antiocheni
3504 1145 3705 1200 Pascha

2129 1235 2526 1298 celebraverint,
2555 1248 2584 1286 a
2611 1233 2698 1289 die
2724 1235 2921 1290 mensis
2948 1235 2999 1288 in
3030 1235 3343 1289 recensione
3373 1235 3704 1289 homiliarum

2129 1325 2595 1379 commemorando
2633 1324 3048 1389 abstinebimus;
3079 1326 3172 1380 sed
3214 1325 3562 1380 indicabimus
3593 1338 3709 1380 tau-

2131 1425 2240 1471 tum
2262 1458 2277 1484 ,
2306 1416 2518 1486 quando
2544 1417 2595 1472 id
2626 1415 2835 1481 licebit,
2861 1431 2963 1485 qua
2989 1416 3074 1472 die
3102 1417 3448 1472 hebdomadis
3473 1418 3705 1471 homilia:

2129 1506 2284 1562 dictat
2307 1508 2520 1562 fuerint.

2202 1595 2441 1666 Humilia:
2462 1596 2524 1650 de
2549 1597 2763 1652 Statuit.
2792 1626 2853 1637 —
2874 1597 3049 1651 Prima
3083 1597 3259 1668 itaque
3288 1597 3501 1652 homilia
3528 1597 3701 1653 habita

2128 1697 2210 1741 cst
2236 1687 2419 1758 paucis
2440 1696 2563 1741 ante
2589 1687 2905 1742 seditionem
2930 1687 3313 1743 Antiochenam
3330 1689 3517 1744 diebus
3539 1687 3706 1762 (Anno

2128 1779 2274 1851 387),
2301 1788 2360 1833 ut
2382 1794 2448 1833 ex
2476 1779 2558 1834 his
2586 1779 2836 1834 secundae
2862 1779 3092 1834 homilia:
3112 1794 3259 1834 num.
3283 1781 3318 1835 5
3360 1780 3533 1834 verbis
3561 1783 3704 1834 erui-

2128 1880 2213 1925 tur
2243 1889 2256 1926 :
2287 1871 2513 1941 Longam
2542 1888 2703 1943 nuper
2727 1872 2865 1940 apud
2890 1872 3147 1926 caritatem
3181 1883 3397 1926 vestram
3431 1874 3705 1928 orationem

2127 1964 2412 2025 extendi,...
2437 1973 2483 2016 et
2502 1962 2729 2017 laborum
2748 1963 3017 2017 mercedem
3039 1964 3275 2034 accepi";
3300 1963 3425 2030 Qua:
3444 1979 3556 2018 vero
3576 1962 3706 2017 πιέγ-

2126 2070 2205 2107 ces
2235 2063 2341 2108 erat
2360 2053 2385 2107 Σ)
2421 2052 2644 2108 Civitatis
2677 2052 3099 2124 blaspltematorcs
3139 2054 3348 2123 punire,
3380 2064 3427 2108 et
3461 2055 3707 2124 castigare

2128 2143 2290 2198 Deum
2323 2145 2623 2199 contumelia
2657 2144 2922 2215 efﬁcientes
2941 2186 2956 2209 ,
2987 2155 3035 2198 et
3061 2144 3280 2213 furiosos
3303 2145 3548 2199 cohibere.
3580 2144 3705 2200 Haec

2128 2236 2308 2306 procul
2339 2236 2501 2290 dubio
2534 2244 2776 2305 spectant
2801 2235 2867 2290 ad
2894 2236 3117 2306 primam
3148 2234 3416 2290 homiliam
3439 2276 3452 2298 .
3481 2251 3704 2305 eamque

2127 2328 2508 2395 longissimam,
2533 2327 2600 2380 de
2624 2337 2926 2381 sanctorum
2952 2327 3223 2392 aerumnis,
3246 2325 3418 2396 deque
3461 2327 3550 2382 Dei
3580 2342 3700 2396 pro-

2127 2420 2358 2473 videntia
2387 2435 2509 2488 erga
2536 2420 2733 2473 electos
2761 2433 2907 2481 suos,
2929 2419 3018 2488 qui
3046 2418 3099 2472 in
3127 2418 3225 2474 hac
3248 2419 3350 2472 vita
3376 2419 3699 2484 cruciantur,

2124 2519 2179 2565 et
2202 2510 2454 2563 adversus
2489 2527 2581 2563 eos
2614 2511 2700 2579 qui
2743 2509 3050 2580 blasphcma
3081 2510 3218 2564 dicta
3248 2509 3300 2564 in
3330 2510 3495 2564 Deum
3526 2509 3703 2579 profe-

2125 2603 2305 2657 rebant
2340 2620 2352 2655 :
2386 2603 2470 2657 ubi
2500 2602 2712 2655 demum
2751 2601 2863 2655 haec
2888 2602 3169 2656 observata
3206 2612 3351 2658 certe
3379 2601 3536 2669 digna
3577 2617 3700 2669 pro-

2127 2693 2270 2747 fert:
2303 2693 2407 2747 Sed
2446 2707 2704 2763 postquam
2747 2694 2809 2746 de
2844 2693 3155 2762 blasphemia
3198 2695 3340 2748 nobis
3377 2695 3524 2748 verba
3566 2698 3702 2764 facta

2125 2801 2255 2838 nunc
2279 2794 2413 2849 sunt,
2444 2802 2596 2838 unam
2622 2802 2653 2838 a
2682 2785 2815 2839 vobis
2842 2786 3068 2840 omnibus
3095 2798 3257 2856 petere
3282 2788 3393 2841 volo
3420 2787 3700 2841 retributio-

2125 2893 2238 2929 nem
2264 2893 2354 2947 pro
2382 2878 2620 2930 concione
2645 2878 2738 2930 hac
2762 2889 2909 2947 atque
2934 2895 3177 2944 sermone,
3206 2889 3261 2932 ut
3292 2879 3344 2932 in
3380 2880 3573 2933 civitate
3591 2881 3699 2933 bla-

2127 2968 2441 3035 spltemantes
2468 2969 2590 3020 mihi
2613 2968 2880 3039 castigetis.
2904 2968 2966 3022 Si
2988 2986 3283 3040 quemquam
3300 2970 3352 3023 in
3368 2970 3493 3024 bivio
3516 2981 3564 3024 et
3586 2975 3699 3041 [oro

2123 3059 2175 3111 in
2207 3058 2366 3113 Deum
2390 3059 2818 3128 blasphemantem
2840 3061 3081 3125 audieris,
3108 3062 3307 3125 accede,
3330 3062 3551 3132 increpa,
3583 3072 3626 3115 et
3654 3063 3699 3116 si

2123 3152 2322 3204 verbera
2346 3152 2573 3222 inﬂigere
2596 3162 2842 3221 oporteat,
2869 3168 2931 3205 ne
2954 3168 3184 3215 recuses;
3210 3153 3367 3221 ipsius
3389 3155 3565 3224 faciem
3589 3156 3699 3208 ala-

2124 3261 2190 3315 pa
2226 3254 2447 3315 percute,
2478 3254 2676 3298 contere
2702 3261 2758 3298 os
2782 3245 2959 3314 ipsius,
2991 3246 3307 3315 percussione
3335 3262 3535 3299 manum
3562 3256 3697 3300 utam

2122 3338 2400 3405 sancti/ica.
2441 3335 2540 3403 Qui
2577 3350 2705 3391 sane
2745 3336 3039 3406 corrigendi
3084 3337 3269 3392 modus
3303 3352 3409 3391 non
3451 3347 3588 3392 esset
3631 3338 3695 3392 ad

2124 3444 2276 3483 usum
2306 3427 2620 3482 hodiernum
2648 3428 3094 3483 accommodatus.

2192 3519 2487 3575 Secundam
2520 3520 2786 3576 homiliam
2813 3519 3407 3576 confert'l‘illemontius
3431 3522 3512 3576 vel
3545 3523 3595 3575 iu
3622 3522 3698 3577 fe-

2122 3613 2256 3667 riam
2284 3614 2517 3682 quintam
2543 3614 2624 3667 vel
2658 3614 2707 3666 in
2737 3613 3008 3668 sabbatum
3040 3624 3160 3667 ante
3187 3613 3647 3684 Quadragesimam
3677 3633 3691 3668 :

2124 3704 2286 3759 tutius
2313 3720 2441 3759 vero
2468 3704 2671 3759 dicatur
2697 3704 2776 3758 his
2804 3704 3015 3760 circiter
3036 3705 3222 3761 diebus
3255 3705 3481 3759 habitam
3512 3706 3691 3768 fuisse.

2122 3806 2322 3864 septem
2346 3795 2565 3862 exactis,
2596 3806 2654 3850 ut
2688 3795 2798 3864 ipse
2825 3796 3233 3864 Chrysostomus
3259 3797 3352 3863 ait,
3381 3812 3410 3850 a
3439 3797 3695 3852 seditione

2121 3886 2328 3950 diebus,
2359 3886 2551 3956 quibus
2575 3901 2634 3941 se
2663 3888 2888 3941 tacuisse
2915 3887 3061 3952 dicit,
3093 3888 3231 3956 quod
3259 3889 3453 3959 ingenti
3480 3890 3695 3944 calauti-

2124 3986 2228 4030 tate
2248 4017 2262 4034 .
2288 3986 2345 4031 et
2374 3977 2587 4045 periculi
2620 3978 2975 4044 magnitudine
3000 3980 3317 4034 consternati
3344 3980 3653 4035 Autiocbeni
3673 4022 3690 4047 ,

2121 4083 2225 4122 non
2263 4077 2440 4123 essent
2478 4068 2756 4124 audiendis
2795 4070 3135 4125 concionibus
3171 4072 3366 4126 idonei.
3395 4073 3476 4127 Ob
3512 4074 3692 4143 negle-

2119 4171 2256 4214 ctam
2297 4175 2457 4229 porro
2497 4161 2714 4214 fratrum
2760 4161 3231 4229 blasphemantinm
3270 4163 3690 4241 emendationem

2121 4249 2235 4305 haec
2261 4252 2396 4305 mala
2424 4251 2672 4305 divinitus
2701 4251 2828 4307 dlCll
2871 4253 3123 4307 immissa.
3154 4253 3385 4320 Quorum
3415 4264 3691 4324 postquam

2121 4340 2400 4408 imaginem
2430 4342 2697 4410 eleganter
2721 4341 3020 4412 descripsit,
3050 4343 3117 4398 de
3142 4342 3357 4409 divitiis,
3386 4344 3453 4398 de
3480 4342 3691 4399 divitia-

2119 4445 2234 4484 rum
2263 4447 2379 4496 usu,
2408 4431 2575 4501 deque
2597 4432 2934 4503 eleemosyua
2960 4440 3013 4486 et
3034 4433 3099 4487 de
3125 4443 3429 4503 paupertate
3455 4435 3692 4505 pluribus

2117 4524 2476 4589 concinnatus,
2504 4525 2795 4578 orationem
2821 4524 3034 4578 claudit.

2188 4614 2363 4669 Tertia
2395 4615 2609 4670 homilia
2635 4616 2918 4670 secundam
2943 4632 2974 4670 e
2997 4616 3218 4686 vestigio
3242 4617 3478 4688 sequitur
3505 4636 3519 4672 ε
3548 4620 3686 4673 illam

2116 4720 2243 4760 vero
2295 4707 2525 4761 habitam
2579 4715 2822 4776 putamus
2873 4722 2991 4761 cum
3041 4708 3378 4763 Tillemoutio
3421 4709 3687 4764 Dominica

2115 4798 2591 4868 Quinquagesimaz,
2622 4806 2679 4852 ut
2708 4798 2964 4854 hodierno
3000 4813 3149 4855 more
3178 4800 3471 4870 loquamur.
3506 4801 3691 4872 Agitur

2114 4888 2179 4941 de
2208 4887 2530 4956 profectione
2568 4888 2801 4943 Flaviani
2829 4890 3140 4945 Antiocheni
3168 4891 3399 4962 episcopi
3425 4889 3686 4947 Constan-

2116 4977 2371 5046 tinopolin
2412 4978 2479 5032 ad
2526 4978 2900 5046 imperatorem
2949 4981 3258 5049 placandum
3294 4999 3307 5037 :
3338 4992 3392 5037 et
3428 4984 3505 5038 rei
3551 4982 3689 5038 bene

2111 5067 2357 5137 gerenda:
2380 5082 2475 5137 spe
2500 5069 2750 5139 populum
2779 5071 3081 5125 consolatur
3107 5071 3533 5142 Chryscstamns.
3563 5074 3684 5128 l‘lu-

2112 5158 2259 5212 ribus
2285 5146 2480 5214 deinde
2518 5154 2897 5216 commonstrat
2924 5162 3143 5231 jejunii,
3171 5164 3271 5217 nisi
3297 5180 3328 5219 a
3357 5166 3484 5220 vitio
3514 5168 3684 5222 absti-

2111 5259 2334 5313 neatur.
2380 5251 2660 5307 utilitatem
2705 5268 2823 5309 esse
2862 5254 3083 5309 nullam.
3123 5256 3405 5327 Postquam
3452 5276 3580 5315 vero
3617 5262 3685 5316 de

2109 5338 2435 5395 detractione
2462 5343 2670 5398 vitanda
2699 5358 2864 5411 pauca
2889 5344 3130 5411 dixerat,
3156 5347 3508 5404 calamitatem
3548 5368 3682 5420 prur-

2108 5440 2313 5486 sentcm
2333 5431 2595 5501 deplorat,
2617 5442 2672 5489 et
2688 5434 3054 5492 intolerantius
3073 5440 3312 5494 saevitum
3334 5456 3453 5496 esse
3472 5455 3677 5498 narrat:

2112 5519 2182 5574 Ili
2204 5521 2404 5584 quidem
2429 5526 2583 5594 ferro,
2609 5524 2797 5593 inquit,
2827 5525 2904 5579 illi
2931 5527 3065 5597 igne,
3092 5529 3298 5595 quidam
3324 5532 3490 5586 bestiis
3511 5536 3682 5587 traditi

2108 5614 2396 5681 perierunt,
2427 5630 2529 5667 non
2564 5614 2658 5667 viri
2697 5622 2891 5690 tantgm
2916 5656 2932 5679 ,
2965 5619 3053 5671 sed
3097 5629 3143 5672 et
3183 5622 3345 5690 pueri.
3385 5621 3494 5677 Nec
3519 5626 3678 5678 atatis

422 5697 539 5784 erat
567 5705 761 5784 quippe
796 5691 883 5745 illa
914 5691 1027 5747 dies
1053 5702 1105 5784 et
1132 5671 1529 5762 quadragesima
1558 5697 1626 5752 ab
1651 5699 1897 5755 inchoato
1919 5702 2002 5771 je-
2102 5671 2460 5769 immaturitas,
2485 5721 2580 5758 nec
2609 5671 3072 5776 papuliSumultus,
3098 5671 3351 5781 necrquod
3376 5671 3551 5784 lurore

419 5780 572 5849 iunio
597 5791 648 5837 et
674 5783 875 5838 decima
912 5794 1035 5840 ante
1062 5783 1280 5839 Pascha.
1313 5785 1442 5840 Hinc
1483 5802 1578 5857 pro
1604 5801 1806 5847 asserto
1833 5792 1993 5848 habe-

2108 5796 2267 5849 bolico
2295 5797 2467 5866 perciti
2502 5798 2703 5867 quidam
2735 5798 2839 5852 haec
2877 5802 3117 5869 fecerint,
3147 5821 3236 5859 nec
3262 5808 3394 5876 quod
3420 5810 3674 5880 vectigalis
