4122 6386
503 388 602 445 H9

502 505 626 557 tiam
653 501 911 554 dicemus.
943 496 1126 566 Agitur
1152 491 1415 564 pratcipue
1440 506 1492 544 tn
1516 490 1614 544 hac
1641 488 1854 542 homilia
1886 486 1951 540 dc
1979 486 2070 540 Dei

501 593 754 661 sapientia
795 590 847 643 in
885 587 1113 642 hominis
1143 584 1513 639 constitutione
1534 625 1547 646 ,
1587 591 1638 634 et
1668 580 1718 632 in
1760 581 1862 632 line
1891 580 1956 631 de
1989 579 2040 632 vi

501 683 658 737 tando
679 682 997 749 juramento.

572 774 945 828 Duodecimam
977 781 1104 825 ttem
1130 777 1184 824 et
1209 768 1467 822 decimam
1503 765 1708 819 tertiam
1730 806 1743 829 ,
1775 773 1896 833 post
1927 761 2072 816 deci-

502 881 638 918 mam
667 863 902 932 quintam
929 871 983 914 et
1014 859 1270 914 decimam
1303 866 1536 918 sextam,
1568 855 1751 908 eadem
1784 868 1884 922 qua
1913 867 2069 920 supra

501 957 566 1010 de
596 970 751 1010 causa
780 952 949 1020 rejictt
969 950 1355 1006 Tillemontius.
1385 949 1454 1001 At
1482 947 1663 1000 nescio
1686 960 1791 1015 quo
1818 953 1970 1014 pacto
1993 943 2070 996 in-

503 1045 701 1114 telligat
728 1043 853 1096 illud
887 1042 936 1094 in
967 1041 1064 1094 hac
1096 1039 1309 1092 homilia
1335 1037 1645 1092 duodecima
1675 1052 1820 1090 num.
1853 1037 1878 1090 l
1915 1054 1926 1089 :
1957 1033 2072 1088 Tri-

501 1137 590 1188 bus
613 1136 761 1204 igitur
783 1133 1044 1202 praeteritis
1065 1131 1235 1184 diebus
1258 1146 1410 1182 unum
1435 1127 1730 1197 cognitionis
1749 1124 1845 1179 Dei
1867 1126 2070 1178 modum

500 1227 864 1293 quazrebamus,
895 1223 1155 1291 ipsumque
1188 1221 1238 1272 in
1268 1221 1418 1288 ﬁnem
1457 1217 1752 1270 deduximus
1774 1258 1787 1281 ,
1825 1217 2071 1284 interpre-

501 1330 658 1371 tantes
682 1316 930 1386 quomodo
952 1313 1077 1367 Czcli
1103 1321 1350 1367 enarrant
1369 1311 1589 1381 gloriam
1621 1309 1746 1372 Dei;
1774 1320 1818 1362 et
1838 1312 1984 1378 quate
2007 1309 2070 1360 sit

500 1409 654 1464 Pauli
681 1411 866 1462 dictum
887 1451 900 1470 ,
933 1405 1216 1459 lnvisibilia
1249 1405 1413 1471 ipsius
1439 1418 1468 1456 a
1497 1409 1739 1456 creatura
1769 1398 1946 1453 mundi
1978 1413 2069 1466 per

499 1520 559 1556 ea
581 1544 594 1566 ,
624 1519 740 1571 quas
772 1501 903 1554 facta
939 1507 1091 1562 sunt,
1133 1497 1399 1551 intellecta
1438 1494 1833 1563 conspiciuntur
1861 1511 1874 1546 :
1906 1502 1953 1545 et
1982 1491 2071 1544 de-

498 1595 878 1649 monstravimus
917 1590 1164 1660 quomodo
1198 1607 1228 1640 a
1255 1598 1482 1642 creatura
1516 1587 1718 1648 mundi,
1751 1595 1795 1639 et
1823 1586 2069 1653 quomodo

500 1705 586 1757 per
607 1687 781 1740 uelum
808 1695 852 1738 et
884 1695 1063 1737 terram
1087 1693 1130 1734 et
1156 1698 1292 1734 mare
1320 1680 1526 1734 Creator
1552 1679 1876 1748 glori/icetur.
1907 1675 2071 1729 Hodie

493 1796 640 1843 rero,
670 1787 772 1833 etc.
804 1777 901 1832 Hic
938 1777 1131 1831 seriem
1162 1773 1317 1827 trimn
1355 1772 1685 1825 homiliarum
1707 1811 1722 1833 ,
1750 1784 1856 1839 quo
1883 1768 2068 1823 ordine

499 1869 693 1924 habita:
713 1869 922 1923 fuerant
941 1877 1062 1922 ante
1081 1865 1443 1922 duodecimam
1465 1863 1617 1918 all'ert
1635 1864 2064 1933 Chrysostomus,

497 1975 687 2029 nempe
717 1975 900 2022 nonae,
926 1958 1144 2013 decimze
1181 1967 1236 2012 et
1272 1956 1580 2010 ttndecimm.
1610 1954 1665 2008 ln
1696 1969 1831 2007 nona
1860 1969 2005 2007 num.
2034 1950 2069 2006 2

499 2058 862 2118 argumentum
887 2049 1139 2102 orationis
1168 2047 1314 2115 ponit
1338 2045 1438 2100 hoc
1464 2046 1608 2099 Pauli
1636 2045 1855 2110 dictum,
1884 2043 2069 2097 Invisi-

498 2139 617 2193 bilia
645 2140 821 2209 ipsius,
851 2148 993 2202 etc.;
1034 2139 1267 2206 illudque
1303 2137 1651 2199 Psalmorum,
1681 2134 1802 2188 Ca'li
1832 2144 2068 2190 enarrant

499 2230 708 2299 gloriam
735 2229 846 2284 Dei.
876 2228 930 2283 lu
958 2229 1159 2284 decima
1192 2230 1316 2282 item
1345 2243 1489 2281 num.
1523 2227 1558 2280 2
1581 2242 1638 2280 sc
1663 2226 1762 2281 hoe
1787 2227 1956 2295 ipsum
1982 2242 2067 2280 ar-

497 2330 802 2390 gumentum
848 2321 1090 2391 persequi
1129 2317 1366 2374 declarat
1401 2337 1413 2371 :
1449 2320 1498 2371 in
1542 2318 1819 2374 undecima
1859 2333 2068 2387 quoque

498 2429 646 2467 num.
670 2412 705 2464 2
728 2427 784 2467 se
811 2411 982 2466 eidem
1009 2422 1317 2480 argumento
1339 2410 1582 2465 insistere
1607 2409 1934 2464 testiﬁcatur.
1959 2415 2070 2464 An-

497 2520 601 2558 nou
630 2503 988 2575 Chrysostomi
1020 2503 1172 2558 dictis
1201 2502 1304 2556 vim
1345 2501 1504 2556 infert
1531 2501 1916 2567 'l'illemontius,
1945 2516 2066 2555 cum

496 2595 754 2650 decimam
787 2595 922 2649 inter
951 2603 1004 2649 et
1033 2594 1360 2649 undecimam
1402 2593 1512 2646 vult
1541 2593 1778 2647 interseri
1807 2592 2064 2646 decimam

494 2689 730 2758 quintam
765 2696 820 2742 et
855 2686 1112 2742 decimam
1144 2686 1388 2742 sextam?
1416 2685 1466 2738 Id
1495 2694 1670 2738 autem
1703 2685 1789 2738 ille
1815 2683 2068 2738 subdubi-

499 2780 657 2834 tando
680 2789 878 2834 tantum
901 2779 1146 2848 proponit
1171 2779 1220 2831 in
1250 2787 1370 2831 nota
1399 2775 1466 2832 29
1494 2776 1558 2829 ad
1588 2776 1758 2830 Vitam
1783 2775 2065 2831 Theodosii

497 2869 855 2938 Imperatoris,
884 2885 938 2922 n.
968 2869 1054 2930 10.
1085 2869 1143 2922 ll
1171 2875 1224 2922 et
1249 2882 1420 2937 scqq.,
1447 2866 1739 2934 fateturque
1763 2881 1882 2919 eum
1909 2881 2064 2935 quem

496 2973 594 3013 nos
621 2960 896 3014 statuimus
921 2959 1158 3013 ordinem
1189 2958 1331 3012 clare
1353 2973 1380 3010 a
1402 2957 1780 3026 Chrysnstomo
1806 2957 2022 3010 indicari
2050 2975 2062 3009 :

497 3049 588 3105 sed
616 3051 794 3105 nescio
815 3064 919 3120 quo
939 3059 1091 3118 pacto
1117 3049 1183 3102 ab
1207 3047 1394 3102 eodem
1412 3047 1526 3115 ipso
1543 3047 1728 3100 ordine
1754 3057 1934 3116 postea
1960 3046 2068 3100 dis-

497 3140 667 3196 cedat.
693 3139 951 3196 Geterum
987 3156 1106 3195 eum
1133 3139 1261 3193 dicit
1301 3137 1730 3210 Chrysostomus,
1759 3139 1913 3192 tribus
1939 3153 2069 3208 pra:-

499 3233 654 3285 teritis
678 3232 866 3294 diebus,
897 3246 1001 3285 non
1029 3230 1336 3300 intelligitur
1360 3228 1427 3283 de
1457 3229 1626 3284 tribus
1655 3230 1936 3298 postremis
1955 3229 2069 3284 die-

497 3322 596 3378 bus
628 3325 677 3376 in
713 3324 899 3390 quibus
939 3321 1139 3377 scilicet
1175 3324 1518 3377 concinnatus
1547 3331 1678 3376 erat.
1708 3321 1762 3376 ln
1800 3322 1899 3377 hac
1940 3321 2066 3376 item

499 3415 709 3469 homilia
738 3412 1068 3480 duodecima,
1093 3429 1209 3483 qua:
1237 3414 1411 3469 habita
1439 3422 1520 3468 est
1543 3413 1673 3468 feria
1697 3414 1847 3469 tertia
1868 3424 2066 3484 quarta:

499 3505 841 3560 hebdomadis
866 3505 1321 3575 Quadragesimae.
1351 3505 1524 3560 eidem
1555 3505 1750 3560 insistit
1786 3506 2065 3576 hypothesi

499 3596 564 3648 de
592 3595 844 3663 sapientia
868 3594 958 3649 Dei
980 3595 1030 3648 in
1054 3595 1230 3649 mundi
1255 3595 1464 3664 opificio
1487 3612 1501 3648 :
1526 3604 1706 3664 postea
1733 3597 1839 3663 agit
1864 3595 1929 3649 de
1949 3595 2068 3664 jure

499 3684 742 3747 naturali,
769 3685 921 3752 cujus
945 3681 1298 3752 cognitionem
1330 3683 1471 3738 Deus
1496 3683 1695 3738 homini
1725 3683 1945 3747 indidit,
1973 3684 2066 3738 de-

499 3790 601 3842 que
622 3775 920 3842 juramento
948 3773 1180 3828 vitando.

574 3867 832 3918 Decimam
862 3869 1069 3919 tertiam
1096 3865 1362 3918 homiliam
1385 3865 1516 3919 dixit
1538 3864 1794 3936 postridie
1816 3864 2069 3921 duodeci-

501 3973 660 4010 mam.
694 3957 958 4026 Principio
983 3959 1177 4026 gratias
1206 3959 1311 4027 agit
1336 3958 1445 4012 Deo
1473 3957 1539 4012 de
1566 3966 1760 4012 mutata
1789 3975 1966 4014 rerum
1994 3960 2069 4012 fa—

500 4049 602 4116 cie,
630 4049 798 4118 deque
825 4049 1030 4104 sublato
1052 4058 1212 4110 metu.
1237 4051 1323 4118 qui
1345 4059 1520 4105 tantus
1547 4050 1734 4115 fuerat,
1753 4060 1806 4103 ut
1833 4051 2064 4115 civitatis.

501 4139 686 4209 inquit,
715 4141 875 4209 major
901 4156 1016 4206 pars
1046 4155 1150 4208 pra:
1179 4141 1352 4193 timore
1377 4149 1424 4192 et
1449 4140 1831 4194 comminatione
1855 4139 1946 4194 illa
1966 4184 1980 4205 ,
2001 4142 2069 4194 ad

501 4232 694 4283 deserta
724 4240 768 4283 et
790 4232 956 4296 fauces
978 4231 1220 4284 montium
1243 4272 1258 4296 ,
1289 4240 1335 4283 et
1363 4229 1559 4304 occulta
1587 4231 1808 4285 locorum
1834 4235 2070 4286 transmi-

501 4323 730 4391 graverit.
764 4322 892 4375 llinc
917 4321 982 4375 de
1006 4322 1184 4377 multis
1212 4322 1276 4375 ad
1309 4321 1532 4376 tribunal
1557 4321 1824 4383 adductis.
1856 4324 1921 4378 de
1945 4324 2070 4378 hor-

504 4412 636 4465 ribili
668 4411 838 4464 habita
877 4412 1151 4466 verberum
1195 4419 1250 4465 et
1291 4411 1611 4479 flagellorum
1643 4415 1936 4482 quaestione
1956 4455 1970 4477 ,
2002 4415 2069 4470 de

501 4506 616 4558 al.is
642 4505 704 4558 ad
730 4505 1041 4573 supplicium
1070 4505 1305 4570 raptatis,
1328 4504 1395 4558 de
1416 4513 1583 4558 matre
1607 4513 1659 4558 et
1683 4520 1866 4559 sorore
1894 4506 2070 4574 cujus-

501 4595 644 4654 dam,
667 4595 732 4648 de
759 4610 863 4663 quo
903 4595 1041 4647 intus
1066 4593 1412 4663 indicabatur,
1439 4594 1505 4647 ad
1535 4595 1847 4648 vestibulum
1875 4596 1926 4649 iu
1955 4597 2070 4665 pul-

501 4699 624 4738 vere
647 4684 908 4737 volutatis.
940 4683 1061 4737 Haec
1090 4683 1349 4751 pathetice
1369 4683 1620 4738 describit
1639 4683 2066 4755 Chrysostomus,

501 4791 616 4843 qua:
644 4776 820 4842 paucis
841 4783 964 4829 ante
988 4773 1189 4834 diebus.
1215 4775 1413 4828 scilicet
1432 4784 1712 4844 antequam
1738 4775 2065 4829 undecimam

502 4868 808 4923 concionem
837 4866 1056 4922 haberet
1078 4908 1092 4931 ,
1123 4875 1267 4936 gesta
1296 4868 1521 4922 fuerant.
1553 4867 1676 4922 Ha-e
1701 4876 1874 4920 autern
1903 4867 2070 4919 homi—

504 4960 569 5012 lia
613 4956 786 5014 habita
825 4957 986 5013 fuisse
1025 4958 1240 5011 omnino
1268 4957 1472 5011 videtur
1499 4957 1624 5010 feria
1659 4967 1841 5026 quarta
1871 4956 2070 5011 hebdo—

506 5051 675 5105 madis
701 5062 902 5120 quarta:
930 5050 1373 5120 Quadragesimte.
1412 5049 1706 5105 Prmmissis
1729 5059 1905 5103 autem
1934 5048 2069 5104 bene

505 5143 684 5196 multis
720 5143 786 5195 de
825 5141 1124 5195 calamitate
1167 5140 1489 5195 Antiochena
1517 5181 1530 5202 ,
1572 5139 1637 5193 ad
1685 5141 1961 5210 pristinum
2003 5140 2070 5194 de

508 5233 734 5289 bominis
761 5234 974 5302 epilicio
1014 5242 1378 5303 argumentum
1425 5232 1738 5296 descendit,
1779 5242 1833 5286 et
1873 5232 2066 5286 cohor-

505 5325 668 5380 tando
692 5325 759 5379 de
790 5339 936 5379 more
963 5324 1026 5378 ad
1052 5324 1348 5394 juramenta
1371 5323 1581 5377 vitanda
1609 5323 1900 5378 orationem
1927 5324 2071 5378 clau-

505 5417 602 5472 dit.

580 5507 844 5562 Decimam
903 5514 1145 5577 quartam
1191 5505 1557 5561 Tillemontius
1599 5504 1872 5558 locandam
1924 5512 2071 5574 putat

506 5609 624 5670 post
650 5598 905 5652 decimam
939 5605 1174 5652 octavam
1195 5637 1213 5662 ,
1256 5599 1353 5650 bac
1390 5605 1659 5664 permotus
1708 5597 1912 5648 ratione
1943 5614 1954 5648 :
1988 5595 2071 5649 ln-

506 5693 600 5742 itio
624 5690 696 5742 ait
720 5689 1149 5759 (lhrysostomus,
1183 5685 1302 5740 Non
1328 5703 1506 5756 parum
1535 5687 1777 5739 civitatem
1799 5686 1938 5739 nobis
1964 5687 2069 5739 lteri

508 5781 736 5834 dictatus
767 5797 808 5850 γλ
829 5779 1082 5847 rturbavit,
1111 5777 1200 5832 sed
1221 5785 1268 5831 et
1294 5775 1427 5831 Deus
1455 5791 1544 5830 nos
1563 5776 1736 5830 iterum
1761 5791 1859 5829 non
1891 5791 2065 5843 parum

1568 376 1623 430 S.
1664 373 1939 429 JOA'NNIS
1977 372 2441 429 CllRYSOSTOMI
2484 370 2658 432 \‘l'l'A,

3652 379 3751 436 I‘ZO

2179 485 2466 538 consolatus
2488 495 2577 538 est.
2603 485 2727 539 Ilaec
2748 487 2927 550 verba,
2957 488 3123 558 inquit
3153 489 3241 542 ille
3264 529 3278 553 ,
3311 489 3593 546 adventum
3625 493 3750 549 ηει-

2180 573 2393 641 Iebichi,
2421 585 2475 629 et
2505 577 2741 630 nuntium
2759 578 2867 645 jam
2890 576 3344 649 Constantinopoli
3369 581 3558 638 adesse
3583 586 3749 656 signi-

2176 664 2353 718 llcant.
2386 663 2578 718 Verum
2619 665 2732 721 htce
2772 668 3080 722 hariolando
3118 669 3381 724 dicuntur.
3413 671 3553 737 Quot
3577 677 3749 743 suspi-

2176 756 2358 810 ciones
2383 767 2436 809 et
2465 766 2695 813 terrores
2735 759 2999 814 immissos
3027 771 3176 829 putas
3208 763 3551 818 Antioeltenis
3575 809 3590 829 ,
3620 765 3744 820 dum

2175 847 2334 900 animi
2365 848 2673 917 penderent,
2697 859 2750 904 et
2768 866 3017 920 quorsum
3041 861 3146 905 tam
3170 851 3394 908 infausta
3420 870 3505 909 res
3525 870 3746 911 evasura

2174 949 2315 993 esset
2359 940 2696 1010 ignorarent?
2733 942 2806 996 De
2836 943 2898 996 iis
2927 959 3054 997 vero
3094 946 3386 1000 terroribus
3423 949 3748 1005 rumoribus-

2175 1046 2277 1097 que
2323 1032 2624 1086 ratiocinari
2661 1035 2924 1103 quomodo
2951 1051 3251 1105 possumus,
3282 1041 3368 1107 qui
3399 1056 3580 1096 eorum
3607 1043 3742 1098 hzuid

2174 1123 2335 1178 dubie
2373 1127 2655 1179 maximam
2687 1137 2887 1196 partem
2933 1131 3266 1199 ignoramus;
3296 1144 3350 1188 et
3377 1137 3419 1190 si
3459 1153 3559 1207 qua
3598 1141 3718 1194 novi

2175 1231 2311 1281 mus,
2341 1216 2408 1268 ita
2437 1217 2743 1287 plerumque
2774 1220 3113 1292 intelligimus
3133 1265 3147 1282 ,
3188 1233 3244 1277 ut
3280 1226 3366 1280 vix
3405 1227 3526 1283 inde
3552 1245 3742 1298 quam-

2175 1310 2312 1373 piam
2338 1316 2517 1361 notam
2549 1311 2804 1378 expiscari
2840 1315 3144 1379 possimus?
3182 1316 3304 1370 Iltne
3331 1317 3548 1374 homilia
3580 1322 3746 1377 ferme

2175 1405 2280 1451 tota
2307 1411 2390 1452 est
2414 1400 2480 1454 de
2507 1401 2720 1456 vitando
2741 1405 3061 1470 juramento.

2244 1489 2509 1544 Decimam
2537 1493 2771 1560 quintam
2802 1494 3071 1550 homiliam
3103 1500 3212 1552 vult
3249 1499 3621 1558 Tillemontius
3652 1504 3746 1558 ha-

2173 1581 2332 1634 bitam
2370 1580 2532 1637 fuisse
2571 1584 2709 1637 inter
2748 1585 3004 1639 decimam
3040 1599 3093 1643 et
3135 1591 3501 1659 undecimam,
3537 1605 3643 1650 tum
3673 1597 3741 1652 ob

2172 1686 2357 1725 causas
2394 1687 2550 1742 supra
2596 1674 2661 1728 ad
2706 1676 3036 1731 undecimam
3078 1692 3437 1749 memoratas,
3479 1694 3589 1738 tum
3620 1688 3740 1754 quia

2173 1761 2578 1832 CltrysOstonms
2615 1766 2690 1820 sic
2739 1767 2899 1822 habet
2923 1769 3071 1824 initio
3097 1789 3110 1825 :
3141 1771 3410 1840 Oportebat
3448 1785 3492 1828 et
3521 1776 3666 1830 hodie
3693 1788 3739 1831 et

2171 1853 2427 1920 superiore
2465 1855 2668 1909 sabbato
2699 1858 2760 1911 de
2787 1859 2984 1929 jejunio
3013 1877 3207 1916 movere
3230 1881 3520 1920 sermonem.
3553 1868 3648 1923 Ubi
3679 1870 3740 1922 il-

2173 1942 2260 1997 lud
2285 1986 2299 2008 ,
2340 1947 2596 2014 superiore
2620 1990 2634 2014 ,
2663 1951 2811 2018 quasi
2838 1963 2980 2006 esset
3017 1955 3178 2023 primo
3215 1955 3280 2010 de
3318 1959 3487 2026 primo
3523 1960 3738 2016 sabbato

2171 2037 2628 2109 Quadragesimze,
2659 2043 3048 2099 subdubitando
3086 2056 3259 2103 tamen
3280 2091 3296 2113 ,
3337 2050 3612 2121 intelligit;
3643 2053 3739 2108 sed

2174 2147 2290 2196 nos,
2325 2142 2380 2186 ut
2405 2142 2458 2187 et
2486 2126 2785 2189 Bernardus
2812 2136 3111 2203 Brixiauus,
3143 2139 3209 2194 de
3235 2142 3508 2208 superiore
3536 2143 3646 2199 sive
3672 2143 3737 2200 de

2171 2222 2503 2290 praecedente
2531 2225 2890 2299 intelligimus,
2922 2237 3078 2299 atque
3105 2230 3174 2284 ita
3202 2233 3594 2303 intelligendum
3621 2252 3737 2292 esse

2169 2314 2432 2384 exemplis
2475 2319 2850 2386 comprobatur
2885 2337 2897 2372 :
2938 2321 3240 2390 nullamque
3281 2325 3435 2378 aliam
3475 2326 3736 2397 interponi

2172 2420 2325 2475 posse
2355 2407 2621 2460 homiliam
2653 2409 2787 2464 inter
2807 2410 3065 2465 decimam
3090 2423 3138 2467 et
3165 2414 3496 2470 undecimam
3519 2416 3627 2486 jam
3649 2434 3737 2473 su-

2172 2499 2350 2567 perius
2389 2501 2744 2569 probavimus.
2776 2504 3065 2559 Occasione
3097 2517 3268 2560 metus
3293 2525 3396 2576 quo
3425 2509 3597 2565 alfeCti
3629 2513 3736 2565 An-

2170 2588 2399 2643 tiochcni
2429 2600 2618 2658 erant,
2653 2592 2815 2646 multa
2860 2594 2989 2648 dicit
3032 2595 3098 2651 de
3142 2596 3281 2651 bono
3313 2597 3515 2654 timoris
3548 2619 3561 2655 :
3592 2611 3645 2655 et
3682 2602 3732 2654 in

2170 2680 2274 2733 ﬁne
2297 2691 2476 2735 contra
2503 2681 2740 2751 iurandi.
2771 2684 2836 2737 ab
2861 2685 3083 2756 aliisque
3107 2687 3464 2755 jurameutum
3494 2691 3735 2760 exigendi

2169 2773 2602 2827 consuetudinem
2629 2775 2988 2830 concionatur.

2240 2864 2451 2917 Decima
2482 2877 2626 2921 sexta
2659 2875 2778 2920 tunc
2809 2866 2982 2921 habita
3012 2867 3128 2936 fuit,
3152 2885 3270 2925 cum
3299 2885 3481 2942 sparso
3507 2873 3734 2943 quodam

2170 2952 2302 3007 falso
2328 2953 2514 3008 futura:
2542 2956 2890 3024 populationis
2916 2974 3148 3022 rumore,
3179 2960 3246 3014 de
3269 2961 3390 3031 fuga
3413 2964 3732 3032 capessenda

2170 3058 2355 3098 omnes
2377 3044 2758 3099 deliberabant.
2787 3047 2931 3100 lianc
2953 3050 3110 3102 etiam
3137 3050 3250 3104 loco
3279 3067 3488 3106 movere
3516 3063 3737 3108 conatur

2168 3131 2555 3204 Tillemontius,
2575 3148 2626 3192 et
2656 3138 2790 3192 inter
2807 3138 3064 3194 decimam
3091 3150 3144 3194 et
3166 3141 3493 3197 undecimam
3521 3145 3629 3199 loca
3642 3161 3733 3209 re;

2169 3226 2309 3296 quod
2341 3237 2536 3292 tamen,
2572 3236 2630 3282 ut
2658 3229 2722 3283 ad
2752 3228 3115 3284 duodecimam
3138 3232 3385 3296 diximus,
3413 3234 3612 3289 admitti
3645 3252 3740 3290 ne-

2170 3317 2301 3386 quit.
2334 3317 2427 3372 His
2459 3333 2615 3386 porro
2646 3319 2828 3372 nititur
2853 3319 3214 3392 Cbrysostomi
3252 3324 3425 3378 verbis
3454 3323 3739 3380 Tillemoa-

2172 3409 2274 3462 tius
2306 3409 2485 3463 :aitS.
2516 3409 2701 3464 doctor
2729 3427 2782 3464 n.
2815 3411 2868 3477 6,
2901 3411 3186 3466 Secundam
3206 3415 3390 3484 jejunii
3405 3418 3737 3484 septimanam

2171 3501 2544 3567 pi'teterivintus.
2557 3502 2692 3555 Duas
2705 3516 2828 3571 ergo
2842 3511 3040 3556 tantum
3056 3503 3410 3560 hebdomadas
3423 3510 3739 3576 praeteriisse

2169 3591 2316 3657 dicit,
2349 3592 2487 3661 quod
2519 3592 2722 3646 admitti
2767 3609 2873 3648 non
2923 3611 3077 3664 posse
3107 3597 3368 3659 videatur,
3399 3601 3442 3654 si
3483 3599 3657 3654 locum
3685 3611 3740 3656 et

2172 3699 2448 3737 numcrtun
2497 3700 2648 3738 suum
2689 3685 2772 3738 illa
2804 3694 3019 3740 teneat:
3055 3687 3173 3742 ideo
3197 3688 3564 3746 Tillemoutius
3595 3693 3736 3746 illam

2169 3772 2289 3826 loco
2315 3773 2624 3826 movendam
2647 3789 2767 3828 esse
2797 3784 2944 3842 putat
2971 3787 3019 3830 et
3051 3777 3184 3829 inter
3208 3779 3464 3833 decimam
3493 3793 3544 3834 et
3575 3782 3739 3836 undeo

2170 3865 2381 3918 cimam.
2409 3863 2524 3918 Non
2554 3879 2706 3934 posse
2737 3866 2879 3919 illam
2904 3867 3038 3921 inter
3057 3869 3312 3923 decimam
3336 3881 3386 3923 et
3406 3872 3734 3927 undecimam

2171 3956 2390 4024 reponi,
2418 3956 2524 4023 jam
2554 3957 2793 4024 superius
2823 3957 3095 4026 probatmn
3124 3967 3222 4010 est.
3252 3958 3364 4012 Non
3396 3976 3550 4028 posse
3577 3963 3734 4016 etiam

2171 4044 2273 4101 hoc
2314 4047 2364 4100 in
2401 4046 2516 4100 loco
2553 4055 2606 4101 et
2642 4062 2863 4101 numero
2901 4050 3190 4103 consistere
3231 4053 3447 4104 omnino
3486 4053 3692 4107 videtur
3723 4075 3735 4107 :

2173 4151 2292 4189 nam
2323 4136 2365 4189 si
2390 4145 2507 4205 post
2533 4135 3015 4206 secundamjejunii
3038 4141 3380 4207 septimanam
3414 4141 3587 4195 habita
3619 4144 3736 4210 fuit,

2172 4227 2427 4282 decimam
2471 4229 2675 4282 tertiam
2713 4237 2766 4281 ct
2806 4240 3082 4298 sequentes
3115 4232 3398 4298 przeccssit.
3443 4231 3568 4287 llzee
3597 4245 3742 4288 certe

2172 4319 2393 4373 salebris
2426 4328 2547 4372 sunt
2588 4319 2738 4387 plena
2778 4337 2790 4373 :
2829 4329 3143 4388 quapropter
3184 4337 3294 4374 rem
3325 4322 3534 4377 dubiam
3575 4326 3740 4378 relin-

2173 4426 2335 4479 quere
2365 4410 2531 4465 visum
2560 4419 2658 4463 est.
2692 4410 2825 4476 Quid
2868 4412 2908 4463 si
2940 4410 3225 4464 dixerimus
3254 4427 3485 4467 errorem
3518 4414 3742 4470 fortasse

2174 4501 2224 4553 iu
2249 4499 2388 4553 hunc
2407 4500 2578 4554 locum
2611 4501 2869 4554 invectum
2891 4515 3009 4554 esse
3036 4516 3063 4552 a
3087 4501 3276 4565 scriba,
3301 4503 3386 4570 qui
3419 4505 3618 4558 literam
3643 4521 3741 4558 uu-

2173 4593 2421 4645 meralem
2442 4615 2469 4657 γ
2495 4607 2589 4661 pro
2612 4592 2758 4646 tertia
2786 4593 3005 4660 positam
3029 4592 3077 4644 in
3099 4600 3145 4653 6,
3177 4592 3226 4646 id
3254 4602 3335 4646 est
3359 4595 3410 4647 in
3432 4595 3739 4656 secundam.

2173 4683 2491 4736 mutaverit?
2533 4680 2586 4735 lu
2629 4681 2726 4736 hac
2754 4683 3006 4737 concione
3037 4683 3319 4752 praemissis
3344 4686 3650 4754 quibusdam
3674 4687 3742 4741 de

2169 4773 2451 4826 timiditate
2479 4771 2924 4826 Antiocheuorum
2946 4814 2960 4838 ,
2988 4772 3158 4842 deque
3181 4774 3483 4841 jurameuto
3503 4777 3737 4834 vitando.

2173 4875 2537 4933 argumentum
2569 4863 2800 4917 homilia:
2830 4875 3096 4918 mutuatur
3121 4867 3526 4937 Chrysostomus
3555 4885 3617 4923 ex
3659 4869 3742 4924 his

2176 4956 2318 5008 Pauli
2347 4955 2520 5009 verbis
2549 4972 2561 5007 :
2597 4955 2791 5010 Paulus
2817 4957 3006 5011 vinctus
3023 4958 3145 5011 Iesu
3171 4958 3355 5013 Christi
3380 4971 3424 5012 et
3449 4959 3742 5015 Timotheus

2174 5048 2363 5116 frater,
2408 5046 2730 5116 Paulumque
2767 5050 3126 5115 gloriosiorem
3163 5065 3225 5104 ex
3263 5051 3484 5105 vinculis
3517 5053 3739 5107 demon-

2173 5147 2326 5201 strat,
2355 5153 2511 5206 quam
2542 5155 2603 5193 ex
2638 5140 2825 5193 virtute
2852 5141 3242 5194 miraculorum.

2247 5229 2457 5283 Decima
2502 5229 2724 5297 septima
2771 5230 2943 5284 habita
2975 5241 3054 5284 est
3094 5241 3364 5301 postquam
3404 5232 3745 5288 llellebichns

2173 5321 2418 5390 Magister
2443 5323 2665 5375 militum
2694 5331 2746 5375 et
2773 5319 3030 5377 Cmsarius
3057 5323 3299 5393 Magister
3325 5325 3392 5377 ab
3419 5325 3744 5394 Imperatore

2174 5413 2320 5466 missi
2354 5412 2696 5481 perquisituzu
2724 5413 2790 5466 de
2819 5413 3075 5468 seditione
3096 5455 3112 5478 ,
3143 5414 3474 5467 Antiochiam
3511 5414 3744 5470 advene-

2176 5511 2310 5556 rant.
2345 5503 2677 5558 llellebichus
2704 5504 2784 5557 hic
2805 5545 2820 5570 ,
2849 5504 3092 5573 Magister
3115 5507 3346 5570 equitum
3377 5506 3742 5577 peditumque,

2174 5593 2295 5645 alibi
2339 5603 2660 5649 memoratus
2697 5597 2964 5660 occurrit,
3007 5603 3060 5649 et
3097 5595 3312 5662 justitize
3349 5597 3748 5666 clementiazque

2175 5681 2325 5736 laude
2353 5683 2576 5739 celebris
2599 5694 2712 5739 erat
2739 5726 2751 5738 .
2780 5682 3039 5739 Cassarius
3062 5686 3241 5749 etiam,
3275 5685 3520 5756 Magister
3543 5688 3749 5741 officio.

2176 5789 2291 5828 rum
2319 5773 2442 5829 alibi
2468 5773 2655 5842 dictus,
2690 5776 2802 5845 pari
2827 5774 3087 5847 gaudebat
3115 5775 3392 5846 probitatis
3421 5777 3582 5832 fama.
3613 5777 3745 5834 Pro-
