4122 6386
294 416 379 472 lii
1453 413 1632 470 NUNC
1671 409 1926 466 PRIMUM
1966 409 2357 466 ADORNATA.

293 527 522 582 nuntiata
545 536 721 582 autem
749 527 847 583 fuit
869 528 982 582 hmc
1003 527 1217 582 humilia
1243 543 1364 583 cum
1395 527 1706 583 Antiocheni
1741 542 1872 596 pcne

289 633 316 672 a
341 629 483 673 metu
509 619 661 674 liberi
691 630 888 675 essent.
922 619 1221 686 Innumero,
1245 621 1316 674 ait
1339 620 1427 674 ille
1446 637 1590 675 num.
1617 619 1674 688 2,
1697 637 1874 686 exspe-

287 711 526 763 ctavimus
554 712 726 777 mala;
753 713 975 765 omnium
994 713 1261 781 facultates
1281 713 1531 781 direptam
1560 713 1644 776 iri,
1677 710 1874 764 habita-

287 802 399 854 cula
427 819 541 854 cum
567 802 906 856 habitantibus
935 803 1271 856 comburenda
1297 845 1311 865 ,
1341 804 1588 855 civitatem
1619 801 1682 854 de
1711 803 1872 854 medio

288 894 560 948 tollendam
587 897 724 961 orbe,
752 905 799 949 et
820 897 976 965 ipsius
1000 897 1236 965 reliquias
1257 913 1426 949 omnes
1453 896 1719 966 perituras,
1753 911 1871 947 ara-

290 995 417 1036 trunt
442 985 602 1054 ipsius
626 996 811 1040 terram
836 988 1149 1040 sulcaturum
1174 1004 1298 1041 esse.
1325 987 1428 1042 Sed
1448 1003 1560 1040 ecce
1575 988 1681 1040 haec
1703 987 1872 1040 omnia

289 1074 417 1127 intra
436 1077 855 1147 exspectationem
873 1087 1066 1131 tantum
1083 1088 1344 1144 steterunt,
1364 1089 1408 1132 et
1427 1079 1478 1132 in
1496 1095 1736 1149 opusnon
1755 1096 1874 1148 pra-

289 1177 556 1220 cesserunt.
590 1167 701 1223 Sub
723 1169 834 1223 hmc
861 1179 1039 1224 narrat
1064 1169 1331 1239 quomodo
1353 1170 1597 1224 monachi
1624 1186 1690 1224 ex
1716 1186 1870 1222 tuon-

291 1257 427 1311 tibus
457 1261 791 1315 Antiochiam
821 1261 1228 1329 descenderint,
1258 1271 1316 1316 ut
1340 1262 1545 1332 judiccs
1579 1263 1868 1331 placarent,

290 1347 411 1401 dum
445 1350 654 1404 interim
678 1351 976 1422 philosophi
1006 1368 1193 1407 omnes
1233 1352 1404 1408 ϐε·ωοί
1435 1354 1622 1408 urbem
1651 1353 1871 1408 desere-

291 1452 441 1497 rent:
470 1459 576 1513 quo
616 1455 770 1513 pacto
798 1448 957 1500 etiam
996 1449 1302 1503 sacerdotes
1337 1449 1387 1502 in
1430 1451 1652 1518 gratiam
1695 1450 1870 1518 populi

289 1543 506 1590 strenue
536 1552 648 1589 rem
673 1538 934 1607 gesserint
965 1556 978 1593 :
1007 1554 1190 1608 poenas
1221 1539 1632 1609 ablmperatore
1652 1539 1869 1594 demum

289 1626 545 1696 irrugatas
566 1670 582 1694 ,
615 1628 760 1684 leves
790 1630 1196 1701 tolerabilesque
1217 1647 1356 1697 esse,
1385 1647 1556 1701 neque
1581 1631 1868 1687 dolendum

289 1718 332 1772 si
363 1720 670 1775 orchestram
698 1732 744 1776 et
770 1722 949 1777 balnea
978 1725 1280 1787 occluserit,
1310 1739 1373 1779 ac
1400 1726 1756 1796 tnetropolcos
1785 1726 1868 1780 di-

288 1811 538 1878 guitatem
566 1813 632 1866 ab
659 1815 788 1869 urbe
815 1815 1111 1870 Antiochia:
1142 1817 1434 1871 sustulerit.
1469 1817 1659 1873 Veram
1682 1819 1872 1874 Antio-

288 1902 420 1955 chia:
439 1903 749 1972 dignitatem
779 1921 920 1973 esse,
954 1906 1095 1976 quod
1119 1908 1172 1962 in
1199 1924 1259 1962 ea
1281 1907 1737 1978 discipuliChristi
1759 1911 1866 1980 pri-

287 2010 430 2050 mum
458 1994 744 2052 Christiani
767 1999 870 2053 sint
893 2000 1082 2066 vocati,
1105 2000 1317 2070 etquod
1335 2002 1650 2056 Antiocheni
1672 2005 1869 2059 sanctis

286 2086 745 2156 Jcrosolymitauis
765 2091 900 2142 fame
924 2089 1283 2145 laborantibus
1303 2107 1458 2161 opem
1475 2093 1705 2154 tulerint
1726 2113 1738 2145 :
1763 2110 1866 2148 non

288 2178 698 2246 magnitudinem
718 2222 734 2246 ,
779 2179 874 2234 sed
907 2181 1154 2249 pietatem
1191 2181 1347 2236 urbes
1376 2198 1653 2238 exornare.
1682 2185 1736 2238 ln
1763 2185 1871 2240 line

285 2280 460 2324 autem
487 2270 630 2338 dicit,
654 2272 785 2327 alios
801 2273 974 2328 adhuc
995 2274 1046 2328 in
1069 2290 1282 2330 carcere
1307 2275 1522 2345 degere,
1547 2276 1681 2332 alios
1703 2277 1754 2330 in
1778 2294 1869 2331 ex-

285 2361 458 2415 silium
502 2364 786 2420 mittcndos
833 2381 971 2420 esse.
1017 2365 1164 2421 llanc
1195 2366 1465 2421 homiliam
1497 2368 1867 2425 Tillemonlius

285 2455 488 2510 confert
515 2457 566 2510 in
611 2457 992 2513 hebdomadam
1025 2470 1265 2529 quartam
1293 2459 1719 2530 Quadragcsinue
1751 2473 1869 2532 post

286 2539 468 2594 feriam
495 2554 758 2611 quartam,
790 2544 885 2598 sed
913 2559 978 2598 ex
1005 2545 1306 2613 conjectura
1337 2555 1560 2599 tantum.
1593 2545 1864 2617 Metropo-

285 2631 396 2686 leos
453 2649 578 2687 vero
637 2633 866 2704 dignitas
910 2636 1163 2690 translata
1214 2637 1309 2691 fuit
1348 2638 1629 2693 Antiochia
1679 2639 1868 2694 Laodi-

283 2738 451 2790 ceam,
476 2725 738 2780 referente
766 2725 1102 2783 Theodoreto
1130 2729 1164 2781 Ι.
1194 2728 1248 2792 5,
1277 2743 1326 2782 c.
1358 2729 1446 2784 l9.

357 2815 566 2868 Decima
593 2828 776 2870 octava
811 2817 1024 2872 humilia
1055 2829 1175 2888 post
1202 2819 1478 2874 dimidium
1505 2820 1693 2890 jejunii
1723 2821 1864 2876 dicta

283 2905 398 2970 fuit,
431 2919 485 2961 ut
511 2909 582 2962 ait
614 2909 761 2964 initio
785 2910 1214 2982 Chrysostomus.
1253 2911 1406 2966 l’ulat
1427 2927 1556 2967 vero
1576 2912 1866 2968 Tillemon-

283 3000 384 3051 tius
413 3001 550 3054 illam
585 3002 634 3055 in
664 3002 989 3058 Duminicatn
1021 3009 1254 3074 quintam
1282 3003 1715 3075 Quadragesimm
1743 3023 1866 3076 pro—

281 3089 524 3146 babiliter
544 3093 730 3160 conjici
754 3108 930 3163 posse.
960 3095 1147 3164 Agitur
1177 3111 1335 3164 porro
1360 3095 1426 3150 de
1449 3113 1571 3150 vera
1590 3097 1864 3168 jejunandi

280 3183 484 3239 ratione
505 3225 519 3248 ,
550 3185 616 3240 de
638 3185 938 3241 divitiarum
963 3196 1301 3254 contemptu,
1329 3186 1396 3242 de
1431 3188 1643 3244 tristitia
1670 3205 1864 3245 secun-

279 3275 401 3329 dum
437 3277 623 3343 Deum,
653 3288 757 3333 etc.

353 3369 616 3424 llactenus
659 3371 711 3425 in
748 3369 1088 3425 homiliarum
1128 3387 1352 3426 numero
1379 3380 1432 3426 et
1463 3372 1649 3428 ordine
1679 3372 1863 3428 Savilii

275 3469 333 3513 et
371 3459 654 3517 Frontonis
707 3463 880 3517 Duca-i
925 3462 1194 3518 Editioues
1239 3475 1494 3533 sequutus
1541 3480 1702 3532 sum;
1755 3467 1862 3520 imo

275 3553 436 3606 etiam
466 3552 726 3609 decimam
757 3571 951 3610 nonam
973 3557 1308 3611 continenter
1333 3559 1505 3627 posui,
1533 3557 1860 3612 Tillemontii

275 3647 511 3715 opinioni
541 3648 925 3719 adstipulatus,
959 3651 1045 3721 qui
1077 3652 1216 3705 inter
1237 3651 1736 3721 Quadragesimales
1762 3651 1858 3705 de-

273 3739 466 3790 cimam
511 3755 702 3793 nonam
746 3750 800 3795 et
838 3741 952 3811 ipse
994 3743 1194 3811 putavit
1231 3745 1637 3798 accenseudam.
1665 3743 1858 3798 Verum

275 3839 456 3897 postea
487 3831 733 3885 secundis
759 3833 901 3886 curis
925 3837 1158 3902 comperi
1187 3833 1325 3886 illam
1355 3833 1445 3888 diu
1475 3843 1596 3904 post
1623 3834 1822 3888 Pascha
1845 3875 1858 3897 ,

272 3921 548 3977 Dominica
592 3939 781 3993 netnpe
810 3933 933 3979 ante
971 3925 1352 3979 Ascensionem
1381 3925 1586 3979 Domini
1617 3926 1851 3980 habitam

275 4013 472 4078 fuisse,
514 4025 573 4069 ut
609 4017 770 4071 etiam
811 4017 863 4070 in
903 4017 1054 4070 titulo
1094 4017 1298 4084 fertur,
1347 4032 1540 4086 nempe
1583 4017 1856 4072 Dominica

270 4122 356 4167 τῆς
385 4112 725 4175 ἕπισωςομένης
753 4149 768 4169 ,
811 4124 928 4178 qua:
961 4109 1286 4163 Dominicam
1316 4109 1553 4177 quintam
1597 4120 1718 4179 post
1759 4110 1859 4164 Pa-

269 4198 423 4263 scha,
447 4199 559 4252 sive
589 4199 912 4252 Dominicam
935 4209 1060 4254 ante
1085 4201 1469 4254 Ascensionem
1497 4201 1778 4271 significat,
1804 4211 1859 4256 ut

270 4291 345 4344 ait
368 4291 476 4345 Leo
497 4290 739 4345 Allatius.
761 4291 864 4346 Sed
892 4307 953 4346 ea
981 4291 1046 4345 de
1074 4308 1132 4345 rc
1157 4290 1289 4346 infra
1318 4293 1572 4362 pluribus.
1601 4293 1731 4348 Cum
1761 4295 1859 4348 ita-

270 4398 377 4450 que
404 4383 493 4437 illa
524 4383 660 4438 inter
690 4383 945 4438 llomilias
968 4383 1035 4438 de
1059 4384 1277 4450 Statuis,
1310 4384 1391 4438 vel
1417 4385 1860 4455 Quadragesima-

271 4475 352 4530 les
378 4478 638 4531 recenseri
667 4492 770 4531 non
789 4476 1003 4541 debeat,
1028 4476 1232 4530 decima
1263 4491 1400 4530 nona
1422 4477 1524 4530 erit
1549 4477 1637 4530 illa
1654 4518 1668 4544 ,
1700 4493 1857 4547 quam

271 4582 372 4621 nos
391 4569 698 4638 vigesimam
722 4584 1088 4639 posueramus,
1108 4583 1331 4638 quaeque
1352 4574 1404 4622 tu
1427 4568 1673 4622 Editiune
1690 4568 1860 4624 Fron-

270 4660 413 4715 tonis
447 4661 618 4714 Ducmi
649 4663 902 4730 vigesima
929 4659 1162 4715 secunda
1193 4669 1533 4726 numeratur,
1574 4659 1858 4729 habituque

271 4751 371 4807 fuit
389 4795 405 4818 ,
438 4761 576 4808 teste
609 4751 992 4824 Cbrysostomo
1016 4793 1030 4816 ,
1061 4752 1246 4806 decem
1274 4751 1460 4806 diebus
1486 4761 1609 4805 ante
1630 4750 1854 4806 Pascha.

272 4843 367 4897 Illa
397 4858 524 4898 vero
543 4885 556 4907 ,
586 4859 745 4914 quam
773 4843 975 4898 Fronto
1011 4844 1232 4897 Ducazus
1259 4843 1564 4913 vigesimam
1597 4857 1852 4897 numera-

270 4945 461 4999 verat,
492 4945 544 4990 et
575 4950 673 4990 nos
703 4935 1010 5005 vigesimum
1041 4936 1266 5004 primam
1295 4935 1567 5004 posuimus
1587 4976 1602 5000 ,
1634 4935 1742 5003 jam
1777 4936 1856 4988 vi-

269 5030 476 5098 gesima
491 5032 612 5098 erit,
625 5031 837 5102 dempta
853 5045 1045 5098 nempe
1069 5030 1155 5083 illa
1184 5028 1361 5082 habita
1392 5030 1450 5084 in
1479 5029 1750 5083 Dominica
1773 5045 1858 5090 τῆς

266 5127 614 5189 ἀπιδωςομένης
634 5163 648 5181 .
679 5123 747 5176 de
785 5137 886 5190 qua
927 5136 1026 5176 suo
1055 5121 1173 5175 loco
1199 5132 1402 5190 agetur.
1449 5121 1570 5174 Hace
1593 5135 1757 5191 porro
1782 5121 1859 5173 vi-

268 5213 475 5280 gesima
497 5223 576 5266 est
601 5213 782 5266 ultima
805 5213 871 5265 de
892 5211 1112 5266 Statuis.
1141 5211 1321 5282 Itaque
1343 5210 1451 5280 jam
1473 5210 1657 5281 viginti
1685 5210 1857 5264 solum

271 5303 536 5358 llomilias
558 5304 624 5359 de
649 5304 846 5360 Statuis
868 5319 1150 5359 recensere
1169 5316 1399 5374 oportet,
1424 5304 1545 5373 quia
1566 5303 1676 5367 illa,
1700 5319 1857 5374 quam

273 5411 376 5449 nos
403 5396 660 5449 decimam
689 5411 882 5450 nonam
911 5398 1200 5466 posuimus,
1232 5396 1338 5449 alio
1365 5395 1729 5450 transferenda
1755 5405 1856 5460 est,

272 5501 327 5539 et
355 5485 601 5548 humilia,
633 5503 791 5556 quam
822 5487 1128 5556 vigesimam
1161 5488 1384 5557 primam
1415 5486 1616 5540 Fronto
1637 5486 1860 5540 Ducanns

275 5588 526 5647 posuerat
549 5621 563 5640 .
590 5587 673 5633 est
697 5578 993 5634 catechesis
1017 5588 1164 5634 extra
1191 5579 1386 5633 seriem
1413 5577 1764 5633 Homiliarum
1794 5576 1862 5632 de

270 5665 480 5725 Statuis
509 5669 772 5740 ponenda,
802 5681 858 5724 ut
885 5672 1001 5726 loco
1029 5686 1127 5725 suo
1149 5671 1406 5724 dicemus.

350 5760 409 5816 lu
448 5763 699 5832 vigesima
741 5762 975 5827 homilia,
1009 5777 1165 5832 quam
1211 5778 1307 5815 nos
1333 5762 1443 5831 jam
1469 5759 1728 5816 decimam
1766 5777 1862 5815 no-

283 5867 411 5907 nam
436 5868 804 5919 numeramus,
823 5853 875 5908 in
894 5853 1048 5910 titulo
1063 5854 1174 5909 haec
1195 5855 1466 5910 adduntur
1493 5859 1546 5912 in
1572 5855 1860 5913 Mauuscri-

3461 423 3562 478 £22

1980 526 2083 596 ptis
2113 527 2427 597 quibusdam
2464 547 2475 580 :
2517 529 2657 584 Dicta
2683 541 2754 586 est
2781 531 2948 587 decem
2975 534 3148 589 diebus
3185 547 3298 591 ante
3335 551 3561 595 sanctam

1980 629 2024 671 et
2048 620 2290 687 viviﬁcam
2317 620 2525 674 Domini
2545 624 2702 675 nostri
2725 621 2781 676 Ι.
2802 623 2858 677 C.
2893 625 3319 684 Resurrectionem
3346 649 3407 684 ea:
3427 649 3563 686 utor-

1981 710 2078 763 tuis
2102 726 2120 763 :
2146 711 2286 781 quod
2334 713 2534 782 optime
2574 713 2796 783 quadrat
2838 716 2902 769 ad
2935 717 3132 773 dictum
3165 720 3290 775 illud
3321 722 3562 795 Chryso-

1977 803 2135 855 stomi
2179 804 2336 869 paulo
2377 813 2500 859 ante
2545 805 2704 861 finem
2751 807 2982 863 humilia:
3014 828 3026 864 :
3063 811 3411 884 Quadraginta
3455 817 3563 870 dies

1979 895 2344 962 prwterierunt.
2370 896 2556 952 Habita
2579 913 2706 968 ergo
2729 898 2886 955 fuerit
2913 900 3026 956 hmc
3046 905 3229 958 concio
3261 906 3388 960 feria
3411 920 3560 963 sexta

1978 994 2098 1053 post
2116 986 2460 1053 Dominicam,
2477 1004 2633 1058 quam
2653 990 2922 1047 Passionis
2940 1009 3207 1050 vocamus.
3227 997 3348 1052 Haec
3365 999 3562 1068 quippe

1977 1076 2089 1131 dies
2106 1089 2221 1132 erat
2237 1079 2658 1151 quadragesima,
2680 1083 2978 1153 incipiendo
2997 1103 3026 1140 a
3049 1086 3176 1140 feria
3193 1089 3424 1144 secunda
3445 1101 3564 1158 post

1977 1168 2502 1239 Quiuquagesimam,
2534 1188 2652 1242 qua:
2695 1184 2810 1228 erat
2849 1176 3053 1230 initium
3082 1177 3511 1250 Quadragesima:
3546 1200 3557 1234 :

1975 1269 2088 1314 erat
2116 1261 2240 1315 item
2266 1261 2472 1317 decima
2499 1273 2621 1318 ante
2647 1265 2844 1320 Pascha
2867 1307 2880 1327 ,
2914 1268 3083 1336 ipsum
3113 1269 3388 1325 Paschalis
3416 1271 3558 1328 diem

1975 1351 2393 1406 annumerando.
2420 1353 2513 1408 Est
2537 1365 2711 1408 autem
2741 1355 2854 1410 haec
2881 1357 3093 1412 humilia
3118 1361 3283 1415 ferme
3305 1371 3411 1416 tota
3433 1379 3564 1416 con-

1978 1450 2057 1496 tra
2097 1443 2420 1498 simultatem
2463 1454 2518 1499 et
2560 1445 2864 1515 injuriaram
2895 1451 3202 1505 memoriam
3229 1493 3244 1518 ,
3287 1462 3340 1506 et
3377 1453 3426 1506 in
3457 1455 3561 1510 line

1976 1546 2072 1600 pro
2099 1548 2246 1588 more
2275 1535 2431 1588 solito
2458 1545 2641 1590 contra
2671 1536 2986 1607 iuramenta.

2051 1625 2312 1695 Vigesima
2345 1629 2510 1698 prima
2542 1628 2778 1697 homilia,
2811 1648 2967 1700 quam
2994 1648 3090 1687 nos
3119 1635 3425 1704 vigesimam
3459 1653 3558 1689 nu-

1975 1716 2282 1771 merandum
2311 1727 2558 1788 putamus
2578 1763 2591 1785 ,
2630 1734 2710 1776 est
2751 1723 2934 1776 ultima
2962 1723 3028 1778 de
3056 1725 3273 1780 Statuis.
3305 1728 3424 1796 Ipso
3453 1730 3558 1784 Rev

1975 1809 2318 1864 surrectionis
2361 1810 2449 1864 die
2491 1811 2669 1866 habita
2712 1814 2965 1882 probatur
3006 1831 3072 1870 ex
3115 1817 3178 1870 iis
3207 1833 3323 1887 qum
3350 1819 3449 1874 sub
3479 1821 3558 1872 iu-

1975 1900 2124 1954 ltium
2177 1901 2443 1978 dicuntur,
2491 1915 2544 1958 et
2587 1914 2709 1974 post
2745 1907 2972 1960 reditum
3023 1908 3256 1963 Flaviani
3299 1911 3554 1980 episcopi.

1975 1991 2154 2046 Primo
2192 1992 2371 2047 laudat
2412 1993 2763 2060 Flavianum,
2786 1997 2926 2066 quod
2957 2012 3142 2052 sorore
3181 1999 3367 2054 morbo
3406 2001 3558 2055 labo-

1974 2095 2155 2150 rante,
2184 2087 2250 2141 de
2274 2088 2532 2142 extremis
2558 2090 2923 2157 periclitante,
2954 2101 3007 2144 et
3032 2092 3248 2146 fratrem
3279 2109 3345 2147 ne
3371 2111 3428 2149 se
3457 2095 3555 2150 de-

1973 2186 2179 2230 sereret
2222 2186 2444 2246 rogante
2467 2219 2482 2245 ,
2515 2180 2692 2234 omnia
2725 2189 2899 2234 tamen
2939 2182 3028 2237 ille
3064 2183 3426 2251 posthabuerit
3453 2225 3469 2252 ,
3501 2197 3558 2241 ut

1974 2266 2290 2336 periclitanti
2319 2267 2465 2338 gregi
2496 2269 2843 2338 prospiceret.
2867 2269 3058 2325 Narrat
3082 2273 3350 2341 quomodo
3381 2273 3552 2343 Impe-

1973 2368 2205 2411 ratorem
2233 2357 2425 2413 adierit
2451 2369 2505 2413 ct
2536 2360 2587 2412 in
2615 2371 2956 2429 conspectum
2985 2361 3100 2430 cjus
3127 2362 3409 2427 adductus,
3439 2374 3552 2417 sta-

1973 2449 2065 2503 tim
2088 2450 2354 2520 lacrymis,
2373 2450 2516 2504 luctu
2538 2461 2588 2505 et
2617 2452 2830 2506 silentio
2847 2453 2950 2505 vim
2973 2453 3173 2508 doloris
3194 2457 3511 2524 expresserit
3537 2473 3552 2510 :

1972 2538 2272 2610 deindeque
2301 2541 2490 2595 leniter
2515 2540 2759 2596 hortante
2785 2543 3107 2612 lmpcratore
3132 2547 3424 2601 orationem
3452 2548 3520 2601 ha
3539 2580 3556 2592 -

1970 2631 2188 2698 buerit,
2221 2649 2376 2702 quam
2419 2633 2830 2706 Chrysostomus
2873 2635 2939 2689 ad
2981 2636 3195 2690 verbum
3240 2639 3399 2692 refert.
3434 2650 3557 2708 apte

1969 2726 2315 2792 compositam
2343 2724 2408 2778 ad
2436 2725 2793 2780 Theodosium
2827 2727 3141 2795 placandum
3177 2747 3189 2780 ε
3219 2728 3553 2786 Theodosius

1969 2831 2099 2870 vero
2137 2817 2200 2870 ad
2247 2818 2666 2872 miscricordiam
2712 2829 3045 2884 connnotus,
3090 2820 3204 2875 hanc
3247 2822 3553 2877 Christiano

1970 2908 2219 2980 Priueipe
2255 2909 2412 2980 digna
2454 2912 2671 2980 protulit
2700 2913 2863 2966 verba
2893 2930 2906 2965 :
2939 2912 3075 2979 Quid
3096 2929 3330 2983 magnum
3357 2918 3480 2975 erit,
3512 2916 3557 2969 si

1970 3001 2274 3067 hominibus,
2302 3002 2389 3070 qui
2413 3019 2502 3056 nos
2532 3004 2841 3058 contumeliis
2866 3001 3155 3070 aﬂ'ecerunt,
3176 3004 3305 3057 irant
3326 3007 3552 3059 remitta-

1969 3110 2078 3147 ntus
2096 3135 2110 3158 ,
2142 3111 2255 3147 cum
2282 3111 2371 3148 nos
2401 3096 2498 3164 ipsi
2528 3096 2752 3150 homines
2782 3097 2936 3150 simus
2959 3112 2976 3160 ,'
3006 3096 3206 3166 quando
3237 3098 3412 3149 mundi
3438 3096 3550 3151 Do-

1968 3187 2132 3240 minus
2159 3187 2210 3239 in
2241 3197 2426 3240 terram
2452 3188 2752 3240 descendens
2773 3230 2786 3252 ,
2830 3204 2888 3240 ac
2925 3198 3129 3258 propter
3165 3206 3254 3241 nos
3293 3188 3442 3241 homo
3471 3193 3552 3258 fa-

1967 3291 2095 3340 ctus,
2120 3290 2164 3334 et
2184 3297 2215 3332 a
2237 3281 2472 3349 beneﬁcio
2493 3279 2684 3347 affectis
2709 3281 3002 3348 cruciﬁxus,
3028 3297 3118 3351 pro
3138 3281 3549 3350 cruciﬁgentibus

1967 3389 2021 3426 se
2041 3372 2248 3427 Patrem
2277 3375 2436 3426 oravit
2461 3375 2630 3427 dicens
2649 3390 2668 3427 :
2689 3373 2904 3444 Ignosce
2930 3374 3069 3439 illis;
3097 3392 3199 3428 non
3224 3376 3356 3428 enim
3382 3377 3548 3429 sciunt

1966 3467 2087 3537 quid
2112 3467 2326 3536 faciunt.
2354 3466 2486 3521 Cum
2518 3478 2699 3521 autem
2742 3466 3023 3521 Flavianus
3056 3466 3256 3521 Pascha
3287 3482 3408 3521 cum
3441 3466 3547 3519 lm-

1969 3569 2217 3627 peratorc
2257 3557 2528 3612 celebrare
2555 3557 2745 3622 vellet,
2775 3558 2984 3626 reponit
3010 3556 3341 3612 Theudosius
3370 3575 3383 3610 :
3414 3556 3548 3611 Novi

1966 3648 2421 3703 Antiochenorum
2448 3648 2656 3702 animos
2683 3649 3049 3710 conturbatos,
3079 3658 3131 3701 et
3152 3648 3342 3700 multas
3362 3662 3548 3717 super-

1966 3755 2086 3794 esse
2115 3739 2431 3794 calamitatis
2467 3738 2737 3808 rcliquias.
2765 3737 2857 3791 Abi
2886 3748 2929 3791 et
2955 3739 3230 3791 consolare.
3266 3737 3328 3792 Si
3369 3741 3548 3808 guber-

1967 3843 2193 3886 natorem
2232 3832 2479 3896 viderint,
2516 3849 2606 3884 nec
2647 3833 2910 3902 prteteritce
2945 3833 3326 3886 reminiscentur
3359 3841 3548 3901 tempe-

1965 3926 2128 3988 statis,
2152 3925 2238 3978 sed
2265 3925 2428 3994 ipsam
2456 3925 2672 3977 tristia»:
2700 3923 2990 3975 memoriam
3023 3922 3271 3976 delebant.
3301 3921 3424 3976 llaec
3455 3923 3546 3976 ubi

1966 4017 2314 4072 Autiochenis
2344 4016 2580 4070 nuntiata
2611 4015 2778 4080 fuere,
2807 4014 2997 4085 gaudio
3029 4013 3225 4083 perfusi
3255 4013 3425 4066 forum
3455 4029 3547 4068 co-

1963 4117 2243 4172 ronarunt,
2275 4109 2518 4162 lucernas
2546 4106 2940 4168 accenderunt,
2973 4114 3028 4159 et
3055 4115 3179 4159 aute
3205 4103 3444 4159 officinas
3472 4106 3548 4158 le-

1964 4200 2237 4254 ctisternia
2267 4215 2515 4267 posuere.
2549 4198 2644 4252 llic
2677 4197 2886 4253 tandem
2927 4197 3022 4252 fuit
3044 4197 3391 4252 Antiocheam
3408 4196 3548 4250 sedi-

1966 4275 2126 4348 tionis
2152 4294 2344 4348 exitus.

2034 4386 2152 4441 Jam
2178 4386 2243 4440 ad
2270 4385 2544 4456 sequentia
2567 4385 2863 4448 veniamus,
2883 4398 3000 4453 qua:
3024 4391 3144 4456 post
3159 4383 3297 4437 diem
3319 4380 3550 4436 Pascha-

1965 4481 2032 4534 tis
2059 4479 2378 4548 subsequuta
2409 4488 2530 4532 sunt
2560 4496 2574 4532 :
2606 4479 2658 4531 in
2685 4477 2834 4548 queis
2863 4491 2928 4530 ex
2962 4475 3211 4529 diuturna
3238 4473 3548 4528 tractatione

1966 4587 2073 4625 non
2102 4586 2269 4640 pauca
2315 4577 2439 4624 sunt
2463 4611 2478 4635 ,
2505 4584 2624 4638 quae
2656 4567 2861 4637 pridem
2900 4565 3193 4621 secundum
3220 4565 3548 4618 Tillemontii

1966 4663 2285 4718 sententiam
2312 4673 2667 4717 statueramus
2693 4702 2708 4724 ,
2739 4674 2962 4730 quaeque
2979 4659 3091 4729 jam
3118 4656 3368 4712 mutanda
3395 4658 3549 4711 nobis

1965 4763 2107 4810 sunt.
2137 4755 2356 4820 Eorum,
2373 4769 2492 4824 qua:
2513 4764 2632 4824 post
2659 4752 2800 4807 diem
2823 4752 3096 4807 Paschalis
3118 4751 3274 4820 bujus
3298 4751 3422 4804 anni
3445 4751 3548 4804 387

1965 4847 2291 4916 subsequuta
2332 4855 2488 4912 sunt,
2542 4844 2675 4899 ordo
2715 4844 2879 4914 probe
2911 4845 3200 4913 percipitur
3227 4859 3292 4898 ex
3332 4843 3400 4897 iis
3429 4857 3550 4911 qua:

1965 4938 2227 4993 Sermone
2273 4938 2442 5007 primo
2467 4936 2534 4991 de
2571 4938 2724 4990 Anna
2759 4943 2939 4989 narrat
2973 4935 3405 5005 Chrysostonnts.
3450 4932 3552 4985 Vos

1966 5031 2098 5083 enini
2122 5030 2360 5099 fortasse,
2391 5029 2580 5100 inquit,
2605 5045 2775 5082 eorum
2800 5028 2942 5081 obliti
2970 5028 3107 5092 estis,
3131 5044 3188 5082 eo
3209 5028 3344 5098 quod
3365 5027 3549 5080 inultos

1966 5123 2156 5175 interea
2192 5137 2482 5187 sermones,
2514 5131 2559 5174 et
2599 5122 2662 5174 de
2703 5120 2818 5174 aliis
2866 5119 3012 5174 rebus
3061 5136 3154 5173 nos
3208 5120 3547 5173 habuerimus.

1969 5212 2108 5266 Nam
2136 5228 2330 5266 reverso
2359 5229 2390 5263 a
2421 5211 2693 5282 longinqua
2723 5210 3122 5281 peregrinatione
3149 5208 3310 5263 Patre
3336 5220 3505 5263 nostro
3533 5250 3547 5272 ,

1966 5304 2298 5357 necessarium
2323 5303 2420 5372 fuit
2449 5304 2619 5356 omnia
2647 5318 3055 5365 commemorare,
3084 5317 3198 5370 qua:
3221 5302 3271 5354 in
3295 5299 3551 5355 Comitum

1965 5396 2294 5449 acciderant:
2324 5412 2383 5449 ac
2410 5395 2590 5448 deinde
2611 5411 2726 5447 cum
2755 5393 3021 5463 gentilibus
3050 5394 3336 5463 disputare,
3369 5402 3426 5445 ut
3459 5392 3551 5446 hos

1967 5489 2013 5540 vi
2043 5487 2342 5541 calamitatis
2380 5487 2446 5538 ad
2483 5487 2738 5539 meliorem
2767 5489 2966 5556 frugem
2995 5495 3248 5537 revocatos
3270 5525 3286 5549 ,
3315 5484 3401 5551 qui
3422 5525 3437 5548 ,
3461 5483 3551 5535 de-

1967 5588 2099 5632 serto
2132 5577 2393 5648 gentilium
2421 5593 2607 5641 errore,
2638 5593 2746 5630 sese
2766 5577 2833 5630 ad
2858 5593 2949 5631 nos
2974 5575 3288 5630 contulerant
3314 5616 3328 5638 ,
3362 5590 3454 5645 pro
3477 5575 3550 5627 vi-

1967 5670 2051 5725 rili
2077 5672 2508 5740 conﬁrmaremus,
2539 5687 2600 5722 ac
2627 5671 2933 5734 doceremus,
2963 5670 3164 5731 quantis
3191 5667 3403 5722 tenebris
3427 5667 3552 5721 libe-

1968 5764 2107 5829 rati,
2135 5763 2202 5816 ad
2233 5772 2426 5816 tantam
2461 5761 2681 5816 veritatis
2720 5762 2883 5816 lucem
2920 5763 3271 5814 occurrissent.
3305 5757 3429 5814 Post
3458 5757 3553 5812 illa

1969 5872 2170 5911 rursum
2197 5855 2368 5909 multis
2393 5853 2565 5909 diebus
2590 5863 2867 5926 martyrum
2893 5854 3161 5926 festivitate
3174 5853 3317 5926 potiti
3339 5868 3512 5907 sumus
3528 5866 3551 5907 .'
