4122 6386
549 416 655 471 'I‘L')

552 540 711 595 neque
748 526 959 594 tempori
991 529 1283 582 conveniens
1315 528 1487 597 [uisset
1513 544 1594 582 eos
1617 569 1634 595 ,
1664 529 1749 599 qui
1784 528 1835 580 in
1877 526 2118 592 sepulcris

552 625 831 685 martyrum
860 626 1192 681 versarentur,
1223 634 1395 671 earum
1432 618 1641 671 laudum
1680 633 1791 686 quis
1819 615 2121 687 martyribus

552 704 788 759 debentur
815 716 1034 760 exsortes
1061 707 1331 761 discedere.
1369 707 1620 763 Successit
1657 709 1737 763 Itis
1768 710 1835 761 ad
1871 709 2121 762 abstinen-
2169 749 2173 753 ν

552 797 674 849 dum
714 813 747 848 a
777 798 1079 866 juramentis
1130 799 1429 853 exhortatio.
1483 800 1608 854 Cum
1657 801 1788 854 enim
1827 809 1981 853 totam
2033 816 2122 852 ru-

553 886 792 940 sticorum
841 888 1095 942 nationem
1146 890 1198 942 in
1242 889 1412 943 urbem
1457 891 1735 961 ingressam
1785 906 2119 954 cerneremus,

558 976 648 1029 hos
699 976 788 1030 illo
830 994 861 1029 a
908 977 1049 1031 nobis
1094 979 1360 1034 instructas
1399 981 1576 1034 uiatico
1616 982 1898 1036 censuimus
1949 981 2120 1034 dimit-

557 1067 752 1121 tendos.
1196 1082 1201 1089 ’

633 1155 870 1210 ΙΙοηιίιιω
907 1166 1018 1226 post
1053 1157 1255 1213 Pascha
1303 1160 1468 1215 dictte.
1516 1189 1591 1203 —-
1638 1161 1886 1226 Reverso,
1935 1163 2120 1232 inquit,

558 1262 622 1299 ea:
678 1248 950 1316 longinqua
988 1250 1382 1320 peregrinatione
1422 1250 1581 1306 Patre
1624 1263 1793 1306 nostro
1816 1293 1833 1318 ,
1890 1270 2123 1308 necessa-

561 1336 693 1387 rium
752 1338 849 1405 fuit
902 1339 1072 1391 omnia
1125 1354 1547 1406 commemorare,
1596 1357 1711 1411 quae
1752 1343 1806 1396 in
1875 1342 2124 1398 Comitatu

544 1407 862 1481 'acciderant.
890 1429 981 1483 llic
1002 1429 1143 1485 haud
1160 1431 1319 1486 dubie
1349 1407 1789 1488 notatﬂomiliam
1815 1435 2121 1505 vigesimam

562 1519 783 1588 primam
834 1521 899 1575 ad
956 1523 1211 1592 Populum
1249 1526 1638 1581 Antiochenum
1680 1527 1742 1582 T.
1770 1527 1839 1593 2,
1877 1546 1924 1580 c.
1978 1527 2070 1582 2H
2109 1546 2122 1580 :

561 1624 718 1677 quam
740 1611 1042 1680 vigesimam
1073 1616 1451 1677 numer-audam
1478 1632 1598 1671 esse
1626 1617 1783 1671 modo
1798 1618 2123 1684 dicebamus,

563 1698 614 1752 in
642 1714 742 1768 qua
758 1702 930 1769 agitur
941 1702 1008 1757 de
1023 1703 1191 1757 reditu
1215 1703 1449 1759 Flaviani
1471 1706 1725 1774 episcopi,
1743 1706 1916 1776 deque
1940 1723 2128 1763 recon-

562 1790 737 1845 ciliata
755 1791 1034 1847 Theodosii
1066 1793 1404 1862 Imperatoris
1418 1812 1537 1850 cum
1567 1799 1909 1853 Antiochenis
1936 1801 2124 1869 gratia,

561 1894 680 1948 qua:
704 1882 891 1935 concio
911 1883 961 1937 in
987 1883 1073 1938 die
1086 1883 1358 1940 Paschalis
1374 1886 1550 1941 habita
1573 1887 1757 1957 fuerat.
1774 1888 2130 1962 PergitChry-

563 1972 925 2025 sostomus:Ac
945 1973 1123 2028 deinde
1137 1992 1251 2028 cum
1262 1978 1527 2046 gentilibus
1544 1978 1801 2048 disputare
1815 1984 2053 2050 oportuit,
2076 1991 2130 2036 ut

567 2063 657 2115 hos
682 2065 728 2115 vi
769 2064 1070 2119 calamitatis
1110 2067 1178 2120 ad
1206 2069 1456 2122 meliorem
1486 2072 1682 2142 frugem
1719 2084 1990 2137 revocatos,
2020 2077 2125 2143 qui,

566 2153 758 2206 deserto
782 2156 1043 2223 gentilium
1065 2172 1249 2221 errore,
1267 2175 1373 2213 sese
1398 2161 1465 2213 ad
1480 2177 1570 2215 nos
1592 2164 1928 2229 contulerant,
1948 2182 2038 2234 pro
2057 2167 2129 2219 ui-

563 2243 649 2297 rili
677 2246 1108 2313 conﬁrmaremus,
1146 2251 1346 2319 quantis
1369 2252 1583 2307 tenebris
1607 2254 1803 2310 liberati
1827 2257 1894 2309 ad
1937 2266 2130 2311 tantam

566 2330 729 2388 lucem
778 2335 997 2390 veritatis
1023 2340 1368 2395 occurrissent.
1414 2341 1616 2413 Nempe
1644 2344 1832 2402 diebus
1874 2356 1993 2416 post
2028 2347 2128 2402 Pa-

566 2423 798 2479 schalem
819 2426 1205 2485 solemnitatem
1230 2433 1570 2501 sequentibus
1591 2438 1813 2506 gentiles
1839 2440 1959 2494 illos
1996 2455 2127 2495 con-

570 2512 784 2570 ﬁrmare
825 2518 1054 2585 studuit,
1099 2521 1187 2590 qui
1213 2537 1279 2577 ex
1316 2523 1612 2581 calamitate
1638 2528 1978 2585 Antiochenis
2022 2539 2128 2585 tam

566 2604 847 2670 gentilibus
871 2623 1026 2677 quam
1052 2609 1364 2667 Christianis
1392 2615 1462 2669 ob
1488 2630 1706 2670 eversas
1734 2628 1935 2673 statuas
1958 2620 2125 2687 illata,

566 2694 633 2749 ad
664 2697 936 2755 meliorem
968 2699 1168 2771 frugem
1195 2705 1448 2771 revocati,
1491 2707 1557 2760 ad
1587 2707 1939 2764 Christianam
1972 2712 2126 2768 ﬁdem

566 2798 901 2843 accesserant
929 2808 941 2843 :
974 2807 1039 2843 an
1067 2803 1239 2848 autem
1269 2810 1391 2860 una,
1423 2811 1489 2850 an
1521 2798 1757 2866 pluribus
1784 2802 2129 2859 concionibus

568 2878 619 2931 id
667 2881 851 2948 egerit,
893 2882 1149 2938 incertum
1190 2894 1311 2948 est;
1357 2886 1450 2940 sed
1479 2888 1591 2942 sive
1624 2904 1781 2944 unam
1811 2892 1925 2948 sive
1955 2894 2131 2963 plures

568 2970 829 3038 habuerit,
856 2975 1031 3029 omnia
1060 2977 1353 3032 amisimus.
1382 2978 1576 3034 Verum
1608 2980 1745 3036 hanc
1766 2982 2029 3052 jacturam
2053 2995 2126 3039 ut-

567 3075 794 3132 cumque
819 3066 979 3120 sarcit
1005 3065 1411 3137 Chrysostomus
1435 3110 1451 3133 ,
1479 3070 1568 3140 qui
1593 3086 1653 3125 ea
1675 3088 1792 3141 qua:
1816 3074 1879 3127 ad
1909 3076 2131 3143 gentiles

566 3151 772 3209 dixerat
797 3155 846 3208 in
865 3155 964 3213 hac
989 3156 1205 3212 homilia
1231 3174 1329 3213 nec
1355 3162 1538 3230 paucis
1565 3163 1740 3215 verbis
1763 3166 1970 3235 repetit.
1993 3166 2130 3220 Stib-

562 3242 736 3314 jungit
762 3260 889 3300 vero
911 3245 969 3302 S.
998 3246 1182 3302 doctor
1206 3249 1390 3305 isthmc
1423 3271 1436 3304 :
1489 3250 1607 3304 Post
1644 3252 1735 3306 illa
1760 3270 1963 3308 rursum
2007 3256 2133 3311 mul-

569 3335 632 3388 tis
656 3336 823 3389 diebus
844 3348 1131 3392 sanctorum
1159 3342 1422 3410 festivitate
1447 3343 1593 3405 potiti
1616 3360 1810 3409 sumus,
1838 3361 1992 3413 neque
2008 3355 2133 3399 tem-

570 3426 680 3492 pori
707 3427 1000 3481 conveniens
1026 3429 1202 3498 {uisset
1227 3447 1309 3483 cos
1332 3470 1349 3496 ,
1377 3432 1463 3499 qui
1488 3433 1541 3483 in
1580 3433 1824 3501 sepulcris
1855 3445 2132 3504 martyrum

567 3524 909 3582 versarentur,
938 3533 1106 3571 earum
1152 3519 1359 3572 laudum
1405 3536 1517 3589 quin
1564 3522 1866 3592 martyribus
1895 3523 2133 3577 debentur

569 3614 789 3659 exsortes
829 3606 1096 3661 discedere.
1125 3610 1375 3663 Successit
1403 3612 1480 3664 his
1508 3611 1575 3663 ad
1611 3613 1961 3668 abstinendum
1985 3630 2018 3666 a
2036 3614 2128 3682 ju-

568 3696 805 3750 ramentis
829 3698 1104 3752 cohortatio
1130 3716 1148 3753 :
1175 3717 1286 3754 cum
1313 3702 1444 3753 enim
1464 3711 1621 3754 totam
1646 3704 1947 3757 rusticorum
1969 3705 2135 3758 natio-

570 3802 682 3838 nem
714 3787 768 3839 in
815 3786 985 3841 urbem
1023 3790 1298 3859 ingressam
1335 3808 1672 3859 cerneremus,
1700 3793 1791 3848 hos
1815 3792 1904 3847 illo
1932 3809 1964 3846 a
1992 3795 2132 3849 nobis

570 3876 835 3931 instructos
859 3878 1036 3932 uiatico
1061 3883 1343 3934 censuimus
1375 3882 1719 3938 dimittendos.

646 3968 842 4024 Eadem
870 3985 1026 4039 porro
1054 3972 1183 4041 ipsa,
1215 3989 1331 4042 quae
1361 3974 1427 4028 tle
1449 3985 1737 4046 martyrum
1767 3976 2134 4032 festivitatibus

575 4058 786 4114 bomilia
819 4063 985 4131 prima
1012 4062 1077 4116 de
1106 4065 1256 4118 Anna
1300 4064 1479 4131 refert,
1511 4069 1560 4120 iu
1586 4067 1814 4122 llomilia
1840 4085 2049 4139 quoque
2080 4071 2131 4123 in

575 4151 841 4206 Dominica
884 4170 966 4216 τῆς
989 4159 1327 4222 ἐπισωζομένης
1369 4170 1628 4224 recenset,
1655 4160 1753 4213 etsi
1801 4161 2011 4230 paulum
2051 4161 2134 4214 di-

580 4256 733 4293 verso
760 4243 1004 4297 narrandi
1036 4245 1212 4310 modo,
1247 4257 1537 4315 martyrum
1568 4262 1757 4317 nempe
1772 4249 2135 4306 solcmnitates

578 4333 755 4388 multis
794 4333 980 4391 diebus
1012 4336 1326 4402 celebratas,
1375 4346 1430 4392 et
1465 4339 1781 4395 rusticorum
1828 4340 2132 4407 adventum,

574 4425 763 4493 quibus
787 4425 871 4478 ille
896 4426 1238 4482 concionatus
1254 4434 1353 4482 est.
1382 4429 1572 4483 Verum
1591 4429 1678 4484 hic
1701 4430 1773 4485 ait
1798 4432 1888 4487 ille
1907 4448 1986 4496 se,
2010 4434 2134 4486 dum

576 4523 867 4584 martyrum
899 4514 1028 4569 festa
1059 4516 1453 4574 celebrarentur
1474 4559 1491 4585 ,
1522 4518 1828 4575 inﬁrmitate
1863 4521 2136 4577 detentum

577 4606 716 4661 domi
749 4608 1025 4672 mansisse,
1059 4624 1229 4678 neque
1255 4619 1543 4682 martyrum
1570 4611 1938 4669 festivitatibus
1972 4615 2139 4669 inter-

578 4696 761 4753 fuisse.
806 4695 958 4755 [lude
997 4697 1156 4754 infert
1193 4700 1561 4757 'l‘illemontius
1591 4702 1723 4758 duas
1753 4704 1915 4761 fuisse
1942 4717 2140 4778 marty-

579 4805 697 4842 rum
741 4788 1053 4844 festivitates
1093 4807 1105 4841 :
1139 4799 1192 4845 et
1227 4800 1504 4862 utramque
1540 4794 1693 4864 longa
1725 4795 1863 4851 serie
1907 4796 2142 4867 duosque

578 4879 901 4935 rusticorum
926 4880 1181 4936 adventus
1200 4898 1215 4947 ;
1233 4892 1392 4952 atque
1421 4899 1667 4940 sermone
1693 4885 1865 4954 primo
1885 4886 1950 4943 de
1965 4889 2138 4955 Anna,

581 4972 648 5028 de
677 4973 740 5028 iis
769 4980 1058 5045 martyrum
1086 4972 1478 5040 festivitatibus,
1505 4976 1676 5044 deque
1705 4979 2020 5033 rusticorum
2046 4981 2143 5034 ad-

584 5071 762 5128 ventu,
780 5079 895 5132 quae
927 5064 976 5117 in
995 5064 1407 5119 hebdomadibus
1431 5075 1551 5134 post
1580 5066 1779 5121 Pascha
1798 5068 2102 5124 acciderunt
2127 5088 2140 5125 :

585 5153 638 5205 in
670 5152 879 5207 humilia
907 5165 1083 5209 autem
1115 5154 1290 5209 habita
1318 5156 1369 5208 in
1405 5156 1670 5211 Dominica
1710 5167 2146 5228 τῆςὲπισωςομένης

587 5242 652 5298 de
680 5253 966 5315 martyrum
995 5243 1141 5299 festis
1158 5253 1211 5300 et
1237 5245 1304 5300 de
1327 5247 1643 5302 rusticorum
1671 5249 1898 5306 adventu
1924 5253 2028 5322 agi,
2056 5256 2146 5323 qui

587 5335 640 5385 in
693 5331 1104 5404 Quadragesima
1158 5336 1510 5405 contigerunt.
1552 5338 1666 5393 Non
1720 5342 2148 5399 animadvertens

587 5422 1020 5495 (Ihrysostomum
1048 5425 1228 5481 dicere
1255 5427 1304 5480 in
1331 5428 1516 5482 eadem
1543 5428 1778 5497 humilia,
1803 5433 1987 5488 ducem
2034 5450 2149 5489 om-

589 5515 733 5567 nium
780 5515 979 5569 scilicet
1024 5515 1352 5585 Flavianum,
1398 5514 1449 5572 in
1492 5520 1637 5575 hisce
1673 5537 1766 5591 per
1795 5522 1977 5579 urbem
2019 5540 2153 5581 actis

592 5613 879 5673 martyrum
922 5606 1348 5675 celebritatibus,
1397 5610 1645 5679 populum
1695 5612 2151 5671 circumduxisse:

593 5696 734 5762 atqui
768 5696 1034 5765 quomodo
1072 5699 1240 5766 potuit
1265 5708 1503 5768 tempore
1531 5700 1956 5771 Quadragesimze
1981 5718 2151 5774 popu-

591 5785 705 5838 lum
756 5787 1138 5845 Antiochenum
1174 5791 1353 5846 multis
1381 5790 1566 5847 diebus
1602 5791 1997 5850 circumducere
2021 5835 2035 5862 ,
2064 5796 2152 5866 qui

1605 418 1658 473 S.
1701 414 1975 472 JOAN‘NIS
2014 412 2484 471 CHRYSOSTOMI
2524 401 2704 481 VIT'A,

3688 405 3791 460 124

2229 540 2325 595 per
2378 533 2545 579 totum
2598 522 3023 593 Quadragesima:
3075 530 3281 589 tempus
3335 514 3790 584 Constantinopoli

2226 624 2466 670 versatus
2507 614 2610 669 sit?
2659 614 2821 667 Miror
2863 613 2978 667 haec
3016 626 3119 665 non
3160 607 3596 662 animadvertisse
3626 604 3789 658 Tille—

2226 706 2505 770 montium,
2548 719 2721 774 neque
2770 705 2872 758 alia
2919 703 3081 757 multa
3116 702 3312 756 absona
3344 714 3461 769 quae
3489 714 3555 752 ex
3593 696 3790 766 duplici

2227 797 2313 851 illa
2353 797 2606 851 festorum
2633 799 2792 861 serie,
2824 795 3016 867 duplici
3049 796 3173 849 item
3204 793 3522 847 rusticorum
3560 790 3792 844 adventu

2226 888 2583 957 sequebantur
2629 889 2949 958 percepisse.
2998 886 3179 956 Neque
3207 883 3438 938 difﬁteor
3476 881 3670 951 aliquid
3698 896 3791 934 su-

2227 992 2445 1048 peresse
2473 978 2831 1042 difﬁcultatis;
2855 979 2946 1031 sed
2972 978 3091 1037 quia
3133 977 3196 1029 iis
3220 974 3465 1029 omnibus
3494 987 3610 1040 quae
3635 971 3792 1040 objici

2228 1077 2493 1136 poterant,
2543 1068 2593 1121 in
2651 1066 2756 1121 ﬁne
2809 1067 3135 1122 Prmfationis
3178 1065 3243 1119 ad
3293 1073 3536 1133 quartum
3568 1062 3790 1116 Tomum

2227 1157 2437 1213 abunde
2478 1158 2847 1223 satisfecimus,
2874 1173 2940 1211 eo
2989 1158 3242 1213 lectorem
3283 1155 3560 1221 mittimus,
3593 1164 3649 1207 ut
3675 1168 3793 1208 sus-

2232 1258 2440 1317 ceptam
2457 1247 2730 1302 historiam
2762 1262 3160 1316 persequamur.

2302 1337 2429 1391 Post
2450 1336 2653 1392 Pascha
2678 1336 2835 1406 igitur
2861 1335 3083 1406 gentiles
3111 1335 3249 1401 illos,
3276 1334 3364 1405 qui
3390 1333 3515 1387 dum
3544 1331 3792 1387 Theodo-

2229 1427 2340 1480 sius
2369 1426 2419 1480 in
2443 1427 2825 1492 Antiochenos,
2853 1427 2942 1496 qui
2969 1435 3168 1481 statuas
3193 1440 3316 1479 suas
3336 1425 3658 1493 dejecerant,
3682 1438 3788 1476 sac-

2230 1518 2401 1584 viret,
2447 1518 2720 1587 majorque
2763 1518 3037 1572 calamitas
3077 1526 3498 1586 exspectaretur,
3530 1515 3596 1569 ad
3641 1514 3797 1567 Chri-

2233 1609 2457 1663 stianam
2486 1608 2645 1663 ﬁdem
2666 1617 3018 1673 accesserant,
3047 1606 3454 1674 Chrysostomus
3482 1605 3536 1659 in
3554 1615 3797 1671 suscepta

2231 1714 2358 1754 vera
2372 1699 2627 1769 religione
2650 1701 2965 1754 conlirmare
2989 1699 3187 1753 studuit
3208 1715 3222 1754 :
3243 1697 3432 1752 deinde
3450 1711 3576 1751 vero
3601 1696 3795 1748 solem-

2232 1791 2422 1845 nitates
2453 1800 2742 1862 martyrum
2773 1806 2869 1858 per
2893 1790 3085 1843 multos
3111 1788 3225 1843 dies
3251 1789 3300 1841 in
3332 1788 3489 1842 variis
3516 1785 3659 1839 urbis
3678 1800 3797 1852 par—

2236 1880 2373 1936 tibus
2399 1880 2678 1937 celebratze
2703 1890 2841 1945 sunt,
2870 1879 3119 1934 Flaviano
3147 1880 3398 1948 episeopo
3424 1876 3670 1947 populum
3690 1877 3797 1929 cir-

2232 1972 2598 2038 cumducente,
2630 1972 2757 2026 dum
2802 1970 3011 2026 interim
3041 1968 3451 2042 Chrysoslomus
3491 1967 3674 2021 morbo
3700 1965 3799 2021 de-

2236 2071 2409 2116 tentus
2449 2062 2592 2117 domi
2627 2062 2968 2137 consisteret,
3012 2062 3103 2116 sed
3144 2070 3323 2115 mente
3363 2067 3419 2114 et
3459 2058 3636 2112 animo
3675 2071 3796 2110 cum

2236 2154 2387 2222 plebe
2415 2153 2481 2208 ad
2510 2153 2682 2208 ofﬁcia
2713 2152 3029 2222 martyribus
3053 2151 3318 2206 reddenda
3346 2158 3646 2205 accnrrerct
3668 2165 3682 2214 ;
3705 2147 3797 2202 de-

2234 2260 2481 2312 mumque
2527 2244 2937 2298 adventantibus
2973 2243 3183 2297 rusticis
3221 2257 3251 2297 e
3277 2242 3446 2296 vicina
3477 2242 3675 2298 circum
3707 2260 3798 2300 re-

2233 2337 2390 2406 gione
2430 2336 2699 2391 Dominica
2730 2348 2853 2389 ante
2884 2334 3283 2396 Ascensioaem,
3312 2350 3431 2403 quae
3459 2337 3798 2401 ἐπισωςομένης

2240 2427 2562 2490 inscribitur,
2594 2426 2903 2481 concionem
2936 2425 3152 2491 habuit,
3184 2426 3268 2480 ubi
3294 2435 3567 2496 postquam
3614 2426 3681 2481 de
3708 2443 3795 2481 ru-

2234 2517 2383 2571 sticis
2404 2517 2494 2586 qui
2524 2525 2811 2586 prmsentes
2838 2525 3007 2579 erant,
3037 2531 3141 2569 non
3170 2531 3332 2585 pauca
3361 2516 3582 2582 dixerat,
3611 2527 3796 2571 contra

2228 2608 2526 2676 juramenta
2569 2623 2666 2677 pro
2689 2622 2838 2663 more
2868 2623 2964 2662 suo
2992 2607 3245 2677 loquutus
3276 2615 3375 2661 est.
3408 2608 3550 2662 inter
3575 2610 3799 2664 rusticos

2234 2709 2409 2752 autem
2440 2698 2559 2752 illos
2587 2700 2879 2770 prestiyteri
2909 2699 3123 2768 quidam
3144 2708 3317 2765 erant,
3348 2699 3435 2769 qui
3464 2708 3658 2754 terram
3678 2716 3797 2755 ara-

2232 2788 2359 2847 bant
2379 2798 2433 2844 et
2456 2799 2644 2844 cmtera
2672 2791 2885 2845 rusticae
2911 2791 3032 2844 vitae
3058 2791 3235 2844 munia
3266 2791 3605 2860 priestabaut,
3638 2803 3798 2862 atque

2233 2880 2593 2950 apostolorum
2622 2896 2769 2935 more
2798 2881 2990 2937 victum
3015 2881 3114 2936 sibi
3141 2882 3795 2951 parabantexquotidiano

2234 2971 2436 3027 labore.

2308 3063 2548 3119 Ilomiliaz
2570 3064 2632 3119 de
2652 3065 2815 3118 Anna.
2832 3065 3090 3119 -—Paucis
3107 3064 3290 3119 diebus
3312 3073 3428 3135 post
3460 3064 3597 3119 hanc
3623 3065 3797 3119 homi-

2236 3156 2357 3209 liam
2385 3156 2599 3224 elapsis,
2626 3155 2693 3209 de
2719 3156 2868 3209 Anna
2891 3166 3058 3210 matre
3082 3155 3344 3211 Samuelis
3370 3156 3670 3210 eoncionari
3691 3171 3802 3211 ete-

2236 3246 2311 3315 pit
2339 3243 2425 3313 (Τ.
2443 3246 2495 3300 4.
2535 3263 2583 3297 c.
2607 3242 2761 3314 651).
2793 3245 3023 3300 Primam
3052 3260 3177 3300 vero
3206 3245 3473 3300 Itumiliam
3502 3246 3703 3300 orditur
3717 3246 3802 3301 di—

2236 3348 2382 3399 cens,
2414 3335 2722 3390 memoriam
2753 3334 3181 3405 Quadragesimte
3210 3350 3329 3389 cum
3356 3335 3545 3390 affet-tu
3565 3346 3615 3391 et
3640 3336 3798 3391 futuri

2231 3425 2420 3495 jejunii
2439 3425 2705 3481 desiderio
2731 3441 2941 3495 semper
2957 3442 3077 3482 esse
3103 3428 3436 3480 servandam.
3462 3427 3595 3481 Hinc
3609 3440 3802 3495 quanta

2238 3517 2376 3572 bona
2402 3533 2467 3572 ex
2489 3517 2692 3587 jejunio
2719 3518 2957 3571 oriantur
2976 3528 3207 3572 enarrat.
3238 3518 3310 3572 lta
3342 3534 3499 3586 porro
3516 3518 3801 3587 dejejunio

2238 3607 2661 3677 Quadragesimae
2693 3608 2941 3678 loquitur,
2977 3618 3032 3662 ut
3059 3609 3303 3665 crederes
3344 3611 3521 3663 statim
3560 3610 3684 3663 illud
3712 3611 3794 3665 vel

2241 3698 2489 3752 hesterno
2536 3698 2623 3752 vel
2650 3700 2902 3767 proximis
2937 3698 3123 3753 diebus
3163 3699 3402 3753 desiisse.
3440 3698 3542 3753 Sed
3597 3706 3803 3768 postea,

2239 3805 2359 3846 cum
2404 3790 2638 3859 loquitur
2662 3790 2728 3844 de
2768 3791 2831 3844 iis
2860 3806 2978 3859 quae
3023 3800 3140 3860 post
3186 3791 3653 3860 Quadragesimam
3684 3806 3806 3844 cve-

2241 3890 2448 3945 nerant,
2497 3880 2648 3935 facile
2690 3880 2984 3936 advertitur
3023 3897 3125 3934 non
3155 3896 3339 3951 parum
3370 3881 3522 3950 spatii
3553 3882 3809 3935 interces-

2239 3975 2393 4037 sisse,
2410 3979 2466 4026 et
2494 3971 2716 4040 plurima
2746 3981 2955 4041 peracta
2982 3971 3145 4026 fuisse
3177 3990 3188 4024 :
3222 3985 3415 4040 nempe
3441 3973 3807 4041 disputationes

2240 4077 2336 4115 seu
2364 4062 2626 4131 colloquia
2655 4076 2775 4116 cum
2798 4061 3098 4131 gentilibus,
3127 4077 3246 4132 quae
3272 4061 3681 4132 Chrysostomus
3706 4063 3800 4115 lia-

2241 4154 2354 4208 buit
2374 4194 2391 4221 ,
2414 4163 2472 4208 ut
2501 4155 2618 4208 illos
2643 4154 2956 4209 calamitatis
2986 4164 3223 4225 tempore
3241 4154 3305 4208 ad
3333 4152 3683 4207 Christianam
3710 4170 3804 4207 re-

2243 4245 2489 4315 ligionem
2510 4258 2814 4310 conversos,
2847 4245 2898 4298 in
2931 4244 3035 4300 ﬁde
3064 4244 3402 4299 conﬁrmaret
3427 4264 3438 4299 :
3459 4245 3648 4299 deinde
3673 4242 3809 4298 festa

2244 4345 2534 4406 martyrum
2557 4351 2673 4406 quas
2705 4335 2881 4389 multis
2901 4335 3087 4389 diebus
3113 4335 3164 4388 in
3191 4335 3517 4389 Antiochena
3549 4336 3679 4389 urbe
3709 4349 3804 4389 ce—

2242 4427 2443 4482 lebrata
2487 4427 2697 4483 fuerunt
2727 4444 2739 4480 :
2780 4428 3098 4499 demumque
3126 4428 3444 4482 rusticorum
3471 4428 3726 4482 adventus
3754 4437 3812 4483 et

2244 4520 2540 4576 cohortatio
2559 4521 2661 4576 illis
2690 4521 2823 4575 laeta
2853 4522 2903 4575 in
2930 4520 3201 4574 Dominica
3226 4535 3309 4582 τῆς
3336 4525 3691 4587 ἔπισωζομινης.

2319 4612 2519 4667 Deinde
2561 4628 2732 4682 neque
2763 4621 2866 4666 tam
2896 4612 3043 4667 brevi
3070 4610 3382 4681 compendio
3410 4611 3572 4665 refert
3598 4608 3814 4664 'concio-

2247 4721 2366 4761 nem
2386 4706 2547 4770 illam,
2566 4720 2723 4775 quam
2740 4720 2857 4759 eum
2876 4704 3074 4761 Grmcis
3085 4720 3179 4759 seu
3195 4706 3439 4774 gentibus
3455 4705 3553 4758 illis
3569 4703 3634 4758 ad
3655 4703 3812 4757 ﬁdem

2247 4797 2516 4851 conversis
2543 4796 2815 4851 habuerat.
2848 4795 2903 4849 In
2944 4810 3004 4852 ea
3027 4795 3296 4848 concionis
3325 4794 3514 4849 habitae
3538 4795 3675 4848 serie
3698 4794 3815 4848 htec

2248 4886 2452 4950 effatur,
2483 4901 2621 4955 quae,
2648 4885 2693 4939 si
2722 4899 2824 4939 non
2856 4899 3085 4953 semper,
3116 4884 3425 4954 plerumque
3460 4883 3642 4937 Saltem
3688 4898 3817 4939 vera

2252 4993 2371 5033 esse
2399 4978 2752 5047 comperimus
2780 5017 2794 5043 ,
2826 4978 2966 5047 quod
3002 4993 3189 5045 nempe
3225 4977 3373 5031 liberi
3406 4977 3608 5030 arbitrii
3648 4976 3817 5044 major

2250 5071 2331 5124 vis
2354 5070 2442 5131 sit,
2471 5085 2628 5140 quam
2655 5080 2877 5122 naturae.
2905 5068 3128 5122 Demum
3156 5068 3229 5120 ait
3259 5067 3563 5121 mulieribus
3588 5066 3818 5119 maxime

2252 5170 2554 5229 competere
2564 5158 2927 5213 educationem
2939 5158 3246 5220 liberorum,
3263 5156 3419 5226 idque
3434 5156 3816 5224 probatexem-

2233 5252 2343 5320 'plo
2366 5251 2532 5304 Annte
2558 5249 2743 5302 matris
2762 5248 3042 5313 Samuelis,
3073 5248 3252 5315 sicque
3275 5247 3486 5300 demum
3513 5244 3578 5297 ad
3596 5260 3817 5314 scopum

2257 5344 2401 5399 venit
2425 5352 2480 5396 et
2506 5340 2571 5395 ad
2592 5341 2860 5394 concionis
2879 5347 3268 5409 argumentum.
3299 5338 3463 5391 Annae
3491 5336 3737 5390 virtutem
3765 5346 3821 5389 ct

2259 5434 2441 5489 laudes
2460 5433 2728 5503 praedicat,
2752 5435 2941 5487 seriem
2970 5447 3032 5485 ex
3059 5445 3204 5484 sacra
3233 5430 3502 5499 Scriptura
3530 5438 3819 5482 mutuatus.

2261 5525 2406 5578 l‘lanc
2429 5539 2587 5595 porro
2615 5523 2923 5578 concionem
2956 5520 3140 5575 habuit
3172 5521 3251 5575 vel
3283 5529 3404 5574 ante
3445 5519 3822 5573 Aseensionem

2261 5614 2416 5683 hujus
2445 5615 2567 5666 anni
2594 5623 2713 5681 post
2745 5611 3070 5667 Dominicam
3100 5611 3358 5682 quintam,
3388 5610 3469 5665 vel
3489 5610 3688 5680 aliquot
3706 5607 3826 5663 die-

2261 5705 2359 5762 bus
2384 5712 2507 5759 ante
2536 5703 2906 5764 Pentecosten.

2336 5795 2636 5851 Secundum
2677 5811 2978 5861 sermonem
3012 5795 3065 5855 in
3112 5796 3323 5860 Annam
3356 5795 3544 5871 paucis
3573 5806 3693 5870 post
3717 5792 3832 5865 pri-
