4122 6386
341 380 444 436 125

337 510 480 548 nium
511 492 696 546 diebus
725 490 1108 561 pronuntiavit,
1139 486 1437 556 etquidem,
1467 495 1523 538 nt
1557 484 1775 540 credere
1799 490 1899 541 est,

335 596 461 639 ante
488 583 861 638 Pentecosteu.
885 580 1063 634 Primo
1087 587 1262 630 autem
1296 576 1481 644 probat
1507 577 1712 628 Annam
1741 583 1796 626 et
1817 589 1906 640 pa-

337 685 472 732 trem
508 675 663 731 sumul
710 683 762 728 et
804 683 1024 726 matrem
1055 671 1314 726 Samuelis
1347 669 1449 722 dici
1481 682 1655 736 posse,
1689 666 1906 733 ejusque

335 767 598 834 duplicem
629 764 876 817 virtutem
908 762 1159 823 celebrat,
1193 774 1381 826 nempe
1419 758 1471 810 in
1499 757 1743 826 precibus
1771 753 1906 808 assi-

335 858 612 920 duitatem,
645 867 699 910 et
723 856 882 908 animi
911 854 1253 924 vigilantiam,
1277 853 1466 921 quibus
1487 849 1679 903 deinde
1701 847 1904 900 tertiam

336 949 502 1012 addit,
533 963 722 1014 nempe
747 946 1109 1000 conviciorum
1141 941 1475 996 tolerantiam
1511 951 1564 993 et
1603 948 1907 992 mansuetu-

336 1042 512 1095 dinem
534 1080 548 1104 ,
577 1038 905 1107 carptimque
941 1036 1070 1091 dicit
1110 1035 1430 1105 precandum
1476 1047 1595 1086 esse
1625 1039 1906 1098 antequam

335 1133 400 1186 ad
429 1146 663 1184 mensam
695 1128 994 1182 accedatur.

335 1225 340 1229 ’
407 1223 674 1285 Tertium,
704 1235 861 1290 quem
889 1229 1012 1272 ante
1051 1218 1395 1272 Pentecosteu
1422 1215 1584 1279 dixit,
1621 1213 1826 1268 orditur
1877 1229 1905 1268 a

338 1315 585 1384 laerymis
613 1315 806 1377 Annae;
840 1313 1014 1381 aitque
1042 1311 1392 1380 laerymarum
1433 1310 1652 1362 imbrem
1689 1308 1909 1376 irrigare

337 1409 567 1475 plantam
592 1404 928 1473 precationis;
949 1404 1018 1454 ita
1048 1402 1320 1454 utfructus
1335 1409 1390 1454 et
1410 1401 1634 1453 celerior
1658 1409 1712 1452 et
1741 1398 1909 1464 major

338 1497 632 1565 proveniat.
661 1496 866 1548 Annam
895 1493 944 1546 in
981 1493 1281 1561 exemplum
1307 1491 1590 1560 proponit,
1620 1505 1723 1558 quo
1754 1499 1908 1558 pacto

336 1589 486 1640 liberi
519 1588 623 1640 sint
664 1586 944 1641 educandi.
979 1586 1107 1639 Cum
1145 1593 1321 1638 autem
1366 1585 1450 1637 illa
1476 1583 1775 1639 Samuelem
1801 1597 1908 1636 arat

333 1693 501 1732 sacrm
530 1678 690 1731 cultui
734 1677 1024 1740 addixerit,
1053 1676 1168 1744 ejus
1212 1674 1529 1728 sacrificium
1573 1671 1905 1726 sacerdotum

336 1771 528 1822 oblatis
556 1770 740 1822 hosuis
761 1776 1118 1836 comparatur.
1153 1768 1372 1822 Demum
1399 1765 1674 1834 disciplina
1705 1764 1907 1818 cmlesti

341 1859 655 1914 imbuendos
675 1859 897 1928 juvenes
926 1873 1044 1911 esse
1072 1857 1220 1910 dicit.

406 1952 671 2017 Quartus,
702 1966 858 2020 quem
890 1951 954 2004 de
983 1950 1129 2004 Anna
1157 1950 1372 2012 habuit,
1403 1963 1578 2002 sermo
1609 1947 1906 2014 intercidit,

337 2053 394 2096 ut
421 2043 681 2112 colligitur
711 2058 774 2095 ex
815 2043 878 2095 iis
920 2058 1035 2109 qua:
1075 2043 1125 2094 in
1158 2043 1342 2110 quinto
1371 2056 1650 2106 sermone,
1683 2040 1771 2108 qui
1797 2039 1907 2107 jam

337 2143 550 2201 quartus
595 2132 682 2186 illo
735 2137 930 2184 amisso
969 2131 1306 2194 inscribitur,
1348 2130 1596 2184 dicuntur
1637 2146 1782 2182 num.
1829 2129 1906 2184 ὃς

337 2239 527 2292 nempe
572 2225 620 2276 in
674 2224 989 2291 przeeedenti
1014 2239 1260 2277 sermone
1301 2223 1564 2292 explicata
1595 2222 1758 2275 fuisse
1793 2221 1907 2274 haec

335 2309 493 2361 verba
529 2310 714 2361 cantici
761 2312 924 2360 Anna.-
973 2326 986 2360 ε
1029 2307 1388 2374 Con/innatum
1416 2318 1486 2359 est
1527 2323 1612 2359 cor
1651 2321 1815 2358 meum
1855 2305 1907 2358 in

340 2400 564 2453 Domino
585 2443 599 2462 ,
626 2411 731 2454 etc.
769 2418 781 2453 :
810 2416 1032 2468 quorum
1060 2401 1426 2468 interpretatio
1454 2415 1558 2452 non
1605 2397 1828 2451 habetur
1854 2397 1905 2449 in

336 2509 400 2546 eo
429 2493 515 2561 qui
550 2492 733 2545 tertius
757 2501 858 2545 est.

406 2583 631 2649 Quintus
652 2624 666 2647 ,
698 2583 788 2651 qui
817 2597 957 2635 nunc
986 2591 1204 2651 quartus
1234 2581 1286 2634 in
1318 2579 1468 2634 titulo
1497 2578 1662 2633 fertur
1681 2619 1694 2641 ,
1726 2577 1794 2630 ab
1811 2593 1906 2630 au-

337 2677 567 2730 ditoruin
623 2676 885 2744 paucitate
917 2675 1131 2744 incipit,
1177 2683 1230 2727 et
1270 2675 1389 2743 quia
1433 2673 1559 2726 circi
1611 2671 1904 2740 spectacula

344 2767 552 2820 solitam
581 2765 926 2836 frequentiam
949 2765 1274 2820 abstulerant
1293 2806 1306 2828 ,
1335 2775 1518 2819 contra
1561 2763 1712 2817 ludos
1749 2777 1908 2832 eque-

340 2867 498 2918 strcs,
523 2873 719 2925 eosque
742 2857 830 2926 qui
853 2857 942 2909 illo
971 2857 1284 2926 properandi
1311 2871 1470 2910 causa
1501 2856 1776 2909 ecclesiam
1815 2854 1908 2908 de-

338 2961 613 3010 sererent,
648 2949 808 3002 multa
853 2965 950 3018 pro
978 2966 1126 3003 more
1165 2965 1261 3003 suo
1293 2949 1579 3017 profundit.
1619 2949 1690 3001 De
1722 2961 1906 3016 preca-

339 3043 480 3094 tione
498 3041 709 3094 demum
736 3041 862 3110 agit,
891 3041 1066 3109 aitque
1097 3039 1390 3092 orationem
1413 3054 1532 3092 cum
1565 3037 1756 3092 aﬂ‘ectu
1782 3052 1908 3091 con-

336 3134 567 3202 junctam
631 3148 748 3187 esse
795 3133 1028 3195 debere,
1079 3148 1397 3202 omnemque
1460 3133 1632 3185 locum
1681 3145 1798 3185 esse
1841 3131 1908 3183 ad

337 3227 592 3278 orandum
619 3236 995 3294 opportunum.
1023 3225 1251 3293 Quartus
1294 3233 1347 3278 et
1375 3224 1588 3294 quintus
1619 3233 1743 3276 ante
1773 3222 1908 3277 Pen-

340 3328 572 3369 tecostcn
595 3317 722 3370 dicti
757 3316 922 3370 fuere.

409 3410 598 3462 Sextus
620 3451 632 3470 ,
665 3410 752 3477 qui
788 3425 924 3462 nunc
949 3408 1166 3478 quintus
1192 3408 1496 3461 inscribitur
1520 3449 1534 3470 ,
1572 3417 1688 3476 post
1719 3406 1906 3459 festum

341 3499 683 3553 Pentecostcs
741 3500 950 3552 habitus
999 3501 1132 3563 fuit,
1185 3508 1241 3551 ut
1287 3509 1406 3567 post
1448 3498 1653 3551 initium
1694 3497 1906 3550 dicitur.

341 3589 602 3658 Principio
628 3591 880 3644 adversus
910 3605 1003 3644 eos
1047 3590 1305 3659 loquitur,
1333 3590 1418 3657 qui
1452 3591 1502 3642 in
1539 3588 1730 3642 diebus
1760 3587 1909 3641 festis

339 3689 390 3733 et
418 3681 839 3735 solemnitatibus
889 3691 1090 3734 tantum
1133 3681 1411 3735 ecclesiam
1458 3679 1902 3749 frequentabant:

338 3772 530 3826 deinde
560 3774 787 3842 explicat
812 3775 938 3843 quid
965 3775 1034 3827 sit
1063 3774 1177 3827 dies
1204 3774 1397 3838 festus,
1430 3789 1490 3826 ac
1529 3777 1594 3825 de
1633 3775 1786 3826 Anna
1815 3787 1910 3840 pro

339 3881 489 3920 more
515 3867 765 3935 loquitur.
798 3867 925 3921 Item
955 3869 1062 3937 agit
1099 3867 1354 3921 adversus
1384 3883 1505 3929 eos,
1539 3867 1627 3936 qui
1669 3866 1912 3918 incusant

339 3960 569 4013 divinam
594 3961 978 4029 providentiam
1005 4004 1019 4025 ,
1052 3977 1116 4015 eo
1145 3963 1284 4030 quod
1330 3962 1379 4014 in
1411 3963 1507 4014 hac
1548 3961 1650 4013 vita
1696 3958 1908 4028 quidam

339 4053 446 4105 sint
467 4053 685 4114 divites,
718 4053 931 4122 quidam
957 4069 1236 4122 pauperes.
1268 4054 1501 4122 Denique
1536 4053 1608 4105 ait
1635 4063 1910 4120 pauperta-

341 4154 446 4196 tem
479 4144 808 4198 utilissimam
833 4159 968 4209 esse,
991 4161 1050 4198 ac
1073 4145 1190 4213 plus
1219 4144 1502 4210 voluptatis
1527 4153 1682 4212 atque
1709 4143 1903 4196 securi-

343 4235 462 4288 tatis
487 4235 699 4298 hahere,
726 4250 881 4302 quam
908 4236 1102 4288 divitia:
1127 4235 1386 4299 habeant,
1419 4235 1767 4287 demonstrat.

415 4325 654 4379 Homilite
673 4328 1164 4381 alim—llomiliam
1190 4328 1451 4381 Debitoris
1474 4328 1658 4380 decem
1682 4326 1903 4379 millium

343 4419 658 4472 talentorum
691 4418 792 4473 hoc
815 4435 955 4474 anno
984 4435 1040 4474 se
1066 4419 1311 4474 habuisse
1341 4429 1724 4474 commemorat
1747 4420 1911 4488 tiliry-

342 4520 606 4564 sostomus
643 4508 727 4576 (T.
760 4511 812 4564 5.
840 4507 998 4584 0.17)
1020 4554 1034 4578 ,
1064 4527 1182 4565 cum
1223 4512 1296 4563 ait
1320 4528 1466 4564 num.
1499 4513 1522 4566 1
1562 4529 1574 4564 :
1608 4509 1718 4564 Nos
1746 4521 1913 4563 autent

343 4618 496 4653 unam
535 4601 774 4654 chordam
800 4604 1103 4671 pulsavimus
1129 4620 1215 4672 per
1241 4612 1394 4654 totam
1429 4602 1877 4672 Quadragesimam
1894 4644 1908 4666 ,

342 4692 463 4745 dum
487 4693 643 4761 legem
672 4693 806 4747 vobis
827 4695 888 4747 de
903 4697 1191 4765 juramento
1217 4695 1562 4757 recitavimus;
1587 4705 1630 4746 et
1661 4694 1749 4745 Dei
1784 4710 1906 4763 gra-

346 4785 417 4835 tia
442 4783 671 4849 e/fectum
719 4795 825 4848 est,
855 4797 909 4837 ut
939 4787 1174 4855 pleraque
1214 4803 1244 4836 a
1273 4787 1413 4837 nobis
1438 4803 1526 4837 ora
1568 4787 1621 4836 in
1657 4788 1750 4837 hac
1794 4787 1914 4854 legis

347 4875 563 4928 melodia
595 4875 667 4927 ita
696 4876 919 4927 instituta
959 4878 1090 4936 sint,
1135 4886 1188 4928 ut
1224 4875 1432 4942 depulsa
1465 4891 1617 4942 prava
1646 4887 1914 4928 consuetu-

351 4966 499 5030 dine,
528 4981 618 5033 pro
647 4981 703 5018 eo
731 4966 865 5035 quod
884 4975 998 5018 ante
1019 4963 1178 5017 Deum
1212 4966 1458 5034 jurabant
1476 5006 1490 5028 ,
1519 4967 1630 5033 jam
1659 4966 1784 5018 nihil
1818 4966 1916 5018 nisi

348 5054 469 5119 Eat,
491 5065 535 5107 et
561 5054 676 5106 Non
700 5065 770 5107 est
789 5096 801 5117 ,
830 5066 874 5108 et
902 5055 1056 5108 Crede
1083 5055 1204 5107 mihi
1223 5097 1235 5118 ,
1264 5056 1313 5107 in
1337 5056 1509 5123 lingua
1539 5071 1628 5106 sua
1654 5056 1914 5122 cireumfe-

348 5154 488 5208 rcnt,
519 5145 666 5210 idque
691 5145 898 5197 inomni
933 5146 1208 5213 colloquio,
1251 5155 1354 5198 etc.
1388 5146 1567 5214 Itaque
1617 5156 1764 5198 certo
1793 5161 1915 5199 cer-

351 5243 450 5288 t'us
478 5246 558 5288 est
585 5237 751 5304 ipsum
777 5237 910 5288 hanc
938 5238 1245 5291 Concionem
1283 5236 1530 5290 habuisse
1557 5235 1742 5290 eodem
1779 5253 1917 5290 anno

349 5341 457 5396 quo
488 5325 739 5379 llomilias
769 5327 818 5378 in
859 5326 1070 5381 Statuas
1100 5326 1382 5388 habuerat;
1419 5343 1586 5394 neque
1628 5327 1801 5380 minus
1825 5342 1891 5380 ex

353 5419 611 5481 ploratum
633 5427 714 5472 est
744 5419 910 5487 ipsum
942 5419 1075 5472 hanc
1100 5421 1318 5487 primam
1345 5418 1589 5471 habuisse
1609 5419 1916 5471 concionem

354 5518 625 5576 postquam
655 5523 719 5562 ex
751 5509 936 5560 morbo
983 5509 1360 5571 cem-aluerat,
1394 5518 1449 5560 ut
1485 5524 1547 5561 ex
1580 5507 1763 5576 primis
1791 5525 1918 5561 cou-

351 5600 516 5651 cionis
541 5598 716 5651 verbis
740 5599 996 5667 arguitur.
1054 5598 1211 5664 Quasi
1231 5615 1291 5651 ex
1320 5598 1590 5667 longinqua
1626 5598 1915 5666 peregrina-

355 5691 517 5750 tione,
548 5689 742 5756 inquit,
785 5691 850 5740 ad
880 5705 964 5742 vos
990 5705 1212 5740 reversus
1240 5705 1394 5740 essent
1416 5731 1428 5749 ,
1458 5690 1535 5754 jta
1570 5705 1648 5740 me
1669 5688 1818 5740 hodie
1840 5693 1920 5757 af-

358 5780 534 5837 fectum
557 5783 709 5834 sentio
737 5795 758 5846 ;
785 5797 898 5834 eum
937 5781 1065 5835 enim
1093 5782 1285 5834 nul/um
1319 5782 1589 5835 amicorum
1613 5781 1917 5836 consortium

1501 371 1678 428 Νι]Νο
1719 367 1982 425 PRIMUM
2023 369 2064 421 Λ
2076 367 2416 424 DORNATA.

3481 376 3583 432 126

2017 496 2123 532 esse
2167 491 2356 550 potest,
2402 483 2530 536 nihil
2585 486 2831 538 commodi
2889 484 3037 552 a/fert
3093 504 3260 541 eorum
3300 495 3583 556 presentia.

2017 572 2354 636 Quamobrem
2382 591 2472 627 nos
2492 576 2578 644 qui
2603 578 2740 630 danti
2766 579 3116 644 versabantur,
3147 598 3353 651 peregre
3387 599 3586 637 versan-

2015 666 2144 718 tibus
2167 667 2294 719 nihil
2323 667 2418 721 hac
2442 670 2494 720 in
2525 681 2666 739 parte
2698 671 2944 739 feliciores
2983 674 3172 744 fuimus
3201 691 3220 728 :
3244 677 3480 730 nimirum
3504 696 3583 746 qui

2013 759 2274 824 superiore
2298 769 2519 828 tempore
2543 762 2686 814 nulla
2718 763 2967 816 vobiscum
3004 766 3252 832 colloquia
3281 768 3459 821 habere
3493 787 3583 838 p0-

2015 851 2203 901 tuimus
2229 866 2245 901 :
2271 852 2359 902 sed
2384 852 2554 904 danda
2580 863 2654 906 est
2688 857 2828 906 venia
2851 897 2866 917 ,
2914 871 3027 907 cum
3053 857 3183 909 illud
3228 874 3326 910 non
3357 860 3548 911 inertia:
3572 903 3585 923 ,

2015 942 2102 992 sed
2117 942 2424 1009 inﬁrmitatis
2444 945 2696 998 silentium
2718 947 2884 1015 fuerit.
2911 949 3122 1001 Certum
3147 949 3320 1019 itaque
3346 960 3427 1002 est
3455 952 3588 1005 lianc

2015 1030 2238 1097 primam
2269 1034 2536 1087 homiliam
2566 1035 2810 1091 habuisse
2835 1035 3276 1106 Chrysostomum
3306 1050 3584 1110 postquam

2015 1119 2082 1171 ab
2131 1123 2446 1190 a-gritudine
2494 1127 2857 1180 convaluerat.
2906 1127 3020 1182 Jam
3066 1131 3317 1197 qureritur
3346 1148 3586 1200 quamam

2015 1211 2314 1279 aegritudo:
2349 1231 2472 1268 num
2529 1217 2617 1270 illa
2669 1234 2770 1288 qua
2815 1219 3087 1274 laborabat
3130 1221 3254 1274 dum
3296 1234 3586 1295 martyrum

2014 1301 2380 1358 solemnitates
2408 1322 2501 1374 per
2527 1309 2708 1362 urbem
2741 1310 3159 1376 celebrarentur,
3207 1315 3272 1368 de
3303 1331 3405 1384 qua
3432 1332 3588 1384 supe-

2018 1393 2148 1446 rius.
2198 1395 2253 1450 Si
2284 1397 2349 1450 de
2390 1399 2476 1452 illa
2523 1401 2877 1470 intelligatur,
2911 1403 3047 1457 hanc
3085 1416 3232 1458 certe
3273 1408 3584 1461 concionem

2015 1481 2258 1539 habuerit
2283 1499 2564 1557 antequam
2600 1491 2882 1546 llomiliam
2918 1496 2968 1548 in
2999 1495 3274 1550 Dominica
3302 1513 3386 1559 τῆς
3408 1504 3584 1553 ἐπισω-

2013 1583 2203 1640 ςομένης
2219 1590 2270 1632 et
2285 1579 2538 1634 llomilias
2553 1582 2620 1636 de
2633 1585 2780 1636 Anna
2800 1584 3332 1653 przedicaret.Verum
3346 1589 3477 1644 adeo
3490 1591 3588 1645 fre-

2011 1675 2235 1732 quenter
2251 1667 2658 1740 Chrysostomus
2680 1672 3072 1729 infirmitatibus
3091 1679 3362 1746 corporeis
3383 1679 3588 1736 detine-

2014 1753 2185 1821 batur,
2213 1767 2388 1812 utnon
2419 1761 2682 1828 possimus
2704 1763 2752 1816 id
2779 1766 2927 1832 quasi
2948 1776 3148 1820 certum
3176 1779 3407 1823 statuere
3428 1789 3441 1824 :
3459 1787 3589 1840 qua-

2012 1861 2071 1900 re
2098 1847 2148 1900 in
2180 1849 2380 1904 incerto
2409 1867 2494 1906 res
2517 1862 2728 1908 maneat
2750 1865 2976 1924 oportet.
3006 1857 3060 1911 ln
3091 1857 3189 1912 hac
3215 1875 3342 1913 vero
3367 1861 3582 1918 homilia

2013 1937 2064 1990 id
2090 1941 2351 2009 praecipue
2380 1943 2603 2010 probare
2630 1946 2833 2012 nititur,
2863 1949 3006 2002 omni
3032 1951 3582 2017 peccato-deteriorem

2012 2043 2133 2083 esse
2157 2031 2467 2100 injuriarum
2495 2038 2939 2093 recordationem.

2086 2122 2230 2175 llanc
2271 2128 2621 2190 continenter,
2665 2139 2721 2182 ut
2759 2131 2987 2195 videtur,
3034 2144 3269 2204 sequutae
3307 2148 3430 2190 sunt
3478 2149 3588 2194 tres

2012 2215 2254 2269 Homilire
2282 2218 2348 2270 de
2391 2220 2582 2273 Davide
2627 2231 2679 2274 et
2706 2223 2864 2277 Saule
2905 2223 2992 2293 (T.
3035 2227 3086 2278 4.
3135 2244 3180 2280 c.
3212 2227 3316 2279 675
3341 2230 3380 2295 ).
3413 2232 3586 2300 Argu-

2013 2319 2248 2363 mentum
2274 2311 2414 2363 enim
2457 2313 2595 2381 quod
2640 2314 2690 2366 in
2741 2314 2961 2368 liomilia
3005 2316 3070 2371 de
3112 2317 3356 2374 Debitorc
3400 2321 3583 2376 decem

2012 2400 2230 2454 millium
2259 2402 2573 2456 talentorum
2601 2415 2854 2473 cmperat,
2877 2422 3067 2476 nempe
3088 2409 3153 2462 de
3175 2410 3482 2477 injuriarum
3505 2429 3588 2468 re-

2011 2492 2320 2547 cordatione
2362 2495 2696 2562 depellenda,
2733 2499 2782 2550 in
2816 2499 2959 2553 hisce
3007 2501 3172 2554 tribus
3214 2502 3442 2558 homiliis
3483 2521 3583 2560 uua

2013 2583 2176 2648 serie,
2208 2586 2450 2652 exemplo
2475 2586 2690 2640 Davidis
2717 2603 2865 2652 usus,
2893 2599 3106 2644 strenue
3144 2595 3491 2660 persequitur,
3534 2607 3588 2650 et

2011 2674 2222 2742 quidem
2251 2676 2383 2728 adeo
2410 2679 2652 2745 pathetice
2678 2689 2733 2734 ut
2775 2681 3075 2736 auditorum
3106 2683 3365 2755 lacrymas
3393 2703 3585 2742 excus-

2012 2765 2177 2829 serit,
2220 2774 2376 2835 atqne
2423 2777 2479 2820 ut
2514 2769 2692 2823 videre
2731 2781 2811 2824 est
2838 2813 2852 2838 ,
2895 2774 3253 2828 Antiochcnos
3284 2777 3348 2829 ad
3389 2795 3586 2848 pra-ce-

2011 2864 2155 2922 ptum
2188 2856 2343 2921 illud,
2383 2857 2590 2928 Diligite
2615 2861 2840 2915 inimicos
2880 2875 3096 2924 vestros,
3142 2866 3460 2934 implendum
3491 2871 3585 2926 atl-

2010 2943 2255 3011 dnxerit;
2289 2957 2341 2999 ut
2372 2949 2420 3000 iu
2445 2949 2852 3019 Quadragesima
2886 2955 3150 3021 pr:eterita
3178 2955 3362 3008 eodem
3389 2973 3416 3009 a
3444 2957 3588 3025 jura-

2013 3041 2223 3105 mentis,
2253 3041 2443 3110 quibus
2471 3043 2751 3097 admodum
2784 3047 2976 3099 assueti
3004 3056 3174 3112 erant,
3207 3059 3478 3104 avocarat.

2087 3130 2140 3183 In
2171 3142 2400 3186 mentem
2427 3134 2549 3185 ιιῖίιιὶ
2580 3135 2753 3187 subito
2779 3136 2920 3189 venit
2945 3138 3232 3192 verisimile
3261 3139 3404 3193 nullo
3433 3141 3590 3195 modo

2012 3237 2130 3275 esse
2161 3240 2314 3291 posse
2353 3224 2786 3296 Chrysozstomum
2823 3228 3102 3282 llomiliam
3145 3230 3210 3284 de
3254 3232 3498 3287 Debitorc
3538 3245 3588 3290 et

2012 3320 2119 3367 tres
2149 3326 2430 3383 sequentes
2471 3318 2713 3371 habuisse
2742 3329 2857 3388 post
2897 3322 3261 3389 :rgritudiuem
3307 3324 3447 3377 illam
3489 3341 3588 3394 qua

2017 3417 2133 3471 post
2163 3406 2358 3459 Pascha
2384 3409 2504 3461 anni
2536 3411 2636 3463 337
2661 3410 2908 3463 detentus
2936 3411 3052 3476 fuit,
3077 3413 3200 3466 dum
3232 3415 3360 3467 festa
3391 3429 3551 3487 mari}
3570 3449 3589 3458 -

2015 3512 2128 3548 rum
2161 3498 2339 3550 inultis
2387 3499 2571 3552 diebus
2615 3514 2708 3567 per
2745 3501 2926 3554 urbem
2974 3502 3306 3556 Antiochiam
3347 3505 3589 3559 celebra-

2015 3598 2196 3641 rentur
2223 3606 2234 3640 :
2268 3588 2321 3641 1°
2352 3590 2470 3658 quia
2503 3600 2619 3657 post
2644 3592 2786 3644 illam
2821 3591 3056 3646 Paschali
3101 3604 3336 3662 tempore
3369 3595 3590 3649 infirmi-

2015 3687 2175 3732 tatem
2230 3681 2394 3747 prima
2450 3682 2635 3733 concio
2679 3680 2777 3734 fuit
2833 3682 2938 3746 illa,
2999 3698 3154 3752 quam
3212 3685 3262 3737 in
3319 3685 3586 3740 Dominica

2013 3775 2353 3836 ἄπισωςομένης
2379 3772 2559 3825 videre
2606 3780 2706 3837 est,
2754 3782 2810 3826 ut
2858 3774 3051 3828 ibidem
3102 3775 3251 3828 initio
3301 3776 3511 3840 dicitur,
3539 3788 3590 3832 et

2014 3863 2199 3914 concio
2224 3862 2289 3916 de
2315 3863 2555 3916 Dehitore
2584 3865 2751 3932 prima
2791 3881 3001 3934 quoque
3029 3875 3112 3919 est
3133 3908 3148 3932 ,
3177 3867 3270 3920 sed
3299 3877 3413 3936 post
3439 3871 3592 3937 aegri.

2017 3954 2247 4006 tudinem
2295 3954 2428 4007 haud
2460 3955 2617 4008 dubie
2659 3956 2837 4010 aliam.
2879 3957 2937 4009 2°
2980 3959 3110 4025 Quia
3148 3959 3191 4012 si
3250 3959 3480 4013 homilia:
3522 3961 3590 4015 de

2015 4045 2261 4098 Debitorc
2291 4058 2342 4099 et
2385 4057 2490 4100 tres
2528 4058 2810 4116 sequentes
2857 4060 3094 4119 tempore
3132 4050 3370 4104 Paschali
3401 4053 3592 4107 habita:

2016 4138 2237 4193 fuissent
2261 4151 2383 4195 ante
2407 4141 2684 4194 Homiliam
2729 4160 2812 4203 τῆς
2851 4149 3189 4211 ἐπιςωςομένης
3232 4155 3285 4198 et
3323 4145 3389 4200 de
3416 4149 3587 4212 Anna,

2016 4231 2066 4283 in
2094 4231 2174 4284 his
2205 4232 2339 4285 haud
2371 4233 2526 4287 dubie
2553 4243 2859 4287 memorata:
2895 4232 3136 4299 fuissent,
3174 4245 3229 4289 ut
3253 4236 3370 4290 alite
3396 4253 3424 4288 a
3455 4247 3590 4291 tem-

2014 4337 2141 4391 pore
2168 4322 2441 4377 Paschalis
2471 4324 2622 4376 dicta:
2646 4336 2952 4378 memoratae
2978 4335 3118 4379 sunt.
3145 4329 3386 4397 Alioquin
3416 4340 3591 4383 autem

2017 4417 2300 4473 verisimile
2341 4432 2442 4468 non
2491 4426 2572 4470 est
2601 4416 2844 4470 llomilias
2882 4419 2995 4471 illas
3043 4430 3270 4488 quatuor
3310 4421 3388 4473 vel
3427 4424 3593 4474 conti-

2017 4522 2205 4561 nenter
2233 4517 2355 4561 ante
2383 4508 2727 4562 Pentecosteu
2761 4509 2843 4563 vel
2863 4509 3084 4564 alternis
3112 4511 3314 4565 vicibus
3343 4526 3462 4564 cum
3494 4513 3593 4566 ho-

2017 4600 2175 4654 iniliis
2202 4600 2269 4653 de
2297 4605 2446 4653 Anna
2476 4601 2682 4653 habitas
2709 4599 2890 4654 fuisse.
2918 4603 3252 4672 Quapropter
3280 4612 3406 4672 puto
3427 4605 3594 4675 Chry-

2017 4700 2330 4754 sostomum,
2372 4692 2459 4759 qui
2492 4690 2916 4758 frequentissime
2946 4693 3131 4746 morbo
3158 4695 3448 4758 laborabat,
3479 4706 3595 4764 post

2021 4783 2363 4837 Pentecosteu
2401 4783 2580 4852 ignoto
2611 4783 2762 4835 nobis
2804 4799 2989 4838 mense
3035 4785 3349 4853 aegritudine
3381 4795 3593 4854 captum

2019 4872 2204 4938 fuisse,
2237 4883 2290 4926 et
2316 4873 2402 4926 tibi
2446 4874 2729 4936 convaluit,
2766 4873 2987 4942 primam
3017 4875 3287 4928 homiliam
3318 4876 3463 4930 illam
3499 4876 3595 4928 ha-

2018 4964 2197 5017 buisse
2236 4963 2301 5017 de
2339 4963 2576 5017 debitore
2615 4962 2798 5016 decem
2839 4964 3060 5017 millium
3106 4966 3456 5030 talentorum,
3507 4967 3594 5020 ubi

2020 5064 2200 5106 contra
2232 5053 2540 5121 injuriarum
2573 5053 2996 5108 recordationem
3020 5056 3363 5108 concionatus
3385 5065 3485 5109 est.

2094 5145 2148 5198 In
2179 5146 2346 5213 prima
2395 5145 2459 5198 de
2513 5145 2710 5200 Davide
2756 5144 2974 5198 homilia
3019 5145 3085 5200 de
3135 5145 3414 5200 tolerantia
3467 5148 3592 5214 agit,

2020 5244 2074 5288 et
2110 5237 2247 5305 quod
2284 5247 2523 5305 oporteat
2569 5236 2795 5289 inimicis
2830 5249 3072 5307 parcere,
3114 5251 3214 5290 nec
3253 5236 3320 5291 de
3349 5238 3595 5307 quopiam

2021 5328 2159 5380 male
2188 5327 2348 5394 loqui.

2095 5419 2149 5471 In
2179 5419 2406 5472 secunda
2450 5419 2636 5488 probat
2676 5435 2780 5472 non
2823 5419 2984 5473 modo
3027 5420 3275 5475 virtutem
3323 5435 3595 5487 exercere,

2025 5509 2117 5563 sed
2149 5511 2307 5563 etiam
2343 5511 2533 5564 virtute
2561 5511 2808 5578 pricditos
2848 5511 3086 5574 laudare,
3118 5526 3223 5564 non
3250 5525 3434 5579 parum
3459 5511 3598 5586 utili;

2025 5601 2146 5653 tatis
2177 5601 2366 5654 all'errc
2397 5618 2410 5657 :
2440 5601 2684 5670 quodque
2716 5600 2876 5655 David
2900 5601 3316 5671 magnificentius
3345 5611 3596 5669 tropenm

2023 5690 2252 5744 erexerit
2272 5691 2534 5758 parcendo
2563 5691 2732 5755 Sauli,
2755 5707 2910 5761 quam
2939 5702 3198 5759 prostrato
3219 5692 3451 5760 Goliath,
3481 5708 3593 5748 ma:

2025 5781 2207 5850 gisque
2237 5781 2334 5834 sibi
2368 5779 2622 5849 profuerit
2647 5797 2802 5851 quam
2834 5781 3003 5838 Sauli.
