4122 6386
566 360 663 415 127

629 475 687 529 in
714 473 887 537 tertia,
915 471 1003 525 ubi
1039 469 1167 525 vidit
1202 468 1398 524 multos
1433 483 1498 522 ex
1529 467 1592 521 iis
1615 467 1822 534 adesse,
1848 467 1935 537 qui
1958 481 2125 535 nuper

557 576 615 622 ut
645 562 921 618 theatralia
958 561 1256 632 spectacula
1286 557 1501 613 adirent
1541 557 1783 611 concioni
1815 572 1918 610 non
1959 557 2125 609 inter.-

555 657 782 718 fucraut,
805 653 936 706 dixit
960 668 1025 706 ex
1061 648 1356 720 huiusmodi
1395 647 1780 718 spectatoribus
1809 645 2000 701 multos
2026 645 2121 699 ad-

553 746 751 801 ulteros
775 744 909 808 lieri,
935 742 1161 810 hincque
1186 738 1324 794 bella
1350 746 1405 791 et
1429 737 1796 792 contentiones
1821 734 1986 789 nasci.
2016 732 2124 787 Ad-

546 837 630 892 dit
653 851 778 890 vero
807 833 1055 889 Davidem
1100 847 1219 887 cum
1264 828 1424 886 Saﬁle
1464 844 1624 885 omne
1666 827 1930 898 patientite
1954 840 2121 896 genus

548 940 831 992 superasse
855 942 866 976 :
899 923 1200 991 clauditque
1216 920 1398 975 dicens
1416 919 1655 989 rapinam
1683 919 1940 989 patienter
1960 916 2114 983 ferre,

549 1031 655 1070 non
713 1016 969 1069 minorem
1021 1013 1271 1066 virtutem
1324 1024 1464 1074 esse,
1522 1024 1677 1073 quam
1725 1007 2115 1078 eleemosynam

546 1123 788 1179 erogare.

576 1240 581 1247 -
615 1200 794 1255 Mense
816 1206 991 1252 autem
1021 1194 1315 1266 Septembri
1344 1193 1468 1247 anni
1496 1192 1597 1248 587
1617 1192 1731 1262 jam
1762 1192 1946 1245 initam
1980 1205 2113 1244 con-

545 1300 624 1345 tra
645 1290 854 1346 Judseos
874 1288 1317 1349 concertationem
1347 1283 1434 1355 (T.
1462 1285 1511 1338 l.
1535 1303 1581 1339 c.
1607 1282 1764 1354 871),
1794 1296 1950 1351 quam
1973 1296 2114 1335 anno

544 1382 788 1451 proximo
814 1379 919 1435 586
954 1394 1139 1435 mense
1162 1378 1373 1433 circiter
1397 1374 1696 1443 Septembri
1723 1381 1991 1444 cmperat,
2020 1388 2113 1428 ea-

542 1471 666 1526 dem
699 1477 1012 1539 tempestate
1036 1468 1341 1537 resumpsit.
1370 1466 1424 1521 ld
1455 1467 1541 1521 ille
1566 1466 1714 1519 initio
1743 1476 1961 1535 quartar,
1996 1479 2113 1535 quae

543 1564 730 1616 harum
773 1562 1119 1630 posteriorum
1148 1560 1314 1628 prima
1353 1569 1467 1622 est,
1511 1559 1588 1615 sic
1614 1557 1886 1612 enuntiat:
1919 1556 2113 1611 Rursus

538 1652 619 1706 illi
641 1652 864 1722 infelices
891 1651 1270 1718 mortaliumque
1296 1649 1517 1702 omnium
1540 1646 1806 1701 miserrimi
1839 1646 2009 1700 Judaei
2025 1647 2114 1717 je-
2154 1716 2159 1723 _

536 1744 766 1818 junaturi
788 1751 944 1795 sunt:
971 1758 1144 1795 rursus
1171 1738 1356 1796 Christi
1384 1755 1579 1811 gregem
1609 1738 1894 1792 muniamus
1918 1754 2115 1792 necesse

537 1843 641 1898 est;
682 1834 904 1902 ideoque
930 1848 989 1887 se
1013 1831 1197 1887 decem
1241 1830 1430 1887 diebus
1458 1840 1737 1900 antequam
1778 1828 1945 1885 Judaei
1971 1828 2111 1899 jeju-

537 1932 728 1978 narent
753 1921 868 1977 hmc
906 1923 1105 1987 monita
1132 1921 1343 1977 dedisse
1380 1922 1487 1986 ait,
1527 1924 1649 1991 quia
1686 1920 1836 1975 multi
1859 1935 1923 1975 ex
1953 1935 2113 1990 grege

536 2029 654 2076 suo,
686 2004 911 2084 quadam
942 2013 1318 2083 superstitione
1346 2013 1508 2077 moti,
1537 2027 1656 2066 cum
1684 2011 1880 2067 Judteis
1900 2010 2108 2080 jejuna-

535 2107 683 2161 bant.
729 2107 922 2175 Aitque
962 2106 1131 2175 primo
1167 2103 1469 2158 Iudaeorum
1513 2100 1637 2156 illud
1676 2100 1930 2170 jejunium
1968 2099 2110 2170 quod

535 2209 719 2254 contra
747 2200 1072 2253 voluntatem
1117 2196 1208 2252 Dei
1251 2195 1434 2260 ﬁeret,
1468 2194 1683 2266 impium
1713 2202 1770 2249 et
1796 2193 2108 2248 sceleratum

535 2305 690 2345 esse:
721 2290 941 2360 ideoque
982 2290 1100 2343 illos
1142 2287 1208 2343 ab
1246 2286 1349 2342 hoc
1382 2286 1601 2341 Judaico
1626 2294 1877 2355 suscepto
1907 2284 2111 2354 jejunio

536 2385 758 2449 avertit,
798 2393 849 2438 et
896 2385 947 2437 in
990 2381 1258 2437 concionis
1288 2380 1391 2434 line
1418 2379 1551 2432 alios
1580 2378 1668 2448 qui
1705 2377 1771 2431 ab
1811 2375 2109 2446 hujusmodi

535 2473 754 2529 Judaico
776 2473 980 2543 jejunio
1021 2472 1347 2526 abstinerent
1387 2469 1517 2524 hort-
1545 2476 1647 2533 tur,
1690 2476 1747 2522 ut
1775 2466 1961 2522 fratres
1985 2481 2109 2521 suos

535 2572 764 2619 avocent
787 2564 854 2618 ab
874 2564 1173 2633 hujusmodi
1191 2562 1432 2633 jejuniis,
1448 2578 1567 2633 qua:
1589 2560 1929 2616 theatralibus
1949 2561 2107 2615 etiam

535 2656 848 2725 spectaculis
874 2655 1026 2724 longe
1052 2655 1228 2724 pejora
1259 2663 1457 2709 essent.

605 2744 850 2812 Quintam
871 2744 1141 2799 homiliam
1162 2743 1366 2798 orditur
1385 2743 1453 2798 ab
1473 2742 1771 2798 auditorum
1792 2741 2105 2813 frequentia,

535 2850 690 2906 quam
719 2835 877 2889 solito
904 2822 1156 2904 majorem
1182 2849 1301 2889 esse
1325 2834 1538 2904 gaudet,
1570 2843 1624 2888 et
1649 2834 1923 2902 pristinum
1951 2848 2108 2903 argu-

535 2935 771 2980 mentum
797 2925 1072 2980 ardentius
1109 2924 1363 2994 suscipit,
1403 2940 1465 2980 ac
1495 2924 1712 2979 Judaica
1753 2926 1931 2980 omnia
1957 2940 2110 2995 pror-

535 3031 625 3072 sus
654 3017 904 3085 abrogata
933 3031 1051 3072 csse
1080 3017 1403 3086 pronuntiat.
1435 3015 1712 3087 Templum
1743 3033 1869 3071 vero
1893 3018 2110 3073 Jeroso-

533 3108 850 3179 lymitanum
877 3124 1164 3180 numquam
1188 3124 1308 3165 esse
1334 3108 1736 3164 restaurandum
1766 3109 1975 3178 probat,
2001 3125 2106 3163 non

534 3218 598 3256 ex
625 3200 822 3257 Christi
853 3200 1040 3266 modo,
1083 3200 1177 3256 sed
1207 3217 1274 3256 ex
1318 3199 1692 3273 prophetarum
1734 3201 1892 3256 etiam
1922 3200 2109 3271 praedi-

533 3293 817 3348 ctionibus.
848 3293 1016 3364 Leges
1041 3293 1459 3349 Christianorum
1486 3293 1817 3348 solummodo
1847 3294 1899 3346 in
1924 3308 2108 3363 perpe-

534 3396 685 3441 tuum
707 3387 995 3443 servandas
1021 3401 1167 3451 esse,
1196 3395 1417 3441 caeteras
1447 3400 1631 3440 omnes
1658 3385 2001 3441 obsolevisse.
2032 3386 2106 3441 De

533 3477 833 3533 Judmorum
865 3487 1041 3547 postea
1074 3478 1305 3547 pernicie
1331 3477 1567 3548 pluribus
1589 3477 1716 3547 agit,
1748 3478 2107 3546 ultionemque

533 3569 626 3625 Dei
664 3568 732 3624 de
761 3569 862 3623 illis
902 3578 1164 3638 sumptam
1204 3566 1318 3623 fuse
1340 3568 1689 3639 persequitur.
1721 3568 1953 3623 Danielis
1979 3584 2106 3623 vero

533 3660 842 3731 prephetias
868 3660 1162 3714 minutatim
1186 3659 1435 3729 explicat,
1461 3659 1882 3729 peculiaremque
1913 3673 2107 3714 sermo-

533 3766 657 3804 nem
696 3750 763 3805 de
791 3749 1208 3806 hebdomadibus
1250 3750 1479 3805 Danielis
1514 3749 1758 3804 instituit.
1802 3749 2106 3806 Judaaorum

533 3849 595 3895 ut
624 3840 879 3910 templum
909 3839 1250 3896 restituerent
1287 3852 1507 3895 conatus
1546 3849 1961 3904 commemorat,
2007 3841 2106 3896 sub

532 3930 798 3985 Hadriano
830 3930 1152 4000 lmperatore
1172 3971 1188 3995 ,
1237 3930 1335 3984 sub
1378 3931 1758 3994 Constantino,
1789 3930 2105 4000 demumque

530 4022 634 4076 sub
659 4021 868 4076 Juliano
913 4024 1193 4092 Apostata,
1244 4024 1334 4093 qui
1378 4022 1508 4092 ipsis
1550 4021 1789 4086 favebat;
1834 4031 1888 4076 et
1930 4032 2102 4078 tamen

532 4112 712 4166 omnia
735 4111 838 4167 illis
858 4111 1051 4168 frustra
1082 4128 1317 4169 cessere.
1345 4113 1567 4168 Demum
1598 4123 1873 4184 postquam
1901 4114 2105 4171 dixerat

530 4201 839 4256 Malachiam
878 4202 1187 4273 prophetam
1214 4202 1572 4259 Christianum
1609 4205 1807 4260 cultum
1832 4206 2107 4276 prmsigni-

531 4293 793 4358 ficavisse,
826 4293 1021 4348 claudit
1062 4296 1371 4350 concionem
1393 4337 1410 4364 ,
1437 4298 1643 4351 exteris
1682 4297 1912 4352 homiliis
1940 4298 2103 4368 duplo

530 4384 718 4471 saltem
750 4385 1076 4455 longiorem;
1122 4387 1191 4440 ita
1221 4396 1277 4441 ut
1314 4388 1473 4442 etiam
1500 4403 1568 4441 ex
1598 4389 1782 4443 orandi
1813 4390 2001 4446 ardore
2025 4401 2105 4444 at-

533 4495 636 4549 que
666 4479 965 4547 prolixitate
986 4482 1296 4537 raucitatem
1327 4482 1681 4538 contraheret.

604 4569 784 4639 Neque
812 4578 986 4625 tamen
1026 4571 1115 4626 ille
1151 4573 1228 4627 sic
1266 4572 1468 4628 destitit
1507 4588 1537 4626 a
1572 4574 1969 4641 concionando,
2009 4577 2102 4632 sed

531 4656 789 4727 postridie
814 4675 1001 4715 raucus
1024 4661 1251 4716 oratoris
1284 4677 1475 4717 munus
1510 4664 1778 4733 suscepit,
1809 4673 1863 4718 et
1898 4674 2101 4719 sextam

532 4747 801 4802 homiliam
828 4748 962 4803 dixit
986 4761 1247 4819 prasente
1288 4750 1544 4806 Flaviano
1564 4754 1814 4822 episcopo
1834 4762 1888 4808 et
1913 4769 2102 4825 magna

530 4842 710 4911 populi
740 4840 1059 4912 frequentia.
1092 4844 1264 4912 Atque
1291 4844 1359 4898 de
1398 4844 1575 4914 templi
1604 4844 1963 4900 destructione
2004 4848 2102 4901 sub

532 4929 860 4999 Vespasiano
885 4932 1111 5001 primum
1142 4931 1392 5002 loquitur,
1424 4941 1479 4988 et
1498 4936 1723 4991 oratoris
1746 4938 1915 5007 magis
1943 4953 2099 5008 quam

531 5021 789 5074 annalium
830 5022 1088 5092 scriptoris
1114 5036 1305 5076 munus
1333 5038 1585 5078 exercens
1604 5063 1620 5090 ,
1648 5025 1776 5081 dicit
1797 5025 1906 5096 jam
1950 5028 2103 5096 quin-

531 5114 883 5181 gentesimum
908 5129 1102 5169 annum
1141 5114 1221 5185 agi
1256 5129 1323 5169 ex
1349 5130 1455 5184 quo
1482 5117 1734 5185 templum
1759 5116 2103 5190 Jerosolymi-

532 5211 715 5256 ianum
743 5203 1068 5259 destructum
1105 5202 1311 5270 fuerat;
1352 5204 1475 5259 licet
1514 5221 1618 5260 non
1664 5207 1782 5276 plus
1807 5224 1961 5279 quam
1991 5220 2101 5265 tre«

532 5294 673 5347 ccuti
701 5294 887 5350 decem
914 5306 966 5351 et
987 5307 1108 5352 octo
1127 5296 1251 5350 anui
1279 5297 1346 5351 ab
1372 5297 1577 5352 excidio
1602 5298 1693 5352 illo
1713 5299 1873 5369 elapsi
1899 5310 2096 5355 essent.

534 5384 728 5440 Verum
760 5386 896 5441 solet
923 5386 1336 5460 Chrysostomus
1380 5389 1432 5443 in
1476 5390 1825 5447 coneionibus
1866 5393 1974 5446 suis
2004 5392 2100 5448 has

532 5483 828 5543 temporum
874 5478 1107 5532 rationes
1143 5489 1196 5532 et
1224 5480 1626 5550 supputationes
1663 5495 1846 5549 parum
1877 5497 2097 5548 curare,

510 5574 590 5625 ⁴ιιι
625 5565 749 5620 alibi
787 5567 1148 5623 observamus.
1196 5569 1329 5624 llinc
1363 5584 1491 5624 vero
1524 5585 1739 5642 scopum
1782 5587 2101 5642 persequens

533 5653 592 5707 ει.
627 5655 830 5719 doctor,
869 5656 996 5711 dicit
1035 5666 1091 5713 et
1135 5658 1325 5727 probat
1369 5674 1552 5715 necem
1599 5659 1792 5714 Christi
1840 5662 2098 5716 malorum

535 5756 745 5800 causam
773 5745 967 5801 Iudaeis
994 5746 1180 5815 fuisse,
1220 5749 1395 5820 aitque
1429 5749 1593 5806 Deum
1628 5749 1890 5823 indignius
1917 5755 2096 5810 tulisse

1615 353 1672 410 S.
1711 352 1992 410 JOANNIS
2025 350 2499 411 CHRYSOSTOMI
2540 356 2717 423 \‘TTA,

3694 369 3796 426 ηε

2235 467 2433 523 Christi
2462 483 2668 538 necem,
2696 485 2852 541 quam
2879 474 3027 527 vituli
3057 474 3438 533 adoratimnem.
3470 480 3548 535 Ex
3578 483 3799 551 prophe-

2232 556 2298 610 tis
2324 557 2502 612 denuo
2529 560 2716 629 probat
2751 558 2979 617 futuram
3013 563 3316 621 ludat-orum
3347 569 3791 637 reprobatiouem.

2230 644 2431 702 Deinde
2465 660 2658 719 quanta
2685 652 2754 705 sit
2779 652 3059 707 sacerdotii
3094 654 3321 726 dignitas
3343 656 3707 726 demonstrat,
3738 671 3795 718 et

2226 752 2368 793 nunc
2392 740 2702 809 abrogatum
2728 757 2847 799 esse
2869 744 3005 814 apud
3028 744 3239 802 Judzcos
3264 749 3616 805 sacerdotium
3646 753 3796 808 evin-

2224 829 2328 895 cit,
2355 830 2702 901 ohscrvatque
2729 832 2891 888 libros
2915 845 3129 890 sanctos
3158 852 3262 891 non
3306 850 3541 894 sanctam
3581 841 3791 898 efficere

2222 933 2563 992 synagognm,
2590 924 2823 993 nihilque
2853 940 2957 979 non
2984 927 3093 996 agit
3121 937 3176 983 ut
3204 928 3473 986 auditores
3495 946 3622 987 suos
3647 947 3792 989 aver-

2223 1019 2298 1065 tat
2326 1026 2354 1064 a
2381 1027 2661 1083 synagoga:
2689 1024 2745 1069 ct
2769 1013 2912 1068 aditu
2936 1025 2989 1069 et
3017 1017 3328 1074 imitatione.

2292 1102 2522 1173 ldipsum
2547 1115 2913 1174 argumentum
2941 1109 3274 1178 persequitur
3298 1111 3349 1164 in
3390 1113 3613 1181 septima
3657 1129 3788 1168 cou-

2219 1196 2371 1249 cione
2400 1197 2691 1266 probatque
2713 1196 2960 1253 Judaicos
2985 1199 3117 1254 ritus
3140 1201 3420 1272 ahrogatos
3444 1220 3583 1272 esse,
3610 1210 3789 1261 sacer;

2217 1284 2369 1340 dotes
2397 1286 2532 1354 apud
2563 1286 2770 1342 Judmos
2811 1303 2929 1342 csse
2972 1305 3075 1343 non
3116 1306 3272 1359 posse
3291 1334 3306 1355 ,
3334 1295 3663 1366 unicumque
3690 1313 3783 1352 sa-

2218 1378 2475 1433 eriﬁcium
2502 1394 2620 1434 esse
2650 1394 2744 1449 per
2771 1395 2962 1450 corpus
2988 1380 3219 1449 Christi;
3242 1399 3304 1439 ac
3330 1385 3495 1455 legem
3525 1389 3782 1445 sublatam

2217 1470 2408 1535 fuisse,
2439 1485 2545 1525 non
2571 1471 2639 1526 ob
2665 1481 2875 1541 peccata
2914 1472 3214 1528 Judaeorum
3234 1517 3249 1540 ,
3281 1475 3373 1530 sed
3407 1476 3547 1547 quod
3584 1479 3780 1548 imper—

2217 1559 2350 1615 fecta
2390 1570 2550 1617 esset.
2582 1561 2803 1617 Demum
2842 1562 2908 1618 ad
2954 1563 3391 1620 Melchisedecum
3424 1567 3601 1635 venit,
3631 1570 3780 1633 cujus

2215 1650 2499 1705 sacerdotii
2529 1650 2835 1723 dignitatem
2865 1653 3119 1720 celebrat,
3158 1664 3212 1709 et
3232 1671 3297 1709 ex
3319 1650 3572 1725 propheta
3598 1658 3782 1726 probat

2215 1740 2567 1795 sacerdotium
2593 1742 2720 1797 illud
2743 1752 3035 1797 extremum
3072 1759 3223 1809 esse,
3252 1761 3422 1815 exque
3454 1746 3598 1801 Pauli
3628 1747 3780 1803 dictis

2213 1831 2480 1886 Christum
2520 1847 2639 1888 csse
2678 1848 2860 1888 verum
2906 1833 3054 1887 illum
3103 1838 3435 1890 sacerdotem
3485 1853 3551 1892 ex
3596 1839 3779 1894 ordine

2214 1920 2601 1977 Melchisedeci.
2639 1922 2746 1977 Hac
2776 1938 2904 1977 vero
2934 1924 2985 1977 iu
3010 1940 3068 1979 re
3092 1924 3291 1980 diutius
3327 1926 3654 1994 immoratur,
3687 1930 3780 1985 de-

2214 2026 2463 2081 mumque
2491 2010 2718 2078 claudit,
2749 2013 3018 2068 auditores
3052 2013 3337 2069 cohortans
3364 2025 3419 2069 ut
3443 2016 3630 2074 fratres
3654 2035 3779 2075 suos

2212 2118 2242 2156 a
2271 2100 2505 2156 Judaicis
2528 2103 2993 2159 observationibus
3016 2114 3290 2167 avertant,
3319 2116 3373 2161 et
3396 2107 3461 2161 ad
3489 2123 3668 2164 veram
3695 2126 3778 2163 re.

2212 2193 2408 2247 ducant
2432 2193 2591 2247 viam.
2620 2191 2838 2264 PrOpter
2862 2198 2956 2247 hoc
2976 2195 3126 2261 enim,
3158 2196 3343 2267 inquit,
3372 2215 3462 2252 nos
3487 2208 3677 2253 tantum
3698 2201 3777 2255 la-

2211 2282 2379 2337 borem
2406 2284 2722 2353 suscipimus,
2755 2300 2910 2354 neque
2934 2295 2987 2338 ut
3016 2287 3248 2354 plausum
3275 2290 3629 2361 strepitumque
3651 2295 3781 2363 refe-

2211 2391 2401 2439 ramus,
2430 2376 2519 2430 sed
2546 2385 2602 2428 ut
2625 2377 2825 2431 avulsas
2848 2377 2915 2429 ad
2955 2379 3080 2431 viam
3109 2380 3328 2433 veritatis
3357 2382 3671 2437 reducamus.
3757 2378 3761 2383 ’

2281 2466 2530 2521 Octavam
2584 2467 2768 2523 habuit
2826 2478 3101 2539 postquam
3161 2470 3417 2542 jejunium
3477 2474 3780 2531 Judzeorum

2212 2561 2514 2624 transierat,
2547 2557 2684 2628 quod
2710 2559 2968 2628 jejunium
2991 2560 3299 2617 ebrietatem
3325 2579 3443 2619 esse
3462 2565 3607 2620 dicit.
3639 2567 3775 2622 Rur-

2210 2663 2435 2719 sumque
2467 2649 2736 2704 auditores
2770 2649 3032 2716 hortatur,
3076 2662 3134 2706 ut
3163 2652 3381 2709 fratrum
3421 2658 3776 2713 emendationi

2210 2747 2265 2794 et
2287 2740 2443 2794 saluti
2462 2741 2741 2796 consulant
2772 2751 2826 2797 et
2849 2741 3136 2812 advigilent
3166 2761 3179 2797 :
3213 2759 3310 2799 nec
3339 2746 3496 2801 modo
3518 2756 3640 2802 ante
3664 2763 3777 2818 pec-

2210 2840 2405 2897 eatum,
2437 2833 2529 2888 sed
2558 2834 2716 2890 etiam
2745 2848 2860 2907 post
2884 2850 3155 2908 peccatum
3176 2856 3361 2896 manus
3386 2842 3489 2897 illis
3514 2843 3779 2913 porrigen-

2210 2924 2305 2978 das
2344 2938 2462 2979 esse
2490 2925 2646 2993 dicit,
2690 2938 2746 2981 ut
2785 2928 2921 2984 Deus
2960 2928 3090 2984 fecit
3133 2930 3355 2986 Adamo.
3402 2932 3621 2988 Peccata
3649 2948 3776 2990 vero

2211 3015 2435 3071 fratrum
2481 3018 2830 3088 corrigenda,
2872 3036 2976 3075 non
3012 3021 3303 3091 evulganda
3336 3038 3479 3078 esse.
3515 3024 3774 3092 Quoniam

2210 3116 2387 3163 autem
2420 3107 2587 3163 Judaei
2616 3124 2674 3163 se
2698 3111 2933 3166 medicos
2966 3126 3085 3167 esse
3111 3112 3387 3175 dicebant,
3419 3122 3575 3189 atque
3599 3115 3774 3169 incau-

2211 3198 2493 3255 tationibus
2530 3215 2594 3255 ac
2644 3200 2976 3271 ligaminibus
3003 3202 3067 3256 ad
3115 3202 3376 3257 curandos
3414 3205 3626 3259 morbos
3663 3214 3775 3259 ute-

2209 3289 2420 3355 bantur,
2446 3300 2631 3346 contra
2658 3307 2750 3347 eos
2790 3293 2877 3362 qui
2908 3293 2972 3347 ad
3010 3294 3140 3348 tales
3175 3294 3410 3349 medicos
3434 3294 3775 3366 confugerent

2209 3383 2434 3453 insurgit
2456 3382 2899 3456 Chrysostomus,
2927 3387 3105 3456 aitque
3143 3386 3277 3441 mala
3307 3388 3480 3456 potius
3516 3389 3776 3458 patienter

2209 3475 2447 3540 ferenda,
2470 3492 2627 3547 quam
2660 3478 2792 3533 tales
2815 3476 3140 3533 adhibendas
3167 3479 3471 3534 curationes
3490 3521 3503 3542 ,
3534 3489 3688 3550 atque
3709 3481 3773 3535 ad

2209 3566 2375 3621 Deum
2401 3575 2456 3621 et
2482 3566 2547 3620 ad
2577 3577 2790 3639 sanctos
2816 3579 3077 3640 martyres
3105 3584 3222 3625 esse
3246 3569 3684 3640 confugiendum,
3713 3587 3775 3627 ac

2208 3658 2359 3728 signo
2378 3657 2550 3712 crucis
2570 3658 2822 3712 utendum

2278 3748 2408 3802 Alia:
2439 3748 2720 3803 conciones.
2742 3778 2814 3789 —
2838 3748 2947 3803 Hoc
2971 3760 3207 3818 tempore
3244 3749 3420 3805 habita
3453 3751 3549 3805 fuit
3588 3755 3773 3806 concio

2209 3838 2295 3892 illa
2336 3838 2386 3891 in
2432 3837 2696 3893 Psalmum
2738 3840 2798 3893 Μ
2832 3838 2930 3908 (Τ.
2962 3839 3015 3895 5.
3052 3858 3100 3893 c.
3131 3838 3291 3907 155),
3342 3841 3774 3907 Quemadmodum

2207 3928 2453 3984 desiderat
2468 3946 2659 3996 cervus,
2672 3940 2797 3995 etc.,
2818 3939 2874 3983 ut
2890 3930 2999 4000 ipse
3015 3931 3419 4003 Chrysostomus
3434 3949 3532 3989 nec
3552 3934 3773 3989 obscure

2207 4019 2406 4074 indicat
2433 4020 2582 4075 initio
2607 4020 2690 4075 his
2710 4021 2885 4075 verbis
2909 4039 2922 4073 :
2965 4020 3065 4075 Vos
3083 4023 3301 4092 quidem,
3330 4024 3534 4094 inquit,
3568 4041 3655 4079 nos
3682 4041 3775 4078 nu-

2210 4127 2299 4179 per
2323 4111 2704 4164 admirabamini
2722 4153 2736 4175 ,
2767 4112 2966 4181 quando
3008 4112 3152 4166 verba
3180 4113 3387 4183 fecimus
3421 4114 3484 4167 de
3509 4113 3775 4169 Melchise-

2208 4200 2327 4253 deco
2347 4243 2361 4267 ,
2396 4211 2599 4270 propter
2624 4217 2794 4254 eorum
2821 4217 2932 4272 qua:
2954 4201 3086 4255 dicta
3119 4213 3232 4257 sunt
3257 4204 3615 4275 longitudinem
3636 4223 3655 4261 :
3682 4225 3775 4279 ego

2207 4303 2374 4345 autem
2415 4306 2500 4345 vos
2523 4292 2813 4346 admirabar
2849 4302 3051 4363 prapter
3077 4304 3289 4348 uestram
3328 4297 3380 4349 in
3421 4298 3670 4351 audiendo
3697 4307 3775 4351 at-

2209 4384 2476 4438 tentionem
2501 4392 2549 4438 et
2571 4383 2885 4452 sapientiam,
2917 4393 2964 4438 et
2985 4384 3119 4453 quod
3137 4401 3250 4439 cum
3275 4386 3520 4456 prolixior
3545 4405 3600 4443 se
3626 4388 3773 4442 obtu-

2209 4476 2342 4528 lisset
2380 4473 2571 4539 oratio,
2615 4489 2707 4526 nos
2744 4475 2811 4525 ad
2839 4472 2990 4541 ﬁnem
3024 4490 3179 4544 usque
3215 4478 3504 4546 consequuti
3529 4480 3661 4532 estis.
3709 4480 3775 4534 Et

2207 4564 2518 4634 quibusdam
2549 4564 2874 4633 interpositis
2899 4580 2914 4619 :
2954 4563 3381 4630 Quemadmodum
3405 4585 3522 4639 ergo
3551 4580 3669 4623 tunc
3693 4571 3773 4624 di-

2207 4654 2396 4721 cebam,
2423 4655 2557 4724 quod
2579 4656 2698 4708 dum
2719 4655 2826 4726 lupi
2849 4670 3050 4724 gregem
3076 4654 3334 4723 inuadunt,
3358 4659 3533 4711 relicta
3564 4660 3732 4728 ﬁstula
3750 4700 3769 4727 ,

2207 4749 2418 4820 fundam
2458 4748 2511 4801 in
2549 4763 2757 4801 manum
2783 4756 2983 4800 sumunt
3026 4758 3250 4818 pastores
3277 4765 3296 4802 :
3332 4749 3402 4803 ita
3441 4767 3609 4815 nunc,
3652 4753 3772 4805 dum

2208 4843 2334 4911 festa
2360 4837 2657 4893 Judteorum
2692 4839 3072 4908 praeterierunt,
3100 4841 3185 4909 qui
3221 4850 3335 4893 sunt
3369 4843 3605 4911 quibusve
3640 4845 3772 4912 lupis

2205 4930 2546 4993 immaniores,
2571 4928 2747 4982 relicta
2766 4944 2943 4982 rursus
2959 4930 3138 4998 funda,
3162 4931 3423 4984 redeamus
3443 4933 3510 4986 ad
3528 4933 3769 5002 ﬁstulam.

2205 5004 2340 5075 liiuc
2363 5018 2511 5073 vides
2537 5019 2671 5072 hanc
2694 5018 2744 5072 in
2778 5018 2821 5073 Ρ
2840 5019 3045 5073 almum
3070 5020 3131 5073 41
3163 5020 3432 5075 homiliam
3461 5031 3586 5078 tunc
3623 5024 3773 5078 habi-

2205 5120 2311 5164 tam
2343 5109 2526 5171 fuisse.
2558 5123 2677 5163 cum
2706 5123 2875 5176 nuper
2902 5108 2967 5163 de
3010 5108 3390 5164 Melchisedeco
3429 5113 3590 5166 multa
3618 5113 3774 5168 dixis-

2204 5210 2323 5266 set,
2369 5209 2423 5255 et
2464 5198 2705 5254 homilias
2748 5208 2932 5254 contra
2980 5199 3189 5254 .ludzeos
3232 5200 3562 5256 absolvisset.
3610 5203 3772 5259 Multa

2204 5302 2379 5348 autem
2401 5291 2469 5347 de
2492 5290 2875 5348 Melchisedeco
2893 5291 3026 5346 dixit
3046 5291 3099 5345 in
3121 5290 3335 5346 homilia
3356 5302 3539 5347 contra
3560 5294 3774 5351 Judazos

2206 5386 2430 5455 septima
2451 5425 2466 5451 ,
2497 5398 2616 5454 quae
2653 5391 2733 5438 est
2779 5382 3066 5453 penultima
3104 5382 3244 5437 illius
3270 5385 3582 5454 argumenti.
3617 5384 3772 5452 Quod

2204 5492 2332 5531 vero
2377 5475 2444 5530 de
2485 5482 2698 5545 pastore
2738 5472 2896 5537 dicit,
2926 5471 3242 5527 adveniente
3286 5473 3409 5542 lupo
3448 5473 3661 5529 fundam
3691 5492 3775 5530 su-

2205 5577 2410 5633 mente,
2452 5566 2505 5620 in
2536 5573 2720 5635 quarta
2760 5564 3005 5630 habetur,
3032 5563 3119 5618 ubi
3161 5563 3310 5619 initio
3344 5567 3561 5620 secundi
3587 5581 3772 5621 contra

2204 5661 2414 5716 Judmos
2439 5658 2563 5715 belli
2600 5659 2677 5737 sic
2699 5657 2973 5713 classicum
2999 5670 3192 5712 cauere
3214 5656 3427 5737 videtur
3458 5655 3772 5730 Chrysostn-

2210 5768 2367 5809 mus:
2407 5754 2596 5805 "tfﬂ‘
2620 5734 2843 5820 infelices
2881 5747 2959 5801 illi
2998 5734 3381 5818 mortaliumque
3420 5752 3640 5804 omnium
3671 5753 3769 5804 mi-
