4122 6386
339 420 439 478 1ΞΩ

338 532 530 586 serrtmi
565 530 735 585 Iudici
768 531 1051 601 jejunaturi
1096 541 1247 584 sunt:
1276 547 1451 584 rursus
1487 530 1671 583 Christi
1714 542 1909 599 gregem

337 623 621 676 muniamus
667 639 863 675 necesse
926 632 1014 675 est.
1078 622 1490 691 Quandoquidem
1550 632 1595 674 et
1655 630 1910 685 pastores,

338 715 577 784 quamdiu
615 715 767 767 nox-ia
800 715 952 767 bestia
977 715 1184 767 molesta
1214 730 1313 766 non
1349 722 1453 778 est,
1499 714 1589 766 sub
1627 714 1791 766 ilicem
1827 720 1915 763 aut

340 802 585 874 populum
625 805 871 873 porrecti,
904 805 1075 871 ﬁstula
1108 814 1327 868 canunt,
1369 806 1583 858 sinentes
1612 819 1723 855 ovcs
1765 803 1915 855 libere

340 912 431 965 pro
463 912 554 948 suo
579 896 822 948 arbitratu
853 913 1054 965 pascere
1076 912 1093 948 :
1120 912 1288 949 verum
1315 896 1467 948 simul
1503 905 1652 963 atque
1674 894 1913 946 senserint

338 985 573 1038 alicunde
608 982 839 1054 luporum
886 986 1218 1039 incursionem
1260 985 1514 1037 imminere
1534 1026 1548 1048 ,
1581 1000 1697 1037 mox
1723 982 1915 1052 objecta

340 1078 510 1146 ﬁstula
534 1080 746 1147 fundam
773 1080 1045 1150 arripiunt,
1075 1089 1122 1132 et
1146 1080 1324 1132 emisso
1351 1079 1545 1131 calamo
1567 1120 1581 1143 ,
1615 1076 1829 1147 fustibus
1866 1085 1913 1128 et

338 1169 475 1221 saxis
502 1168 762 1222 obarmant
790 1185 925 1235 sese,
966 1184 1154 1239 proque
1191 1169 1309 1222 ovili
1337 1169 1657 1221 consistentes
1676 1209 1688 1231 ,
1732 1181 1912 1235 magno

339 1262 557 1315 clamore
581 1262 865 1331 ingentique
892 1262 1091 1315 ululatu
1119 1261 1465 1331 vociferantes,
1498 1261 1779 1328 frequenter
1803 1258 1912 1326 ipso

339 1352 559 1405 clamore
593 1356 787 1421 feram,
833 1353 1122 1421 priusquam
1148 1352 1428 1420 irrumpat,
1459 1350 1684 1420 abigunt.
1730 1348 1912 1415 Itaque

340 1452 461 1513 post
502 1442 869 1512 Septembrem
912 1444 1033 1497 anni
1060 1443 1185 1509 587,
1220 1454 1493 1513 postquam
1525 1442 1767 1505 homilias
1797 1441 1912 1493 illas

340 1534 572 1604 quinque
594 1546 775 1587 eontra
801 1533 1012 1589 Judaros
1031 1535 1255 1600 dixerat,
1281 1534 1363 1588 vel
1392 1532 1612 1587 fortasse
1635 1539 1909 1601 postquam

343 1629 579 1681 ultimam
606 1628 830 1693 dixerat,
860 1645 976 1697 qua:
998 1629 1156 1681 etiam
1182 1638 1298 1697 post
1319 1628 1576 1697 jejunium
1608 1624 1909 1679 Judmorum

342 1718 519 1772 habita
559 1718 686 1783 fuit,
716 1719 852 1773 hanc
882 1718 1152 1771 bomiliam
1178 1717 1347 1783 dixit,
1383 1732 1537 1786 quam
1571 1726 1743 1769 tamen
1776 1714 1910 1767 inter

342 1809 714 1879 Expositiones
754 1811 807 1864 in
852 1810 1087 1864 l’sahuos
1114 1811 1218 1862 alio
1257 1819 1495 1877 tempore
1530 1807 1872 1859 concinnatas
1894 1846 1907 1872 ,

341 1918 525 1958 eorum
552 1905 640 1972 qui
670 1917 765 1956 nos
791 1910 1171 1972 praecesserant
1192 1902 1434 1970 exemplo
1463 1900 1790 1969 reliquimus.

412 1994 592 2047 Primo
630 2005 803 2047 autem
829 2003 1006 2047 narrat
1030 2010 1131 2062 qua
1158 1992 1224 2046 de
1250 2008 1407 2046 causa
1440 1991 1576 2045 Deus
1603 1990 1831 2059 psalmos
1858 1990 1908 2043 in

343 2085 503 2138 vitam
547 2094 780 2138 nostram
810 2084 1092 2149 induxerit,
1142 2092 1197 2136 ut
1227 2098 1418 2150 nempe
1459 2082 1789 2136 socordiores
1818 2080 1911 2134 bo-

342 2176 512 2229 mines
539 2176 785 2244 erigeret,
811 2176 1038 2227 animam
1070 2182 1355 2234 recrearet,
1402 2173 1609 2241 aliaque
1645 2171 1779 2224 bona
1812 2169 1910 2222 bo-

342 2266 569 2320 minibus
603 2266 916 2333 impertiret.
949 2264 1136 2319 Postea
1166 2265 1232 2318 de
1276 2262 1433 2316 modo
1462 2261 1715 2331 psallendi
1746 2261 1910 2315 multa

341 2356 488 2421 dicit,
533 2366 585 2410 et
609 2357 813 2425 aliquas
850 2355 1063 2409 adhibet
1089 2369 1264 2419 voces,
1310 2354 1375 2407 ad
1405 2368 1521 2406 eam
1551 2367 1662 2405 rem
1690 2367 1911 2419 usurpa-

342 2457 441 2513 tas,
481 2462 613 2517 quas
666 2461 771 2501 non
820 2446 1166 2514 intelligentes
1188 2445 1322 2499 bene
1371 2443 1523 2497 multi
1570 2443 1906 2513 interpretes,

341 2556 614 2610 perperam
638 2551 925 2602 verterunt,
956 2549 1009 2592 et
1032 2555 1253 2613 quarum
1280 2551 1431 2592 usum
1459 2546 1514 2590 et
1541 2552 1752 2590 sensum
1777 2534 1910 2587 mul-

340 2632 409 2685 tis
436 2633 655 2685 aliorum
678 2628 893 2685 Patrum
923 2639 977 2684 et
1000 2631 1314 2699 scriptorum
1342 2628 1598 2696 exemplis
1625 2626 1912 2696 explicavi-

340 2741 458 2781 mus
487 2727 538 2779 in
571 2726 786 2780 Mouito.

408 2816 695 2870 Catecheses
738 2818 805 2869 ad
850 2816 1227 2869 illuminandos.
1254 2844 1324 2853 —
1355 2813 1508 2868 Bitias
1557 2812 1906 2877 Catecbeses,

338 2924 469 2978 quas
496 2909 561 2961 ad
596 2908 967 2961 illuminandos
1023 2922 1113 2961 seu
1151 2906 1558 2961 catechumenos
1587 2904 1906 2975 Chrysosto-

340 3016 456 3055 tuus
488 3000 669 3053 habuit
708 3008 827 3069 post
856 2999 1110 3053 llomilias
1133 2999 1200 3053 de
1223 2999 1421 3054 Statuis
1448 2997 1707 3052 edidimus
1734 2995 1819 3067 (T.
1849 2994 1903 3047 2.

282 3096 286 3107 ‘
349 3113 391 3147 c.
421 3092 572 3161 225).
615 3093 733 3146 Illas
760 3107 906 3157 vero,
955 3093 1286 3160 maximeque
1329 3091 1551 3160 primam
1592 3090 1641 3142 in
1671 3088 1907 3154 Quadra-

335 3190 533 3257 gesima
564 3190 685 3240 anui
714 3187 815 3242 587
846 3187 1040 3241 dictam
1081 3187 1241 3241 fuisse
1272 3187 1612 3255 probabiliter
1636 3185 1909 3239 existima-

338 3296 490 3346 mus;
540 3280 908 3334 Tillemoutius
956 3296 1083 3334 vero
1132 3281 1183 3332 in
1231 3294 1426 3332 annum
1478 3278 1583 3334 388
1632 3288 1905 3347 utramque

336 3376 623 3428 amandare
649 3374 864 3427 mavult.
897 3374 1008 3441 Qua
1039 3373 1106 3427 de
1136 3389 1193 3427 re
1218 3373 1453 3441 pluribus
1478 3372 1823 3427 disseruimus
1852 3371 1903 3424 in

335 3464 532 3518 Monito
576 3465 641 3517 ad
670 3466 907 3529 easdem,
939 3465 1026 3518 ubi
1066 3463 1184 3518 vide
1227 3464 1319 3517 sis.
1367 3464 1420 3516 In
1451 3464 1617 3531 prima
1661 3462 1905 3517 catechu-

337 3572 521 3611 menos
546 3557 789 3621 instituit,
820 3567 873 3610 et
910 3556 1064 3609 docet
1101 3571 1161 3609 ea
1192 3571 1309 3624 quin
1339 3556 1474 3609 scire
1506 3571 1598 3623 par
1627 3565 1740 3610 erat
1770 3573 1782 3609 :
1813 3572 1905 3609 ue-

335 3663 438 3716 que
466 3648 607 3701 enim
633 3647 811 3700 omnia
833 3646 1157 3700 docebantur
1176 3647 1567 3711 catechumeui;
1597 3648 1903 3716 mysterium

336 3754 565 3807 namque
614 3738 793 3791 calicis
846 3737 1190 3806 ignorabant,
1244 3736 1415 3790 donec
1470 3737 1657 3791 initiati
1704 3746 1903 3790 essent.

336 3830 541 3885 Laudat
581 3830 697 3883 illos
733 3830 874 3900 quod
914 3830 1138 3897 juvenes
1181 3829 1495 3897 baptismum
1533 3837 1710 3882 essent
1752 3843 1903 3881 acce-

338 3924 497 3990 pturi,
528 3921 839 3988 illorumque
886 3918 1256 3988 negligentiam
1300 3917 1580 3985 improbat,
1612 3919 1699 3987 qui
1732 3918 1905 3986 bapti-

335 4028 509 4065 smum
553 4010 863 4064 differebant
906 4025 1069 4079 usque
1116 4009 1180 4063 ad
1229 4018 1474 4063 mortem.
1506 4008 1758 4079 Baptismi
1807 4024 1905 4062 no-

337 4106 478 4159 mina
528 4104 693 4159 multa
731 4119 849 4157 esse
877 4103 1051 4166 docet,
1094 4118 1283 4172 nempe
1320 4103 1587 4157 lavacrum
1627 4118 1907 4172 regenera-

336 4198 514 4260 tionis,
544 4196 873 4256 illumiuatio,
897 4195 1179 4263 baptisma,
1211 4195 1501 4262 sepultura,
1531 4209 1658 4247 crux
1688 4205 1741 4248 et
1766 4193 1904 4248 alia:

337 4291 665 4357 multumque
689 4288 972 4341 discrimen
999 4302 1118 4341 esse
1146 4287 1273 4340 dicit
1297 4288 1434 4341 inter
1466 4288 1781 4356 baptismmn
1810 4286 1906 4340 Ju-

337 4383 571 4436 dtcorum
590 4391 641 4434 et
659 4380 1096 4434 Christianorum.
1112 4379 1413 4432 Christiano
1433 4379 1662 4448 linguam
1680 4380 1908 4434 maxime

337 4474 685 4529 cobibendam
729 4488 866 4536 esse,
914 4488 979 4527 ex
1022 4488 1122 4541 qua
1174 4474 1350 4539 lapsus
1385 4473 1531 4525 multi
1576 4472 1904 4540 proveniant.

337 4567 549 4623 Claudit
594 4568 805 4621 demum
860 4565 1041 4620 dicens
1088 4581 1118 4618 a
1170 4565 1483 4634 juramentis
1537 4566 1905 4619 abstinendum

338 4679 477 4728 esse,
508 4661 650 4732 quod
694 4662 885 4715 malum
920 4659 1211 4713 Antiochia:
1256 4660 1481 4712 maxime
1508 4668 1630 4712 tunc
1659 4660 1908 4726 temporis

339 4756 650 4819 invaluerat,
684 4762 843 4822 atque
873 4752 965 4805 illo
988 4752 1159 4804 solum
1198 4765 1337 4803 anno
1363 4750 1464 4803 587
1494 4765 1585 4817 per
1610 4749 1910 4818 Quadrage-

338 4850 527 4901 simam
570 4855 733 4898 totam
777 4854 963 4898 contra
995 4843 1292 4911 juramenta
1332 4842 1632 4911 concinnari
1684 4841 1906 4908 solebat,

339 4937 481 5007 quod
510 4938 825 4991 sententiam
857 4947 1089 4987 nostram
1117 4935 1327 4987 ﬁrmare
1348 4934 1574 4986 videtur.

413 5030 466 5082 In
497 5026 725 5081 secunda
758 5025 1017 5078 catecbesi
1047 5023 1460 5077 illuminatorum
1490 5037 1581 5076 seu
1618 5023 1908 5092 baptizato—

340 5136 458 5175 rum
488 5120 662 5173 ofﬁcia
704 5117 934 5185 explicat
963 5134 977 5169 :
1006 5117 1165 5169 verba
1196 5115 1359 5168 refert
1401 5116 1454 5168 in
1483 5115 1743 5183 baptismo
1782 5130 1908 5184 pro-

340 5213 467 5279 lata,
500 5226 708 5280 nempe,
740 5209 1044 5263 Abrenuntio
1070 5208 1176 5268 tibi,
1205 5203 1415 5272 Satana,
1449 5218 1492 5259 et
1522 5223 1719 5274 pompae
1742 5217 1840 5259 tua:
1864 5216 1911 5259 et

340 5304 497 5357 cultui
520 5313 623 5356 tuo.
660 5301 807 5357 Unde
850 5299 1183 5353 occasionem
1230 5298 1391 5352 sumit
1435 5297 1683 5366 carpendi
1726 5298 1915 5350 mulie-

340 5412 464 5459 res,
508 5410 626 5465 qna:
674 5395 838 5447 nimio
884 5392 1090 5444 ornatui
1138 5388 1439 5444 studebant.
1492 5389 1742 5456 Pompam
1788 5404 1913 5440 vero

342 5488 627 5540 satanieam
659 5498 775 5539 esse
799 5484 945 5546 dicit,
971 5483 1193 5538 theatra.
1214 5482 1480 5535 circenses
1510 5479 1679 5543 ludos,
1708 5478 1911 5532 dierum

344 5577 763 5640 observationes,
806 5573 1097 5644 prmstigias
1140 5580 1195 5625 et
1226 5571 1422 5625 omina.
1463 5570 1714 5638 Loquitur
1753 5569 1911 5622 etiam

345 5671 414 5724 de
442 5670 524 5733 iis,
552 5670 640 5738 qui
674 5667 995 5723 carminibus
1038 5674 1093 5719 et
1128 5664 1364 5734 ligaturis
1393 5663 1691 5727 utebantur,
1720 5662 1913 5732 quique

348 5761 662 5814 Immistnata
693 5756 977 5812 Alexandri
1018 5754 1318 5809 Macedonis
1362 5768 1518 5807 aurea
1552 5751 1709 5819 capiti
1733 5760 1788 5806 et
1819 5768 1911 5819 pe-

348 5852 501 5907 dibus
528 5847 980 5918 circumligabant,
1007 5854 1164 5917 atquc
1208 5846 1258 5900 in
1300 5846 1440 5916 regis
1465 5844 1750 5900 idololatra:
1780 5844 1912 5898 iuta~

1494 415 1673 473 NUNC
1716 410 1974 468 PRIMUM
2011 408 2401 467 ADORNATA.

3485 423 3585 481 150

2021 527 2141 596 gine
2163 540 2310 595 spem
2337 527 2631 583 habebant:
2657 540 2709 584 at
2736 532 2784 586 in
2811 548 2966 588 cruce
2986 534 3179 590 Christi
3212 548 3409 595 tantum
3435 558 3583 612 spen.

2016 615 2313 671 habendam
2341 632 2458 672 esse
2482 620 2623 673 dicit.
2664 620 2720 674 In
2752 622 3048 691 bujusmodi
3092 628 3303 684 insanas
3332 635 3585 700 snpersti-

2018 708 2189 762 tiones
2219 709 2377 761 multa
2409 711 2641 778 profert,
2672 724 2726 765 et
2764 728 2855 767 eos
2894 716 2982 783 qui
3013 717 3402 783 incantamenta
3431 722 3582 776 adhi-

2018 796 2203 854 berent
2234 800 2693 858 vehementissime
2737 806 2989 875 coarguit,
3019 816 3177 877 atque
3206 812 3306 865 hoc
3338 812 3582 881 baptismi

2017 890 2157 943 dicto
2188 891 2488 946 cateehesin
2533 894 2749 958 claudit,
2795 896 3097 952 Abrenuntio
3147 900 3253 966 tibi,
3285 899 3496 971 Satana,
3538 914 3586 959 et

2018 997 2214 1050 pompa:
2242 993 2341 1037 tute
2367 996 2413 1039 et
2438 986 2595 1039 cultui
2623 996 2728 1053 tuo,
2758 998 2805 1043 et
2834 992 3109 1062 conjungor
3129 994 3235 1061 tibi,
3262 994 3477 1051 Christe.

2089 1071 2328 1128 Homilite
2369 1076 2431 1129 de
2484 1075 2867 1146 PrOpIietiarum
2906 1083 3217 1137 obscuritate.
3249 1115 3319 1125 -—
3344 1086 3583 1142 Humilia!

2016 1164 2133 1217 dua:
2160 1165 2225 1220 de
2254 1166 2652 1237 Prophetiarum
2676 1171 2996 1228 obscuritate
3022 1175 3085 1228 ad
3117 1192 3309 1230 annum
3332 1179 3435 1234 588
3458 1195 3585 1234 cou-

2017 1258 2289 1328 signantur
2328 1276 2357 1314 a
2397 1262 2467 1315 cl.
2496 1263 2609 1316 viro
2638 1264 2992 1333 Tillemontio,
3039 1268 3131 1321 sed
3176 1286 3238 1322 ex
3284 1272 3582 1340 c0njectura

2022 1358 2221 1403 tantum
2255 1350 2338 1420 (T.
2381 1353 2435 1405 6.
2481 1370 2523 1405 c.
2557 1353 2720 1422 £65);
2754 1366 2910 1426 atque
2947 1373 3011 1412 ex
3041 1360 3104 1412 iis
3134 1375 3250 1429 qum
3291 1363 3340 1416 in
3387 1363 3583 1418 Monito

2016 1438 2243 1493 diximus
2274 1441 2527 1495 incertum
2567 1459 2785 1511 prorsus
2821 1446 3045 1513 videtur,
3079 1464 3183 1517 quo
3212 1467 3350 1505 anno
3376 1455 3584 1509 emissa:

2016 1528 2232 1585 fuerint.
2277 1531 2333 1585 ln
2362 1534 2528 1602 prima
2568 1534 2723 1589 docet
2750 1538 3015 1606 quomodo
3043 1542 3312 1596 traeianda
3340 1545 3409 1597 sit
3437 1544 3583 1599 Scri-

2017 1632 2166 1690 ptura
2199 1640 2366 1685 sacra,
2396 1624 2462 1679 de
2491 1626 2871 1682 Melchisedeco
2901 1632 3139 1699 quaedam
3166 1633 3344 1700 habet,
3369 1652 3431 1690 ac
3456 1653 3583 1706 pau-

2016 1714 2093 1766 cis
2106 1717 2391 1768 Anommos
2408 1718 2595 1785 carpit.
2615 1728 2667 1772 et
2682 1728 2864 1773 contra
2883 1720 3159 1776 bzcreticos
3177 1726 3360 1793 prohat
3373 1743 3585 1796 genera-

2016 1805 2212 1859 tionem
2234 1804 2426 1861 Christi
2453 1819 2705 1864 wternam
2735 1826 2869 1877 esse,
2898 1815 3289 1882 generationem
3320 1833 3447 1873 vero
3471 1819 3588 1889 ejus

2017 1900 2366 1967 Corporalem,
2407 1902 2508 1955 etsi
2556 1913 2775 1968 certam,
2825 1906 3042 1975 intelligi
3090 1918 3144 1961 et
3179 1910 3431 1977 explicari
3478 1928 3589 1967 non,

2018 2005 2214 2058 posse:
2247 1990 2407 2045 Vetus
2450 1993 2844 2049 Testamentum
2883 1998 3161 2052 obscurum
3202 2017 3320 2055 esse
3361 2004 3489 2057 dicit
3531 2014 3585 2058 et

2016 2083 2256 2137 consulto
2283 2100 2345 2138 ex
2381 2085 2556 2139 divina
2594 2088 2920 2156 providentia
2954 2091 3172 2157 factum,
3202 2103 3258 2147 ut
3297 2094 3580 2149 obscurum

2015 2185 2068 2229 et
2114 2176 2375 2243 explicatu
2423 2177 2634 2232 difficile
2688 2188 2870 2233 esset:
2898 2180 3147 2251 additque
3197 2186 3583 2252 pra-scientiam

2019 2267 2110 2321 Dei
2159 2284 2261 2320 non
2301 2283 2419 2322 esse
2448 2279 2785 2338 peccatorum
2832 2288 3067 2327 causam.
3099 2273 3222 2327 Ideo
3252 2287 3427 2331 autem
3455 2294 3578 2347 pro-

2017 2359 2202 2428 phetas
2256 2359 2479 2414 obscure
2527 2360 2697 2415 futura
2752 2365 3093 2419 annuntiasse
3131 2375 3299 2434 putat,
3343 2384 3409 2422 ne
3458 2379 3581 2423 ante

2018 2456 2223 2517 tempus
2247 2448 2413 2504 Judaei
2454 2451 2541 2505 illa
2574 2452 2946 2522 intelligerent.
2992 2455 3175 2525 Neque
3204 2465 3378 2512 tamen
3406 2462 3587 2513 omnia

2015 2540 2238 2594 obscura
2266 2539 2463 2607 fuisse;
2497 2557 2617 2596 nam
2645 2543 2828 2598 inutile
2866 2544 3055 2601 fuisset
3089 2548 3166 2601 sic
3207 2546 3379 2602 futura
3407 2552 3587 2605 omnia

2016 2631 2386 2700 prmnuntiare.

2084 2721 2141 2775 in
2167 2722 2397 2776 secunda
2427 2739 2653 2793 quoque,
2677 2740 2796 2795 qua:
2825 2726 2963 2781 inter
2990 2727 3322 2797 longissimas
3347 2731 3581 2802 Chryso-

2014 2811 2169 2865 stomi
2192 2814 2476 2867 conciones
2505 2816 2853 2883 computanda
2898 2828 2998 2877 est,
3030 2833 3217 2873 causas
3246 2820 3582 2875 obscuritatis

2012 2904 2182 2959 atl'ert.
2214 2904 2387 2959 Prima
2432 2922 2587 2961 causa
2620 2918 2722 2972 est,
2754 2910 2873 2978 quia
2919 2910 3055 2964 sicut
3082 2913 3335 2967 velamem
3376 2914 3584 2986 Moyses

2014 2998 2064 3050 in
2098 3006 2277 3051 monte
2315 2998 2515 3063 habuit,
2547 3000 2638 3068 qui
2678 3000 2881 3069 Moyses
2907 3002 3174 3070 legislator
3210 3011 3292 3056 est
3317 3023 3329 3057 :
3355 3005 3423 3058 ita
3449 3022 3583 3075 quo-

2011 3107 2113 3160 que
2147 3092 2315 3160 legem
2345 3091 2579 3145 velamen
2628 3091 2893 3158 habuisse,
2938 3107 3128 3160 nempe
3170 3094 3578 3162 obscuritatem;

2010 3182 2104 3236 sed
2158 3196 2328 3251 neque
2375 3182 2659 3251 legislatori
2710 3183 2835 3238 vitio
2878 3184 3215 3251 vertendum,
3265 3202 3435 3254 neque
3479 3186 3581 3256 legi

2010 3274 2215 3328 crimini
2242 3273 2471 3327 dandum
2498 3274 2659 3329 fuisse
2690 3276 2949 3339 velamen,
2983 3275 3075 3329 sed
3103 3275 3402 3329 auditorum
3435 3277 3580 3331 inﬁr-

2011 3366 2181 3419 mitati
2217 3366 2569 3419 tribuendum.
2613 3366 2852 3419 Secunda
2881 3381 3037 3419 causa
3065 3367 3403 3420 obscuritatis
3432 3377 3576 3421 vete-

2010 3459 2084 3513 ris
2117 3458 2440 3511 Testamenti
2493 3468 2593 3521 est,
2639 3459 2759 3527 quia
2802 3472 2907 3511 non
2959 3458 3213 3525 scriptum
3256 3457 3353 3511 fuit
3403 3458 3579 3528 lingua

2010 3549 2212 3614 Grteca,
2265 3548 2357 3602 sed
2390 3547 2684 3612 Hebraica;
2735 3564 2855 3602 cum
2898 3558 3073 3602 autem
3118 3564 3183 3602 ex
3229 3549 3483 3603 Hebraica
3527 3551 3578 3602 in

2012 3640 2249 3695 Graecam
2290 3641 2519 3710 linguam
2558 3641 2866 3693 translatum
2908 3639 3085 3705 fuerit,
3118 3640 3397 3693 maximam
3425 3640 3582 3695 habet

2009 3734 2390 3788 difﬁcultatem.
2435 3732 2766 3785 Trausiatum
2811 3742 2984 3785 autetn
3023 3732 3121 3785 fuit
3148 3732 3351 3796 Graece,
3392 3733 3579 3801 inquit,

2012 3826 2110 3881 sub
2150 3825 2434 3879 Ptolemmo
2473 3842 2614 3892 rege,
2646 3826 2895 3878 trecentis
2936 3827 3088 3878 annis
3131 3835 3253 3879 ante
3292 3826 3577 3879 adventum
3668 3862 3671 3867 ι

2010 3918 2237 3982 Christi;
2286 3916 2542 3970 adventus
2599 3924 2771 3970 autem
2825 3913 3021 3968 Christi
3074 3931 3191 3984 qua:
3234 3917 3582 3969 amiseramus

2010 4012 2246 4064 auctiora
2277 4010 2427 4063 nobis
2453 4009 2699 4063 restituit.
2735 4007 2866 4063 Dicit
2898 4019 3076 4076 postea
3121 4010 3414 4063 orationem
3447 4013 3578 4063 mul-

2012 4101 2247 4155 titudinis
2274 4116 2514 4170 magnam
2545 4102 2648 4153 vim
2672 4099 2885 4152 habere.
2922 4099 3014 4153 llis
3039 4100 3182 4153 addit
3207 4101 3414 4155 diaconi
3443 4102 3581 4157 dicta

2012 4194 2062 4246 iu
2084 4192 2334 4262 Liturgia,
2365 4192 2513 4261 queis
2539 4191 2746 4259 plebem
2774 4190 2838 4244 ad
2868 4192 3185 4259 precandum
3208 4193 3467 4247 hortatur.
3495 4194 3580 4249 Ait

2010 4284 2201 4339 deinde
2240 4298 2446 4337 morum
2482 4282 2864 4337 correctionem
2908 4280 3192 4351 Scriptura:
3230 4298 3392 4337 sacrae
3421 4283 3577 4338 finem

2011 4390 2129 4429 esse
2163 4392 2176 4428 ι
2206 4384 2258 4427 et
2293 4382 2566 4441 postquam
2597 4380 2781 4425 contra
2811 4371 3129 4425 Manichaeos
3163 4372 3401 4441 quaedam
3429 4372 3581 4428 dixe-

2012 4477 2111 4529 rat,
2156 4464 2352 4519 claudit
2390 4463 2571 4517 dicens
2609 4469 2949 4533 peccatorum
2999 4462 3419 4517 recordationem
3463 4478 3582 4523 esse

2013 4557 2251 4629 peccanti
2281 4554 2593 4609 remedium.

2082 4649 2210 4702 Atia:
2238 4650 2520 4701 conciones.
2550 4674 2621 4686 --
2641 4644 2935 4700 Secundam
2966 4643 3031 4697 de
3056 4644 3455 4714 Prophetiarum
3484 4647 3580 4703 ob!

2014 4744 2260 4798 scuritate
2301 4740 2567 4794 bomiliam
2604 4739 2657 4792 in
2692 4738 2961 4791 Dominica
2988 4738 3209 4791 dixerat.
3239 4738 3425 4792 Paucis
3456 4755 3582 4793 vero

2014 4847 2199 4907 postea
2228 4835 2417 4889 diebus
2459 4833 2599 4887 illam
2629 4830 2896 4884 bomiliam
2931 4829 3112 4883 habuit
3140 4829 3227 4901 (T.
3252 4830 3306 4883 2.
3359 4845 3399 4882 ι’.
3428 4830 3579 4900 945),

2014 4945 2133 4999 qua:
2176 4928 2497 4990 inscribitur,
2538 4925 2785 4977 Adversus
2830 4939 2911 4976 eos
2955 4922 3038 4989 qui
3081 4921 3297 4978 dicerent
3330 4932 3583 4973 awntonas

2015 5020 2291 5091 gubernare
2329 5034 2406 5071 res
2437 5017 2705 5069 humanas.
2748 5012 2809 5077 In,
2847 5013 2999 5081 hujus
3024 5013 3163 5066 enim
3206 5013 3464 5081 principio
3496 5012 3584 5069 illa

2016 5109 2192 5165 omnia
2221 5107 2432 5176 repetit,
2467 5121 2582 5175 qua:
2619 5104 2671 5158 in
2711 5105 2813 5157 ﬁne
2840 5103 2979 5156 illius
3004 5102 3275 5159 coneionis
3304 5118 3361 5155 se
3389 5102 3587 5156 dixisse

2020 5199 2360 5262 testiﬁcatur;
2392 5197 2640 5250 nimirum
2686 5194 2751 5248 de
2797 5192 2992 5247 sanctis
3025 5192 3287 5260 justisque
3318 5192 3462 5255 viris,
3498 5192 3586 5261 qui

2018 5307 2112 5346 sua
2142 5297 2376 5359 peccata,
2408 5303 2513 5341 non
2544 5298 2719 5340 autem
2758 5285 2952 5348 aliena,
2980 5298 3100 5336 cum
3126 5282 3310 5336 dolore
3339 5296 3587 5337 exsecra-

2018 5382 2281 5449 tionisque
2338 5377 2719 5448 signiﬁcatione
2774 5372 3264 5428 commemorabam
3303 5390 3313 5424 :
3347 5373 3587 5440 exempla

2018 5473 2157 5527 enim
2188 5469 2372 5525 eadem
2399 5469 2575 5522 munia
2598 5467 2892 5535 eodemque
2922 5466 3108 5519 ordine
3136 5476 3396 5520 recenset.
3430 5464 3588 5519 Ordi-

2021 5574 2107 5617 tur.
2141 5570 2317 5615 autem
2348 5560 2414 5614 ab
2444 5557 2892 5613 Antiochenorum
2939 5556 3266 5619 assiduitate,
3308 5557 3485 5625 aitque
3527 5556 3590 5609 ti-

2019 5653 2219 5710 muisse
2258 5667 2316 5707 se
2348 5666 2415 5706 ne
2438 5650 2829 5719 multiplicitate
2859 5649 3116 5703 dictorum
3146 5646 3415 5705 fastidium
3442 5662 3589 5702 crea-

2020 5757 2139 5811 ret;
2190 5745 2286 5800 sed
2310 5746 2536 5814 gaudere
2566 5758 2623 5797 se
2649 5741 2789 5810 quod
2834 5741 3001 5810 magis
3025 5740 3350 5795 desiderium
3395 5748 3448 5793 et
3493 5754 3591 5793 au-

2023 5839 2200 5896 diendi
2218 5839 2537 5905 voluptatem
2554 5834 2759 5893 auxerit
2783 5850 2795 5899 ;
2823 5843 2930 5887 ttttu
2952 5833 3195 5903 superius
3220 5831 3356 5891 dicta
3379 5830 3591 5901 repetit,
