  <div class='ocr_page' id='page_1' title='image "/cluster/home/n/w/nwhite01/storage/ocr_20150623/47/nnc1.0046978321/163.png"; bbox 0 0 4122 6386; ppageno 0'>
   <div class='ocr_carea' id='block_1_1' title="bbox 524 402 618 457">
    <p class='ocr_par' dir='ltr' id='par_1_1' title="bbox 524 402 618 457">
     <span class='ocr_line' id='line_1_1' title="bbox 524 402 618 457; baseline -0.011 0"><span class='ocrx_word' id='word_1_1' title='bbox 524 402 618 457; x_wconf 71' lang='grc'><strong>151</strong></span> 
     </span>
    </p>
   </div>
   <div class='ocr_carea' id='block_1_2' title="bbox 524 505 2095 578">
    <p class='ocr_par' dir='ltr' id='par_1_2' title="bbox 524 505 2095 578">
     <span class='ocr_line' id='line_1_2' title="bbox 524 505 2095 578; baseline -0.003 -13"><span class='ocrx_word' id='word_1_2' title='bbox 524 523 582 566; x_wconf 87' lang='lat' dir='ltr'><strong>ut</strong></span> <span class='ocrx_word' id='word_1_3' title='bbox 610 512 863 577; x_wconf 72' lang='lat' dir='ltr'><strong>diximus,</strong></span> <span class='ocrx_word' id='word_1_4' title='bbox 885 521 939 565; x_wconf 90' lang='lat' dir='ltr'><strong>et</strong></span> <span class='ocrx_word' id='word_1_5' title='bbox 962 517 1140 578; x_wconf 85' lang='lat' dir='ltr'><strong>postea</strong></span> <span class='ocrx_word' id='word_1_6' title='bbox 1168 520 1466 562; x_wconf 81' lang='lat' dir='ltr'><strong>sermonem</strong></span> <span class='ocrx_word' id='word_1_7' title='bbox 1484 505 1689 559; x_wconf 79' lang='lat' dir='ltr'><strong>orditur</strong></span> <span class='ocrx_word' id='word_1_8' title='bbox 1714 520 1933 560; x_wconf 80' lang='lat' dir='ltr'><strong>narrans</strong></span> <span class='ocrx_word' id='word_1_9' title='bbox 1955 505 2095 561; x_wconf 88' lang='lat' dir='ltr'><strong>unde</strong></span> 
     </span>
    </p>
   </div>
   <div class='ocr_carea' id='block_1_3' title="bbox 522 598 2097 676">
    <p class='ocr_par' dir='ltr' id='par_1_3' title="bbox 522 598 2097 676">
     <span class='ocr_line' id='line_1_3' title="bbox 522 598 2097 676; baseline -0.005 -17"><span class='ocrx_word' id='word_1_10' title='bbox 522 606 779 676; x_wconf 77' lang='lat' dir='ltr'><strong>originem</strong></span> <span class='ocrx_word' id='word_1_11' title='bbox 811 604 1020 658; x_wconf 78' lang='lat' dir='ltr'><strong>duxerit</strong></span> <span class='ocrx_word' id='word_1_12' title='bbox 1043 601 1231 656; x_wconf 79' lang='lat' dir='ltr'><strong>divisio</strong></span> <span class='ocrx_word' id='word_1_13' title='bbox 1256 601 1571 669; x_wconf 81' lang='lat' dir='ltr'><strong>linguarum.</strong></span> <span class='ocrx_word' id='word_1_14' title='bbox 1601 599 1736 653; x_wconf 83' lang='lat' dir='ltr'><strong>Hinc</strong></span> <span class='ocrx_word' id='word_1_15' title='bbox 1758 607 1938 653; x_wconf 89' lang='lat' dir='ltr'><strong>narrat</strong></span> <span class='ocrx_word' id='word_1_16' title='bbox 1957 598 2097 652; x_wconf 82' lang='lat' dir='ltr'><strong>Ada-</strong></span> 
     </span>
    </p>
   </div>
   <div class='ocr_carea' id='block_1_4' title="bbox 522 688 2096 763">
    <p class='ocr_par' dir='ltr' id='par_1_4' title="bbox 522 688 2096 763">
     <span class='ocr_line' id='line_1_4' title="bbox 522 688 2096 763; baseline -0.004 -14"><span class='ocrx_word' id='word_1_17' title='bbox 522 711 666 749; x_wconf 91' lang='lat' dir='ltr'><strong>mum</strong></span> <span class='ocrx_word' id='word_1_18' title='bbox 694 693 744 747; x_wconf 91' lang='lat' dir='ltr'><strong>in</strong></span> <span class='ocrx_word' id='word_1_19' title='bbox 773 703 926 763; x_wconf 88' lang='lat' dir='ltr'><strong>portu</strong></span> <span class='ocrx_word' id='word_1_20' title='bbox 957 694 1282 761; x_wconf 86' lang='lat' dir='ltr'><strong>naufragium</strong></span> <span class='ocrx_word' id='word_1_21' title='bbox 1310 689 1497 743; x_wconf 89' lang='lat' dir='ltr'><strong>fecisse</strong></span> <span class='ocrx_word' id='word_1_22' title='bbox 1522 704 1534 752; x_wconf 93' lang='lat'><strong>;</strong></span> <span class='ocrx_word' id='word_1_23' title='bbox 1569 704 1759 758; x_wconf 88' lang='lat' dir='ltr'><strong>nempe</strong></span> <span class='ocrx_word' id='word_1_24' title='bbox 1793 703 1915 743; x_wconf 89' lang='lat' dir='ltr'><strong>cum</strong></span> <span class='ocrx_word' id='word_1_25' title='bbox 1943 688 2096 742; x_wconf 87' lang='lat' dir='ltr'><strong>bonis</strong></span> 
     </span>
    </p>
   </div>
   <div class='ocr_carea' id='block_1_5' title="bbox 522 779 2095 848">
    <p class='ocr_par' dir='ltr' id='par_1_5' title="bbox 522 779 2095 848">
     <span class='ocr_line' id='line_1_5' title="bbox 522 779 2095 848; baseline -0.004 -8"><span class='ocrx_word' id='word_1_26' title='bbox 522 786 770 841; x_wconf 90' lang='lat' dir='ltr'><strong>omnibus</strong></span> <span class='ocrx_word' id='word_1_27' title='bbox 823 783 1136 848; x_wconf 78' lang='lat' dir='ltr'><strong>abundaret,</strong></span> <span class='ocrx_word' id='word_1_28' title='bbox 1190 781 1447 835; x_wconf 90' lang='lat' dir='ltr'><strong>suadente</strong></span> <span class='ocrx_word' id='word_1_29' title='bbox 1494 779 1727 844; x_wconf 81' lang='lat' dir='ltr'><strong>diabolo,</strong></span> <span class='ocrx_word' id='word_1_30' title='bbox 1774 796 1805 833; x_wconf 89' lang='lat' dir='ltr'><strong>e</strong></span> <span class='ocrx_word' id='word_1_31' title='bbox 1849 779 2095 848; x_wconf 83' lang='lat' dir='ltr'><strong>paradiso</strong></span> 
     </span>
    </p>
   </div>
   <div class='ocr_carea' id='block_1_6' title="bbox 523 872 2095 950">
    <p class='ocr_par' dir='ltr' id='par_1_6' title="bbox 523 872 2095 950">
     <span class='ocr_line' id='line_1_6' title="bbox 523 872 2095 950; baseline -0.006 -16"><span class='ocrx_word' id='word_1_32' title='bbox 523 880 726 950; x_wconf 67' lang='lat' dir='ltr'><strong>eiectus</strong></span> <span class='ocrx_word' id='word_1_33' title='bbox 765 879 899 944; x_wconf 88' lang='lat' dir='ltr'><strong>fuit;</strong></span> <span class='ocrx_word' id='word_1_34' title='bbox 941 877 1035 933; x_wconf 88' lang='lat' dir='ltr'><strong>sed</strong></span> <span class='ocrx_word' id='word_1_35' title='bbox 1078 877 1245 930; x_wconf 88' lang='lat' dir='ltr'><strong>Deum</strong></span> <span class='ocrx_word' id='word_1_36' title='bbox 1283 874 1523 929; x_wconf 84' lang='lat' dir='ltr'><strong>eﬂ&#39;ecisse</strong></span> <span class='ocrx_word' id='word_1_37' title='bbox 1556 881 1617 927; x_wconf 92' lang='lat' dir='ltr'><strong>ut</strong></span> <span class='ocrx_word' id='word_1_38' title='bbox 1663 874 1866 927; x_wconf 89' lang='lat' dir='ltr'><strong>lucrum</strong></span> <span class='ocrx_word' id='word_1_39' title='bbox 1898 872 2095 927; x_wconf 88' lang='lat' dir='ltr'><strong>damno</strong></span> 
     </span>
    </p>
   </div>
   <div class='ocr_carea' id='block_1_7' title="bbox 519 963 2091 1039">
    <p class='ocr_par' dir='ltr' id='par_1_7' title="bbox 519 963 2091 1039">
     <span class='ocr_line' id='line_1_7' title="bbox 519 963 2091 1039; baseline -0.004 -16"><span class='ocrx_word' id='word_1_40' title='bbox 519 970 692 1039; x_wconf 86' lang='lat' dir='ltr'><strong>majus</strong></span> <span class='ocrx_word' id='word_1_41' title='bbox 718 977 880 1032; x_wconf 85' lang='lat' dir='ltr'><strong>esset,</strong></span> <span class='ocrx_word' id='word_1_42' title='bbox 910 977 965 1023; x_wconf 92' lang='lat' dir='ltr'><strong>et</strong></span> <span class='ocrx_word' id='word_1_43' title='bbox 999 975 1239 1020; x_wconf 88' lang='lat' dir='ltr'><strong>naturam</strong></span> <span class='ocrx_word' id='word_1_44' title='bbox 1266 974 1501 1018; x_wconf 79' lang='lat' dir='ltr'><strong>nostram</strong></span> <span class='ocrx_word' id='word_1_45' title='bbox 1531 965 1597 1017; x_wconf 90' lang='lat' dir='ltr'><strong>ad</strong></span> <span class='ocrx_word' id='word_1_46' title='bbox 1622 963 1866 1018; x_wconf 85' lang='lat' dir='ltr'><strong>thronum</strong></span> <span class='ocrx_word' id='word_1_47' title='bbox 1890 964 2091 1032; x_wconf 79' lang='lat' dir='ltr'><strong>regium</strong></span> 
     </span>
    </p>
   </div>
   <div class='ocr_carea' id='block_1_8' title="bbox 517 1053 2092 1119">
    <p class='ocr_par' dir='ltr' id='par_1_8' title="bbox 517 1053 2092 1119">
     <span class='ocr_line' id='line_1_8' title="bbox 517 1053 2092 1119; baseline -0.005 -4"><span class='ocrx_word' id='word_1_48' title='bbox 517 1059 795 1115; x_wconf 83' lang='lat' dir='ltr'><strong>extulisse.</strong></span> <span class='ocrx_word' id='word_1_49' title='bbox 826 1057 955 1111; x_wconf 89' lang='lat' dir='ltr'><strong>Nam</strong></span> <span class='ocrx_word' id='word_1_50' title='bbox 989 1057 1127 1111; x_wconf 85' lang='lat' dir='ltr'><strong>Deus</strong></span> <span class='ocrx_word' id='word_1_51' title='bbox 1159 1071 1261 1109; x_wconf 90' lang='lat' dir='ltr'><strong>non</strong></span> <span class='ocrx_word' id='word_1_52' title='bbox 1300 1069 1420 1109; x_wconf 90' lang='lat' dir='ltr'><strong>cum</strong></span> <span class='ocrx_word' id='word_1_53' title='bbox 1457 1054 1545 1108; x_wconf 89' lang='lat' dir='ltr'><strong>dat</strong></span> <span class='ocrx_word' id='word_1_54' title='bbox 1582 1053 1762 1119; x_wconf 90' lang='lat' dir='ltr'><strong>modo,</strong></span> <span class='ocrx_word' id='word_1_55' title='bbox 1805 1053 1898 1108; x_wconf 91' lang='lat' dir='ltr'><strong>sed</strong></span> <span class='ocrx_word' id='word_1_56' title='bbox 1932 1054 2092 1107; x_wconf 89' lang='lat' dir='ltr'><strong>etiam</strong></span> 
     </span>
    </p>
   </div>
   <div class='ocr_carea' id='block_1_9' title="bbox 519 1144 2090 1214">
    <p class='ocr_par' dir='ltr' id='par_1_9' title="bbox 519 1144 2090 1214">
     <span class='ocr_line' id='line_1_9' title="bbox 519 1144 2090 1214; baseline -0.005 -9"><span class='ocrx_word' id='word_1_57' title='bbox 519 1167 638 1206; x_wconf 90' lang='lat' dir='ltr'><strong>cum</strong></span> <span class='ocrx_word' id='word_1_58' title='bbox 671 1149 845 1204; x_wconf 80' lang='lat' dir='ltr'><strong>aufert</strong></span> <span class='ocrx_word' id='word_1_59' title='bbox 885 1149 1056 1204; x_wconf 89' lang='lat' dir='ltr'><strong>bonus</strong></span> <span class='ocrx_word' id='word_1_60' title='bbox 1084 1156 1187 1203; x_wconf 89' lang='lat' dir='ltr'><strong>est.</strong></span> <span class='ocrx_word' id='word_1_61' title='bbox 1220 1148 1345 1201; x_wconf 72' lang='lat' dir='ltr'><strong>Evze</strong></span> <span class='ocrx_word' id='word_1_62' title='bbox 1392 1146 1550 1201; x_wconf 89' lang='lat' dir='ltr'><strong>etiam</strong></span> <span class='ocrx_word' id='word_1_63' title='bbox 1582 1144 1849 1214; x_wconf 79' lang='lat' dir='ltr'><strong>profuisse</strong></span> <span class='ocrx_word' id='word_1_64' title='bbox 1877 1144 2017 1213; x_wconf 91' lang='lat' dir='ltr'><strong>quod</strong></span> <span class='ocrx_word' id='word_1_65' title='bbox 2061 1159 2090 1197; x_wconf 89' lang='lat' dir='ltr'><strong>a</strong></span> 
     </span>
    </p>
   </div>
   <div class='ocr_carea' id='block_1_10' title="bbox 471 1234 2088 1307">
    <p class='ocr_par' dir='ltr' id='par_1_10' title="bbox 471 1234 2088 1307">
     <span class='ocr_line' id='line_1_10' title="bbox 471 1234 2088 1307; baseline -0.004 -13"><span class='ocrx_word' id='word_1_66' title='bbox 471 1240 477 1272; x_wconf 68' lang='grc' dir='ltr'><strong>ί</strong></span> <span class='ocrx_word' id='word_1_67' title='bbox 520 1240 733 1294; x_wconf 84' lang='lat' dir='ltr'><strong>diabolo</strong></span> <span class='ocrx_word' id='word_1_68' title='bbox 757 1238 975 1307; x_wconf 91' lang='lat' dir='ltr'><strong>decepta</strong></span> <span class='ocrx_word' id='word_1_69' title='bbox 1002 1239 1214 1302; x_wconf 85' lang='lat' dir='ltr'><strong>luisset;</strong></span> <span class='ocrx_word' id='word_1_70' title='bbox 1252 1251 1372 1291; x_wconf 92' lang='lat' dir='ltr'><strong>cum</strong></span> <span class='ocrx_word' id='word_1_71' title='bbox 1414 1237 1553 1290; x_wconf 90' lang='lat' dir='ltr'><strong>enim</strong></span> <span class='ocrx_word' id='word_1_72' title='bbox 1582 1234 1746 1288; x_wconf 85' lang='lat' dir='ltr'><strong>lilium</strong></span> <span class='ocrx_word' id='word_1_73' title='bbox 1776 1235 2088 1303; x_wconf 80' lang='lat' dir='ltr'><strong>peperisset,</strong></span> 
     </span>
    </p>
   </div>
   <div class='ocr_carea' id='block_1_11' title="bbox 519 1326 2093 1398">
    <p class='ocr_par' dir='ltr' id='par_1_11' title="bbox 519 1326 2093 1398">
     <span class='ocr_line' id='line_1_11' title="bbox 519 1326 2093 1398; baseline -0.004 -14"><span class='ocrx_word' id='word_1_74' title='bbox 519 1329 671 1395; x_wconf 81' lang='lat' dir='ltr'><strong>dixit,</strong></span> <span class='ocrx_word' id='word_1_75' title='bbox 702 1328 910 1383; x_wconf 84' lang='lat' dir='ltr'><strong>Possedi</strong></span> <span class='ocrx_word' id='word_1_76' title='bbox 941 1329 1191 1382; x_wconf 84' lang='lat' dir='ltr'><strong>hominem</strong></span> <span class='ocrx_word' id='word_1_77' title='bbox 1219 1344 1308 1398; x_wconf 85' lang='lat' dir='ltr'><strong>per</strong></span> <span class='ocrx_word' id='word_1_78' title='bbox 1332 1326 1513 1392; x_wconf 88' lang='lat' dir='ltr'><strong>Deum,</strong></span> <span class='ocrx_word' id='word_1_79' title='bbox 1541 1326 1864 1395; x_wconf 83' lang='lat' dir='ltr'><strong>experientia</strong></span> <span class='ocrx_word' id='word_1_80' title='bbox 1901 1340 2093 1395; x_wconf 83' lang='lat' dir='ltr'><strong>nempe</strong></span> 
     </span>
    </p>
   </div>
   <div class='ocr_carea' id='block_1_12' title="bbox 522 1414 2091 1486">
    <p class='ocr_par' dir='ltr' id='par_1_12' title="bbox 522 1414 2091 1486">
     <span class='ocr_line' id='line_1_12' title="bbox 522 1414 2091 1486; baseline -0.004 -12"><span class='ocrx_word' id='word_1_81' title='bbox 522 1436 616 1475; x_wconf 88' lang='lat' dir='ltr'><strong>sua</strong></span> <span class='ocrx_word' id='word_1_82' title='bbox 658 1421 843 1476; x_wconf 85' lang='lat' dir='ltr'><strong>educta</strong></span> <span class='ocrx_word' id='word_1_83' title='bbox 890 1435 917 1473; x_wconf 90' lang='lat' dir='ltr'><strong>a</strong></span> <span class='ocrx_word' id='word_1_84' title='bbox 965 1420 1076 1474; x_wconf 92' lang='lat' dir='ltr'><strong>Deo</strong></span> <span class='ocrx_word' id='word_1_85' title='bbox 1121 1419 1257 1473; x_wconf 91' lang='lat' dir='ltr'><strong>bona</strong></span> <span class='ocrx_word' id='word_1_86' title='bbox 1298 1418 1474 1472; x_wconf 90' lang='lat' dir='ltr'><strong>omnia</strong></span> <span class='ocrx_word' id='word_1_87' title='bbox 1522 1429 1854 1486; x_wconf 87' lang='lat' dir='ltr'><strong>promanarc.</strong></span> <span class='ocrx_word' id='word_1_88' title='bbox 1900 1414 2091 1469; x_wconf 85' lang='lat' dir='ltr'><strong>Postea</strong></span> 
     </span>
    </p>
   </div>
   <div class='ocr_carea' id='block_1_13' title="bbox 519 1506 2088 1581">
    <p class='ocr_par' dir='ltr' id='par_1_13' title="bbox 519 1506 2088 1581">
     <span class='ocr_line' id='line_1_13' title="bbox 519 1506 2088 1581; baseline -0.003 -17"><span class='ocrx_word' id='word_1_89' title='bbox 519 1511 629 1581; x_wconf 82' lang='lat' dir='ltr'><strong>agit</strong></span> <span class='ocrx_word' id='word_1_90' title='bbox 652 1511 723 1566; x_wconf 88' lang='lat' dir='ltr'><strong>de</strong></span> <span class='ocrx_word' id='word_1_91' title='bbox 748 1511 907 1565; x_wconf 90' lang='lat' dir='ltr'><strong>variis</strong></span> <span class='ocrx_word' id='word_1_92' title='bbox 947 1510 1160 1564; x_wconf 75' lang='lat' dir='ltr'><strong>malitia:</strong></span> <span class='ocrx_word' id='word_1_93' title='bbox 1187 1508 1490 1580; x_wconf 79' lang='lat' dir='ltr'><strong>generibus,</strong></span> <span class='ocrx_word' id='word_1_94' title='bbox 1521 1507 1843 1576; x_wconf 86' lang='lat' dir='ltr'><strong>domumque</strong></span> <span class='ocrx_word' id='word_1_95' title='bbox 1868 1506 1935 1560; x_wconf 90' lang='lat' dir='ltr'><strong>de</strong></span> <span class='ocrx_word' id='word_1_96' title='bbox 1963 1520 2088 1575; x_wconf 90' lang='lat' dir='ltr'><strong>pro-</strong></span> 
     </span>
    </p>
   </div>
   <div class='ocr_carea' id='block_1_14' title="bbox 517 1602 895 1658">
    <p class='ocr_par' dir='ltr' id='par_1_14' title="bbox 517 1602 895 1658">
     <span class='ocr_line' id='line_1_14' title="bbox 517 1602 895 1658; baseline -0.011 0"><span class='ocrx_word' id='word_1_97' title='bbox 517 1602 749 1658; x_wconf 89' lang='lat' dir='ltr'><strong>videntia</strong></span> <span class='ocrx_word' id='word_1_98' title='bbox 784 1602 895 1656; x_wconf 89' lang='lat' dir='ltr'><strong>Dei.</strong></span> 
     </span>
    </p>
   </div>
   <div class='ocr_carea' id='block_1_15' title="bbox 586 1687 2091 1760">
    <p class='ocr_par' dir='ltr' id='par_1_15' title="bbox 586 1687 2091 1760">
     <span class='ocr_line' id='line_1_15' title="bbox 586 1687 2091 1760; baseline -0.005 -12"><span class='ocrx_word' id='word_1_99' title='bbox 586 1692 881 1749; x_wconf 83' lang='lat' dir='ltr'><strong>Secundam</strong></span> <span class='ocrx_word' id='word_1_100' title='bbox 912 1691 1182 1760; x_wconf 87' lang='lat' dir='ltr'><strong>posuimus</strong></span> <span class='ocrx_word' id='word_1_101' title='bbox 1207 1689 1489 1744; x_wconf 85' lang='lat' dir='ltr'><strong>llomiliam</strong></span> <span class='ocrx_word' id='word_1_102' title='bbox 1510 1687 1577 1743; x_wconf 92' lang='lat' dir='ltr'><strong>de</strong></span> <span class='ocrx_word' id='word_1_103' title='bbox 1600 1687 1811 1743; x_wconf 87' lang='lat' dir='ltr'><strong>diabolo</strong></span> <span class='ocrx_word' id='word_1_104' title='bbox 1832 1694 2091 1742; x_wconf 87' lang='lat' dir='ltr'><strong>tentatore</strong></span> 
     </span>
    </p>
   </div>
   <div class='ocr_carea' id='block_1_16' title="bbox 520 1777 2091 1854">
    <p class='ocr_par' dir='ltr' id='par_1_16' title="bbox 520 1777 2091 1854">
     <span class='ocr_line' id='line_1_16' title="bbox 520 1777 2091 1854; baseline -0.004 -17"><span class='ocrx_word' id='word_1_105' title='bbox 520 1780 605 1854; x_wconf 86' lang='lat' dir='ltr'><strong>(T.</strong></span> <span class='ocrx_word' id='word_1_106' title='bbox 636 1782 691 1836; x_wconf 98' lang='lat'><strong>2.</strong></span> <span class='ocrx_word' id='word_1_107' title='bbox 721 1799 767 1836; x_wconf 93' lang='lat' dir='ltr'><strong>c.</strong></span> <span class='ocrx_word' id='word_1_108' title='bbox 800 1783 948 1853; x_wconf 79' lang='lat'><strong>257),</strong></span> <span class='ocrx_word' id='word_1_109' title='bbox 973 1797 1130 1851; x_wconf 86' lang='lat' dir='ltr'><strong>quam</strong></span> <span class='ocrx_word' id='word_1_110' title='bbox 1155 1796 1225 1835; x_wconf 82' lang='lat' dir='ltr'><strong>an</strong></span> <span class='ocrx_word' id='word_1_111' title='bbox 1250 1789 1374 1834; x_wconf 86' lang='lat' dir='ltr'><strong>ante</strong></span> <span class='ocrx_word' id='word_1_112' title='bbox 1402 1794 1470 1833; x_wconf 90' lang='lat' dir='ltr'><strong>an</strong></span> <span class='ocrx_word' id='word_1_113' title='bbox 1501 1789 1617 1849; x_wconf 91' lang='lat' dir='ltr'><strong>post</strong></span> <span class='ocrx_word' id='word_1_114' title='bbox 1642 1778 1863 1847; x_wconf 85' lang='lat' dir='ltr'><strong>primam</strong></span> <span class='ocrx_word' id='word_1_115' title='bbox 1893 1777 2091 1833; x_wconf 86' lang='lat' dir='ltr'><strong>habue-</strong></span> 
     </span>
    </p>
   </div>
   <div class='ocr_carea' id='block_1_17' title="bbox 517 1871 2091 1941">
    <p class='ocr_par' dir='ltr' id='par_1_17' title="bbox 517 1871 2091 1941">
     <span class='ocr_line' id='line_1_17' title="bbox 517 1871 2091 1941; baseline -0.004 -12"><span class='ocrx_word' id='word_1_116' title='bbox 517 1875 588 1929; x_wconf 87' lang='lat' dir='ltr'><strong>rit</strong></span> <span class='ocrx_word' id='word_1_117' title='bbox 630 1876 913 1929; x_wconf 87' lang='lat' dir='ltr'><strong>incertutn.</strong></span> <span class='ocrx_word' id='word_1_118' title='bbox 961 1874 1303 1941; x_wconf 78' lang='lat' dir='ltr'><strong>Exploratum</strong></span> <span class='ocrx_word' id='word_1_119' title='bbox 1337 1881 1482 1927; x_wconf 89' lang='lat' dir='ltr'><strong>certe</strong></span> <span class='ocrx_word' id='word_1_120' title='bbox 1524 1872 1740 1925; x_wconf 87' lang='lat' dir='ltr'><strong>omnino</strong></span> <span class='ocrx_word' id='word_1_121' title='bbox 1776 1871 1982 1925; x_wconf 88' lang='lat' dir='ltr'><strong>videtur</strong></span> <span class='ocrx_word' id='word_1_122' title='bbox 2023 1871 2091 1924; x_wconf 65' lang='lat' dir='ltr'><strong>il-</strong></span> 
     </span>
    </p>
   </div>
   <div class='ocr_carea' id='block_1_18' title="bbox 516 1961 2090 2036">
    <p class='ocr_par' dir='ltr' id='par_1_18' title="bbox 516 1961 2090 2036">
     <span class='ocr_line' id='line_1_18' title="bbox 516 1961 2090 2036; baseline -0.001 -17"><span class='ocrx_word' id='word_1_123' title='bbox 516 1965 642 2031; x_wconf 86' lang='lat' dir='ltr'><strong>lam,</strong></span> <span class='ocrx_word' id='word_1_124' title='bbox 673 1982 829 2036; x_wconf 88' lang='lat' dir='ltr'><strong>quam</strong></span> <span class='ocrx_word' id='word_1_125' title='bbox 855 1976 975 2035; x_wconf 90' lang='lat' dir='ltr'><strong>post</strong></span> <span class='ocrx_word' id='word_1_126' title='bbox 1003 1966 1206 2019; x_wconf 90' lang='lat' dir='ltr'><strong>initium</strong></span> <span class='ocrx_word' id='word_1_127' title='bbox 1235 1964 1390 2033; x_wconf 88' lang='lat' dir='ltr'><strong>hujus</strong></span> <span class='ocrx_word' id='word_1_128' title='bbox 1423 1979 1481 2018; x_wconf 89' lang='lat' dir='ltr'><strong>se</strong></span> <span class='ocrx_word' id='word_1_129' title='bbox 1512 1963 1671 2017; x_wconf 86' lang='lat' dir='ltr'><strong>biduo</strong></span> <span class='ocrx_word' id='word_1_130' title='bbox 1695 1970 1817 2017; x_wconf 88' lang='lat' dir='ltr'><strong>ante</strong></span> <span class='ocrx_word' id='word_1_131' title='bbox 1840 1961 2090 2017; x_wconf 90' lang='lat' dir='ltr'><strong>habuisse</strong></span> 
     </span>
    </p>
   </div>
   <div class='ocr_carea' id='block_1_19' title="bbox 515 2052 2090 2125">
    <p class='ocr_par' dir='ltr' id='par_1_19' title="bbox 515 2052 2090 2125">
     <span class='ocr_line' id='line_1_19' title="bbox 515 2052 2090 2125; baseline -0.003 -15"><span class='ocrx_word' id='word_1_132' title='bbox 515 2056 660 2118; x_wconf 87' lang='lat' dir='ltr'><strong>dicit,</strong></span> <span class='ocrx_word' id='word_1_133' title='bbox 708 2072 813 2110; x_wconf 84' lang='lat' dir='ltr'><strong>non</strong></span> <span class='ocrx_word' id='word_1_134' title='bbox 854 2071 974 2111; x_wconf 89' lang='lat' dir='ltr'><strong>esse</strong></span> <span class='ocrx_word' id='word_1_135' title='bbox 1011 2071 1127 2109; x_wconf 87' lang='lat' dir='ltr'><strong>eam</strong></span> <span class='ocrx_word' id='word_1_136' title='bbox 1155 2069 1312 2125; x_wconf 88' lang='lat' dir='ltr'><strong>quam</strong></span> <span class='ocrx_word' id='word_1_137' title='bbox 1341 2054 1565 2123; x_wconf 87' lang='lat' dir='ltr'><strong>primam</strong></span> <span class='ocrx_word' id='word_1_138' title='bbox 1608 2052 1896 2123; x_wconf 88' lang='lat' dir='ltr'><strong>posuimus,</strong></span> <span class='ocrx_word' id='word_1_139' title='bbox 1944 2062 2001 2106; x_wconf 93' lang='lat' dir='ltr'><strong>ut</strong></span> <span class='ocrx_word' id='word_1_140' title='bbox 2036 2063 2090 2106; x_wconf 87' lang='lat' dir='ltr'><strong>in</strong></span> 
     </span>
    </p>
   </div>
   <div class='ocr_carea' id='block_1_20' title="bbox 515 2143 2091 2216">
    <p class='ocr_par' dir='ltr' id='par_1_20' title="bbox 515 2143 2091 2216">
     <span class='ocr_line' id='line_1_20' title="bbox 515 2143 2091 2216; baseline -0.001 -16"><span class='ocrx_word' id='word_1_141' title='bbox 515 2145 716 2200; x_wconf 79' lang='lat' dir='ltr'><strong>Muttito</strong></span> <span class='ocrx_word' id='word_1_142' title='bbox 747 2147 914 2201; x_wconf 82' lang='lat' dir='ltr'><strong>fusius</strong></span> <span class='ocrx_word' id='word_1_143' title='bbox 937 2146 1211 2216; x_wconf 82' lang='lat' dir='ltr'><strong>probatur.</strong></span> <span class='ocrx_word' id='word_1_144' title='bbox 1248 2144 1413 2215; x_wconf 80' lang='lat' dir='ltr'><strong>Hujus</strong></span> <span class='ocrx_word' id='word_1_145' title='bbox 1445 2159 1607 2213; x_wconf 90' lang='lat' dir='ltr'><strong>porro</strong></span> <span class='ocrx_word' id='word_1_146' title='bbox 1634 2144 1883 2198; x_wconf 71' lang='lat' dir='ltr'><strong>secundae</strong></span> <span class='ocrx_word' id='word_1_147' title='bbox 1911 2143 2091 2199; x_wconf 88' lang='lat' dir='ltr'><strong>titulus</strong></span> 
     </span>
    </p>
   </div>
   <div class='ocr_carea' id='block_1_21' title="bbox 514 2235 2091 2307">
    <p class='ocr_par' dir='ltr' id='par_1_21' title="bbox 514 2235 2091 2307">
     <span class='ocr_line' id='line_1_21' title="bbox 514 2235 2091 2307; baseline -0.003 -15"><span class='ocrx_word' id='word_1_148' title='bbox 514 2248 597 2292; x_wconf 89' lang='lat' dir='ltr'><strong>est</strong></span> <span class='ocrx_word' id='word_1_149' title='bbox 622 2258 633 2291; x_wconf 90' lang='lat'>:</span> <span class='ocrx_word' id='word_1_150' title='bbox 663 2238 913 2292; x_wconf 74' lang='lat' dir='ltr'><strong>Adversus</strong></span> <span class='ocrx_word' id='word_1_151' title='bbox 941 2255 1023 2293; x_wconf 86' lang='lat' dir='ltr'><strong>eos</strong></span> <span class='ocrx_word' id='word_1_152' title='bbox 1065 2238 1152 2307; x_wconf 87' lang='lat' dir='ltr'><strong>qui</strong></span> <span class='ocrx_word' id='word_1_153' title='bbox 1184 2238 1446 2307; x_wconf 79' lang='lat' dir='ltr'><strong>objiciunt,</strong></span> <span class='ocrx_word' id='word_1_154' title='bbox 1486 2252 1576 2290; x_wconf 87' lang='lat' dir='ltr'><strong>cur</strong></span> <span class='ocrx_word' id='word_1_155' title='bbox 1603 2252 1633 2290; x_wconf 74' lang='grc' dir='ltr'><strong><em>ο</em></strong></span> <span class='ocrx_word' id='word_1_156' title='bbox 1661 2235 1823 2290; x_wconf 84' lang='lat' dir='ltr'><strong>medio</strong></span> <span class='ocrx_word' id='word_1_157' title='bbox 1866 2237 2091 2288; x_wconf 85' lang='lat' dir='ltr'><strong>sublatus</strong></span> 
     </span>
    </p>
   </div>
   <div class='ocr_carea' id='block_1_22' title="bbox 515 2326 2111 2401">
    <p class='ocr_par' dir='ltr' id='par_1_22' title="bbox 515 2326 2111 2401">
     <span class='ocr_line' id='line_1_22' title="bbox 515 2326 2111 2401; baseline -0.003 -18"><span class='ocrx_word' id='word_1_158' title='bbox 515 2348 615 2384; x_wconf 88' lang='lat' dir='ltr'><strong>non</strong></span> <span class='ocrx_word' id='word_1_159' title='bbox 641 2331 703 2383; x_wconf 82' lang='lat' dir='ltr'><strong>sit</strong></span> <span class='ocrx_word' id='word_1_160' title='bbox 729 2331 994 2393; x_wconf 78' lang='lat' dir='ltr'><strong>diabolus;</strong></span> <span class='ocrx_word' id='word_1_161' title='bbox 1020 2339 1065 2383; x_wconf 87' lang='lat' dir='ltr'><strong>et</strong></span> <span class='ocrx_word' id='word_1_162' title='bbox 1085 2329 1220 2401; x_wconf 86' lang='lat' dir='ltr'><strong>quod</strong></span> <span class='ocrx_word' id='word_1_163' title='bbox 1244 2329 1398 2399; x_wconf 80' lang='lat' dir='ltr'><strong>hujus</strong></span> <span class='ocrx_word' id='word_1_164' title='bbox 1423 2328 1617 2381; x_wconf 88' lang='lat' dir='ltr'><strong>malitia</strong></span> <span class='ocrx_word' id='word_1_165' title='bbox 1644 2326 1773 2380; x_wconf 83' lang='lat' dir='ltr'><strong>nihil</strong></span> <span class='ocrx_word' id='word_1_166' title='bbox 1800 2342 1890 2380; x_wconf 85' lang='lat' dir='ltr'><strong>nos</strong></span> <span class='ocrx_word' id='word_1_167' title='bbox 1914 2326 2086 2392; x_wconf 73' lang='lat' dir='ltr'><strong>laedat,</strong></span> <span class='ocrx_word' id='word_1_168' title='bbox 2109 2354 2111 2358; x_wconf 47' lang='grc' dir='ltr'>έ</span> 
     </span>
    </p>
   </div>
   <div class='ocr_carea' id='block_1_23' title="bbox 512 2416 2088 2489">
    <p class='ocr_par' dir='ltr' id='par_1_23' title="bbox 512 2416 2088 2489">
     <span class='ocr_line' id='line_1_23' title="bbox 512 2416 2088 2489; baseline -0.005 -12"><span class='ocrx_word' id='word_1_169' title='bbox 512 2424 556 2477; x_wconf 84' lang='lat' dir='ltr'><strong>si</strong></span> <span class='ocrx_word' id='word_1_170' title='bbox 583 2423 932 2484; x_wconf 81' lang='lat' dir='ltr'><strong>attendamus;</strong></span> <span class='ocrx_word' id='word_1_171' title='bbox 964 2431 1009 2474; x_wconf 79' lang='lat' dir='ltr'><strong>et</strong></span> <span class='ocrx_word' id='word_1_172' title='bbox 1035 2421 1096 2474; x_wconf 84' lang='lat' dir='ltr'><strong>de</strong></span> <span class='ocrx_word' id='word_1_173' title='bbox 1134 2419 1441 2489; x_wconf 69' lang='lat' dir='ltr'><strong>pwnitentia.</strong></span> <span class='ocrx_word' id='word_1_174' title='bbox 1475 2418 1599 2472; x_wconf 83' lang='lat' dir='ltr'><strong>Haec</strong></span> <span class='ocrx_word' id='word_1_175' title='bbox 1624 2416 1889 2487; x_wconf 81' lang='lat' dir='ltr'><strong>probanda</strong></span> <span class='ocrx_word' id='word_1_176' title='bbox 1916 2417 2088 2470; x_wconf 89' lang='lat' dir='ltr'><strong>susci-</strong></span> 
     </span>
    </p>
   </div>
   <div class='ocr_carea' id='block_1_24' title="bbox 512 2507 2086 2583">
    <p class='ocr_par' dir='ltr' id='par_1_24' title="bbox 512 2507 2086 2583">
     <span class='ocr_line' id='line_1_24' title="bbox 512 2507 2086 2583; baseline -0.006 -16"><span class='ocrx_word' id='word_1_177' title='bbox 512 2515 591 2583; x_wconf 88' lang='lat' dir='ltr'><strong>pit</strong></span> <span class='ocrx_word' id='word_1_178' title='bbox 640 2512 1069 2583; x_wconf 83' lang='lat' dir='ltr'><strong>Clirysoslomus,</strong></span> <span class='ocrx_word' id='word_1_179' title='bbox 1125 2519 1180 2566; x_wconf 88' lang='lat' dir='ltr'><strong>et</strong></span> <span class='ocrx_word' id='word_1_180' title='bbox 1222 2509 1393 2580; x_wconf 88' lang='lat' dir='ltr'><strong>primo</strong></span> <span class='ocrx_word' id='word_1_181' title='bbox 1438 2508 1746 2564; x_wconf 80' lang='lat' dir='ltr'><strong>Flavianum</strong></span> <span class='ocrx_word' id='word_1_182' title='bbox 1783 2507 2086 2575; x_wconf 85' lang='lat' dir='ltr'><strong>episcopum</strong></span> 
     </span>
    </p>
   </div>
   <div class='ocr_carea' id='block_1_25' title="bbox 513 2596 2088 2674">
    <p class='ocr_par' dir='ltr' id='par_1_25' title="bbox 513 2596 2088 2674">
     <span class='ocr_line' id='line_1_25' title="bbox 513 2596 2088 2674; baseline -0.006 -16"><span class='ocrx_word' id='word_1_183' title='bbox 513 2615 825 2674; x_wconf 62' lang='lat' dir='ltr'><strong>praisentem</strong></span> <span class='ocrx_word' id='word_1_184' title='bbox 858 2603 1035 2657; x_wconf 87' lang='lat' dir='ltr'><strong>laudat</strong></span> <span class='ocrx_word' id='word_1_185' title='bbox 1062 2619 1090 2655; x_wconf 87' lang='lat' dir='ltr'><strong>a</strong></span> <span class='ocrx_word' id='word_1_186' title='bbox 1123 2603 1361 2667; x_wconf 88' lang='lat' dir='ltr'><strong>caritate,</strong></span> <span class='ocrx_word' id='word_1_187' title='bbox 1398 2614 1427 2654; x_wconf 92' lang='lat' dir='ltr'><strong>a</strong></span> <span class='ocrx_word' id='word_1_188' title='bbox 1452 2613 1657 2652; x_wconf 91' lang='lat' dir='ltr'><strong>summa</strong></span> <span class='ocrx_word' id='word_1_189' title='bbox 1684 2596 1964 2651; x_wconf 86' lang='lat' dir='ltr'><strong>modestia.</strong></span> <span class='ocrx_word' id='word_1_190' title='bbox 1998 2596 2088 2649; x_wconf 61' lang='lat' dir='ltr'><strong>Dio</strong></span> 
     </span>
    </p>
   </div>
   <div class='ocr_carea' id='block_1_26' title="bbox 512 2687 2086 2763">
    <p class='ocr_par' dir='ltr' id='par_1_26' title="bbox 512 2687 2086 2763">
     <span class='ocr_line' id='line_1_26' title="bbox 512 2687 2086 2763; baseline -0.004 -17"><span class='ocrx_word' id='word_1_191' title='bbox 512 2695 688 2763; x_wconf 89' lang='lat' dir='ltr'><strong>citque</strong></span> <span class='ocrx_word' id='word_1_192' title='bbox 734 2701 916 2761; x_wconf 84' lang='lat' dir='ltr'><strong>postea</strong></span> <span class='ocrx_word' id='word_1_193' title='bbox 960 2706 1066 2746; x_wconf 91' lang='lat' dir='ltr'><strong>non</strong></span> <span class='ocrx_word' id='word_1_194' title='bbox 1108 2692 1374 2746; x_wconf 88' lang='lat' dir='ltr'><strong>diabolum</strong></span> <span class='ocrx_word' id='word_1_195' title='bbox 1420 2689 1616 2743; x_wconf 66' lang='lat' dir='ltr'><strong>laedere</strong></span> <span class='ocrx_word' id='word_1_196' title='bbox 1656 2688 1945 2754; x_wconf 86' lang='lat' dir='ltr'><strong>hominem,</strong></span> <span class='ocrx_word' id='word_1_197' title='bbox 1995 2687 2086 2741; x_wconf 91' lang='lat' dir='ltr'><strong>sed</strong></span> 
     </span>
    </p>
   </div>
   <div class='ocr_carea' id='block_1_27' title="bbox 511 2778 2090 2852">
    <p class='ocr_par' dir='ltr' id='par_1_27' title="bbox 511 2778 2090 2852">
     <span class='ocr_line' id='line_1_27' title="bbox 511 2778 2090 2852; baseline -0.004 -14"><span class='ocrx_word' id='word_1_198' title='bbox 511 2799 774 2838; x_wconf 78' lang='lat' dir='ltr'><strong>summam</strong></span> <span class='ocrx_word' id='word_1_199' title='bbox 802 2784 1032 2837; x_wconf 86' lang='lat' dir='ltr'><strong>hominis</strong></span> <span class='ocrx_word' id='word_1_200' title='bbox 1059 2781 1339 2852; x_wconf 86' lang='lat' dir='ltr'><strong>ignaviain,</strong></span> <span class='ocrx_word' id='word_1_201' title='bbox 1369 2796 1488 2850; x_wconf 74' lang='lat' dir='ltr'><strong>qua:</strong></span> <span class='ocrx_word' id='word_1_202' title='bbox 1513 2788 1568 2834; x_wconf 89' lang='lat' dir='ltr'><strong>et</strong></span> <span class='ocrx_word' id='word_1_203' title='bbox 1594 2787 1794 2833; x_wconf 86' lang='lat' dir='ltr'><strong>rectum</strong></span> <span class='ocrx_word' id='word_1_204' title='bbox 1823 2778 2090 2833; x_wconf 87' lang='lat' dir='ltr'><strong>membro-</strong></span> 
     </span>
    </p>
   </div>
   <div class='ocr_carea' id='block_1_28' title="bbox 513 2871 2091 2943">
    <p class='ocr_par' dir='ltr' id='par_1_28' title="bbox 513 2871 2091 2943">
     <span class='ocr_line' id='line_1_28' title="bbox 513 2871 2091 2943; baseline -0.003 -13"><span class='ocrx_word' id='word_1_205' title='bbox 513 2891 629 2930; x_wconf 79' lang='lat' dir='ltr'><strong>rum</strong></span> <span class='ocrx_word' id='word_1_206' title='bbox 656 2892 808 2931; x_wconf 82' lang='lat' dir='ltr'><strong>usum</strong></span> <span class='ocrx_word' id='word_1_207' title='bbox 839 2877 1152 2943; x_wconf 86' lang='lat' dir='ltr'><strong>corrumpit,</strong></span> <span class='ocrx_word' id='word_1_208' title='bbox 1185 2883 1240 2928; x_wconf 88' lang='lat' dir='ltr'><strong>et</strong></span> <span class='ocrx_word' id='word_1_209' title='bbox 1277 2872 1381 2927; x_wconf 90' lang='lat' dir='ltr'><strong>alia</strong></span> <span class='ocrx_word' id='word_1_210' title='bbox 1411 2873 1656 2941; x_wconf 82' lang='lat' dir='ltr'><strong>importat</strong></span> <span class='ocrx_word' id='word_1_211' title='bbox 1696 2871 1851 2924; x_wconf 91' lang='lat' dir='ltr'><strong>mala.</strong></span> <span class='ocrx_word' id='word_1_212' title='bbox 1881 2871 2091 2925; x_wconf 82' lang='lat' dir='ltr'><strong>Claudit</strong></span> 
     </span>
    </p>
   </div>
   <div class='ocr_carea' id='block_1_29' title="bbox 511 2963 2086 3036">
    <p class='ocr_par' dir='ltr' id='par_1_29' title="bbox 511 2963 2086 3036">
     <span class='ocr_line' id='line_1_29' title="bbox 511 2963 2086 3036; baseline -0.003 -16"><span class='ocrx_word' id='word_1_213' title='bbox 511 2983 639 3022; x_wconf 88' lang='lat' dir='ltr'><strong>vero</strong></span> <span class='ocrx_word' id='word_1_214' title='bbox 667 2982 968 3023; x_wconf 81' lang='lat' dir='ltr'><strong>sermonem</strong></span> <span class='ocrx_word' id='word_1_215' title='bbox 995 2967 1178 3021; x_wconf 86' lang='lat' dir='ltr'><strong>dicens</strong></span> <span class='ocrx_word' id='word_1_216' title='bbox 1199 2966 1431 3036; x_wconf 90' lang='lat' dir='ltr'><strong>quinque</strong></span> <span class='ocrx_word' id='word_1_217' title='bbox 1451 2978 1569 3018; x_wconf 88' lang='lat' dir='ltr'><strong>esse</strong></span> <span class='ocrx_word' id='word_1_218' title='bbox 1596 2963 1917 3033; x_wconf 67' lang='lat' dir='ltr'><strong>poenitentia:</strong></span> <span class='ocrx_word' id='word_1_219' title='bbox 1940 2963 2086 3026; x_wconf 89' lang='lat' dir='ltr'><strong>vias;</strong></span> 
     </span>
    </p>
   </div>
   <div class='ocr_carea' id='block_1_30' title="bbox 512 3057 2087 3130">
    <p class='ocr_par' dir='ltr' id='par_1_30' title="bbox 512 3057 2087 3130">
     <span class='ocr_line' id='line_1_30' title="bbox 512 3057 2087 3130; baseline -0.003 -19"><span class='ocrx_word' id='word_1_220' title='bbox 512 3061 734 3130; x_wconf 84' lang='lat' dir='ltr'><strong>primam</strong></span> <span class='ocrx_word' id='word_1_221' title='bbox 782 3072 990 3127; x_wconf 86' lang='lat' dir='ltr'><strong>nempe,</strong></span> <span class='ocrx_word' id='word_1_222' title='bbox 1035 3057 1427 3111; x_wconf 90' lang='lat' dir='ltr'><strong>damnationem</strong></span> <span class='ocrx_word' id='word_1_223' title='bbox 1472 3064 1842 3124; x_wconf 84' lang='lat' dir='ltr'><strong>peccatorum;</strong></span> <span class='ocrx_word' id='word_1_224' title='bbox 1896 3068 2087 3108; x_wconf 80' lang='lat' dir='ltr'><strong>secun-</strong></span> 
     </span>
    </p>
   </div>
   <div class='ocr_carea' id='block_1_31' title="bbox 512 3149 2090 3221">
    <p class='ocr_par' dir='ltr' id='par_1_31' title="bbox 512 3149 2090 3221">
     <span class='ocr_line' id='line_1_31' title="bbox 512 3149 2090 3221; baseline -0.002 -16"><span class='ocrx_word' id='word_1_225' title='bbox 512 3153 656 3220; x_wconf 83' lang='lat' dir='ltr'><strong>dam,</strong></span> <span class='ocrx_word' id='word_1_226' title='bbox 684 3154 726 3205; x_wconf 91' lang='lat' dir='ltr'><strong>si</strong></span> <span class='ocrx_word' id='word_1_227' title='bbox 757 3161 1090 3221; x_wconf 89' lang='lat' dir='ltr'><strong>acceptarum</strong></span> <span class='ocrx_word' id='word_1_228' title='bbox 1116 3166 1143 3203; x_wconf 91' lang='lat' dir='ltr'><strong>a</strong></span> <span class='ocrx_word' id='word_1_229' title='bbox 1175 3151 1417 3219; x_wconf 85' lang='lat' dir='ltr'><strong>proximo</strong></span> <span class='ocrx_word' id='word_1_230' title='bbox 1445 3149 1753 3220; x_wconf 72' lang='lat' dir='ltr'><strong>iniuriarum</strong></span> <span class='ocrx_word' id='word_1_231' title='bbox 1782 3163 1889 3204; x_wconf 92' lang='lat' dir='ltr'><strong>non</strong></span> <span class='ocrx_word' id='word_1_232' title='bbox 1913 3162 2090 3204; x_wconf 83' lang='lat' dir='ltr'><strong>recor-</strong></span> 
     </span>
    </p>
   </div>
   <div class='ocr_carea' id='block_1_32' title="bbox 512 3243 2086 3311">
    <p class='ocr_par' dir='ltr' id='par_1_32' title="bbox 512 3243 2086 3311">
     <span class='ocr_line' id='line_1_32' title="bbox 512 3243 2086 3311; baseline -0.003 -12"><span class='ocrx_word' id='word_1_233' title='bbox 512 3246 732 3308; x_wconf 82' lang='lat' dir='ltr'><strong>demur;</strong></span> <span class='ocrx_word' id='word_1_234' title='bbox 762 3244 991 3311; x_wconf 85' lang='lat' dir='ltr'><strong>tertiam,</strong></span> <span class='ocrx_word' id='word_1_235' title='bbox 1018 3245 1311 3299; x_wconf 89' lang='lat' dir='ltr'><strong>orationem</strong></span> <span class='ocrx_word' id='word_1_236' title='bbox 1340 3243 1627 3298; x_wconf 86' lang='lat' dir='ltr'><strong>ferventem</strong></span> <span class='ocrx_word' id='word_1_237' title='bbox 1667 3253 1721 3297; x_wconf 89' lang='lat' dir='ltr'><strong>et</strong></span> <span class='ocrx_word' id='word_1_238' title='bbox 1750 3252 2086 3305; x_wconf 86' lang='lat' dir='ltr'><strong>accuratam;</strong></span> 
     </span>
    </p>
   </div>
   <div class='ocr_carea' id='block_1_33' title="bbox 513 3334 2088 3406">
    <p class='ocr_par' dir='ltr' id='par_1_33' title="bbox 513 3334 2088 3406">
     <span class='ocr_line' id='line_1_33' title="bbox 513 3334 2088 3406; baseline -0.001 -16"><span class='ocrx_word' id='word_1_239' title='bbox 513 3345 778 3405; x_wconf 81' lang='lat' dir='ltr'><strong>quartam,</strong></span> <span class='ocrx_word' id='word_1_240' title='bbox 807 3336 1201 3406; x_wconf 77' lang='lat' dir='ltr'><strong>eleemosynam</strong></span> <span class='ocrx_word' id='word_1_241' title='bbox 1226 3353 1240 3402; x_wconf 90' lang='lat'><strong>;</strong></span> <span class='ocrx_word' id='word_1_242' title='bbox 1273 3336 1527 3406; x_wconf 89' lang='lat' dir='ltr'><strong>quintam,</strong></span> <span class='ocrx_word' id='word_1_243' title='bbox 1558 3334 1869 3390; x_wconf 88' lang='lat' dir='ltr'><strong>modestiam</strong></span> <span class='ocrx_word' id='word_1_244' title='bbox 1907 3342 1961 3389; x_wconf 85' lang='lat' dir='ltr'><strong>et</strong></span> <span class='ocrx_word' id='word_1_245' title='bbox 1987 3334 2088 3389; x_wconf 87' lang='lat' dir='ltr'><strong>hu-</strong></span> 
     </span>
    </p>
   </div>
   <div class='ocr_carea' id='block_1_34' title="bbox 514 3429 812 3484">
    <p class='ocr_par' dir='ltr' id='par_1_34' title="bbox 514 3429 812 3484">
     <span class='ocr_line' id='line_1_34' title="bbox 514 3429 812 3484; baseline -0.01 0"><span class='ocrx_word' id='word_1_246' title='bbox 514 3429 812 3484; x_wconf 76' lang='lat' dir='ltr'><strong>utilitatem.</strong></span> 
     </span>
    </p>
   </div>
   <div class='ocr_carea' id='block_1_35' title="bbox 585 3520 2090 3590">
    <p class='ocr_par' dir='ltr' id='par_1_35' title="bbox 585 3520 2090 3590">
     <span class='ocr_line' id='line_1_35' title="bbox 585 3520 2090 3590; baseline -0.001 -15"><span class='ocrx_word' id='word_1_247' title='bbox 585 3520 905 3575; x_wconf 85' lang='lat' dir='ltr'><strong>Concionem</strong></span> <span class='ocrx_word' id='word_1_248' title='bbox 945 3529 1251 3589; x_wconf 79' lang='lat' dir='ltr'><strong>sequentem</strong></span> <span class='ocrx_word' id='word_1_249' title='bbox 1298 3520 1365 3574; x_wconf 90' lang='lat' dir='ltr'><strong>de</strong></span> <span class='ocrx_word' id='word_1_250' title='bbox 1408 3520 1611 3590; x_wconf 78' lang='lat' dir='ltr'><strong>ignavia</strong></span> <span class='ocrx_word' id='word_1_251' title='bbox 1645 3520 1804 3575; x_wconf 86' lang='lat' dir='ltr'><strong>biduo</strong></span> <span class='ocrx_word' id='word_1_252' title='bbox 1847 3528 1966 3589; x_wconf 91' lang='lat' dir='ltr'><strong>post</strong></span> <span class='ocrx_word' id='word_1_253' title='bbox 2005 3535 2090 3574; x_wconf 88' lang='lat' dir='ltr'><strong>sc-</strong></span> 
     </span>
    </p>
   </div>
   <div class='ocr_carea' id='block_1_36' title="bbox 515 3611 2090 3681">
    <p class='ocr_par' dir='ltr' id='par_1_36' title="bbox 515 3611 2090 3681">
     <span class='ocr_line' id='line_1_36' title="bbox 515 3611 2090 3681; baseline -0.001 -17"><span class='ocrx_word' id='word_1_254' title='bbox 515 3612 738 3665; x_wconf 83' lang='lat' dir='ltr'><strong>eundam</strong></span> <span class='ocrx_word' id='word_1_255' title='bbox 765 3626 822 3665; x_wconf 88' lang='lat' dir='ltr'><strong>se</strong></span> <span class='ocrx_word' id='word_1_256' title='bbox 846 3611 1091 3666; x_wconf 84' lang='lat' dir='ltr'><strong>habuisse</strong></span> <span class='ocrx_word' id='word_1_257' title='bbox 1120 3613 1271 3665; x_wconf 89' lang='lat' dir='ltr'><strong>initio</strong></span> <span class='ocrx_word' id='word_1_258' title='bbox 1296 3613 1625 3675; x_wconf 77' lang='lat' dir='ltr'><strong>testificatur,</strong></span> <span class='ocrx_word' id='word_1_259' title='bbox 1652 3612 1777 3665; x_wconf 90' lang='lat' dir='ltr'><strong>dum</strong></span> <span class='ocrx_word' id='word_1_260' title='bbox 1802 3626 1865 3665; x_wconf 82' lang='lat' dir='ltr'><strong>ex</strong></span> <span class='ocrx_word' id='word_1_261' title='bbox 1893 3611 2090 3681; x_wconf 87' lang='lat' dir='ltr'><strong>populo</strong></span> 
     </span>
    </p>
   </div>
   <div class='ocr_carea' id='block_1_37' title="bbox 516 3702 2091 3772">
    <p class='ocr_par' dir='ltr' id='par_1_37' title="bbox 516 3702 2091 3772">
     <span class='ocr_line' id='line_1_37' title="bbox 516 3702 2091 3772; baseline 0.001 -17"><span class='ocrx_word' id='word_1_262' title='bbox 516 3703 666 3755; x_wconf 88' lang='lat' dir='ltr'><strong>multi</strong></span> <span class='ocrx_word' id='word_1_263' title='bbox 698 3702 762 3756; x_wconf 90' lang='lat' dir='ltr'><strong>ad</strong></span> <span class='ocrx_word' id='word_1_264' title='bbox 797 3702 1078 3757; x_wconf 88' lang='lat' dir='ltr'><strong>theatrales</strong></span> <span class='ocrx_word' id='word_1_265' title='bbox 1104 3702 1257 3757; x_wconf 88' lang='lat' dir='ltr'><strong>ludos</strong></span> <span class='ocrx_word' id='word_1_266' title='bbox 1299 3718 1358 3758; x_wconf 91' lang='lat' dir='ltr'><strong>se</strong></span> <span class='ocrx_word' id='word_1_267' title='bbox 1385 3704 1733 3769; x_wconf 88' lang='lat' dir='ltr'><strong>contulerant,</strong></span> <span class='ocrx_word' id='word_1_268' title='bbox 1770 3718 1904 3772; x_wconf 86' lang='lat' dir='ltr'><strong>quos</strong></span> <span class='ocrx_word' id='word_1_269' title='bbox 1934 3703 2091 3757; x_wconf 78' lang='lat' dir='ltr'><strong>velte-</strong></span> 
     </span>
    </p>
   </div>
   <div class='ocr_carea' id='block_1_38' title="bbox 516 3795 2092 3865">
    <p class='ocr_par' dir='ltr' id='par_1_38' title="bbox 516 3795 2092 3865">
     <span class='ocr_line' id='line_1_38' title="bbox 516 3795 2092 3865; baseline -0.001 -17"><span class='ocrx_word' id='word_1_270' title='bbox 516 3805 724 3849; x_wconf 87' lang='lat' dir='ltr'><strong>menter</strong></span> <span class='ocrx_word' id='word_1_271' title='bbox 761 3795 1066 3850; x_wconf 82' lang='lat' dir='ltr'><strong>insectatur.</strong></span> <span class='ocrx_word' id='word_1_272' title='bbox 1098 3796 1377 3865; x_wconf 87' lang='lat' dir='ltr'><strong>Postquam</strong></span> <span class='ocrx_word' id='word_1_273' title='bbox 1419 3805 1594 3850; x_wconf 88' lang='lat' dir='ltr'><strong>autem</strong></span> <span class='ocrx_word' id='word_1_274' title='bbox 1624 3796 1829 3850; x_wconf 78' lang='lat' dir='ltr'><strong>dixerat</strong></span> <span class='ocrx_word' id='word_1_275' title='bbox 1852 3795 2092 3849; x_wconf 83' lang='lat' dir='ltr'><strong>volunta-</strong></span> 
     </span>
    </p>
   </div>
   <div class='ocr_carea' id='block_1_39' title="bbox 519 3886 2092 3956">
    <p class='ocr_par' dir='ltr' id='par_1_39' title="bbox 519 3886 2092 3956">
     <span class='ocr_line' id='line_1_39' title="bbox 519 3886 2092 3956; baseline 0.002 -19"><span class='ocrx_word' id='word_1_276' title='bbox 519 3895 623 3939; x_wconf 87' lang='lat' dir='ltr'><strong>tem</strong></span> <span class='ocrx_word' id='word_1_277' title='bbox 668 3901 787 3940; x_wconf 88' lang='lat' dir='ltr'><strong>csse</strong></span> <span class='ocrx_word' id='word_1_278' title='bbox 828 3886 1117 3950; x_wconf 87' lang='lat' dir='ltr'><strong>dominam,</strong></span> <span class='ocrx_word' id='word_1_279' title='bbox 1166 3895 1221 3941; x_wconf 90' lang='lat' dir='ltr'><strong>et</strong></span> <span class='ocrx_word' id='word_1_280' title='bbox 1264 3901 1331 3941; x_wconf 87' lang='lat' dir='ltr'><strong>ex</strong></span> <span class='ocrx_word' id='word_1_281' title='bbox 1374 3887 1640 3941; x_wconf 81' lang='lat' dir='ltr'><strong>voluntate</strong></span> <span class='ocrx_word' id='word_1_282' title='bbox 1688 3887 1997 3956; x_wconf 82' lang='lat' dir='ltr'><strong>contingere</strong></span> <span class='ocrx_word' id='word_1_283' title='bbox 2037 3896 2092 3940; x_wconf 90' lang='lat' dir='ltr'><strong>ut</strong></span> 
     </span>
    </p>
   </div>
   <div class='ocr_carea' id='block_1_40' title="bbox 518 3976 2090 4047">
    <p class='ocr_par' dir='ltr' id='par_1_40' title="bbox 518 3976 2090 4047">
     <span class='ocr_line' id='line_1_40' title="bbox 518 3976 2090 4047; baseline 0.001 -18"><span class='ocrx_word' id='word_1_284' title='bbox 518 3977 640 4029; x_wconf 89' lang='lat' dir='ltr'><strong>mali</strong></span> <span class='ocrx_word' id='word_1_285' title='bbox 668 3991 786 4030; x_wconf 90' lang='lat' dir='ltr'><strong>cum</strong></span> <span class='ocrx_word' id='word_1_286' title='bbox 815 3976 966 4031; x_wconf 82' lang='lat' dir='ltr'><strong>bonis</strong></span> <span class='ocrx_word' id='word_1_287' title='bbox 997 3977 1239 4046; x_wconf 81' lang='lat' dir='ltr'><strong>permixti</strong></span> <span class='ocrx_word' id='word_1_288' title='bbox 1267 3978 1391 4041; x_wconf 90' lang='lat' dir='ltr'><strong>sint,</strong></span> <span class='ocrx_word' id='word_1_289' title='bbox 1429 3978 1616 4047; x_wconf 75' lang='lat' dir='ltr'><strong>qumrit</strong></span> <span class='ocrx_word' id='word_1_290' title='bbox 1639 3976 1827 4030; x_wconf 88' lang='lat' dir='ltr'><strong>iterum</strong></span> <span class='ocrx_word' id='word_1_291' title='bbox 1854 3992 1950 4032; x_wconf 89' lang='lat' dir='ltr'><strong>cur</strong></span> <span class='ocrx_word' id='word_1_292' title='bbox 1975 3978 2090 4031; x_wconf 88' lang='lat' dir='ltr'><strong>dia-</strong></span> 
     </span>
    </p>
   </div>
   <div class='ocr_carea' id='block_1_41' title="bbox 518 4067 2092 4138">
    <p class='ocr_par' dir='ltr' id='par_1_41' title="bbox 518 4067 2092 4138">
     <span class='ocr_line' id='line_1_41' title="bbox 518 4067 2092 4138; baseline 0.001 -18"><span class='ocrx_word' id='word_1_293' title='bbox 518 4067 672 4120; x_wconf 83' lang='lat' dir='ltr'><strong>bolus</strong></span> <span class='ocrx_word' id='word_1_294' title='bbox 715 4067 766 4120; x_wconf 90' lang='lat' dir='ltr'><strong>in</strong></span> <span class='ocrx_word' id='word_1_295' title='bbox 816 4068 991 4121; x_wconf 88' lang='lat' dir='ltr'><strong>medio</strong></span> <span class='ocrx_word' id='word_1_296' title='bbox 1030 4068 1375 4138; x_wconf 84' lang='lat' dir='ltr'><strong>relinquatur,</strong></span> <span class='ocrx_word' id='word_1_297' title='bbox 1425 4079 1478 4122; x_wconf 91' lang='lat' dir='ltr'><strong>et</strong></span> <span class='ocrx_word' id='word_1_298' title='bbox 1524 4067 1828 4136; x_wconf 85' lang='lat' dir='ltr'><strong>respondet,</strong></span> <span class='ocrx_word' id='word_1_299' title='bbox 1869 4069 1989 4137; x_wconf 87' lang='lat' dir='ltr'><strong>quia</strong></span> <span class='ocrx_word' id='word_1_300' title='bbox 2029 4069 2092 4122; x_wconf 91' lang='lat' dir='ltr'><strong>iis</strong></span> 
     </span>
    </p>
   </div>
   <div class='ocr_carea' id='block_1_42' title="bbox 520 4157 2091 4227">
    <p class='ocr_par' dir='ltr' id='par_1_42' title="bbox 520 4157 2091 4227">
     <span class='ocr_line' id='line_1_42' title="bbox 520 4157 2091 4227; baseline 0.003 -17"><span class='ocrx_word' id='word_1_301' title='bbox 520 4158 608 4225; x_wconf 86' lang='lat' dir='ltr'><strong>qui</strong></span> <span class='ocrx_word' id='word_1_302' title='bbox 641 4157 851 4227; x_wconf 77' lang='lat' dir='ltr'><strong>vigilant</strong></span> <span class='ocrx_word' id='word_1_303' title='bbox 878 4167 932 4213; x_wconf 93' lang='lat' dir='ltr'><strong>et</strong></span> <span class='ocrx_word' id='word_1_304' title='bbox 960 4160 1059 4212; x_wconf 83' lang='lat' dir='ltr'><strong>sibi</strong></span> <span class='ocrx_word' id='word_1_305' title='bbox 1097 4159 1393 4225; x_wconf 89' lang='lat' dir='ltr'><strong>attendunt,</strong></span> <span class='ocrx_word' id='word_1_306' title='bbox 1424 4175 1527 4213; x_wconf 90' lang='lat' dir='ltr'><strong>non</strong></span> <span class='ocrx_word' id='word_1_307' title='bbox 1570 4159 1729 4214; x_wconf 88' lang='lat' dir='ltr'><strong>modo</strong></span> <span class='ocrx_word' id='word_1_308' title='bbox 1756 4160 1887 4213; x_wconf 89' lang='lat' dir='ltr'><strong>nihil</strong></span> <span class='ocrx_word' id='word_1_309' title='bbox 1916 4170 2091 4227; x_wconf 86' lang='lat' dir='ltr'><strong>nocet,</strong></span> 
     </span>
    </p>
   </div>
   <div class='ocr_carea' id='block_1_43' title="bbox 520 4250 2092 4322">
    <p class='ocr_par' dir='ltr' id='par_1_43' title="bbox 520 4250 2092 4322">
     <span class='ocr_line' id='line_1_43' title="bbox 520 4250 2092 4322; baseline 0.001 -19"><span class='ocrx_word' id='word_1_310' title='bbox 520 4250 613 4303; x_wconf 83' lang='lat' dir='ltr'><strong>sed</strong></span> <span class='ocrx_word' id='word_1_311' title='bbox 643 4252 799 4304; x_wconf 87' lang='lat' dir='ltr'><strong>etiam</strong></span> <span class='ocrx_word' id='word_1_312' title='bbox 830 4252 969 4306; x_wconf 89' lang='lat' dir='ltr'><strong>utilis</strong></span> <span class='ocrx_word' id='word_1_313' title='bbox 995 4261 1094 4317; x_wconf 81' lang='lat' dir='ltr'><strong>est,</strong></span> <span class='ocrx_word' id='word_1_314' title='bbox 1123 4268 1228 4306; x_wconf 90' lang='lat' dir='ltr'><strong>non</strong></span> <span class='ocrx_word' id='word_1_315' title='bbox 1260 4268 1326 4307; x_wconf 86' lang='lat' dir='ltr'><strong>ex</strong></span> <span class='ocrx_word' id='word_1_316' title='bbox 1363 4253 1635 4306; x_wconf 85' lang='lat' dir='ltr'><strong>voluntate</strong></span> <span class='ocrx_word' id='word_1_317' title='bbox 1660 4267 1774 4317; x_wconf 90' lang='lat' dir='ltr'><strong>sua,</strong></span> <span class='ocrx_word' id='word_1_318' title='bbox 1803 4268 1920 4322; x_wconf 73' lang='lat' dir='ltr'><strong>qum</strong></span> <span class='ocrx_word' id='word_1_319' title='bbox 1959 4253 2092 4306; x_wconf 89' lang='lat' dir='ltr'><strong>mala</strong></span> 
     </span>
    </p>
   </div>
   <div class='ocr_carea' id='block_1_44' title="bbox 521 4337 2097 4414">
    <p class='ocr_par' dir='ltr' id='par_1_44' title="bbox 521 4337 2097 4414">
     <span class='ocr_line' id='line_1_44' title="bbox 521 4337 2097 4414; baseline 0.003 -19"><span class='ocrx_word' id='word_1_320' title='bbox 521 4352 621 4406; x_wconf 86' lang='lat' dir='ltr'><strong>est,</strong></span> <span class='ocrx_word' id='word_1_321' title='bbox 650 4337 744 4397; x_wconf 85' lang='lat' dir='ltr'><strong>sed</strong></span> <span class='ocrx_word' id='word_1_322' title='bbox 780 4358 845 4397; x_wconf 80' lang='lat' dir='ltr'><strong>ex</strong></span> <span class='ocrx_word' id='word_1_323' title='bbox 874 4343 1106 4412; x_wconf 87' lang='lat' dir='ltr'><strong>ipsorum</strong></span> <span class='ocrx_word' id='word_1_324' title='bbox 1148 4343 1475 4410; x_wconf 76' lang='lat' dir='ltr'><strong>fortitudine,</strong></span> <span class='ocrx_word' id='word_1_325' title='bbox 1508 4346 1595 4414; x_wconf 87' lang='lat' dir='ltr'><strong>qui</strong></span> <span class='ocrx_word' id='word_1_326' title='bbox 1642 4346 1757 4414; x_wconf 89' lang='lat' dir='ltr'><strong>ejus</strong></span> <span class='ocrx_word' id='word_1_327' title='bbox 1787 4346 2002 4408; x_wconf 88' lang='lat' dir='ltr'><strong>malitia,</strong></span> <span class='ocrx_word' id='word_1_328' title='bbox 2037 4354 2097 4399; x_wconf 89' lang='lat' dir='ltr'><strong>ut</strong></span> 
     </span>
    </p>
   </div>
   <div class='ocr_carea' id='block_1_45' title="bbox 522 4434 2096 4506">
    <p class='ocr_par' dir='ltr' id='par_1_45' title="bbox 522 4434 2096 4506">
     <span class='ocr_line' id='line_1_45' title="bbox 522 4434 2096 4506; baseline 0.003 -19"><span class='ocrx_word' id='word_1_329' title='bbox 522 4450 620 4503; x_wconf 86' lang='lat' dir='ltr'><strong>par</strong></span> <span class='ocrx_word' id='word_1_330' title='bbox 647 4443 747 4498; x_wconf 78' lang='lat' dir='ltr'><strong>est,</strong></span> <span class='ocrx_word' id='word_1_331' title='bbox 779 4443 1019 4499; x_wconf 88' lang='lat' dir='ltr'><strong>utuntur,</strong></span> <span class='ocrx_word' id='word_1_332' title='bbox 1063 4444 1118 4488; x_wconf 90' lang='lat' dir='ltr'><strong>ut</strong></span> <span class='ocrx_word' id='word_1_333' title='bbox 1140 4434 1276 4489; x_wconf 76' lang='lat' dir='ltr'><strong>Jobo</strong></span> <span class='ocrx_word' id='word_1_334' title='bbox 1302 4436 1541 4505; x_wconf 80' lang='lat' dir='ltr'><strong>contigit.</strong></span> <span class='ocrx_word' id='word_1_335' title='bbox 1574 4435 1930 4506; x_wconf 87' lang='lat' dir='ltr'><strong>llominesque</strong></span> <span class='ocrx_word' id='word_1_336' title='bbox 1953 4437 2096 4492; x_wconf 91' lang='lat' dir='ltr'><strong>solos</strong></span> 
     </span>
    </p>
   </div>
   <div class='ocr_carea' id='block_1_46' title="bbox 520 4525 2094 4596">
    <p class='ocr_par' dir='ltr' id='par_1_46' title="bbox 520 4525 2094 4596">
     <span class='ocr_line' id='line_1_46' title="bbox 520 4525 2094 4596; baseline -0.002 -16"><span class='ocrx_word' id='word_1_337' title='bbox 520 4525 650 4580; x_wconf 87' lang='lat' dir='ltr'><strong>dicit</strong></span> <span class='ocrx_word' id='word_1_338' title='bbox 687 4535 929 4579; x_wconf 90' lang='lat' dir='ltr'><strong>auctores</strong></span> <span class='ocrx_word' id='word_1_339' title='bbox 956 4540 1074 4581; x_wconf 88' lang='lat' dir='ltr'><strong>esse</strong></span> <span class='ocrx_word' id='word_1_340' title='bbox 1116 4525 1316 4596; x_wconf 87' lang='lat' dir='ltr'><strong>peccati</strong></span> <span class='ocrx_word' id='word_1_341' title='bbox 1345 4542 1512 4580; x_wconf 78' lang='lat' dir='ltr'><strong>:-nam</strong></span> <span class='ocrx_word' id='word_1_342' title='bbox 1553 4542 1618 4580; x_wconf 88' lang='lat' dir='ltr'><strong>ex</strong></span> <span class='ocrx_word' id='word_1_343' title='bbox 1646 4527 1933 4580; x_wconf 74' lang='lat' dir='ltr'><strong>voluntatis</strong></span> <span class='ocrx_word' id='word_1_344' title='bbox 1967 4541 2094 4596; x_wconf 88' lang='lat' dir='ltr'><strong>pro-</strong></span> 
     </span>
    </p>
   </div>
   <div class='ocr_carea' id='block_1_47' title="bbox 526 4615 2097 4687">
    <p class='ocr_par' dir='ltr' id='par_1_47' title="bbox 526 4615 2097 4687">
     <span class='ocr_line' id='line_1_47' title="bbox 526 4615 2097 4687; baseline 0.001 -18"><span class='ocrx_word' id='word_1_345' title='bbox 526 4616 698 4684; x_wconf 90' lang='lat' dir='ltr'><strong>posito</strong></span> <span class='ocrx_word' id='word_1_346' title='bbox 715 4615 841 4669; x_wconf 87' lang='lat' dir='ltr'><strong>boni</strong></span> <span class='ocrx_word' id='word_1_347' title='bbox 869 4615 952 4670; x_wconf 89' lang='lat' dir='ltr'><strong>vel</strong></span> <span class='ocrx_word' id='word_1_348' title='bbox 978 4616 1102 4669; x_wconf 89' lang='lat' dir='ltr'><strong>mali</strong></span> <span class='ocrx_word' id='word_1_349' title='bbox 1128 4630 1332 4671; x_wconf 90' lang='lat' dir='ltr'><strong>sumus.</strong></span> <span class='ocrx_word' id='word_1_350' title='bbox 1363 4616 1435 4670; x_wconf 90' lang='lat' dir='ltr'><strong>De</strong></span> <span class='ocrx_word' id='word_1_351' title='bbox 1460 4616 1594 4671; x_wconf 81' lang='lat' dir='ltr'><strong>Jobo</strong></span> <span class='ocrx_word' id='word_1_352' title='bbox 1630 4626 1809 4687; x_wconf 88' lang='lat' dir='ltr'><strong>postea</strong></span> <span class='ocrx_word' id='word_1_353' title='bbox 1838 4617 2000 4671; x_wconf 89' lang='lat' dir='ltr'><strong>multa</strong></span> <span class='ocrx_word' id='word_1_354' title='bbox 2019 4617 2097 4671; x_wconf 87' lang='lat' dir='ltr'><strong>di-</strong></span> 
     </span>
    </p>
   </div>
   <div class='ocr_carea' id='block_1_48' title="bbox 522 4707 2099 4779">
    <p class='ocr_par' dir='ltr' id='par_1_48' title="bbox 522 4707 2099 4779">
     <span class='ocr_line' id='line_1_48' title="bbox 522 4707 2099 4779; baseline 0.001 -17"><span class='ocrx_word' id='word_1_355' title='bbox 522 4710 627 4774; x_wconf 86' lang='lat' dir='ltr'><strong>cit;</strong></span> <span class='ocrx_word' id='word_1_356' title='bbox 669 4707 887 4777; x_wconf 81' lang='lat' dir='ltr'><strong>ejusque</strong></span> <span class='ocrx_word' id='word_1_357' title='bbox 925 4709 1231 4777; x_wconf 87' lang='lat' dir='ltr'><strong>patientiam</strong></span> <span class='ocrx_word' id='word_1_358' title='bbox 1281 4709 1336 4761; x_wconf 88' lang='lat' dir='ltr'><strong>in</strong></span> <span class='ocrx_word' id='word_1_359' title='bbox 1385 4710 1686 4778; x_wconf 78' lang='lat' dir='ltr'><strong>exemplum</strong></span> <span class='ocrx_word' id='word_1_360' title='bbox 1733 4709 1997 4779; x_wconf 88' lang='lat' dir='ltr'><strong>proponit,</strong></span> <span class='ocrx_word' id='word_1_361' title='bbox 2042 4719 2099 4763; x_wconf 88' lang='lat' dir='ltr'><strong>ut</strong></span> 
     </span>
    </p>
   </div>
   <div class='ocr_carea' id='block_1_49' title="bbox 522 4798 2098 4870">
    <p class='ocr_par' dir='ltr' id='par_1_49' title="bbox 522 4798 2098 4870">
     <span class='ocr_line' id='line_1_49' title="bbox 522 4798 2098 4870; baseline 0.003 -20"><span class='ocrx_word' id='word_1_362' title='bbox 522 4814 641 4867; x_wconf 81' lang='lat' dir='ltr'><strong>quae</strong></span> <span class='ocrx_word' id='word_1_363' title='bbox 687 4798 934 4851; x_wconf 88' lang='lat' dir='ltr'><strong>omnibus</strong></span> <span class='ocrx_word' id='word_1_364' title='bbox 980 4798 1330 4853; x_wconf 89' lang='lat' dir='ltr'><strong>consolationi</strong></span> <span class='ocrx_word' id='word_1_365' title='bbox 1371 4813 1491 4854; x_wconf 88' lang='lat' dir='ltr'><strong>esse</strong></span> <span class='ocrx_word' id='word_1_366' title='bbox 1541 4801 1708 4870; x_wconf 88' lang='lat' dir='ltr'><strong>possit</strong></span> <span class='ocrx_word' id='word_1_367' title='bbox 1737 4817 1749 4853; x_wconf 91' lang='lat'><strong>:</strong></span> <span class='ocrx_word' id='word_1_368' title='bbox 1778 4800 2098 4870; x_wconf 77' lang='lat' dir='ltr'><strong>domumque</strong></span> 
     </span>
    </p>
   </div>
   <div class='ocr_carea' id='block_1_50' title="bbox 520 4888 2099 4960">
    <p class='ocr_par' dir='ltr' id='par_1_50' title="bbox 520 4888 2099 4960">
     <span class='ocr_line' id='line_1_50' title="bbox 520 4888 2099 4960; baseline 0.001 -17"><span class='ocrx_word' id='word_1_369' title='bbox 520 4889 719 4943; x_wconf 88' lang='lat' dir='ltr'><strong>claudit</strong></span> <span class='ocrx_word' id='word_1_370' title='bbox 745 4888 948 4955; x_wconf 88' lang='lat' dir='ltr'><strong>dicens,</strong></span> <span class='ocrx_word' id='word_1_371' title='bbox 974 4904 1095 4944; x_wconf 91' lang='lat' dir='ltr'><strong>cum</strong></span> <span class='ocrx_word' id='word_1_372' title='bbox 1116 4889 1346 4958; x_wconf 85' lang='lat' dir='ltr'><strong>Spiritus</strong></span> <span class='ocrx_word' id='word_1_373' title='bbox 1368 4891 1533 4960; x_wconf 84' lang='lat' dir='ltr'><strong>gratia</strong></span> <span class='ocrx_word' id='word_1_374' title='bbox 1556 4890 1791 4945; x_wconf 83' lang='lat' dir='ltr'><strong>faciliora</strong></span> <span class='ocrx_word' id='word_1_375' title='bbox 1811 4892 2099 4947; x_wconf 84' lang='lat' dir='ltr'><strong>certamina</strong></span> 
     </span>
    </p>
   </div>
   <div class='ocr_carea' id='block_1_51' title="bbox 480 4976 2100 5051">
    <p class='ocr_par' dir='ltr' id='par_1_51' title="bbox 480 4976 2100 5051">
     <span class='ocr_line' id='line_1_51' title="bbox 480 4976 2100 5051; baseline 0.002 -20"><span class='ocrx_word' id='word_1_376' title='bbox 480 4976 503 4986; x_wconf 77' lang='lat'><em>’</em></span> <span class='ocrx_word' id='word_1_377' title='bbox 524 4984 701 5036; x_wconf 78' lang='lat' dir='ltr'><strong>omnia</strong></span> <span class='ocrx_word' id='word_1_378' title='bbox 729 4995 871 5047; x_wconf 88' lang='lat' dir='ltr'><strong>esse,</strong></span> <span class='ocrx_word' id='word_1_379' title='bbox 900 4982 1235 5050; x_wconf 71' lang='lat' dir='ltr'><strong>maximeque</strong></span> <span class='ocrx_word' id='word_1_380' title='bbox 1276 4992 1393 5051; x_wconf 89' lang='lat' dir='ltr'><strong>post</strong></span> <span class='ocrx_word' id='word_1_381' title='bbox 1417 4983 1702 5037; x_wconf 82' lang='lat' dir='ltr'><strong>adventum</strong></span> <span class='ocrx_word' id='word_1_382' title='bbox 1729 4982 1947 5048; x_wconf 84' lang='lat' dir='ltr'><strong>Christi,</strong></span> <span class='ocrx_word' id='word_1_383' title='bbox 1978 4997 2100 5037; x_wconf 87' lang='lat' dir='ltr'><strong>cum</strong></span> 
     </span>
    </p>
   </div>
   <div class='ocr_carea' id='block_1_52' title="bbox 522 5072 1302 5141">
    <p class='ocr_par' dir='ltr' id='par_1_52' title="bbox 522 5072 1302 5141">
     <span class='ocr_line' id='line_1_52' title="bbox 522 5072 1302 5141; baseline 0.003 -16"><span class='ocrx_word' id='word_1_384' title='bbox 522 5074 689 5141; x_wconf 75' lang='lat' dir='ltr'><strong>gratia</strong></span> <span class='ocrx_word' id='word_1_385' title='bbox 712 5073 796 5125; x_wconf 88' lang='lat' dir='ltr'><strong>illa</strong></span> <span class='ocrx_word' id='word_1_386' title='bbox 826 5072 1181 5126; x_wconf 87' lang='lat' dir='ltr'><strong>abundantior</strong></span> <span class='ocrx_word' id='word_1_387' title='bbox 1199 5081 1302 5127; x_wconf 90' lang='lat' dir='ltr'><strong>est.</strong></span> 
     </span>
    </p>
   </div>
   <div class='ocr_carea' id='block_1_53' title="bbox 599 5162 2100 5232">
    <p class='ocr_par' dir='ltr' id='par_1_53' title="bbox 599 5162 2100 5232">
     <span class='ocr_line' id='line_1_53' title="bbox 599 5162 2100 5232; baseline 0.001 -16"><span class='ocrx_word' id='word_1_388' title='bbox 599 5162 862 5217; x_wconf 83' lang='lat' dir='ltr'><strong>Hactenus</strong></span> <span class='ocrx_word' id='word_1_389' title='bbox 890 5177 1086 5216; x_wconf 90' lang='lat' dir='ltr'><strong>annum</strong></span> <span class='ocrx_word' id='word_1_390' title='bbox 1123 5171 1177 5217; x_wconf 91' lang='lat' dir='ltr'><strong>et</strong></span> <span class='ocrx_word' id='word_1_391' title='bbox 1212 5162 1526 5231; x_wconf 84' lang='lat' dir='ltr'><strong>plerumque</strong></span> <span class='ocrx_word' id='word_1_392' title='bbox 1552 5162 1711 5227; x_wconf 90' lang='lat' dir='ltr'><strong>diem,</strong></span> <span class='ocrx_word' id='word_1_393' title='bbox 1740 5178 1845 5232; x_wconf 92' lang='lat' dir='ltr'><strong>quo</strong></span> <span class='ocrx_word' id='word_1_394' title='bbox 1882 5163 2100 5217; x_wconf 90' lang='lat' dir='ltr'><strong>concio-</strong></span> 
     </span>
    </p>
   </div>
   <div class='ocr_carea' id='block_1_54' title="bbox 528 5252 2102 5324">
    <p class='ocr_par' dir='ltr' id='par_1_54' title="bbox 528 5252 2102 5324">
     <span class='ocr_line' id='line_1_54' title="bbox 528 5252 2102 5324; baseline 0.003 -19"><span class='ocrx_word' id='word_1_395' title='bbox 528 5268 625 5308; x_wconf 84' lang='lat' dir='ltr'><strong>nes</strong></span> <span class='ocrx_word' id='word_1_396' title='bbox 650 5252 805 5308; x_wconf 80' lang='lat' dir='ltr'><strong>dictae</strong></span> <span class='ocrx_word' id='word_1_397' title='bbox 830 5253 1058 5317; x_wconf 88' lang='lat' dir='ltr'><strong>fuerant,</strong></span> <span class='ocrx_word' id='word_1_398' title='bbox 1095 5254 1302 5324; x_wconf 88' lang='lat' dir='ltr'><strong>sequuti</strong></span> <span class='ocrx_word' id='word_1_399' title='bbox 1332 5269 1534 5318; x_wconf 88' lang='lat' dir='ltr'><strong>sumus,</strong></span> <span class='ocrx_word' id='word_1_400' title='bbox 1569 5254 1830 5309; x_wconf 88' lang='lat' dir='ltr'><strong>interdum</strong></span> <span class='ocrx_word' id='word_1_401' title='bbox 1858 5269 1961 5309; x_wconf 88' lang='lat' dir='ltr'><strong>non</strong></span> <span class='ocrx_word' id='word_1_402' title='bbox 1999 5255 2102 5310; x_wconf 87' lang='lat' dir='ltr'><strong>du-</strong></span> 
     </span>
    </p>
   </div>
   <div class='ocr_carea' id='block_1_55' title="bbox 528 5344 2103 5417">
    <p class='ocr_par' dir='ltr' id='par_1_55' title="bbox 528 5344 2103 5417">
     <span class='ocr_line' id='line_1_55' title="bbox 528 5344 2103 5417; baseline 0.003 -19"><span class='ocrx_word' id='word_1_403' title='bbox 528 5344 631 5398; x_wconf 88' lang='lat' dir='ltr'><strong>biis</strong></span> <span class='ocrx_word' id='word_1_404' title='bbox 664 5345 892 5409; x_wconf 84' lang='lat' dir='ltr'><strong>indiciis,</strong></span> <span class='ocrx_word' id='word_1_405' title='bbox 936 5346 1223 5416; x_wconf 83' lang='lat' dir='ltr'><strong>aliquando</strong></span> <span class='ocrx_word' id='word_1_406' title='bbox 1253 5360 1318 5400; x_wconf 87' lang='lat' dir='ltr'><strong>ex</strong></span> <span class='ocrx_word' id='word_1_407' title='bbox 1345 5346 1647 5416; x_wconf 84' lang='lat' dir='ltr'><strong>conjectura</strong></span> <span class='ocrx_word' id='word_1_408' title='bbox 1673 5357 1876 5402; x_wconf 88' lang='lat' dir='ltr'><strong>tantum</strong></span> <span class='ocrx_word' id='word_1_409' title='bbox 1903 5366 1918 5400; x_wconf 89' lang='lat'><strong>:</strong></span> <span class='ocrx_word' id='word_1_410' title='bbox 1945 5357 2103 5417; x_wconf 87' lang='lat' dir='ltr'><strong>atque</strong></span> 
     </span>
    </p>
   </div>
   <div class='ocr_carea' id='block_1_56' title="bbox 527 5436 2105 5509">
    <p class='ocr_par' dir='ltr' id='par_1_56' title="bbox 527 5436 2105 5509">
     <span class='ocr_line' id='line_1_56' title="bbox 527 5436 2105 5509; baseline 0.002 -20"><span class='ocrx_word' id='word_1_411' title='bbox 527 5436 595 5490; x_wconf 86' lang='lat' dir='ltr'><strong>ad</strong></span> <span class='ocrx_word' id='word_1_412' title='bbox 639 5452 834 5491; x_wconf 89' lang='lat' dir='ltr'><strong>annum</strong></span> <span class='ocrx_word' id='word_1_413' title='bbox 876 5437 983 5494; x_wconf 88' lang='grc'>588</span> <span class='ocrx_word' id='word_1_414' title='bbox 1024 5439 1101 5492; x_wconf 87' lang='lat' dir='ltr'><strong>sic</strong></span> <span class='ocrx_word' id='word_1_415' title='bbox 1139 5438 1494 5509; x_wconf 88' lang='lat' dir='ltr'><strong>pervenimus.</strong></span> <span class='ocrx_word' id='word_1_416' title='bbox 1541 5437 1723 5508; x_wconf 86' lang='lat' dir='ltr'><strong>Neque</strong></span> <span class='ocrx_word' id='word_1_417' title='bbox 1751 5439 1966 5496; x_wconf 85' lang='lat' dir='ltr'><strong>dubium</strong></span> <span class='ocrx_word' id='word_1_418' title='bbox 2009 5455 2105 5493; x_wconf 92' lang='lat' dir='ltr'><strong>an-</strong></span> 
     </span>
    </p>
   </div>
   <div class='ocr_carea' id='block_1_57' title="bbox 500 5527 2103 5599">
    <p class='ocr_par' dir='ltr' id='par_1_57' title="bbox 500 5527 2103 5599">
     <span class='ocr_line' id='line_1_57' title="bbox 500 5527 2103 5599; baseline 0.002 -19"><span class='ocrx_word' id='word_1_419' title='bbox 500 5545 506 5551; x_wconf 93' lang='grc'><strong>·</strong></span> <span class='ocrx_word' id='word_1_420' title='bbox 530 5527 614 5580; x_wconf 88' lang='lat' dir='ltr'><strong>nis</strong></span> <span class='ocrx_word' id='word_1_421' title='bbox 647 5528 772 5594; x_wconf 84' lang='grc'>589,</span> <span class='ocrx_word' id='word_1_422' title='bbox 805 5528 931 5594; x_wconf 83' lang='grc'>590,</span> <span class='ocrx_word' id='word_1_423' title='bbox 960 5528 1083 5591; x_wconf 76' lang='grc'>591,</span> <span class='ocrx_word' id='word_1_424' title='bbox 1116 5527 1438 5583; x_wconf 86' lang='lat' dir='ltr'><strong>indefessum</strong></span> <span class='ocrx_word' id='word_1_425' title='bbox 1467 5538 1731 5584; x_wconf 85' lang='lat' dir='ltr'><strong>oratorem</strong></span> <span class='ocrx_word' id='word_1_426' title='bbox 1759 5528 1826 5584; x_wconf 88' lang='lat' dir='ltr'><strong>ad</strong></span> <span class='ocrx_word' id='word_1_427' title='bbox 1851 5530 2103 5599; x_wconf 76' lang='lat' dir='ltr'><strong>pupulum</strong></span> 
     </span>
    </p>
   </div>
   <div class='ocr_carea' id='block_1_58' title="bbox 534 5618 2106 5689">
    <p class='ocr_par' dir='ltr' id='par_1_58' title="bbox 534 5618 2106 5689">
     <span class='ocr_line' id='line_1_58' title="bbox 534 5618 2106 5689; baseline 0.003 -18"><span class='ocrx_word' id='word_1_428' title='bbox 534 5618 921 5672; x_wconf 79' lang='lat' dir='ltr'><strong>Antiochenam</strong></span> <span class='ocrx_word' id='word_1_429' title='bbox 960 5619 1153 5674; x_wconf 89' lang='lat' dir='ltr'><strong>multas</strong></span> <span class='ocrx_word' id='word_1_430' title='bbox 1194 5634 1258 5674; x_wconf 90' lang='lat' dir='ltr'><strong>ex</strong></span> <span class='ocrx_word' id='word_1_431' title='bbox 1302 5620 1367 5673; x_wconf 89' lang='lat' dir='ltr'><strong>iis</strong></span> <span class='ocrx_word' id='word_1_432' title='bbox 1391 5633 1510 5688; x_wconf 61' lang='lat' dir='ltr'><strong>quae</strong></span> <span class='ocrx_word' id='word_1_433' title='bbox 1550 5628 1835 5689; x_wconf 83' lang='lat' dir='ltr'><strong>supersunt</strong></span> <span class='ocrx_word' id='word_1_434' title='bbox 1858 5618 2106 5675; x_wconf 81' lang='lat' dir='ltr'><strong>habuisse</strong></span> 
     </span>
    </p>
   </div>
   <div class='ocr_carea' id='block_1_59' title="bbox 531 5708 2106 5781">
    <p class='ocr_par' dir='ltr' id='par_1_59' title="bbox 531 5708 2106 5781">
     <span class='ocr_line' id='line_1_59' title="bbox 531 5708 2106 5781; baseline 0.003 -19"><span class='ocrx_word' id='word_1_435' title='bbox 531 5711 835 5776; x_wconf 89' lang='lat' dir='ltr'><strong>conciones,</strong></span> <span class='ocrx_word' id='word_1_436' title='bbox 874 5726 991 5781; x_wconf 83' lang='lat' dir='ltr'><strong>quae</strong></span> <span class='ocrx_word' id='word_1_437' title='bbox 1029 5710 1226 5765; x_wconf 89' lang='lat' dir='ltr'><strong>nullam</strong></span> <span class='ocrx_word' id='word_1_438' title='bbox 1262 5710 1346 5766; x_wconf 88' lang='lat' dir='ltr'><strong>vel</strong></span> <span class='ocrx_word' id='word_1_439' title='bbox 1393 5708 1517 5765; x_wconf 81' lang='lat' dir='ltr'><strong>anni</strong></span> <span class='ocrx_word' id='word_1_440' title='bbox 1542 5709 1626 5765; x_wconf 88' lang='lat' dir='ltr'><strong>vel</strong></span> <span class='ocrx_word' id='word_1_441' title='bbox 1650 5710 1755 5765; x_wconf 91' lang='lat' dir='ltr'><strong>diei</strong></span> <span class='ocrx_word' id='word_1_442' title='bbox 1791 5719 1970 5767; x_wconf 82' lang='lat' dir='ltr'><strong>notam</strong></span> <span class='ocrx_word' id='word_1_443' title='bbox 1997 5726 2106 5780; x_wconf 63' lang='lat' dir='ltr'><strong>prce</strong></span> 
     </span>
    </p>
   </div>
   <div class='ocr_carea' id='block_1_60' title="bbox 470 5808 804 5860">
    <p class='ocr_par' dir='ltr' id='par_1_60' title="bbox 470 5808 804 5860">
     <span class='ocr_line' id='line_1_60' title="bbox 470 5808 804 5860; baseline 0.024 -8"><span class='ocrx_word' id='word_1_444' title='bbox 470 5842 471 5845; x_wconf 57' lang='grc' dir='ltr'><strong>η</strong></span> <span class='ocrx_word' id='word_1_445' title='bbox 531 5819 587 5855; x_wconf 79' lang='lat' dir='ltr'><strong>se</strong></span> <span class='ocrx_word' id='word_1_446' title='bbox 612 5808 804 5860; x_wconf 83' lang='lat' dir='ltr'><strong>ferunt.</strong></span> 
     </span>
    </p>
   </div>
   <div class='ocr_carea' id='block_1_61' title="bbox 1507 388 2614 459">
    <p class='ocr_par' dir='ltr' id='par_1_61' title="bbox 1507 388 2614 459">
     <span class='ocr_line' id='line_1_61' title="bbox 1507 388 2614 459; baseline -0.002 -11"><span class='ocrx_word' id='word_1_447' title='bbox 1507 392 1563 448; x_wconf 76' lang='grc' dir='ltr'><strong>δ.</strong></span> <span class='ocrx_word' id='word_1_448' title='bbox 1603 388 1883 447; x_wconf 79' lang='lat' dir='ltr'><strong>JOANNIS</strong></span> <span class='ocrx_word' id='word_1_449' title='bbox 1916 388 2392 447; x_wconf 74' lang='lat' dir='ltr'><strong>CHRYSOSTOMI</strong></span> <span class='ocrx_word' id='word_1_450' title='bbox 2432 390 2614 459; x_wconf 79' lang='lat' dir='ltr'><strong>Vl&#39;l&#39;A,</strong></span> 
     </span>
    </p>
   </div>
   <div class='ocr_carea' id='block_1_62' title="bbox 3674 398 3776 453">
    <p class='ocr_par' dir='ltr' id='par_1_62' title="bbox 3674 398 3776 453">
     <span class='ocr_line' id='line_1_62' title="bbox 3674 398 3776 453; baseline 0 0"><span class='ocrx_word' id='word_1_451' title='bbox 3674 398 3776 453; x_wconf 55' lang='grc' dir='ltr'><strong>βξ</strong></span> 
     </span>
    </p>
   </div>
   <div class='ocr_carea' id='block_1_63' title="bbox 2271 506 3773 565">
    <p class='ocr_par' dir='ltr' id='par_1_63' title="bbox 2271 506 3773 565">
     <span class='ocr_line' id='line_1_63' title="bbox 2271 506 3773 565; baseline 0.005 -7"><span class='ocrx_word' id='word_1_452' title='bbox 2271 507 2399 559; x_wconf 79' lang='lat' dir='ltr'><strong>Alite</strong></span> <span class='ocrx_word' id='word_1_453' title='bbox 2418 507 2701 560; x_wconf 76' lang='lat' dir='ltr'><strong>conciones.</strong></span> <span class='ocrx_word' id='word_1_454' title='bbox 2724 535 2795 547; x_wconf 98' lang='lat'>—</span> <span class='ocrx_word' id='word_1_455' title='bbox 2818 506 2873 561; x_wconf 92' lang='lat' dir='ltr'><strong>ln</strong></span> <span class='ocrx_word' id='word_1_456' title='bbox 2894 523 3089 562; x_wconf 89' lang='lat' dir='ltr'><strong>annum</strong></span> <span class='ocrx_word' id='word_1_457' title='bbox 3110 522 3238 563; x_wconf 84' lang='lat' dir='ltr'><strong>vero</strong></span> <span class='ocrx_word' id='word_1_458' title='bbox 3255 507 3360 563; x_wconf 76' lang='lat'><strong>392</strong></span> <span class='ocrx_word' id='word_1_459' title='bbox 3377 507 3655 564; x_wconf 86' lang='lat' dir='ltr'><strong>referimus</strong></span> <span class='ocrx_word' id='word_1_460' title='bbox 3679 526 3773 565; x_wconf 89' lang='lat' dir='ltr'><strong>no-</strong></span> 
     </span>
    </p>
   </div>
   <div class='ocr_carea' id='block_1_64' title="bbox 2198 596 3772 669">
    <p class='ocr_par' dir='ltr' id='par_1_64' title="bbox 2198 596 3772 669">
     <span class='ocr_line' id='line_1_64' title="bbox 2198 596 3772 669; baseline 0.004 -20"><span class='ocrx_word' id='word_1_461' title='bbox 2198 596 2398 650; x_wconf 90' lang='lat' dir='ltr'><strong>miliam</strong></span> <span class='ocrx_word' id='word_1_462' title='bbox 2428 596 2732 666; x_wconf 88' lang='lat' dir='ltr'><strong>inscriptam</strong></span> <span class='ocrx_word' id='word_1_463' title='bbox 2770 597 2837 652; x_wconf 86' lang='lat' dir='ltr'><strong>de</strong></span> <span class='ocrx_word' id='word_1_464' title='bbox 2864 596 3186 654; x_wconf 74' lang='lat' dir='ltr'><strong>Cmmeterio</strong></span> <span class='ocrx_word' id='word_1_465' title='bbox 3226 609 3283 652; x_wconf 92' lang='lat' dir='ltr'><strong>et</strong></span> <span class='ocrx_word' id='word_1_466' title='bbox 3304 598 3371 653; x_wconf 86' lang='lat' dir='ltr'><strong>de</strong></span> <span class='ocrx_word' id='word_1_467' title='bbox 3396 597 3584 665; x_wconf 89' lang='lat' dir='ltr'><strong>Cruce,</strong></span> <span class='ocrx_word' id='word_1_468' title='bbox 3612 614 3772 669; x_wconf 74' lang='lat' dir='ltr'><strong>quam</strong></span> 
     </span>
    </p>
   </div>
   <div class='ocr_carea' id='block_1_65' title="bbox 2197 687 3770 759">
    <p class='ocr_par' dir='ltr' id='par_1_65' title="bbox 2197 687 3770 759">
     <span class='ocr_line' id='line_1_65' title="bbox 2197 687 3770 759; baseline 0.003 -19"><span class='ocrx_word' id='word_1_469' title='bbox 2197 687 2326 741; x_wconf 87' lang='lat' dir='ltr'><strong>dicit</strong></span> <span class='ocrx_word' id='word_1_470' title='bbox 2367 687 2553 756; x_wconf 78' lang='lat' dir='ltr'><strong>viginti</strong></span> <span class='ocrx_word' id='word_1_471' title='bbox 2595 698 2686 741; x_wconf 91' lang='lat' dir='ltr'><strong>aut</strong></span> <span class='ocrx_word' id='word_1_472' title='bbox 2734 688 2892 756; x_wconf 88' lang='lat' dir='ltr'><strong>paulo</strong></span> <span class='ocrx_word' id='word_1_473' title='bbox 2933 689 3106 743; x_wconf 87' lang='lat' dir='ltr'><strong>minus</strong></span> <span class='ocrx_word' id='word_1_474' title='bbox 3147 688 3334 744; x_wconf 89' lang='lat' dir='ltr'><strong>diebus</strong></span> <span class='ocrx_word' id='word_1_475' title='bbox 3378 699 3662 759; x_wconf 88' lang='lat' dir='ltr'><strong>antequam</strong></span> <span class='ocrx_word' id='word_1_476' title='bbox 3702 689 3770 745; x_wconf 84' lang='lat' dir='ltr'><strong>de</strong></span> 
     </span>
    </p>
   </div>
   <div class='ocr_carea' id='block_1_66' title="bbox 2198 778 3768 846">
    <p class='ocr_par' dir='ltr' id='par_1_66' title="bbox 2198 778 3768 846">
     <span class='ocr_line' id='line_1_66' title="bbox 2198 778 3768 846; baseline 0.004 -14"><span class='ocrx_word' id='word_1_477' title='bbox 2198 778 2394 833; x_wconf 88' lang='lat' dir='ltr'><strong>sanctis</strong></span> <span class='ocrx_word' id='word_1_478' title='bbox 2414 780 2725 834; x_wconf 81' lang='lat' dir='ltr'><strong>mulieribus</strong></span> <span class='ocrx_word' id='word_1_479' title='bbox 2751 780 2991 846; x_wconf 86' lang='lat' dir='ltr'><strong>Bernice,</strong></span> <span class='ocrx_word' id='word_1_480' title='bbox 3012 781 3274 838; x_wconf 83' lang='lat' dir='ltr'><strong>Prosdoce</strong></span> <span class='ocrx_word' id='word_1_481' title='bbox 3290 791 3344 836; x_wconf 90' lang='lat' dir='ltr'><strong>et</strong></span> <span class='ocrx_word' id='word_1_482' title='bbox 3358 782 3617 837; x_wconf 86' lang='lat' dir='ltr'><strong>Domnina</strong></span> <span class='ocrx_word' id='word_1_483' title='bbox 3637 797 3768 838; x_wconf 86' lang='lat' dir='ltr'><strong>con-</strong></span> 
     </span>
    </p>
   </div>
   <div class='ocr_carea' id='block_1_67' title="bbox 2197 869 3772 941">
    <p class='ocr_par' dir='ltr' id='par_1_67' title="bbox 2197 869 3772 941">
     <span class='ocr_line' id='line_1_67' title="bbox 2197 869 3772 941; baseline 0.002 -18"><span class='ocrx_word' id='word_1_484' title='bbox 2197 869 2498 923; x_wconf 87' lang='lat' dir='ltr'><strong>cionaretur</strong></span> <span class='ocrx_word' id='word_1_485' title='bbox 2530 869 2616 941; x_wconf 85' lang='lat' dir='ltr'><strong>(T.</strong></span> <span class='ocrx_word' id='word_1_486' title='bbox 2647 871 2701 924; x_wconf 89' lang='lat'><strong>2.</strong></span> <span class='ocrx_word' id='word_1_487' title='bbox 2743 885 2791 924; x_wconf 89' lang='lat' dir='ltr'><strong>c.</strong></span> <span class='ocrx_word' id='word_1_488' title='bbox 2823 870 2974 940; x_wconf 84' lang='grc'>595),</span> <span class='ocrx_word' id='word_1_489' title='bbox 3016 881 3072 924; x_wconf 81' lang='grc' dir='ltr'><strong>ιιι</strong></span> <span class='ocrx_word' id='word_1_490' title='bbox 3111 887 3215 926; x_wconf 88' lang='lat' dir='ltr'><strong>non</strong></span> <span class='ocrx_word' id='word_1_491' title='bbox 3254 872 3426 928; x_wconf 86' lang='lat' dir='ltr'><strong>dubiis</strong></span> <span class='ocrx_word' id='word_1_492' title='bbox 3455 874 3595 927; x_wconf 88' lang='lat' dir='ltr'><strong>notis</strong></span> <span class='ocrx_word' id='word_1_493' title='bbox 3621 873 3772 928; x_wconf 87' lang='lat' dir='ltr'><strong>colli-</strong></span> 
     </span>
    </p>
   </div>
   <div class='ocr_carea' id='block_1_68' title="bbox 2195 961 3770 1032">
    <p class='ocr_par' dir='ltr' id='par_1_68' title="bbox 2195 961 3770 1032">
     <span class='ocr_line' id='line_1_68' title="bbox 2195 961 3770 1032; baseline 0.005 -20"><span class='ocrx_word' id='word_1_494' title='bbox 2195 961 2336 1029; x_wconf 88' lang='lat' dir='ltr'><strong>gitur</strong></span> <span class='ocrx_word' id='word_1_495' title='bbox 2350 975 2413 1014; x_wconf 82' lang='lat' dir='ltr'><strong>ex</strong></span> <span class='ocrx_word' id='word_1_496' title='bbox 2441 961 2589 1015; x_wconf 84' lang='lat' dir='ltr'><strong>initio</strong></span> <span class='ocrx_word' id='word_1_497' title='bbox 2606 972 2883 1030; x_wconf 67' lang='lat' dir='ltr'><strong>postremae</strong></span> <span class='ocrx_word' id='word_1_498' title='bbox 2907 962 3129 1032; x_wconf 84' lang='lat' dir='ltr'><strong>hujusce</strong></span> <span class='ocrx_word' id='word_1_499' title='bbox 3145 965 3436 1031; x_wconf 85' lang='lat' dir='ltr'><strong>concionis,</strong></span> <span class='ocrx_word' id='word_1_500' title='bbox 3460 964 3549 1019; x_wconf 90' lang='lat' dir='ltr'><strong>ubi</strong></span> <span class='ocrx_word' id='word_1_501' title='bbox 3568 980 3628 1020; x_wconf 88' lang='lat' dir='ltr'><strong>se</strong></span> <span class='ocrx_word' id='word_1_502' title='bbox 3648 975 3770 1020; x_wconf 88' lang='lat' dir='ltr'><strong>ante</strong></span> 
     </span>
    </p>
   </div>
   <div class='ocr_carea' id='block_1_69' title="bbox 2196 1051 3767 1121">
    <p class='ocr_par' dir='ltr' id='par_1_69' title="bbox 2196 1051 3767 1121">
     <span class='ocr_line' id='line_1_69' title="bbox 2196 1051 3767 1121; baseline 0.005 -18"><span class='ocrx_word' id='word_1_503' title='bbox 2196 1051 2378 1120; x_wconf 83' lang='lat' dir='ltr'><strong>viginti</strong></span> <span class='ocrx_word' id='word_1_504' title='bbox 2424 1052 2533 1107; x_wconf 89' lang='lat' dir='ltr'><strong>fere</strong></span> <span class='ocrx_word' id='word_1_505' title='bbox 2575 1053 2690 1107; x_wconf 90' lang='lat' dir='ltr'><strong>dics</strong></span> <span class='ocrx_word' id='word_1_506' title='bbox 2725 1052 3116 1121; x_wconf 87' lang='lat' dir='ltr'><strong>concionatum,</strong></span> <span class='ocrx_word' id='word_1_507' title='bbox 3158 1055 3321 1110; x_wconf 89' lang='lat' dir='ltr'><strong>multa</strong></span> <span class='ocrx_word' id='word_1_508' title='bbox 3364 1054 3562 1111; x_wconf 84' lang='lat' dir='ltr'><strong>dixisse</strong></span> <span class='ocrx_word' id='word_1_509' title='bbox 3603 1057 3681 1110; x_wconf 85' lang='lat' dir='ltr'><strong>ait</strong></span> <span class='ocrx_word' id='word_1_510' title='bbox 3717 1057 3767 1111; x_wconf 91' lang='lat' dir='ltr'><strong>in</strong></span> 
     </span>
    </p>
   </div>
   <div class='ocr_carea' id='block_1_70' title="bbox 2196 1139 3769 1215">
    <p class='ocr_par' dir='ltr' id='par_1_70' title="bbox 2196 1139 3769 1215">
     <span class='ocr_line' id='line_1_70' title="bbox 2196 1139 3769 1215; baseline 0.005 -21"><span class='ocrx_word' id='word_1_511' title='bbox 2196 1139 2311 1197; x_wconf 73' lang='lat' dir='ltr'><strong>haec</strong></span> <span class='ocrx_word' id='word_1_512' title='bbox 2347 1144 2546 1197; x_wconf 88' lang='lat' dir='ltr'><strong>verba:</strong></span> <span class='ocrx_word' id='word_1_513' title='bbox 2573 1142 2816 1198; x_wconf 81' lang='lat' dir='ltr'><strong>Contriuit</strong></span> <span class='ocrx_word' id='word_1_514' title='bbox 2860 1154 3031 1215; x_wconf 81' lang='lat' dir='ltr'><strong>portas</strong></span> <span class='ocrx_word' id='word_1_515' title='bbox 3071 1161 3251 1212; x_wconf 71' lang='lat' dir='ltr'><strong>cereas,</strong></span> <span class='ocrx_word' id='word_1_516' title='bbox 3298 1155 3347 1200; x_wconf 80' lang='lat' dir='ltr'><strong>et</strong></span> <span class='ocrx_word' id='word_1_517' title='bbox 3386 1156 3542 1201; x_wconf 77' lang='lat' dir='ltr'><strong>vectes</strong></span> <span class='ocrx_word' id='word_1_518' title='bbox 3582 1147 3769 1215; x_wconf 83' lang='lat' dir='ltr'><strong>ferreos</strong></span> 
     </span>
    </p>
   </div>
   <div class='ocr_carea' id='block_1_71' title="bbox 2194 1235 3768 1305">
    <p class='ocr_par' dir='ltr' id='par_1_71' title="bbox 2194 1235 3768 1305">
     <span class='ocr_line' id='line_1_71' title="bbox 2194 1235 3768 1305; baseline 0.008 -20"><span class='ocrx_word' id='word_1_519' title='bbox 2194 1235 2471 1305; x_wconf 81' lang='lat' dir='ltr'><strong>confregit;</strong></span> <span class='ocrx_word' id='word_1_520' title='bbox 2498 1252 2617 1304; x_wconf 70' lang='lat' dir='ltr'><strong>qua:</strong></span> <span class='ocrx_word' id='word_1_521' title='bbox 2640 1239 2841 1305; x_wconf 87' lang='lat' dir='ltr'><strong>optime</strong></span> <span class='ocrx_word' id='word_1_522' title='bbox 2863 1239 3185 1294; x_wconf 81' lang='lat' dir='ltr'><strong>conveniunt</strong></span> <span class='ocrx_word' id='word_1_523' title='bbox 3211 1240 3267 1294; x_wconf 88' lang='lat' dir='ltr'><strong>in</strong></span> <span class='ocrx_word' id='word_1_524' title='bbox 3299 1239 3437 1296; x_wconf 85' lang='lat' dir='ltr'><strong>hanc</strong></span> <span class='ocrx_word' id='word_1_525' title='bbox 3457 1241 3525 1296; x_wconf 87' lang='lat' dir='ltr'><strong>de</strong></span> <span class='ocrx_word' id='word_1_526' title='bbox 3552 1241 3768 1298; x_wconf 69' lang='lat' dir='ltr'><strong>Catme-</strong></span> 
     </span>
    </p>
   </div>
   <div class='ocr_carea' id='block_1_72' title="bbox 2198 1326 3767 1402">
    <p class='ocr_par' dir='ltr' id='par_1_72' title="bbox 2198 1326 3767 1402">
     <span class='ocr_line' id='line_1_72' title="bbox 2198 1326 3767 1402; baseline 0.007 -23"><span class='ocrx_word' id='word_1_527' title='bbox 2198 1326 2331 1380; x_wconf 87' lang='lat' dir='ltr'><strong>terio</strong></span> <span class='ocrx_word' id='word_1_528' title='bbox 2365 1336 2419 1381; x_wconf 89' lang='lat' dir='ltr'><strong>et</strong></span> <span class='ocrx_word' id='word_1_529' title='bbox 2442 1328 2612 1383; x_wconf 86' lang='lat' dir='ltr'><strong>Cruce</strong></span> <span class='ocrx_word' id='word_1_530' title='bbox 2637 1329 2927 1384; x_wconf 77' lang='lat' dir='ltr'><strong>humilium.</strong></span> <span class='ocrx_word' id='word_1_531' title='bbox 2956 1331 3089 1386; x_wconf 80' lang='lat' dir='ltr'><strong>Hinc</strong></span> <span class='ocrx_word' id='word_1_532' title='bbox 3109 1331 3283 1388; x_wconf 60' lang='lat' dir='ltr'><strong>Graeci.</strong></span> <span class='ocrx_word' id='word_1_533' title='bbox 3309 1343 3552 1402; x_wconf 88' lang='lat' dir='ltr'><strong>putantes</strong></span> <span class='ocrx_word' id='word_1_534' title='bbox 3577 1334 3767 1390; x_wconf 85' lang='lat' dir='ltr'><strong>festum</strong></span> 
     </span>
    </p>
   </div>
   <div class='ocr_carea' id='block_1_73' title="bbox 2195 1416 3765 1494">
    <p class='ocr_par' dir='ltr' id='par_1_73' title="bbox 2195 1416 3765 1494">
     <span class='ocr_line' id='line_1_73' title="bbox 2195 1416 3765 1494; baseline 0.008 -24"><span class='ocrx_word' id='word_1_535' title='bbox 2195 1416 2263 1471; x_wconf 90' lang='lat' dir='ltr'><strong>de</strong></span> <span class='ocrx_word' id='word_1_536' title='bbox 2287 1417 2478 1485; x_wconf 80' lang='lat' dir='ltr'><strong>Cruce,</strong></span> <span class='ocrx_word' id='word_1_537' title='bbox 2510 1421 2649 1489; x_wconf 91' lang='lat' dir='ltr'><strong>quod</strong></span> <span class='ocrx_word' id='word_1_538' title='bbox 2679 1437 2862 1477; x_wconf 90' lang='lat' dir='ltr'><strong>mense</strong></span> <span class='ocrx_word' id='word_1_539' title='bbox 2889 1421 3186 1492; x_wconf 89' lang='lat' dir='ltr'><strong>Septembri</strong></span> <span class='ocrx_word' id='word_1_540' title='bbox 3223 1424 3312 1480; x_wconf 90' lang='lat' dir='ltr'><strong>die</strong></span> <span class='ocrx_word' id='word_1_541' title='bbox 3352 1426 3420 1480; x_wconf 71' lang='grc' dir='ltr'>Η</span> <span class='ocrx_word' id='word_1_542' title='bbox 3455 1428 3706 1494; x_wconf 88' lang='lat' dir='ltr'><strong>occurrit,</strong></span> <span class='ocrx_word' id='word_1_543' title='bbox 3732 1442 3765 1482; x_wconf 90' lang='lat' dir='ltr'><strong>a</strong></span> 
     </span>
    </p>
   </div>
   <div class='ocr_carea' id='block_1_74' title="bbox 2195 1508 3765 1580">
    <p class='ocr_par' dir='ltr' id='par_1_74' title="bbox 2195 1508 3765 1580">
     <span class='ocr_line' id='line_1_74' title="bbox 2195 1508 3765 1580; baseline 0.006 -17"><span class='ocrx_word' id='word_1_544' title='bbox 2195 1508 2576 1580; x_wconf 83' lang='lat' dir='ltr'><strong>Cbrysostomo</strong></span> <span class='ocrx_word' id='word_1_545' title='bbox 2600 1515 2906 1577; x_wconf 89' lang='lat' dir='ltr'><strong>memorari,</strong></span> <span class='ocrx_word' id='word_1_546' title='bbox 2930 1514 3121 1570; x_wconf 90' lang='lat' dir='ltr'><strong>festum</strong></span> <span class='ocrx_word' id='word_1_547' title='bbox 3150 1526 3452 1571; x_wconf 86' lang='lat' dir='ltr'><strong>sanctarum</strong></span> <span class='ocrx_word' id='word_1_548' title='bbox 3492 1518 3765 1573; x_wconf 66' lang='lat' dir='ltr'><strong>Domnina:</strong></span> 
     </span>
    </p>
   </div>
   <div class='ocr_carea' id='block_1_75' title="bbox 2196 1600 3766 1675">
    <p class='ocr_par' dir='ltr' id='par_1_75' title="bbox 2196 1600 3766 1675">
     <span class='ocr_line' id='line_1_75' title="bbox 2196 1600 3766 1675; baseline 0.005 -20"><span class='ocrx_word' id='word_1_549' title='bbox 2196 1609 2250 1655; x_wconf 90' lang='lat' dir='ltr'><strong>et</strong></span> <span class='ocrx_word' id='word_1_550' title='bbox 2299 1600 2521 1654; x_wconf 73' lang='lat' dir='ltr'><strong>filiarum</strong></span> <span class='ocrx_word' id='word_1_551' title='bbox 2573 1603 2755 1671; x_wconf 81' lang='lat' dir='ltr'><strong>viginti</strong></span> <span class='ocrx_word' id='word_1_552' title='bbox 2802 1612 2985 1674; x_wconf 84' lang='lat' dir='ltr'><strong>postea</strong></span> <span class='ocrx_word' id='word_1_553' title='bbox 3031 1604 3235 1669; x_wconf 87' lang='lat' dir='ltr'><strong>diebus,</strong></span> <span class='ocrx_word' id='word_1_554' title='bbox 3286 1615 3473 1675; x_wconf 87' lang='lat' dir='ltr'><strong>quarta</strong></span> <span class='ocrx_word' id='word_1_555' title='bbox 3524 1607 3766 1664; x_wconf 79' lang='lat' dir='ltr'><strong>videlicet</strong></span> 
     </span>
    </p>
   </div>
   <div class='ocr_carea' id='block_1_76' title="bbox 2195 1689 3769 1764">
    <p class='ocr_par' dir='ltr' id='par_1_76' title="bbox 2195 1689 3769 1764">
     <span class='ocr_line' id='line_1_76' title="bbox 2195 1689 3769 1764; baseline 0.006 -19"><span class='ocrx_word' id='word_1_556' title='bbox 2195 1689 2456 1755; x_wconf 80' lang='lat' dir='ltr'><strong>Octobris,</strong></span> <span class='ocrx_word' id='word_1_557' title='bbox 2477 1692 2776 1760; x_wconf 88' lang='lat' dir='ltr'><strong>celebrant;</strong></span> <span class='ocrx_word' id='word_1_558' title='bbox 2807 1694 2900 1749; x_wconf 88' lang='lat' dir='ltr'><strong>sed</strong></span> <span class='ocrx_word' id='word_1_559' title='bbox 2931 1710 3231 1764; x_wconf 88' lang='lat' dir='ltr'><strong>perperam.</strong></span> <span class='ocrx_word' id='word_1_560' title='bbox 3249 1695 3365 1751; x_wconf 87' lang='lat' dir='ltr'><strong>Non</strong></span> <span class='ocrx_word' id='word_1_561' title='bbox 3391 1697 3534 1752; x_wconf 89' lang='lat' dir='ltr'><strong>enim</strong></span> <span class='ocrx_word' id='word_1_562' title='bbox 3554 1697 3607 1751; x_wconf 92' lang='lat' dir='ltr'><strong>in</strong></span> <span class='ocrx_word' id='word_1_563' title='bbox 3629 1697 3769 1753; x_wconf 84' lang='lat' dir='ltr'><strong>festo</strong></span> 
     </span>
    </p>
   </div>
   <div class='ocr_carea' id='block_1_77' title="bbox 2195 1779 3766 1857">
    <p class='ocr_par' dir='ltr' id='par_1_77' title="bbox 2195 1779 3766 1857">
     <span class='ocr_line' id='line_1_77' title="bbox 2195 1779 3766 1857; baseline 0.005 -23"><span class='ocrx_word' id='word_1_564' title='bbox 2195 1789 2391 1835; x_wconf 67' lang='lat' dir='ltr'><strong>sanctas</strong></span> <span class='ocrx_word' id='word_1_565' title='bbox 2425 1779 2630 1847; x_wconf 82' lang='lat' dir='ltr'><strong>Crucis,</strong></span> <span class='ocrx_word' id='word_1_566' title='bbox 2660 1798 2779 1852; x_wconf 66' lang='lat' dir='ltr'><strong>quae</strong></span> <span class='ocrx_word' id='word_1_567' title='bbox 2814 1786 2866 1838; x_wconf 88' lang='lat' dir='ltr'><strong>in</strong></span> <span class='ocrx_word' id='word_1_568' title='bbox 2897 1784 3263 1853; x_wconf 85' lang='lat' dir='ltr'><strong>Septembrem</strong></span> <span class='ocrx_word' id='word_1_569' title='bbox 3305 1785 3512 1851; x_wconf 82' lang='lat' dir='ltr'><strong>incidit,</strong></span> <span class='ocrx_word' id='word_1_570' title='bbox 3542 1801 3766 1857; x_wconf 66' lang='lat' dir='ltr'><strong>quaeque</strong></span> 
     </span>
    </p>
   </div>
   <div class='ocr_carea' id='block_1_78' title="bbox 2195 1860 3765 1940">
    <p class='ocr_par' dir='ltr' id='par_1_78' title="bbox 2195 1860 3765 1940">
     <span class='ocr_line' id='line_1_78' title="bbox 2195 1860 3765 1940; baseline 0.005 -15"><span class='ocrx_word' id='word_1_571' title='bbox 2195 1871 2429 1926; x_wconf 88' lang='lat' dir='ltr'><strong>nondum</strong></span> <span class='ocrx_word' id='word_1_572' title='bbox 2462 1860 2567 1927; x_wconf 80' lang='lat' dir='ltr'><strong>illo</strong></span> <span class='ocrx_word' id='word_1_573' title='bbox 2592 1889 2708 1928; x_wconf 69' lang='lat' dir='ltr'><strong>aevo</strong></span> <span class='ocrx_word' id='word_1_574' title='bbox 2732 1874 3119 1940; x_wconf 84' lang='lat' dir='ltr'><strong>celebrabatur,</strong></span> <span class='ocrx_word' id='word_1_575' title='bbox 3148 1875 3285 1930; x_wconf 85' lang='lat' dir='ltr'><strong>hanc</strong></span> <span class='ocrx_word' id='word_1_576' title='bbox 3327 1876 3463 1931; x_wconf 78' lang='lat' dir='ltr'><strong>dixit</strong></span> <span class='ocrx_word' id='word_1_577' title='bbox 3493 1878 3765 1933; x_wconf 88' lang='lat' dir='ltr'><strong>bomiliam</strong></span> 
     </span>
    </p>
   </div>
   <div class='ocr_carea' id='block_1_79' title="bbox 2194 1962 3765 2040">
    <p class='ocr_par' dir='ltr' id='par_1_79' title="bbox 2194 1962 3765 2040">
     <span class='ocr_line' id='line_1_79' title="bbox 2194 1962 3765 2040; baseline 0.005 -23"><span class='ocrx_word' id='word_1_578' title='bbox 2194 1962 2638 2035; x_wconf 84' lang='lat' dir='ltr'><strong>Chrysostomus;</strong></span> <span class='ocrx_word' id='word_1_579' title='bbox 2667 1966 2760 2021; x_wconf 89' lang='lat' dir='ltr'><strong>sed</strong></span> <span class='ocrx_word' id='word_1_580' title='bbox 2787 1967 2840 2021; x_wconf 90' lang='lat' dir='ltr'><strong>in</strong></span> <span class='ocrx_word' id='word_1_581' title='bbox 2872 1967 2958 2023; x_wconf 90' lang='lat' dir='ltr'><strong>dic</strong></span> <span class='ocrx_word' id='word_1_582' title='bbox 2982 1968 3322 2033; x_wconf 88' lang='lat' dir='ltr'><strong>Parasceves,</strong></span> <span class='ocrx_word' id='word_1_583' title='bbox 3348 1969 3536 2024; x_wconf 88' lang='lat' dir='ltr'><strong>eadem</strong></span> <span class='ocrx_word' id='word_1_584' title='bbox 3575 1985 3765 2040; x_wconf 86' lang='lat' dir='ltr'><strong>nempe</strong></span> 
     </span>
    </p>
   </div>
   <div class='ocr_carea' id='block_1_80' title="bbox 2193 2056 3767 2128">
    <p class='ocr_par' dir='ltr' id='par_1_80' title="bbox 2193 2056 3767 2128">
     <span class='ocr_line' id='line_1_80' title="bbox 2193 2056 3767 2128; baseline 0.004 -19"><span class='ocrx_word' id='word_1_585' title='bbox 2193 2070 2296 2126; x_wconf 86' lang='lat' dir='ltr'><strong>qua</strong></span> <span class='ocrx_word' id='word_1_586' title='bbox 2321 2057 2603 2111; x_wconf 78' lang='lat' dir='ltr'><strong>crucifixus</strong></span> <span class='ocrx_word' id='word_1_587' title='bbox 2635 2066 2717 2112; x_wconf 87' lang='lat' dir='ltr'><strong>est</strong></span> <span class='ocrx_word' id='word_1_588' title='bbox 2745 2056 3031 2124; x_wconf 74' lang='lat' dir='ltr'><strong>Dominus,</strong></span> <span class='ocrx_word' id='word_1_589' title='bbox 3064 2069 3121 2112; x_wconf 91' lang='lat' dir='ltr'><strong>ut</strong></span> <span class='ocrx_word' id='word_1_590' title='bbox 3146 2059 3259 2128; x_wconf 89' lang='lat' dir='ltr'><strong>ipse</strong></span> <span class='ocrx_word' id='word_1_591' title='bbox 3288 2060 3529 2128; x_wconf 84' lang='lat' dir='ltr'><strong>plurimis</strong></span> <span class='ocrx_word' id='word_1_592' title='bbox 3553 2060 3606 2114; x_wconf 89' lang='lat' dir='ltr'><strong>in</strong></span> <span class='ocrx_word' id='word_1_593' title='bbox 3633 2061 3767 2116; x_wconf 82' lang='lat' dir='ltr'><strong>locis</strong></span> 
     </span>
    </p>
   </div>
   <div class='ocr_carea' id='block_1_81' title="bbox 2193 2145 3767 2206">
    <p class='ocr_par' dir='ltr' id='par_1_81' title="bbox 2193 2145 3767 2206">
     <span class='ocr_line' id='line_1_81' title="bbox 2193 2145 3767 2206; baseline 0.003 -5"><span class='ocrx_word' id='word_1_594' title='bbox 2193 2145 2445 2202; x_wconf 84' lang='lat' dir='ltr'><strong>declarat.</strong></span> <span class='ocrx_word' id='word_1_595' title='bbox 2477 2147 2674 2202; x_wconf 86' lang='lat' dir='ltr'><strong>Verum</strong></span> <span class='ocrx_word' id='word_1_596' title='bbox 2717 2163 2779 2204; x_wconf 91' lang='lat' dir='ltr'><strong>ea</strong></span> <span class='ocrx_word' id='word_1_597' title='bbox 2819 2149 2887 2204; x_wconf 92' lang='lat' dir='ltr'><strong>de</strong></span> <span class='ocrx_word' id='word_1_598' title='bbox 2926 2164 2987 2203; x_wconf 87' lang='lat' dir='ltr'><strong>re</strong></span> <span class='ocrx_word' id='word_1_599' title='bbox 3031 2149 3326 2206; x_wconf 87' lang='lat' dir='ltr'><strong>audiendus</strong></span> <span class='ocrx_word' id='word_1_600' title='bbox 3369 2160 3447 2205; x_wconf 89' lang='lat' dir='ltr'><strong>est</strong></span> <span class='ocrx_word' id='word_1_601' title='bbox 3477 2149 3767 2205; x_wconf 84' lang='lat' dir='ltr'><strong>Tillemon-</strong></span> 
     </span>
    </p>
   </div>
   <div class='ocr_carea' id='block_1_82' title="bbox 2194 2241 3767 2313">
    <p class='ocr_par' dir='ltr' id='par_1_82' title="bbox 2194 2241 3767 2313">
     <span class='ocr_line' id='line_1_82' title="bbox 2194 2241 3767 2313; baseline 0.004 -23"><span class='ocrx_word' id='word_1_602' title='bbox 2194 2241 2298 2294; x_wconf 85' lang='lat' dir='ltr'><strong>tius</strong></span> <span class='ocrx_word' id='word_1_603' title='bbox 2324 2256 2375 2308; x_wconf 93' lang='lat' dir='ltr'><strong>p.</strong></span> <span class='ocrx_word' id='word_1_604' title='bbox 2406 2242 2501 2295; x_wconf 76' lang='grc'>571</span> <span class='ocrx_word' id='word_1_605' title='bbox 2539 2259 2551 2293; x_wconf 94' lang='lat'><strong>:</strong></span> <span class='ocrx_word' id='word_1_606' title='bbox 2585 2241 2851 2311; x_wconf 82' lang='lat' dir='ltr'><strong>Reliquum</strong></span> <span class='ocrx_word' id='word_1_607' title='bbox 2890 2243 3043 2312; x_wconf 81' lang='lat' dir='ltr'><strong>igitur</strong></span> <span class='ocrx_word' id='word_1_608' title='bbox 3076 2252 3150 2295; x_wconf 77' lang='lat' dir='ltr'><strong>est</strong></span> <span class='ocrx_word' id='word_1_609' title='bbox 3187 2252 3241 2296; x_wconf 85' lang='lat' dir='ltr'><strong>ut</strong></span> <span class='ocrx_word' id='word_1_610' title='bbox 3283 2242 3545 2295; x_wconf 78' lang='lat' dir='ltr'><strong>credamus</strong></span> <span class='ocrx_word' id='word_1_611' title='bbox 3583 2246 3767 2313; x_wconf 70' lang='lat' dir='ltr'><strong>festum</strong></span> 
     </span>
    </p>
   </div>
   <div class='ocr_carea' id='block_1_83' title="bbox 2194 2329 3762 2405">
    <p class='ocr_par' dir='ltr' id='par_1_83' title="bbox 2194 2329 3762 2405">
     <span class='ocr_line' id='line_1_83' title="bbox 2194 2329 3762 2405; baseline 0.002 -19"><span class='ocrx_word' id='word_1_612' title='bbox 2194 2329 2255 2387; x_wconf 90' lang='lat' dir='ltr'><strong>S.</strong></span> <span class='ocrx_word' id='word_1_613' title='bbox 2284 2331 2553 2386; x_wconf 76' lang='lat' dir='ltr'><strong>Domnina:</strong></span> <span class='ocrx_word' id='word_1_614' title='bbox 2588 2343 2634 2386; x_wconf 81' lang='lat' dir='ltr'><strong>et</strong></span> <span class='ocrx_word' id='word_1_615' title='bbox 2657 2334 2905 2387; x_wconf 86' lang='lat' dir='ltr'><strong>sociarum</strong></span> <span class='ocrx_word' id='word_1_616' title='bbox 2932 2334 3358 2399; x_wconf 34' lang='lat' dir='ltr'><strong>Antiochite,‘uon</strong></span> <span class='ocrx_word' id='word_1_617' title='bbox 3383 2345 3563 2405; x_wconf 81' lang='lat' dir='ltr'><strong>quarta</strong></span> <span class='ocrx_word' id='word_1_618' title='bbox 3605 2334 3762 2389; x_wconf 86' lang='lat' dir='ltr'><strong>Octo-</strong></span> 
     </span>
    </p>
   </div>
   <div class='ocr_carea' id='block_1_84' title="bbox 2193 2423 3767 2497">
    <p class='ocr_par' dir='ltr' id='par_1_84' title="bbox 2193 2423 3767 2497">
     <span class='ocr_line' id='line_1_84' title="bbox 2193 2423 3767 2497; baseline 0.003 -21"><span class='ocrx_word' id='word_1_619' title='bbox 2193 2423 2312 2488; x_wconf 85' lang='lat' dir='ltr'><strong>bris,</strong></span> <span class='ocrx_word' id='word_1_620' title='bbox 2356 2425 2444 2479; x_wconf 82' lang='lat' dir='ltr'><strong>sed</strong></span> <span class='ocrx_word' id='word_1_621' title='bbox 2490 2425 2683 2478; x_wconf 83' lang='lat' dir='ltr'><strong>decima</strong></span> <span class='ocrx_word' id='word_1_622' title='bbox 2723 2436 2904 2495; x_wconf 88' lang='lat' dir='ltr'><strong>quarta</strong></span> <span class='ocrx_word' id='word_1_623' title='bbox 2945 2426 3156 2497; x_wconf 82' lang='lat' dir='ltr'><strong>Aprilis,</strong></span> <span class='ocrx_word' id='word_1_624' title='bbox 3199 2443 3298 2497; x_wconf 87' lang='lat' dir='ltr'><strong>qua</strong></span> <span class='ocrx_word' id='word_1_625' title='bbox 3342 2427 3424 2480; x_wconf 82' lang='lat' dir='ltr'><strong>die</strong></span> <span class='ocrx_word' id='word_1_626' title='bbox 3467 2437 3669 2480; x_wconf 76' lang='lat' dir='ltr'><strong>notatur</strong></span> <span class='ocrx_word' id='word_1_627' title='bbox 3710 2429 3767 2482; x_wconf 80' lang='lat' dir='ltr'><strong>in</strong></span> 
     </span>
    </p>
   </div>
   <div class='ocr_carea' id='block_1_85' title="bbox 2193 2512 3761 2589">
    <p class='ocr_par' dir='ltr' id='par_1_85' title="bbox 2193 2512 3761 2589">
     <span class='ocr_line' id='line_1_85' title="bbox 2193 2512 3761 2589; baseline 0.006 -24"><span class='ocrx_word' id='word_1_628' title='bbox 2193 2512 2559 2585; x_wconf 80' lang='lat' dir='ltr'><strong>Martyrologio</strong></span> <span class='ocrx_word' id='word_1_629' title='bbox 2588 2516 2881 2588; x_wconf 81' lang='lat' dir='ltr'><strong>Hieronymi</strong></span> <span class='ocrx_word' id='word_1_630' title='bbox 2910 2526 2955 2570; x_wconf 87' lang='lat' dir='ltr'><strong>et</strong></span> <span class='ocrx_word' id='word_1_631' title='bbox 2993 2518 3229 2584; x_wconf 88' lang='lat' dir='ltr'><strong>aliorum,</strong></span> <span class='ocrx_word' id='word_1_632' title='bbox 3261 2518 3561 2573; x_wconf 86' lang='lat' dir='ltr'><strong>celebratum</strong></span> <span class='ocrx_word' id='word_1_633' title='bbox 3589 2520 3761 2589; x_wconf 79' lang='lat' dir='ltr'><strong>fuisse.</strong></span> 
     </span>
    </p>
   </div>
   <div class='ocr_carea' id='block_1_86' title="bbox 2195 2603 3767 2679">
    <p class='ocr_par' dir='ltr' id='par_1_86' title="bbox 2195 2603 3767 2679">
     <span class='ocr_line' id='line_1_86' title="bbox 2195 2603 3767 2679; baseline 0.005 -22"><span class='ocrx_word' id='word_1_634' title='bbox 2195 2603 2342 2670; x_wconf 80' lang='lat' dir='ltr'><strong>Quod</strong></span> <span class='ocrx_word' id='word_1_635' title='bbox 2369 2615 2559 2675; x_wconf 85' lang='lat' dir='ltr'><strong>spectat</strong></span> <span class='ocrx_word' id='word_1_636' title='bbox 2601 2617 2764 2660; x_wconf 82' lang='lat' dir='ltr'><strong>autem</strong></span> <span class='ocrx_word' id='word_1_637' title='bbox 2802 2609 2871 2660; x_wconf 81' lang='lat' dir='ltr'><strong>ad</strong></span> <span class='ocrx_word' id='word_1_638' title='bbox 2917 2624 3105 2662; x_wconf 86' lang='lat' dir='ltr'><strong>annum</strong></span> <span class='ocrx_word' id='word_1_639' title='bbox 3152 2625 3249 2679; x_wconf 79' lang='lat' dir='ltr'><strong>quo</strong></span> <span class='ocrx_word' id='word_1_640' title='bbox 3278 2609 3357 2663; x_wconf 72' lang='lat' dir='ltr'><strong>hat</strong></span> <span class='ocrx_word' id='word_1_641' title='bbox 3389 2609 3504 2665; x_wconf 70' lang='lat' dir='ltr'><strong>dua</strong></span> <span class='ocrx_word' id='word_1_642' title='bbox 3546 2611 3767 2665; x_wconf 75' lang='lat' dir='ltr'><strong>homilia</strong></span> 
     </span>
    </p>
   </div>
   <div class='ocr_carea' id='block_1_87' title="bbox 2193 2695 3767 2779">
    <p class='ocr_par' dir='ltr' id='par_1_87' title="bbox 2193 2695 3767 2779">
     <span class='ocr_line' id='line_1_87' title="bbox 2193 2695 3767 2779; baseline 0.005 -32"><span class='ocrx_word' id='word_1_643' title='bbox 2193 2695 2376 2779; x_wconf 70' lang='lat' dir='ltr'><strong>habita:</strong></span> <span class='ocrx_word' id='word_1_644' title='bbox 2415 2706 2568 2761; x_wconf 86' lang='lat' dir='ltr'><strong>sunt;</strong></span> <span class='ocrx_word' id='word_1_645' title='bbox 2592 2698 2815 2767; x_wconf 84' lang='lat' dir='ltr'><strong>queritur</strong></span> <span class='ocrx_word' id='word_1_646' title='bbox 2842 2698 3226 2770; x_wconf 78' lang='lat' dir='ltr'><strong>Chrysostomus</strong></span> <span class='ocrx_word' id='word_1_647' title='bbox 3264 2709 3381 2754; x_wconf 86' lang='lat' dir='ltr'><strong>tunc</strong></span> <span class='ocrx_word' id='word_1_648' title='bbox 3416 2717 3654 2770; x_wconf 80' lang='lat' dir='ltr'><strong>magnum</strong></span> <span class='ocrx_word' id='word_1_649' title='bbox 3677 2717 3767 2756; x_wconf 59' lang='lat' dir='ltr'><strong>ep-</strong></span> 
     </span>
    </p>
   </div>
   <div class='ocr_carea' id='block_1_88' title="bbox 2192 2787 3762 2854">
    <p class='ocr_par' dir='ltr' id='par_1_88' title="bbox 2192 2787 3762 2854">
     <span class='ocr_line' id='line_1_88' title="bbox 2192 2787 3762 2854; baseline 0.003 -15"><span class='ocrx_word' id='word_1_650' title='bbox 2192 2787 2337 2840; x_wconf 86' lang='lat' dir='ltr'><strong>citari</strong></span> <span class='ocrx_word' id='word_1_651' title='bbox 2365 2789 2655 2854; x_wconf 85' lang='lat' dir='ltr'><strong>tumultum,</strong></span> <span class='ocrx_word' id='word_1_652' title='bbox 2700 2806 2811 2843; x_wconf 86' lang='lat' dir='ltr'><strong>cum</strong></span> <span class='ocrx_word' id='word_1_653' title='bbox 2848 2790 3166 2844; x_wconf 83' lang='lat' dir='ltr'><strong>accederetur</strong></span> <span class='ocrx_word' id='word_1_654' title='bbox 3192 2790 3260 2843; x_wconf 80' lang='lat' dir='ltr'><strong>ad</strong></span> <span class='ocrx_word' id='word_1_655' title='bbox 3298 2806 3496 2846; x_wconf 86' lang='lat' dir='ltr'><strong>sacram</strong></span> <span class='ocrx_word' id='word_1_656' title='bbox 3536 2807 3762 2845; x_wconf 83' lang='lat' dir='ltr'><strong>commu-</strong></span> 
     </span>
    </p>
   </div>
   <div class='ocr_carea' id='block_1_89' title="bbox 2194 2881 3767 2953">
    <p class='ocr_par' dir='ltr' id='par_1_89' title="bbox 2194 2881 3767 2953">
     <span class='ocr_line' id='line_1_89' title="bbox 2194 2881 3767 2953; baseline 0.002 -20"><span class='ocrx_word' id='word_1_657' title='bbox 2194 2881 2392 2934; x_wconf 80' lang='lat' dir='ltr'><strong>nionem</strong></span> <span class='ocrx_word' id='word_1_658' title='bbox 2410 2894 2429 2933; x_wconf 89' lang='lat'><strong><em>:</em></strong></span> <span class='ocrx_word' id='word_1_659' title='bbox 2445 2881 2712 2952; x_wconf 81' lang='lat' dir='ltr'><strong>eademth</strong></span> <span class='ocrx_word' id='word_1_660' title='bbox 2743 2883 2901 2935; x_wconf 87' lang='lat' dir='ltr'><strong>utitur</strong></span> <span class='ocrx_word' id='word_1_661' title='bbox 2921 2882 3232 2953; x_wconf 81' lang='lat' dir='ltr'><strong>querimonia</strong></span> <span class='ocrx_word' id='word_1_662' title='bbox 3259 2882 3313 2935; x_wconf 91' lang='lat' dir='ltr'><strong>in</strong></span> <span class='ocrx_word' id='word_1_663' title='bbox 3336 2883 3573 2936; x_wconf 82' lang='lat' dir='ltr'><strong>concione</strong></span> <span class='ocrx_word' id='word_1_664' title='bbox 3595 2882 3658 2937; x_wconf 84' lang='lat' dir='ltr'><strong>de</strong></span> <span class='ocrx_word' id='word_1_665' title='bbox 3683 2882 3767 2936; x_wconf 82' lang='lat' dir='ltr'><strong>die</strong></span> 
     </span>
    </p>
   </div>
   <div class='ocr_carea' id='block_1_90' title="bbox 2196 2974 3766 3047">
    <p class='ocr_par' dir='ltr' id='par_1_90' title="bbox 2196 2974 3766 3047">
     <span class='ocr_line' id='line_1_90' title="bbox 2196 2974 3766 3047; baseline -0.001 -18"><span class='ocrx_word' id='word_1_666' title='bbox 2196 2974 2377 3031; x_wconf 83' lang='lat' dir='ltr'><strong>Natali</strong></span> <span class='ocrx_word' id='word_1_667' title='bbox 2401 2993 2536 3031; x_wconf 88' lang='lat' dir='ltr'><strong>anno</strong></span> <span class='ocrx_word' id='word_1_668' title='bbox 2572 2976 2697 3041; x_wconf 85' lang='grc'>586,</span> <span class='ocrx_word' id='word_1_669' title='bbox 2737 2987 2784 3030; x_wconf 79' lang='lat' dir='ltr'><strong>ct</strong></span> <span class='ocrx_word' id='word_1_670' title='bbox 2820 2978 2872 3031; x_wconf 87' lang='lat' dir='ltr'><strong>in</strong></span> <span class='ocrx_word' id='word_1_671' title='bbox 2912 2977 3148 3030; x_wconf 80' lang='lat' dir='ltr'><strong>concione</strong></span> <span class='ocrx_word' id='word_1_672' title='bbox 3173 2977 3236 3030; x_wconf 89' lang='lat' dir='ltr'><strong>de</strong></span> <span class='ocrx_word' id='word_1_673' title='bbox 3276 2975 3568 3047; x_wconf 85' lang='lat' dir='ltr'><strong>Epiphania</strong></span> <span class='ocrx_word' id='word_1_674' title='bbox 3592 2976 3766 3046; x_wconf 81' lang='lat' dir='ltr'><strong>paucis</strong></span> 
     </span>
    </p>
   </div>
   <div class='ocr_carea' id='block_1_91' title="bbox 2196 3066 3767 3137">
    <p class='ocr_par' dir='ltr' id='par_1_91' title="bbox 2196 3066 3767 3137">
     <span class='ocr_line' id='line_1_91' title="bbox 2196 3066 3767 3137; baseline -0.002 -17"><span class='ocrx_word' id='word_1_675' title='bbox 2196 3077 2309 3137; x_wconf 86' lang='lat' dir='ltr'><strong>post</strong></span> <span class='ocrx_word' id='word_1_676' title='bbox 2341 3067 2513 3121; x_wconf 80' lang='lat' dir='ltr'><strong>diebus</strong></span> <span class='ocrx_word' id='word_1_677' title='bbox 2536 3068 2707 3120; x_wconf 85' lang='lat' dir='ltr'><strong>habita</strong></span> <span class='ocrx_word' id='word_1_678' title='bbox 2738 3084 2872 3121; x_wconf 74' lang='lat' dir='ltr'><strong>attito</strong></span> <span class='ocrx_word' id='word_1_679' title='bbox 2901 3067 3002 3122; x_wconf 88' lang='grc'>587</span> <span class='ocrx_word' id='word_1_680' title='bbox 3030 3084 3048 3121; x_wconf 92' lang='lat'><strong><em>:</em></strong></span> <span class='ocrx_word' id='word_1_681' title='bbox 3083 3068 3218 3121; x_wconf 87' lang='lat' dir='ltr'><strong>unde</strong></span> <span class='ocrx_word' id='word_1_682' title='bbox 3255 3067 3484 3136; x_wconf 74' lang='lat' dir='ltr'><strong>fortassis</strong></span> <span class='ocrx_word' id='word_1_683' title='bbox 3528 3067 3579 3119; x_wconf 81' lang='lat' dir='ltr'><strong>in</strong></span> <span class='ocrx_word' id='word_1_684' title='bbox 3616 3066 3767 3118; x_wconf 86' lang='lat' dir='ltr'><strong>alter-</strong></span> 
     </span>
    </p>
   </div>
   <div class='ocr_carea' id='block_1_92' title="bbox 2194 3156 3765 3226">
    <p class='ocr_par' dir='ltr' id='par_1_92' title="bbox 2194 3156 3765 3226">
     <span class='ocr_line' id='line_1_92' title="bbox 2194 3156 3765 3226; baseline -0.002 -15"><span class='ocrx_word' id='word_1_685' title='bbox 2194 3160 2355 3212; x_wconf 79' lang='lat' dir='ltr'><strong>utrius</strong></span> <span class='ocrx_word' id='word_1_686' title='bbox 2382 3159 2503 3211; x_wconf 81' lang='lat' dir='ltr'><strong>anni</strong></span> <span class='ocrx_word' id='word_1_687' title='bbox 2534 3156 2845 3213; x_wconf 80' lang='lat' dir='ltr'><strong>Parasceven</strong></span> <span class='ocrx_word' id='word_1_688' title='bbox 2874 3159 2981 3212; x_wconf 76' lang='lat' dir='ltr'><strong>lucc</strong></span> <span class='ocrx_word' id='word_1_689' title='bbox 3008 3159 3216 3211; x_wconf 76' lang='lat' dir='ltr'><strong>humilia</strong></span> <span class='ocrx_word' id='word_1_690' title='bbox 3252 3157 3565 3226; x_wconf 77' lang='lat' dir='ltr'><strong>conjicienda</strong></span> <span class='ocrx_word' id='word_1_691' title='bbox 3599 3157 3765 3210; x_wconf 82' lang='lat' dir='ltr'><strong>ridea-</strong></span> 
     </span>
    </p>
   </div>
   <div class='ocr_carea' id='block_1_93' title="bbox 2196 3248 3765 3318">
    <p class='ocr_par' dir='ltr' id='par_1_93' title="bbox 2196 3248 3765 3318">
     <span class='ocr_line' id='line_1_93' title="bbox 2196 3248 3765 3318; baseline -0.001 -17"><span class='ocrx_word' id='word_1_692' title='bbox 2196 3259 2296 3302; x_wconf 84' lang='lat' dir='ltr'><strong>tur.</strong></span> <span class='ocrx_word' id='word_1_693' title='bbox 2340 3248 2518 3303; x_wconf 80' lang='lat' dir='ltr'><strong>Verum</strong></span> <span class='ocrx_word' id='word_1_694' title='bbox 2547 3266 2679 3303; x_wconf 84' lang='lat' dir='ltr'><strong>anno</strong></span> <span class='ocrx_word' id='word_1_695' title='bbox 2708 3249 2812 3305; x_wconf 86' lang='grc'>586</span> <span class='ocrx_word' id='word_1_696' title='bbox 2836 3253 3015 3318; x_wconf 86' lang='lat' dir='ltr'><strong>festum</strong></span> <span class='ocrx_word' id='word_1_697' title='bbox 3043 3249 3103 3303; x_wconf 91' lang='lat' dir='ltr'><strong>S.</strong></span> <span class='ocrx_word' id='word_1_698' title='bbox 3137 3248 3418 3313; x_wconf 65' lang='lat' dir='ltr'><strong>Domnina,</strong></span> <span class='ocrx_word' id='word_1_699' title='bbox 3448 3249 3549 3301; x_wconf 80' lang='lat' dir='ltr'><strong>sire</strong></span> <span class='ocrx_word' id='word_1_700' title='bbox 3576 3248 3765 3300; x_wconf 85' lang='lat' dir='ltr'><strong>decima</strong></span> 
     </span>
    </p>
   </div>
   <div class='ocr_carea' id='block_1_94' title="bbox 2194 3337 3766 3409">
    <p class='ocr_par' dir='ltr' id='par_1_94' title="bbox 2194 3337 3766 3409">
     <span class='ocr_line' id='line_1_94' title="bbox 2194 3337 3766 3409; baseline -0.001 -19"><span class='ocrx_word' id='word_1_701' title='bbox 2194 3350 2374 3408; x_wconf 82' lang='lat' dir='ltr'><strong>quarta</strong></span> <span class='ocrx_word' id='word_1_702' title='bbox 2427 3339 2534 3393; x_wconf 85' lang='lat' dir='ltr'><strong>dies</strong></span> <span class='ocrx_word' id='word_1_703' title='bbox 2581 3340 2770 3409; x_wconf 78' lang='lat' dir='ltr'><strong>Aprilis</strong></span> <span class='ocrx_word' id='word_1_704' title='bbox 2788 3379 2804 3401; x_wconf 85' lang='lat'><strong>,</strong></span> <span class='ocrx_word' id='word_1_705' title='bbox 2860 3339 3124 3393; x_wconf 80' lang='lat' dir='ltr'><strong>undecimo</strong></span> <span class='ocrx_word' id='word_1_706' title='bbox 3176 3350 3287 3408; x_wconf 84' lang='lat' dir='ltr'><strong>post</strong></span> <span class='ocrx_word' id='word_1_707' title='bbox 3341 3337 3677 3401; x_wconf 69' lang='lat' dir='ltr'><strong>Parasccvc&quot;,</strong></span> <span class='ocrx_word' id='word_1_708' title='bbox 3719 3347 3766 3391; x_wconf 86' lang='lat' dir='ltr'><strong>et</strong></span> 
     </span>
    </p>
   </div>
   <div class='ocr_carea' id='block_1_95' title="bbox 2194 3428 3763 3505">
    <p class='ocr_par' dir='ltr' id='par_1_95' title="bbox 2194 3428 3763 3505">
     <span class='ocr_line' id='line_1_95' title="bbox 2194 3428 3763 3505; baseline 0.001 -25"><span class='ocrx_word' id='word_1_709' title='bbox 2194 3444 2329 3505; x_wconf 84' lang='lat' dir='ltr'><strong>anno</strong></span> <span class='ocrx_word' id='word_1_710' title='bbox 2371 3429 2473 3483; x_wconf 85' lang='grc'>587</span> <span class='ocrx_word' id='word_1_711' title='bbox 2515 3429 2776 3482; x_wconf 82' lang='lat' dir='ltr'><strong>undecimo</strong></span> <span class='ocrx_word' id='word_1_712' title='bbox 2821 3440 2938 3483; x_wconf 85' lang='lat' dir='ltr'><strong>ante</strong></span> <span class='ocrx_word' id='word_1_713' title='bbox 2978 3428 3295 3484; x_wconf 81' lang='lat' dir='ltr'><strong>Parasceven</strong></span> <span class='ocrx_word' id='word_1_714' title='bbox 3341 3429 3421 3483; x_wconf 87' lang='lat' dir='ltr'><strong>die</strong></span> <span class='ocrx_word' id='word_1_715' title='bbox 3461 3430 3763 3482; x_wconf 85' lang='lat' dir='ltr'><strong>occurrebat.</strong></span> 
     </span>
    </p>
   </div>
   <div class='ocr_carea' id='block_1_96' title="bbox 2198 3518 3770 3591">
    <p class='ocr_par' dir='ltr' id='par_1_96' title="bbox 2198 3518 3770 3591">
     <span class='ocr_line' id='line_1_96' title="bbox 2198 3518 3770 3591; baseline 0.001 -19"><span class='ocrx_word' id='word_1_716' title='bbox 2198 3519 2517 3573; x_wconf 81' lang='lat' dir='ltr'><strong>Probabilius</strong></span> <span class='ocrx_word' id='word_1_717' title='bbox 2550 3537 2666 3590; x_wconf 85' lang='lat' dir='ltr'><strong>ergo</strong></span> <span class='ocrx_word' id='word_1_718' title='bbox 2703 3523 2949 3591; x_wconf 81' lang='lat' dir='ltr'><strong>referatur</strong></span> <span class='ocrx_word' id='word_1_719' title='bbox 2974 3521 3026 3573; x_wconf 87' lang='lat' dir='ltr'><strong>in</strong></span> <span class='ocrx_word' id='word_1_720' title='bbox 3066 3536 3252 3574; x_wconf 81' lang='lat' dir='ltr'><strong>annum</strong></span> <span class='ocrx_word' id='word_1_721' title='bbox 3287 3518 3411 3579; x_wconf 78' lang='lat'><strong>592.</strong></span> <span class='ocrx_word' id='word_1_722' title='bbox 3443 3536 3541 3588; x_wconf 84' lang='lat' dir='ltr'><strong>quo</strong></span> <span class='ocrx_word' id='word_1_723' title='bbox 3570 3518 3770 3573; x_wconf 73' lang='lat' dir='ltr'><strong>Pascha</strong></span> 
     </span>
    </p>
   </div>
   <div class='ocr_carea' id='block_1_97' title="bbox 2194 3612 3769 3682">
    <p class='ocr_par' dir='ltr' id='par_1_97' title="bbox 2194 3612 3769 3682">
     <span class='ocr_line' id='line_1_97' title="bbox 2194 3612 3769 3682; baseline -0.003 -15"><span class='ocrx_word' id='word_1_724' title='bbox 2194 3614 2535 3667; x_wconf 78' lang='lat' dir='ltr'><strong>celebrabatur</strong></span> <span class='ocrx_word' id='word_1_725' title='bbox 2560 3614 2797 3682; x_wconf 75' lang='lat' dir='ltr'><strong>vigesima</strong></span> <span class='ocrx_word' id='word_1_726' title='bbox 2834 3624 3006 3667; x_wconf 73' lang='lat' dir='ltr'><strong>octava</strong></span> <span class='ocrx_word' id='word_1_727' title='bbox 3035 3612 3228 3679; x_wconf 82' lang='lat' dir='ltr'><strong>Martii,</strong></span> <span class='ocrx_word' id='word_1_728' title='bbox 3270 3622 3315 3665; x_wconf 88' lang='lat' dir='ltr'><strong>et</strong></span> <span class='ocrx_word' id='word_1_729' title='bbox 3360 3612 3553 3664; x_wconf 76' lang='lat' dir='ltr'><strong>decima</strong></span> <span class='ocrx_word' id='word_1_730' title='bbox 3588 3620 3769 3681; x_wconf 84' lang='lat' dir='ltr'><strong>quarta</strong></span> 
     </span>
    </p>
   </div>
   <div class='ocr_carea' id='block_1_98' title="bbox 2196 3701 3766 3772">
    <p class='ocr_par' dir='ltr' id='par_1_98' title="bbox 2196 3701 3766 3772">
     <span class='ocr_line' id='line_1_98' title="bbox 2196 3701 3766 3772; baseline -0.001 -16"><span class='ocrx_word' id='word_1_731' title='bbox 2196 3703 2405 3772; x_wconf 81' lang='lat' dir='ltr'><strong>Aprilis,</strong></span> <span class='ocrx_word' id='word_1_732' title='bbox 2462 3703 2735 3757; x_wconf 81' lang='lat' dir='ltr'><strong>octodecim</strong></span> <span class='ocrx_word' id='word_1_733' title='bbox 2781 3704 2955 3757; x_wconf 82' lang='lat' dir='ltr'><strong>diebus</strong></span> <span class='ocrx_word' id='word_1_734' title='bbox 3010 3713 3121 3772; x_wconf 87' lang='lat' dir='ltr'><strong>post</strong></span> <span class='ocrx_word' id='word_1_735' title='bbox 3167 3713 3397 3757; x_wconf 82' lang='lat' dir='ltr'><strong>sanctam</strong></span> <span class='ocrx_word' id='word_1_736' title='bbox 3433 3701 3766 3756; x_wconf 69' lang='lat' dir='ltr'><strong>Parare-even.</strong></span> 
     </span>
    </p>
   </div>
   <div class='ocr_carea' id='block_1_99' title="bbox 2199 3793 3768 3864">
    <p class='ocr_par' dir='ltr' id='par_1_99' title="bbox 2199 3793 3768 3864">
     <span class='ocr_line' id='line_1_99' title="bbox 2199 3793 3768 3864; baseline -0.001 -16"><span class='ocrx_word' id='word_1_737' title='bbox 2199 3794 2309 3848; x_wconf 92' lang='lat' dir='ltr'><strong>lmo</strong></span> <span class='ocrx_word' id='word_1_738' title='bbox 2338 3795 2521 3864; x_wconf 82' lang='lat' dir='ltr'><strong>viginti</strong></span> <span class='ocrx_word' id='word_1_739' title='bbox 2549 3795 2753 3854; x_wconf 83' lang='lat' dir='ltr'><strong>diebus.</strong></span> <span class='ocrx_word' id='word_1_740' title='bbox 2783 3794 2827 3848; x_wconf 89' lang='lat' dir='ltr'><strong>si</strong></span> <span class='ocrx_word' id='word_1_741' title='bbox 2856 3795 3163 3864; x_wconf 78' lang='lat' dir='ltr'><strong>vigesimam</strong></span> <span class='ocrx_word' id='word_1_742' title='bbox 3191 3803 3395 3848; x_wconf 80' lang='lat' dir='ltr'><strong>sextam</strong></span> <span class='ocrx_word' id='word_1_743' title='bbox 3421 3793 3611 3859; x_wconf 84' lang='lat' dir='ltr'><strong>Martii,</strong></span> <span class='ocrx_word' id='word_1_744' title='bbox 3650 3810 3768 3862; x_wconf 77' lang='lat' dir='ltr'><strong>quze</strong></span> 
     </span>
    </p>
   </div>
   <div class='ocr_carea' id='block_1_100' title="bbox 2198 3885 3770 3956">
    <p class='ocr_par' dir='ltr' id='par_1_100' title="bbox 2198 3885 3770 3956">
     <span class='ocr_line' id='line_1_100' title="bbox 2198 3885 3770 3956; baseline -0.001 -16"><span class='ocrx_word' id='word_1_745' title='bbox 2198 3885 2536 3948; x_wconf 76' lang='lat' dir='ltr'><strong>l’arasceves,</strong></span> <span class='ocrx_word' id='word_1_746' title='bbox 2580 3895 2636 3940; x_wconf 89' lang='lat' dir='ltr'><strong>et</strong></span> <span class='ocrx_word' id='word_1_747' title='bbox 2656 3885 2916 3940; x_wconf 87' lang='lat' dir='ltr'><strong>decimam</strong></span> <span class='ocrx_word' id='word_1_748' title='bbox 2952 3894 3155 3945; x_wconf 77' lang='lat' dir='ltr'><strong>sextam</strong></span> <span class='ocrx_word' id='word_1_749' title='bbox 3188 3885 3400 3956; x_wconf 83' lang='lat' dir='ltr'><strong>Aprilis,</strong></span> <span class='ocrx_word' id='word_1_750' title='bbox 3433 3901 3535 3954; x_wconf 87' lang='lat' dir='ltr'><strong>qua</strong></span> <span class='ocrx_word' id='word_1_751' title='bbox 3574 3892 3770 3940; x_wconf 73' lang='lat' dir='ltr'><strong>sancta:</strong></span> 
     </span>
    </p>
   </div>
   <div class='ocr_carea' id='block_1_101' title="bbox 2198 3975 3501 4042">
    <p class='ocr_par' dir='ltr' id='par_1_101' title="bbox 2198 3975 3501 4042">
     <span class='ocr_line' id='line_1_101' title="bbox 2198 3975 3501 4042; baseline -0.003 -11"><span class='ocrx_word' id='word_1_752' title='bbox 2198 3977 2472 4031; x_wconf 76' lang='lat' dir='ltr'><strong>Domnina:</strong></span> <span class='ocrx_word' id='word_1_753' title='bbox 2493 3975 2687 4031; x_wconf 74' lang='lat' dir='ltr'><strong>festum</strong></span> <span class='ocrx_word' id='word_1_754' title='bbox 2713 3976 3099 4042; x_wconf 87' lang='lat' dir='ltr'><strong>celebrabatur,</strong></span> <span class='ocrx_word' id='word_1_755' title='bbox 3130 3991 3501 4030; x_wconf 87' lang='lat' dir='ltr'><strong>connumeres.</strong></span> 
     </span>
    </p>
   </div>
   <div class='ocr_carea' id='block_1_102' title="bbox 2274 4066 3772 4138">
    <p class='ocr_par' dir='ltr' id='par_1_102' title="bbox 2274 4066 3772 4138">
     <span class='ocr_line' id='line_1_102' title="bbox 2274 4066 3772 4138; baseline -0.003 -14"><span class='ocrx_word' id='word_1_756' title='bbox 2274 4070 2366 4124; x_wconf 82' lang='lat' dir='ltr'><strong>His</strong></span> <span class='ocrx_word' id='word_1_757' title='bbox 2391 4069 2690 4138; x_wconf 83' lang='lat' dir='ltr'><strong>adjicimus,</strong></span> <span class='ocrx_word' id='word_1_758' title='bbox 2721 4084 2821 4122; x_wconf 89' lang='lat' dir='ltr'><strong>nos</strong></span> <span class='ocrx_word' id='word_1_759' title='bbox 2842 4084 2909 4122; x_wconf 79' lang='lat' dir='ltr'><strong>ex</strong></span> <span class='ocrx_word' id='word_1_760' title='bbox 2935 4068 3295 4122; x_wconf 86' lang='lat' dir='ltr'><strong>admonitione</strong></span> <span class='ocrx_word' id='word_1_761' title='bbox 3319 4066 3460 4121; x_wconf 90' lang='lat' dir='ltr'><strong>circa</strong></span> <span class='ocrx_word' id='word_1_762' title='bbox 3480 4066 3772 4121; x_wconf 88' lang='lat' dir='ltr'><strong>tumultum</strong></span> 
     </span>
    </p>
   </div>
   <div class='ocr_carea' id='block_1_103' title="bbox 2198 4158 3772 4223">
    <p class='ocr_par' dir='ltr' id='par_1_103' title="bbox 2198 4158 3772 4223">
     <span class='ocr_line' id='line_1_103' title="bbox 2198 4158 3772 4223; baseline -0.003 -9"><span class='ocrx_word' id='word_1_763' title='bbox 2198 4160 2256 4214; x_wconf 86' lang='lat' dir='ltr'><strong>iu</strong></span> <span class='ocrx_word' id='word_1_764' title='bbox 2284 4159 2586 4215; x_wconf 82' lang='lat' dir='ltr'><strong>accedendo</strong></span> <span class='ocrx_word' id='word_1_765' title='bbox 2615 4159 2679 4213; x_wconf 88' lang='lat' dir='ltr'><strong>ad</strong></span> <span class='ocrx_word' id='word_1_766' title='bbox 2708 4173 2913 4213; x_wconf 81' lang='lat' dir='ltr'><strong>Sacram</strong></span> <span class='ocrx_word' id='word_1_767' title='bbox 2941 4159 3396 4223; x_wconf 88' lang='lat' dir='ltr'><strong>communionem,</strong></span> <span class='ocrx_word' id='word_1_768' title='bbox 3419 4173 3525 4213; x_wconf 88' lang='lat' dir='ltr'><strong>non</strong></span> <span class='ocrx_word' id='word_1_769' title='bbox 3551 4158 3772 4212; x_wconf 83' lang='lat' dir='ltr'><strong>multum</strong></span> 
     </span>
    </p>
   </div>
   <div class='ocr_carea' id='block_1_104' title="bbox 2201 4248 3773 4317">
    <p class='ocr_par' dir='ltr' id='par_1_104' title="bbox 2201 4248 3773 4317">
     <span class='ocr_line' id='line_1_104' title="bbox 2201 4248 3773 4317; baseline -0.003 -12"><span class='ocrx_word' id='word_1_770' title='bbox 2201 4251 2428 4317; x_wconf 85' lang='lat' dir='ltr'><strong>moveri,</strong></span> <span class='ocrx_word' id='word_1_771' title='bbox 2458 4259 2514 4305; x_wconf 88' lang='lat' dir='ltr'><strong>ut</strong></span> <span class='ocrx_word' id='word_1_772' title='bbox 2539 4264 2660 4305; x_wconf 86' lang='lat' dir='ltr'><strong>eam</strong></span> <span class='ocrx_word' id='word_1_773' title='bbox 2692 4250 2778 4304; x_wconf 90' lang='lat' dir='ltr'><strong>vel</strong></span> <span class='ocrx_word' id='word_1_774' title='bbox 2805 4249 2858 4303; x_wconf 91' lang='lat' dir='ltr'><strong>in</strong></span> <span class='ocrx_word' id='word_1_775' title='bbox 2880 4265 3078 4304; x_wconf 90' lang='lat' dir='ltr'><strong>annum</strong></span> <span class='ocrx_word' id='word_1_776' title='bbox 3105 4248 3229 4315; x_wconf 83' lang='grc'>586,</span> <span class='ocrx_word' id='word_1_777' title='bbox 3262 4249 3343 4302; x_wconf 92' lang='lat' dir='ltr'><strong>vel</strong></span> <span class='ocrx_word' id='word_1_778' title='bbox 3372 4249 3422 4301; x_wconf 92' lang='lat' dir='ltr'><strong>in</strong></span> <span class='ocrx_word' id='word_1_779' title='bbox 3452 4264 3647 4303; x_wconf 91' lang='lat' dir='ltr'><strong>annum</strong></span> <span class='ocrx_word' id='word_1_780' title='bbox 3670 4248 3773 4302; x_wconf 87' lang='grc'><strong>587</strong></span> 
     </span>
    </p>
   </div>
   <div class='ocr_carea' id='block_1_105' title="bbox 2201 4338 3774 4410">
    <p class='ocr_par' dir='ltr' id='par_1_105' title="bbox 2201 4338 3774 4410">
     <span class='ocr_line' id='line_1_105' title="bbox 2201 4338 3774 4410; baseline -0.002 -15"><span class='ocrx_word' id='word_1_781' title='bbox 2201 4341 2568 4410; x_wconf 87' lang='lat' dir='ltr'><strong>conjiciamus.</strong></span> <span class='ocrx_word' id='word_1_782' title='bbox 2601 4339 2781 4409; x_wconf 84' lang='lat' dir='ltr'><strong>Neque</strong></span> <span class='ocrx_word' id='word_1_783' title='bbox 2808 4341 2951 4394; x_wconf 88' lang='lat' dir='ltr'><strong>enim</strong></span> <span class='ocrx_word' id='word_1_784' title='bbox 2980 4340 3032 4394; x_wconf 90' lang='lat' dir='ltr'><strong>in</strong></span> <span class='ocrx_word' id='word_1_785' title='bbox 3061 4340 3295 4395; x_wconf 89' lang='lat' dir='ltr'><strong>homiliis</strong></span> <span class='ocrx_word' id='word_1_786' title='bbox 3326 4350 3528 4394; x_wconf 89' lang='lat' dir='ltr'><strong>tantum</strong></span> <span class='ocrx_word' id='word_1_787' title='bbox 3571 4339 3640 4395; x_wconf 91' lang='lat' dir='ltr'><strong>de</strong></span> <span class='ocrx_word' id='word_1_788' title='bbox 3669 4338 3774 4394; x_wconf 86' lang='lat' dir='ltr'><strong>Na-</strong></span> 
     </span>
    </p>
   </div>
   <div class='ocr_carea' id='block_1_106' title="bbox 2204 4431 3771 4502">
    <p class='ocr_par' dir='ltr' id='par_1_106' title="bbox 2204 4431 3771 4502">
     <span class='ocr_line' id='line_1_106' title="bbox 2204 4431 3771 4502; baseline -0.001 -17"><span class='ocrx_word' id='word_1_789' title='bbox 2204 4432 2291 4485; x_wconf 89' lang='lat' dir='ltr'><strong>tali</strong></span> <span class='ocrx_word' id='word_1_790' title='bbox 2323 4431 2467 4487; x_wconf 91' lang='lat' dir='ltr'><strong>etde</strong></span> <span class='ocrx_word' id='word_1_791' title='bbox 2512 4431 2807 4502; x_wconf 88' lang='lat' dir='ltr'><strong>Epiphania</strong></span> <span class='ocrx_word' id='word_1_792' title='bbox 2839 4431 3129 4485; x_wconf 89' lang='lat' dir='ltr'><strong>admonitio</strong></span> <span class='ocrx_word' id='word_1_793' title='bbox 3174 4431 3474 4502; x_wconf 87' lang='lat' dir='ltr'><strong>hujusmodi</strong></span> <span class='ocrx_word' id='word_1_794' title='bbox 3523 4431 3771 4497; x_wconf 87' lang='lat' dir='ltr'><strong>occurrit,</strong></span> 
     </span>
    </p>
   </div>
   <div class='ocr_carea' id='block_1_107' title="bbox 2202 4521 3772 4592">
    <p class='ocr_par' dir='ltr' id='par_1_107' title="bbox 2202 4521 3772 4592">
     <span class='ocr_line' id='line_1_107' title="bbox 2202 4521 3772 4592; baseline -0.003 -15"><span class='ocrx_word' id='word_1_795' title='bbox 2202 4522 2296 4577; x_wconf 89' lang='lat' dir='ltr'><strong>sed</strong></span> <span class='ocrx_word' id='word_1_796' title='bbox 2337 4523 2495 4577; x_wconf 89' lang='lat' dir='ltr'><strong>etiam</strong></span> <span class='ocrx_word' id='word_1_797' title='bbox 2535 4523 2587 4577; x_wconf 90' lang='lat' dir='ltr'><strong>in</strong></span> <span class='ocrx_word' id='word_1_798' title='bbox 2629 4522 2845 4577; x_wconf 88' lang='lat' dir='ltr'><strong>homilia</strong></span> <span class='ocrx_word' id='word_1_799' title='bbox 2873 4521 3191 4592; x_wconf 83' lang='lat' dir='ltr'><strong>praecedenti</strong></span> <span class='ocrx_word' id='word_1_800' title='bbox 3217 4522 3284 4576; x_wconf 92' lang='lat' dir='ltr'><strong>de</strong></span> <span class='ocrx_word' id='word_1_801' title='bbox 3309 4521 3442 4576; x_wconf 81' lang='lat' dir='ltr'><strong>Juda</strong></span> <span class='ocrx_word' id='word_1_802' title='bbox 3468 4521 3737 4591; x_wconf 87' lang='lat' dir='ltr'><strong>proditore</strong></span> <span class='ocrx_word' id='word_1_803' title='bbox 3757 4563 3772 4585; x_wconf 93' lang='lat'><strong>,</strong></span> 
     </span>
    </p>
   </div>
   <div class='ocr_carea' id='block_1_108' title="bbox 2201 4611 3781 4687">
    <p class='ocr_par' dir='ltr' id='par_1_108' title="bbox 2201 4611 3781 4687">
     <span class='ocr_line' id='line_1_108' title="bbox 2201 4611 3781 4687; baseline -0.004 -16"><span class='ocrx_word' id='word_1_804' title='bbox 2201 4617 2352 4687; x_wconf 67' lang='lat' dir='ltr'><strong>cuius</strong></span> <span class='ocrx_word' id='word_1_805' title='bbox 2371 4630 2568 4670; x_wconf 90' lang='lat' dir='ltr'><strong>annum</strong></span> <span class='ocrx_word' id='word_1_806' title='bbox 2598 4619 2867 4685; x_wconf 83' lang='lat' dir='ltr'><strong>assignare</strong></span> <span class='ocrx_word' id='word_1_807' title='bbox 2893 4630 2997 4668; x_wconf 91' lang='lat' dir='ltr'><strong>non</strong></span> <span class='ocrx_word' id='word_1_808' title='bbox 3029 4618 3313 4684; x_wconf 86' lang='lat' dir='ltr'><strong>potuimus.</strong></span> <span class='ocrx_word' id='word_1_809' title='bbox 3353 4613 3489 4681; x_wconf 81' lang='lat' dir='ltr'><strong>Quid</strong></span> <span class='ocrx_word' id='word_1_810' title='bbox 3517 4612 3657 4668; x_wconf 88' lang='lat' dir='ltr'><strong>enim</strong></span> <span class='ocrx_word' id='word_1_811' title='bbox 3698 4611 3781 4665; x_wconf 82' lang='lat' dir='ltr'><strong>in-</strong></span> 
     </span>
    </p>
   </div>
   <div class='ocr_carea' id='block_1_109' title="bbox 2203 4706 3779 4778">
    <p class='ocr_par' dir='ltr' id='par_1_109' title="bbox 2203 4706 3779 4778">
     <span class='ocr_line' id='line_1_109' title="bbox 2203 4706 3779 4778; baseline -0.002 -14"><span class='ocrx_word' id='word_1_812' title='bbox 2203 4708 2469 4765; x_wconf 85' lang='lat' dir='ltr'><strong>commodi</strong></span> <span class='ocrx_word' id='word_1_813' title='bbox 2499 4708 2722 4775; x_wconf 87' lang='lat' dir='ltr'><strong>accidat,</strong></span> <span class='ocrx_word' id='word_1_814' title='bbox 2747 4707 2792 4763; x_wconf 85' lang='lat' dir='ltr'><strong>si</strong></span> <span class='ocrx_word' id='word_1_815' title='bbox 2821 4722 3080 4777; x_wconf 89' lang='lat' dir='ltr'><strong>ponamus</strong></span> <span class='ocrx_word' id='word_1_816' title='bbox 3107 4706 3543 4778; x_wconf 82' lang='lat' dir='ltr'><strong>Chrysostomum</strong></span> <span class='ocrx_word' id='word_1_817' title='bbox 3594 4706 3779 4761; x_wconf 88' lang='lat' dir='ltr'><strong>multis</strong></span> 
     </span>
    </p>
   </div>
   <div class='ocr_carea' id='block_1_110' title="bbox 2203 4798 3777 4869">
    <p class='ocr_par' dir='ltr' id='par_1_110' title="bbox 2203 4798 3777 4869">
     <span class='ocr_line' id='line_1_110' title="bbox 2203 4798 3777 4869; baseline -0.003 -15"><span class='ocrx_word' id='word_1_818' title='bbox 2203 4801 2472 4869; x_wconf 86' lang='lat' dir='ltr'><strong>variisque</strong></span> <span class='ocrx_word' id='word_1_819' title='bbox 2501 4799 2674 4862; x_wconf 87' lang='lat' dir='ltr'><strong>annis,</strong></span> <span class='ocrx_word' id='word_1_820' title='bbox 2704 4799 2826 4867; x_wconf 88' lang='lat' dir='ltr'><strong>quia</strong></span> <span class='ocrx_word' id='word_1_821' title='bbox 2857 4813 2951 4867; x_wconf 90' lang='lat' dir='ltr'><strong>par</strong></span> <span class='ocrx_word' id='word_1_822' title='bbox 2978 4798 3231 4852; x_wconf 89' lang='lat' dir='ltr'><strong>tumultus</strong></span> <span class='ocrx_word' id='word_1_823' title='bbox 3258 4813 3288 4851; x_wconf 90' lang='lat' dir='ltr'><strong>a</strong></span> <span class='ocrx_word' id='word_1_824' title='bbox 3317 4798 3509 4867; x_wconf 91' lang='lat' dir='ltr'><strong>populo</strong></span> <span class='ocrx_word' id='word_1_825' title='bbox 3538 4799 3777 4851; x_wconf 85' lang='lat' dir='ltr'><strong>concita-</strong></span> 
     </span>
    </p>
   </div>
   <div class='ocr_carea' id='block_1_111' title="bbox 2204 4889 3781 4959">
    <p class='ocr_par' dir='ltr' id='par_1_111' title="bbox 2204 4889 3781 4959">
     <span class='ocr_line' id='line_1_111' title="bbox 2204 4889 3781 4959; baseline 0 -14"><span class='ocrx_word' id='word_1_826' title='bbox 2204 4892 2378 4958; x_wconf 87' lang='lat' dir='ltr'><strong>hatur,</strong></span> <span class='ocrx_word' id='word_1_827' title='bbox 2403 4890 2588 4945; x_wconf 87' lang='lat' dir='ltr'><strong>eadem</strong></span> <span class='ocrx_word' id='word_1_828' title='bbox 2618 4891 2693 4944; x_wconf 89' lang='lat' dir='ltr'><strong>uti</strong></span> <span class='ocrx_word' id='word_1_829' title='bbox 2724 4890 3088 4943; x_wconf 86' lang='lat' dir='ltr'><strong>admonitione</strong></span> <span class='ocrx_word' id='word_1_830' title='bbox 3110 4905 3244 4959; x_wconf 86' lang='lat' dir='ltr'><strong>opus</strong></span> <span class='ocrx_word' id='word_1_831' title='bbox 3275 4889 3544 4944; x_wconf 83' lang='lat' dir='ltr'><strong>habuisse.</strong></span> <span class='ocrx_word' id='word_1_832' title='bbox 3574 4890 3781 4945; x_wconf 82' lang='lat' dir='ltr'><strong>Meliori</strong></span> 
     </span>
    </p>
   </div>
   <div class='ocr_carea' id='block_1_112' title="bbox 2205 4981 3784 5053">
    <p class='ocr_par' dir='ltr' id='par_1_112' title="bbox 2205 4981 3784 5053">
     <span class='ocr_line' id='line_1_112' title="bbox 2205 4981 3784 5053; baseline -0.001 -16"><span class='ocrx_word' id='word_1_833' title='bbox 2205 4985 2365 5053; x_wconf 84' lang='lat' dir='ltr'><strong>igitur</strong></span> <span class='ocrx_word' id='word_1_834' title='bbox 2389 4983 2595 5037; x_wconf 88' lang='lat' dir='ltr'><strong>calculo</strong></span> <span class='ocrx_word' id='word_1_835' title='bbox 2622 4983 2675 5036; x_wconf 86' lang='lat' dir='ltr'><strong>in</strong></span> <span class='ocrx_word' id='word_1_836' title='bbox 2698 4997 2895 5037; x_wconf 85' lang='lat' dir='ltr'><strong>annum</strong></span> <span class='ocrx_word' id='word_1_837' title='bbox 2923 4981 3028 5036; x_wconf 76' lang='lat'><strong>592</strong></span> <span class='ocrx_word' id='word_1_838' title='bbox 3053 4981 3353 5045; x_wconf 88' lang='lat' dir='ltr'><strong>referimus,</strong></span> <span class='ocrx_word' id='word_1_839' title='bbox 3384 4982 3483 5035; x_wconf 90' lang='lat' dir='ltr'><strong>etsi</strong></span> <span class='ocrx_word' id='word_1_840' title='bbox 3528 4996 3633 5035; x_wconf 88' lang='lat' dir='ltr'><strong>non</strong></span> <span class='ocrx_word' id='word_1_841' title='bbox 3665 4998 3784 5035; x_wconf 85' lang='lat' dir='ltr'><strong>om-</strong></span> 
     </span>
    </p>
   </div>
   <div class='ocr_carea' id='block_1_113' title="bbox 2208 5056 3786 5145">
    <p class='ocr_par' dir='ltr' id='par_1_113' title="bbox 2208 5056 3786 5145">
     <span class='ocr_line' id='line_1_113' title="bbox 2208 5056 3786 5145; baseline -0.003 -17"><span class='ocrx_word' id='word_1_842' title='bbox 2208 5075 2293 5129; x_wconf 85' lang='lat' dir='ltr'><strong>nis</strong></span> <span class='ocrx_word' id='word_1_843' title='bbox 2320 5088 2538 5145; x_wconf 88' lang='lat' dir='ltr'><strong>prorsus</strong></span> <span class='ocrx_word' id='word_1_844' title='bbox 2566 5073 2765 5127; x_wconf 88' lang='lat' dir='ltr'><strong>tollitur</strong></span> <span class='ocrx_word' id='word_1_845' title='bbox 2789 5072 3062 5126; x_wconf 88' lang='lat' dir='ltr'><strong>dubitandi</strong></span> <span class='ocrx_word' id='word_1_846' title='bbox 3093 5056 3274 5127; x_wconf 79' lang='lat' dir='ltr'><strong>causa.</strong></span> <span class='ocrx_word' id='word_1_847' title='bbox 3305 5070 3438 5125; x_wconf 85' lang='lat' dir='ltr'><strong>Nam</strong></span> <span class='ocrx_word' id='word_1_848' title='bbox 3469 5080 3526 5125; x_wconf 89' lang='lat' dir='ltr'><strong>ut</strong></span> <span class='ocrx_word' id='word_1_849' title='bbox 3550 5070 3786 5125; x_wconf 83' lang='lat' dir='ltr'><strong>diximus</strong></span> 
     </span>
    </p>
   </div>
   <div class='ocr_carea' id='block_1_114' title="bbox 2209 5163 3785 5241">
    <p class='ocr_par' dir='ltr' id='par_1_114' title="bbox 2209 5163 3785 5241">
     <span class='ocr_line' id='line_1_114' title="bbox 2209 5163 3785 5241; baseline -0.004 -21"><span class='ocrx_word' id='word_1_850' title='bbox 2209 5166 2261 5220; x_wconf 86' lang='lat' dir='ltr'><strong>in</strong></span> <span class='ocrx_word' id='word_1_851' title='bbox 2283 5165 2482 5220; x_wconf 75' lang='lat' dir='ltr'><strong>Manilo</strong></span> <span class='ocrx_word' id='word_1_852' title='bbox 2499 5163 2567 5218; x_wconf 90' lang='lat' dir='ltr'><strong>ad</strong></span> <span class='ocrx_word' id='word_1_853' title='bbox 2594 5163 2839 5218; x_wconf 89' lang='lat' dir='ltr'><strong>bomilias</strong></span> <span class='ocrx_word' id='word_1_854' title='bbox 2863 5173 2919 5218; x_wconf 92' lang='lat' dir='ltr'><strong>et</strong></span> <span class='ocrx_word' id='word_1_855' title='bbox 2940 5164 3085 5229; x_wconf 87' lang='lat' dir='ltr'><strong>alibi,</strong></span> <span class='ocrx_word' id='word_1_856' title='bbox 3117 5163 3308 5241; x_wconf 71' lang='lat' dir='ltr'><strong>tabula;</strong></span> <span class='ocrx_word' id='word_1_857' title='bbox 3339 5163 3641 5227; x_wconf 81' lang='lat' dir='ltr'><strong>Pascliales,</strong></span> <span class='ocrx_word' id='word_1_858' title='bbox 3667 5177 3785 5231; x_wconf 80' lang='lat' dir='ltr'><strong>qua:</strong></span> 
     </span>
    </p>
   </div>
   <div class='ocr_carea' id='block_1_115' title="bbox 2208 5253 3786 5325">
    <p class='ocr_par' dir='ltr' id='par_1_115' title="bbox 2208 5253 3786 5325">
     <span class='ocr_line' id='line_1_115' title="bbox 2208 5253 3786 5325; baseline -0.004 -14"><span class='ocrx_word' id='word_1_859' title='bbox 2208 5266 2332 5311; x_wconf 86' lang='lat' dir='ltr'><strong>sum</strong></span> <span class='ocrx_word' id='word_1_860' title='bbox 2360 5255 2741 5325; x_wconf 86' lang='lat' dir='ltr'><strong>posterioribus</strong></span> <span class='ocrx_word' id='word_1_861' title='bbox 2762 5256 2971 5310; x_wconf 59' lang='lat' dir='ltr'><strong>sarculis</strong></span> <span class='ocrx_word' id='word_1_862' title='bbox 2997 5254 3349 5314; x_wconf 63' lang='lat' dir='ltr'><strong>concinnatae.</strong></span> <span class='ocrx_word' id='word_1_863' title='bbox 3372 5270 3492 5308; x_wconf 87' lang='lat' dir='ltr'><strong>cum</strong></span> <span class='ocrx_word' id='word_1_864' title='bbox 3515 5253 3786 5308; x_wconf 86' lang='lat' dir='ltr'><strong>veteribus</strong></span> 
     </span>
    </p>
   </div>
   <div class='ocr_carea' id='block_1_116' title="bbox 2209 5346 3783 5417">
    <p class='ocr_par' dir='ltr' id='par_1_116' title="bbox 2209 5346 3783 5417">
     <span class='ocr_line' id='line_1_116' title="bbox 2209 5346 3783 5417; baseline -0.003 -15"><span class='ocrx_word' id='word_1_865' title='bbox 2209 5348 2425 5402; x_wconf 90' lang='lat' dir='ltr'><strong>calculis</strong></span> <span class='ocrx_word' id='word_1_866' title='bbox 2454 5362 2563 5403; x_wconf 89' lang='lat' dir='ltr'><strong>non</strong></span> <span class='ocrx_word' id='word_1_867' title='bbox 2591 5363 2803 5417; x_wconf 87' lang='lat' dir='ltr'><strong>semper</strong></span> <span class='ocrx_word' id='word_1_868' title='bbox 2826 5347 3169 5414; x_wconf 86' lang='lat' dir='ltr'><strong>concordant,</strong></span> <span class='ocrx_word' id='word_1_869' title='bbox 3209 5347 3380 5416; x_wconf 81' lang='lat' dir='ltr'><strong>iisque</strong></span> <span class='ocrx_word' id='word_1_870' title='bbox 3409 5362 3515 5401; x_wconf 91' lang='lat' dir='ltr'><strong>non</strong></span> <span class='ocrx_word' id='word_1_871' title='bbox 3559 5346 3783 5402; x_wconf 89' lang='lat' dir='ltr'><strong>omnino</strong></span> 
     </span>
    </p>
   </div>
   <div class='ocr_carea' id='block_1_117' title="bbox 2209 5437 2729 5494">
    <p class='ocr_par' dir='ltr' id='par_1_117' title="bbox 2209 5437 2729 5494">
     <span class='ocr_line' id='line_1_117' title="bbox 2209 5437 2729 5494; baseline -0.006 0"><span class='ocrx_word' id='word_1_872' title='bbox 2209 5438 2342 5494; x_wconf 83' lang='lat' dir='ltr'><strong>ﬁdes</strong></span> <span class='ocrx_word' id='word_1_873' title='bbox 2360 5448 2442 5493; x_wconf 86' lang='lat' dir='ltr'><strong>est</strong></span> <span class='ocrx_word' id='word_1_874' title='bbox 2467 5437 2729 5493; x_wconf 83' lang='lat' dir='ltr'><strong>habenda.</strong></span> 
     </span>
    </p>
   </div>
   <div class='ocr_carea' id='block_1_118' title="bbox 2280 5525 3787 5599">
    <p class='ocr_par' dir='ltr' id='par_1_118' title="bbox 2280 5525 3787 5599">
     <span class='ocr_line' id='line_1_118' title="bbox 2280 5525 3787 5599; baseline -0.005 -14"><span class='ocrx_word' id='word_1_875' title='bbox 2280 5529 2526 5585; x_wconf 85' lang='lat' dir='ltr'><strong>Nondum</strong></span> <span class='ocrx_word' id='word_1_876' title='bbox 2547 5529 2743 5599; x_wconf 89' lang='lat' dir='ltr'><strong>elapsis</strong></span> <span class='ocrx_word' id='word_1_877' title='bbox 2765 5529 2946 5599; x_wconf 90' lang='lat' dir='ltr'><strong>viginti</strong></span> <span class='ocrx_word' id='word_1_878' title='bbox 2967 5528 3152 5584; x_wconf 85' lang='lat' dir='ltr'><strong>diebus</strong></span> <span class='ocrx_word' id='word_1_879' title='bbox 3175 5544 3205 5582; x_wconf 94' lang='lat' dir='ltr'><strong>a</strong></span> <span class='ocrx_word' id='word_1_880' title='bbox 3226 5528 3522 5583; x_wconf 89' lang='lat' dir='ltr'><strong>Parasccvc</strong></span> <span class='ocrx_word' id='word_1_881' title='bbox 3542 5525 3787 5591; x_wconf 51' lang='lat' dir='ltr'><strong>Paschas,</strong></span> 
     </span>
    </p>
   </div>
   <div class='ocr_carea' id='block_1_119' title="bbox 2212 5618 3786 5697">
    <p class='ocr_par' dir='ltr' id='par_1_119' title="bbox 2212 5618 3786 5697">
     <span class='ocr_line' id='line_1_119' title="bbox 2212 5618 3786 5697; baseline -0.003 -19"><span class='ocrx_word' id='word_1_882' title='bbox 2212 5624 2266 5678; x_wconf 88' lang='lat' dir='ltr'><strong>in</strong></span> <span class='ocrx_word' id='word_1_883' title='bbox 2290 5638 2391 5694; x_wconf 88' lang='lat' dir='ltr'><strong>qua</strong></span> <span class='ocrx_word' id='word_1_884' title='bbox 2416 5624 2728 5677; x_wconf 82' lang='lat' dir='ltr'><strong>concionem</strong></span> <span class='ocrx_word' id='word_1_885' title='bbox 2753 5621 2820 5677; x_wconf 89' lang='lat' dir='ltr'><strong>de</strong></span> <span class='ocrx_word' id='word_1_886' title='bbox 2836 5621 3169 5678; x_wconf 71' lang='lat' dir='ltr'><strong>Cmmeterio</strong></span> <span class='ocrx_word' id='word_1_887' title='bbox 3183 5632 3238 5677; x_wconf 89' lang='lat' dir='ltr'><strong>et</strong></span> <span class='ocrx_word' id='word_1_888' title='bbox 3253 5621 3424 5676; x_wconf 90' lang='lat' dir='ltr'><strong>Crucc</strong></span> <span class='ocrx_word' id='word_1_889' title='bbox 3451 5620 3584 5697; x_wconf 79' lang='lat' dir='ltr'><strong>dixit</strong></span> <span class='ocrx_word' id='word_1_890' title='bbox 3610 5619 3696 5691; x_wconf 88' lang='grc' dir='ltr'><strong>(Τ.</strong></span> <span class='ocrx_word' id='word_1_891' title='bbox 3726 5618 3786 5686; x_wconf 89' lang='lat'><strong>2,</strong></span> 
     </span>
    </p>
   </div>
   <div class='ocr_carea' id='block_1_120' title="bbox 2221 5709 3790 5784">
    <p class='ocr_par' dir='ltr' id='par_1_120' title="bbox 2221 5709 3790 5784">
     <span class='ocr_line' id='line_1_120' title="bbox 2221 5709 3790 5784; baseline -0.002 -19"><span class='ocrx_word' id='word_1_892' title='bbox 2221 5709 2440 5784; x_wconf 78' lang='lat' dir='ltr'><strong>c.627),</strong></span> <span class='ocrx_word' id='word_1_893' title='bbox 2486 5712 2771 5768; x_wconf 83' lang='lat' dir='ltr'><strong>llomiliam</strong></span> <span class='ocrx_word' id='word_1_894' title='bbox 2816 5713 2999 5768; x_wconf 86' lang='lat' dir='ltr'><strong>habuit</strong></span> <span class='ocrx_word' id='word_1_895' title='bbox 3040 5712 3106 5767; x_wconf 87' lang='lat' dir='ltr'><strong>de</strong></span> <span class='ocrx_word' id='word_1_896' title='bbox 3148 5712 3247 5768; x_wconf 90' lang='lat' dir='ltr'><strong>SS.</strong></span> <span class='ocrx_word' id='word_1_897' title='bbox 3291 5712 3515 5768; x_wconf 86' lang='lat' dir='ltr'><strong>Bernice</strong></span> <span class='ocrx_word' id='word_1_898' title='bbox 3543 5723 3600 5768; x_wconf 91' lang='lat' dir='ltr'><strong>et</strong></span> <span class='ocrx_word' id='word_1_899' title='bbox 3628 5710 3790 5766; x_wconf 82' lang='lat' dir='ltr'><strong>Pros-</strong></span> 
     </span>
    </p>
   </div>
   <div class='ocr_carea' id='block_1_121' title="bbox 2218 5804 3784 5877">
    <p class='ocr_par' dir='ltr' id='par_1_121' title="bbox 2218 5804 3784 5877">
     <span class='ocr_line' id='line_1_121' title="bbox 2218 5804 3784 5877; baseline -0.003 -16"><span class='ocrx_word' id='word_1_900' title='bbox 2218 5806 2349 5861; x_wconf 87' lang='lat' dir='ltr'><strong>doce</strong></span> <span class='ocrx_word' id='word_1_901' title='bbox 2384 5805 2672 5877; x_wconf 84' lang='lat' dir='ltr'><strong>virginibus</strong></span> <span class='ocrx_word' id='word_1_902' title='bbox 2713 5804 2861 5863; x_wconf 88' lang='lat' dir='ltr'><strong>etde</strong></span> <span class='ocrx_word' id='word_1_903' title='bbox 2889 5806 2946 5861; x_wconf 89' lang='lat' dir='ltr'><strong>S.</strong></span> <span class='ocrx_word' id='word_1_904' title='bbox 2991 5805 3248 5862; x_wconf 90' lang='lat' dir='ltr'><strong>Domnina</strong></span> <span class='ocrx_word' id='word_1_905' title='bbox 3289 5820 3471 5861; x_wconf 90' lang='lat' dir='ltr'><strong>carum</strong></span> <span class='ocrx_word' id='word_1_906' title='bbox 3499 5815 3691 5874; x_wconf 78' lang='lat' dir='ltr'><strong>matre,</strong></span> <span class='ocrx_word' id='word_1_907' title='bbox 3727 5809 3784 5857; x_wconf 85' lang='lat' dir='ltr'><strong>ut</strong></span> 
     </span>
    </p>
   </div>
  </div>
