4122 6386
413 378 517 433 133

405 488 519 557 ipse
547 488 961 560 Chrysostomus
992 488 1267 557 perspicue
1293 486 1426 542 dixit
1445 485 1615 540 initio.
1648 485 1867 540 Orditur
1894 499 1989 538 au-

406 586 512 631 tem
537 578 827 633 ostendens
844 587 967 633 ante
982 576 1176 633 Christi
1199 586 1448 643 mortem,
1473 591 1593 631 cum
1619 576 1852 631 nondum
1877 575 1991 644 ipse

403 677 586 738 portas
615 684 783 723 aereas
801 679 1050 725 etveCtes
1079 668 1287 724 ferreos
1306 668 1591 722 crucifixus
1615 667 1985 735 confregisset,

404 764 651 817 homines
675 762 963 817 admodum
994 773 1222 817 mortem
1250 760 1535 824 metuisse;
1561 761 1612 814 in
1656 760 1991 828 exemplum-

402 868 508 923 que
539 853 693 907 affert
717 854 862 908 viros
891 856 942 907 in
970 854 1134 909 veteri
1180 854 1297 923 lege
1322 852 1707 919 sanctissimos,
1750 850 1993 906 Abraha-

403 961 548 999 mum
578 962 789 1018 nempe,
820 946 1076 1002 Jacohum
1103 956 1157 1001 et
1187 947 1416 1012 Heliam,
1442 946 1531 1015 qui
1554 945 1818 1014 ingentem
1840 957 1989 997 mor-

401 1038 469 1091 tis
501 1038 744 1093 timorem
773 1054 880 1107 prae
909 1054 967 1093 se
991 1040 1242 1092 tulerunt.
1276 1038 1405 1092 Post
1433 1046 1657 1091 mortem
1685 1051 1813 1091 vero
1837 1034 1992 1090 Chri-

403 1128 493 1192 sti,
519 1129 552 1182 ii
592 1145 679 1199 qut
709 1131 760 1182 in
795 1130 965 1198 ipsum
1019 1129 1241 1184 credunt
1281 1129 1528 1197 illiusque
1568 1142 1753 1181 amore
1803 1136 1992 1180 tenen-

405 1228 508 1283 tur,
538 1222 999 1276 mortemonmino
1018 1231 1385 1285 contemnunt,
1409 1221 1517 1274 imo
1544 1220 1687 1273 illam
1713 1227 1986 1288 appetunt;

404 1327 504 1366 nec
520 1313 613 1364 viri
643 1312 820 1378 modo,
849 1313 941 1368 sed
967 1314 1121 1366 etiam
1142 1313 1410 1378 mulieres,
1443 1312 1630 1380 puella:
1655 1320 1711 1365 et
1733 1311 1988 1380 virgines.

409 1403 543 1458 Ilinc
573 1404 846 1458 historiam
867 1407 997 1459 texit
1021 1406 1291 1471 Berniccs,
1318 1404 1613 1459 Prosdoces
1639 1414 1692 1458 et
1714 1404 1991 1458 Domninae

405 1511 591 1549 earum
620 1497 824 1562 matris,
856 1512 974 1566 qua:
1007 1497 1073 1550 ad
1103 1509 1329 1551 mortem
1362 1513 1458 1567 pro
1486 1496 1700 1552 Christo
1724 1497 1983 1568 quaesitae,

404 1586 582 1642 divino
608 1588 820 1642 amante
849 1588 1065 1658 Spiritu,
1095 1590 1147 1642 in
1175 1588 1369 1643 flumen
1399 1603 1458 1642 se
1477 1589 1775 1658 conjecere.

476 1682 611 1737 lluic
630 1682 857 1736 homilize
879 1682 1036 1737 aliam
1056 1681 1424 1751 subjungimus
1444 1680 1528 1749 (Τ.
1546 1681 1602 1734 ‘2.
1634 1698 1678 1734 c.
1708 1680 1797 1735 6H
1816 1680 1855 1749 ),
1873 1695 1991 1749 quae

407 1772 530 1825 licet
559 1787 661 1825 non
690 1772 901 1837 eodem,
948 1773 1041 1827 sed
1073 1775 1251 1841 ignoto
1290 1773 1443 1826 nobis
1473 1788 1611 1825 anno
1637 1771 1779 1825 dicta
1810 1772 1988 1833 fuerit,

406 1862 491 1917 hic
523 1872 695 1917 tamen
725 1864 1189 1918 commemoranda
1220 1874 1321 1929 est,
1374 1864 1494 1934 quia
1543 1863 1787 1933 quaedam
1832 1863 1992 1918 habet

405 1954 469 2007 ad
497 1954 861 2023 explicandam
893 1958 1124 2024 priorem
1172 1966 1487 2024 opportuna.
1531 1954 1771 2009 Antehac
1812 1955 1990 2024 ignota

405 2045 629 2111 primum
661 2060 690 2098 a
721 2047 873 2099 nobis
912 2046 1049 2100 edita
1092 2045 1210 2100 fuit.
1254 2046 1439 2100 Habita
1478 2061 1641 2116 porro
1685 2054 1767 2101 est
1813 2047 1991 2116 paucis

406 2146 523 2202 post
544 2135 1008 2190 Resurrectioncm
1041 2138 1249 2190 Domini
1276 2137 1487 2202 diebus,
1514 2147 1568 2191 et
1593 2137 1827 2207 quidem,
1858 2146 1917 2191 ut
1937 2138 1989 2191 in

409 2227 513 2280 fine
541 2228 814 2282 concionis
840 2229 1093 2293 inuuitur,
1125 2229 1176 2282 in
1222 2229 1359 2282 festo
1387 2239 1687 2283 sanctarum
1716 2230 1987 2291 Berniccs,

406 2317 700 2373 Prosdoces
724 2328 777 2373 et
808 2320 1080 2373 Domuinze
1106 2320 1311 2374 matris.
1346 2320 1441 2374 llic
1469 2330 1645 2375 autem
1675 2321 1791 2374 illas
1820 2321 1994 2374 nomi-

404 2410 568 2462 natim
600 2425 705 2462 non
733 2420 973 2464 recenset
998 2411 1431 2481 Chrysostomus,
1460 2412 1553 2466 sed
1589 2412 1723 2466 adeo
1743 2413 1887 2466 clare
1912 2413 1993 2465 in-

404 2498 567 2565 dicat,
597 2509 651 2554 ut
683 2500 900 2568 perinde
920 2510 1122 2554 certum
1152 2501 1221 2554 sit
1249 2501 1316 2555 de
1342 2502 1445 2555 illis
1475 2502 1579 2571 agi,
1607 2510 1766 2571 atque
1792 2502 1835 2556 si
1868 2517 1994 2570 pro-

404 2592 520 2658 prio
547 2592 762 2645 nomine
789 2593 1202 2661 appellarentur.
1228 2592 1414 2662 Agitur
1441 2594 1691 2646 nimirum
1725 2593 1794 2647 de
1820 2605 1991 2648 matre

404 2691 457 2736 et
482 2683 548 2737 de
571 2684 797 2749 liliabus,
824 2700 943 2753 qure
968 2685 1241 2739 servandae
1272 2686 1393 2740 fidei
1424 2686 1789 2755 pudicitimque
1808 2701 1988 2751 causa,

407 2789 526 2843 post
570 2778 807 2831 relictam
842 2779 1063 2845 patriam
1093 2792 1213 2832 sese
1246 2778 1297 2831 in
1342 2779 1541 2831 flumen
1572 2779 1987 2847 praecipitarunt.

407 2866 688 2935 Singulare
714 2867 982 2935 quidpiam
1011 2867 1097 2921 hic
1131 2868 1355 2937 carptim
1382 2867 1533 2934 dicit,
1564 2867 1705 2937 quod
1729 2868 1780 2922 in
1812 2868 1990 2937 priore

404 2954 473 3011 de
498 2956 594 3011 SS.
626 2956 850 3011 Bernice
887 2968 942 3012 et
984 2958 1249 3013 Prosdoce
1292 2959 1507 3012 homilia
1533 2974 1638 3012 non
1678 2968 1988 3027 comparet;

406 3063 599 3117 nempe
628 3059 910 3119 tyrannum
936 3049 1216 3119 quemdam
1240 3051 1479 3105 etelibem
1512 3051 1866 3120 virginitatem
1901 3066 1993 3105 ea-

412 3155 550 3203 rum,
581 3156 772 3210 nempe
812 3141 1085 3195 Domninae
1114 3141 1363 3208 filiarum,
1390 3153 1595 3198 tentare
1621 3144 1868 3207 voluisse,
1897 3143 1990 3197 sed

406 3234 709 3286 inaccessas
738 3231 898 3286 fuisse
922 3234 1190 3303 virgines:
1222 3235 1362 3304 quod
1392 3237 1575 3305 utique
1605 3236 1728 3290 licet
1770 3236 1991 3290 sileatur

404 3323 457 3377 in
488 3324 685 3392 priore,
716 3325 961 3394 congruit
988 3333 1165 3380 tamen
1208 3342 1329 3380 cum
1378 3327 1463 3392 iis,
1515 3344 1635 3395 qua:
1678 3345 1824 3383 num.
1854 3330 1885 3383 7
1911 3330 1995 3383 di-

403 3424 615 3481 cuntur,
643 3430 835 3486 nempe
863 3417 1176 3470 Domninam
1199 3432 1317 3472 sese
1343 3433 1463 3471 cum
1491 3418 1700 3473 ﬁliabus
1721 3420 1771 3473 in
1794 3420 1990 3474 flun'ien

404 3508 783 3575 praecipitasse,
815 3523 921 3563 non
951 3511 1091 3579 quod
1123 3520 1383 3566 tormenta
1419 3522 1699 3579 metueret,
1732 3515 1825 3569 sed
1851 3516 1989 3584 quod

405 3598 619 3653 timeret
638 3616 705 3653 ne
726 3601 844 3668 quis
871 3601 1095 3654 liliarum
1127 3617 1341 3656 suarum
1368 3604 1729 3672 virginitatem
1750 3620 1993 3659 corrum-

406 3699 588 3759 peret:
620 3707 726 3761 quo
754 3692 991 3746 innuitur
1016 3694 1248 3762 judicent
1280 3710 1372 3749 seu
1401 3705 1681 3767 tyrannum
1714 3698 1990 3753 Domninre

405 3783 620 3836 ﬁliabus
644 3785 947 3853 cupiditatis
973 3787 1153 3840 oculos
1182 3788 1461 3856 adjecisse.
1507 3790 1639 3844 Huic
1686 3790 1753 3845 de
1794 3793 1991 3845 sanctis

404 3874 716 3928 mulieribus
736 3878 966 3930 sermoni
996 3878 1269 3946 prrcmittit
1285 3878 1700 3951 Chrysostomus
1720 3884 1992 3937 concionis

404 3966 683 4032 prmtcritse
710 3967 980 4036 reliquias,
1028 3969 1117 4022 ubi
1168 3980 1447 4039 postquam
1476 3973 1756 4041 quresitum
1795 3972 1988 4039 fuerat,

403 4072 499 4110 cur
523 4057 755 4112 Joannes
781 4060 925 4113 solus
950 4062 1400 4130 evangelistarum
1446 4063 1513 4117 de
1560 4064 1760 4118 Lazaro
1788 4068 1992 4134 quatri-

406 4149 582 4202 d'uano
612 4148 862 4218 loquutus
892 4161 1067 4216 esset;
1096 4168 1217 4206 cum
1238 4169 1453 4207 causam
1484 4155 1773 4221 attulisset,
1804 4156 1869 4210 de
1893 4157 1993 4209 La-

406 4254 530 4292 zaro
558 4254 663 4293 non
694 4256 856 4309 pauca
887 4243 1045 4296 solito
1069 4245 1209 4315 ston
1235 4245 1502 4300 edisserit.
1529 4248 1605 4300 Ex
1636 4258 1873 4318 tempore
1896 4266 1993 4303 au-

406 4338 513 4384 tem
548 4332 882 4398 pronuntiata
915 4332 1081 4388 fuisse
1110 4333 1323 4389 videtur
1355 4336 1467 4389 lucc
1509 4339 1717 4397 concio,
1770 4348 1826 4391 ut
1871 4339 1991 4393 alia:

406 4439 510 4477 non
536 4440 733 4492 pauca),
763 4441 879 4494 quae
909 4428 1051 4495 paris
1075 4437 1199 4481 sunt
1228 4429 1524 4483 brevitatis.

478 4518 533 4570 ln
566 4516 705 4571 hunc
729 4534 923 4573 annum
956 4520 1325 4575 Tillemontius
1364 4522 1569 4575 confert
1613 4523 1891 4577 Ilomiliam
1923 4524 1991 4579 de

410 4608 734 4667 Ascensione
756 4608 841 4678 (T.
869 4611 922 4661 '2.
955 4627 1001 4663 c.
1026 4612 1174 4677 Ml),
1205 4615 1324 4682 quia
1352 4629 1540 4684 nempe
1566 4625 1683 4683 post
1709 4615 1988 4670 llomiliam

405 4701 473 4754 de
500 4700 823 4755 Coemeterio
861 4712 914 4754 et
960 4702 1147 4768 Cruce,
1182 4721 1300 4773 quae
1348 4707 1521 4759 habita
1572 4707 1734 4761 fuisse
1778 4718 1991 4777 putatur

405 4805 547 4844 anno
574 4790 699 4856 392,
734 4792 871 4845 dicta
904 4793 1032 4846 fuit:
1066 4811 1186 4848 nam
1243 4797 1293 4848 in
1346 4799 1603 4868 principio
1646 4800 1884 4854 llomilia:
1922 4802 1989 4855 de

406 4886 732 4937 Ascensionc
780 4885 941 4938 dicit:
974 4886 1141 4939 Etiam
1182 4904 1294 4941 cum
1325 4892 1487 4943 crucis
1531 4893 1823 4945 memoriam
1850 4910 1992 4947 reco-

406 4973 613 5047 luimus,
643 4984 785 5027 extra
831 4976 999 5027 ttrbmt
1038 4978 1147 5044 ejus
1190 4979 1553 5033 solemnitatem
1598 4984 1990 5047 celebravimus;

405 5066 635 5134 indeque
660 5068 831 5135 arguit
857 5068 1044 5121 eodem
1074 5086 1217 5123 anno
1238 5083 1516 5142 utramque
1544 5074 1775 5128 habitam
1801 5075 1987 5142 fuisse,

405 5174 511 5211 non
540 5160 972 5215 animadvertetis
1002 5162 1438 5234 Chrysostomum
1462 5166 1614 5220 initio
1633 5169 1908 5223 concionis
1922 5169 1990 5224 de

404 5250 725 5305 (Immeterio
754 5263 807 5304 et
850 5251 1020 5307 Cruce
1044 5254 1243 5317 dicere,
1276 5273 1343 5311 ex
1372 5258 1486 5328 lege
1512 5260 1615 5312 lata
1642 5275 1670 5311 a
1704 5261 1990 5331 majoribus

405 5350 660 5395 statutum
693 5343 873 5408 fuisse,
922 5354 979 5398 ut
1020 5348 1333 5401 sotemnitas
1363 5349 1509 5403 istzec
1538 5362 1687 5403 extra
1714 5352 1981 5406 civitatem

406 5435 460 5487 iu
491 5436 718 5505 quodam
741 5437 1014 5506 assignato
1039 5439 1157 5493 loco
1178 5439 1560 5495 celebraretur.
1594 5443 1734 5512 Ergo
1762 5453 1991 5513 quotan-

407 5526 490 5578 nis
529 5537 677 5581 extra
709 5529 895 5582 urbem
940 5530 991 5583 in
1025 5533 1112 5585 die
1160 5531 1481 5588 Parasceves
1505 5543 1798 5589 conventus
1829 5536 1991 5590 habe-

404 5616 599 5670 hantur
624 5637 635 5671 :
666 5634 762 5671 nec
792 5630 964 5688 potest
993 5630 1279 5692 qumquam
1307 5640 1371 5677 ex
1416 5640 1578 5694 supra
1604 5626 1777 5681 allatis
1809 5628 1989 5683 verbis

407 5707 475 5760 ad
500 5722 697 5761 annum
729 5717 1068 5767 statuendum
1109 5714 1307 5784 colligi.
1353 5715 1477 5769 ldeo
1517 5726 1692 5771 autem
1724 5728 1871 5772 extra
1904 5735 1992 5773 ur-

407 5798 529 5854 bem
556 5802 813 5857 celebrari
847 5803 946 5860 hoc
976 5810 1163 5862 festum
1186 5807 1330 5874 dicit,
1357 5809 1476 5876 quia
1506 5810 1607 5865 isto
1631 5811 1682 5865 in
1711 5811 1827 5867 loco
1851 5828 1990 5869 mar-

1581 374 1762 431 ΝυΝο
1802 369 2062 429 PRIMUM
2099 370 2489 429 ADOliNATA.
3578 378 3677 433 156

2101 493 2243 556 tyres
2264 485 2456 554 sepulti
2484 493 2658 538 erant.
2685 483 2944 550 Quoniam
2961 499 3088 540 vero
3108 484 3294 541 eodem
3317 485 3500 542 inloco
3518 490 3677 545 etiam

2099 577 2334 630 haeretici
2364 577 2578 646 quidam
2622 576 2813 646 sepulti
2864 578 3094 645 fuerant,
3128 594 3227 635 nec
3268 580 3384 635 sine
3429 581 3680 653 scrupulo

2099 668 2327 736 populus
2356 667 2421 720 ad
2466 666 2710 735 sepulcra
2761 679 3051 739 martyrum
3098 684 3281 738 preces
3312 668 3580 735 fundebat,
3610 673 3681 726 ob

2098 760 2241 814 illam
2264 759 2543 822 viciniam;
2575 758 2694 812 ideo
2722 757 3004 813 Flavianus
3026 760 3305 828 episcopus
3329 775 3452 815 vera
3484 771 3681 831 marty-

2097 867 2213 905 rum
2243 867 2363 905 ossa
2386 851 2544 905 istinc
2572 850 2768 905 auferri
2791 861 3088 916 curaverat,
3115 862 3168 905 et
3195 852 3249 905 in
3277 853 3555 907 ecclesiam
3574 853 3683 907 llo~

2098 944 2389 996 manesiam
2418 940 2610 994 dictam
2640 942 3011 1012 transportari,
3050 941 3137 994 ubi
3166 943 3386 1010 populus
3429 943 3683 1010 precaba-

2100 1043 2203 1100 tur,
2233 1045 2285 1087 et
2305 1033 2588 1087 conciones
2611 1032 2959 1088 habebantur.
2994 1033 3205 1089 Exhinc
3232 1051 3357 1091 vero
3392 1034 3458 1090 de
3480 1037 3681 1105 angelis

2098 1125 2293 1194 ubique
2323 1134 2376 1179 et
2405 1125 2456 1178 in
2498 1125 2739 1179 ccclesiis
2766 1125 2996 1180 maxime
3029 1127 3375 1194 praesentibus
3413 1128 3677 1198 loquitur:

2096 1217 2275 1287 aitque
2302 1217 2581 1271 diaconum
2607 1218 2657 1271 in
2688 1218 2921 1287 Liturgia
2946 1218 3142 1287 dicere,
3170 1220 3414 1291 Angetam
3440 1221 3579 1291 pacis
3598 1238 3684 1275 ro-

2095 1321 2231 1382 gate.
2284 1311 2473 1365 Postea
2520 1311 2586 1364 de
2634 1312 2958 1366 Ascensione
3008 1313 3217 1367 Domini
3247 1314 3375 1384 agit,
3424 1314 3682 1385 docetque

2096 1403 2363 1471 quomodo
2394 1403 2635 1457 Christus
2660 1403 2723 1457 ad
2751 1404 3028 1459 dexteram
3060 1405 3227 1459 Patris
3247 1407 3459 1471 sedens,
3485 1407 3654 1461 media
3678 1437 3684 1444 η

2098 1504 2181 1546 tor
2207 1494 2296 1547 Dei
2325 1503 2380 1549 et
2410 1496 2681 1549 hominum
2709 1497 2794 1549 sit.
2824 1496 3075 1564 Quantam
3119 1497 3413 1552 differentia
3442 1499 3511 1553 sit
3542 1498 3679 1553 inter

2096 1586 2480 1640 Ascensionem
2526 1587 2721 1641 Christi
2764 1597 2821 1643 et
2848 1590 3213 1643 ascensionem
3259 1588 3388 1643 Elia:
3429 1589 3678 1660 explicat,

2096 1692 2159 1730 ac
2207 1693 2329 1731 cum
2376 1692 2582 1733 summa
2630 1679 2889 1735 modestia
2932 1690 2987 1734 et
3031 1681 3327 1737 humilitate
3368 1684 3680 1738 concionem

2095 1768 2309 1823 claudit.

2169 1858 2281 1914 lloc
2311 1860 2434 1914 item
2464 1875 2603 1915 anno
2628 1860 2753 1924 599.,
2785 1861 2870 1915 vel
2897 1862 3131 1927 circiter,
3151 1863 3683 1931 putatTillemontius

2096 1949 2532 2020 Chrysostomum
2560 1954 2857 2006 orationem
2884 1953 3131 2008 habuiSse
3158 1954 3210 2007 in
3233 1953 3441 2008 laudem
3469 1955 3682 2009 Diodori

2098 2043 2373 2097 Tarsensis
2401 2044 2489 2114 (T.
2532 2046 2586 2099 5.
2632 2062 2676 2097 ε.
2705 2044 2799 2097 761
2824 2046 2841 2114 )
2864 2064 2875 2098 :
2900 2060 3056 2115 quam
3088 2047 3337 2114 temporis
3368 2053 3544 2099 notam
3586 2060 3685 2100 nec

2097 2134 2429 2203 impugnare,
2470 2151 2570 2189 nec
2609 2145 2667 2189 ut
2704 2137 2923 2190 omnino
2964 2146 3164 2190 certam
3209 2136 3493 2191 defendere
3537 2137 3681 2191 licet.

2096 2226 2402 2280 Orationem
2446 2228 2557 2295 jam
2603 2227 2861 2281 habuerat
2889 2228 3150 2282 Diodorus
3198 2229 3248 2281 in
3280 2244 3381 2298 qua
3425 2228 3683 2284 Joannem

2096 2317 2231 2389 Clny
2241 2328 2531 2373 sostomum
2550 2320 2793 2374 laudibus
2810 2321 3090 2375 extulerat.
3108 2320 3520 2391 Chrysostomus
3532 2337 3682 2390 vero,

2096 2408 2309 2463 laudum
2339 2410 2557 2464 minime
2585 2410 2827 2479 cupidus,
2858 2426 2984 2465 suas
3015 2412 3112 2480 ipsi
3144 2411 3326 2465 laudes
3351 2412 3600 2475 reddidit,
3630 2422 3686 2467 et

2096 2502 2389 2555 orationem
2420 2503 2585 2555 texuit
2614 2501 3004 2569 brevissimam,
3037 2504 3157 2572 quia
3189 2513 3306 2571 post
3329 2503 3474 2556 illum
3497 2504 3684 2558 eadem

2095 2595 2181 2649 die
2205 2595 2613 2649 concionaturus
2636 2594 2812 2650 denuo
2841 2607 2958 2649 erat
3004 2596 3290 2661 Diodorus,
3324 2607 3379 2649 ut
3404 2597 3546 2651 clare
3570 2598 3686 2665 ipse

2098 2686 2270 2739 innuit
2292 2684 2340 2739 in
2370 2686 2475 2739 fine
2500 2687 2756 2756 pra’couii.
2775 2686 2919 2741 More
2943 2688 3136 2756 quippe
3166 2699 3432 2756 receptum
3461 2687 3687 2742 vidimus

2096 2776 2413 2844 Antiochiae,
2448 2788 2503 2831 ut
2546 2777 2731 2832 eadem
2762 2778 2849 2833 die
2889 2778 2940 2831 in
2971 2778 3264 2849 eademque
3308 2781 3531 2834 ecclesia
3578 2780 3686 2836 duo

2096 2868 2561 2923 concionarentur.
2595 2869 2856 2924 Diodorus
2900 2885 3028 2923 vero
3072 2872 3351 2939 episcopus
3381 2872 3683 2937 Tarsensis,

2096 2961 2184 3030 qui
2211 2962 2338 3015 olim
2365 2961 2539 3015 fuerat
2564 2962 2785 3017 Joannis
2814 2962 3177 3035 Chrysostomi
3207 2965 3476 3033 magister,
3511 2965 3685 3019 liben-

2098 3061 2178 3105 tcr
2202 3052 2268 3106 ad
2292 3052 2343 3107 id
2372 3053 2531 3107 officii
2557 3053 2967 3117 admittebatur;
2998 3055 3119 3123 quia
3138 3056 3262 3108 olim
3286 3056 3687 3127 presbytcrAu-

2098 3144 2376 3198 tioclienus
2418 3145 2470 3198 id
2517 3146 2751 3199 muneris
2797 3145 2885 3198 diu
2923 3155 3253 3209 exercuerat,
3301 3161 3407 3216 quo
3448 3157 3686 3216 tempore

2096 3234 2301 3297 Ariani,
2332 3249 2452 3289 cum
2481 3236 2796 3289 auctoritate
2828 3235 3108 3304 plurimum
3154 3236 3410 3301 valerent,
3452 3235 3687 3292 Catholi-

2097 3342 2191 3382 cos
2220 3326 2556 3382 infestabant.
2602 3326 2669 3381 lis
2708 3344 2828 3381 cum
2861 3328 3064 3382 fortiter
3088 3328 3371 3384 obsisteret
3403 3330 3683 3394 Diodorus,

2096 3419 2164 3473 ab
2192 3421 2404 3473 Arionis
2428 3436 2569 3489 sarpe
2601 3421 2779 3488 pulsus
2807 3430 2909 3484 est,
2932 3435 3074 3490 szepe
3098 3423 3147 3475 in
3184 3422 3474 3490 periculum
3498 3425 3684 3491 capitis

2098 3513 2271 3576 venit;
2309 3528 2370 3567 ac
2396 3513 2439 3566 si
2470 3529 2573 3566 non
2606 3528 2685 3579 rc,
2728 3514 2916 3567 saltem
2947 3514 3219 3582 proposito
3250 3524 3449 3585 martyr
3481 3514 3595 3577 fuit,
3630 3528 3687 3569 ut

2096 3603 2225 3657 dicit
2252 3609 2364 3672 ipse
2388 3602 2825 3674 Chrysostomus,
2860 3613 2969 3657 tum
3001 3605 3051 3656 in
3082 3605 3179 3657 ista
3210 3606 3470 3671 oratione,
3500 3616 3605 3659 tum
3631 3606 3683 3660 in

2096 3696 2391 3766 fragmento
2408 3696 2635 3765 quodam
2660 3711 2725 3749 ex
2753 3694 3002 3748 Facundo
3023 3695 3388 3750 Hcrmianeusi
3410 3704 3682 3765 excerpta,

2096 3788 2236 3856 quod
2265 3787 2338 3841 illi
2368 3788 2419 3841 in
2448 3787 2545 3840 hac
2576 3787 2810 3841 editione
2837 3786 3194 3855 suhjungitur.

2168 3879 2478 3933 Innumeras
2495 3887 2642 3932 certe
2670 3878 2915 3930 homilias
2933 3877 3227 3933 Antiochia:
3247 3877 3427 3937 habuit
3455 3879 3670 3949 Chrysa

2098 3979 2322 4032 stomus,
2353 3984 2577 4037 quarum
2606 3984 2792 4037 magna
2823 3983 2943 4037 pars
2984 3968 3048 4021 ad
3092 3983 3187 4020 nos
3227 3984 3395 4037 usque
3426 3971 3682 4036 pervenit.

2097 4062 2165 4111 At
2190 4074 2372 4111 earum
2399 4058 2635 4112 omnium
2661 4060 2747 4112 vix
2774 4073 2838 4111 ac
2865 4073 2931 4113 ne
2960 4059 3044 4110 vix
3075 4058 3286 4127 quidem
3316 4068 3491 4128 potest
3516 4075 3686 4113 annus

2096 4151 2375 4220 assignari.
2422 4153 2499 4205 Ex
2538 4166 2723 4205 earum
2755 4165 2981 4204 numero
3011 4159 3133 4203 sunt
3160 4150 3401 4203 llomilia:
3434 4152 3482 4204 in
3514 4152 3687 4206 Gene-

2098 4243 2198 4297 sim
2217 4244 2372 4314 (1⁸.4.
2394 4260 2439 4296 ε.
2460 4243 2522 4294 21
2538 4241 2574 4301 l,
2608 4258 2830 4296 numero
2857 4244 2944 4307 67,
2965 4257 3095 4311 quas
3112 4240 3567 4312 Consmntinopoli
3585 4243 3685 4296 ha-

2099 4333 2236 4388 bitas
2257 4334 2417 4387 fuisse
2440 4333 2564 4387 dicit
2589 4334 2828 4398 Photius,
2854 4334 3201 4388 subdubitans
3232 4345 3426 4398 tamen,
3456 4351 3554 4388 nec
3569 4352 3684 4391 rem

2097 4427 2247 4495 quasi
2275 4436 2475 4481 certam
2503 4426 2760 4480 referens.
2808 4424 3004 4479 Verum
3049 4426 3345 4479 Antiochia:
3387 4428 3686 4482 certissime

2096 4518 2268 4570 dictas
2293 4515 2455 4569 fuisse
2484 4515 2662 4569 multis
2706 4518 3034 4585 argumentis
3065 4516 3249 4585 probat
3294 4516 3679 4582 Tillemontius,

2099 4623 2302 4677 nosque
2330 4607 2733 4677 quamplurimis
2762 4608 2955 4660 additis
2989 4607 3417 4661 confirmavimus
3455 4609 3506 4660 in
3538 4610 3685 4662 Prce-

2098 4700 2295 4751 l'atioue
2322 4697 2387 4751 ad
2432 4697 2688 4750 Homilias
2732 4699 2783 4750 in
2812 4696 3062 4751 Genesim
3094 4708 3285 4767 quarto
3314 4699 3502 4758 Tomo,
3536 4710 3589 4753 et
3631 4700 3684 4756 in

2098 4789 2415 4844 Praefatione
2436 4788 2499 4842 ad
2527 4789 2810 4842 conciones
2838 4788 3248 4857 iu.Priucipium
3285 4791 3536 4842 Actorum
3572 4801 3683 4844 ter-

2100 4884 2174 4937 tio
2203 4883 2390 4945 Tomo,
2424 4891 2478 4936 et
2506 4881 2651 4935 alibi.

2170 4974 2425 5028 Homilias
2445 4989 2571 5026 vero
2592 4974 2642 5026 in
2665 4971 2844 5027 Oziam
2867 4970 3066 5025 dixisse
3091 4972 3260 5040 potuit
3286 4982 3407 5025 ante
3430 4972 3685 5029 Homilias

2099 5068 2152 5121 in
2188 5067 2436 5122 Genesim
2482 5065 2570 5134 (T.
2602 5066 2655 5121 6.
2698 5084 2742 5118 c.
2780 5064 2913 5139 97):
2943 5066 2991 5119 id
3023 5076 3225 5119 certum
3257 5064 3463 5119 videtur
3491 5080 3689 5120 secun-

2097 5160 2219 5213 dam
2265 5160 2450 5213 saltem
2503 5157 2734 5212 habitam
2774 5158 2937 5212 fuisse
2964 5159 3231 5228 aliquanto
3270 5167 3511 5227 tempore
3536 5169 3685 5212 antc-

2098 5268 2255 5321 quam
2286 5252 2353 5306 de
2378 5251 2712 5316 Nominibus,
2738 5249 2852 5305 sive
2878 5251 2945 5305 de
2970 5251 3256 5304 Mutatioue
3286 5251 3558 5305 nominum
3584 5250 3688 5303 ho-

2098 5347 2273 5399 milias
2295 5347 2569 5414 inciperet.
2596 5343 2806 5399 Etenim
2834 5344 2885 5397 in
2909 5342 3125 5398 hOmilia
3147 5343 3378 5397 secunda
3405 5344 3455 5396 in
3477 5342 3684 5408 Oziam,

2099 5454 2219 5492 cum
2250 5438 2315 5492 de
2359 5439 2575 5492 nomine
2618 5437 2816 5490 Abram
2847 5435 2896 5488 in
2931 5436 3199 5490 Abraham
3231 5444 3431 5487 mutato
3480 5444 3684 5502 ageret,

2099 5533 2231 5586 dixit
2257 5531 2346 5585 ille
2373 5547 2595 5584 numero
2626 5531 2679 5592 5,
2724 5528 2905 5582 Verum
2935 5528 2996 5580 de
3019 5526 3301 5581 nominibus
3331 5527 3433 5579 alio
3463 5537 3684 5596 tempore

2100 5625 2367 5687 disseram,
2401 5622 2451 5675 id
2480 5631 2562 5675 est
2605 5621 2671 5674 de
2716 5621 3009 5673 mutatione
3054 5620 3364 5671 nominum:
3396 5617 3513 5671 illas
3542 5618 3681 5671 enim

2100 5715 2169 5770 de
2200 5715 2488 5769 Mutatione
2516 5712 2789 5767 nominum
2822 5711 3067 5764 homilias
3099 5710 3362 5765 interdum
3391 5708 3457 5764 de
3497 5706 3682 5763 Norti-

2102 5810 2256 5867 nibus
2284 5807 2535 5880 appellat.
2570 5806 2623 5861 ln
2659 5806 2762 5860 illis
2810 5820 2938 5860 vero
2967 5805 3031 5860 de
3079 5803 3365 5860 Mutatione
3408 5817 3680 5859 nonnnum
