4122 6386
406 360 508 417 I35

404 469 636 532 liomiliis
660 470 729 529 de
756 470 972 526 nomine
998 468 1194 525 Abram
1224 467 1281 523 in
1309 466 1576 522 Abraham
1622 472 1829 520 mutato
1877 477 1982 517 non

403 569 570 625 semel
596 567 722 638 agit.
757 564 986 620 Primam
1014 578 1136 618 cum
1160 561 1503 616 Tillemontio
1529 559 1616 614 diu
1649 569 1764 628 post
1791 571 1985 613 secun-

403 663 524 716 dam
551 658 792 728 ablegavi
817 666 872 711 et
900 657 951 710 in
976 655 1118 708 aliud
1145 664 1352 723 tempus
1374 652 1574 719 distuli,
1596 660 1838 722 quartam
1855 664 1988 720 quo-

403 769 505 824 que
529 769 557 807 a
580 751 904 819 reliquarum
925 747 1065 802 serie
1082 744 1430 799 amovendam
1458 744 1640 799 censui
1659 758 1675 796 :
1693 741 1984 797 secundam

403 859 553 910 vero,
587 844 816 907 tertiam,
849 840 1088 910 quintam
1109 846 1164 893 et
1187 845 1391 892 sextam
1417 836 1757 891 continenter
1781 850 1987 904 ponen-

403 935 498 990 das
530 949 650 989 esse
674 947 887 988 censeo.
915 930 1075 986 Sexta
1105 929 1290 999 paucis
1313 928 1500 983 diebus
1525 935 1650 982 ante
1676 925 1986 996 Quadi-age-

403 1029 592 1081 simam
623 1024 799 1078 habita
831 1024 944 1084 luit,
971 1033 1028 1076 ut
1059 1021 1255 1076 ibidem
1280 1029 1547 1075 narratur.
1573 1017 1708 1073 Vide
1733 1017 1986 1072 Monitum

403 1117 470 1171 ad
491 1115 736 1171 homilias
763 1114 922 1169 hasce
952 1112 1121 1167 Tomo
1145 1119 1298 1166 sexto
1323 1124 1369 1160 c.
1398 1109 1486 1166 95.

477 1215 531 1268 lu
562 1215 756 1286 prima,
784 1225 940 1279 quam
985 1209 1104 1264 loco
1133 1205 1441 1262 mutandam
1486 1213 1755 1277 putamus,
1796 1201 1992 1274 gaudet

403 1309 470 1363 de
494 1305 676 1380 populi
704 1302 996 1374 frequentia
1027 1309 1080 1355 et
1105 1315 1389 1365 concursu,
1435 1298 1584 1354 dolet
1623 1307 1799 1351 autem
1845 1294 1991 1364 quod

404 1400 698 1464 auditores,
726 1397 852 1451 dum
881 1395 1070 1450 concio
1097 1393 1401 1458 haberetur,
1427 1390 1809 1458 ineompositas
1830 1401 1991 1441 voces

405 1494 732 1550 emitterent.
765 1489 1213 1542 tumultuarentur
1250 1500 1313 1539 ac
1343 1483 1632 1556 lymphatis
1657 1480 1856 1536 similes
1881 1479 1990 1533 cir-

404 1593 835 1655 cumagerentur,
865 1581 932 1635 de
957 1577 1269 1648 Serapliinis
1295 1591 1458 1646 pauca
1487 1574 1636 1629 dicit.
1671 1573 1794 1627 Illos
1814 1579 1992 1626 autem

404 1681 664 1747 increpat,
699 1677 785 1744 qui
814 1674 879 1728 ad
906 1671 1206 1744 spectacula
1235 1669 1530 1740 prodirent,
1555 1667 1752 1736 quique
1779 1663 1857 1720 sic
1878 1678 1996 1735 my-

403 1770 565 1826 steria
591 1767 768 1823 divina
797 1781 918 1820 cum
948 1763 1293 1819 dmmoniacis
1318 1760 1622 1814 miscerent.

479 1860 532 1913 In
560 1857 815 1922 secunda,
858 1870 1016 1925 quam
1047 1854 1272 1923 primam
1301 1859 1568 1920 putamus,
1605 1849 1656 1902 in
1685 1847 1836 1912 illud,
1881 1845 1994 1900 Vidi

404 1951 682 2005 Dominum
706 1948 976 2010 sedentem,
1006 1955 1133 2007 etc.,
1159 1942 1324 1996 multa
1351 1939 1575 2011 profert.
1609 1939 1850 1993 Divinam
1895 1952 1994 1992 na-

404 2055 575 2098 turam
593 2043 752 2097 etiam
773 2039 974 2109 angelis
991 2032 1591 2104 incompreltensibilem
1617 2045 1736 2085 esse
1760 2045 1998 2099 pronun-

407 2138 545 2199 tiat:
564 2135 788 2204 ideoque
815 2131 986 2201 carpit
1014 2133 1326 2193 Anommos,
1356 2127 1445 2196 qui
1469 2125 1537 2180 tle
1566 2133 1753 2178 natura
1780 2122 1867 2177 illa
1897 2122 1998 2175 im-

409 2230 522 2296 pios
543 2225 845 2295 proferrent
871 2235 1169 2277 sermones.

480 2315 724 2375 llomilia:
751 2314 921 2366 tertiae
946 2319 1319 2381 argumentum
1349 2316 1474 2360 sunt
1505 2306 1619 2360 lucc
1647 2305 1806 2360 verba
1825 2347 1838 2371 ,
1870 2301 1999 2357 Eta-

406 2425 511 2468 tum
539 2423 608 2467 est
637 2427 724 2466 cor
757 2406 915 2463 Θείας.
961 2403 1098 2462 Dicit
1125 2412 1302 2457 autem
1333 2399 1424 2457 ille
1463 2396 1790 2472 superbiam,
1834 2395 1993 2447 etiam

405 2522 473 2562 ex
501 2505 652 2558 bonae
677 2499 1020 2556 conscientize
1049 2496 1354 2552 testimonio
1380 2494 1509 2548 oriri
1539 2507 1714 2562 posse,
1751 2502 1806 2546 et
1846 2492 1997 2545 bonis

407 2595 660 2668 operibus
691 2595 1008 2646 instructum
1042 2589 1210 2659 magis
1238 2587 1531 2657 oppugnari
1553 2600 1583 2638 a
1607 2583 1855 2638 diabolo:
1877 2592 1997 2637 tan-

408 2699 628 2757 tumque
674 2685 872 2739 malum
903 2683 1099 2736 inferre
1129 2679 1322 2733 anima:
1367 2676 1695 2747 superbiam,
1741 2683 1995 2745 quantum

407 2779 621 2848 corpori
655 2787 913 2830 tumores.

479 2871 677 2939 Quarta
707 2868 916 2929 concio,
945 2880 1102 2935 quam
1149 2864 1266 2918 loco
1311 2860 1632 2916 movendum
1662 2873 1782 2913 esse
1811 2873 1999 2913 cense-

409 2977 548 3028 mus,
582 2963 634 3016 in
671 2966 1041 3030 argumentum
1075 2954 1235 3026 habet
1265 2953 1380 3008 btec
1424 2952 1583 3006 verba
1624 2969 1636 3004 :
1673 2949 1889 3003 Factum
1927 2958 2000 3003 est

415 3072 462 3110 et
489 3071 622 3108 anno
652 3054 704 3106 in
730 3067 827 3122 quo
855 3059 1082 3103 mortuus
1109 3057 1181 3100 est
1205 3061 1297 3100 rea:
1328 3043 1503 3105 Ozias,
1546 3051 1653 3097 etc.
1684 3041 1824 3095 Dicit
1873 3038 2003 3094 faci-

410 3150 514 3202 lius
535 3160 654 3201 esse
676 3145 843 3198 solem
869 3141 1156 3210 exstingui,
1183 3153 1340 3207 qttam
1371 3136 1462 3189 Dei
1490 3133 1782 3188 EcClesiaIn
1810 3132 1997 3186 deleri.

408 3240 704 3296 Occasione
725 3247 903 3291 autem
932 3234 1074 3288 Ozize
1102 3232 1242 3302 regis
1271 3229 1502 3284 at'lirmat
1531 3237 1586 3282 et
1615 3227 1805 3296 probat
1826 3240 2004 3280 sacer-

409 3333 593 3387 dotum
621 3329 928 3398 dignitatem
955 3323 1211 3394 majorem
1239 3336 1378 3387 esse,
1405 3334 1563 3389 quam
1595 3333 1798 3387 regum.

481 3425 674 3493 Quinta
705 3430 762 3477 et
784 3430 953 3483 sexta,
985 3419 1109 3472 licet
1150 3415 1258 3469 alio
1303 3414 1458 3482 longe
1486 3423 1726 3480 tempore
1765 3425 2005 3478 pronun-

412 3520 577 3584 tiatzn,
606 3516 746 3570 idem
773 3521 1146 3582 argumentum
1176 3513 1524 3579 pertractant,
1559 3515 1613 3558 et
1641 3504 1710 3558 de
1739 3503 1883 3557 Oziac
1909 3519 2002 3556 su-

415 3610 598 3681 perbia
642 3615 824 3677 agunt.
860 3603 992 3657 llinc
1022 3601 1091 3656 de
1119 3597 1460 3655 sacerdotum
1504 3604 1765 3666 potestate
1807 3594 2001 3664 agitur,

414 3706 677 3772 docetque
702 3701 1141 3770 Chrysostomus,
1172 3709 1278 3762 quo
1318 3700 1474 3762 pacto
1519 3688 1711 3742 debeat
1754 3685 2004 3741 sacerdos

415 3801 725 3867 peccantem
757 3788 1052 3860 principem
1083 3785 1375 3853 corripere.
1405 3780 1460 3834 In
1492 3788 1640 3835 sexta
1677 3793 1805 3833 vero
1828 3777 1896 3832 de
1909 3777 2008 3831 Se-

417 3886 762 3956 raphinorum
791 3880 1047 3950 dignitate
1071 3876 1327 3945 loquitur.
1352 3872 1406 3925 In
1438 3871 1541 3926 line
1560 3870 1716 3925 docet
1735 3868 2006 3939 quomodo

418 3983 483 4034 ad
515 3992 722 4033 sacram
753 3987 993 4029 mensam
1021 3972 1091 4025 sit
1117 3965 1498 4022 accedendum.

492 4071 570 4126 De
603 4067 838 4124 Homiliis
866 4067 920 4118 in
951 4061 1202 4118 Genesim.
1225 4089 1296 4099 —-
1314 4057 1431 4112 .Iam
1461 4069 1593 4111 vero
1621 4054 1878 4124 quazritur
1897 4066 2005 4122 quo

421 4183 563 4222 anno
593 4163 883 4220 conciones
928 4158 982 4212 in
1036 4153 1286 4211 Genesim
1344 4150 1536 4204 habita:
1580 4147 1775 4201 fuerint
1807 4145 1893 4213 (Τ.
1925 4144 2005 4214 4),

423 4275 542 4329 qua:
571 4270 699 4310 sane
726 4253 882 4320 longe
910 4245 1177 4302 difficilior
1209 4242 1433 4311 quaestio
1461 4250 1562 4293 est.
1594 4240 1742 4293 Circa
1775 4230 2004 4306 tempus,

424 4328 531 4421 quo
559 4347 770 4414 scripta:
792 4342 959 4398 luere.
984 4350 1213 4408 operose
1237 4331 1482 4388 edisserit
1506 4331 1588 4384 vir
1613 4328 2006 4398 sagacissimus.

425 4442 771 4508 omniumque
801 4435 957 4502 longe
983 4425 1417 4484 accuratissimus
1445 4422 1835 4485 Tillcmonlius,
1862 4422 2012 4491 cujus

427 4533 587 4587 verba
608 4530 794 4584 Latine
821 4524 1074 4579 translata
1095 4518 1298 4574 referre
1319 4532 1386 4571 ne
1411 4517 1585 4585 pigeat
1609 4535 1622 4570 :
1650 4514 1799 4580 Quod
1822 4522 2012 4582 spectat

428 4638 641 4686 annum,
673 4635 771 4690 quo
801 4618 879 4669 ha:
904 4613 1126 4667 homilite
1148 4619 1263 4662 sunt
1280 4607 1482 4671 habitae,
1506 4605 1703 4658 nonnisi
1725 4605 2015 4673 conjectura

432 4718 598 4769 dicere
624 4723 911 4781 possumus.
946 4703 1076 4756 Illas
1104 4700 1490 4769 Chrysostomus
1521 4697 1704 4748 habere
1729 4695 1873 4765 caapit
1906 4695 2014 4748 [)0-

431 4807 616 4860 miuica
650 4799 904 4872 jejunium
933 4793 1260 4864 praecedente,
1300 4805 1399 4856 quo
1445 4804 1533 4857 per
1565 4785 2016 4855 Quadragcsimam

431 4897 559 4955 illud
587 4900 957 4965 argumentum,
990 4895 1043 4939 ut
1075 4879 1342 4938 verisimile
1366 4889 1461 4945 est,
1492 4887 1745 4931 tractaret.
1779 4874 2018 4931 Secunda

435 4990 564 5046 enim
589 4985 670 5039 die
697 4983 937 5052 sequenti,
963 4979 1090 5048 feria
1113 4973 1302 5030 scilicet
1325 4971 1547 5025 secunda
1571 4980 1616 5024 et
1641 4971 1804 5039 prima
1829 4969 1929 5022 diei
1945 4969 2020 5032 ie—

436 5083 584 5154 iunii,
617 5080 750 5132 dicta
775 5076 902 5148 fuit;
928 5071 1072 5126 tertia
1102 5069 1228 5138 feria
1254 5066 1419 5127 tertia,
1448 5071 1627 5134 quarta
1653 5063 1734 5115 die
1757 5062 2020 5130 insequen-

435 5153 491 5230 ti.
523 5173 708 5239 Sicque
732 5169 949 5233 reliquas
969 5178 1140 5216 omnes
1172 5159 1387 5229 singulis
1430 5156 1603 5209 diebus
1645 5154 1840 5207 habitas
1866 5153 2022 5220 fuisse

436 5264 636 5319 credere
677 5270 768 5322 est,
800 5258 910 5312 licet
951 5254 1006 5308 id
1045 5269 1146 5305 non
1190 5248 1436 5319 signiﬁcet
1485 5245 1890 5314 Chrysostomus,
1922 5242 2021 5295 nisi

441 5361 570 5427 forte
594 5367 656 5406 ex
683 5348 942 5404 occasione
983 5343 1205 5414 quadam
1233 5339 1376 5393 aliud
1418 5346 1766 5406 argumentum
1801 5345 2023 5387 tractan-

440 5426 559 5498 dum
583 5449 878 5497 occurreret.
910 5435 1113 5490 Certum
1133 5432 1319 5502 quippe
1347 5438 1420 5483 est
1453 5428 1694 5498 populum
1723 5426 1944 5497 quotidie
1968 5427 2021 5477 in

440 5536 699 5590 ecclesiam
741 5528 1046 5587 convenisse,
1078 5524 1582 5593 Chrysostomumque
1611 5517 1824 5585 singulis
1850 5516 2022 5568 diebus

441 5627 790 5682 concionatum
815 5635 940 5675 esse.
973 5616 1162 5671 Eodem
1202 5615 1350 5667 etiam
1391 5612 1441 5663 in
1469 5608 1698 5664 Genesim
1729 5619 2022 5678 argumento

447 5718 676 5788 pergebat
704 5713 909 5769 sabbato
942 5719 988 5762 et
1016 5706 1301 5770 Dominica,
1334 5704 1444 5757 licet
1471 5701 1531 5754 iis
1561 5701 1733 5754 diebus
1763 5717 1862 5753 non
1883 5701 2024 5770 jeju-

447 5820 681 5864 naretur:
710 5821 827 5861 nam
868 5798 1132 5855 undecima
1157 5795 1363 5850 homilia
1387 5794 1437 5847 iu
1468 5793 1645 5847 horum
1675 5793 1913 5846 alterutro
1942 5789 2025 5844 die

1469 351 1526 409 S.
1567 349 1844 408 JOANNIS
1881 343 2359 405 CIIRYSOSTOMI
2402 349 2579 415 VITA,

3564 353 3672 414 ἰεῦ

2095 463 2229 517 dicta
2249 466 2366 534 fuit.
2395 464 2622 519 Homilia
2641 465 2839 533 quinta.
2861 477 3022 534 sexta,
3045 470 3273 539 septima,
3299 481 3490 539 octava,
3511 492 3665 539 nona,

2094 555 2426 620 continenter,
2455 558 2558 610 suis
2587 573 2796 628 qumque
2819 559 3010 625 diebus,
3042 560 3224 616 habita:
3243 562 3463 631 fuerunt.
3496 563 3670 636 Neque

2093 644 2259 699 dicere
2293 647 2452 714 possis
2479 663 2566 700 eas
2589 647 2657 700 ad
2684 648 2900 718 quinque
2938 649 3044 704 dies
3073 651 3263 720 jejunii
3295 654 3530 709 secunda:
3555 655 3667 709 heb-

2094 736 2326 792 domadis
2356 739 2599 807 pertinere
2616 756 2636 794 :
2664 757 2782 794 nam
2807 741 3000 795 decima
3024 743 3078 796 in
3102 745 3383 816 diejejunii
3401 747 3537 801 dicta
3557 749 3667 816 fuit:

2094 845 2141 885 et
2164 833 2216 886 in
2239 833 2551 887 hebdomada
2575 835 2792 906 quinque
2819 843 3012 888 tantum
3028 838 3212 908 jejunii
3241 839 3346 892 dies
3366 850 3508 893 erant
3533 856 3552 894 :
3583 858 3670 894 un-

2095 923 2288 977 decima
2314 941 2430 978 vero
2458 925 2661 980 sabbato
2684 928 2823 980 illius
2845 931 3078 982 secunda:
3103 931 3424 986 hebdomadis
3451 950 3679 1003 pronun-

2095 1015 2221 1067 tiata
2249 1024 2338 1068 est.
2372 1013 2434 1070 Si
2473 1033 2590 1086 ergo
2631 1015 2875 1072 Homilia:
2913 1020 2968 1071 in
3010 1016 3241 1073 Genesim
3267 1023 3480 1092 singulis
3505 1024 3676 1078 diebus

2095 1123 2197 1160 una
2225 1107 2353 1160 serie
2374 1107 2557 1162 habitte
2585 1109 2792 1177 fuerint,
2817 1109 2871 1163 id
2894 1110 3029 1181 quod
3057 1112 3190 1164 circa
3218 1128 3308 1166 sea:
3331 1113 3508 1166 saltem
3536 1117 3676 1185 prio-

2095 1217 2176 1253 res
2200 1203 2403 1254 omnino
2425 1203 2693 1256 verisimile
2710 1212 2814 1267 est;
2841 1213 2982 1257 sexta
3004 1205 3176 1274 utique
3196 1206 3324 1276 feria
3343 1215 3483 1260 sexta
3504 1209 3680 1276 primas

2097 1293 2420 1348 hebdomadis
2444 1294 2856 1365 Quadragesimte
2879 1297 3202 1366 pronuntiata
3226 1299 3396 1368 fuerit.

2166 1385 2232 1440 In
2253 1397 2393 1441 sexta
2414 1387 2621 1442 homitia
2651 1387 3031 1458 Chrysostomus
3056 1391 3283 1456 queritur
3306 1391 3640 1444 Antiochenos
3659 1432 3673 1454 ,

2097 1479 2238 1532 nulla
2257 1478 2663 1550 quotidianarum
2689 1479 3098 1533 adhortationum
3116 1520 3130 1543 ,
3164 1480 3306 1533 nulla
3344 1479 3680 1551 Quadragesi-

2097 1570 2244 1624 malis
2275 1569 2573 1638 paenitentiw
2600 1569 2793 1623 ratione
2832 1569 2999 1622 habita
3017 1610 3033 1634 ,
3061 1570 3180 1624 circi
3206 1570 3339 1624 ludis
3365 1571 3672 1638 interfuisse.

2100 1662 2174 1716 Ηὶ
2207 1663 2345 1717 haud
2368 1661 2516 1716 dubie
2541 1663 2782 1717 circenses
2825 1664 2934 1716 ludi
2969 1662 3144 1717 eadem
3181 1663 3294 1733 ipsa
3333 1665 3415 1717 die
3451 1665 3680 1718 celebrati

2099 1755 2336 1824 fuerant;
2367 1770 2484 1806 nam
2508 1753 2560 1806 in
2592 1752 2992 1824 Quadragesima
3021 1755 3299 1822 vespertino
3327 1764 3546 1824 tempore
3563 1771 3682 1807 con-

2099 1849 2265 1900 ciones
2291 1845 2600 1900 habebantur
2619 1862 2639 1899 :
2659 1847 2792 1898 unde
2828 1845 3063 1915 consequi
3102 1846 3296 1898 videtur
3324 1847 3459 1898 hunc
3496 1861 3686 1898 annum

2101 1953 2206 1991 esse
2233 1945 2319 1988 aut
2347 1935 2450 1991 595
2477 1949 2565 1988 aut
2589 1935 2714 1991 396.
2739 1935 3110 1989 Kalendarium
3130 1937 3262 1989 enim
3286 1936 3571 1990 Romanum
3600 1936 3682 1990 lu-

2100 2028 2191 2081 dos
2215 2026 2383 2080 nullos
2412 2027 2634 2097 assignat
2680 2027 2822 2080 initio
2861 2027 3042 2080 mensis
3085 2026 3278 2080 Martii.
3325 2026 3458 2080 Ludi
3498 2029 3686 2098 quippe

2102 2119 2339 2182 Gott/cici,
2367 2119 2454 2182 qui
2491 2135 2522 2172 a
2555 2129 2736 2190 quarta
2764 2117 3028 2173 Februarii
3054 2119 3121 2172 ad
3145 2136 3329 2172 nonam
3355 2120 3683 2188 habebantur,

2101 2227 2201 2264 non
2246 2210 2327 2263 hic
2368 2227 2399 2262 a
2441 2210 2799 2282 Chrysostomo
2843 2222 3314 2266 commemorantur.
3352 2211 3536 2266 Verum
3577 2214 3688 2267 ludi

2100 2302 2268 2356 adhuc
2305 2303 2627 2372 assignantur
2667 2304 2932 2357 undecima
2972 2303 3255 2368 Februarii,
3286 2322 3398 2376 qute
3421 2323 3555 2359 anno
3582 2305 3688 2362 595

2100 2396 2354 2449 concurrit
2379 2413 2495 2449 cum
2522 2398 2650 2466 feria
2669 2406 2808 2450 sexta
2833 2399 3011 2466 prium:
3037 2398 3361 2452 hebdomadis
3393 2399 3689 2470 Quadrage-

2101 2498 2260 2555 simtu,
2283 2494 2398 2562 quia
2435 2487 2635 2547 Pascha
2653 2488 2806 2549 istius
2819 2490 2941 2544 anni
2958 2490 3134 2543 incidit
3155 2491 3204 2543 in
3227 2491 3511 2561 vigesimam
3535 2495 3689 2561 septi-

2100 2605 2235 2641 mam
2258 2587 2451 2641 Martii.
2484 2590 2804 2642 Annotantur
2827 2592 2976 2642 etiam
3003 2590 3112 2642 ludt
3133 2584 3200 2642 ad
3219 2584 3443 2640 ultimam
3465 2583 3702 2639 Februa-,

2103 2680 2167 2733 rii
2188 2721 2202 2743 ,
2246 2680 2299 2732 id
2335 2679 2470 2749 quod
2498 2681 2564 2733 ad
2593 2697 2782 2733 annum
2812 2680 2915 2736 596
2942 2683 3187 2749 pertinere
3211 2687 3386 2751 potest,
3427 2694 3543 2751 quo,
3575 2698 3688 2736 cum

2103 2768 2308 2825 Pascha
2337 2772 2576 2826 incideret
2605 2772 2657 2825 in
2683 2773 2925 2826 decimam
2952 2773 3151 2826 tertiam
3181 2773 3373 2844 Aprilis
3397 2815 3412 2839 ,
3454 2775 3690 2844 vigesima

2104 2881 2244 2919 nona
2271 2863 2534 2918 Februarii
2563 2867 2885 2918 concurrebat
2914 2882 3026 2918 cum
3064 2866 3192 2936 feria
3224 2878 3363 2920 sexta
3393 2868 3570 2936 prima:
3598 2871 3690 2921 he-

2104 2955 2368 3009 bdomadis
2406 2955 2838 3025 Quadragesinmr.
2887 2955 2969 3010 Ea:
3005 2957 3113 3011 istis
3150 2973 3263 3011 vero
3310 2958 3503 3012 duobus
3545 2959 3692 3013 annis

2105 3045 2487 3116 anteferendum
2517 3045 2749 3098 ducimus
2773 3063 2961 3099 annum
2985 3047 3108 3113 595,
3128 3049 3246 3115 quia
3267 3058 3502 3118 putamus
3530 3049 3694 3120 Chry-

2104 3148 2380 3191 sostomum
2419 3155 2552 3191 anno
2591 3138 2696 3192 596
2722 3137 2975 3192 Ilomilias
3004 3139 3066 3192 de
3103 3138 3406 3194 Pwnitentia
3439 3141 3688 3196 habuisse.

2109 3227 2302 3292 Quibus
2341 3229 2410 3281 ita
2450 3229 2732 3282 constitutis
2757 3229 2865 3282 ludi
2890 3230 3132 3284 circenses
3155 3231 3252 3291 illi,
3282 3232 3345 3285 de
3368 3233 3547 3301 quibus
3574 3248 3693 3301 que-

2106 3320 2238 3372 ritur
2271 3319 2656 3390 Chrysostmnus
2683 3321 2891 3374 homitia
2916 3321 2974 3375 41
3004 3363 3018 3386 ,
3045 3339 3158 3391 quw
3185 3325 3344 3377 tribus
3369 3334 3481 3394 post
3509 3325 3694 3378 Pente-

2107 3420 2274 3463 costen
2326 3410 2719 3464 hebdomadibus
2763 3409 2932 3463 habita
2965 3419 3058 3473 est,
3099 3413 3154 3465 id
3195 3423 3285 3474 est,
3319 3416 3448 3484 forte
3489 3416 3692 3470 sabbato

2107 3501 2318 3564 illunii,
2345 3502 2389 3556 si
2422 3518 2534 3555 t'ere
2565 3502 2698 3555 dicta
2725 3503 2791 3555 sit
2827 3520 2962 3556 anno
2997 3505 3136 3566 595;
3183 3506 3309 3569 ludi,
3341 3507 3561 3574 inquam,
3594 3510 3694 3561 cir-

2107 3610 2276 3648 censes
2297 3636 2310 3660 ,
2348 3595 2427 3647 illi
2457 3597 2670 3666 fortasse
2695 3605 2856 3660 erant,
2879 3596 2966 3664 qui
2992 3596 3060 3648 ad
3102 3597 3318 3666 primam
3347 3599 3490 3651 istius
3512 3601 3693 3653 mensis

2110 3687 2242 3739 diem
2267 3694 2526 3738 notantur.
2567 3683 2752 3738 Verum
2787 3686 2894 3739 htec
2932 3703 3030 3740 non
3071 3699 3124 3740 ut
3163 3705 3266 3740 rem
3311 3687 3624 3756 exploratam
3649 3700 3694 3743 et

2110 3785 2298 3830 certam
2325 3776 2504 3831 damus
2535 3792 2555 3832 :
2584 3793 2699 3830 cum
2725 3777 2942 3831 maxime
2961 3779 3244 3848 ignoremus
3270 3789 3441 3834 utrum
3461 3782 3555 3834 hoc
3581 3781 3692 3836 Ka-

2110 3868 2394 3922 lendarium
2415 3878 2532 3922 tunc
2551 3868 2786 3938 temporis
2805 3867 3086 3923 Antiochia:
3101 3870 3152 3923 in
3173 3886 3268 3924 usu
3284 3881 3430 3936 esset,
3463 3888 3552 3925 nec
3570 3873 3696 3926 scia-

2117 3976 2227 4014 mus
2247 3969 2417 4012 utrum
2440 3960 2548 4013 ludi
2571 3976 2741 4014 omnes
2763 3960 3060 4014 circensium
3079 3977 3253 4015 cursus
3273 3963 3578 4018 exhiberem.
3600 3963 3696 4017 Po-

2114 4058 2276 4102 terant
2297 4049 2414 4103 item
2439 4049 2546 4102 tudi
2563 4049 2801 4103 celebrari
2827 4066 2927 4104 non
2940 4059 3171 4105 consueto
3190 4051 3385 4106 ordine.
3415 4052 3441 4105 I
3449 4071 3528 4106 mo
3549 4056 3698 4108 etiam

2113 4141 2219 4195 ludi
2248 4150 2552 4193 annotantur
2569 4141 2637 4193 ad
2656 4141 3004 4196 duodecimam
3024 4141 3157 4194 diem
3179 4137 3464 4208 Februarii,
3493 4145 3698 4213 perinde

2114 4241 2260 4300 atque
2287 4231 2353 4283 ad
2389 4233 2740 4296 undecimam;
2780 4234 2970 4297 itaut,
3003 4249 3118 4286 cum
3157 4233 3540 4304 Chrysostomus
3582 4237 3698 4290 abs-

2114 4332 2262 4375 terret
2288 4339 2368 4376 cos
2389 4323 2477 4392 qui
2504 4324 2636 4376 circo
2659 4324 2945 4394 adfuerant,
2968 4324 3198 4378 videatur
3224 4341 3422 4378 monere
3442 4325 3685 4393 debuisse,

2113 4415 2337 4485 sequenti
2366 4415 2446 4468 die
2479 4414 2794 4485 exploratum
2820 4419 2928 4485 fore
2952 4433 3074 4469 num
3102 4417 3305 4470 monitis
3325 4418 3428 4470 suis
3448 4419 3674 4486 obtempe

2116 4515 2329 4559 rassent.
2366 4504 2548 4558 Verum
2570 4506 2626 4570 ii,
2653 4507 2738 4576 qui
2762 4505 3056 4560 duodecimo
3078 4507 3158 4560 die
3178 4506 3570 4572 celebrabantur,
3599 4525 3684 4561 not

2119 4607 2261 4650 erant
2288 4601 2416 4668 forte
2439 4597 2681 4649 circenses
2711 4612 2728 4650 :
2765 4613 2884 4649 nam
2915 4595 2984 4650 ibi
3026 4595 3384 4651 Calendarium
3404 4615 3503 4651 non
3530 4609 3698 4652 notam

2120 4689 2266 4742 habet
2303 4691 2457 4742 Com.
2497 4687 2710 4755 XXIIII,
2739 4688 2794 4741 id
2834 4698 2904 4742 est
2925 4731 2939 4754 ,
2970 4689 3318 4744 Commisnric
3347 4688 3511 4744 XXIV
3545 4706 3558 4741 :
3589 4706 3701 4760 qua:

2118 4780 2315 4832 videtur
2333 4778 2454 4832 mihi
2481 4795 2588 4833 esse
2612 4791 2731 4833 nota
2751 4779 2984 4833 ludorum
3013 4781 3329 4834 circensium.
3369 4781 3475 4835 Illa
3511 4799 3702 4853 quoque

2121 4884 2241 4927 nota
2262 4875 2377 4928 Cm.
2400 4872 2614 4938 XXIIII,
2631 4885 2678 4927 et
2704 4874 2820 4926 Cm.
2844 4874 2959 4934 XII,
2976 4875 3190 4926 occurrit
3216 4876 3282 4926 ad
3303 4892 3506 4938 nonam,
3527 4877 3704 4946 vigesi—

2121 4983 2256 5018 mam
2276 4968 2502 5036 quintam
2523 4977 2568 5020 et
2590 4968 2876 5036 vigesimam
2905 4969 3165 5036 septimam
3195 4968 3460 5022 Februarii
3489 4985 3507 5022 :
3534 4987 3705 5023 verum

2122 5058 2177 5110 hi
2205 5058 2310 5110 dies
2339 5074 2401 5110 ne
2429 5074 2518 5129 per
2541 5067 2699 5112 totum
2719 5059 2920 5129 quidem
2943 5069 3135 5126 tempus
3153 5101 3167 5125 ,
3197 5078 3294 5131 quo
3329 5062 3584 5133 presbyter
3609 5064 3703 5133 fuit

2123 5147 2548 5219 Chrysostomus,
2593 5151 2648 5202 in
2691 5150 2871 5218 feriam
2915 5161 3107 5204 sextam
3158 5155 3335 5219 prima:
3380 5154 3702 5210 hebdomadis

2128 5241 2540 5309 Quadragesinue
2558 5239 2805 5292 incidunt.
2838 5238 2939 5292 Illa
2969 5251 3089 5294 nota
3115 5241 3232 5296 Cm.
3261 5243 3329 5295 ad
3353 5245 3583 5298 ultimam
3606 5246 3706 5300 Fe-

2126 5333 2317 5386 bruarii
2348 5349 2448 5385 non
2472 5334 2674 5403 ponitur
2691 5373 2706 5398 ,
2736 5349 2836 5402 quo
2856 5335 3005 5387 etiam
3030 5335 3313 5390 excluditur
3328 5355 3488 5392 annus
3509 5339 3632 5394 596.

2199 5425 2312 5477 Atio
2356 5426 2473 5477 item
2507 5435 2801 5492 argumento
2838 5425 3136 5480 abducimur
3159 5445 3221 5481 ne
3243 5430 3364 5482 anni
3389 5430 3492 5485 596
3512 5473 3526 5495 ,
3565 5448 3708 5500 quem

2127 5519 2443 5588 assignantus
2468 5558 2482 5580 ,
2523 5528 2666 5570 notas
2695 5534 2802 5572 esse
2825 5528 2986 5572 certas
3013 5529 3242 5589 putemus
3271 5537 3290 5576 :
3312 5523 3446 5591 quod
3484 5523 3706 5577 videlicet

2129 5626 2230 5662 non
2263 5610 2466 5661 omnino
2491 5610 2807 5679 exploratum
2830 5610 2892 5663 sit
2916 5619 3110 5664 sextam
3135 5612 3393 5665 homitiam
3418 5615 3545 5683 feria
3567 5624 3707 5668 sexta

2131 5700 2351 5754 habitam
2392 5701 2563 5781 fruge.
2606 5699 2731 5753 Cum
2769 5701 2902 5752 enim
2939 5702 3204 5756 undecima
3243 5704 3447 5757 sabbato
3479 5709 3709 5760 secunda!

2135 5768 2624 5846 hebdontadis‘h-dud
2655 5791 2804 5845 dubie
2828 5792 2962 5845 dicta
2989 5792 3158 5862 fuerit,
3181 5811 3241 5848 ea:
3262 5794 3496 5850 tredecim
3522 5813 3710 5866 prtere-
