4122 6386
408 368 511 427 157

407 484 638 538 dentibus
662 479 856 547 diebus,
886 475 1173 547 incipiendo
1203 492 1234 529 a
1262 474 1529 529 Dominica
1548 482 1665 526 ante
1689 470 1987 540 Quadrage-

406 577 605 639 simam,
634 574 687 627 in
709 589 809 646 qua
829 572 995 643 prima
1027 568 1234 624 ltomilia
1259 568 1432 621 habita
1456 565 1574 634 fuit,
1601 573 1699 617 tres
1723 561 1994 617 certissime

408 668 534 733 dies,
553 676 640 721 aut
668 666 910 720 concione
925 664 1070 718 vacui
1094 667 1255 735 fuere,
1278 670 1364 714 aut
1395 659 1656 713 conciones
1687 655 1903 710 habuere
1926 654 1994 707 ad

408 757 550 812 aliud
577 765 926 827 argumentum
953 754 1274 825 pertinentes,
1303 752 1380 806 vel
1399 752 1443 805 si
1472 748 1693 818 ejusdem
1714 746 1996 818 argumenti

408 850 616 920 fuerint,
638 859 770 902 certe
789 847 903 919 jam
933 846 1238 917 deperditas.
1266 844 1418 913 Atqui
1446 853 1544 897 tres
1568 842 1646 896 illi
1666 841 1773 894 dies
1794 838 1996 892 nonnisi

407 950 523 995 ante
554 940 811 1011 quintam,
844 939 920 992 vel
944 938 1211 1002 decimam,
1242 937 1319 989 vel
1352 934 1667 988 undecimam
1695 932 1847 985 statui
1874 947 1994 999 pos-

407 1040 545 1096 sunt,
584 1030 703 1099 quia
742 1028 858 1082 aliae
895 1044 1066 1081 omnes
1101 1027 1410 1080 continenter
1437 1033 1483 1077 et
1524 1040 1627 1077 una
1647 1022 1841 1075 dierum
1866 1020 1996 1073 serie

409 1122 557 1175 dictat
581 1132 715 1174 sunt.
741 1118 828 1174 Ea:
850 1118 984 1172 hisce
1006 1133 1157 1187 porro
1183 1116 1342 1171 tribus
1366 1131 1498 1168 unus
1515 1114 1692 1168 saltem
1712 1114 1843 1165 inter
1862 1112 1998 1166 deci-

409 1231 544 1268 mam
570 1223 617 1268 et
641 1213 957 1267 undecimam
989 1208 1401 1264 constituendus:
1432 1208 1515 1278 qui
1537 1207 1667 1259 enim
1702 1205 1874 1274 pransi
1903 1205 1996 1257 de-

409 1308 556 1360 cima:
578 1306 869 1377 adfuerant,
897 1322 997 1357 non
1032 1304 1211 1375 feriam
1235 1313 1451 1361 sextam.
1476 1310 1530 1353 ut
1554 1300 1755 1354 credere
1778 1309 1870 1364 est,
1904 1298 1996 1351 de-

411 1399 653 1469 legerunt,
684 1406 739 1450 ut
749 1396 1004 1467 jejunium
1027 1393 1292 1449 solverent.

485 1491 751 1545 Hactenus
778 1488 1151 1543 Tillemontius
1176 1504 1187 1540 :
1215 1484 1304 1540 ubi
1327 1485 1581 1540 observes
1600 1494 1797 1552 quanto
1814 1482 1997 1537 labore

411 1599 475 1639 ac
500 1583 675 1638 studio
699 1583 773 1636 uti
800 1583 954 1647 solet,
984 1581 1100 1635 illas
1125 1578 1377 1649 temporis
1404 1586 1555 1631 "0135
1594 1576 1664 1630 sit
1710 1590 1998 1644 persequu-

416 1684 498 1728 tus
544 1684 845 1743 quantaque
884 1669 1161 1741 prudentia
1201 1686 1229 1722 a
1268 1667 1467 1738 judicio
1509 1665 1750 1720 absolute
1778 1664 1998 1718 ferendo

413 1764 693 1819 abstineat.
750 1762 943 1816 Contra
995 1762 1139 1815 illam
1168 1774 1293 1814 vero
1333 1757 1671 1820 sententiam,
1720 1771 1879 1826 quam
1911 1755 1999 1810 ille

417 1854 624 1909 hazrens
648 1863 702 1908 et
724 1853 1068 1907 subdubitans
1082 1850 1438 1921 amplectitur,
1461 1848 1553 1902 alii
1572 1858 1625 1903 et
1647 1849 1867 1902 fortasse
1888 1861 2001 1902 ma-

410 1946 557 2015 jores
583 1953 801 2014 possunt
827 1942 1059 2012 scrupuli
1087 1940 1331 2012 proferri.
1358 1938 1736 1993 Kalendarium
1766 1939 1906 1993 enim
1934 1938 1998 1992 il-

417 2038 505 2093 Iud
537 2038 830 2091 Romanum
852 2034 1182 2090 Constantini
1206 2031 1377 2102 Magni
1406 2045 1548 2086 anno
1577 2029 1683 2085 325
1705 2072 1721 2097 ,
1750 2038 1808 2083 ut
1833 2030 2000 2083 fertur

416 2131 469 2183 in
497 2128 664 2191 titulo,
696 2128 894 2182 editum
926 2117 978 2180 ei
1005 2141 1035 2179 a
1066 2123 1282 2179 l’etavio
1308 2122 1628 2192 publicatum
1661 2121 1711 2175 in
1741 2119 2001 2176 Uranolo-

414 2222 503 2291 gio
533 2236 585 2290 p.
618 2219 750 2281 “2,
781 2220 1037 2273 incertum
1064 2225 1147 2272 est
1171 2233 1238 2270 au
1269 2214 1409 2269 idem
1433 2213 1690 2268 manserit
1729 2213 1795 2267 ad
1832 2228 2000 2283 usque

418 2313 576 2367 finem
605 2312 782 2366 saeculi
816 2312 985 2381 quarti
1025 2326 1039 2363 :
1074 2310 1181 2363 imo
1222 2318 1423 2363 certum
1463 2307 1674 2362 videtur
1721 2307 1772 2361 in
1819 2306 1999 2361 multis

413 2406 602 2461 saltem
632 2415 889 2460 mutatum
918 2402 1115 2459 fuisse:
1144 2418 1266 2457 nam
1296 2399 1588 2457 secundum
1622 2400 1854 2470 profana:
1884 2402 2001 2470 plu-

416 2499 550 2553 rium
578 2498 795 2553 deorum
824 2496 1093 2567 religionis
1114 2499 1269 2550 ritum
1299 2496 1673 2550 concinnatum
1694 2504 1775 2549 est
1797 2504 1997 2550 totum:

414 2595 500 2663 qui
531 2593 675 2663 impii
705 2594 837 2647 ritus
864 2591 1079 2646 domum
1109 2589 1210 2645 sub
1238 2589 1541 2644 Theodosio
1581 2588 1769 2657 Magno
1804 2586 1998 2641 sublati

413 2694 556 2738 sunt.
586 2684 665 2737 Ad
691 2683 805 2737 haec
831 2691 1037 2738 certum
1063 2681 1273 2736 videtur
1300 2680 1458 2735 urbes
1488 2679 1607 2733 illas
1635 2679 1780 2735 orbis
1808 2679 1998 2748 pra:ci-

414 2792 565 2848 puas,
593 2777 763 2847 qualis
798 2786 915 2830 erat
953 2774 1255 2839 Antiochia,
1292 2788 1417 2827 suos
1454 2781 1546 2827 aut
1572 2772 1781 2842 aliquos
1811 2773 1997 2826 saltem

414 2870 513 2923 sibi
538 2869 778 2939 preprios
810 2867 1059 2922 habuisse
1086 2868 1238 2928 ritus,
1260 2875 1516 2936 quantum
1548 2864 1616 2918 ad
1647 2864 1798 2917 ludos
1819 2874 1872 2919 et
1897 2864 1998 2917 alia

416 2962 467 3017 in
494 2961 824 3017 Kalendariis
851 2959 1081 3015 adscribi
1107 2958 1260 3014 solita
1291 2976 1304 3011 :
1332 2973 1439 3027 quo
1468 2957 1640 3027 posito
1668 2956 1791 3027 quid
1822 2971 2001 3027 possu-

415 3071 532 3109 mus
561 3070 626 3109 ex
656 3053 975 3109 Kalendario
1010 3053 1249 3106 Romano
1286 3050 1427 3104 circa
1462 3049 1826 3104 Antiochenos
1866 3050 2001 3103 ritus

414 3146 683 3202 statuere?
724 3145 875 3214 Quod
921 3158 1048 3199 vero
1094 3142 1289 3198 dicitur
1328 3140 1713 3212 querimoniam
1758 3140 1998 3211 Chryso-

413 3238 570 3294 stomi
600 3238 748 3292 initio
777 3236 1006 3290 homilia:
1034 3242 1199 3289 sextae
1229 3248 1334 3287 non
1356 3240 1599 3301 spectare
1616 3231 1771 3286 ludos
1793 3230 2002 3287 Gotthi-

412 3347 527 3397 cos,
556 3332 606 3386 id
635 3341 780 3387 certe
803 3328 1088 3385 divinando
1108 3327 1212 3382 dici
1238 3326 1466 3381 videtur.
1498 3324 1627 3391 Quis
1645 3325 1786 3379 enim
1814 3326 1914 3378 scit
1934 3340 1999 3377 an

415 3424 469 3477 in
515 3422 650 3477 ludis
693 3421 974 3486 Gotthicis,
1001 3420 1191 3475 saltem
1220 3418 1271 3472 in
1301 3432 1487 3472 eorum
1516 3414 1855 3487 quibusdam,
1882 3430 2003 3468 cur—

414 3530 506 3569 sus
524 3530 777 3585 equorum
798 3511 1171 3568 adhiberetur?
1202 3520 1256 3564 at
1279 3518 1464 3565 contra
1489 3508 1792 3578 bujusmodi
1814 3522 2002 3562 cursus

415 3615 557 3660 totus
590 3615 672 3660 est
700 3605 1111 3674 ChrySOstomus
1138 3604 1188 3656 in
1221 3601 1436 3656 homilia
1464 3608 1634 3678 sexta.
1667 3600 1885 3655 Demum
1918 3608 2001 3654 tae

418 3698 569 3752 bulas
593 3696 890 3759 Paschales,
908 3696 1057 3766 queis
1080 3694 1162 3748 ha:
1183 3708 1370 3748 omnes
1392 3693 1713 3762 conjectura:
1740 3692 2001 3759 nituntur,

416 3788 697 3858 aliquando
740 3786 955 3841 fallaces
993 3800 1112 3840 esse
1147 3799 1306 3853 supra
1348 3784 1705 3853 probavimus.
1747 3782 1855 3837 Nec
1895 3791 2001 3837 tam

418 3879 693 3949 perspicue
718 3880 914 3933 scimus
942 3886 1120 3931 utrum
1150 3876 1293 3930 circa
1323 3874 1736 3930 celebrationem
1761 3872 1999 3938 Paschae,

418 3973 575 4025 ritum
604 3969 1015 4024 Alexandrinum
1043 3974 1322 4022 servarent
1350 3964 1689 4021 Antiocheni.
1730 3965 1798 4019 lis
1826 3965 2000 4019 omni-

419 4062 516 4115 bus
544 4062 719 4131 itaque
748 4059 1043 4129 perpensis,
1074 4057 1333 4112 fateamur
1360 4070 1581 4111 necesse
1606 4066 1709 4123 est,
1740 4056 2000 4111 incertum

418 4167 637 4222 prorsus
661 4166 779 4207 esse
802 4167 907 4222 quo
931 4164 1074 4203 anno
1103 4149 1199 4203 hos
1226 4149 1277 4202 in
1308 4146 1559 4203 Genesim
1590 4161 1867 4203 sermones
1896 4148 2002 4199 An-

420 4243 628 4300 tiochite
659 4242 901 4298 habuerit
924 4241 1353 4312 Chrysostomus.
1400 4239 1456 4294 Id
1494 4254 1657 4293 unum
1696 4240 1812 4293 sine
1840 4237 2001 4293 dubio

419 4336 652 4401 scimus,
706 4349 948 4404 magnam
997 4348 1183 4389 eorum
1232 4342 1439 4401 partem
1488 4333 1539 4385 in
1585 4332 2000 4402 Quadragesima

418 4426 613 4481 dictam
663 4424 862 4491 fuisse,
910 4424 1161 4493 illamque
1203 4422 1671 4493 Quadragesimam
1724 4437 1832 4477 non
1882 4436 2001 4477 esse

419 4516 543 4569 anni
578 4515 701 4578 586.
731 4514 783 4569 in
806 4529 908 4583 qua
933 4525 1055 4569 octo
1095 4512 1165 4568 ab
1202 4512 1284 4568 his
1319 4513 1558 4567 diversos
1586 4513 1767 4568 habuit
1790 4528 1999 4568 sermo-

422 4622 550 4672 nes;
592 4622 768 4677 neque
804 4607 929 4660 anni
972 4606 1098 4673 587,
1129 4621 1287 4675 quam
1335 4620 1469 4675 pene
1509 4613 1670 4660 totam
1713 4604 1767 4660 in
1810 4605 2000 4677 deplo-

423 4697 586 4753 randa
626 4699 1075 4752 Antiochenorum
1102 4696 1171 4751 ob
1198 4710 1413 4751 eversas
1452 4704 1653 4750 statuas
1698 4695 2000 4752 calamitate

419 4792 730 4861 absumpsit.

489 4884 649 4939 Certo
672 4892 880 4939 constat
906 4884 1067 4938 etiam
1098 4883 1293 4937 multas
1320 4882 1451 4937 alias
1479 4882 1675 4937 diversi
1701 4884 1999 4955 argumenti

420 4975 669 5030 habuisse
709 4974 956 5028 homilias
992 4972 1427 5045 Chrysostomum
1463 4973 1765 5029 intermisso
1788 4975 2003 5029 concio-

420 5084 546 5124 uum
578 5068 630 5122 in
649 5067 898 5124 Genesim
924 5082 1104 5133 cursu,
1131 5076 1187 5121 ut
1220 5067 1271 5120 in
1298 5081 1488 5136 magna
1511 5075 1564 5121 et
1590 5077 1769 5121 sancta
1800 5066 2001 5121 hebdo-

419 5159 573 5214 mada
600 5159 667 5214 de
690 5158 822 5213 Juda
850 5157 1137 5229 proditore,
1161 5158 1212 5211 in
1234 5157 1490 5213 Paschate
1509 5168 1690 5213 contra
1724 5158 1997 5222 Ebriosos.

420 5262 541 5321 post
587 5251 789 5306 Pascha
832 5249 1077 5304 homilias
1118 5250 1352 5320 quinque
1393 5252 1446 5303 in
1488 5250 1809 5319 Principium
1839 5254 2000 5306 Acto-

420 5360 559 5405 rum,
587 5354 641 5399 et
668 5343 912 5398 homilias
929 5351 1157 5413 quatuor
1173 5342 1241 5399 de
1261 5342 1547 5399 Mutatione
1569 5344 1860 5398 nominum.
1885 5342 1998 5399 Una

421 5450 549 5489 vero
583 5436 723 5489 serie
766 5434 1011 5489 homilias
1056 5434 1265 5505 triginta
1300 5434 1433 5489 duas
1466 5434 1518 5488 in
1542 5434 1951 5506 Quadragesima
1980 5452 1996 5492 :

421 5529 465 5584 si
495 5529 715 5584 alterius
748 5528 1040 5598 argumenti
1070 5526 1300 5581 homilia:
1328 5528 1587 5597 quaepiam
1619 5528 1758 5583 hunc
1784 5544 1998 5585 cursum

422 5620 903 5690 interpellaverint,
934 5636 1011 5675 ea:
1033 5620 1141 5689 jam
1170 5634 1275 5673 nou
1301 5628 1528 5673 exstant.
1559 5619 1747 5689 Operae
1776 5623 2000 5691 pretium

421 5722 596 5769 autem
633 5711 791 5769 fuerit
820 5713 1027 5768 illarum
1057 5728 1154 5782 per
1172 5710 1636 5784 Quadragesimam
1666 5715 2000 5771 homiliarum

421 5806 681 5873 ordinem,
710 5814 765 5861 et
799 5814 995 5877 quanto
1026 5804 1209 5876 elapso
1236 5805 1489 5877 temporis
1524 5808 1697 5879 spatio
1719 5808 1817 5864 alia
1839 5810 1995 5869 aliam

1573 352 1755 411 NUNC.
1795 350 2050 409 PRIMUM
2089 353 2483 413 ADORNATA.

3588 360 3686 415 138

2097 484 2316 540 Seqnuta
2339 475 2428 538 sit,
2456 474 2538 528 hic
2563 475 2740 543 paucis
2761 476 3109 546 perscribere.

2172 566 2345 619 Prima
2376 568 2565 621 concio
2594 568 2733 622 dicta
2767 567 2864 622 fuit
2907 569 3181 625 Duminica
3220 569 3335 635 die,
3366 586 3483 638 qua:
3511 572 3684 645 Quin-

2097 660 2418 727 quagesimm
2448 676 2610 731 penes
2638 675 2733 715 uos
2761 672 2997 729 vocatur,
3027 674 3307 732 antequam
3337 664 3682 737 quadragesi-

2099 749 2239 804 male
2276 749 2537 818 jejunium
2583 751 2836 817 iniretur;
2883 753 3132 816 secunda,
3170 753 3257 807 die
3299 756 3539 825 sequenti
3578 771 3682 826 qua

2094 838 2357 910 jejunium
2388 843 2771 912 incipiebatur;
2801 844 2953 898 tertia
2985 853 3038 897 et
3063 854 3247 913 quarta
3279 846 3328 899 iu
3360 845 3507 901 feriis
3528 848 3682 902 tertia

2098 941 2152 986 et
2179 943 2363 1002 quarta
2390 952 2403 988 :
2434 932 2516 988 ha:
2538 936 2877 990 continenter
2900 936 3118 1005 singulis
3146 936 3331 991 diebus
3356 938 3510 993 dicta:
3536 947 3681 993 sunt.

2102 1022 2363 1079 Incertum
2393 1042 2516 1081 vero
2544 1036 2646 1090 est,
2677 1037 2850 1081 utrum
2900 1026 3039 1084 inter
3078 1038 3317 1098 quartam
3358 1039 3410 1083 et
3444 1032 3683 1100 quintam

2100 1114 2371 1170 homiliam
2413 1116 2588 1187 aliqua
2627 1117 2743 1172 dies
2789 1118 3170 1183 intercesserit,
3197 1120 3565 1175 autcoucioue
3590 1137 3685 1175 va-

2100 1223 2219 1271 cua,
2250 1220 2340 1263 aut
2371 1210 2438 1264 ad
2474 1211 2617 1264 aliud
2648 1211 2999 1266 conciouantli
3023 1223 3389 1281 argumentum
3413 1213 3682 1283 deputata.

2101 1297 2171 1355 Ut
2199 1308 2256 1353 ut
2282 1309 2383 1363 est,
2415 1302 2617 1371 quinta,
2648 1312 2821 1365 sexta,
2856 1303 3102 1372 septima,
3134 1314 3317 1358 octava
3343 1314 3397 1359 et
3423 1321 3558 1359 nona
3588 1306 3686 1360 ho-

2101 1393 2261 1448 milias
2284 1397 2619 1450 continenter
2644 1394 2867 1465 singulis
2908 1396 3008 1450 sibi
3055 1397 3461 1452 succedentibus
3497 1398 3687 1456 diebus

2102 1484 2259 1541 dicta:
2289 1496 2432 1553 sunt,
2467 1488 2656 1556 partim
2685 1486 2738 1540 in
2771 1488 2957 1557 prima,
2993 1489 3180 1557 partim
3205 1489 3256 1543 in
3284 1491 3511 1544 secunda
3542 1490 3687 1558 Qua-

2101 1578 2415 1649 dragesima:
2470 1579 2801 1635 hebdomade
2844 1598 2857 1633 :
2900 1579 3105 1634 decima
3151 1580 3310 1635 etiam
3357 1582 3409 1637 iu
3455 1583 3688 1639 secunda

2102 1672 2434 1729 hebdomade
2461 1682 2552 1727 aut
2582 1674 2708 1728 feria
2734 1673 2915 1743 quinta
2942 1715 2955 1736 ,
2987 1681 3079 1727 aut
3116 1682 3264 1728 sexta
3289 1692 3302 1727 :
3328 1674 3603 1729 undecima
3636 1676 3687 1729 in

2102 1764 2321 1819 sabbato
2359 1763 2608 1819 secundae
2644 1764 2990 1819 hebdomadis
3021 1783 3034 1819 :
3066 1764 3377 1819 duodecima
3410 1766 3581 1820 habita
3608 1774 3691 1821 est

2103 1866 2223 1925 post
2243 1856 2400 1911 aliam
2431 1856 2512 1909 vel
2533 1856 2684 1916 alias,
2712 1873 2831 1925 qua)
2860 1857 2927 1911 ad
2957 1856 3226 1912 diversum
3256 1874 3284 1911 a
3311 1858 3503 1914 Genesi
3533 1875 3692 1929 argu-

2103 1956 2339 2001 mentum
2387 1947 2721 2016 spectabaut.
2773 1946 2915 2002 lnler
2969 1948 3339 2004 duodecimam
3385 1965 3597 2020 quoque
3636 1960 3691 2004 et

2105 2038 2366 2092 decimam
2398 2038 2610 2092 tertiam
2637 2038 2720 2093 vel
2750 2055 2884 2093 unus
2909 2040 2992 2094 vel
3027 2040 3205 2108 plures
3230 2040 3345 2095 dies
3372 2042 3690 2096 intercesse-

2107 2138 2252 2183 runt.
2285 2129 2498 2184 Decima
2526 2139 2715 2198 quarta
2751 2129 2890 2183 dicta
2927 2140 3009 2184 est
3044 2130 3132 2184 dic
3175 2130 3433 2185 decimam
3483 2133 3691 2186 tertiam

2107 2222 2422 2293 insequente
2459 2238 2472 2275 :
2505 2221 2712 2276 decima
2751 2222 2934 2290 quinta
2973 2223 3219 2277 similiter
3259 2233 3515 2294 sequente
3557 2224 3644 2278 die
3675 2242 3689 2278 :

2102 2311 2309 2367 decima
2332 2321 2500 2378 sexta,
2522 2311 2610 2367 die
2642 2313 2765 2366 item
2790 2322 3047 2383 sequente
3072 2330 3083 2365 :
3108 2313 3312 2368 decima
3339 2316 3560 2383 septima
3586 2331 3693 2368 uno

2104 2404 2189 2460 vel
2219 2404 2457 2474 pluribus
2489 2415 2609 2473 post
2632 2404 2891 2459 decimam
2932 2415 3136 2459 sextam
3169 2406 3356 2461 diebus
3390 2426 3401 2460 :
3430 2406 3691 2461 decimam

2103 2498 2382 2567 septimam
2430 2497 2635 2552 decima
2680 2507 2898 2562 octava,
2932 2499 3075 2553 nulla
3113 2499 3200 2554 die
3240 2501 3571 2569 interposita,
3603 2515 3692 2556 se-

2103 2598 2262 2658 quuta
2312 2598 2427 2654 est;
2474 2588 2679 2643 decima
2720 2604 2859 2643 nona
2899 2605 2965 2643 an
3010 2591 3347 2646 continenter
3398 2591 3573 2647 habita
3625 2594 3696 2646 sit

2104 2680 2411 2749 ignoratur;
2454 2680 2803 2749 similiterque
2842 2681 3130 2751 vigesima,
3178 2698 3335 2751 quam
3373 2682 3562 2738 diebus
3600 2699 3690 2739 se-

2103 2770 2408 2839 quentibus,
2456 2770 2602 2824 nulla
2644 2781 2865 2825 Vacante
2906 2771 3031 2837 die,
3072 2783 3399 2841 exceperunt
3441 2774 3694 2845 vigesima

2105 2863 2295 2932 prima,
2325 2862 2575 2933 vigesima
2606 2862 2841 2918 secunda
2866 2904 2880 2929 ,
2919 2863 3170 2934 vigesima
3215 2867 3367 2919 tertia
3387 2908 3401 2931 ,
3436 2867 3689 2936 vigesima

2104 2967 2311 3025 quarta.
2353 2956 2614 3025 Brevique
2644 2956 2959 3025 interposito
2989 2959 3182 3026 spatio,
3213 2959 3479 3014 continuis
3506 2960 3696 3015 diebus

2104 3049 2358 3119 vigesima
2406 3050 2584 3119 quinta
2612 3090 2627 3115 ,
2669 3050 2921 3119 vigesima
2962 3060 3132 3117 sexta,
3162 3050 3415 3121 vigesima
3445 3053 3690 3121 septima,

2107 3143 2359 3213 vigesima
2389 3152 2594 3197 octava.
2641 3141 2908 3213 Vigesima
2948 3158 3085 3198 nona
3129 3159 3195 3198 an
3232 3145 3319 3199 die
3360 3155 3477 3214 post
3501 3147 3692 3215 vigesi-

2106 3250 2246 3288 mam
2274 3244 2514 3288 octavam
2545 3245 2801 3305 sequente
2829 3234 3001 3289 habita
3029 3236 3131 3303 sit,
3184 3237 3471 3306 ignoratur.
3510 3237 3697 3307 Trige-

2106 3327 2238 3379 sima
2282 3341 2403 3379 cum
2450 3341 2693 3396 magnam
2741 3326 3124 3381 hebdomadem
3173 3328 3452 3399 attigisset,
3485 3338 3544 3383 ut
3584 3330 3695 3398 ipse

2106 3415 2519 3488 Cbrysostomus
2544 3417 2619 3471 ait
2647 3435 2660 3470 :
2686 3418 2954 3488 trigesima
3000 3418 3165 3487 prima
3210 3427 3266 3473 et
3310 3419 3575 3489 trigesima
3605 3435 3690 3474 se-

2107 3509 2277 3561 cunda
2302 3509 2353 3562 in
2382 3507 2730 3563 hebdomadis
2756 3519 2955 3563 sancta:
2979 3510 3188 3577 diebus,
3213 3512 3301 3581 qui
3328 3510 3511 3567 feriam
3538 3513 3694 3583 quiu-

2109 3607 2215 3653 tam
2247 3599 2297 3653 in
2318 3614 2469 3654 caena
2505 3600 2711 3654 Domini
2745 3599 3070 3669 praecedunt.

2180 3692 2279 3747 llic
2326 3693 2484 3763 longo
2533 3694 2788 3762 temporis
2829 3694 3001 3763 spatio
3045 3694 3300 3749 llomilias
3344 3696 3393 3749 in
3442 3694 3689 3751 Genesim

2107 3783 2518 3855 Chrysostomus
2545 3785 2846 3855 intercepit,
2877 3800 2940 3840 ac
2970 3784 3097 3841 feria
3127 3787 3306 3857 quinta
3339 3788 3391 3841 in
3416 3803 3565 3842 omna
3600 3789 3693 3841 [)o-

2108 3877 2236 3930 mini
2277 3875 2345 3931 de
2387 3876 2521 3931 Juda
2566 3877 2835 3947 proditore
2876 3878 3126 3947 loquutus
3155 3889 3257 3942 est,
3289 3889 3342 3932 et
3373 3879 3501 3934 feria
3541 3890 3692 3935 sexta

2108 3969 2377 4024 homiliam
2415 3968 2484 4024 de
2520 3970 2711 4035 Cruce,
2738 3979 2897 4039 atque
2922 3971 2973 4025 in
3000 3971 3086 4025 die
3110 3984 3295 4026 sancto
3324 3972 3540 4027 Pascha:
3565 3989 3695 4027 con-

2106 4062 2314 4116 cionem
2353 4072 2538 4117 contra
2581 4061 2838 4117 Ebriosos
2879 4070 2934 4117 et
2971 4062 3039 4116 de
3088 4062 3527 4127 Resurrectione;
3572 4075 3694 4136 post

2107 4155 2311 4210 Pascha
2351 4164 2528 4211 autem
2572 4154 2827 4209 Homilias
2854 4156 2905 4209 in
2932 4156 3257 4227 Principium
3292 4162 3542 4212 Actorum
3575 4178 3585 4211 :
3622 4160 3691 4214 ita

2108 4257 2167 4301 ut
2195 4247 2525 4302 intermissns
2558 4246 2608 4299 in
2635 4245 2884 4302 Genesim
2913 4246 3159 4301 homilias
3187 4257 3306 4317 post
3337 4250 3687 4307 Peutecosteu

2109 4349 2311 4394 tantum
2329 4342 2697 4409 resumpserit.
2716 4340 2771 4395 In
2801 4341 3064 4411 principio
3089 4343 3232 4397 enim
3262 4344 3494 4399 homilias
3525 4346 3687 4415 trige-

2106 4432 2255 4486 sima:
2281 4430 2451 4487 tertia:
2479 4446 2538 4485 se
2575 4447 2606 4485 a
2641 4433 2808 4486 multo
2844 4432 2957 4502 jam
3003 4444 3243 4504 tempore
3280 4450 3494 4490 cursum
3541 4438 3689 4491 illum

2108 4524 2456 4580 intermisisse
2484 4525 2631 4580 dicit.
2682 4526 2808 4580 Post
2839 4527 3160 4597 trigesimam
3189 4528 3395 4583 tertiam
3426 4529 3691 4599 trigesima

2106 4626 2291 4688 quarta
2318 4616 2614 4687 insequenti
2640 4616 2727 4671 die
2747 4616 2887 4671 dicta
2914 4616 3028 4682 fuit,
3054 4627 3109 4673 et
3138 4619 3392 4688 postridie
3422 4620 3689 4689 trigesima

2107 4710 2288 4778 quinta
2332 4724 2346 4760 :
2395 4708 2532 4763 hanc
2567 4709 2903 4762 continenter
2944 4708 3268 4778 subsequuta
3307 4720 3389 4765 est
3424 4711 3691 4780 trigesima

2106 4812 2276 4865 sexta,
2299 4816 2457 4871 quam
2477 4801 2685 4871 excepit
2713 4801 2980 4871 trigesima
3008 4802 3252 4872 septima.
3286 4802 3340 4856 lu
3370 4804 3541 4858 triduo
3566 4818 3695 4859 cou-

2108 4893 2340 4947 tinenter
2362 4892 2454 4958 58,
2482 4892 2568 4956 '59,
2594 4902 2649 4947 et
2674 4892 2743 4947 40
2772 4892 2964 4947 habitae
2988 4903 3128 4947 sunt.
3160 4894 3286 4949 Post
3312 4895 3511 4965 aliquot
3532 4896 3694 4951 inter-

2110 4986 2309 5055 positos
2333 4984 2451 5040 dies
2470 4984 2927 5055 quadragesimam
2951 4984 3173 5054 primam
3198 4986 3444 5041 habuisse
3463 4987 3690 5045 videtur.

2110 5077 2276 5131 Biduo
2315 5085 2493 5131 autem
2535 5076 2779 5146 sequenti
2820 5076 3277 5147 quadragesimam
3320 5078 3609 5133 secundam
3640 5088 3693 5132 et

2108 5167 2568 5237 quadragesimam
2612 5166 2841 5223 tertiam.
2892 5167 3081 5222 Postea
3122 5184 3250 5223 vero
3289 5169 3601 5224 concionem
3627 5170 3693 5223 de

2108 5258 2439 5313 Samaritana
2473 5256 2675 5320 habuit,
2706 5272 2769 5311 ac
2799 5256 3025 5311 subinde
3050 5258 3506 5326 quadragesimam
3534 5276 3693 5328 quar-

2111 5361 2216 5404 tam
2257 5351 2306 5403 in
2349 5349 2599 5411 Genesim
2636 5349 3007 5418 pronuntiavit.
3027 5358 3082 5403 et
3103 5348 3262 5419 paulo
3284 5358 3405 5416 post
3422 5352 3695 5405 continen-

2111 5452 2193 5499 ter
2218 5442 2287 5497 ιὸ
2310 5484 2325 5508 ,
2355 5440 2458 5507 46,
2501 5442 2569 5497 47
2598 5450 2653 5496 et
2689 5441 2778 5508 48,
2810 5442 3054 5497 similiter
3086 5442 3156 5497 49
3184 5454 3238 5497 et
3276 5443 3373 5507 50;
3405 5455 3458 5499 et
3496 5445 3700 5514 aliquot

2112 5546 2292 5604 postea
2347 5535 2535 5589 diebus
2581 5534 3070 5605 quinquagesimum
3117 5536 3380 5603 primam:
3415 5552 3696 5593 numerum

2111 5642 2307 5681 auxere
2334 5626 2493 5680 biduo
2522 5627 2760 5697 sequenti
2791 5625 2861 5681 52
2889 5636 2942 5680 ct
2970 5628 3059 5681 55.

2182 5718 2681 5788 Qninquagesimam
2704 5727 2945 5789 quartam
2969 5718 3145 5772 emisit
3165 5729 3441 5789 postquam
3472 5719 3537 5775 de
3556 5721 3699 5777 Con-

2116 5814 2362 5872 versione
2405 5813 2572 5869 sancti
2614 5811 2843 5868 Matthazi
2873 5812 3185 5869 concionem
3212 5811 3467 5870 habuerat
3500 5833 3514 5872 :
3542 5830 3700 5885 quam

2742 5937 2781 5959 ρ
