4122 6386
421 375 523 434 I39

410 496 722 555 concionem
761 498 998 560 sequutre
1037 492 1161 540 sunt
1189 482 1278 545 55,
1315 478 1420 545 56,
1461 478 1528 533 57
1564 486 1618 531 et
1653 474 1741 531 58.
1786 471 1993 526 Seriem

417 586 700 655 intercepit
731 582 919 638 concio
946 578 1014 633 de
1039 569 1514 632 Observatiouibus
1542 565 1802 636 legalihus
1822 604 1837 628 ,
1877 568 1998 631 post

420 697 578 751 quam
599 652 687 733 die
708 673 946 745 sequenti
967 663 1451 738 quinquagesimam
1474 672 1666 711 nonam
1690 655 1840 709 dixit.
1874 652 2000 704 Pau-

417 750 471 829 lo
490 782 613 841 post
633 778 807 824 autem
830 763 920 828 60,
953 762 1042 821 6|.
1075 757 1164 821 62,
1198 750 1586 824 pronuntiavit,
1617 761 1772 816 quam
1800 751 2002 841 postre-

424 834 566 921 tu'am
595 862 683 917 die
718 858 959 928 sequenti
986 850 1314 921 sexagesima
1350 844 1520 907 tertia,
1555 847 1774 910 sequuta
1802 834 1920 901 fuit,
1947 843 2003 888 et

424 953 583 1027 paulo
597 926 1287 1021 postseaxgesimaquarta,
1316 943 1371 989 et
1396 930 1648 1003 postridie
1673 926 2000 995 sexagesima

425 1024 630 1115 quinta,
660 1041 821 1111 paulo
847 1049 968 1109 p05t
991 1032 1318 1101 sexagesima
1365 1033 1534 1088 sexta,
1580 1024 1716 1076 inter
1748 1033 1908 1090 quam
1950 1025 2004 1072 et

425 1110 808 1205 sexagesimum
864 1126 1142 1197 septimam
1187 1118 1383 1188 aliquid
1433 1116 1589 1187 spatii
1638 1110 2003 1168 intercessisse

425 1204 652 1281 videtur.
701 1222 894 1291 Sicque
932 1229 1120 1272 omnes
1156 1214 1209 1267 in
1257 1208 1506 1267 Genesim
1548 1204 1831 1261 conciones
1860 1214 2006 1255 com-

424 1319 579 1388 pleta:
609 1314 837 1368 fuerunt.

499 1405 681 1478 Stylus
704 1397 1069 1473 Chrysostomi
1096 1396 1147 1449 in
1181 1393 1261 1447 his
1290 1389 1522 1445 homiliis
1545 1384 1725 1442 nescio
1753 1381 1878 1453 quid
1905 1395 2004 1435 no-

428 1501 481 1556 vi
645 1511 705 1551 se
732 1472 849 1549 fert.
880 1492 957 1546 De
987 1490 1068 1543 his
1094 1485 1324 1541 hontiliis
1351 1483 1574 1552 loquens
1600 1477 1819 1532 Photius
1834 1472 2007 1527 aithic

428 1565 697 1648 observari
719 1593 1027 1643 consuetam
1058 1575 1422 1651 Chrysostomi
1456 1572 1770 1630 claritatem.
1804 1565 2007 1637 purita-

429 1695 558 1749 tem,
578 1679 910 1751 splendorem
936 1683 991 1730 et
1014 1673 1219 1742 copiam
1240 1666 1471 1728 dicendi,
1498 1662 1878 1720 sententiarum
1901 1658 2007 1712 fre-

426 1749 693 1846 quentiam
710 1780 762 1824 et
782 1767 1171 1838 aptissimarum
1184 1758 1586 1816 similitudinum
1610 1749 2006 1812 abundantiam;

434 1842 530 1920 sed
552 1878 641 1917 eas
661 1859 963 1916 remissiore
976 1863 1031 1910 et
1043 1853 1323 1908 humiliore
1333 1847 1541 1903 dicendi
1556 1859 1751 1915 genere
1763 1842 2008 1910 scriptas,

430 1967 743 2024 tantumque
769 1949 1010 2006 Homiliis
1035 1962 1127 2002 seu
1147 1939 1559 2000 Commentariis
1590 1938 1641 1992 in
1692 1937 1823 1991 Acta
1871 1932 2012 2003 stylo

432 2048 716 2104 inferiores
744 2058 884 2108 esse,
912 2049 1166 2111 quantum
1215 2036 1303 2090 illa
1352 2035 1406 2088 in
1434 2034 1567 2087 Acta
1619 2026 2009 2085 Commentaria

430 2141 681 2198 inferiora
704 2146 829 2192 sunt
849 2130 1259 2190 Commentariis
1285 2129 1337 2181 in
1356 2123 1620 2195 Epistolas
1655 2120 1802 2176 Pauli
1850 2125 1906 2173 et
1958 2117 2011 2171 iu

430 2232 773 2292 Psalterium.
802 2231 878 2282 Ac
908 2238 1092 2279 revera
1124 2222 1206 2274 ha:
1235 2219 1553 2281 conciones,
1602 2213 1726 2267 licet
1767 2224 2012 2279 magnam

432 2327 729 2382 ubertatem
749 2330 911 2388 atque
933 2316 1145 2372 solitam
1164 2310 1531 2383 Cbrysostomi
1558 2302 1876 2360 inventionis
1896 2300 2015 2356 feli-

433 2419 651 2472 citatem
680 2429 788 2485 pne
810 2428 868 2466 se
891 2409 1081 2471 ferant,
1113 2421 1216 2459 non
1246 2413 1422 2458 tamen
1455 2399 1567 2470 pari
1593 2397 1768 2453 studio
1792 2395 1873 2448 vel
1920 2407 2013 2447 ac-

435 2508 711 2562 curatione
737 2502 1067 2557 concinnata:
1098 2497 1362 2549 videntur.
1393 2492 1490 2547 llic
1509 2505 1653 2559 smpe
1681 2485 2013 2541 animadver-

436 2614 517 2657 tas
543 2598 880 2669 longissimas
908 2592 1014 2648 texi
1039 2589 1304 2660 periodos,
1338 2601 1455 2656 qua:
1500 2581 1848 2652 parentheses
1887 2577 2018 2631 alias

437 2706 599 2761 super
614 2666 745 2742 alias
767 2695 871 2740 tam
902 2683 1205 2750 frequenter
1226 2676 1529 2734 exhibeant,
1563 2680 1620 2726 ut
1647 2667 1891 2740 principii
1918 2666 2015 2718 ob-

436 2760 561 2838 litus
611 2785 811 2837 orator,
871 2771 1185 2829 sententiam
1234 2764 1592 2834 imperfectam
1635 2760 1915 2829 relinquat.
1968 2764 2022 2810 et

436 2869 722 2943 aliquando
770 2867 987 2922 verbum
1029 2862 1093 2916 ad
1118 2861 1345 2916 ordinem
1387 2853 1748 2912 necessarium
1802 2857 2018 2919 praetcr-

439 2942 631 3021 inittat.
665 2960 844 3030 Neque
872 2955 1069 3012 veroid
1097 2954 1287 3006 mirum
1313 2949 1407 3003 tibi
1435 2945 1696 3007 videatur,
1718 2942 1763 2996 si
1796 2954 2021 3010 perpen-

442 3060 557 3124 das,
581 3054 828 3126 periodos
849 3050 969 3105 illas
989 3043 1274 3117 aliquando
1319 3044 1390 3095 ita
1438 3038 1674 3102 extendi,
1725 3037 1810 3087 vix
1858 3041 1914 3086 ut
1969 3031 2020 3083 in

441 3151 632 3221 pagina
661 3160 763 3200 una
790 3141 1152 3198 absoltantur.
1192 3135 1322 3189 Hinc
1374 3130 1571 3186 inferas
1612 3139 1879 3180 oratorem
1923 3139 2021 3177 no-

442 3252 612 3298 strum
664 3238 777 3292 lucc
820 3232 1255 3289 conciouantem,
1285 3238 1390 3277 non
1420 3221 1488 3274 ita
1530 3234 1741 3289 semper
1787 3223 2023 3285 paratum

444 3334 862 3398 meditatumque
887 3323 953 3378 ad
978 3321 1287 3376 concionem
1341 3315 1567 3375 venisse,
1619 3309 1713 3364 sed
1763 3308 1922 3360 multa
1958 3319 2023 3357 ex

448 3440 685 3494 tempore
707 3432 763 3476 ιιι
780 3417 942 3473 menti
973 3429 1091 3470 sese
1108 3410 1401 3465 oll‘erehant
1416 3406 1634 3460 dixisse.

516 3493 572 3572 Si
603 3528 813 3569 eausam
843 3521 1003 3579 porro
1031 3517 1259 3574 quaeras,
1307 3496 1603 3571 perpendas
1646 3494 1805 3548 velim
1853 3493 2024 3562 ipsum

451 3612 505 3664 in
540 3607 641 3661 hac
666 3598 1081 3671 Quadragesiuta
1119 3594 1186 3649 ad
1225 3607 1392 3663 usque
1439 3586 1788 3645 hebdomadis
1832 3592 2029 3638 sanctre

452 3697 752 3759 dimidium,
785 3708 888 3746 non
908 3688 1066 3744 modo
1085 3687 1198 3740 illas
1230 3684 1443 3753 triginta
1469 3680 1600 3734 duas
1624 3691 1826 3746 priores
1859 3674 2028 3728 homi-

452 3795 552 3848 lias
572 3788 843 3851 habuisse,
872 3782 965 3837 sed
993 3781 1153 3834 etiam
1188 3777 1319 3831 alias
1345 3773 1631 3828 identidem
1684 3778 2026 3831 memoratas,

452 3898 572 3952 quae
593 3879 848 3935 suadente
868 3874 1113 3945 quapiam
1142 3867 1398 3937 temporis
1446 3863 1729 3919 occasione
1772 3860 2026 3914 llomilia-

454 3975 645 4031 rumiu
677 3968 925 4027 Genesim
952 3978 1165 4021 cursum
1217 3957 1644 4034 interpellabant,
1695 3962 1749 4010 et
1804 3953 2032 4007 fortasse

452 4070 584 4121 alias
604 4078 813 4135 quoque
839 4060 1038 4114 dixisse
1058 4057 1125 4110 ah
1149 4071 1208 4110 se
1228 4069 1334 4108 non
1363 4060 1830 4112 commemoratas,
1866 4046 1932 4100 ita
1977 4055 2033 4099 ut

456 4158 690 4228 quotidie
713 4153 897 4216 ferme,
920 4161 974 4204 et
998 4148 1211 4217 quidem
1242 4142 1548 4214 longlssime
1570 4140 1917 4195 concinnatus
1943 4139 2030 4190 sit.

460 4250 513 4303 Id
544 4258 719 4302 autem
750 4260 778 4297 a
807 4243 917 4297 viro
936 4239 1230 4310 prtesertitn
1256 4236 1343 4306 qui
1362 4249 1456 4305 per
1483 4242 1647 4287 totum
1679 4246 1873 4285 annum
1900 4245 2032 4283 con-

457 4339 701 4397 cionaudi
731 4337 962 4391 officium
991 4328 1399 4400 exsequebatur,
1438 4340 1543 4380 non
1590 4334 1748 4393 posse
1791 4323 1905 4376 sine
1937 4336 2034 4376 ex-

457 4429 737 4501 temporali
795 4424 1180 4482 declantatione
1229 4418 1515 4473 identidem
1578 4416 1764 4470 saltem
1814 4413 2034 4483 repetita

459 4523 720 4596 prmslal‘i,
749 4519 1006 4573 fateamur
1029 4526 1251 4569 necesse
1274 4517 1375 4567 est.
1402 4508 1455 4562 In
1479 4506 1827 4575 extemporali
1858 4513 2034 4558 autent

458 4614 867 4673 declamatione,
903 4607 988 4661 ubi
1017 4605 1283 4674 ingenium
1307 4611 1449 4656 tanta
1481 4599 1684 4669 pollens
1712 4597 2035 4660 inventione,

464 4720 597 4759 nova
621 4715 835 4772 semper
856 4699 1053 4752 oratori
1074 4695 1395 4765 suppeditat,
1424 4691 1549 4761 quid
1581 4690 1773 4743 mirum
1803 4689 1846 4742 si
1900 4703 2038 4740 nun-

463 4811 750 4866 numquant
772 4802 955 4848 contra
978 4789 1357 4859 praeceptiones
1375 4784 1745 4856 grammaticas
1769 4787 2037 4851 peccetur,

459 4890 559 4946 etsi
590 4888 763 4943 minor
789 4887 1006 4956 ἀκρίϐεια
1026 4883 1078 4935 in
1101 4881 1307 4951 syntaxi
1329 4885 1593 4932 occurrat.

538 4981 779 5036 Diximus
828 4977 1266 5045 Chrysostomunt
1317 4969 1666 5024 llomiliarum
1716 4966 1769 5020 in
1792 4964 2039 5021 Genesim

464 5068 1047 5136 cursnmiutcrcepisse
1075 5068 1092 5132 (
1119 5062 1251 5116 T.2.
1284 5078 1331 5114 ο,
1366 5060 1462 5117 571
1496 5059 1551 5131 ),
1585 5069 1640 5111 ιιι
1681 5058 1806 5111 feria
1858 5057 2042 5127 quinta

466 5167 518 5219 in
536 5162 699 5217 Coena
726 5158 938 5213 Domini
959 5157 1028 5210 de
1055 5153 1188 5210 Juda
1228 5152 1497 5222 proditore
1522 5159 1722 5218 ageret.
1760 5148 2041 5203 lictuiliam

470 5268 598 5311 vero
626 5253 693 5306 de
710 5250 843 5304 .luda
868 5248 1138 5319 proditore
1167 5245 1367 5314 aliquot
1392 5252 1513 5296 ante
1534 5257 1723 5307 annos,
1751 5254 1806 5294 ut
1826 5240 2044 5296 credere

468 5355 571 5407 est,
588 5343 698 5412 jam
721 5340 1000 5399 habuerat,
1046 5338 1138 5392 sed
1172 5336 1314 5388 illam
1367 5332 1691 5397 retractavit,
1732 5332 2045 5403 initiumque

470 5434 712 5497 mutavit,
742 5442 796 5487 et
828 5432 1068 5502 quaadam
1095 5427 1315 5492 addidit,
1347 5435 1405 5481 ut
1430 5442 1548 5481 eam
1594 5424 1722 5480 feria
1768 5426 1950 5496 quinta
1993 5427 2044 5480 in

470 5529 632 5582 Coena
661 5524 869 5578 Domini
893 5522 1116 5586 diceret,
1144 5519 1283 5589 quod
1304 5519 1463 5574 etiam
1488 5521 1537 5572 itt
1559 5519 1678 5573 aliis
1708 5517 1939 5573 homiliis
1966 5519 2039 5574 fe~

470 5622 608 5674 cisse
633 5612 1070 5686 deprehenditur.
1098 5610 1394 5665 Occasione
1422 5610 1738 5678 proditionis
1782 5608 1930 5663 Juda:
1960 5611 2046 5665 di-

471 5712 565 5775 cit,
592 5726 697 5762 non
741 5705 1056 5760 necessitate
1104 5703 1369 5757 hominem
1418 5701 1484 5755 ad
1535 5702 1730 5755 bonum
1774 5713 2003 5771 pertratn
2030 5744 2045 5767 ,

472 5800 749 5869 ipsumque
770 5814 833 5852 ex
868 5794 1035 5851 libero
1074 5795 1293 5850 arbitrio
1334 5793 1417 5847 vel
1473 5793 1669 5849 bonum
1727 5795 1804 5849 vel
1852 5796 2046 5850 malum

1464 364 1521 421 S.
1559 358 1838 420 JOANNlS
1873 349 2346 413 CHRYSOSTOMI
2384 349 2563 415 VITA,

3580 336 3685 394 H0

2105 464 2339 535 deligere
2368 471 2421 518 et
2443 468 2767 531 perpetrare.

2177 556 2329 623 Quod
2358 555 2407 609 in
2428 554 2641 626 homilia
2656 551 2723 606 de
2748 550 2882 606 Juda
2901 547 3172 617 proditore
3189 543 3678 611 animadvertimus,

2109 648 2335 717 idipsum
2359 644 2807 715 deprehendimus
2830 658 2879 695 ιιι
2907 638 3164 695 concione
3189 638 3254 691 de
3282 633 3451 688 Cruce
3471 650 3539 689 ac
3580 632 3674 688 La-

2108 750 2425 810 trone,qua:
2470 739 2523 791 iu
2571 738 2658 791 die
2710 736 3030 791 Parasceves
3080 729 3260 785 habita
3306 728 3451 801 fuit;
3490 740 3677 798 nempe

2107 828 2571 901 Clu-ysostomum,
2599 842 2756 897 quam
2809 824 3012 895 aliquot
3045 831 3169 876 ante
3222 835 3393 874 annos
3437 818 3677 874 habuisst

2106 925 2336 988 videtur,
2366 921 2607 977 eamdem
2633 918 2882 974 secundis
2904 916 3046 971 curis
3087 913 3437 983 recognitam,
3490 921 3543 966 et
3566 910 3685 982 qui—

2109 1013 2330 1067 lmsdam
2361 1013 2413 1065 in
2440 1013 2587 1072 locis,
2618 1010 2670 1063 in
2703 1007 2962 1079 principio
2993 1005 3225 1059 maxime
3265 1012 3544 1067 mutatam,
3595 1016 3687 1055 eo-

2108 1104 2230 1158 dem
2258 1111 2563 1157 recurrente
2592 1100 2680 1155 die
2706 1099 3034 1154 Parasceves
3068 1097 3259 1150 iterum
3291 1094 3685 1165 pronuntiasse.

2108 1198 2224 1253 Non
2253 1197 2421 1252 series
2451 1194 2611 1249 modo
2638 1193 2824 1248 eadem
2851 1200 2953 1258 est,
2984 1190 3076 1245 sed
3093 1190 3252 1243 etiam
3282 1188 3439 1242 verba
3461 1186 3690 1256 plerum-

2110 1307 2251 1360 que;
2288 1301 2447 1359 atque
2471 1288 2763 1357 Scriptura:
2806 1285 2918 1340 loca
2968 1283 3156 1337 eodem
3200 1282 3317 1351 ipso
3362 1281 3414 1334 in
3468 1288 3691 1349 utraque

2112 1382 2299 1435 ordine
2334 1380 2593 1434 locantur.
2621 1380 2751 1446 Qua:
2780 1377 2941 1446 prior,
2973 1390 3090 1445 qua:
3119 1373 3381 1444 posterior
3406 1372 3545 1427 dicta
3577 1370 3690 1425 fue-

2114 1474 2202 1534 rit,
2229 1487 2334 1526 non
2368 1472 2438 1524 ita
2464 1469 2619 1524 facile
2645 1478 2726 1524 est
2768 1465 3193 1535 deprehendere.
3226 1464 3420 1518 Verum
3474 1479 3538 1517 ex
3585 1462 3648 1516 iis
3674 1504 3689 1524 ,

2113 1580 2231 1633 quae
2251 1578 2396 1615 num.
2420 1561 2454 1616 5
2481 1561 2531 1613 in
2559 1571 2784 1629 utraque
2809 1556 3077 1621 dicuntur,
3108 1554 3305 1625 aliquid
3334 1555 3464 1609 lucis
3484 1553 3547 1606 ad
3579 1568 3693 1606 rem

2113 1653 2480 1709 excutiendam
2502 1650 2722 1706 affertur
2745 1669 2758 1704 :
2777 1665 2901 1704 nam
2920 1650 2970 1702 in
2989 1648 3185 1716 priore,
3203 1648 3352 1716 cujus
3372 1647 3573 1700 initium
3590 1654 3689 1710 est,

2118 1748 2265 1801 hodie
2280 1744 2530 1810 Christus,
2552 1744 2630 1798 sic
2652 1744 2843 1813 legitur
2868 1758 2883 1797 :
2917 1740 3179 1793 Imitemur
3199 1740 3365 1808 itaque
3391 1748 3437 1790 et
3467 1754 3557 1790 nos
3584 1736 3692 1790 Do-

2116 1840 2330 1903 minum,
2354 1847 2399 1891 et
2417 1853 2508 1907 pro
2535 1835 2752 1888 inimicis
2779 1848 3037 1903 precemur
3056 1847 3074 1884 :
3100 1829 3325 1883 eamdem
3348 1830 3481 1882 enim
3510 1828 3694 1880 cohor-

2116 1933 2352 1984 tationem
2378 1944 2597 1983 resumo.
2634 1926 2756 1980 Jam
2781 1927 2954 1996 quinto
2979 1924 3061 1977 die
3083 1921 3219 1976 vobis
3244 1921 3307 1975 de
3336 1921 3510 1975 eodem
3538 1935 3693 1990 urgu-

2116 2035 2280 2077 mento
2320 2023 2532 2076 dissero.
2575 2019 2704 2087 Qum
2745 2033 2872 2071 vero
2894 2015 3161 2088 posterior
3186 2014 3389 2066 locatur
3409 2013 3484 2065 sic
3507 2011 3693 2065 habet:

2116 2114 2383 2169 Imitentur
2410 2122 2457 2166 et
2479 2129 2568 2165 nos
2596 2110 2891 2173 Dominum,
2941 2118 2987 2160 et
3038 2121 3130 2176 pro
3158 2104 3372 2158 inimicis
3416 2118 3695 2173 precemur.

2121 2207 2247 2272 Quce
2274 2205 2381 2259 heri
2413 2203 2604 2264 monui,
2634 2200 2918 2254 earumdem
2935 2208 2979 2251 et
3004 2214 3135 2250 nunc
3157 2195 3568 2264 commonefacio,
3595 2196 3696 2246 sci-

2119 2313 2207 2350 ens
2234 2294 2469 2366 praeclari
2499 2295 2619 2365 [acti
2653 2289 3073 2361 magnitudinem.
3101 2288 3227 2340 lude
3253 2301 3380 2340 vero
3433 2283 3698 2355 liquidum

2120 2403 2241 2442 esse
2262 2387 2492 2451 videtur,
2514 2384 2863 2454 posteriorem
2882 2397 2998 2435 eam
3021 2396 3161 2443 esse,
3202 2395 3321 2449 quae
3352 2387 3468 2448 post
3518 2377 3702 2432 llomi-

2123 2481 2222 2534 lias
2247 2480 2297 2532 in
2322 2477 2573 2532 Genesim
2596 2477 2646 2529 in
2665 2473 3076 2544 Quadragesima
3108 2472 3313 2525 habitas
3344 2469 3429 2523 die
3451 2469 3702 2523 Parasce-

2126 2586 2217 2626 ves
2236 2570 2377 2625 dicta
2395 2569 2492 2623 fuit
2518 2584 2668 2622 :nam
2691 2569 2739 2621 in
2759 2565 3005 2621 Homiliis
3025 2565 3073 2617 in
3092 2562 3339 2617 Genesim
3364 2561 3452 2627 50,
3488 2561 3577 2625 51,
3609 2559 3700 2626 52,

2124 2680 2193 2718 ne
2227 2663 2429 2716 minime
2469 2661 2682 2731 quidem
2706 2659 2773 2714 de
2797 2658 3041 2728 precibus
3086 2671 3182 2724 pro
3224 2654 3456 2708 inimicis
3503 2653 3701 2709 dictum

2126 2755 2245 2820 fuit,
2281 2754 2503 2823 ideoque
2531 2753 2582 2806 in
2617 2761 2880 2821 postrema
2911 2750 3082 2803 locum
3136 2746 3358 2801 mutavit
3382 2743 3699 2816 Cltrysosto-

2125 2858 2264 2910 mus,
2287 2852 2343 2898 et
2367 2843 2434 2897 de
2464 2841 2709 2912 precibus
2737 2855 2831 2910 pro
2860 2837 3092 2892 inimicis
3132 2837 3183 2890 in
3234 2835 3451 2889 humilia
3497 2849 3691 2906 praece-

2125 2934 2270 2988 denti
2300 2933 2365 2987 de
2386 2933 2519 2988 Juda
2541 2931 2812 3002 proditore
2842 2939 3044 2983 tantum
3069 2927 3323 2997 loquitur.
3348 2925 3482 2980 Vide
3514 2926 3565 2977 iit
3597 2923 3707 2978 Mo-

2127 3028 2239 3081 nito
2264 3027 2329 3081 ad
2361 3025 2497 3080 hanc
2526 3024 2799 3079 homiliam
2828 3022 2890 3076 T.
2918 3021 2974 3086 2,
3000 3037 3045 3074 c.
3074 3018 3196 3073 597.

2200 3118 2255 3173 In
2277 3119 2363 3173 die
2388 3104 3049 3172 Resurrectiouis'Domini
3069 3111 3256 3166 eodem
3285 3127 3425 3165 anno
3445 3110 3582 3164 dicta
3613 3108 3708 3164 fuit

2130 3210 2353 3264 llomilia
2372 3217 2553 3270 contra
2571 3206 2823 3262 Ebriosos
2838 3216 2890 3260 et
2907 3204 2974 3258 dc
2991 3202 3396 3257 Resurrectione
3449 3199 3537 3271 (Τ.
3566 3199 3620 3253 2.
3658 3219 3700 3255 ι’.

2131 3299 2283 3369 417).
2311 3298 2457 3354 Hauc
2491 3313 2619 3352 vero
2652 3297 2964 3352 Concionem
2987 3295 3064 3347 sic
3108 3302 3367 3347 memorat
3394 3290 3708 3363 Chrysosto-

2129 3393 2487 3448 tuushomilia
2520 3390 2690 3461 prima
2732 3388 2788 3462 (6
2846 3386 3109 3459 Januarii)
3146 3384 3198 3441 in
3242 3384 3567 3454 Principium
3617 3386 3712 3436 Ac-

2132 3494 2331 3547 torum,
2361 3499 2480 3554 qua:
2500 3482 2687 3537 eodem
2710 3481 2825 3551 ipso
2851 3494 2992 3534 anno
3018 3478 3177 3549 paulo
3205 3486 3325 3547 post
3370 3474 3569 3530 Pascha
3620 3474 3709 3528 ha-

2132 3577 2239 3631 bita
2264 3575 2381 3641 fuit,
2415 3591 2562 3630 num.
2593 3573 2629 3628 2
2659 3593 2672 3630 :
2708 3572 2830 3627 Non
2859 3582 2974 3627 sunt
3004 3572 3159 3642 igitur
3185 3570 3372 3624 malum
3400 3569 3601 3632 divitiis,
3627 3570 3713 3622 sed

2133 3667 2424 3739 illegitimus
2451 3681 2624 3719 earum
2648 3681 2768 3718 usus
2795 3673 2867 3718 est
2910 3664 3100 3717 nmium
3132 3678 3151 3716 :
3182 3670 3227 3715 et
3274 3662 3399 3715 sicut
3442 3676 3600 3730 nuper
3648 3657 3710 3713 de

2135 3761 2369 3814 ebrietate
2395 3760 2543 3813 verba
2572 3761 2781 3830 faciens,
2805 3773 2905 3810 non
2927 3756 3098 3810 vinum
3143 3752 3478 3816 accusabam;
3532 3753 3715 3823 quippe

2134 3867 2248 3903 cum
2294 3851 2455 3904 omnis
2503 3859 2733 3902 creatura
2776 3847 2872 3902 Dei
2906 3848 3035 3901 bona
3071 3848 3163 3911 sit,
3215 3861 3329 3915 qua:
3373 3861 3486 3898 cum
3525 3844 3711 3916 gratia-

2135 3958 2249 3993 rum
2283 3941 2476 3993 actione
2514 3939 2827 4009 percipitur;
2868 3936 2955 3991 sed
2990 3935 3179 3990 malum
3224 3953 3390 3996 usum,
3434 3945 3537 3989 etc.
3587 3934 3715 4002 Quae

2137 4034 2299 4086 verba
2329 4046 2448 4085 cum
2481 4028 2581 4084 hac
2635 4029 2893 4082 concione
2941 4027 3075 4082 inire
3123 4035 3440 4091 censonant,
3486 4025 3716 4078 maxime

2140 4137 2265 4176 vero
2293 4136 2412 4175 cum
2445 4119 2546 4174 hoc
2581 4118 2818 4187 ejusdem
2864 4118 2979 4173 loco
3032 4137 3045 4173 :
3085 4116 3433 4172 Abstineamus
3472 4115 3533 4167 ab
3561 4116 3714 4168 ebrie-

2140 4223 2239 4267 tate
2267 4229 2285 4267 :
2311 4230 2411 4267 non
2433 4213 2545 4266 dico
2575 4212 2689 4277 hoc,
2710 4210 3046 4265 abstineamus
3073 4226 3102 4262 a
3126 4211 3262 4274 vino,
3286 4208 3373 4262 sed
3400 4208 3460 4261 ab
3486 4207 3719 4261 ebrietate

2140 4306 2491 4360 abstineamus.
2529 4303 2648 4359 Non
2682 4304 2851 4358 viuum
2896 4303 3040 4374 efﬁcit
3092 4300 3412 4365 ebrietatem;
3463 4310 3535 4354 est
3587 4299 3717 4353 enim

2141 4396 2239 4451 Dei
2267 4410 2495 4451 creatura
2520 4414 2538 4451 :
2567 4397 2661 4450 Dei
2684 4412 2832 4461 porro
2861 4406 3091 4449 creatura
3114 4395 3242 4448 nihil
3268 4393 3409 4465 eﬂicit
3446 4392 3567 4446 mali
3588 4408 3605 4455 ;
3632 4391 3720 4444 sed

2141 4492 2375 4543 uoluntas
2406 4491 2542 4541 mala
2570 4489 2715 4558 eﬂicit
2745 4486 3065 4552 ebrietatem,
3091 4497 3195 4540 etc.
3227 4485 3515 4554 Postquam
3543 4493 3719 4538 autem

2143 4583 2210 4637 de
2235 4598 2361 4637 vero
2386 4580 2573 4651 jejuuii
2603 4597 2698 4635 usu
2720 4590 2774 4635 et
2793 4589 2977 4635 contra
3002 4579 3311 4633 ebrietatem
3344 4577 3593 4647 loquutus
3619 4584 3716 4647 est,

2145 4674 2276 4729 dicit
2302 4674 2498 4728 nullam
2529 4688 2649 4728 esse
2683 4687 3023 4742 personarum
3069 4669 3466 4725 distinctionem
3510 4670 3560 4722 in
3592 4684 3715 4738 par-

2148 4768 2451 4837 ticipatione
2483 4767 2857 4836 mysteriorum
2881 4782 2894 4819 :
2922 4774 3014 4819 aut
3033 4763 3193 4818 etiam
3215 4778 3273 4818 se
3293 4771 3495 4832 septem
3519 4762 3719 4817 dierum

2147 4861 2318 4930 spatio
2335 4858 2570 4929 quotidie
2591 4859 3025 4913 concinnaturqu
3055 4873 3193 4913 esse.
3225 4855 3277 4910 lu
3304 4856 3404 4910 hac
3425 4872 3581 4926 porro
3600 4870 3722 4910 cou-

2147 4954 2301 5008 cione
2317 4952 2794 5022 Manuscriptorum
2827 4966 2929 5020 ope
2948 4951 3148 5005 hiatum
3173 4964 3419 5020 magnum
3447 4948 3726 5003 sarsintus.

2221 5065 2463 5120 Domitia:
2486 5067 2541 5119 in
2570 5064 2891 5133 Principium
2938 5063 3196 5117 Actorum.
3226 5092 3299 5102 —
3325 5061 3473 5116 Hanc
3517 5062 3723 5117 concio-

2151 5173 2271 5212 nem
2297 5166 2535 5227 sequuta:
2560 5167 2685 5211 sunt
2711 5156 2850 5220 alite,
2877 5170 3099 5225 quarum
3128 5153 3353 5210 fortasse
3378 5153 3622 5224 quendam
3650 5156 3727 5207 in-

2152 5250 2499 5314 tercidcrunt,
2544 5250 2589 5302 si
2618 5248 2832 5318 quidem
2880 5247 3105 5317 singulis
3151 5245 3341 5301 diebus
3383 5247 3728 5301 concinnatus

2151 5341 2221 5393 sit
2241 5339 2326 5408 (Τ.
2343 5342 2396 5395 ’5.
2417 5356 2463 5395 c.
2482 5339 2595 5410 65).
2626 5339 2767 5394 Inter
2791 5353 2883 5393 eas
2915 5354 3061 5404 vero,
3080 5352 3211 5407 quas
3225 5337 3381 5406 paulo
3400 5336 3728 5407 postPascba

2153 5433 2307 5499 dixit,
2352 5442 2701 5486 numerantur
2727 5430 2972 5485 Homiliae
3001 5428 3054 5482 in
3085 5427 3410 5497 Principium
3451 5428 3728 5493 Actorum,

2154 5538 2271 5593 quae
2302 5524 2351 5577 in
2385 5524 2528 5593 prius
2559 5522 2716 5577 editis
2742 5521 2899 5591 longo
2937 5520 3215 5575 intervallo
3256 5528 3517 5589 separata:
3556 5530 3728 5585 erant,

2156 5630 2389 5685 quasque
2430 5630 2546 5682 nos,
2576 5615 2690 5683 ipso
2716 5614 3101 5685 Chrysostomo
3115 5611 3273 5677 duce,
3295 5613 3630 5668 continenter
3648 5630 3734 5682 ρο.

2157 5706 2381 5770 suiutus,
2398 5716 2454 5760 ιιι
2468 5708 2576 5776 ipsa
2600 5707 2856 5774 temporis
2873 5714 2927 5761 ct
2940 5704 3236 5776 argumenti
3258 5705 3394 5759 ratio
3410 5705 3730 5775 postulabat;

2162 5798 2305 5853 itaut
2332 5800 2600 5869 assignare
2618 5797 2668 5852 iu
2689 5807 2933 5869 promptu
2952 5797 3108 5853 fuerit
3125 5837 3141 5864 ,
3158 5812 3276 5868 qua:
3302 5797 3370 5855 sit
3403 5798 3591 5867 prima,
3615 5813 3732 5870 quae
