4122 6386
445 373 535 432 Ill
1603 361 1785 418 NUNC
1826 357 2086 415 PRIMUM
2125 353 2491 411 ADORNATA
2504 392 2517 404 .

437 489 690 556 secunda,
706 505 823 561 quae
838 489 1012 554 tertia,
1031 496 1134 542 etc.
1160 484 1216 540 ld
1235 497 1360 538 vero
1377 484 1519 538 clare
1537 481 1690 536 docet
1709 482 1821 549 ipse
1841 477 2010 546 Chry-

437 592 706 638 sostomus
737 579 869 634 infra
893 580 945 634 in
968 594 1051 636 ea.
1071 593 1228 646 quam
1255 577 1462 630 tertiam
1508 574 1698 629 ordine
1726 572 1970 642 ponimus
1997 587 2010 623 :

438 676 508 728 ibi
535 675 676 728 enim
711 688 855 726 num.
884 674 906 726 i
939 672 1169 740 legitur:
1201 670 1277 722 Ha
1305 670 1361 739 [it
1383 679 1456 729 ut,
1500 680 1618 715 cum
1677 665 1746 715 ad
1780 673 2010 730 (putrium

433 768 540 836 jam
567 767 696 818 diem
724 765 1082 834 expositionem
1132 762 1537 831 produxerinms,
1588 761 1798 810 necdum
1847 767 2012 807 tamen

437 873 588 909 unam
618 856 976 925 expositionem
1024 855 1327 922 potuerimus
1383 853 1657 922 prwterire,
1712 848 1798 900 sed
1833 839 2012 897 adhuc

439 949 572 1000 circa
623 946 765 999 illaut
796 962 1066 998 versemur.
1124 944 1188 997 Et
1219 944 1374 1012 paulo
1418 952 1570 1010 post:
1626 939 1805 1002 Itaque
1849 938 2010 1006 primo

440 1039 520 1090 die
557 1055 656 1090 non
687 1053 792 1090 esse
845 1046 1024 1090 temere
1069 1034 1440 1105 praztereundas
1482 1031 1830 1100 inscriptiones
1878 1030 2012 1081 dice-

439 1129 572 1192 bum,
604 1145 701 1197 quo
726 1139 947 1196 tempore
972 1126 1170 1180 titulum
1199 1125 1332 1178 vobis
1360 1122 1548 1176 Altaris
1579 1123 1692 1190 legi.
1745 1137 1806 1172 ac
1856 1118 2013 1172 Pauli

438 1222 736 1290 sapientiam
769 1219 1072 1273 ostendi.....
1106 1217 1167 1270 In
1198 1219 1290 1270 ltoc
1319 1218 1460 1270 desiit
1493 1216 1648 1283 priori
1677 1215 1756 1266 die
1782 1223 1883 1264 tota
1923 1212 2015 1263 do-

437 1316 641 1366 ctrina:
673 1321 783 1381 post
825 1312 969 1364 illaut
996 1310 1214 1364 secundo
1238 1309 1337 1372 die,
1370 1309 1454 1374 qui
1494 1308 1608 1359 libri
1661 1307 1797 1358 illius
1838 1314 2010 1355 auctor

438 1412 562 1455 esset
584 1402 900 1471 quaesivimus
919 1441 933 1466 ,
965 1411 1009 1454 et
1033 1401 1309 1454 invenimus
1346 1398 1438 1451 Dei
1459 1399 1622 1469 gratia
1650 1397 1836 1448 Lucam
1863 1413 2013 1449 evan-

439 1494 669 1564 gelistam
714 1507 734 1546 :
771 1493 1037 1559 multisque
1075 1491 1210 1544 vobis
1252 1489 1755 1544 demonstrationibus
1807 1504 1909 1540 rem
1959 1487 2010 1538 in

438 1586 710 1652 quaestione
740 1587 951 1654 positam
982 1585 1318 1653 probavimus.
1363 1585 1580 1637 Demum
1609 1584 1801 1638 clarius
1832 1583 2012 1650 pani-is

440 1676 768 1746 interpositis
791 1694 804 1730 :
832 1677 1006 1730 Prima
1035 1679 1188 1746 igitur
1216 1677 1298 1730 die
1323 1678 1384 1730 de
1410 1677 1768 1746 inscriptione;
1793 1676 2012 1727 secunda

439 1782 555 1820 vero
593 1770 655 1819 de
679 1785 734 1821 eo
764 1769 845 1836 qui
878 1769 1057 1820 librant
1103 1769 1337 1835 scripsit;
1383 1771 1526 1820 tertia
1570 1768 1651 1820 die
1691 1767 2013 1819 disseruimus

439 1861 578 1928 apud
596 1878 700 1925 eos,
725 1863 807 1930 qui
837 1862 1160 1924 adt-euertat,
1184 1863 1245 1914 de
1269 1863 1410 1915 initio
1434 1862 1712 1930 Scripturtv
1737 1877 1754 1913 :
1782 1871 1826 1913 et
1851 1872 2014 1913 osten-

440 1954 603 2006 dimus
645 1956 765 2024 quid
807 1955 870 2008 sit
911 1964 1112 2017 actum,
1143 1956 1263 2023 quid
1289 1957 1353 2007 sit
1382 1956 1699 2012 miraculum.
1732 1965 1776 2007 et
1801 1956 1922 2024 quid
1948 1955 2012 2006 sit

438 2047 765 2107 conversatio,
797 2047 918 2115 quid
940 2048 1137 2116 signum
1165 2058 1215 2101 et
1248 2048 1528 2116 prodigium
1559 2064 1618 2098 ac
1648 2048 1868 2099 virtus...
1906 2045 2016 2098 Ilo-

439 2138 521 2190 die
548 2138 791 2207 reliquum
812 2139 1151 2204 inscriptionis
1176 2155 1343 2209 aperte
1364 2139 1577 2207 pretium
1597 2149 1668 2192 est
1697 2139 1940 2204 dicamus,
1966 2148 2012 2191 et

439 2230 559 2298 quid
582 2231 828 2300 signi/iret
851 2233 1068 2298 apostoli
1094 2249 1270 2285 nomen
1302 2232 1639 2285 ostendamus.

512 2319 568 2371 In
599 2321 766 2388 prima
802 2322 957 2389 igitur
984 2323 1238 2374 concione
1267 2335 1544 2391 postquam
1578 2338 1672 2376 eos
1701 2333 1972 2390 carpserat
1994 2363 2007 2387 ,

439 2411 526 2478 qui
544 2421 858 2465 conventuin
878 2414 1113 2466 ecclesiae
1131 2415 1489 2479 deseruerant,
1520 2432 1622 2467 non
1653 2423 1852 2468 temere
1874 2430 2012 2484 prae-

441 2502 725 2556 tereundas
753 2517 870 2557 esse
909 2519 1176 2557 sacrorum
1219 2505 1473 2559 librorum
1514 2506 1885 2574 inscriptiones
1919 2505 2016 2557 do-

440 2605 546 2658 cet,
575 2605 630 2648 et
659 2595 724 2648 de
752 2596 1096 2666 inscriptione
1126 2600 1320 2652 Altaris
1339 2641 1353 2661 ,
1384 2600 1630 2652 nimirum
1655 2598 1838 2668 Ignoto
1866 2597 2008 2663 Deo,

441 2685 566 2754 agit,
597 2685 915 2754 demumque
942 2703 1128 2742 recens
1160 2690 1478 2743 illuminatos
1503 2690 1808 2760 alloquitur.

511 2776 806 2832 Secundam
830 2821 844 2845 ,
876 2781 961 2833 tibi
988 2781 1054 2834 de
1076 2792 1292 2838 auctore
1319 2785 1435 2837 libri
1469 2789 1720 2839 Actorum
1749 2787 2014 2840 edissere-

441 2866 550 2931 bat,
569 2878 623 2922 et
643 2869 837 2923 Lucam
863 2886 982 2925 esse
1012 2872 1427 2938 demonstrabat,
1462 2879 1756 2944 reperimus
1778 2879 2011 2946 quidem;

441 2959 556 3024 sed,
589 2958 710 3022 heu,
741 2961 933 3016 misere
960 2962 1338 3029 deformatam,
1377 2977 1430 3018 et
1465 2983 1584 3021 cuin
1627 2971 1819 3036 spnriis
1846 2971 2012 3023 inter-

441 3051 681 3105 mixtam.
712 3053 805 3106 Est
831 3070 1020 3122 nempe
1051 3056 1263 3110 homilia
1289 3059 1536 3128 inscripta
1561 3060 1717 3132 (Vide
1743 3062 2012 3126 Monitum,

442 3150 478 3193 t.
514 3143 565 3196 5.
604 3159 652 3196 c.
693 3141 800 3203 65)
829 3147 890 3198 de
915 3148 1288 3217 Assumptione,
1326 3167 1418 3204 seu
1454 3155 1780 3208 Ascensione
1810 3155 2013 3208 Domini

442 3231 898 3304 elChrysostomo
938 3238 1239 3309 adscripta;
1275 3243 1359 3295 ubi
1404 3260 1521 3312 quae
1555 3246 1719 3312 prima
1752 3247 2011 3309 feruntur,

441 3322 824 3394 Chrysostomo
857 3340 1038 3383 nostro
1083 3333 1290 3399 indigna
1317 3336 1560 3388 videntur
1593 3354 1729 3391 esse.
1761 3340 1868 3392 Sub
1904 3341 2017 3394 ha-c

443 3413 762 3482 adjiciuntur
799 3419 896 3471 alia
922 3462 933 3480 ,
968 3439 1083 3488 qui-
1125 3439 1243 3476 cum
1295 3427 1558 3493 prioribus
1599 3446 1700 3480 non
1744 3431 2015 3485 Colum-ore

443 3515 726 3572 putantur;
754 3518 807 3561 et
839 3511 959 3563 licet
985 3513 1222 3566 melioris
1253 3527 1390 3568 notat
1415 3517 1536 3572 sint.
1569 3529 1744 3572 tttrum
1787 3522 2018 3591 (lhry~0-

444 3605 618 3650 stomo
647 3601 750 3651 sint
777 3600 1145 3667 adscribenda,
1178 3621 1366 3672 necne,
1395 3625 1497 3660 non
1527 3611 1694 3662 ausim
1725 3613 2013 3667 afrmare.

444 3687 694 3756 Sequitur
720 3703 896 3758 postea
932 3709 1053 3762 pars
1091 3698 1174 3749 illa
1203 3739 1214 3757 ,
1246 3699 1330 3750 ubi
1371 3701 1682 3768 quibusdam
1728 3706 2017 3772 pra'tnissis

445 3777 584 3875 circa
617 3781 1014 3849 inscriptionem
1049 3787 1164 3839 libri
1197 3794 1446 3842 Actorum
1475 3833 1489 3853 ,
1523 3809 1638 3860 qum
1671 3795 1735 3846 ad
1785 3812 2016 3862 pra:~ens

447 3869 741 3923 institutum
773 3873 1012 3938 apprime
1041 3877 1324 3944 quadrant,
1357 3880 1422 3932 de
1450 3881 1605 3948 hujus
1634 3896 1853 3938 auctore
1873 3903 2019 3951 egre-

445 3960 528 4026 gie
569 3960 862 4025 disseritur,
912 3974 963 4017 et
1013 3965 1209 4020 Lucam
1254 3985 1372 4023 esse
1428 3973 1698 4037 probatur.
1751 3977 1846 4029 llic
1888 3995 2017 4031 vero

445 4052 881 4123 Chrysostoorum
911 4073 1175 4127 agnosco;
1209 4077 1307 4116 nec
1337 4063 1522 4118 dubito
1550 4069 1786 4135 quintam
1810 4086 1869 4123 ea
1899 4087 2018 4139 quae

445 4142 512 4197 de
534 4145 874 4214 inscriptione
905 4149 1181 4218 Actorum,
1205 4169 1360 4222 quam
1388 4171 1450 4209 ea
1478 4175 1595 4224 qua:
1615 4158 1679 4213 de
1711 4158 1870 4229 hujus
1897 4162 2015 4216 libri

445 4243 663 4288 auctore
692 4236 946 4298 feruntur.
972 4241 1036 4294 ad
1061 4258 1176 4296 eam
1208 4243 1477 4300 homiliant
1505 4249 1826 4317 pertineant,
1858 4268 2014 4320 quam

448 4335 502 4378 ut
517 4329 803 4383 secundam
827 4331 894 4386 ab
913 4348 970 4387 se
991 4335 1183 4390 dictam
1205 4338 1288 4392 hic
1308 4353 1564 4394 memorat
1586 4342 2012 4414 Chrysostomus.

448 4415 582 4471 llinc
629 4422 883 4488 quaeritur
927 4425 978 4477 in
1028 4426 1153 4492 illa,
1202 4433 1409 4498 quoties
1451 4448 1478 4483 a
1527 4437 1918 4492 resurrectione
1951 4439 2018 4492 ad

446 4509 827 4566 Ascensiouem
878 4532 1040 4582 usque
1095 4521 1347 4576 Dominus
1397 4525 1640 4580 Christus
1690 4535 2014 4598 apparuerit.

448 4601 593 4656 Hanc
617 4621 825 4674 quoque
849 4621 1049 4675 partem
1080 4611 1440 4683 Chrysostomi
1473 4632 1592 4672 esse
1622 4629 1750 4689 puto
1777 4638 1788 4674 :
1814 4623 2014 4692 reliqua

447 4692 558 4745 fere
584 4695 759 4747 omnia
787 4712 904 4765 qua:
933 4699 984 4752 in
1018 4704 1113 4754 hac
1141 4702 1446 4772 longissima
1479 4707 1695 4763 homilia
1726 4711 2009 4778 habentur,

446 4796 534 4838 aut
555 4787 754 4856 inepta,
783 4797 876 4842 aut
902 4790 1286 4862 Chrysostomo
1311 4797 1523 4868 indigna
1555 4811 1696 4856 sunt.

516 4898 690 4953 Tertia
738 4901 952 4957 homilia
974 4947 988 4970 ,
1015 4923 1171 4975 quam
1193 4950 1208 4977 ,
1252 4911 1415 4966 altera
1456 4914 1521 4967 ad
1561 4916 1758 4971 calcem
1788 4920 2014 4988 rejecta,

447 4993 732 5047 secundum
767 4995 1132 5062 inscribimus,
1177 5007 1228 5055 in
1260 5003 1428 5059 Palma
1463 5023 1555 5061 seu
1600 5015 1761 5066 veteri
1791 5017 2014 5070 ecclesia

443 5085 774 5140 Antiochena
809 5089 905 5141 fuit
925 5133 938 5151 ,
966 5108 1025 5144 ca
1055 5106 1135 5147 est
1165 5097 1214 5148 in
1242 5114 1343 5166 qua
1371 5099 1437 5154 de
1473 5101 1816 5172 inscriptione
1852 5110 2013 5160 Acto-

445 5190 562 5229 rum
587 5179 777 5247 agitur,
811 5198 1015 5238 necnon
1039 5185 1104 5239 de
1132 5187 1426 5246 dill'erentia
1458 5192 1600 5248 inter
1629 5197 1936 5252 miraculum
1965 5211 2018 5255 et

443 5278 620 5322 actum
641 5313 654 5333 ,
681 5272 993 5344 additurque
1019 5279 1177 5332 vitam
1220 5296 1338 5335 cum
1370 5289 1560 5340 virtute
1593 5298 1761 5343 actam
1781 5331 1795 5355 ,
1836 5291 2015 5346 utilio-

445 5375 556 5412 rem
587 5378 704 5415 esse
733 5366 893 5433 signis
921 5381 973 5422 et
996 5371 1286 5427 miraculis.

513 5455 744 5520 Quarta,
788 5477 945 5530 quam
985 5478 1146 5533 supra
1176 5481 1462 5526 memorata
1504 5473 1568 5528 de
1611 5490 1766 5531 causa
1812 5480 2016 5533 tertiam

444 5548 779 5606 inscribimus
799 5595 812 5612 .
849 5556 916 5610 de
944 5559 1163 5613 utilitate
1190 5561 1426 5618 lectionis
1452 5565 1840 5638 Scripturarum
1881 5572 2013 5640 agit,

443 5650 495 5691 ct
526 5650 578 5691 ut
609 5641 740 5695 tituli
768 5646 980 5699 Actuum
1006 5650 1356 5720 Apostolorum
1376 5665 1693 5724 postremam
1716 5675 1898 5715 vocem
1920 5679 2014 5717 cx-

442 5731 621 5800 plicet,
650 5739 903 5806 perquirit
929 5742 1052 5812 quid
1079 5745 1336 5816 signiticet
1363 5749 1586 5817 apostoli
1615 5768 1827 5824 nomen,
1857 5758 2013 5814 dicit-

2119 487 2223 541 que
2271 470 2626 541 apostolorum
2672 465 2978 536 dignitatem
3031 461 3198 516 multo
3244 458 3494 529 majorem
3542 471 3697 518 esse,

2119 577 2273 631 quam
2320 563 2750 630 magistratuum,
2799 557 2903 608 imo
2940 553 3098 607 etiam
3147 567 3326 622 regum
3371 561 3424 603 et
3467 551 3698 615 impera-

2119 661 2310 706 lorum.

2186 743 2431 811 Quintam
2463 739 2824 808 subjungimus
2849 753 2965 790 eam
2992 750 3111 804 qua:
3138 741 3322 803 quarta
3355 730 3695 788 inscribitur;

2118 835 2168 887 in
2197 849 2296 902 qua
2327 835 2515 900 quaerit
2552 831 2958 901 Chrysostonius
2997 842 3091 879 cur
3129 826 3258 878 Acta
3303 825 3350 874 in
3382 822 3697 876 Pentecoste

2117 926 2394 996 legantur:
2425 941 2486 979 ex
2529 923 2644 992 ejus
2683 938 2807 975 vero
2847 920 3000 974 dictis
3028 918 3282 986 arguitur,
3324 925 3550 982 quatuor
3579 912 3696 966 aliis

2116 1032 2236 1071 esse
2258 1015 2691 1072 subnectemlam.

2189 1107 2428 1161 Homilia:
2471 1109 2532 1160 de
2580 1105 2860 1159 Mutatione
2899 1101 3176 1155 nominum.
3312 1098 3436 1152 Post
3461 1096 3694 1166 quinque

2118 1200 2234 1254 illas
2265 1201 2315 1253 in
2348 1200 2692 1268 Inscriptione
2719 1198 2971 1252 Actorum
3003 1193 3245 1248 homilias
3281 1191 3694 1260 Chrysostomus

2115 1293 2399 1346 conciones
2437 1294 2504 1344 de
2544 1284 2832 1344 Mutatioue
2876 1289 3147 1342 nominum
3181 1285 3340 1338 variis
3383 1283 3482 1337 sub
3529 1281 3693 1335 titulis

2117 1382 2317 1437 habuit.
2359 1382 2414 1436 Id
2444 1397 2573 1436 vero
2610 1381 2808 1434 diserte
2847 1388 3022 1431 narrat
3055 1377 3104 1430 in
3146 1376 3313 1444 prima
3353 1372 3509 1441 hujus
3532 1387 3692 1440 argu-

2118 1475 2313 1538 menti,
2345 1474 2493 1541 cujus
2519 1473 2791 1540 inscriptio
2827 1470 2904 1524 sic
2941 1468 3133 1522 habet:
3167 1466 3360 1520 Saulus
3393 1463 3558 1516 adhuc
3584 1463 3694 1531 spi-

2115 1583 2236 1620 rans
2268 1567 2538 1628 minarum,
2567 1575 2669 1618 etc.
2698 1581 2711 1615 :
2753 1563 2838 1616 ubi
2864 1563 2940 1616 sic
2967 1562 3039 1613 ait
3066 1575 3211 1612 num.
3237 1559 3268 1613 5
3294 1575 3304 1608 :
3338 1555 3518 1610 Totum
3545 1555 3696 1622 igitur

2116 1657 2334 1711 debitum
2375 1656 2713 1724 inscriptionis
2756 1654 2891 1708 vobis
2934 1651 3290 1721 persolvimus,
3322 1645 3692 1715 inscriptionis,

2115 1749 2352 1817 inquam,
2381 1748 2600 1800 Actuum
2635 1745 3052 1814 Apostolirorum.
3097 1740 3162 1796 Ut
3205 1756 3321 1808 ergo
3360 1739 3556 1790 initium
3581 1737 3695 1789 libri

2117 1840 2468 1909 attingeremus
2501 1838 2623 1890 ordo
2649 1837 2904 1906 exigebat,
2947 1851 3005 1885 ac
3032 1835 3314 1885 docerentus
3337 1830 3457 1898 quid
3489 1829 3581 1880 ltoc
3603 1827 3696 1880 sibi

2117 1932 2230 1984 velit
2254 1947 2270 1983 :
2301 1931 2530 1984 Primum
2553 1929 2762 1998 quidem
2785 1940 3084 1981 sermonem
3109 1923 3322 1976 fecimus
3343 1921 3407 1974 de
3429 1919 3693 1982 omnilnis,

2117 2039 2150 2075 o
2179 2023 2498 2092 Theophile,
2530 2037 2648 2089 quae
2678 2019 2837 2086 cmpit
2867 2017 3021 2070 .Iesus
3057 2015 3225 2067 facere
3260 2028 3321 2066 ac
3350 2011 3561 2066 docere.
3604 2009 3698 2061 Ve-

2116 2125 2392 2168 rumtamen
2422 2131 2522 2167 non
2561 2113 2678 2165 sinit
2712 2111 2910 2164 Paulus
2943 2117 2996 2161 ut
3031 2110 3158 2162 lianc
3187 2106 3363 2160 seriem
3391 2105 3583 2156 ordinis
3615 2118 3697 2156 se

2117 2223 2261 2273 quar,
2277 2206 2363 2259 sed
2381 2207 2444 2258 ad
2457 2221 2508 2258 se
2523 2220 2708 2272 suaque
2723 2212 2854 2255 recte
2874 2205 3007 2270 facta
3024 2200 3246 2268 linguam
3266 2205 3485 2248 nostram
3502 2193 3692 2244 invitat.

2119 2297 2277 2366 Cupio
2322 2310 2536 2364 namque
2581 2294 2748 2346 videre
2785 2292 2930 2345 illum
2976 2289 3314 2342 introductum
3359 2284 3696 2342 Damascum,

2118 2405 2216 2442 non
2243 2388 2403 2456 ferrea
2423 2395 2616 2446 catena,
2639 2384 2727 2437 sed
2751 2382 3016 2436 Dominica
3035 2395 3150 2433 voce
3170 2379 3405 2431 vinctum.
3436 2375 3530 2428 llic
3551 2373 3698 2427 vides

2121 2487 2240 2547 p0st
2267 2478 2518 2532 llomilias
2549 2477 2598 2528 in
2627 2474 2948 2543 Principium
2977 2477 3226 2525 Actorum
3257 2470 3544 2522 institutam
3573 2481 3700 2518 con-

2118 2570 2323 2623 cionem
2351 2587 2364 2620 :
2398 2568 2544 2619 \ldCS
2586 2566 2708 2620 item
2739 2565 2851 2632 ejus
2879 2571 3266 2632 argumentum.
3306 2557 3544 2612 llahitam
3574 2557 3696 2610 item

2120 2661 2277 2722 hanc,
2301 2659 2364 2714 de
2387 2676 2486 2727 qua
2511 2673 2648 2712 mine
2667 2661 2889 2725 agimus,
2913 2663 3193 2722 antequam
3217 2661 3423 2719 tempus
3447 2647 3699 2701 Paschale

2120 2752 2464 2814 dilaberetur,
2492 2761 2673 2818 aperte
2717 2758 2896 2800 narrat
2926 2761 3070 2799 num.
3371 2743 3443 2806 si,
3474 2741 3592 2792 dmn
3617 2756 3700 2792 so-

2120 2849 2222 2898 lam
2251 2844 2405 2908 vobis,
2435 2844 2524 2907 ait,
2557 2842 2931 2909 inscriptionem
2959 2839 3166 2908 legimus
3191 2844 3238 2888 et
3265 2849 3556 2886 enarramus
3576 2873 3588 2894 ,
3621 2832 3700 2882 di-

2120 2935 2330 2987 midium
2359 2933 2687 2986 solemnitatis
2713 2929 3150 2997 consumpsimus;
3177 2927 3220 2978 si
3239 2926 3300 2978 ab
3322 2923 3526 2977 exordio
3557 2922 3699 2973 initio

2121 3029 2309 3096 factum
2337 3026 2497 3092 ipsum
2527 3023 2639 3076 libri
2681 3022 2886 3090 pelagus
2912 3019 3188 3071 orationem
3225 3017 3489 3068 immittere
3521 3013 3703 3082 ca'pis-

2121 3132 2303 3178 scmus,
2333 3123 2590 3184 quantum,
2624 3129 2809 3184 quiusa.
2841 3111 3076 3177 temporis
3104 3109 3533 3175 impendissemus,
3558 3117 3612 3158 ut
3633 3106 3701 3158 ad

2119 3206 2235 3258 illas
2292 3207 2353 3257 de
2402 3204 2567 3257 Paulo
2616 3204 2928 3256 narrationrs
2968 3198 3366 3270 perveniremus!
3410 3198 3474 3250 Et
3518 3206 3699 3265 postea

2122 3313 2266 3349 num.
2295 3297 2325 3350 5
2363 3313 2465 3349 non
2507 3296 2732 3348 obscure
2769 3295 3026 3363 signitiCat
3056 3293 3194 3344 illam
3237 3290 3538 3351 homiliam,
3582 3305 3700 3354 qua:

2121 3389 2266 3442 nulla
2293 3389 2603 3441 intertnedia
2631 3392 2996 3456 prmcesserat,
3022 3397 3140 3436 esse
3165 3383 3399 3450 quintam
3424 3381 3472 3431 in
3500 3378 3702 3430 lrinci-

2122 3483 2264 3550 pium
2297 3482 2574 3541 Actorum,
2619 3479 2670 3531 in
2700 3493 2798 3546 qua
2843 3476 3094 3545 qiuuritnr
3121 3489 3215 3526 cur
3253 3474 3382 3525 Acta
3419 3468 3702 3538 Apostolo.

2122 3587 2237 3625 rum
2287 3573 2336 3625 in
2395 3571 2704 3626 Pentecoste
2749 3569 3005 3636 lcgantur.
3063 3566 3156 3620 llic
3210 3577 3436 3630 namque
3485 3573 3707 3616 sanctus

2121 3663 2306 3716 doctor
2334 3663 2455 3714 talia
2485 3660 2622 3714 fatur
2645 3678 2658 3712 :
2695 3659 2880 3712 Nonne
2903 3658 2953 3709 in
2983 3657 3147 3725 priore
3168 3653 3301 3707 vobis
3328 3653 3534 3706 collecta
3562 3652 3698 3704 dice-

2122 3751 2234 3804 bant
2339 3751 2601 3814 miracula,
2631 3766 2740 3820 ante
2769 3765 2964 3801 crucem
2996 3758 3202 3813 sequuta
3223 3755 3335 3797 sunt
3356 3786 3368 3805 ,
3394 3745 3453 3797 iis
3479 3744 3702 3814 majora,

2121 3859 2232 3912 qute
2251 3843 2408 3913 ipsam
2433 3851 2784 3911 prtvcesserant
2812 3839 3096 3892 exstitisse?
3126 3853 3291 3889 nonne
3315 3836 3366 3888 id
3393 3835 3580 3887 ostendi
3610 3850 3700 3886 vo-

2123 3936 2196 3988 bis
2221 3945 2264 3987 et
2291 3951 2352 3988 ex
2386 3934 2640 3986 miraculis
2673 3942 2719 3985 et
2749 3949 2824 3986 ex,
2847 3932 3207 4000 discipulorum
3251 3929 3615 3990 benevolentia;
3651 3937 3706 3979 et

2121 4043 2218 4095 quo
2239 4037 2383 4095 pacto
2401 4034 2546 4076 antea
2567 4024 2763 4092 quidem
2785 4021 3012 4077 Christus
3033 4023 3283 4089 imperans
3301 4029 3520 4072 mortuos
3541 4018 3708 4072 susci-

2123 4115 2278 4180 tabat,
2309 4124 2479 4182 postea
2501 4129 2614 4167 vero
2640 4129 2894 4166 servorum
2921 4113 3030 4182 ejus
3051 4110 3226 4163 umbra
3248 4109 3467 4176 idipsum
3492 4121 3708 4177 privsta-v

2123 4207 2242 4258 bat?
2279 4218 2382 4260 etc.
2415 4206 2542 4272 Qua:
2579 4205 2756 4258 omnia
2798 4203 2995 4256 diserte
3021 4209 3300 4254 narrantur
3327 4201 3376 4253 in
3406 4201 3488 4253 illa
3516 4203 3708 4269 quinta-

2123 4298 2337 4351 homilia
2380 4299 2428 4350 in
2477 4297 2800 4364 Principium
2843 4295 3094 4348 Actorum
3141 4309 3284 4345 .
3331 4293 3380 4344 7.
3432 4293 3528 4357 Qui
3573 4307 3700 4345 vero

2041 4415 2047 4420 -
2125 4390 2316 4443 fuerint
2362 4389 2431 4441 ilii
2503 4386 2788 4456 praesides,
2846 4383 2936 4454 qui
2989 4394 3095 4437 tum
3153 4383 3202 4436 in
3244 4383 3428 4450 hujus,
3484 4395 3591 4436 tum
3645 4383 3709 4436 in.-

2123 4480 2388 4548 sequentis
2418 4477 2646 4530 homilia:
2683 4476 2786 4529 line
2827 4485 3218 4535 memorantur,
3268 4473 3351 4525 hic
3401 4473 3700 4541 disquiren-

2121 4569 2266 4622 dum.
2308 4566 2566 4620 lrasules
2614 4565 2794 4634 utique
2839 4564 2987 4628 illos,
3036 4563 3123 4632 qui
3166 4561 3312 4616 hisce
3356 4561 3703 4616 coacionibns

2121 4661 2364 4724 aderant,
2389 4675 2491 4712 non
2523 4658 2654 4710 alios
2675 4656 2835 4708 fuisse
2853 4665 2998 4725 puto,
3023 4670 3178 4722 quant
3201 4652 3478 4721 episcopos
3495 4653 3695 4706 vicinos

2122 4751 2289 4822 Syria:
2319 4750 2398 4802 vel
2432 4749 2744 4808 Phoenicim,
2787 4747 2874 4814 qui
2917 4744 3040 4798 alibi
3085 4760 3292 4812 quoque
3332 4741 3697 4813 Chrysostomi

2121 4846 2358 4900 concioni
2390 4844 2692 4898 interfuisse
2723 4852 3104 4904 ntetnorautnr,
3137 4850 3192 4894 ut
3217 4841 3528 4894 videbimus.
3561 4840 3699 4894 Cum

2118 4939 2261 4992 enim
2300 4936 2576 4990 Antiochia
2622 4934 2930 5002 metropolis
2972 4941 3145 4995 esset,
3195 4933 3326 4987 nihil
3368 4932 3582 4986 dubium
3613 4944 3700 4987 est

2119 5030 2242 5096 quin
2275 5028 2640 5096 episcoporum
2684 5025 2829 5078 inulti
2873 5024 3059 5076 vicina:
3086 5023 3348 5092 regionis,
3392 5024 3501 5076 sive
3530 5038 3694 5092 nego-

2123 5125 2311 5174 tiorum
2343 5134 2498 5173 causa
2521 5159 2535 5183 ,
2580 5119 2691 5170 sive
2729 5116 2992 5169 desiderio
3020 5114 3264 5168 audiendi
3294 5113 3698 5183 (lhrysostomi,

2121 5214 2271 5282 cujus
2297 5212 2609 5280 eloquentia:
2645 5212 2778 5263 fama
2811 5209 3050 5270 \olibat,
3095 5209 3144 5260 in
3188 5211 3516 5276 metropolim
3545 5222 3698 5264 suam

2121 5321 2178 5358 se
2207 5303 2529 5358 conferrent.

2196 5396 2285 5448 Die
2314 5396 2621 5464 insequente
2649 5404 2765 5463 post
2798 5394 3028 5446 habitam
3075 5393 3382 5445 eoueionem
3431 5393 3480 5445 in
3527 5390 3649 5445 illud
3677 5431 3695 5455 ,

2124 5488 2318 5541 Paulus
2337 5497 2500 5539 autem
2529 5487 2693 5539 adhuc
2719 5487 2916 5555 spirans
2941 5485 3220 5550 minarum,
3243 5494 3370 5546 elc.,
3397 5484 3535 5535 illaut
3567 5498 3695 5537 crin-

2121 5579 2326 5631 cionrm
2368 5576 2580 5636 habuit,
2608 5592 2726 5644 qua:
2771 5576 3089 5633 inscribitur.
3121 5575 3180 5626 de
3211 5572 3485 5625 Nominum
3529 5583 3694 5624 muta-

2121 5673 2270 5743 tione.
2298 5669 2446 5737 Quod
2487 5677 2849 5738 argmnentnm
2883 5669 2969 5722 ille
3000 5669 3050 5721 in
3093 5667 3195 5721 line
3227 5667 3570 5735 praecedentis
3603 5671 3699 5718 1-

2123 5764 2281 5818 milia:
2302 5771 2534 5832 cwpcrat
2556 5801 2569 5824 ,
2606 5758 2702 5812 hac
2731 5762 2996 5829 proposita
3033 5760 3342 5828 quastione,
3369 5775 3464 5813 cur
3494 5758 3692 5829 Paulo,
