4122 6386
385 363 479 417 ιιδ
1469 357 1526 412 S.
1567 353 1848 411 JOANNIS
1886 352 2359 411 CHRYSOSTO)“
2391 354 2584 425 VITA,
3557 354 3655 412 1M

383 491 467 530 :ur
483 476 660 540 Petro,
680 487 772 529 cur
788 473 910 530 aliis
933 473 984 527 in
1009 471 1185 528 Veteri
1199 471 1542 527 Testamento
1567 481 1827 527 mutatum
1861 485 1959 525 no-

381 583 498 622 men
521 566 698 621 fuerit.
717 565 768 620 Id
796 566 937 620 enim
971 567 1083 635 ipse
1113 575 1297 620 narrat
1320 580 1469 620 num.
1499 565 1535 618 2
1561 584 1574 620 :
1605 563 1781 634 Neque
1809 565 1956 626 enim,

379 659 464 720 sit,
499 659 563 712 de
584 656 732 712 rebus
760 655 1036 710 tririalibus
1058 657 1381 723 quaestionem
1405 655 1641 710 habemus
1667 655 1815 709 hodie
1835 697 1848 719 ,
1876 655 1964 708 sed

379 751 437 801 de
462 765 516 801 re
539 763 650 818 qua:
675 749 822 818 carpit
847 747 1047 816 quidem
1075 750 1307 800 hesterno
1329 746 1411 800 die
1430 747 1664 818 proponi,
1687 748 1964 816 non.potuit

377 850 542 891 autem
567 839 748 892 solutio
781 839 1070 907 qucestionis
1112 837 1289 905 aﬂ’erri
1311 878 1326 903 ,
1359 848 1564 908 propter
1591 855 1763 892 eorum
1788 839 1960 892 multi-

377 931 601 984 tudinem
639 946 752 1000 qua:
782 933 980 1001 fuerant
1023 931 1076 982 in
1116 930 1338 982 medium
1389 931 1606 999 prolata.
1648 930 1784 995 Quid
1836 931 1966 984 illud

378 1037 529 1091 porro
560 1031 628 1074 est
653 1022 676 1073 ἶ)
706 1019 783 1073 De
812 1021 1071 1073 nominum
1099 1021 1418 1090 impositione
1453 1021 1662 1090 quazstio
1690 1031 1831 1088 erat,
1853 1036 1968 1092 qua:

377 1111 517 1165 Deus
561 1113 748 1165 sanctis
800 1113 1054 1181 imposuit.
1107 1111 1176 1166 Et
1215 1113 1531 1182 quibusdam
1593 1113 1962 1183 interpositis:

379 1202 536 1256 Pauli
584 1203 811 1273 facinora
853 1219 1063 1256 narrare
1105 1203 1456 1275 cupiebantus,
1478 1206 1690 1274 jamque
1745 1205 1968 1260 historia:

376 1295 704 1366 attigeramus
740 1295 1004 1348 exordium
1029 1336 1044 1360 ,
1097 1304 1144 1349 et
1182 1295 1260 1348 his
1288 1295 1444 1350 verbis
1470 1307 1765 1365 conceptum
1789 1313 1967 1349 narra-

379 1387 528 1442 tionis
553 1388 750 1441 initium
779 1389 1057 1442 invenimus
1082 1404 1102 1441 :
1131 1388 1323 1443 Saulus
1347 1401 1526 1444 autem
1553 1389 1727 1444 adhuc
1756 1391 1965 1460 Spirans

377 1480 550 1534 minas
575 1489 628 1534 et
655 1481 855 1534 en-dem
883 1481 934 1535 in
962 1481 1252 1551 discipulos
1277 1483 1506 1547 Domini,
1530 1483 1768 1536 continuo
1792 1483 1966 1536 turba-

379 1571 447 1624 uit
477 1588 567 1625 nos
593 1573 803 1625 mutatio
833 1574 1049 1628 nominis
1075 1589 1094 1626 :
1122 1583 1176 1628 et
1199 1583 1391 1628 extera
1429 1573 1498 1629 de
1528 1575 1802 1628 nominum
1847 1591 1966 1628 mu-

380 1663 616 1728 tatione,
648 1680 768 1734 quae
822 1665 1057 1734 pluribus
1102 1666 1190 1720 ille
1238 1667 1615 1736 prosequitur:
1645 1667 1714 1720 ita
1757 1677 1817 1722 ut
1853 1665 1968 1721 luce

381 1755 570 1808 concio
601 1755 670 1809 sit
694 1769 792 1810 ceu
817 1756 1266 1826 complementum
1294 1757 1663 1827 praecedentis.

453 1843 601 1898 llanc
637 1844 908 1900 homiliam
937 1856 1193 1916 sequutus
1227 1858 1311 1902 est
1348 1863 1527 1903 sermo
1555 1847 1641 1917 (T.
1663 1848 1716 1904 4.
1737 1849 1962 1918 ο.619).

381 1935 473 2005 qui
497 1946 615 2005 post
645 1935 903 1992 llomilias
941 1939 992 1992 in
1019 1938 1270 1992 Getiesim
1302 1953 1472 1994 nonus
1494 1950 1831 2006 numeratur,
1877 1940 1965 1994 ubi

381 2028 502 2084 dua:
545 2029 651 2084 illa:
678 2031 744 2085 de
783 2030 974 2098 quibus
1013 2032 1175 2085 modo
1221 2031 1427 2102 egimus
1481 2031 1715 2087 homilia:
1761 2048 1966 2088 memo-

379 2130 566 2175 rantur
587 2162 602 2187 ,
631 2131 686 2175 ct
709 2121 776 2176 de
797 2121 1084 2177 Mutatione
1110 2124 1342 2178 nominis
1367 2124 1614 2190 Abrahas,
1638 2123 1812 2195 deque
1837 2125 1968 2178 alio-

380 2229 498 2267 rum
519 2215 792 2270 nominum
825 2218 1194 2286 propriorum,
1217 2233 1335 2286 qua:
1361 2218 1413 2271 in
1433 2217 1608 2272 Veteri
1628 2216 1968 2271 Testamento

380 2315 540 2370 sunt,
577 2306 962 2377 significatione
995 2317 1265 2363 tractatur.
1301 2307 1356 2362 In
1399 2307 1500 2362 hoc
1542 2321 1822 2370 sermone,
1847 2322 1968 2377 pcr-

382 2397 507 2451 inde
535 2408 694 2468 atque
723 2400 774 2452 in
801 2400 1224 2469 prarcedentibus
1249 2400 1496 2466 homiliis,
1531 2401 1688 2471 longo
1707 2401 1969 2470 prommio

383 2505 512 2545 usus
536 2502 617 2544 est
643 2490 1074 2564 Clirysostomus.
1105 2493 1239 2548 Hinc
1271 2493 1620 2564 querimonia:
1649 2493 1824 2563 populi
1853 2495 1967 2548 An-

382 2581 616 2636 tiocheni
642 2625 657 2650 ,
688 2584 757 2638 ob
796 2585 1011 2638 nimiam
1044 2586 1426 2655 prooemiorum
1456 2586 1834 2656 prolixitatem.
1863 2585 1970 2640 Cn-

378 2672 467 2742 jns
513 2675 860 2743 querimonia:
916 2677 1232 2742 occasione,
1283 2677 1466 2746 paucis
1519 2676 1715 2745 elapsis
1782 2676 1968 2731 diebus

386 2764 528 2817 illam
555 2765 622 2819 de
659 2765 888 2820 ferendis
911 2767 1434 2836 Reprehensionibus
1465 2768 1734 2822 humilium
1765 2768 1966 2828 habuit,

381 2872 540 2925 quant
571 2871 667 2912 nos
689 2857 742 2911 in
769 2861 907 2913 serie
934 2859 1267 2914 homiliarum
1289 2860 1355 2914 de
1369 2859 1654 2913 Nominum
1681 2860 1970 2915 mutatione

384 2948 594 3002 tertiam
626 2949 871 3018 ponimus
897 2991 911 3016 ,
942 2951 1062 3020 quia
1097 2951 1207 3020 ipsa
1240 2951 1364 3006 licet
1402 2952 1452 3004 in
1485 2952 1632 3020 prius
1661 2951 1818 3006 editis
1861 2951 1970 3006 dis-

386 3050 554 3097 tracta
608 3053 660 3098 et
714 3046 894 3112 procul
946 3045 1015 3099 ab
1055 3045 1174 3099 aliis
1223 3045 1432 3116 posita,
1479 3060 1598 3100 sese
1652 3045 1825 3116 prodit
1869 3046 1971 3100 hoc

385 3133 573 3189 ordine
595 3135 896 3204 ponendam
927 3151 1046 3193 esse
1079 3153 1225 3191 num.
1259 3137 1293 3192 3
1321 3137 1404 3192 his
1432 3138 1613 3192 verbis
1645 3155 1658 3192 :
1684 3136 1764 3192 De
1800 3135 1970 3192 Paulo

382 3236 550 3281 autem
590 3245 752 3283 sermo
782 3231 922 3284 nobis
967 3246 1127 3300 nuper
1157 3241 1303 3298 erat,
1333 3229 1536 3297 quando
1579 3230 1642 3283 de
1689 3230 1970 3284 nominibus

384 3319 748 3376 disserebamus
768 3365 782 3386 ,
813 3322 1254 3391 quwrcbamusque
1290 3339 1380 3375 cur
1421 3322 1694 3392 aliquando
1735 3321 1924 3376 Saulus
1951 3365 1966 3386 ,

383 3420 556 3480 postea
582 3427 696 3464 vero
736 3409 933 3466 Paulus
977 3422 1178 3466 uocatus
1223 3412 1394 3484 fuerit.
1443 3411 1576 3466 Inde
1610 3428 1724 3466 vero
1757 3413 1971 3484 digressi

383 3519 554 3558 smnus
587 3505 656 3557 ad
688 3516 894 3560 ueterem
938 3507 1237 3568 historiam,
1265 3523 1435 3560 omnes
1481 3506 1568 3576 qui
1605 3506 1710 3560 alia
1764 3510 1970 3559 nomina

385 3595 663 3649 habuerant
684 3597 1095 3652 nominavimus.
1115 3598 1294 3668 Pergit
1311 3598 1469 3652 etiam
1493 3598 1543 3650 in
1568 3595 1669 3652 hac
1687 3598 1966 3664 concione,

383 3701 448 3740 ac
471 3686 719 3757 disquirit
761 3705 858 3744 cur
895 3689 1062 3744 Paulo
1108 3706 1301 3744 nomen
1346 3699 1604 3744 mutatum
1642 3690 1748 3758 sit,
1779 3699 1833 3744 et
1873 3705 1970 3744 cur

388 3793 494 3832 non
533 3781 710 3834 statim
753 3779 820 3834 ab
863 3781 980 3851 ejus
1025 3785 1373 3836 conversione
1409 3800 1422 3836 :
1461 3781 1555 3836 sed
1599 3797 1703 3836 non
1755 3782 1970 3835 modico

389 3880 510 3939 post
537 3870 681 3926 illam
721 3881 960 3941 tempore
989 3875 1199 3943 excepit
1227 3873 1446 3927 homilia
1483 3874 1533 3928 in
1567 3873 1696 3928 illud
1721 3916 1735 3940 ,
1770 3872 1970 3927 Paulus

386 3973 625 4030 uocatus,
655 3963 706 4017 in
762 3964 915 4033 cujus
971 3965 1147 4020 medio
1201 3966 1338 4020 idem
1388 3967 1560 4037 ipsum
1606 3969 1774 4037 tangit
1815 3983 1972 4037 argn-

388 4061 660 4117 mentnm,
687 4063 742 4107 et
785 4063 892 4110 tres
923 4055 1128 4124 priores
1171 4055 1416 4111 homilias
1453 4067 1840 4112 commemorat
1888 4057 1970 4112 his

389 4144 566 4199 verbis
594 4161 606 4196 :
643 4143 778 4196 Nam
806 4145 849 4198 si
870 4145 1205 4199 recordamini
1227 4189 1241 4212 ,
1273 4158 1371 4201 tres
1399 4149 1619 4218 integros
1647 4148 1752 4202 dies
1776 4149 1839 4204 de
1862 4150 1971 4204 solo

387 4233 481 4286 hoe
509 4235 708 4288 nomine
735 4234 1028 4289 disseruisse
1048 4251 1124 4289 me
1152 4238 1292 4290 scitis
1309 4279 1325 4303 ,
1357 4254 1469 4290 cum
1498 4255 1676 4292 causas
1703 4237 1966 4306 aﬁ'errcm,

385 4323 448 4376 ob
473 4340 596 4392 quas
621 4366 634 4388 ,
662 4340 776 4378 cum
818 4323 1011 4380 Saulus
1051 4338 1200 4380 antea
1241 4338 1520 4393 uocaretur,
1551 4328 1750 4383 Paulus
1792 4331 1972 4385 deinde

386 4426 588 4469 vocatus
614 4427 689 4470 est
711 4458 727 4482 ,
755 4429 800 4471 et
833 4434 982 4487 quam
1022 4421 1084 4472 ob
1109 4435 1214 4472 rem
1247 4435 1347 4472 non
1375 4419 1543 4473 statim
1569 4419 1637 4473 ad
1670 4421 1822 4489 [idem
1851 4439 1972 4475 con-

387 4521 556 4560 uersus
602 4508 735 4562 hanc
780 4509 1174 4578 appellationem
1225 4512 1418 4581 accepit
1441 4552 1456 4574 ,
1508 4512 1597 4566 sed
1649 4512 1718 4565 ad
1757 4514 1972 4566 multum

388 4607 582 4667 tempus
607 4614 788 4653 nomen
813 4599 1016 4654 retinuit
1039 4641 1054 4666 ,
1085 4601 1219 4669 quod
1243 4601 1321 4655 illi
1351 4611 1578 4672 parentes
1605 4602 1969 4673 imposuerant.

387 4688 590 4753 Quibus
630 4699 738 4745 tres
777 4689 937 4746 hasce
977 4692 1185 4761 priores
1236 4693 1306 4749 de
1352 4693 1636 4749 Nominmn
1678 4695 1970 4752 mutatione

385 4779 636 4836 homilias
668 4783 740 4837 ita
766 4783 969 4840 diserte
1005 4795 1422 4850 commemorat,
1453 4796 1509 4842 ut
1555 4788 1696 4842 nulla
1739 4791 1971 4859 supersit

388 4874 670 4931 adversum
697 4879 1000 4948 suspicaudi
1025 4894 1206 4934 causa.
1231 4879 1323 4935 lla:
1351 4896 1509 4951 porro
1537 4891 1762 4951 quatuor
1799 4883 1971 4938 homi-

388 4967 472 5022 lize
504 4968 554 5022 in
583 4968 727 5038 prius
773 4973 928 5027 editis
973 4973 1042 5026 ita
1085 4973 1353 5028 distracta:
1377 5016 1391 5038 ,
1418 4985 1504 5038 et,
1539 4985 1596 5029 ut
1646 4977 1715 5030 ita
1759 4975 1966 5044 dicam,

385 5058 653 5128 dissipata:
679 5074 826 5117 erant
849 5106 864 5127 ,
893 5074 952 5118 ut
976 5065 1186 5119 nonnisi
1210 5081 1332 5121 cum
1362 5067 1558 5136 ingenti
1590 5067 1770 5124 labore
1791 5080 1972 5140 posset

385 5165 568 5204 earnm
596 5154 765 5208 series
797 5155 1124 5223 internosci,
1171 5158 1618 5227 quemadmodum
1666 5169 1721 5214 et
1769 5176 1968 5230 pra-ce-

386 5241 574 5296 dentes
600 5244 716 5298 alue
748 5245 799 5298 in
828 5249 1082 5302 Actorum
1105 5249 1527 5319 inscriptionem.
1551 5250 1760 5316 Quanto
1790 5262 1967 5305 autem

387 5335 436 5387 id
481 5335 737 5390 lectorum
769 5336 1050 5408 dispendio
1078 5341 1374 5410 acciderit,
1409 5353 1604 5397 norunt
1648 5345 1720 5410 ii,
1753 5347 1842 5414 qui
1886 5347 1970 5401 vel

385 5429 708 5497 primoribus
738 5428 903 5484 labris
934 5448 1044 5488 rem
1082 5433 1496 5488 ecclesiasticam
1525 5435 1811 5490 literarium
1842 5437 1968 5490 atti-

383 5533 594 5590 gerunt.

465 5613 705 5669 Mamilia:
733 5615 795 5668 de
834 5614 1156 5672 I’aenitentia.
1187 5648 1249 5658 —
1277 5618 1532 5673 llomilias
1560 5619 1627 5674 de
1655 5619 1969 5675 Paenitentia

389 5714 509 5772 post
534 5719 728 5759 annum
760 5705 863 5761 595
889 5722 1010 5762 cum
1036 5707 1380 5764 Tillemontio
1414 5725 1478 5764 ex
1527 5709 1628 5764 levi
1666 5714 1970 5778 conjectura

390 5797 655 5864 ponimus.
688 5796 854 5854 Tanta
896 5808 1072 5855 autem
1105 5810 1184 5856 est
1213 5804 1476 5858 ineorum
1521 5801 1707 5859 ordine
1754 5817 1965 5875 pertur-

2079 469 2222 525 batio
2251 469 2340 529 (T.
2359 471 2414 525 2.
2446 471 2665 544 ατη),
2693 481 2752 528 ut
2780 470 2997 528 difﬁcile
3017 471 3084 527 sit
3105 472 3281 528 dicere
3308 488 3425 543 quae
3454 474 3620 544 prima
3640 515 3657 541 ,

2073 577 2192 630 qua:
2217 562 2476 628 secunda,
2502 579 2621 632 quae
2661 563 2815 618 tertia
2849 562 3029 618 habita
3061 563 3238 617 fuerit.
3268 562 3373 619 Sed
3400 563 3465 617 ad
3487 563 3659 620 Moni-

2073 662 2188 706 tmn
2243 653 2295 708 in
2350 653 2565 710 easdem
2615 656 2910 721 mittimus,
2959 655 3047 709 ubi
3103 655 3216 710 lucc
3272 669 3369 725 pro
3412 654 3662 711 facultate

2069 745 2439 800 discnssimus.
2475 747 2698 801 llomilia
2753 757 2926 801 tamen
2975 755 3186 817 quarta,
3217 747 3370 816 cujus
3415 747 3649 813 initium,

2072 835 2314 890 Pastores
2343 851 2490 902 oves,
2517 837 2636 906 jure
2656 845 2858 907 quarta:
2889 839 3104 891 nomine
3132 837 3415 907 insignitur
3446 855 3458 890 :
3492 852 3663 908 quan-

2071 926 2357 996 doquidem
2405 926 2821 998 Chrysostomus
2872 927 3021 981 initio
3066 928 3195 982 dicit
3229 943 3288 984 se
3327 928 3437 998 jam
3475 937 3660 998 quarta

2073 1021 2188 1074 vice
2229 1029 2284 1074 et
2312 1020 2400 1076 die
2424 1020 2493 1074 de
2516 1021 2825 1090 pmnitcntia
2857 1034 3035 1090 agere.
3064 1019 3168 1074 Sed
3199 1035 3329 1075 cave
3363 1031 3516 1089 putes
3545 1036 3665 1090 per-

2073 1112 2196 1168 inde
2218 1123 2425 1168 certum
2452 1127 2571 1167 esse
2600 1128 2716 1167 eam
2745 1154 2758 1176 ,
2787 1122 2896 1167 tres
2923 1111 3042 1167 illas
3085 1127 3218 1182 quas
3247 1113 3453 1183 priores
3484 1115 3667 1182 posui-

2073 1219 2209 1268 mus,
2241 1213 2333 1258 aut
2361 1204 2594 1274 aliquam
2625 1219 2692 1258 ex
2718 1204 2835 1258 aliis
2861 1213 3138 1274 sequutam
3165 1218 3305 1259 esse.
3335 1204 3552 1259 Planum
3582 1214 3666 1260 est

2075 1304 2222 1359 tres,
2266 1302 2391 1348 ante
2438 1293 2577 1348 hanc
2619 1303 2902 1362 quartam,
2946 1293 3013 1350 de
3062 1294 3371 1363 ptenitentia
3420 1294 3662 1349 homilias

2071 1382 2240 1438 dictas
2265 1381 2432 1439 fuisse
2455 1425 2469 1448 ,
2507 1383 2600 1439 sed
2641 1385 2805 1438 hasne
2842 1394 2950 1440 tres
2972 1425 2988 1452 ,
3016 1400 3148 1455 quas
3184 1386 3571 1456 praemisimus,
3595 1402 3663 1442 an

2071 1475 2202 1529 alias
2219 1517 2234 1541 ,
2268 1475 2502 1545 ignotum
2526 1491 2742 1546 prorsus
2773 1485 2876 1531 est.
2895 1477 3191 1531 Antiochia:
3213 1487 3391 1532 autem
3417 1493 3659 1547 pronun-

2074 1567 2256 1618 tiatam
2286 1565 2450 1620 fuisse
2480 1567 2707 1621 suadent
2733 1568 2847 1622 lucc
2872 1568 3030 1623 verba
3063 1584 3210 1622 unm.
3236 1567 3303 1622 ‘2:
3335 1569 3666 1640 Quandoqui-

2077 1656 2189 1710 dem
2217 1673 2309 1710 nos
2334 1673 2449 1710 cum
2488 1657 2892 1728 exagitabamur,
2915 1660 3078 1713 vexati
3104 1663 3265 1730 fame,
3298 1671 3435 1730 peste
3458 1703 3471 1725 ,
3503 1678 3662 1731 gran-

2076 1747 2228 1810 dine,
2273 1748 2494 1801 siccitate
2518 1790 2531 1810 ,
2567 1749 2845 1815 incendiis,
2878 1751 3094 1804 hostium
3134 1751 3456 1819 incursione,
3500 1770 3668 1808 nonne

2071 1839 2291 1910 quotidie
2341 1840 2552 1893 ecclesia
2605 1841 2925 1894 multitudine
2964 1842 3362 1897 convenientium
3424 1853 3665 1914 angusta-

2078 1931 2380 1984 batur
2411 1930 2690 2003 Postquam
2711 1942 2878 1986 autent
2910 1932 3046 1987 Deus
3069 1935 3197 1987 iram
3219 1935 3449 2003 deposuit
3472 1973 3488 2002 ,
3519 1945 3669 2006 atque

2074 2031 2183 2091 post
2211 2031 2376 2076 tantos
2402 2023 2588 2091 [luctus
2619 2024 2892 2092 procellam
2918 2024 3100 2095 abegit,
3130 2025 3199 2078 ad
3218 2025 3456 2094 pristinos
3484 2027 3667 2080 iterum

2072 2129 2234 2166 mores
2262 2115 2446 2167 reversi
2473 2130 2666 2168 sumus.
2691 2113 2840 2184 Atqui
2876 2115 2930 2168 in
2958 2116 3067 2186 ipso
3093 2116 3421 2169 tentationum
3445 2127 3669 2186 tempore

2077 2205 2184 2257 hwc
2223 2206 2496 2273 prwdicere
2531 2217 2574 2259 et
2605 2207 2864 2276 testificari
2905 2224 3005 2262 non
3051 2209 3365 2263 desistebam.
3418 2210 3515 2266 llic
3555 2211 3669 2265 lon-

2072 2310 2192 2364 gam
2228 2296 2588 2351 calamitatum
2628 2300 2822 2352 seriem
2853 2310 3115 2354 memorat
3140 2341 3154 2365 ,
3198 2301 3390 2370 quibus
3431 2316 3669 2370 praesens

2074 2386 2189 2454 ipse
2216 2394 2365 2452 erat,
2399 2395 2454 2440 et
2493 2387 2911 2442 emicionabatur
2943 2406 2957 2442 :
2988 2406 3105 2459 qua:
3147 2391 3326 2445 omnia
3356 2393 3568 2446 nonnisi
3598 2392 3667 2447 ad

2075 2487 2324 2548 tempus,
2365 2495 2472 2548 quo
2523 2480 2824 2535 Antiochia:
2881 2483 3160 2553 presbyter
3206 2495 3358 2549 erat,
3407 2485 3668 2556 quadrare

2073 2581 2316 2639 possunt.
2359 2571 2600 2627 llustium
2639 2589 2769 2629 vero
2818 2575 3063 2629 incursus
3115 2587 3258 2646 putat
3291 2575 3662 2631 Tillemontius

2075 2677 2197 2716 esse
2225 2663 2558 2718 invasionem
2593 2665 2735 2720 illam
2765 2665 3099 2731 Hunnorum,
3117 2683 3235 2737 qum
3263 2683 3402 2722 anno
3422 2667 3529 2724 593
3548 2684 3670 2724 con-

2077 2753 2404 2824 tigitzqnod
2457 2765 2542 2810 sat
2601 2757 2814 2827 quidem
2874 2759 3166 2814 verisimile
3212 2761 3438 2814 videtur.
3486 2760 3556 2816 Ut
3610 2771 3669 2817 ut

2075 2859 2205 2898 vero
2232 2855 2314 2900 est
2334 2886 2348 2910 ,
2385 2845 2524 2901 hanc
2551 2848 2602 2901 in
2633 2847 2869 2913 ultimos,
2899 2850 3091 2919 quibus
3125 2851 3424 2907 Antiochia:
3451 2854 3668 2908 concio-

2077 2947 2234 2989 uatns
2261 2949 2364 3004 est,
2396 2955 2568 2994 annos
2616 2951 2915 3011 Opportune
2941 2945 3234 3013 rejieinnis.

2145 3030 2336 3098 Quinta
2365 3073 2379 3098 ,
2410 3034 2560 3102 cujus
2607 3033 2836 3100 initimn,
2865 3035 3009 3091 Laeta
3051 3037 3193 3094 nobis
3223 3040 3372 3093 hodie
3404 3057 3464 3093 ac
3495 3041 3669 3111 festiva

2075 3121 2367 3190 celebritas,
2395 3134 2478 3178 est
2502 3126 2879 3196 pulcherrima,
2911 3145 3072 3198 quam
3109 3131 3171 3183 de
3201 3131 3404 3202 jejunio
3430 3173 3444 3197 ,
3478 3133 3669 3186 inseri-

2076 3213 2181 3281 psit
2214 3212 2465 3270 Savilius.
2497 3216 2565 3270 Et
2587 3229 2670 3272 est
2690 3220 2902 3288 quidem
2926 3221 2992 3275 de.
3008 3221 3214 3292 jejunio
3239 3265 3253 3287 ,
3281 3223 3375 3278 sed
3403 3225 3669 3295 praecipue

2075 3303 2142 3358 de
2183 3307 2493 3374 ptenitentia
2520 3350 2533 3370 ,
2563 3325 2678 3379 quae
2719 3325 2824 3380 quo
2875 3323 3028 3381 pacto
3076 3330 3195 3368 cum
3245 3315 3365 3371 aliis
3399 3316 3670 3372 culum-cat

2074 3395 2403 3465 deprehendi
2436 3400 2582 3453 nullo
2626 3402 2786 3455 modo
2812 3413 3004 3471 potest.
3036 3406 3332 3460 Antiochia:
3361 3423 3488 3462 vero
3517 3408 3667 3462 hahi-
3747 3431 3754 3438 ·

2077 3498 2182 3542 tam
2211 3490 2374 3546 luisse
2413 3492 2609 3546 indicat
2637 3493 3051 3566 Chrysostomus
3070 3538 3085 3562 ,
3115 3514 3234 3551 cum
3281 3498 3664 3554 monachorum

2076 3582 2128 3635 in
2156 3584 2426 3640 montibus
2459 3585 2700 3654 proxime
2739 3584 3043 3656 degentium
3071 3590 3373 3659 exemplum
3414 3592 3664 3647 conside-

2073 3674 2300 3729 randum
2327 3675 2535 3740 oﬂ'erat,
2561 3687 2616 3730 ut
2643 3678 2778 3732 solet
2801 3678 2856 3732 in
2877 3680 3219 3736 concionibus
3246 3682 3539 3737 Antiochia:
3565 3683 3664 3736 ha-

2079 3767 2223 3821 bilis.

2146 3860 2329 3926 Sexta,
2361 3864 2512 3930 cujus
2543 3863 2773 3929 initium,
2808 3863 2973 3930 Quam
3002 3866 3224 3935 jucundi
3251 3867 3567 3937 spirituales,
3594 3868 3662 3924 de

2073 3953 2276 4022 jejunio
2309 3955 2541 4010 maxime
2577 3955 2722 4026 agit:
2758 3971 2824 4009 an
2865 3972 2994 4012 vero
3035 3959 3366 4026 Antiochim,
3407 3976 3474 4014 an
3521 3960 3661 4016 Con-

2077 4046 2418 4116 stantinopoli
2474 4045 2650 4100 habita
2697 4047 2892 4113 fuerit,
2931 4048 3110 4116 nullo,
3145 4061 3203 4105 ut
3248 4051 3474 4117 videtur,
3504 4052 3662 4106 modo

2078 4135 2408 4205 deprehendi
2441 4146 2637 4205 potest.
2667 4137 2923 4193 llonnlias
2971 4140 3090 4195 illas
3127 4140 3257 4196 duas
3301 4144 3355 4197 in
3395 4143 3661 4198 l‘salmum

2075 4230 2596 4299 quinquagesimum,
2624 4246 2744 4300 qme
2774 4232 2824 4286 in
2848 4233 3033 4302 quinto
3049 4234 3219 4289 Τοιηο
3248 4237 3418 4290 locum
3443 4237 3659 4303 habent,

2077 4332 2262 4391 putant
2285 4323 2499 4393 quidam
2521 4325 2867 4380 concionibus
2883 4325 2949 4379 de.
2969 4325 3284 4382 Ptenitentia
3303 4329 3662 4399 adjuugendas

2076 4428 2196 4469 esse
2234 4432 2249 4470 :
2291 4425 2388 4482 at,
2415 4425 2473 4470 ut
2516 4432 2615 4471 suo
2667 4417 2788 4473 loco
2836 4418 3052 4485 dicitur,
3083 4434 3205 4474 cum
3249 4421 3352 4474 illis
3389 4421 3662 4478 coluerere

2076 4523 2236 4578 posse
2262 4525 2368 4564 non
2395 4510 2668 4566 videntur.

2146 4603 2280 4664 Tres
2305 4618 2593 4676 sequentes
2619 4608 2874 4673 homilias,
2909 4624 3099 4678 nempe
3120 4611 3368 4680 septima,
3393 4621 3579 4668 octava
3608 4622 3663 4668 et

2076 4711 2214 4750 nona
2236 4738 2250 4762 ,
2277 4713 2382 4752 non
2425 4714 2580 4768 pares
2631 4698 2992 4756 Germanitatis
3043 4710 3195 4756 notas
3223 4719 3331 4772 pra:
3373 4718 3432 4759 se
3462 4704 3660 4760 ferunt.

2074 4787 2257 4859 Stylus
2295 4788 2713 4861 aCltrysustomi
2757 4792 3019 4862 elegantia
3066 4808 3168 4847 non
3213 4809 3397 4864 parum
3440 4796 3660 4851 recedit.

2075 4881 2432 4948 Quamobrem
2461 4900 2567 4938 non
2612 4887 2728 4939 sine
2766 4886 2946 4956 aliquo
2972 4889 3222 4958 scrupulo
3251 4905 3342 4943 eas
3368 4890 3505 4943 inter
3543 4906 3658 4960 ger-

2076 4991 2229 5028 mana
2252 4976 2621 5048 Chrysosunni
2651 4992 2812 5046 opera
2850 4979 3232 5049 relinquimus;
3264 4996 3363 5036 nec
3393 4990 3568 5035 tamen
3595 4980 3658 5034 ab

2077 5068 2179 5121 illis
2204 5068 2558 5137 sejungendas
2585 5083 2704 5122 esse
2731 5069 2999 5136 duximus,
3029 5070 3280 5140 quoniam
3321 5081 3378 5125 ut
3406 5071 3513 5138 jam
3537 5071 3658 5125 alibi

2075 5165 2397 5226 monuimus,
2427 5161 2708 5216 indicendi
2735 5177 2932 5231 genere
2962 5178 3066 5216 non
3093 5178 3303 5232 semper
3328 5163 3428 5216 sibi
3455 5171 3657 5217 constat

2075 5253 2128 5308 S.
2153 5253 2355 5307 doctor.
2381 5253 2526 5306 Alias
2570 5252 2788 5322 insuper
2827 5253 3195 5324 Chrysostomi
3239 5254 3306 5310 de
3347 5256 3657 5310 l’mnitentia

2076 5344 2323 5399 homilias
2349 5343 2639 5411 habemus,
2682 5362 2814 5414 quas
2851 5356 3033 5418 utpote
3076 5347 3282 5417 spurius
3311 5349 3361 5401 in
3394 5346 3657 5415 Appendi-

2073 5452 2190 5493 cem
2219 5438 2597 5506 ablegavimns.

2149 5529 2459 5586 Innumeras
2517 5531 2808 5586 Antiochia!
2862 5531 3042 5587 habuit
3093 5534 3379 5586 conciones
3428 5532 3636 5602 Chrysa

2076 5631 2282 5676 stemus
2303 5663 2318 5686 ,
2346 5638 2568 5692 quarum
2605 5639 2792 5693 magna
2823 5638 2944 5692 pars
2967 5623 3109 5677 edita
3147 5623 3241 5676 luit
3264 5665 3277 5684 ,
3305 5635 3357 5677 et
3387 5639 3537 5676 nova:
3576 5624 3626 5676 in

2079 5713 2288 5768 terdum
2311 5728 2340 5766 a
2369 5713 2602 5768 tenebris
2629 5724 2905 5768 eruuntur.
2934 5713 3006 5767 Ex
3039 5714 3198 5768 editis
3232 5728 3361 5768 vero
3400 5729 3653 5783 quarum—

2075 5810 2197 5862 dam
2241 5820 2434 5860 annum
2473 5820 2578 5876 quo
2604 5805 2759 5861 dictae
2805 5805 3013 5862 luerunt
3061 5806 3405 5863 indicavimus
3452 5805 3535 5861 vel
3584 5820 3650 5862 ex
