4122 6386
389 364 490 417 1ιὸ

387 477 548 530 certis
573 477 713 530 notis
733 517 746 540 ,
773 476 859 530 vel
899 491 967 530 ex
1000 473 1302 544 conjectura
1348 481 1548 526 tantum
1612 488 1624 520 :
1653 478 1966 523 camerarum

387 578 729 637 autem,qna:
774 566 928 637 longe
974 564 1161 635 majori
1210 578 1433 618 numero
1469 571 1626 618 sunt.
1658 574 1853 613 annum
1901 572 1969 611 ne

388 660 692 729 conjectura
727 659 939 729 quidem
976 656 1188 728 assequi
1237 669 1537 727 possumus.
1565 653 1639 707 De
1678 651 1761 705 his
1805 664 1969 721 porro

385 752 492 821 jam
519 751 779 823 agendunt
811 751 965 805 nobis
990 759 1093 805 est.

457 839 706 896 Encomia
754 839 908 895 Pauli
950 839 1385 912 Apostoli.—Et
1431 838 1602 911 primo
1641 834 1853 907 quidem
1901 832 1970 888 de

390 930 540 983 Pauli
559 930 820 983 encomiis
840 926 925 999 (Τ.
950 928 1005 981 2.
1024 943 1070 979 c.
1100 927 1226 993 469)
1258 940 1353 978 seu
1380 924 1718 978 sermonibus
1735 933 1965 991 septem,

388 1035 525 1092 quos
550 1021 770 1075 omnino
798 1033 1099 1073 memorare
1126 1016 1336 1071 videtur
1358 1017 1408 1069 in
1435 1016 1660 1069 Homilia
1695 1016 1745 1067 in
1772 1013 1972 1068 Kalen-

387 1114 504 1174 das,
524 1112 610 1167 ubi
628 1112 707 1167 sic
726 1112 884 1166 habet
902 1111 1055 1180 paulo
1070 1119 1191 1179 post
1212 1109 1439 1163 initium.
1462 1108 1644 1176 Nuper
1664 1108 1837 1178 igitur,
1858 1124 1970 1159 cum

387 1203 588 1260 beatum
633 1204 855 1259 Paulum
882 1204 1120 1258 encomiis
1144 1203 1510 1257 celebraremus
1558 1200 1642 1273 (T.
1680 1202 1730 1254 1.
1759 1217 1805 1253 c.
1839 1200 1963 1255 955.

385 1300 423 1352 l.
452 1297 569 1369 20),
593 1300 666 1353 sic
685 1298 1039 1361 exsultavistis,
1079 1313 1138 1349 ac
1166 1296 1209 1349 si
1235 1298 1401 1365 ipsum
1439 1303 1729 1361 pra’sentetn
1756 1295 1965 1345 vidisse-

387 1389 564 1440 tis.....
606 1386 840 1442 Volebam
874 1399 1042 1442 autem
1066 1389 1118 1442 in
1144 1389 1277 1442 idem
1316 1396 1666 1457 argumentum
1707 1385 1857 1440 hodie
1882 1385 1970 1439 de-

384 1479 620 1531 scendere
642 1496 660 1542 ;
689 1479 777 1532 sed
803 1480 869 1532 ad
888 1479 992 1532 alia
1016 1479 1250 1549 quendam
1270 1520 1284 1539 .
1308 1494 1421 1549 qua
1446 1479 1605 1548 magis
1632 1487 1829 1547 urgent,
1856 1492 1973 1530 ora—

386 1572 456 1621 tio
505 1579 676 1623 nostra
719 1570 1041 1636 prove/titur;
1067 1572 1119 1623 in
1154 1570 1333 1640 quibus
1378 1586 1409 1621 a
1452 1580 1555 1621 tota
1585 1569 1733 1622 hodie
1776 1569 1973 1621 civitate

386 1671 641 1730 peccatur.
670 1661 771 1715 Eos
792 1662 922 1713 enim
945 1702 959 1728 ,
989 1662 1077 1731 qui
1096 1662 1322 1715 encomia
1350 1661 1504 1715 Pauli
1534 1660 1712 1713 audire
1739 1661 1968 1728 cupiunt,

386 1754 527 1823 prius
554 1754 752 1806 virtutis
777 1752 935 1807 Pauli
961 1754 1169 1808 (amulos
1203 1769 1307 1807 esse
1333 1762 1564 1823 oportet,
1596 1764 1641 1805 et
1681 1752 1972 1817 huiusmodi

385 1850 623 1899 concione
650 1844 851 1915 dignos.
880 1844 975 1899 llic
1013 1844 1162 1898 vides
1187 1844 1474 1897 conciones
1514 1843 1565 1895 in
1594 1841 1813 1895 Paulum
1860 1850 1969 1894 tum

380 1935 488 2005 jant
521 1935 728 1990 habitas
756 1976 769 1998 ,
800 1944 908 1989 tum
936 1946 1058 2005 post
1086 1934 1357 1989 habendas
1388 1932 1673 1989 memorari
1699 1974 1715 1997 ,
1748 1948 1970 2002 quarum

385 2038 758 2096 argumentum
790 2038 943 2082 erant
971 2028 1213 2082 encomia
1241 2026 1411 2082 Pauli.
1433 2026 1499 2079 Et
1524 2036 1701 2080 tamen
1716 2024 1973 2079 llerman-

383 2121 491 2175 tius
529 2122 773 2189 opinatus
810 2131 926 2185 cst,
965 2120 1093 2176 illud
1123 2120 1270 2175 Pauli
1319 2119 1619 2173 cncomium
1653 2120 1703 2173 itt
1744 2118 1970 2173 llomilia

386 2212 452 2266 de
477 2211 727 2267 Kalendis
757 2222 1108 2267 memoratum
1131 2254 1145 2278 ,
1181 2212 1363 2267 haberi
1396 2213 1448 2267 in
1475 2213 1703 2267 Humilia
1731 2213 1798 2268 de
1826 2212 1968 2266 Peti-

387 2306 532 2359 tione
563 2304 791 2358 filiorum
833 2302 1079 2359 Zebedmi
1110 2321 1256 2358 num.
1286 2305 1340 2370 5,
1374 2305 1466 2359 ubi
1491 2305 1661 2359 obiter
1684 2304 1829 2359 Pauli
1858 2305 1970 2359 lau-

385 2396 480 2449 des
508 2396 724 2465 attingit
748 2394 1185 2467 Cbrysostomus.
1202 2395 1575 2451 Tillemonlius
1603 2411 1749 2462 vero,
1775 2398 1972 2464 rejecta

386 2488 683 2543 llermantii
712 2489 999 2559 Opinione,
1028 2497 1179 2557 putat
1206 2487 1476 2542 homiliam
1518 2488 1569 2541 in
1611 2487 1868 2543 concione
1906 2486 1974 2541 de

389 2578 643 2633 Kalendis
669 2589 1016 2633 memoratam
1044 2595 1161 2633 eam
1194 2594 1313 2633 esse
1334 2621 1348 2644 ,
1379 2580 1531 2648 cujus
1559 2579 1760 2645 titulus,
1788 2580 1974 2644 Quales

386 2670 631 2723 ducenda’
659 2673 760 2724 sint
786 2687 970 2724 uxores
994 2714 1008 2734 ,
1036 2671 1125 2725 ubi
1155 2671 1346 2725 Paulus
1378 2671 1665 2725 identidem
1706 2671 1970 2726 laudatur.

389 2762 609 2825 Verum,
656 2773 711 2816 ut
752 2778 815 2817 ex
864 2764 1107 2833 superius
1144 2762 1321 2816 allatis
1360 2762 1533 2817 verbis
1579 2761 1835 2832 liquidum
1870 2771 1971 2828 est,

390 2870 495 2908 non
527 2857 701 2925 agitur
742 2856 811 2911 ibi
840 2856 906 2910 de
947 2856 1190 2910 laudibus
1228 2856 1377 2910 Pauli
1407 2897 1421 2919 ,
1454 2871 1586 2925 quas
1626 2854 1976 2911 concionibus

387 2952 497 3003 suis
524 2995 537 3017 ,
568 2951 849 3020 cujuslibet
883 2951 1090 3005 tandem
1116 2950 1412 3018 argumenti
1449 2951 1590 3015 sint,
1621 2949 1817 3018 passim
1858 2949 1975 3001 obi-

386 3053 575 3113 terque
623 3044 893 3097 interserit
968 3042 1417 3114 Chry50stomus,
1472 3041 1614 3111 quod
1684 3039 1977 3109 smpissime

390 3148 518 3187 sane
543 3136 802 3205 contingit
826 3150 840 3196 ;
870 3133 962 3187 sed
999 3133 1064 3187 de
1085 3134 1432 3188 concionibus
1460 3133 1725 3202 plurimis,
1753 3148 1976 3202 quarum

387 3238 755 3298 argumentum
782 3236 934 3282 erant
958 3227 1199 3281 encomia
1223 3226 1392 3280 Pauli:
1416 3226 1493 3279 Ad
1519 3224 1973 3295 eamdem,inquit,

388 3335 565 3371 rursus
594 3318 907 3388 hypotltesim
944 3318 1242 3372 descendere
1266 3317 1489 3370 volebam
1513 3332 1536 3378 ,'
1569 3317 1617 3370 id
1646 3322 1727 3371 est
1748 3357 1762 3379 ,
1795 3330 1979 3370 rursus

389 3410 454 3464 de
523 3410 667 3463 Pauli
728 3411 972 3464 laudibus
1015 3410 1321 3464 concionari
1382 3408 1624 3464 volebam
1660 3424 1809 3479 :quo
1853 3409 1979 3479 quid

389 3502 567 3570 aliud,
598 3518 812 3573 quzeso,
845 3504 1067 3558 indicari
1128 3503 1332 3574 possit,
1379 3519 1540 3573 quam
1588 3518 1867 3558 sermones
1912 3503 1979 3557 de

391 3593 555 3649 Paulo
582 3598 823 3667 apostolo
843 3639 859 3665 ,
887 3597 957 3653 de
986 3597 1178 3666 quibus
1208 3613 1349 3651 nunc
1376 3598 1623 3666 agimus?

463 3688 531 3743 Ut
553 3702 754 3745 certum
778 3700 858 3745 est
891 3692 985 3745 has
1004 3691 1291 3747 conciones
1307 3693 1601 3747 Antiochiae
1622 3690 1793 3747 dictas
1818 3691 1981 3747 fuisse

392 3780 539 3848 (nam
570 3781 620 3835 id
651 3792 835 3851 aperte
866 3783 1062 3838 iudicat
1090 3783 1505 3854 Cbrysostomus
1544 3783 1760 3838 bomilia
1792 3795 1978 3855 quarta

390 3871 458 3925 de
496 3872 641 3927 Pauli
683 3874 945 3939 laudibus,
975 3875 1061 3929 ubi
1090 3874 1158 3930 de
1187 3876 1385 3945 templo
1416 3875 1679 3945 Apollinis
1709 3877 1760 3929 in
1786 3877 1981 3931 subur-

392 3964 480 4019 bio
503 3966 790 4035 Daphnesa
814 3966 1034 4022 fulmine
1057 3977 1195 4023 tacto
1216 3969 1375 4023 verba
1405 3968 1553 4037 facit)
1585 3988 1598 4023 :
1628 3969 1698 4022 ita
1721 3968 1788 4023 de
1817 3984 1978 4033 anno,

392 4073 496 4125 quo
520 4057 632 4111 btec
662 4059 1010 4115 concionatus
1041 4072 1140 4124 est,
1177 4061 1307 4114 nihil
1337 4062 1417 4115 vel
1444 4072 1649 4115 certum
1689 4062 1769 4117 vel
1797 4062 1983 4115 admo-

392 4149 517 4203 dum
548 4151 824 4221 probabile
848 4154 1003 4206 statui
1034 4163 1225 4221 potest.
1263 4153 1463 4208 Eodem
1486 4167 1687 4220 autem,
1730 4170 1836 4224 quo
1873 4157 1980 4208 llo-

394 4243 551 4295 milize
592 4243 643 4296 in
674 4242 959 4308 Kalendas,
1008 4262 1151 4299 anno
1186 4246 1267 4299 lue
1298 4248 1584 4301 conciones
1609 4247 1805 4302 habitae
1835 4256 1979 4315 sunt,

394 4344 552 4403 atque
582 4342 637 4387 ut
663 4334 1072 4406 Cbrysostomus
1101 4338 1194 4399 ait.
1226 4337 1469 4392 llomilia:
1505 4340 1555 4392 in
1592 4338 1858 4393 Kalendas
1895 4339 1984 4394 Ja-

396 4428 588 4492 nuarii,
630 4428 876 4484 Encomia
906 4444 999 4484 seu
1036 4445 1314 4485 sermones
1340 4430 1392 4484 in
1428 4430 1647 4485 Paulum
1680 4432 1984 4501 intercepe-

396 4532 521 4575 runt
547 4540 559 4575 :
586 4521 655 4576 ita
693 4532 752 4576 ut
785 4538 854 4576 ex
897 4523 1235 4577 sermonibus
1262 4524 1315 4577 in
1342 4522 1584 4586 Paulum,
1631 4524 1846 4593 quidam
1890 4524 1984 4579 Ja-

397 4614 639 4668 nuarium
684 4631 919 4669 mensem
972 4617 1375 4686 pratcesserint,
1427 4617 1639 4687 quidam
1696 4619 1747 4672 in
1798 4634 1985 4674 mense

394 4706 647 4761 Januario
676 4706 838 4761 habiti
862 4707 1074 4762 fuerint.
1106 4709 1210 4762 llos
1239 4718 1416 4763 autem
1453 4710 1503 4762 in
1534 4710 1756 4763 Paulum
1783 4724 1984 4764 sermo-

396 4814 493 4853 nes
524 4802 762 4855 Anianus
791 4800 1103 4870 Pelagianos
1130 4800 1314 4855 Latine
1335 4802 1614 4867 convertit,
1645 4811 1837 4872 putans
1867 4803 1985 4856 illos

397 4891 589 4945 lueresi
642 4908 755 4947 suae
798 4892 974 4947 favere
1008 4932 1021 4946 .
1068 4909 1168 4963 qua
1215 4893 1280 4947 de
1321 4909 1377 4947 rc
1417 4894 1656 4962 pluribus
1689 4894 1894 4963 egimus
1932 4894 1984 4948 in

396 4985 595 5038 Mouito
625 5001 673 5038 c.
702 4984 826 5039 HI.
855 4984 910 5037 In
941 4984 1024 5039 bis
1053 5001 1211 5055 porro
1240 4985 1472 5040 homiliis
1496 4994 1699 5056 septem
1726 4989 1839 5041 sive
1866 5001 1986 5041 ora-

400 5079 630 5132 tionibus
660 5077 898 5140 Paulum,
936 5093 1092 5147 quem
1134 5079 1186 5131 in
1230 5088 1340 5133 toto
1368 5094 1589 5147 operum
1630 5095 1845 5134 suorum
1894 5080 1987 5133 de-

398 5186 557 5227 cursu
580 5173 766 5241 quavis
790 5171 913 5225 data
938 5172 1217 5226 occasione
1243 5172 1494 5237 celebrat,
1516 5172 1794 5227 confertim
1820 5171 1989 5225 laudi-

401 5266 497 5319 bus
544 5264 759 5319 extollit
804 5280 818 5316 :
868 5264 1015 5317 illum
1064 5280 1184 5317 cum
1241 5266 1441 5319 sanctis
1494 5264 1699 5319 Veteris
1751 5272 1807 5319 et
1853 5263 1987 5318 Novi

401 5357 723 5413 Testamenti
752 5360 974 5422 confert,
1006 5357 1207 5411 nullum
1231 5357 1358 5412 dicit
1383 5358 1543 5412 fuisse
1570 5367 1645 5411 tot
1670 5372 1987 5411 arcanorum

398 5460 726 5504 consortem.
780 5449 899 5505 Uno
946 5449 1129 5509 verbo.
1180 5449 1293 5503 haec
1335 5449 1481 5503 Pauli
1523 5449 1766 5504 encomia
1803 5464 1987 5503 eorum

400 5540 635 5594 omnium
683 5539 1055 5609 compendium
1100 5555 1219 5595 esse
1248 5539 1370 5609 jure
1418 5539 1634 5605 dixeris,
1682 5556 1800 5610 qua:
1827 5538 1988 5594 Com-

401 5633 678 5688 tneutariis
704 5633 758 5688 in
779 5634 909 5687 Acta
931 5642 985 5688 et
1001 5633 1051 5687 in
1074 5633 1342 5701 Epistolas
1363 5632 1509 5687 Pauli
1530 5633 1596 5688 de
1615 5634 1744 5688 tanti
1763 5635 1989 5704 apostoli

402 5723 708 5795 prmstantia
735 5733 791 5779 et
818 5727 1012 5779 virtute
1039 5725 1315 5795 praedicat.

472 5811 765 5887 intercepta
789 5816 947 5889 igitur
972 5816 1317 5874 llomiliarum
1339 5815 1392 5872 in
1420 5815 1640 5873 Paulum
1668 5818 1808 5875 serie
1834 5816 1920 5890 (Τ.
1940 5818 1988 5874 l.

1588 351 1769 408 NUNC
1805 346 2067 405 PRIMUM
2106 348 2499 406 ADORNATA.
3558 354 3655 412 Ηϐ

2069 480 2114 516 c.
2144 463 2240 518 951
2261 467 2298 534 ),
2336 467 2749 536 Chrysostomus
2778 468 3057 524 Homiliam
3080 471 3132 525 in
3163 468 3327 527 Kalen
3347 474 3426 527 las
3453 472 3652 530 habuit.

2076 558 2172 611 llic
2201 573 2326 612 vero
2353 558 2604 613 Kalendae
2628 559 2861 616 Januarii
2892 574 3274 627 memorantur,
3302 580 3404 635 qua
3430 564 3518 621 die
3558 582 3653 621 au-

2075 665 2174 703 nus
2213 652 2558 720 incipiebatur
2582 654 2722 723 apud
2753 654 3039 718 Romanos,
3069 666 3123 711 et
3147 667 3295 724 ξένια,
3337 674 3431 715 seu
3465 677 3655 716 munu-

2074 743 2240 804 scula,
2267 744 2452 798 amicis
2472 745 2814 815 cognatisque
2837 747 3213 803 oﬂ'erebantur.
3248 751 3361 813 Mos
3391 762 3515 807 tunc
3540 764 3656 808 erat

2074 822 2318 887 convivia
2366 835 2660 903 celebrare,
2709 838 2918 908 aliaque
2977 840 3201 907 publica:
3255 843 3453 899 lzetitize
3505 845 3652 914 signa

2074 924 2223 991 dare,
2268 926 2353 979 ubi
2398 927 2710 997 plerumque
2745 929 3017 985 dissoluta:
3048 932 3212 999 plebis
3246 942 3415 1004 gesta,
3464 949 3653 1005 super-

2073 1017 2309 1072 stitiosas
2341 1020 2757 1083 observationes,
2802 1023 3009 1092 aliaque
3039 1024 3089 1076 id
3118 1040 3287 1093 genus
3308 1025 3489 1080 videre
3518 1036 3652 1081 erat.

2074 1108 2185 1176 Qua
2215 1110 2281 1164 de
2306 1126 2365 1164 re
2389 1112 2658 1167 auditores
2678 1129 2804 1167 suos
2832 1115 3005 1183 carpit
3031 1115 3459 1187 Chrysostomus.
3500 1118 3657 1174 Liba-

2075 1200 2196 1255 nius
2217 1216 2376 1270 porro
2401 1204 2714 1271 opusculum
2741 1205 2908 1260 edidit
2945 1206 2997 1259 in
3027 1206 3289 1264 Kalendas
3318 1210 3653 1279 inscriptum,

2076 1289 2165 1344 ubi
2213 1306 2319 1361 quo
2366 1292 2467 1346 ritu
2514 1292 2763 1349 Kalendae
2802 1296 2992 1350 tierent
3035 1297 3332 1352 minutatim
3379 1299 3654 1367 describit,

2075 1382 2252 1452 aitque
2278 1399 2435 1437 unam
2457 1385 2806 1456 eamdemque
2836 1388 3195 1443 celebritatem
3227 1404 3321 1458 per
3343 1400 3507 1444 totum
3547 1391 3660 1445 Ro.

2076 1488 2290 1526 manum
2318 1474 2597 1544 imperium
2625 1476 2713 1530 illa
2743 1477 2830 1532 die
2856 1478 2960 1549 agi.
2994 1478 3175 1548 Itaque
3200 1480 3266 1537 de
3290 1480 3377 1536 die
3401 1490 3453 1536 et
3477 1498 3660 1538 mense

2076 1562 2220 1617 nulla
2257 1563 2464 1618 videtur
2488 1567 2711 1634 quaestio
2749 1569 2952 1623 moveri
2984 1585 3178 1638 posse;
3210 1586 3365 1626 secus
3389 1582 3564 1627 autem
3593 1575 3662 1627 de

2076 1670 2238 1721 anno,
2269 1672 2428 1725 quem
2474 1674 2542 1713 ne
2584 1658 2907 1729 conjecturis
2936 1659 3148 1731 quidem
3189 1663 3531 1732 probabiliter
3578 1679 3665 1720 as-

2076 1746 2274 1815 signari
2300 1762 2453 1816 posse
2475 1759 2739 1818 putamus.

2146 1840 2402 1895 llomilias
2438 1842 2505 1897 de
2532 1842 2736 1899 Lazaro
2767 1842 2851 1915 (Τ.
2884 1845 2934 1899 l.
2968 1864 3013 1900 c.
3042 1846 3175 1918 965)
3219 1861 3320 1916 qua
3358 1848 3480 1902 anni
3525 1855 3661 1902 tem-

2076 1940 2282 2001 pestate
2318 1932 2562 1988 habuerit
2609 1933 3022 2006 Chrysostomus
3065 1937 3177 2006 ipse
3226 1936 3498 2003 declarat;
3556 1942 3665 1994 imo

2076 2021 2233 2076 etiam
2259 2040 2361 2093 qua
2388 2024 2475 2080 die
2507 2028 2728 2096 primam
2759 2027 2955 2083 dixerit
2991 2030 3231 2083 enuntiat
3259 2032 3311 2083 in
3334 2031 3449 2100 ipso
3482 2032 3664 2100 primae

2076 2118 2350 2174 conc-iouis
2374 2119 2525 2173 titulo
2552 2138 2565 2175 :
2595 2119 2822 2175 Ilomilia
2847 2123 3088 2188 postridie
3117 2121 3381 2177 Kalendas
3402 2127 3668 2180 Antiochia:

2078 2209 2270 2273 habita,
2303 2210 2367 2264 de
2392 2211 2455 2264 iis
2482 2212 2570 2282 qui
2612 2211 2939 2275 inebriantur,
2985 2212 3144 2283 deque
3184 2214 3246 2266 iis
3276 2216 3361 2281 qui
3389 2224 3668 2267 commeant

2077 2302 2144 2354 ad
2167 2319 2446 2372 cauponas,
2474 2305 2657 2377 quique
2677 2306 2887 2359 choreas
2915 2307 3099 2359 ducunt
3130 2323 3218 2376 per
3241 2306 3509 2373 civitatem,
3533 2310 3668 2377 quod

2077 2411 2176 2447 non
2228 2406 2454 2465 oporteat
2503 2406 2859 2466 prazceptorem
2930 2398 3194 2467 desperare
3262 2399 3326 2450 de
3381 2398 3665 2468 discipulis,

2076 2487 2274 2542 etiamsi
2289 2489 2342 2543 in
2366 2505 2583 2559 praesens
2604 2505 2704 2542 non
2726 2489 3065 2555 obtemperent
3087 2505 3107 2543 :
3127 2500 3376 2560 postrento
3393 2491 3455 2543 de
3472 2490 3668 2573 Lazaro

2078 2583 2307 2635 mendico
2333 2598 2392 2634 ac
2422 2581 2485 2635 de
2505 2582 2685 2646 divite;
2716 2591 2825 2635 tum
2855 2582 3013 2635 etiam
3036 2581 3086 2635 in
3114 2583 3388 2636 concionis
3411 2584 3670 2653 principio

2079 2675 2246 2742 ipsam
2278 2673 2418 2727 diem
2458 2675 2695 2743 assignat
2724 2690 2737 2727 :
2778 2672 3027 2727 Hesterna
3052 2673 3151 2736 die,
3185 2691 3300 2729 cum
3325 2686 3451 2729 esset
3488 2678 3669 2744 festum

2078 2768 2309 2830 Satamr,
2338 2767 2524 2835 fecistis
2556 2772 2739 2838 festum
2768 2767 3012 2835 Spiritus.
3047 2767 3200 2822 Unde
3228 2768 3422 2822 inferas
3443 2771 3667 2838 primam

2081 2858 2223 2912 illam
2275 2860 2342 2913 de
2394 2859 2597 2914 Lazaro
2643 2861 2956 2915 concionem
3001 2860 3192 2915 dictam
3235 2860 3396 2915 fuisse
3435 2864 3670 2916 secundo

2080 2950 2313 3003 Januarii
2340 2951 2446 3013 die,
2483 2963 2600 3020 post
2633 2955 2823 3007 festum
2857 2951 3238 3018 Saturnalium,
3266 2954 3407 3022 quod
3430 2970 3553 3009 vere
3598 2957 3671 3009 l‘e-

2081 3052 2219 3097 stum
2243 3042 2450 3097 Sataua:
2476 3052 2611 3108 erat,
2651 3044 2740 3098 ubi
2769 3044 3097 3106 temulentia,
3134 3045 3397 3110 tripudiis,
3431 3047 3671 3098 saltatio.

2082 3133 2260 3197 nibus,
2292 3135 2793 3200 comessatiouibus,
2836 3136 3059 3204 aliisque
3096 3150 3159 3189 ex
3191 3136 3450 3191 Barchico
3493 3137 3673 3192 furore

2082 3229 2527 3297 consequentibus
2553 3244 2768 3298 operam
2805 3229 2963 3284 dabat
2991 3245 3112 3298 pars
3140 3232 3374 3284 maxima
3405 3232 3630 3285 civitatis
3655 3249 3669 3295 ;

2083 3319 2395 3389 videturque
2414 3320 2600 3375 eodem
2626 3338 2765 3374 anno
2796 3322 2971 3376 ltabita
2998 3337 3102 3391 quo
3126 3321 3336 3375 bomilia
3359 3323 3601 3393 superior
3619 3324 3671 3377 in

2082 3410 2365 3476 Kalendas,
2396 3412 2606 3479 quando
2647 3423 2700 3466 ut
2743 3413 3029 3467 dissolutos
3072 3428 3250 3468 mores
3284 3424 3671 3482 compesceret,

2083 3514 2299 3557 strenue
2324 3514 2505 3557 centra
2536 3504 2814 3557 satanicam
2847 3504 2985 3558 hanc
3008 3504 3443 3558 consuetudinem
3463 3504 3676 3558 concio-

2085 3606 2241 3650 uatus
2269 3606 2366 3651 est.
2417 3596 2493 3651 De
2534 3611 2676 3651 anno
2709 3604 2906 3663 autem,
2956 3612 3061 3665 quo
3091 3595 3172 3650 hze
3211 3596 3443 3651 homiliae
3483 3595 3674 3649 Italutre

2085 3690 2252 3756 fuere,
2286 3706 2351 3745 ne
2376 3689 2633 3760 probabili
2663 3690 2873 3760 quidem
2896 3690 3100 3745 ratione
3125 3689 3411 3760 quidquam
3437 3697 3672 3744 statuere

2086 3799 2387 3853 possumus.

2159 3878 2265 3931 llas
2292 3892 2418 3931 vero
2434 3876 2719 3931 conciones
2734 3876 3068 3931 continenter
3091 3877 3291 3943 habuit,
3312 3877 3491 3946 paucis
3509 3877 3677 3931 inter-

2085 3970 2272 4039 positis
2302 3968 2441 4023 inter
2474 3969 2709 4037 singulas
2736 3967 2944 4031 diebus,
3001 3968 3193 4037 quibus
3226 3968 3451 4022 fortasse
3489 3967 3676 4022 diehua

2085 4076 2177 4115 eas
2202 4076 2319 4129 quas
2342 4060 2409 4114 de
2434 4058 2491 4115 S.
2526 4060 2687 4114 Paulo
2716 4072 3028 4128 supererant
3054 4059 3300 4114 absolvit.
3332 4060 3387 4114 In
3418 4059 3672 4124 secunda,

2086 4168 2242 4222 quam
2275 4152 2454 4221 paucis
2476 4160 2593 4221 post
2620 4152 2843 4220 primam
2873 4150 3059 4205 diebus
3088 4150 3287 4216 habuit,
3318 4152 3495 4205 statim
3525 4150 3673 4215 dicit,

2087 4243 2314 4313 primum
2345 4243 2555 4297 virtutis
2581 4242 2800 4312 gradum
2839 4256 2957 4296 esse
2984 4241 3203 4295 alterius
3244 4240 3422 4295 virtuti
3460 4241 3679 4311 applaua

2087 4336 2235 4390 dere.
2279 4335 2413 4389 llinc
2443 4335 2635 4388 malam
2662 4333 3012 4403 quorumdam
3050 4333 3353 4403 opinionem
3395 4333 3461 4388 de
3503 4332 3678 4387 medio

2088 4430 2278 4485 tollere
2310 4429 2501 4495 satagit
2533 4444 2547 4481 :
2595 4436 2743 4483 erant
2770 4428 2910 4482 enim
2937 4427 3149 4497 quidam
3178 4428 3265 4498 qui
3290 4439 3533 4497 putarent
3558 4427 3677 4479 ani-

2088 4538 2203 4578 mas
2227 4523 2458 4577 violenta
2498 4530 2672 4577 morte
2708 4520 3076 4575 decedentium
3105 4520 3218 4575 ﬁeri
3249 4522 3538 4577 daemonas.
3579 4523 3681 4577 Po-

2087 4624 2199 4669 stea
2244 4614 2311 4669 de
2340 4614 2542 4669 Lazaro
2575 4622 2629 4667 et
2655 4613 2721 4667 de
2749 4612 2912 4666 divite
2936 4612 3094 4665 verba
3125 4610 3270 4674 facit,
3298 4614 3477 4684 aitque
3500 4623 3679 4683 rapto-

2087 4723 2201 4763 rem
2229 4706 2639 4777 computandum
2666 4720 2785 4761 esse
2814 4704 3047 4769 divitem,
3078 4705 3166 4775 qui
3189 4715 3390 4776 partem
3420 4705 3678 4761 bonorunt

2089 4816 2194 4853 non
2226 4800 2481 4869 impertit.

2162 4893 2217 4946 In
2259 4893 2411 4948 tertia
2452 4892 2697 4945 hortatur
2731 4888 2795 4943 ad
2840 4889 3120 4944 lectionem
3161 4886 3448 4957 Scriptura:
3490 4904 3677 4954 sacrm,

2090 4988 2269 5054 aitque
2294 5001 2359 5040 ex
2388 4982 2653 5054 frequenti
2677 4982 2937 5052 ejusmodi
2965 4981 3192 5036 lectione
3227 4990 3457 5035 mentem
3485 4980 3679 5050 aperiri

2089 5077 2154 5130 ad
2187 5079 2440 5145 majorem
2471 5075 2586 5145 ejus
2603 5072 3020 5144 intelligentiam.
3049 5072 3333 5139 Scriptura:
3365 5087 3490 5125 vero
3516 5086 3683 5125 saerte

2093 5168 2439 5236 ignorantiam
2463 5165 2695 5220 luereses
2724 5165 3008 5232 peperisse,
3034 5178 3094 5216 ac
3113 5172 3387 5232 postquam
3413 5162 3479 5217 de
3495 5162 3687 5216 advers

2092 5264 2165 5315 sis
2195 5263 2454 5330 patienter
2481 5259 2714 5314 ferendis
2745 5259 2905 5313 multa
2946 5258 3099 5320 dixit,
3131 5257 3424 5310 orationem
3463 5255 3682 5310 claudit.

2169 5354 2396 5407 Mamilia
2422 5353 2484 5405 de
2505 5352 2564 5407 S.
2589 5351 2805 5421 Babylo.
2836 5379 2908 5390 —
2941 5350 3065 5403 Post
3096 5349 3211 5402 ltrec
3244 5349 3516 5418 aliquanto
3544 5356 3682 5400 tem-

2096 5460 2224 5514 pore
2277 5460 2555 5499 sermones
2604 5444 2670 5497 de
2714 5443 2917 5495 Lazaro
2962 5441 3284 5505 intermisit,
3347 5439 3576 5508 primunt
3627 5449 3684 5491 ut

2094 5540 2151 5595 S.
2198 5538 2409 5611 Bahyhe
2439 5537 2674 5606 episcopi
2717 5533 3032 5590 Antiochcui
3067 5543 3123 5588 et
3170 5533 3455 5603 martyris;
3494 5533 3687 5585 deinde

2097 5646 2228 5686 vero
2270 5642 2325 5685 ut
2353 5638 2655 5685 sanctorum
2697 5626 2962 5682 Juventini
3004 5634 3058 5680 et
3097 5624 3363 5680 Maximini
3393 5632 3686 5690 martyrum

2096 5724 2337 5780 encomia
2368 5722 2677 5778 celebraret.
2711 5720 2823 5785 Qua
2856 5720 2907 5773 in
2931 5734 2987 5773 re
3011 5718 3126 5786 ipso
3142 5716 3523 5787 Chrysostomo
3554 5712 3691 5768 duce

2100 5816 2366 5888 loquimur
2410 5833 2424 5869 :
2465 5815 2539 5869 ait
2562 5813 2702 5870 enim
2736 5813 2822 5868 ille
2847 5810 2946 5866 sub
2976 5809 3180 5864 initium
3223 5807 3454 5861 bomilia:
3488 5815 3693 5875 quarta:
