4122 6386
455 384 553 442 H7

448 500 518 558 de
539 500 739 556 Lazaro
761 517 774 553 :
810 499 996 555 Verum
1016 518 1115 556 non
1131 502 1524 557 existimavimus
1543 518 1648 557 esse
1673 512 1833 557 tutum
1853 502 1914 559 S.
1936 501 2038 557 Ba-

449 592 581 662 bylat
604 603 650 646 et
674 592 803 664 biga:
837 590 946 648 SS.
977 606 1256 664 martyrum
1276 635 1292 659 ,
1327 594 1416 664 qui
1447 604 1566 662 post
1595 594 1738 648 illam
1762 593 2033 649 bomiliam

447 690 813 749 occurrerunt,
849 683 1096 752 praeclara
1123 694 1261 755 gesta
1291 685 1570 750 prwterire.
1614 684 1818 753 Quibus
1841 700 2035 740 conso-

446 783 538 829 nat
582 774 855 830 coneionis
902 777 955 831 in
1006 776 1064 831 S.
1099 776 1350 849 Babylam
1394 777 1677 833 exordium
1724 796 1738 832 :
1802 778 2036 834 Volebam

448 868 677 937 equidem
726 868 970 923 hodierno
1011 870 1094 924 die
1133 869 1352 924 debitum
1392 871 1602 925 reddere
1626 912 1642 938 ,
1689 871 1827 941 quod
1872 888 2038 942 nuper

446 960 584 1014 vobis
614 1002 628 1022 ,
663 976 777 1014 cum
824 960 904 1014 hic
951 978 1107 1015 essent
1135 984 1155 1028 ,-
1189 962 1397 1031 promisi
1448 978 1469 1018 :
1508 964 1597 1019 sed
1633 964 1755 1035 quid
1801 965 1988 1033 faciam
2010 965 2036 1018 ?

444 1049 510 1105 Β.
555 1051 777 1123 Babglas
817 1054 1150 1109 interveniens
1183 1056 1458 1126 apparuit,
1485 1065 1533 1111 et
1571 1059 1639 1111 ad
1677 1058 1901 1127 seipsum
1942 1073 2035 1112 nos

443 1145 653 1200 vocavit.
707 1146 849 1216 Big:e
898 1157 1074 1201 autem
1115 1157 1431 1219 martyrum,
1489 1151 1579 1220 qui
1628 1160 1747 1221 post
1790 1163 2032 1207 sanctum

442 1235 696 1308 Babylam
755 1238 1011 1295 Homilies
1069 1239 1137 1294 de
1188 1239 1391 1295 Lazaro
1463 1241 1801 1314 intercepere
1832 1287 1846 1308 ,
1907 1254 2034 1299 sunt

441 1338 656 1381 sanctus
692 1327 1007 1385 Juventinus
1055 1339 1110 1385 et
1138 1330 1196 1386 S.
1227 1331 1562 1401 Maximinus,
1604 1337 1694 1407 qui
1738 1335 2033 1391 Antiochia:

442 1419 583 1487 passi
612 1417 838 1485 fuerant,
882 1430 937 1477 et
964 1439 1188 1492 quorum
1210 1422 1434 1481 homilia
1464 1427 1542 1482 sic
1579 1428 1761 1498 incipit
1791 1446 1804 1482 :
1854 1429 2036 1498 Nuper

441 1506 504 1564 B.
531 1508 749 1582 Babylas
769 1528 886 1567 eum
916 1514 1076 1570 tribus
1105 1518 1275 1586 pueris
1297 1535 1388 1571 nos
1414 1518 1497 1572 hic
1515 1520 1848 1592 congregabat
1880 1537 1898 1575 :
1935 1524 2026 1575 Ito-

439 1598 523 1653 die
550 1618 645 1671 par
669 1602 779 1659 SS.
805 1604 1021 1659 militum
1045 1608 1099 1660 in
1127 1608 1236 1662 acie
1252 1609 1522 1663 exercitum
1538 1594 1730 1666 ‘(Iltristi
1756 1613 2028 1667 constituit.

441 1693 625 1766 Nuper
646 1700 895 1770 quadriga
925 1712 1227 1773 martyrum,
1252 1703 1401 1758 hodie
1431 1704 1564 1775 biga.
1592 1704 1915 1762 Concionem
1936 1708 2033 1762 ita-

439 1803 564 1856 que,
616 1800 733 1859 post
777 1793 984 1847 tertiam
1023 1794 1091 1850 de
1134 1795 1339 1851 Lazaro
1385 1798 1657 1852 homiliam
1698 1797 1911 1861 habuit.
1964 1801 2032 1855 de

438 1878 495 1935 S.
540 1881 757 1954 Babyla,
809 1885 900 1955 qui
953 1886 1235 1955 episcopus
1279 1887 1646 1945 Antiochenus
1697 1906 1820 1946 eum
1864 1902 2027 1958 esset,

440 1974 751 2046 martyrium
770 1992 863 2048 pro
879 1978 1093 2034 Christo
1110 1994 1297 2049 passus
1309 1991 1409 2036 est.
1430 1981 1559 2052 Ejus
1576 1981 1853 2039 historiam
1871 1986 2033 2041 refert

437 2065 890 2137 Cltrysostomus;
942 2071 1174 2125 maxime
1200 2087 1328 2127 vero
1363 2072 1415 2126 in
1445 2073 1583 2128 libro
1628 2074 1741 2140 illo,
1781 2091 1938 2145 quem
1965 2076 2032 2132 de

437 2156 667 2229 Martyre
697 2160 889 2232 Babyla
919 2172 1103 2216 contra
1148 2162 1413 2218 Julianum
1442 2165 1751 2234 Apostatam
1795 2167 2027 2237 srripsit,

438 2247 527 2301 ubi
555 2250 773 2304 multutn
802 2250 981 2307 differt
1007 2254 1075 2308 ab
1116 2254 1344 2309 Eusebio
1383 2254 1719 2323 Caesariensi,
1775 2266 1831 2311 ut
1862 2273 2029 2328 supra

437 2340 666 2396 diximus
691 2357 706 2394 :
737 2358 801 2398 ex
829 2360 1045 2400 rumore
1073 2362 1299 2417 namque
1321 2347 1460 2418 vulgi
1494 2348 1717 2419 loquens
1746 2353 2030 2405 conciona-

440 2443 542 2497 tor,
575 2433 818 2503 quaedam
870 2437 1030 2491 refert
1075 2453 1106 2491 a
1152 2439 1226 2493 rei
1258 2440 1480 2495 veritate
1504 2440 1715 2496 aliena:
1754 2442 1846 2497 sed
1876 2443 2032 2512 longe

436 2524 764 2589 accuratius,
828 2541 950 2581 cum
1000 2526 1069 2584 de
1111 2527 1473 2600 Reliquiarum
1518 2531 1635 2600 ejus
1688 2533 2031 2589 translatione

438 2631 740 2672 sermonem
772 2617 954 2673 habet.

510 2705 710 2778 Nuper,
743 2710 933 2780 inquit,
985 2725 1092 2767 non
1133 2723 1331 2774 autem.
1368 2713 1494 2777 lteri,
1541 2724 1600 2770 ut
1646 2714 1714 2770 ab
1743 2716 2031 2787 interprete

438 2798 691 2869 deceptus
716 2799 1087 2856 'l‘illemontius
1115 2805 1309 2873 posuit.
1338 2804 1442 2859 Sed
1475 2806 1740 2875 negotium
1771 2806 2030 2864 facessere

439 2890 649 2945 videtur
687 2891 760 2958 id,
806 2893 947 2962 quod
997 2894 1049 2948 in
1080 2904 1351 2964 posuemo
1380 2896 1607 2951 exordio
1634 2898 1759 2953 dicit
1792 2914 1808 2952 :
1851 2898 2032 2969 Nuper

442 2982 507 3038 Β.
526 2982 749 3055 Babylas
767 3002 880 3040 cum
897 2978 1055 3041 tribu’s
1077 2990 1243 3057 pueris
1261 3006 1351 3043 nos
1367 2989 1448 3044 Itic
1463 2993 1797 3063 congregabat
1818 3009 1837 3046 :
1860 2995 1909 3047 in
1931 2993 2030 3049 hac

439 3075 581 3131 enim
601 3078 857 3133 concione
873 3094 938 3133 ne
957 3080 1161 3133 minime
1178 3081 1391 3150 quidem
1414 3081 1482 3137 de
1504 3083 1671 3138 tribus
1696 3085 1874 3150 pueris
1898 3086 2031 3154 legi-

441 3166 770 3231 tur.Verum,
787 3179 843 3224 ut
856 3170 1003 3224 initio
1021 3171 1254 3226 homilia:
1268 3172 1480 3241 dicitur,
1500 3189 1604 3229 non
1620 3174 2031 3248 Chrysostomus

439 3258 606 3325 solus,
643 3262 735 3316 sed
759 3277 878 3317 cum
904 3263 991 3317 alii
1017 3265 1276 3331 seniores,
1318 3275 1432 3321 tum
1470 3268 1750 3338 episcopus
1776 3267 1890 3339 ipse
1911 3269 2030 3324 Fla-

436 3351 629 3406 via‘nus
655 3352 842 3408 eodem
870 3354 957 3409 die
981 3355 1281 3410 concionati
1301 3368 1445 3413 sunt.
1478 3356 1604 3412 Haec
1623 3371 1669 3413 et
1689 3360 1812 3427 alia,
1839 3361 2028 3431 inquit,

439 3443 716 3497 senioribus
743 3447 1184 3499 commemoranda
1208 3446 1514 3516 doctoribus,
1545 3458 1592 3503 et
1617 3452 1871 3505 communi
1897 3452 2031 3521 patri

342 3558 347 3561 -
442 3543 611 3589 nostra
630 3534 966 3605 relinquemus
985 3553 1006 3593 :
1026 3555 1105 3593 res
1130 3540 1264 3594 enim
1289 3543 1593 3611 antiquiores
1620 3545 1866 3615 prwclare
1893 3545 2031 3599 vobis

439 3644 473 3679 a
511 3628 708 3681 senibus
740 3638 948 3699 possunt
968 3632 1170 3685 narrari
1198 3647 1217 3686 :
1244 3648 1359 3703 quae
1382 3649 1498 3689 vero
1522 3651 1625 3689 non
1658 3636 1730 3689 ita
1755 3637 1950 3707 pridem
1972 3654 2031 3691 ac

438 3729 614 3772 nostra
644 3730 792 3773 (etate
809 3731 927 3774 sunt
951 3732 1115 3793 gesta,
1144 3724 1280 3777 vobis
1300 3726 1506 3794 juvenis
1527 3743 1615 3797 ego
1642 3727 1881 3793 narrabo,
1915 3744 2031 3798 qua:

441 3811 677 3864 nimirum
701 3823 814 3883 post
845 3814 1054 3880 cbitum,
1094 3827 1203 3887 post
1233 3820 1492 3890 exsequias
1518 3822 1777 3890 martyris,
1822 3840 1881 3875 uc
1908 3824 2029 3876 dum

439 3904 494 3955 in
520 3903 752 3958 suburbio
790 3917 1093 3972 violaretur,
1139 3909 1449 3963 acciderunt.
1487 3910 1612 3964 Hice
1648 3912 1802 3966 de‘S.
1834 3913 2028 3986 Babyla

439 3994 541 4047 sibi
568 3995 863 4049 enarranda
897 3998 1623 4071 proposuitCltrysostomus,
1664 4012 1858 4058 eietera
1882 4020 2032 4060 com-

441 4084 585 4138 tnuni
614 4087 745 4153 patri
764 4095 818 4141 et
831 4088 1129 4143 senioribus
1147 4092 1615 4147 commemoranda
1639 4094 1870 4164 reliquit.
1897 4096 2030 4151 Nam

441 4187 499 4232 υι
527 4178 735 4231 εει-ιυιιίδ
764 4178 937 4233 locum
961 4189 1016 4234 et
1039 4189 1248 4249 tempus
1274 4183 1445 4251 daret,
1472 4186 1783 4242 concionem
1812 4188 1880 4244 de
1909 4204 2033 4244 san-

437 4277 528 4325 cto
552 4268 751 4341 Bahyla
783 4269 1078 4326 breviorem
1123 4272 1324 4340 habuit,
1362 4292 1519 4345 quam
1546 4278 1752 4333 solebat
1781 4298 1795 4333 :
1838 4282 2029 4335 verisi-

443 4361 676 4431 mileque
704 4375 787 4415 (εει
812 4362 1042 4433 aliquem
1067 4380 1129 4420 ex
1160 4366 1240 4430 iis,
1288 4368 1376 4436 qui
1406 4379 1526 4437 post
1554 4371 1699 4424 illum
1726 4373 2027 4427 concionati

438 4460 584 4516 sunt,
609 4451 677 4506 de
712 4454 879 4508 tribus
899 4457 1078 4525 pueris
1101 4458 1257 4512 verba
1287 4458 1493 4515 fecisse.
1525 4461 1724 4516 Eodem
1747 4462 1906 4533 igitur
1928 4480 2029 4520 an-

437 4560 509 4598 no
537 4544 718 4601 habita
744 4556 826 4601 est
850 4547 964 4603 haec
991 4550 1198 4615 concio,
1238 4567 1344 4620 quo
1377 4553 1619 4609 Ilomilite
1648 4555 1699 4609 in
1731 4555 2025 4624 Lazarum;

435 4636 735 4707 etquidem
774 4654 958 4693 mense
980 4639 1252 4707 Januario,
1297 4642 1503 4698 scilicet
1547 4646 1801 4716 vigesima
1843 4658 2029 4718 quarta

432 4730 678 4798 ejusdem
726 4732 948 4795 mensis,
1006 4741 1062 4786 ut
1113 4734 1336 4800 videtur,
1384 4752 1486 4806 qua
1533 4736 1621 4793 die
1659 4739 2029 4811 Martyrologia

435 4822 618 4875 omnia
642 4821 833 4877 festum
865 4823 922 4879 S.
945 4823 1157 4894 Babylae
1183 4824 1435 4880 indicant.
1465 4827 1563 4894 Qui
1589 4844 1713 4884 vero
1743 4829 1901 4885 fuerit
1932 4846 2030 4884 an-

436 4926 538 4966 uus
564 4912 672 4978 ille,
699 4930 804 4968 non
834 4914 903 4969 ita
926 4913 1079 4971 facile
1097 4924 1181 4972 est
1208 4916 1632 4986 deprehendere.
1656 4920 2031 4977 Tillemontius

433 5019 635 5060 annum
662 5006 896 5078 assignat
922 5007 1046 5062 587.
1096 5006 1228 5078 Ejus
1252 5009 1517 5065 calculum
1559 5013 1910 5080 excussimus,
1949 5015 2029 5070 le-

435 5097 780 5169 vissimisque
831 5099 1151 5169 t-onjeeturis
1191 5100 1377 5155 fultum
1423 5118 1544 5159 esse
1586 5105 1929 5175 probavimus
1977 5110 2031 5163 in

440 5189 643 5243 Monito
671 5191 737 5245 ad
763 5191 1044 5246 Homiliam
1073 5192 1125 5246 in
1148 5191 1434 5257 Kalendas,
1467 5212 1587 5266 qua:
1607 5196 1890 5254 Homiliam
1920 5201 2031 5270 pri-

440 5297 584 5337 mam
628 5282 697 5338 de
748 5282 948 5337 Lazaro
997 5299 1105 5338 uno
1155 5283 1245 5339 die
1294 5288 1586 5355 praecessit.
1640 5286 1714 5343 lbi
1768 5291 1887 5347 vide
1933 5292 2029 5358 sis,

444 5390 654 5431 necnon
683 5374 734 5429 in
762 5375 960 5431 Manilo
982 5377 1046 5430 ad
1071 5377 1326 5432 liomilias
1350 5378 1418 5433 de
1437 5378 1661 5433 Lazaro.

517 5467 747 5523 [familia
802 5469 856 5522 in
913 5469 1018 5525 SS.
1082 5468 1412 5524 Juventinum
1459 5483 1509 5526 et
1562 5472 1920 5530 Maximinum.
1959 5510 2032 5520 —

447 5559 597 5615 lianc
639 5560 822 5629 paucis
869 5563 1195 5630 interpositis
1241 5563 1433 5619 diebus
1463 5607 1478 5628 ,
1533 5574 1594 5620 ut
1634 5582 1790 5636 supra
1834 5572 2030 5638 proba-

448 5660 560 5704 tum
610 5662 729 5717 est,
784 5662 1007 5723 sequuta
1066 5664 1149 5709 est
1193 5654 1417 5710 llomilia
1476 5658 1527 5711 in
1569 5670 1782 5715 sanctos
1831 5663 2030 5718 Juven-

442 5750 608 5794 tmmn
662 5751 717 5796 et
767 5743 1109 5797 Maximinum
1175 5758 1436 5816 martyres
1487 5750 1892 5819 Antiochenos,
1941 5757 2030 5824 qui

438 5848 556 5887 cum
585 5834 684 5887 sub
703 5833 913 5890 Juliano
937 5838 1186 5906 Aposzata
1210 5841 1581 5910 comprehensi
1605 5852 1658 5898 et
1683 5846 1735 5899 in
1760 5860 2029 5903 carcerem

1550 383 1607 441 S.
1646 383 1927 443 JOANNIS
1959 383 2446 442 CHRYSOSTOMI
2474 383 2655 450 VITA,

3633 380 3731 434 iis

2148 504 2299 567 trusi,
2342 502 2446 558 diis
2475 502 2732 558 sacrificia
2762 500 2952 557 oo‘erre
2974 500 3195 563 nollent,
3242 500 3360 570 ejus
3378 500 3530 569 jussu
3558 499 3732 565 capite

2143 596 2369 650 truncati
2397 604 2541 650 sunt.
2585 594 2664 649 Ex
2691 593 2849 663 hujus
2891 608 3051 663 porro
3091 592 3366 647 concionis
3400 591 3601 658 verbis,
3640 590 3730 647 ubi

2141 687 2334 741 dicitur
2361 703 2542 756 nuper,
2576 686 2886 741 concionem
2907 684 2977 739 de
3002 684 3060 740 S.
3090 683 3286 755 Babyla
3319 684 3515 740 dictam
3542 682 3729 748 fuisse,

2141 777 2261 845 quia
2294 786 2445 831 vetus
2473 776 2735 846 interpres
2763 775 2982 830 Latinus
3024 774 3152 830 illud
3198 776 3362 830 verbo
3412 775 3542 843 lteri,
3593 775 3733 831 male

2146 878 2396 933 verterat,
2440 869 2473 922 ii
2504 870 2595 937 qui
2622 866 3009 939 Martyrologiis
3030 880 3245 936 operam
3275 865 3537 921 dederunt
3571 864 3623 919 in
3650 867 3730 919 vi-

2140 962 2396 1032 gesimam
2438 961 2674 1031 quintam
2712 959 2987 1015 Februarii
3032 960 3218 1014 horum
3256 967 3548 1030 martyrum
3589 956 3728 1011 diem

2139 1048 2332 1106 festum
2357 1051 2660 1119 conferunt,
2709 1052 2833 1107 licet
2867 1053 2950 1107 bis
2989 1052 3041 1106 in
3070 1051 3169 1106 hac
3205 1050 3421 1105 humilia
3463 1065 3523 1105 se
3547 1066 3729 1120 nuper,

2140 1159 2244 1197 non
2277 1154 2453 1199 autem
2484 1144 2732 1199 hesterna
2755 1144 2842 1199 die
2866 1144 2934 1199 de
2952 1143 3009 1200 S.
3041 1143 3239 1215 Babyla
3262 1157 3321 1197 se
3350 1141 3509 1196 verba
3539 1140 3731 1196 fecisse

2137 1234 2316 1290 dicat:
2348 1236 2501 1306 cujus
2526 1235 2719 1291 festum
2746 1235 2930 1290 incidit
2964 1236 3016 1289 in
3047 1234 3119 1290 24
3145 1234 3402 1290 Januarii.
3450 1232 3578 1288 [nde
3611 1247 3730 1288 mos

2136 1327 2383 1394 obtinuit,
2415 1336 2472 1382 ut
2499 1327 2587 1383 die
2616 1330 2809 1383 festum
2837 1328 2895 1382 S.
2924 1328 3137 1399 Babylae
3158 1328 3488 1397 insequente,
3519 1324 3613 1381 SS.
3637 1324 3732 1378 Ju-

2138 1422 2340 1476 ventini
2389 1429 2445 1476 et
2486 1422 2755 1476 Maximini
2803 1421 3117 1476 memoriam
3156 1419 3436 1475 enuntient
3466 1436 3478 1472 :
3514 1434 3617 1472 non
3660 1433 3727 1474 ex

2137 1512 2444 1570 Gra'eorum
2488 1515 2703 1569 Menaeis
2757 1514 2811 1569 id
2857 1516 3100 1579 mutuati,
3146 1513 3428 1583 siquidem,
3482 1520 3540 1565 ut
3579 1516 3731 1566 notat

2137 1606 2337 1675 optime
2355 1605 2662 1671 Bollandus,
2683 1606 2826 1660 nulla
2844 1604 2894 1659 in
2915 1604 3153 1667 Mena-is,
3173 1603 3486 1673 Menologiis
3504 1602 3729 1670 aliisque

2138 1697 2285 1752 fastis
2305 1696 2632 1764 Grieeorum,
2649 1697 2744 1753 SS.
2763 1696 3029 1753 Juventini
3049 1706 3104 1751 et
3118 1695 3388 1751 Maximini
3410 1703 3725 1751 exstatme-

2137 1789 2343 1855 moria;
2376 1789 2491 1853 sed,
2520 1798 2580 1843 ut
2610 1789 2862 1856 diximus,
2903 1803 2970 1844 ex
3000 1787 3196 1844 veteris
3231 1786 3536 1856 interpretis
3578 1785 3727 1854 lapsu

2137 1882 2189 1937 in
2220 1881 2609 1954 Martyrologiis
2634 1891 2870 1937 erratum
2891 1889 2993 1936 est.

2208 1975 2334 2030 Post
2376 1974 2491 2031 hinc
2541 1977 2785 2031 encomia
2836 1974 3075 2045 ejusdem
3116 1970 3385 2043 parabolae
3439 1985 3724 2041 argenteu-

2137 2077 2247 2123 tum
2300 2069 2623 2138 resumpsit,
2669 2078 2723 2123 et
2765 2077 3007 2138 quartam
3057 2065 3125 2121 de
3174 2064 3375 2119 Lazaro
3413 2063 3722 2118 concionem

2135 2159 2322 2214 habuit
2359 2176 2374 2213 :
2405 2159 2534 2215 dicit
2576 2168 2753 2214 autem
2808 2159 2906 2213 sub
2959 2157 3167 2211 initium
3206 2171 3270 2211 ex
3329 2154 3427 2210 hac
3474 2152 3723 2224 parabola

2135 2268 2357 2324 magnos
2400 2252 2596 2323 percipi
2645 2266 2803 2321 posse
2854 2250 3076 2306 fructus.
3114 2249 3317 2305 Deinde
3361 2264 3486 2301 vero
3537 2248 3725 2317 probat

2135 2346 2326 2400 anima:
2369 2344 2857 2406 immortalitatem,
2909 2343 3087 2413 aitque
3137 2340 3480 2396 conscientia:
3526 2347 3722 2393 nostrae

2134 2438 2362 2493 tribunal
2393 2453 2513 2493 esse
2546 2438 2932 2507 incorruptum,
2987 2444 3147 2504 atque
3175 2450 3241 2490 ex
3281 2432 3531 2488 aerumnis
3557 2441 3612 2486 et
3636 2446 3724 2485 ca-

2134 2530 2458 2585 lamitatibus
2501 2530 2751 2584 illustrari
2800 2537 3070 2593 mentem,
3120 2537 3174 2582 et
3221 2534 3473 2581 consueta
3532 2522 3720 2578 morali

2134 2620 2507 2676 adhortatione
2530 2620 2731 2675 claudit
2755 2620 3089 2675 concionem.

2225 2714 2506 2769 Homiliam
2562 2715 2613 2769 in
2675 2712 2805 2767 illud
2840 2754 2855 2779 ,
2919 2711 2999 2766 De
3057 2708 3418 2764 dormientibus
3468 2707 3586 2760 nolo
3637 2721 3722 2760 ros

2131 2808 2369 2879 ignorare
2393 2848 2407 2872 ,
2450 2813 2572 2876 post
2607 2813 2838 2871 quatuor
2871 2804 2989 2858 illas
3032 2801 3100 2857 de
3128 2801 3326 2855 Lazaro
3358 2799 3601 2853 bomilias
3623 2796 3721 2850 ha-

2133 2898 2243 2952 bita
2285 2897 2413 2963 fuit,
2461 2907 2519 2952 ut
2564 2898 2677 2967 ipse
2706 2898 2857 2951 initio
2885 2897 3047 2962 dicit,
3083 2904 3138 2950 et
3186 2895 3237 2949 in
3295 2893 3394 2947 hac
3443 2891 3603 2947 etiam
3654 2889 3721 2943 de

2133 2989 2336 3044 Lazaro
2368 2988 2657 3044 identidem
2687 2990 2814 3059 agit.
2855 2987 3189 3056 Quapropter
3219 2993 3338 3054 post
3379 2981 3625 3036 homilias
3654 2980 3720 3034 de

2133 3083 2335 3139 Lazaro
2360 3094 2416 3138 et
2439 3083 2694 3153 temporis
2714 3092 2768 3138 et
2786 3082 3078 3153 argumenti
3105 3093 3262 3136 causa
3290 3079 3342 3134 in
3372 3077 3469 3132 bac
3487 3076 3720 3132 editione

2169 3175 2304 3229 osita
2334 3174 2450 3229 fuit.

2169 3191 2304 3229 osua
2334 3191 2450 3229 tutt.

2133 3191 2167 3246 Ρ
2204 3265 2491 3335 Postquam
2524 3275 2680 3321 terra;
2720 3274 2897 3321 motus
2925 3262 3261 3319 Antiochiam
3305 3260 3715 3331 subagitaverat,

2132 3358 2291 3412 aliam
2332 3358 2518 3413 habuit
2561 3359 2829 3412 homiliam
2855 3355 3304 3428 Chrysostomus,
3351 3368 3469 3424 qua:
3505 3352 3558 3406 in
3583 3350 3716 3405 Ter-

2135 3468 2208 3505 ra:
2248 3460 2448 3506 motum
2489 3461 2544 3506 et
2586 3452 2809 3506 Divitem
2846 3461 2899 3505 et
2926 3450 3183 3504 Lazarum
3216 3447 3539 3510 inscribitur,
3577 3444 3718 3498 ideo-

2132 3560 2237 3616 que
2276 3546 2420 3600 illam
2459 3546 2598 3599 inter
2636 3545 2891 3599 llomilias
2929 3544 2997 3598 de
3038 3544 3235 3597 Lazaro
3285 3552 3488 3596 sextam
3535 3539 3715 3593 consi-

2131 3653 2376 3708 gnamus.
2432 3638 2579 3692 lianc
2640 3637 2955 3692 concionem
3020 3635 3357 3691 Hermantius
3413 3632 3465 3687 in
3521 3646 3714 3685 annum

2131 3729 2236 3785 587
2265 3729 2640 3784 conferendam
2687 3729 2920 3797 putavit,
2965 3728 3214 3798 quoniam
3247 3727 3338 3779 illo
3372 3738 3514 3778 anno
3562 3734 3715 3777 terrae

2132 3833 2310 3878 motus
2334 3822 2633 3877 Antiochiae
2656 3822 2771 3876 fuit.
2808 3822 3002 3876 Verum
3032 3822 3166 3875 adeo
3194 3819 3497 3889 frequentes
3527 3816 3716 3870 Antio—

2132 3913 2267 3967 chia:
2309 3923 2464 3968 terrrc
2489 3923 2664 3968 motus
2687 3922 2859 3975 erant,
2903 3922 2961 3966 ut
3000 3913 3049 3965 in
3084 3911 3279 3966 Mouito
3312 3908 3379 3963 ad
3408 3909 3543 3962 hanc
3585 3922 3717 3961 eon-

2130 4004 2340 4060 cioncm
2373 4004 2731 4073 probavimus,
2765 4013 2821 4057 ut
2854 4002 2976 4057 hinc
3014 4017 3209 4057 annum
3258 4014 3363 4072 quo
3408 3999 3584 4053 habita
3624 3996 3718 4050 ho-

2132 4096 2277 4151 milia
2302 4096 2397 4150 fuit
2421 4097 2734 4165 consignare
2756 4111 2861 4149 non
2890 4095 3063 4149 liceat.

2206 4187 2489 4241 Homiliam
2520 4187 2586 4241 de
2618 4187 2801 4241 Viduis
2841 4185 2929 4255 (Τ.
2961 4186 3013 4240 '5.
3072 4202 3118 4239 c.
3146 4183 3276 4255 3‘21)
3312 4183 3495 4252 paucis
3532 4181 3719 4236 diebus

2134 4290 2255 4350 post
2278 4280 2559 4333 llomiliam
2592 4278 2658 4334 de
2687 4277 3078 4333 dormientibus
3107 4276 3496 4346 pronuntiatam
3529 4274 3712 4335 fuisse,

2133 4372 2248 4441 ipse
2282 4370 2695 4442 Chrysostomus
2735 4371 2787 4425 in
2825 4370 3083 4439 principio
3112 4368 3294 4432 refert,
3322 4381 3442 4421 cum
3471 4367 3567 4428 ait,
3599 4380 3717 4419 eam

2133 4462 2353 4517 multam
2401 4463 2595 4518 habere
2632 4464 2999 4533 cognationem
3047 4474 3167 4514 cum
3210 4458 3529 4529 prmcedenti
3563 4476 3580 4506 ι
3607 4456 3717 4510 Hoc

2132 4555 2277 4610 enim
2319 4554 2446 4609 illud
2474 4564 2579 4620 est,
2606 4572 2626 4605 ›
2659 4555 2848 4623 inquit,
2887 4571 2907 4604 ‹
2930 4551 3071 4623 quod
3102 4565 3271 4620 nuper
3298 4550 3595 4613 dicebatur,
3643 4547 3721 4600 De

2134 4648 2492 4703 dormientibus
2522 4658 2691 4702 autem
2727 4648 2844 4702 nolo
2891 4662 2976 4701 vos
3016 4647 3271 4716 ignorare,
3309 4648 3527 4714 fratres;
3574 4650 3630 4695 et
3653 4644 3721 4694 de

2133 4742 2526 4795 resurrectione
2554 4738 2718 4792 multa
2754 4748 2864 4792 tum
2908 4752 2938 4791 a
2980 4737 3131 4790 nobis
3160 4745 3285 4789 sunt
3308 4735 3469 4789 dicta.
3505 4753 3525 4787 ι
3559 4734 3633 4788 Ita
3663 4742 3721 4785 ιιι

2133 4845 2337 4889 eertum
2367 4833 2607 4916 videatur
2641 4832 2780 4886 hanc
2802 4832 2999 4886 dictam
3030 4828 3194 4883 fuisse
3222 4829 3405 4898 paucis
3434 4838 3552 4897 post
3576 4827 3717 4879 illaut
3773 4902 3780 4907 .

2133 4942 2292 4995 quam
2321 4927 2390 4980 de
2416 4925 2826 4979 Resurrectione
2851 4933 2905 4978 et
2941 4923 3007 4977 de
3040 4922 3242 4976 Lazaro
3267 4922 3506 4991 quintam
3532 4918 3720 4975 inscri-

2134 5019 2372 5088 psimus;
2422 5017 2529 5070 imo
2557 5016 2797 5070 fortassis
2823 5022 2945 5068 ante
2972 5024 3175 5068 sextam
3214 5013 3282 5066 de
3311 5008 3724 5066 Resurrectione

2133 5117 2190 5164 et
2215 5108 2281 5163 de
2309 5109 2526 5163 Lazaro.
2575 5108 2720 5161 llane
2745 5122 2864 5160 cum
2896 5106 2998 5160 illis
3027 5105 3093 5160 de
3122 5106 3323 5160 Lazaro
3351 5118 3404 5159 et
3430 5104 3551 5157 aliis
3574 5102 3719 5172 ejus-

2134 5200 2257 5255 dem
2284 5198 2561 5267 temporis,
2614 5214 2733 5268 qua:
2778 5198 3022 5251 undecim
3052 5212 3276 5251 numero
3320 5208 3463 5261 sunt,
3515 5194 3724 5249 confert

2135 5292 2503 5347 Ttllemontius
2531 5291 2583 5344 in
2610 5291 2733 5344 anni
2762 5290 2868 5345 586
2892 5289 3099 5343 initium
3135 5307 3149 5342 :
3192 5299 3374 5342 contra
3402 5302 3560 5356 quam
3589 5296 3725 5341 tem-

2136 5388 2281 5452 poris
2309 5393 2488 5436 notam
2527 5396 2631 5434 non
2660 5396 2828 5450 pauca
2871 5380 3121 5441 diximus,
3176 5379 3316 5433 aliud
3345 5389 3522 5432 autem
3568 5391 3725 5445 argu-

2135 5485 2375 5531 mentum
2407 5474 2671 5545 prioribus
2694 5473 2992 5541 adjicimus.
3036 5471 3252 5526 Certum
3292 5481 3374 5525 est
3407 5469 3726 5539 Chrysoeto—

2137 5585 2281 5623 mum
2303 5583 2444 5623 anno
2463 5567 2678 5621 ineunte
2702 5565 2807 5620 587
2836 5581 2940 5619 non
2966 5579 3161 5634 paucos
3177 5562 3424 5617 habuisse
3446 5574 3725 5616 δρτιιιοιηξδ

2137 5662 2205 5717 de
2227 5661 2604 5716 consubstantia
2631 5670 2686 5713 et
2713 5669 2898 5713 contra
2927 5659 3248 5722 Anommos;
3278 5670 3379 5711 nec
3404 5654 3578 5709 minus
3605 5668 3727 5708 cer~

2138 5767 2250 5811 tum
2290 5756 2464 5811 solere
2499 5752 2940 5826 Cltrysostomum
2972 5751 3363 5822 praueritarum
3408 5748 3724 5803 concinnum

2139 5849 2468 5918 meminisse,
2511 5848 2663 5922 cujus
2702 5848 2780 5903 rei
2815 5846 3060 5917 exempla
3102 5845 3299 5917 passim
3348 5842 3572 5899 vidimus
3607 5859 3621 5897 :
3655 5857 3725 5897 an
