4122 6386
376 311 517 373 149·

371 442 503 485 vero
541 430 849 504 contingere
887 435 1072 504 potuit,
1121 445 1178 490 ut
1218 437 1426 506 vigente
1471 439 1556 492 illa
1587 450 1770 493 contra
1806 441 1953 492 Ano-

375 537 546 578 minos
570 523 974 594 disceptatione,
1007 527 1060 580 in
1092 527 1234 582 nulla
1275 528 1526 584 harumce
1559 545 1749 586 novem
1788 530 1958 584 homi-

373 613 584 679 liarum,
616 633 734 686 qua:
766 619 880 672 sine
906 619 1086 680 dubio,
1114 621 1157 674 si
1187 620 1374 674 eodem
1400 637 1539 675 anno
1562 633 1615 675 et
1649 639 1832 677 mense
1862 623 1957 679 ha-

370 703 497 761 bita:
525 704 736 772 fuerint,
776 709 915 762 inter
949 709 1206 764 Homilias
1239 723 1423 766 contra
1465 715 1754 768 Anommos
1789 716 1954 770 inter-

369 796 551 851 mixta:
569 797 800 864 fuerunt,
819 801 903 854 vel
919 801 1190 855 minimam
1209 803 1387 858 haberi
1404 804 1558 873 httjus
1579 809 1954 862 centrovcrsia:

370 887 737 942 mentionem?
771 889 880 944 Ilac
905 891 1035 945 mihi
1071 907 1210 946 neva
1241 894 1455 948 suborta
1484 895 1756 950 dubitandi
1795 913 1950 951 causa

367 979 531 1033 animi
562 980 787 1049 pendeo,
820 982 993 1038 donec
1008 985 1139 1054 quid
1165 987 1362 1041 certius
1384 998 1640 1057 emergat.

440 1071 728 1140 Septimum
751 1074 818 1129 de
859 1075 1066 1130 Lazaro
1105 1079 1348 1147 ponimus
1396 1079 1662 1133 homiliam
1707 1097 1823 1150 qurc
1865 1082 1948 1135 in-

292 1181 298 1186 ·
367 1162 654 1228 scribitur,
696 1165 944 1219 Adversus
970 1183 1072 1232 eos,
1122 1170 1208 1236 qui
1259 1169 1325 1221 ad
1373 1170 1614 1223 circenses
1643 1172 1788 1224 ludos
1830 1191 1946 1241 per-

367 1262 512 1321 gunt,
542 1263 588 1307 et
621 1255 672 1308 in
700 1256 842 1309 illum
884 1255 1146 1328 Evangelii
1173 1260 1334 1313 locum
1355 1277 1373 1313 :
1405 1261 1598 1317 Intrate
1642 1275 1738 1329 per
1778 1280 1947 1333 angu-

365 1352 501 1396 stam
527 1353 758 1413 portam,
793 1347 912 1415 quia
939 1348 1043 1402 lata
1074 1359 1222 1417 porta
1252 1361 1305 1404 et
1326 1352 1554 1420 spatiosa
1583 1354 1664 1406 via
1695 1364 1789 1420 est,
1827 1372 1944 1423 quae

366 1434 511 1489 ducit
538 1436 603 1490 ad
631 1437 1005 1505 perditionem,
1045 1449 1099 1494 et
1138 1443 1288 1496 multi
1321 1454 1444 1498 sunt
1471 1445 1562 1514 qui
1612 1445 1809 1500 intrant
1853 1463 1945 1514 per

366 1541 482 1579 eam
528 1545 542 1580 :
591 1537 637 1580 et
682 1545 854 1582 versus
897 1531 1048 1598 ﬁnem
1075 1573 1090 1596 ,
1133 1534 1186 1586 in
1229 1533 1445 1588 Divitem
1491 1545 1540 1589 et
1580 1538 1632 1589 in
1667 1537 1939 1594 Lazarum.

364 1618 511 1674 Ilanc
541 1636 666 1675 vero
695 1624 1002 1678 concionem
1035 1626 1086 1679 in
1117 1629 1254 1681 serie
1291 1629 1625 1683 homiliarum
1650 1632 1716 1684 de
1744 1631 1942 1685 Lazaro

364 1725 484 1763 esse
525 1713 821 1780 ponendam
865 1715 1023 1770 docet
1073 1718 1184 1786 ipse
1222 1719 1634 1790 Chrysostomus
1673 1739 1821 1776 num.
1863 1724 1936 1775 5:

365 1798 536 1854 Unum
589 1804 742 1873 igitur
769 1822 830 1858 ea:
864 1808 926 1860 iis
943 1850 960 1872 ,
989 1809 1073 1872 qui
1120 1826 1208 1878 per
1226 1821 1495 1880 angustam
1520 1822 1565 1865 et
1592 1823 1785 1867 arctam
1809 1817 1940 1868 viam

363 1891 685 1958 incesserunt,
713 1895 848 1950 vobis
870 1897 921 1950 in
942 1899 1161 1952 medium
1201 1905 1506 1971 proferentes
1525 1945 1539 1966 ,
1571 1921 1741 1957 eorum
1775 1922 1888 1973 qua:
1909 1924 1940 1959 a

363 1979 582 2036 Domino
611 1984 742 2039 dicta
768 1997 881 2040 sunt
909 1991 1164 2044 veritatem
1189 1993 1523 2058 ostendamus,
1557 2003 1602 2048 et
1627 1996 1800 2049 eadem
1821 2013 1936 2051 rur-

363 2088 448 2125 sus
477 2072 682 2128 Domini
727 2079 968 2146 parabola
995 2091 1214 2134 utamur.
1256 2083 1324 2136 Et
1368 2086 1548 2152 paucis
1579 2086 1902 2157 interpositis
1923 2131 1935 2153 ,

362 2177 456 2217 eos
483 2165 665 2218 eadem
699 2169 947 2235 parabola
971 2170 1082 2240 jam
1119 2172 1351 2228 imbutos
1386 2174 1684 2244 declarans,
1716 2179 1792 2232 sic
1813 2196 1936 2248 per-

362 2253 471 2322 git:
513 2254 585 2308 Ac
611 2258 713 2310 scio
750 2260 978 2328 equidem
1021 2276 1128 2330 vos,
1182 2263 1406 2319 homines
1451 2269 1780 2336 perspicaces,
1825 2272 1938 2339 jam

359 2345 496 2412 quod
547 2347 772 2405 dicturus
814 2367 927 2405 sum
977 2355 1293 2426 intelligere;
1345 2359 1670 2412 nihilominus
1722 2371 1939 2414 tamenn

361 2438 503 2492 nobis
546 2440 648 2494 dici
673 2458 866 2497 necesse
883 2455 974 2498 est.
1005 2447 1070 2500 Et
1110 2456 1290 2516 postea
1339 2448 1405 2503 de
1439 2450 1598 2503 divite
1646 2461 1699 2505 et
1739 2451 1937 2505 Lazaro

360 2529 602 2598 pluribus
644 2534 771 2603 agit.
831 2531 1050 2590 Demum
1103 2555 1252 2592 num.
1307 2541 1374 2605 5,
1431 2552 1707 2610 postquam
1755 2544 1936 2598 Lazari

361 2631 587 2677 mortem
615 2639 736 2678 cum
763 2625 938 2682 divitis
968 2628 1113 2683 obitu
1143 2631 1440 2686 contulerat
1466 2652 1477 2686 :
1506 2633 1754 2689 Lubenter
1783 2637 1934 2704 enim,

359 2715 466 2781 ait,
511 2715 641 2770 hanc
665 2734 771 2770 rem
797 2735 932 2789 stupe
972 2738 1143 2786 verso,
1177 2735 1231 2775 ut
1268 2742 1412 2779 nemo
1449 2743 1512 2779 ex
1554 2728 1675 2793 illis,
1708 2731 1792 2798 qui
1821 2746 1937 2799 ege-

359 2815 485 2860 state
510 2809 586 2862 vel
627 2810 812 2864 morbis
838 2822 886 2864 et
923 2813 1056 2881 fame
1085 2827 1394 2882 premuntur,
1443 2834 1495 2870 se
1535 2830 1838 2887 contemnat,
1890 2830 1937 2872 et

362 2897 582 2966 seipsum
622 2900 857 2954 miserum
900 2904 1201 2969 arbitretur,
1245 2907 1333 2959 sed
1375 2909 1651 2977 patienter,
1704 2921 1806 2964 etc.
1859 2911 1936 2964 Ex

358 2989 550 3058 quibus
578 2992 916 3060 perspicuum
947 3005 1029 3048 est
1057 2997 1191 3049 hanc
1213 2999 1367 3066 paulo
1397 3008 1515 3067 post
1544 2999 1791 3054 homilias
1819 3001 1937 3055 illas

358 3091 587 3148 quatuor
611 3081 677 3136 de
700 3082 901 3137 Lazaro
931 3090 1321 3154 pronuntiatam
1360 3088 1548 3144 fuisse.
1582 3091 1935 3157 Quamobrem

360 3171 411 3224 in
440 3173 704 3229 nonnullis
734 3175 1020 3232 Codicibus
1042 3178 1165 3233 Mss.
1209 3179 1346 3234 inter
1378 3180 1630 3236 llomilias
1651 3182 1716 3236 de
1737 3183 1936 3237 Lazaro

357 3266 591 3333 ponitur,
609 3278 664 3321 et
691 3268 740 3321 in
761 3268 1065 3326 Colbertino
1081 3272 1184 3326 564
1205 3281 1324 3340 post
1343 3282 1567 3342 quatuor
1593 3275 1711 3328 illas
1736 3277 1937 3343 priores

359 3356 423 3408 de
453 3354 653 3412 Lazaro
693 3358 918 3426 locatur,
951 3370 1005 3415 et
1046 3362 1351 3417 inscribitur
1380 3364 1571 3431 Quinta
1612 3367 1679 3420 de
1715 3367 1933 3434 Lazaro,

357 3457 516 3516 atque
541 3449 770 3504 IIomilia
793 3451 843 3506 in
874 3453 1021 3519 illud,
1059 3453 1197 3509 Nolo
1227 3472 1312 3510 vos
1335 3457 1568 3527 ignorare
1593 3459 1655 3511 de
1683 3460 1936 3514 dormien-

323 3531 507 3603 'tibus,
541 3541 846 3598 inscribitur
883 3544 1043 3601 Sexta
1080 3547 1147 3602 de
1187 3547 1408 3604 Lazaro.
1440 3550 1634 3606 Verum
1667 3552 1802 3606 hanc
1837 3568 1934 3622 po-

358 3642 609 3686 stremam
637 3634 705 3689 de
749 3635 910 3692 Ludis
939 3639 1268 3695 circensibus
1288 3683 1302 3706 ,
1333 3642 1417 3696 illa
1448 3642 1515 3697 de
1544 3644 1936 3698 Dormientibus

356 3725 646 3789 pneccssit,
690 3736 748 3780 ιιι
785 3727 896 3795 ipsa
927 3730 1158 3784 homilia:
1201 3732 1342 3786 illius
1383 3734 1551 3802 prima
1589 3738 1744 3788 verba
1804 3737 1936 3788 indi-

358 3826 479 3868 cant
505 3834 520 3870 :
553 3816 674 3872 Dies
694 3830 908 3888 quatuor
927 3823 979 3874 in
1001 3824 1302 3892 explicanda
1325 3825 1458 3879 vobis
1485 3824 1666 3878 Lazari
1695 3829 1937 3894 parabola

356 3909 776 3976 consumpsimus,
807 3922 908 3966 etc.
939 3913 1099 3982 Igitur
1132 3915 1426 3970 Antiochia:
1453 3919 1788 3972 continenter
1819 3928 1937 3988 post

357 3998 642 4054 conciones
665 3999 732 4056 de
766 4001 968 4057 Lazaro
1005 4005 1140 4058 hanc
1171 4005 1357 4060 habuit
1394 4007 1686 4074 bomiliam,
1712 4011 1797 4064 ubi
1825 4012 1933 4079 pri-

363 4104 504 4141 mum
536 4101 719 4145 contra
749 4093 866 4146 illos
891 4094 1027 4163 agit,
1056 4097 1141 4165 qui
1163 4097 1431 4152 circenses
1457 4099 1609 4153 ludos
1635 4100 1935 4168 frequenta-

356 4181 504 4248 bant,
537 4194 592 4237 et
623 4193 800 4251 postea
828 4186 892 4238 ad
921 4197 1228 4241 consuetam
1260 4189 1326 4242 de
1347 4189 1544 4245 Lazaro
1567 4200 1620 4244 et
1647 4190 1810 4246 divite
1839 4207 1933 4262 pa-

357 4275 590 4327 rabolam
627 4275 878 4330 deﬂectit.

426 4364 693 4420 Hactenus
719 4377 926 4438 tempus
941 4385 1044 4438 quo
1062 4371 1346 4426 conciones
1372 4371 1607 4442 singulas
1638 4373 1933 4428 Antiochia

355 4455 540 4511 habuit
599 4456 1012 4532 Cltrysostomus
1064 4462 1483 4532 assignavimus,
1537 4463 1692 4518 modo
1735 4467 1926 4530 certis,

355 4548 514 4602 modo
543 4549 716 4604 dubiis
761 4552 991 4607 indiciis.
1030 4555 1259 4608 Caeteras
1299 4570 1426 4609 vero
1471 4570 1602 4624 quas
1635 4556 1929 4622 edidimus,

355 4653 591 4708 quasque
624 4641 942 4718 Antiochiae,
993 4644 1107 4698 sine
1161 4645 1263 4698 ulla
1314 4644 1572 4713 probabili
1616 4647 1740 4700 anni
1770 4658 1928 4712 nota,

357 4730 604 4785 habuisse
640 4742 917 4802 putamus,
966 4735 1049 4790 hic
1091 4737 1423 4791 continenter
1464 4751 1812 4806 apponemus,
1841 4739 1933 4792 illo

354 4822 543 4876 ordine
560 4839 665 4892 quo
691 4825 742 4878 in
772 4827 868 4879 hac
889 4825 1118 4882 editione
1146 4827 1401 4883 feruntur.

430 4911 669 4968 llomiliw
711 4917 760 4968 in
803 4915 1150 4972 Pentecosten.
1189 4949 1258 4957 —-
1285 4919 1567 4974 llomiliam
1615 4925 1837 4990 primam
1878 4924 1929 4977 in

358 5003 710 5060 Pentecosten
747 5023 812 5062 ne
847 5008 1150 5078 conjectura
1181 5010 1393 5079 quidem
1433 5011 1611 5066 dicere
1653 5028 1933 5080 possumus

356 5113 462 5166 qtto
488 5114 628 5152 anno
657 5098 832 5153 habita
861 5099 1038 5166 fuerit,
1068 5111 1126 5154 ut
1153 5103 1203 5154 in
1230 5101 1428 5156 Mouito
1449 5101 1515 5156 ad
1546 5104 1786 5158 eamdem
1821 5121 1933 5174 pro-

359 5187 600 5244 bavimus
628 5189 713 5259 (T.
742 5191 794 5244 ξ)...
834 5208 880 5243 c.
913 5192 1064 5262 lsi).
1091 5193 1146 5246 In
1173 5209 1233 5247 ea
1260 5208 1386 5247 vero
1417 5209 1524 5248 non
1547 5210 1759 5264 parvam
1781 5197 1932 5252 nobis

357 5279 721 5335 difficultatem
751 5281 906 5336 affert
929 5283 980 5336 in
1008 5285 1381 5338 enumerandis
1417 5288 1706 5354 majoribus
1737 5289 1936 5343 festivi—

360 5374 575 5440 tatibus,
603 5391 734 5446 quas
760 5377 861 5431 sub
910 5378 1114 5432 initium
1149 5379 1330 5448 prima:
1361 5381 1412 5432 itt
1452 5381 1800 5436 Pentecosten
1839 5385 1934 5436 ho-

359 5465 517 5519 milia:
543 5468 622 5520 sic
666 5478 1068 5546 commemorat.
1112 5469 1341 5524 Primam
1388 5471 1515 5525 dicit
1563 5472 1928 5542 Epiphaniam,

357 5559 641 5614 secundam
663 5561 883 5624 Pascha,
910 5563 1113 5616 tertiam
1130 5563 1499 5619 Pentecosten.
1524 5566 1787 5634 Qttzeritur
1806 5585 1934 5624 vero

359 5667 455 5708 cur
477 5654 714 5709 Natalem
750 5655 944 5709 Christi
967 5655 1107 5711 diem
1138 5658 1392 5723 omiserit,
1417 5675 1573 5728 quem
1605 5661 1717 5730 ipse
1741 5661 1812 5716 25
1839 5663 1930 5717 De-

362 5746 592 5802 cetnbtis
631 5747 888 5801 celebrari
932 5747 1041 5818 jam
1092 5748 1243 5815 dixit,
1296 5759 1349 5802 et
1389 5749 1440 5804 in
1488 5767 1616 5821 quo,
1664 5760 1721 5808 ut
1768 5770 1925 5828 supra

708 5856 968 5915 I’ATnOL.
1015 5855 1130 5914 Gn.
1181 5853 1428 5915 XLVII.

1561 323 1739 381 NUNC
1785 326 2038 381 PRIMUM
2082 328 2468 384 ADORNATA.

3545 328 3644 385 I50

2069 441 2317 502 diximus.
2361 443 2670 496 concionem
2719 442 2918 494 habuit.
2962 441 3071 494 Dici
3107 440 3240 495 forte
3286 440 3470 509 possit,
3515 443 3642 512 quis

2066 537 2254 589 festum
2283 535 2482 589 Natalis
2505 533 2702 588 Christi
2733 549 2760 586 a
2788 533 3121 604 paucissimis
3147 532 3301 586 annis
3337 532 3642 588 Antiochia:

2061 627 2428 682 celebrabatur
2455 627 2541 680 die
2565 627 2634 681 25
2663 626 2998 691 Decembris,
3030 640 3154 681 cum
3193 634 3346 679 antea
3382 640 3483 680 una
3516 625 3642 694 Epi-
3673 618 3687 629 ’

2062 717 2270 785 phanire
2318 719 2657 783 solemnitas,
2710 717 2797 773 die
2856 727 3004 772 sexta
3075 716 3310 772 Januarii
3361 724 3417 771 et
3466 715 3638 770 Natali

2059 810 2288 874 Christi,
2319 819 2374 864 et
2397 811 2665 879 Magorum
2721 809 3039 874 adorationi,
3068 818 3123 864 et
3145 807 3341 861 Christi
3373 807 3638 876 baptismo

2056 901 2304 969 deputata
2330 911 2494 966 esset,
2546 902 2631 954 hic
2660 899 2949 957 secundum
2993 909 3226 954 veterem
3270 899 3635 952 solemnitates

2056 994 2366 1046 numerandi
2389 993 2823 1046 consuetudinem
2845 991 3267 1061 aChrysostomo
3285 989 3634 1058 Epiphaniam

2055 1084 2360 1149 memorari,
2389 1084 2635 1151 diemque
2660 1083 2899 1137 Natalem
2933 1083 3116 1136 taceri.
3148 1081 3244 1136 llic
3271 1080 3519 1134 nimirum
3545 1094 3632 1134 re.-

2053 1189 2236 1245 crptus
2265 1178 2331 1232 ab
2363 1193 2477 1231 :evo
2518 1177 2833 1231 recensendi
2874 1190 2991 1230 mos
3041 1175 3204 1229 fuisse
3246 1173 3454 1228 videtur
3489 1171 3629 1242 apud

2053 1270 2411 1324 Antiochenos
2437 1313 2450 1334 ,
2479 1279 2538 1322 ut
2583 1279 2691 1323 tres
2736 1268 3052 1338 insigniores
3095 1266 3457 1320 solemnitates
3480 1264 3630 1318 dice-

2050 1371 2186 1425 rent,
2215 1361 2564 1431 Epiphaniam
2587 1404 2601 1427 ,
2634 1361 2834 1415 Pascha
2863 1370 2919 1414 et
2965 1361 3316 1413 Pentecosten
3343 1375 3357 1411 :
3383 1355 3624 1410 Natalem

2049 1467 2176 1507 vero
2221 1453 2426 1506 Domini
2471 1453 2633 1515 diem,
2666 1453 2786 1522 quia
2818 1467 2988 1522 nuper
3029 1450 3278 1504 inductus
3325 1448 3517 1510 fuerat,
3568 1457 3627 1500 ut

2042 1545 2150 1614 jam
2182 1545 2430 1607 vidimus,
2465 1547 2513 1598 iu
2549 1547 2646 1599 hoc
2675 1562 2897 1600 numero
2920 1544 3154 1600 nondum
3189 1549 3467 1612 ponerent,
3499 1541 3620 1612 quia

2049 1647 2202 1692 antea
2227 1654 2346 1692 cum
2379 1639 2671 1707 Epiphania
2699 1638 3090 1692 celebrabatur.

2118 1728 2361 1782 Secunda
2393 1730 2551 1782 etiam
2596 1729 2663 1784 de
2689 1729 3006 1783 Pentecoste
3035 1727 3246 1780 homilia
3282 1725 3476 1778 nullam
3511 1739 3621 1794 prta

2047 1833 2103 1874 se
2149 1818 2248 1872 fert
2290 1821 2544 1888 temporis
2590 1829 2790 1872 notam.
2836 1819 2890 1872 ln
2933 1819 3033 1871 hac
3077 1832 3237 1888 porro
3269 1817 3617 1872 Pentecosten

2047 1923 2203 1968 vocat
2229 1914 2642 1984 Chrysostomus
2671 1913 2986 1983 metropolim
3014 1916 3286 1982 festorum,
3325 1909 3448 1979 quia
3474 1908 3621 1963 vide-

2044 2004 2189 2070 licet,
2221 2014 2278 2059 ut
2316 2005 2508 2059 ibidem
2540 2004 2738 2074 adjicit,
2771 2003 2998 2058 fructum
3047 2003 3130 2057 illa
3163 2001 3451 2056 Dominicae
3493 2014 3617 2069 proe

2043 2098 2311 2151 missionis
2336 2097 2508 2154 alfcrt.
2551 2097 2662 2150 Non
2690 2111 2858 2164 pauca
2898 2105 3078 2149 contra
3107 2089 3618 2147 Pneumatomaehos

2043 2190 2277 2255 disserit,
2297 2191 2384 2259 qui
2414 2189 2640 2257 Spiritus
2664 2186 2830 2240 sancti
2856 2189 3186 2252 majestatcm
3212 2181 3615 2237 acdivinitatcm

2044 2282 2368 2351 impetebant
2391 2299 2402 2330 :
2427 2295 2490 2333 ac
2517 2291 2795 2349 postquam
2821 2279 2888 2332 de
2919 2277 3174 2330 fructibus
3197 2275 3426 2344 Spiritus
3446 2273 3612 2326 sancti

2044 2374 2206 2426 multa
2240 2372 2475 2441 protulit.
2509 2374 2664 2423 tinent
2695 2369 2903 2423 dicendi
2927 2368 3072 2421 facit.

2115 2464 2389 2519 Conciones
2436 2465 2570 2516 alim.
2615 2493 2684 2502 ——
2723 2462 3015 2515 Antiochiae
3070 2462 3194 2515 item
3239 2461 3440 2514 incerto
3475 2473 3615 2512 anno

2043 2559 2352 2611 concionem
2380 2556 2562 2611 habuit
2591 2556 2656 2609 de
2683 2555 2740 2608 S.
2787 2554 2998 2624 Pelagia
3029 2562 3260 2623 martyre
3283 2549 3611 2605 Antiochena

2044 2647 2129 2720 (T.
2157 2647 2212 2701 2.
2244 2669 2289 2702 (τ.
2321 2646 2490 2716 579),
2520 2662 2638 2715 quae
2683 2659 2806 2699 cum
2853 2642 3168 2698 Christiana:
3213 2640 3334 2695 ﬁdei
3382 2654 3538 2695 causa
3581 2653 3611 2692 a

2044 2741 2299 2794 militibus
2321 2738 2630 2795 abducenda
2655 2745 2827 2802 esset,
2859 2752 2927 2792 ne
2957 2735 3241 2807 virginitati
3281 2749 3390 2788 suae
3420 2733 3499 2787 vis
3528 2734 3610 2785 in-

2042 2832 2304 2898 ferretur,
2350 2849 2468 2889 sese
2530 2833 2852 2903 praecipitem
2914 2829 3092 2893 dedit,
3147 2837 3201 2883 et
3261 2827 3338 2880 sic
3384 2836 3608 2880 mortem

2041 2922 2141 2975 sibi
2179 2923 2451 2978 conscivit.
2485 2932 2557 2985 De,
2595 2942 2694 2981 uua
2740 2934 2920 2976 sancta
2950 2919 3152 2990 virgine
3190 2917 3354 2971 multa
3403 2929 3609 2970 memo-

2041 3021 2223 3067 rantur
2237 3011 2289 3065 in
2304 3010 2508 3066 Monito
2524 3009 2742 3077 ibidem,
2759 3025 2995 3079 quaenon
3005 3019 3134 3065 sunt
3161 3006 3441 3077 praesentis
3463 3005 3612 3058 insti-

2043 3103 2158 3156 tttti.

2114 3195 2166 3246 In
2194 3202 2430 3247 sanctum
2461 3207 2672 3262 quoque
2709 3191 2965 3260 lgnatium
3003 3187 3280 3258 Deiferum,
3317 3183 3613 3240 Antiochim

2040 3286 2344 3354 episcopum
2388 3292 2441 3338 et
2473 3292 2780 3351 martyrem,
2808 3281 3118 3334 concionem
3166 3277 3352 3332 habuit
3384 3276 3614 3345 Chryso-

2041 3386 2266 3441 stomus,
2289 3373 2471 3444 paucis
2493 3382 2611 3442 post
2635 3373 2945 3425 concionem
2973 3370 3022 3423 in
3045 3371 3102 3423 S.
3130 3368 3396 3437 Pelagiam
3425 3366 3613 3420 diebus

2041 3467 2126 3538 (T.
2157 3466 2208 3520 2.
2243 3479 2292 3514 ε.
2322 3464 2458 3536 587)
2493 3483 2505 3518 :
2536 3465 2602 3519 de
2617 3479 2756 3518 anno
2778 3473 2951 3516 autem
2978 3477 3045 3516 ne
3069 3460 3376 3529 conjectura
3398 3455 3611 3526 quidem

2040 3567 2273 3620 statuere
2298 3556 2564 3627 quidpiam
2594 3568 2897 3625 possumus.
2925 3552 3139 3606 Festum
3173 3550 3230 3604 S.
3264 3547 3447 3618 Ignatii
3471 3547 3613 3601 cele-

2039 3649 2224 3702 bratur
2249 3646 2388 3716 apud
2403 3661 2499 3700 nos
2525 3646 2694 3715 prima
2714 3642 3008 3705 Februarii,
3029 3639 3168 3710 apud
3190 3639 3407 3694 Graecos
3430 3644 3610 3690 autem

2039 3739 2288 3810 vigesima
2315 3739 2401 3792 die
2428 3735 2767 3800 Decembris;
2799 3734 2920 3802 quia
2946 3747 3074 3786 vero
3097 3732 3148 3785 in
3178 3730 3302 3784 Mss.
3335 3728 3492 3782 etiam
3520 3741 3614 3780 an-

2041 3829 2354 3899 liquissimis
2376 3835 2592 3881 notatur
2616 3841 2676 3880 ca
2711 3825 2821 3892 ipsa
2848 3823 2963 3878 dies
3001 3821 3255 3890 vigesima
3284 3817 3610 3878 Decembris,

2039 3920 2327 3975 verisimile
2373 3918 2582 3972 videtur
2611 3917 2699 3970 illa
2732 3915 2822 3969 die
2857 3914 3091 3968 habitam
3139 3910 3304 3965 fuisse
3330 3909 3467 3963 hanc
3493 3921 3617 3962 con-

2038 4015 2266 4074 cionem,
2295 4025 2399 4064 non
2427 4019 2603 4062 autem
2635 4007 2696 4060 l7
2727 4003 3031 4059 Decembris
3057 4044 3070 4067 ,
3098 4015 3198 4070 qua
3226 3999 3309 4054 die
3341 3995 3615 4052 translatio

2038 4103 2153 4170 ejus
2177 4101 2473 4155 celebratur
2511 4099 2564 4151 itt
2593 4095 2831 4151 Ecclesia
2878 4094 3140 4168 Romana,
3189 4099 3245 4144 ut
3280 4096 3426 4144 recte
3465 4093 3616 4140 uetat

2039 4193 2237 4246 Fronto
2278 4192 2516 4254 Dueazus,
2564 4190 2650 4257 qui
2683 4200 2791 4242 tres
2826 4186 2940 4254 ejus
2975 4182 3344 4238 translationes
3381 4193 3616 4234 commeo

2039 4297 2244 4344 morat;
2276 4284 2501 4352 primam
2540 4281 2706 4334 llotna
2749 4277 3105 4340 Antiochiam,
3141 4283 3198 4326 ut
3237 4271 3491 4341 putabant
3534 4269 3616 4321 di-

2038 4379 2222 4446 scipuli
2277 4378 2427 4446 ejus,
2477 4375 2565 4444 qui
2609 4376 2737 4427 Acta
2777 4371 3118 4439 scripserant,
3167 4366 3379 4435 quando
3422 4378 3615 4431 nempe

2036 4470 2271 4539 rcliquia:
2319 4469 2434 4536 ejus
2475 4465 2745 4520 translata:
2783 4472 2907 4514 sunt.
2935 4478 2946 4512 :
2977 4474 3098 4512 nam
3137 4458 3517 4527 Chrysostomo
3561 4454 3615 4506 in

2039 4562 2138 4616 hac
2167 4560 2380 4614 homilia
2411 4573 2474 4610 ac
2498 4556 2817 4625 Hieronymo
2845 4551 3096 4615 testibus,
3128 4564 3247 4603 ossa
3279 4549 3394 4616 ejus
3430 4547 3591 4600 Antio

2038 4654 2170 4709 chia:
2209 4650 2590 4722 quiescebant,
2617 4656 2670 4701 et
2695 4645 2908 4715 quidem
2935 4652 3083 4697 extra
3113 4653 3317 4710 portam
3351 4638 3618 4708 Daphmti-

2044 4759 2162 4796 eam
2202 4743 2254 4795 in
2294 4735 2602 4795 coemeterio
2625 4774 2638 4798 ,
2676 4731 2853 4800 inquit
2894 4735 3247 4803 Hieronymus
3284 4733 3336 4785 in
3367 4732 3507 4784 libro
3546 4730 3615 4783 de

2039 4833 2398 4904 Scriptoribus
2445 4828 2849 4886 Ecclesiasticis.
2897 4824 3141 4880 Secunda
3196 4821 3470 4876 translatio
3515 4822 3616 4874 im-

2041 4936 2257 4994 pcranlc
2273 4921 2573 4976 Theodosio
2595 4919 2635 4972 II
2651 4917 2786 4972 facta
2799 4925 2898 4982 ρει,
2917 4931 3036 4970 eum
3051 4914 3321 4982 cjusjussu
3341 4929 3406 4967 ex
3424 4926 3615 4967 cmme-

2039 5018 2172 5071 terio
2200 5017 2250 5068 iu
2278 5013 2528 5082 templum
2551 5011 2799 5065 Fortuna:
2820 5008 2932 5077 ejus
2962 5023 3080 5059 ossa
3105 5005 3356 5058 translata
3381 5012 3526 5067 sunt,
3561 5013 3618 5058 et

2041 5108 2294 5178 templum
2321 5107 2444 5160 olim
2469 5104 2800 5159 daemonibus
2821 5102 3072 5164 dientutn,
3097 5099 3318 5170 martyri
3341 5112 3617 5152 consecra-

2042 5212 2150 5255 tum
2180 5211 2279 5264 e~t,
2314 5198 2483 5266 inquit
2512 5196 2787 5264 Evagrius.
2820 5193 3051 5248 Tertiam
3086 5189 3480 5244 translationem
3513 5189 3614 5240 An-

2041 5292 2231 5346 tiochia
2281 5290 2504 5342 Romam
2551 5294 2811 5341 memorat
2834 5282 3263 5355 Martyrologium
3291 5280 3607 5340 Romanum,

2040 5401 2160 5439 cum
2202 5384 2252 5436 in
2279 5381 2502 5436 ecclesia
2531 5379 2588 5432 S.
2625 5378 2914 5433 Clementis
2944 5374 3215 5430 recondita
3251 5382 3392 5427 sunt.
3422 5371 3477 5425 In
3513 5371 3616 5424 hac

2039 5489 2166 5529 vero
2190 5473 2445 5527 concione
2481 5470 2892 5542 Chrysostomus
2927 5467 3180 5537 lgnatium
3207 5465 3280 5518 ait
3312 5464 3435 5518 feris
3463 5462 3614 5530 obje-

2040 5577 2182 5622 ctum
2214 5566 2444 5635 quinque
2467 5577 2693 5618 coronas
2720 5575 3003 5625 meruisse;
3033 5559 3160 5615 dicit
3184 5560 3399 5628 insuper
3427 5556 3618 5610 Antio-

2039 5661 2173 5716 chize
2194 5660 2420 5714 ducenta
2448 5657 2719 5712 hominum
2750 5655 2913 5710 millia
2942 5669 3080 5708 esse.

2115 5754 2356 5826 Aliquam
2386 5753 2701 5810 concionem
2745 5749 3038 5806 Antiochiae
3077 5748 3376 5804 habitarum
3421 5746 3613 5803 seriem

3212 5850 3280 5909 11
