  <div class='ocr_page' id='page_1' title='image "/cluster/home/n/w/nwhite01/storage/ocr_20150623/47/nnc1.0046978321/173.png"; bbox 0 0 4122 6386; ppageno 0'>
   <div class='ocr_carea' id='block_1_1' title="bbox 473 286 565 347">
    <p class='ocr_par' dir='ltr' id='par_1_1' title="bbox 473 286 565 347">
     <span class='ocr_line' id='line_1_1' title="bbox 473 286 565 347; baseline -0.022 0"><span class='ocrx_word' id='word_1_1' title='bbox 473 286 565 347; x_wconf 71' lang='grc' dir='ltr'>ιπι</span> 
     </span>
    </p>
   </div>
   <div class='ocr_carea' id='block_1_2' title="bbox 469 398 2055 473">
    <p class='ocr_par' dir='ltr' id='par_1_2' title="bbox 469 398 2055 473">
     <span class='ocr_line' id='line_1_2' title="bbox 469 398 2055 473; baseline -0.006 -13"><span class='ocrx_word' id='word_1_2' title='bbox 469 406 624 460; x_wconf 81' lang='lat' dir='ltr'><strong><em>nobis</em></strong></span> <span class='ocrx_word' id='word_1_3' title='bbox 659 401 854 459; x_wconf 80' lang='lat' dir='ltr'><strong><em>indicat</em></strong></span> <span class='ocrx_word' id='word_1_4' title='bbox 880 402 971 471; x_wconf 82' lang='grc' dir='ltr'><strong><em>(Τ.</em></strong></span> <span class='ocrx_word' id='word_1_5' title='bbox 1026 401 1077 457; x_wconf 85' lang='lat'><strong><em>6.</em></strong></span> <span class='ocrx_word' id='word_1_6' title='bbox 1111 418 1159 457; x_wconf 84' lang='lat' dir='ltr'><strong><em>c.</em></strong></span> <span class='ocrx_word' id='word_1_7' title='bbox 1197 398 1324 473; x_wconf 77' lang='lat'><strong><em>153)</em></strong></span> <span class='ocrx_word' id='word_1_8' title='bbox 1356 401 1469 471; x_wconf 89' lang='lat' dir='ltr'><strong><em>ipse</em></strong></span> <span class='ocrx_word' id='word_1_9' title='bbox 1502 398 1915 463; x_wconf 84' lang='lat' dir='ltr'><strong><em>Cbrvsostomus</em></strong></span> <span class='ocrx_word' id='word_1_10' title='bbox 1947 414 2055 453; x_wconf 87' lang='lat' dir='ltr'><strong><em>ser-</em></strong></span> 
     </span>
    </p>
   </div>
   <div class='ocr_carea' id='block_1_3' title="bbox 469 487 2055 565">
    <p class='ocr_par' dir='ltr' id='par_1_3' title="bbox 469 487 2055 565">
     <span class='ocr_line' id='line_1_3' title="bbox 469 487 2055 565; baseline -0.005 -14"><span class='ocrx_word' id='word_1_11' title='bbox 469 511 628 551; x_wconf 87' lang='lat' dir='ltr'><strong><em>tnonc</em></strong></span> <span class='ocrx_word' id='word_1_12' title='bbox 654 494 825 565; x_wconf 86' lang='lat' dir='ltr'><strong><em>primo</em></strong></span> <span class='ocrx_word' id='word_1_13' title='bbox 859 494 925 548; x_wconf 89' lang='lat' dir='ltr'><strong><em>de</em></strong></span> <span class='ocrx_word' id='word_1_14' title='bbox 967 492 1141 549; x_wconf 85' lang='lat' dir='ltr'><strong><em>verbis</em></strong></span> <span class='ocrx_word' id='word_1_15' title='bbox 1159 491 1427 557; x_wconf 76' lang='lat' dir='ltr'><strong><em>Jeremizn,</em></strong></span> <span class='ocrx_word' id='word_1_16' title='bbox 1456 505 1578 549; x_wconf 87' lang='lat' dir='ltr'><strong><em>cum</em></strong></span> <span class='ocrx_word' id='word_1_17' title='bbox 1609 491 1683 547; x_wconf 88' lang='lat' dir='ltr'><strong><em>ait</em></strong></span> <span class='ocrx_word' id='word_1_18' title='bbox 1709 507 1766 547; x_wconf 82' lang='grc' dir='ltr'><strong><em>ιι.</em></strong></span> <span class='ocrx_word' id='word_1_19' title='bbox 1803 492 1830 548; x_wconf 79' lang='grc'><strong>1</strong></span> <span class='ocrx_word' id='word_1_20' title='bbox 1877 504 1893 542; x_wconf 88' lang='lat'><strong>:</strong></span> <span class='ocrx_word' id='word_1_21' title='bbox 1922 487 2055 543; x_wconf 80' lang='lat' dir='ltr'><strong><em>Pro-</em></strong></span> 
     </span>
    </p>
   </div>
   <div class='ocr_carea' id='block_1_4' title="bbox 471 585 2057 661">
    <p class='ocr_par' dir='ltr' id='par_1_4' title="bbox 471 585 2057 661">
     <span class='ocr_line' id='line_1_4' title="bbox 471 585 2057 661; baseline -0.003 -19"><span class='ocrx_word' id='word_1_22' title='bbox 471 598 640 661; x_wconf 75' lang='lat' dir='ltr'><strong><em>pterea</em></strong></span> <span class='ocrx_word' id='word_1_23' title='bbox 667 589 729 642; x_wconf 82' lang='lat' dir='ltr'><strong><em>de</em></strong></span> <span class='ocrx_word' id='word_1_24' title='bbox 754 586 905 642; x_wconf 85' lang='lat' dir='ltr'><strong><em>Petro</em></strong></span> <span class='ocrx_word' id='word_1_25' title='bbox 930 597 975 640; x_wconf 78' lang='lat' dir='ltr'><strong><em>et</em></strong></span> <span class='ocrx_word' id='word_1_26' title='bbox 1005 585 1173 641; x_wconf 83' lang='lat' dir='ltr'><strong><em>Paulo</em></strong></span> <span class='ocrx_word' id='word_1_27' title='bbox 1216 602 1378 656; x_wconf 83' lang='lat' dir='ltr'><strong><em>nuper</em></strong></span> <span class='ocrx_word' id='word_1_28' title='bbox 1421 585 1861 641; x_wconf 79' lang='lat' dir='ltr'><strong><em>disseruissemus.</em></strong></span> <span class='ocrx_word' id='word_1_29' title='bbox 1906 595 1952 636; x_wconf 85' lang='lat' dir='ltr'><strong><em>et</em></strong></span> <span class='ocrx_word' id='word_1_30' title='bbox 1994 587 2057 637; x_wconf 80' lang='lat' dir='ltr'><strong><em>de</em></strong></span> 
     </span>
    </p>
   </div>
   <div class='ocr_carea' id='block_1_5' title="bbox 472 678 2059 751">
    <p class='ocr_par' dir='ltr' id='par_1_5' title="bbox 472 678 2059 751">
     <span class='ocr_line' id='line_1_5' title="bbox 472 678 2059 751; baseline -0.003 -16"><span class='ocrx_word' id='word_1_31' title='bbox 472 691 648 736; x_wconf 72' lang='lat' dir='ltr'><strong><em>exorta</em></strong></span> <span class='ocrx_word' id='word_1_32' title='bbox 683 682 817 735; x_wconf 81' lang='lat' dir='ltr'><strong><em>inter</em></strong></span> <span class='ocrx_word' id='word_1_33' title='bbox 854 680 990 751; x_wconf 87' lang='lat' dir='ltr'><strong><em>ipsos</em></strong></span> <span class='ocrx_word' id='word_1_34' title='bbox 1020 678 1305 734; x_wconf 74' lang='lat' dir='ltr'><strong><em>Antiochia:</em></strong></span> <span class='ocrx_word' id='word_1_35' title='bbox 1337 687 1707 741; x_wconf 73' lang='lat' dir='ltr'><strong><em>controversia,</em></strong></span> <span class='ocrx_word' id='word_1_36' title='bbox 1738 692 2059 749; x_wconf 83' lang='lat' dir='ltr'><strong><em>pugnamque</em></strong></span> 
     </span>
    </p>
   </div>
   <div class='ocr_carea' id='block_1_6' title="bbox 468 770 2058 843">
    <p class='ocr_par' dir='ltr' id='par_1_6' title="bbox 468 770 2058 843">
     <span class='ocr_line' id='line_1_6' title="bbox 468 770 2058 843; baseline -0.003 -14"><span class='ocrx_word' id='word_1_37' title='bbox 468 773 634 839; x_wconf 86' lang='lat' dir='ltr'><strong><em>illam,</em></strong></span> <span class='ocrx_word' id='word_1_38' title='bbox 657 788 771 843; x_wconf 71' lang='lat' dir='ltr'><strong><em>qum</em></strong></span> <span class='ocrx_word' id='word_1_39' title='bbox 794 773 922 827; x_wconf 83' lang='lat' dir='ltr'><strong><em>inter</em></strong></span> <span class='ocrx_word' id='word_1_40' title='bbox 936 788 1019 827; x_wconf 90' lang='lat' dir='ltr'><strong><em>eos</em></strong></span> <span class='ocrx_word' id='word_1_41' title='bbox 1036 789 1141 825; x_wconf 85' lang='lat' dir='ltr'><strong><em>esse</em></strong></span> <span class='ocrx_word' id='word_1_42' title='bbox 1160 772 1440 838; x_wconf 72' lang='lat' dir='ltr'><strong><em>videbatur,</em></strong></span> <span class='ocrx_word' id='word_1_43' title='bbox 1465 788 1588 843; x_wconf 85' lang='lat' dir='ltr'><strong><em>pace</em></strong></span> <span class='ocrx_word' id='word_1_44' title='bbox 1610 771 1783 842; x_wconf 82' lang='lat' dir='ltr'><strong><em>quavis</em></strong></span> <span class='ocrx_word' id='word_1_45' title='bbox 1805 770 2058 824; x_wconf 87' lang='lat' dir='ltr'><strong><em>utiliorem</em></strong></span> 
     </span>
    </p>
   </div>
   <div class='ocr_carea' id='block_1_7' title="bbox 469 864 2058 937">
    <p class='ocr_par' dir='ltr' id='par_1_7' title="bbox 469 864 2058 937">
     <span class='ocr_line' id='line_1_7' title="bbox 469 864 2058 937; baseline -0.002 -17"><span class='ocrx_word' id='word_1_46' title='bbox 469 864 607 920; x_wconf 65' lang='lat' dir='ltr'><strong><em>vobis</em></strong></span> <span class='ocrx_word' id='word_1_47' title='bbox 629 864 1038 928; x_wconf 83' lang='lat' dir='ltr'><strong><em>ostendissemus,</em></strong></span> <span class='ocrx_word' id='word_1_48' title='bbox 1073 881 1282 937; x_wconf 83' lang='lat' dir='ltr'><strong><em>cumque</em></strong></span> <span class='ocrx_word' id='word_1_49' title='bbox 1308 865 1378 919; x_wconf 88' lang='lat' dir='ltr'><strong><em>ad</em></strong></span> <span class='ocrx_word' id='word_1_50' title='bbox 1402 875 1709 935; x_wconf 75' lang='lat' dir='ltr'><strong><em>prteruptam</em></strong></span> <span class='ocrx_word' id='word_1_51' title='bbox 1741 873 1790 919; x_wconf 88' lang='lat' dir='ltr'><strong><em>et</em></strong></span> <span class='ocrx_word' id='word_1_52' title='bbox 1822 880 2058 935; x_wconf 87' lang='lat' dir='ltr'><strong><em>asperam</em></strong></span> 
     </span>
    </p>
   </div>
   <div class='ocr_carea' id='block_1_8' title="bbox 473 950 2060 1026">
    <p class='ocr_par' dir='ltr' id='par_1_8' title="bbox 473 950 2060 1026">
     <span class='ocr_line' id='line_1_8' title="bbox 473 950 2060 1026; baseline -0.001 -17"><span class='ocrx_word' id='word_1_53' title='bbox 473 971 559 1010; x_wconf 68' lang='lat' dir='ltr'><strong><em>vos</em></strong></span> <span class='ocrx_word' id='word_1_54' title='bbox 584 955 728 1009; x_wconf 86' lang='lat' dir='ltr'><strong><em>illam</em></strong></span> <span class='ocrx_word' id='word_1_55' title='bbox 753 955 886 1010; x_wconf 81' lang='lat' dir='ltr'><strong><em>uiam</em></strong></span> <span class='ocrx_word' id='word_1_56' title='bbox 911 950 1317 1021; x_wconf 75' lang='lat' dir='ltr'><strong><em>deduxissemus,</em></strong></span> <span class='ocrx_word' id='word_1_57' title='bbox 1344 956 1413 1008; x_wconf 81' lang='lat' dir='ltr'><strong><em>ad</em></strong></span> <span class='ocrx_word' id='word_1_58' title='bbox 1434 954 1577 1008; x_wconf 85' lang='lat' dir='ltr'><strong><em>aliud</em></strong></span> <span class='ocrx_word' id='word_1_59' title='bbox 1600 963 1953 1026; x_wconf 74' lang='lat' dir='ltr'><strong><em>argumentum</em></strong></span> <span class='ocrx_word' id='word_1_60' title='bbox 1971 968 2060 1007; x_wconf 80' lang='lat' dir='ltr'><strong><em>vos</em></strong></span> 
     </span>
    </p>
   </div>
   <div class='ocr_carea' id='block_1_9' title="bbox 472 1045 2062 1115">
    <p class='ocr_par' dir='ltr' id='par_1_9' title="bbox 472 1045 2062 1115">
     <span class='ocr_line' id='line_1_9' title="bbox 472 1045 2062 1115; baseline -0.003 -14"><span class='ocrx_word' id='word_1_61' title='bbox 472 1047 828 1114; x_wconf 61' lang='lat' dir='ltr'><strong><em>traducimus,</em></strong></span> <span class='ocrx_word' id='word_1_62' title='bbox 874 1047 998 1101; x_wconf 83' lang='lat' dir='ltr'><strong><em>dum</em></strong></span> <span class='ocrx_word' id='word_1_63' title='bbox 1039 1046 1172 1101; x_wconf 81' lang='lat' dir='ltr'><strong><em>beati</em></strong></span> <span class='ocrx_word' id='word_1_64' title='bbox 1214 1045 1471 1100; x_wconf 81' lang='lat' dir='ltr'><strong><em>Eustathii</em></strong></span> <span class='ocrx_word' id='word_1_65' title='bbox 1526 1046 1782 1115; x_wconf 77' lang='lat' dir='ltr'><strong><em>prteconia</em></strong></span> <span class='ocrx_word' id='word_1_66' title='bbox 1834 1061 2062 1099; x_wconf 78' lang='lat' dir='ltr'><strong><em>sermone</em></strong></span> 
     </span>
    </p>
   </div>
   <div class='ocr_carea' id='block_1_10' title="bbox 461 1135 2060 1209">
    <p class='ocr_par' dir='ltr' id='par_1_10' title="bbox 461 1135 2060 1209">
     <span class='ocr_line' id='line_1_10' title="bbox 461 1135 2060 1209; baseline -0.003 -18"><span class='ocrx_word' id='word_1_67' title='bbox 461 1138 723 1207; x_wconf 81' lang='lat' dir='ltr'><strong><em>-romples:i</em></strong></span> <span class='ocrx_word' id='word_1_68' title='bbox 742 1154 937 1203; x_wconf 84' lang='lat' dir='ltr'><strong><em>sumus,</em></strong></span> <span class='ocrx_word' id='word_1_69' title='bbox 960 1148 1006 1191; x_wconf 85' lang='lat' dir='ltr'><strong><em>et</em></strong></span> <span class='ocrx_word' id='word_1_70' title='bbox 1021 1146 1133 1209; x_wconf 87' lang='lat' dir='ltr'><strong><em>post</em></strong></span> <span class='ocrx_word' id='word_1_71' title='bbox 1155 1135 1302 1190; x_wconf 81' lang='lat' dir='ltr'><strong><em>illum</em></strong></span> <span class='ocrx_word' id='word_1_72' title='bbox 1327 1137 1553 1207; x_wconf 72' lang='lat' dir='ltr'><strong><em>generosi</em></strong></span> <span class='ocrx_word' id='word_1_73' title='bbox 1578 1137 1814 1208; x_wconf 80' lang='lat' dir='ltr'><strong><em>martyris</em></strong></span> <span class='ocrx_word' id='word_1_74' title='bbox 1843 1136 2060 1191; x_wconf 78' lang='lat' dir='ltr'><strong><em>Romani</em></strong></span> 
     </span>
    </p>
   </div>
   <div class='ocr_carea' id='block_1_11' title="bbox 467 1222 2062 1300">
    <p class='ocr_par' dir='ltr' id='par_1_11' title="bbox 467 1222 2062 1300">
     <span class='ocr_line' id='line_1_11' title="bbox 467 1222 2062 1300; baseline -0.004 -16"><span class='ocrx_word' id='word_1_75' title='bbox 467 1222 654 1284; x_wconf 54' lang='lat' dir='ltr'><strong><em>laudes</em></strong></span> <span class='ocrx_word' id='word_1_76' title='bbox 695 1231 1068 1300; x_wconf 71' lang='lat' dir='ltr'><strong><em>percurrimus,</em></strong></span> <span class='ocrx_word' id='word_1_77' title='bbox 1117 1245 1231 1282; x_wconf 76' lang='lat' dir='ltr'><strong><em>cum</em></strong></span> <span class='ocrx_word' id='word_1_78' title='bbox 1266 1228 1516 1282; x_wconf 73' lang='lat' dir='ltr'><strong><em>illustrius</em></strong></span> <span class='ocrx_word' id='word_1_79' title='bbox 1559 1226 1700 1282; x_wconf 83' lang='lat' dir='ltr'><strong><em>nobis</em></strong></span> <span class='ocrx_word' id='word_1_80' title='bbox 1748 1227 1942 1295; x_wconf 78' lang='lat' dir='ltr'><strong><em>factum</em></strong></span> <span class='ocrx_word' id='word_1_81' title='bbox 1991 1236 2062 1279; x_wconf 83' lang='lat' dir='ltr'><strong><em>est</em></strong></span> 
     </span>
    </p>
   </div>
   <div class='ocr_carea' id='block_1_12' title="bbox 476 1320 2063 1392">
    <p class='ocr_par' dir='ltr' id='par_1_12' title="bbox 476 1320 2063 1392">
     <span class='ocr_line' id='line_1_12' title="bbox 476 1320 2063 1392; baseline -0.001 -17"><span class='ocrx_word' id='word_1_82' title='bbox 476 1324 760 1387; x_wconf 63' lang='lat' dir='ltr'><strong><em>theatrum,</em></strong></span> <span class='ocrx_word' id='word_1_83' title='bbox 809 1322 1031 1391; x_wconf 81' lang='lat' dir='ltr'><strong><em>amplior</em></strong></span> <span class='ocrx_word' id='word_1_84' title='bbox 1080 1321 1362 1392; x_wconf 81' lang='lat' dir='ltr'><strong><em>applausus</em></strong></span> <span class='ocrx_word' id='word_1_85' title='bbox 1403 1331 1451 1377; x_wconf 84' lang='lat' dir='ltr'><strong><em>et</em></strong></span> <span class='ocrx_word' id='word_1_86' title='bbox 1483 1322 1649 1391; x_wconf 78' lang='lat' dir='ltr'><strong><em>major</em></strong></span> <span class='ocrx_word' id='word_1_87' title='bbox 1691 1320 1934 1391; x_wconf 84' lang='lat' dir='ltr'><strong><em>strepitus</em></strong></span> <span class='ocrx_word' id='word_1_88' title='bbox 1976 1336 2063 1374; x_wconf 84' lang='lat' dir='ltr'><strong><em>ac-</em></strong></span> 
     </span>
    </p>
   </div>
   <div class='ocr_carea' id='block_1_13' title="bbox 473 1415 823 1469">
    <p class='ocr_par' dir='ltr' id='par_1_13' title="bbox 473 1415 823 1469">
     <span class='ocr_line' id='line_1_13' title="bbox 473 1415 823 1469; baseline 0 -1"><span class='ocrx_word' id='word_1_89' title='bbox 473 1415 823 1469; x_wconf 77' lang='lat' dir='ltr'><strong><em>rlmuantium.</em></strong></span> 
     </span>
    </p>
   </div>
   <div class='ocr_carea' id='block_1_14' title="bbox 548 1505 2066 1578">
    <p class='ocr_par' dir='ltr' id='par_1_14' title="bbox 548 1505 2066 1578">
     <span class='ocr_line' id='line_1_14' title="bbox 548 1505 2066 1578; baseline -0.001 -16"><span class='ocrx_word' id='word_1_90' title='bbox 548 1507 826 1562; x_wconf 66' lang='lat' dir='ltr'><strong><em>Contiones</em></strong></span> <span class='ocrx_word' id='word_1_91' title='bbox 854 1506 992 1562; x_wconf 73' lang='lat' dir='ltr'><strong><em>alite.</em></strong></span> <span class='ocrx_word' id='word_1_92' title='bbox 1011 1536 1079 1547; x_wconf 92' lang='lat'><strong><em>—</em></strong></span> <span class='ocrx_word' id='word_1_93' title='bbox 1100 1505 1268 1574; x_wconf 83' lang='lat' dir='ltr'><strong><em>Quam</em></strong></span> <span class='ocrx_word' id='word_1_94' title='bbox 1293 1507 1517 1578; x_wconf 85' lang='lat' dir='ltr'><strong><em>primam</em></strong></span> <span class='ocrx_word' id='word_1_95' title='bbox 1545 1506 1633 1563; x_wconf 84' lang='lat' dir='ltr'><strong><em>hic</em></strong></span> <span class='ocrx_word' id='word_1_96' title='bbox 1653 1516 1915 1563; x_wconf 79' lang='lat' dir='ltr'><strong><em>memorat</em></strong></span> <span class='ocrx_word' id='word_1_97' title='bbox 1935 1522 2066 1562; x_wconf 87' lang='lat' dir='ltr'><strong><em>con-</em></strong></span> 
     </span>
    </p>
   </div>
   <div class='ocr_carea' id='block_1_15' title="bbox 479 1600 2064 1672">
    <p class='ocr_par' dir='ltr' id='par_1_15' title="bbox 479 1600 2064 1672">
     <span class='ocr_line' id='line_1_15' title="bbox 479 1600 2064 1672; baseline 0 -19"><span class='ocrx_word' id='word_1_98' title='bbox 479 1601 727 1666; x_wconf 78' lang='lat' dir='ltr'><strong><em>cionem,</em></strong></span> <span class='ocrx_word' id='word_1_99' title='bbox 762 1615 823 1654; x_wconf 91' lang='lat' dir='ltr'><strong><em>ea</em></strong></span> <span class='ocrx_word' id='word_1_100' title='bbox 850 1608 953 1666; x_wconf 91' lang='lat' dir='ltr'><strong><em>est,</em></strong></span> <span class='ocrx_word' id='word_1_101' title='bbox 988 1615 1148 1669; x_wconf 88' lang='lat' dir='ltr'><strong><em>quam</em></strong></span> <span class='ocrx_word' id='word_1_102' title='bbox 1202 1610 1324 1669; x_wconf 84' lang='lat' dir='ltr'><strong><em>post</em></strong></span> <span class='ocrx_word' id='word_1_103' title='bbox 1365 1601 1649 1657; x_wconf 88' lang='lat' dir='ltr'><strong><em>lectionem</em></strong></span> <span class='ocrx_word' id='word_1_104' title='bbox 1697 1601 1953 1672; x_wconf 67' lang='lat' dir='ltr'><strong><em>EpiStolre</em></strong></span> <span class='ocrx_word' id='word_1_105' title='bbox 1997 1600 2064 1653; x_wconf 85' lang='lat' dir='ltr'><strong><em>ad</em></strong></span> 
     </span>
    </p>
   </div>
   <div class='ocr_carea' id='block_1_16' title="bbox 478 1688 2067 1764">
    <p class='ocr_par' dir='ltr' id='par_1_16' title="bbox 478 1688 2067 1764">
     <span class='ocr_line' id='line_1_16' title="bbox 478 1688 2067 1764; baseline -0.001 -17"><span class='ocrx_word' id='word_1_106' title='bbox 478 1691 692 1747; x_wconf 83' lang='lat' dir='ltr'><strong><em>Galatas</em></strong></span> <span class='ocrx_word' id='word_1_107' title='bbox 713 1691 798 1763; x_wconf 86' lang='grc' dir='ltr'><strong><em>(Τ.</em></strong></span> <span class='ocrx_word' id='word_1_108' title='bbox 827 1692 879 1747; x_wconf 81' lang='grc'>5.</span> <span class='ocrx_word' id='word_1_109' title='bbox 906 1706 952 1745; x_wconf 89' lang='lat' dir='ltr'><strong><em>c.</em></strong></span> <span class='ocrx_word' id='word_1_110' title='bbox 972 1691 1098 1762; x_wconf 81' lang='grc'><strong><em>571)</em></strong></span> <span class='ocrx_word' id='word_1_111' title='bbox 1127 1692 1422 1747; x_wconf 78' lang='lat' dir='ltr'><strong><em>Antiochia:</em></strong></span> <span class='ocrx_word' id='word_1_112' title='bbox 1448 1691 1631 1747; x_wconf 77' lang='lat' dir='ltr'><strong><em>habuit</em></strong></span> <span class='ocrx_word' id='word_1_113' title='bbox 1657 1688 2067 1764; x_wconf 75' lang='lat' dir='ltr'><strong><em>Chrysostbmns</em></strong></span> 
     </span>
    </p>
   </div>
   <div class='ocr_carea' id='block_1_17' title="bbox 479 1780 2065 1854">
    <p class='ocr_par' dir='ltr' id='par_1_17' title="bbox 479 1780 2065 1854">
     <span class='ocr_line' id='line_1_17' title="bbox 479 1780 2065 1854; baseline -0.001 -18"><span class='ocrx_word' id='word_1_114' title='bbox 479 1783 531 1836; x_wconf 83' lang='lat' dir='ltr'><strong><em>in</em></strong></span> <span class='ocrx_word' id='word_1_115' title='bbox 564 1781 713 1847; x_wconf 85' lang='lat' dir='ltr'><strong><em>illud,</em></strong></span> <span class='ocrx_word' id='word_1_116' title='bbox 742 1780 810 1836; x_wconf 82' lang='lat' dir='ltr'><strong><em>In</em></strong></span> <span class='ocrx_word' id='word_1_117' title='bbox 840 1782 1022 1854; x_wconf 78' lang='lat' dir='ltr'><strong><em>[aciem</em></strong></span> <span class='ocrx_word' id='word_1_118' title='bbox 1048 1780 1208 1837; x_wconf 84' lang='lat' dir='ltr'><strong><em>Petro</em></strong></span> <span class='ocrx_word' id='word_1_119' title='bbox 1233 1784 1416 1837; x_wconf 83' lang='lat' dir='ltr'><strong><em>restiti.</em></strong></span> <span class='ocrx_word' id='word_1_120' title='bbox 1445 1782 1661 1837; x_wconf 85' lang='lat' dir='ltr'><strong><em>Veritus</em></strong></span> <span class='ocrx_word' id='word_1_121' title='bbox 1686 1783 1829 1836; x_wconf 86' lang='lat' dir='ltr'><strong><em>enim</em></strong></span> <span class='ocrx_word' id='word_1_122' title='bbox 1853 1796 1920 1837; x_wconf 89' lang='lat' dir='ltr'><strong><em>ne</em></strong></span> <span class='ocrx_word' id='word_1_123' title='bbox 1945 1791 2065 1835; x_wconf 85' lang='lat' dir='ltr'><strong><em>tan-</em></strong></span> 
     </span>
    </p>
   </div>
   <div class='ocr_carea' id='block_1_18' title="bbox 482 1874 2064 1946">
    <p class='ocr_par' dir='ltr' id='par_1_18' title="bbox 482 1874 2064 1946">
     <span class='ocr_line' id='line_1_18' title="bbox 482 1874 2064 1946; baseline 0.001 -18"><span class='ocrx_word' id='word_1_124' title='bbox 482 1876 614 1937; x_wconf 86' lang='lat' dir='ltr'><strong><em>tilla,</em></strong></span> <span class='ocrx_word' id='word_1_125' title='bbox 641 1892 762 1945; x_wconf 68' lang='lat' dir='ltr'><strong><em>qua:</em></strong></span> <span class='ocrx_word' id='word_1_126' title='bbox 794 1874 879 1931; x_wconf 91' lang='lat' dir='ltr'><strong><em>hic</em></strong></span> <span class='ocrx_word' id='word_1_127' title='bbox 916 1886 1139 1946; x_wconf 89' lang='lat' dir='ltr'><strong><em>apparet</em></strong></span> <span class='ocrx_word' id='word_1_128' title='bbox 1175 1877 1312 1930; x_wconf 87' lang='lat' dir='ltr'><strong><em>inter</em></strong></span> <span class='ocrx_word' id='word_1_129' title='bbox 1353 1876 1570 1930; x_wconf 84' lang='lat' dir='ltr'><strong><em>Petrum</em></strong></span> <span class='ocrx_word' id='word_1_130' title='bbox 1601 1883 1656 1931; x_wconf 90' lang='lat' dir='ltr'><strong><em>et</em></strong></span> <span class='ocrx_word' id='word_1_131' title='bbox 1691 1874 1937 1940; x_wconf 86' lang='lat' dir='ltr'><strong><em>Paulum.</em></strong></span> <span class='ocrx_word' id='word_1_132' title='bbox 1963 1875 2064 1929; x_wconf 79' lang='lat' dir='ltr'><strong><em>Ec-</em></strong></span> 
     </span>
    </p>
   </div>
   <div class='ocr_carea' id='block_1_19' title="bbox 480 1968 2070 2038">
    <p class='ocr_par' dir='ltr' id='par_1_19' title="bbox 480 1968 2070 2038">
     <span class='ocr_line' id='line_1_19' title="bbox 480 1968 2070 2038; baseline -0.001 -16"><span class='ocrx_word' id='word_1_133' title='bbox 480 1969 661 2023; x_wconf 72' lang='lat' dir='ltr'><strong><em>clesia:</em></strong></span> <span class='ocrx_word' id='word_1_134' title='bbox 703 1970 1000 2034; x_wconf 80' lang='lat' dir='ltr'><strong><em>columnas,</em></strong></span> <span class='ocrx_word' id='word_1_135' title='bbox 1042 1968 1309 2025; x_wconf 80' lang='lat' dir='ltr'><strong><em>dissensio</em></strong></span> <span class='ocrx_word' id='word_1_136' title='bbox 1358 1970 1565 2037; x_wconf 84' lang='lat' dir='ltr'><strong><em>piorum</em></strong></span> <span class='ocrx_word' id='word_1_137' title='bbox 1611 1968 1819 2022; x_wconf 87' lang='lat' dir='ltr'><strong><em>animos</em></strong></span> <span class='ocrx_word' id='word_1_138' title='bbox 1860 1975 2070 2038; x_wconf 87' lang='lat' dir='ltr'><strong><em>pertur-</em></strong></span> 
     </span>
    </p>
   </div>
   <div class='ocr_carea' id='block_1_20' title="bbox 483 2058 2065 2129">
    <p class='ocr_par' dir='ltr' id='par_1_20' title="bbox 483 2058 2065 2129">
     <span class='ocr_line' id='line_1_20' title="bbox 483 2058 2065 2129; baseline -0.001 -17"><span class='ocrx_word' id='word_1_139' title='bbox 483 2060 651 2123; x_wconf 87' lang='lat' dir='ltr'><strong><em>baret,</em></strong></span> <span class='ocrx_word' id='word_1_140' title='bbox 682 2060 834 2129; x_wconf 82' lang='lat' dir='ltr'><strong><em>longa</em></strong></span> <span class='ocrx_word' id='word_1_141' title='bbox 877 2059 1054 2114; x_wconf 86' lang='lat' dir='ltr'><strong><em>locum</em></strong></span> <span class='ocrx_word' id='word_1_142' title='bbox 1097 2060 1244 2114; x_wconf 89' lang='lat' dir='ltr'><strong><em>illum</em></strong></span> <span class='ocrx_word' id='word_1_143' title='bbox 1275 2061 1520 2114; x_wconf 83' lang='lat' dir='ltr'><strong><em>oratione</em></strong></span> <span class='ocrx_word' id='word_1_144' title='bbox 1544 2058 1831 2128; x_wconf 83' lang='lat' dir='ltr'><strong><em>explanare</em></strong></span> <span class='ocrx_word' id='word_1_145' title='bbox 1861 2058 2065 2112; x_wconf 80' lang='lat' dir='ltr'><strong><em>nititur.</em></strong></span> 
     </span>
    </p>
   </div>
   <div class='ocr_carea' id='block_1_21' title="bbox 484 2149 2067 2221">
    <p class='ocr_par' dir='ltr' id='par_1_21' title="bbox 484 2149 2067 2221">
     <span class='ocr_line' id='line_1_21' title="bbox 484 2149 2067 2221; baseline 0 -18"><span class='ocrx_word' id='word_1_146' title='bbox 484 2151 673 2203; x_wconf 81' lang='lat' dir='ltr'><strong><em>Statim</em></strong></span> <span class='ocrx_word' id='word_1_147' title='bbox 700 2150 932 2219; x_wconf 79' lang='lat' dir='ltr'><strong><em>explicat</em></strong></span> <span class='ocrx_word' id='word_1_148' title='bbox 958 2160 1155 2221; x_wconf 88' lang='lat' dir='ltr'><strong><em>quanta</em></strong></span> <span class='ocrx_word' id='word_1_149' title='bbox 1179 2150 1303 2205; x_wconf 83' lang='lat' dir='ltr'><strong><em>hinc</em></strong></span> <span class='ocrx_word' id='word_1_150' title='bbox 1330 2149 1666 2205; x_wconf 89' lang='lat' dir='ltr'><strong><em>incommoda</em></strong></span> <span class='ocrx_word' id='word_1_151' title='bbox 1688 2158 1992 2219; x_wconf 81' lang='lat' dir='ltr'><strong><em>sequantur,</em></strong></span> <span class='ocrx_word' id='word_1_152' title='bbox 2023 2150 2067 2203; x_wconf 89' lang='lat' dir='ltr'><strong><em>si</em></strong></span> 
     </span>
    </p>
   </div>
   <div class='ocr_carea' id='block_1_22' title="bbox 484 2241 2069 2313">
    <p class='ocr_par' dir='ltr' id='par_1_22' title="bbox 484 2241 2069 2313">
     <span class='ocr_line' id='line_1_22' title="bbox 484 2241 2069 2313; baseline 0.002 -20"><span class='ocrx_word' id='word_1_153' title='bbox 484 2256 611 2296; x_wconf 75' lang='lat' dir='ltr'><strong><em>vere</em></strong></span> <span class='ocrx_word' id='word_1_154' title='bbox 630 2252 684 2295; x_wconf 87' lang='lat' dir='ltr'><strong><em>et</em></strong></span> <span class='ocrx_word' id='word_1_155' title='bbox 709 2241 1025 2312; x_wconf 85' lang='lat' dir='ltr'><strong><em>objurgaudi</em></strong></span> <span class='ocrx_word' id='word_1_156' title='bbox 1052 2243 1250 2308; x_wconf 91' lang='lat' dir='ltr'><strong><em>animo,</em></strong></span> <span class='ocrx_word' id='word_1_157' title='bbox 1274 2243 1519 2313; x_wconf 85' lang='lat' dir='ltr'><strong><em>plurimis</em></strong></span> <span class='ocrx_word' id='word_1_158' title='bbox 1538 2244 1914 2313; x_wconf 78' lang='lat' dir='ltr'><strong><em>prmsentibos,</em></strong></span> <span class='ocrx_word' id='word_1_159' title='bbox 1942 2258 2069 2312; x_wconf 82' lang='lat' dir='ltr'><strong><em>apo-</em></strong></span> 
     </span>
    </p>
   </div>
   <div class='ocr_carea' id='block_1_23' title="bbox 486 2334 2071 2407">
    <p class='ocr_par' dir='ltr' id='par_1_23' title="bbox 486 2334 2071 2407">
     <span class='ocr_line' id='line_1_23' title="bbox 486 2334 2071 2407; baseline 0.001 -20"><span class='ocrx_word' id='word_1_160' title='bbox 486 2335 716 2388; x_wconf 87' lang='lat' dir='ltr'><strong><em>tolorum</em></strong></span> <span class='ocrx_word' id='word_1_161' title='bbox 758 2335 1099 2407; x_wconf 68' lang='lat' dir='ltr'><strong><em>corypba‘ont</em></strong></span> <span class='ocrx_word' id='word_1_162' title='bbox 1146 2336 1341 2391; x_wconf 83' lang='lat' dir='ltr'><strong><em>Paulus</em></strong></span> <span class='ocrx_word' id='word_1_163' title='bbox 1383 2337 1452 2389; x_wconf 90' lang='lat' dir='ltr'><strong><em>sit</em></strong></span> <span class='ocrx_word' id='word_1_164' title='bbox 1488 2334 1728 2391; x_wconf 88' lang='lat' dir='ltr'><strong><em>adortus.</em></strong></span> <span class='ocrx_word' id='word_1_165' title='bbox 1776 2334 1911 2390; x_wconf 82' lang='lat' dir='ltr'><strong><em>Hinc</em></strong></span> <span class='ocrx_word' id='word_1_166' title='bbox 1937 2334 2071 2390; x_wconf 87' lang='lat' dir='ltr'><strong><em>duas</em></strong></span> 
     </span>
    </p>
   </div>
   <div class='ocr_carea' id='block_1_24' title="bbox 482 2426 2068 2498">
    <p class='ocr_par' dir='ltr' id='par_1_24' title="bbox 482 2426 2068 2498">
     <span class='ocr_line' id='line_1_24' title="bbox 482 2426 2068 2498; baseline 0.001 -19"><span class='ocrx_word' id='word_1_167' title='bbox 482 2427 624 2481; x_wconf 81' lang='lat' dir='ltr'><strong><em>circa</em></strong></span> <span class='ocrx_word' id='word_1_168' title='bbox 646 2429 786 2482; x_wconf 89' lang='lat' dir='ltr'><strong><em>hunc</em></strong></span> <span class='ocrx_word' id='word_1_169' title='bbox 812 2428 988 2482; x_wconf 80' lang='lat' dir='ltr'><strong><em>locum</em></strong></span> <span class='ocrx_word' id='word_1_170' title='bbox 1018 2429 1311 2482; x_wconf 88' lang='lat' dir='ltr'><strong><em>sententias</em></strong></span> <span class='ocrx_word' id='word_1_171' title='bbox 1331 2428 1501 2496; x_wconf 86' lang='lat' dir='ltr'><strong><em>aperit</em></strong></span> <span class='ocrx_word' id='word_1_172' title='bbox 1524 2428 1813 2498; x_wconf 86' lang='lat' dir='ltr'><strong><em>statimque</em></strong></span> <span class='ocrx_word' id='word_1_173' title='bbox 1840 2426 2068 2481; x_wconf 81' lang='lat' dir='ltr'><strong><em>refutat:</em></strong></span> 
     </span>
    </p>
   </div>
   <div class='ocr_carea' id='block_1_25' title="bbox 484 2518 2070 2589">
    <p class='ocr_par' dir='ltr' id='par_1_25' title="bbox 484 2518 2070 2589">
     <span class='ocr_line' id='line_1_25' title="bbox 484 2518 2070 2589; baseline 0 -18"><span class='ocrx_word' id='word_1_174' title='bbox 484 2533 708 2587; x_wconf 86' lang='lat' dir='ltr'><strong><em>quarum</em></strong></span> <span class='ocrx_word' id='word_1_175' title='bbox 752 2520 898 2588; x_wconf 85' lang='lat' dir='ltr'><strong><em>prior</em></strong></span> <span class='ocrx_word' id='word_1_176' title='bbox 929 2531 1030 2582; x_wconf 86' lang='lat' dir='ltr'><strong><em>est,</em></strong></span> <span class='ocrx_word' id='word_1_177' title='bbox 1072 2519 1308 2581; x_wconf 84' lang='lat' dir='ltr'><strong><em>Petrum,</em></strong></span> <span class='ocrx_word' id='word_1_178' title='bbox 1348 2519 1414 2572; x_wconf 88' lang='lat' dir='ltr'><strong><em>de</em></strong></span> <span class='ocrx_word' id='word_1_179' title='bbox 1449 2533 1556 2588; x_wconf 87' lang='lat' dir='ltr'><strong><em>quo</em></strong></span> <span class='ocrx_word' id='word_1_180' title='bbox 1591 2518 1678 2573; x_wconf 91' lang='lat' dir='ltr'><strong><em>hic</em></strong></span> <span class='ocrx_word' id='word_1_181' title='bbox 1722 2518 1930 2589; x_wconf 87' lang='lat' dir='ltr'><strong><em>agitur,</em></strong></span> <span class='ocrx_word' id='word_1_182' title='bbox 1964 2533 2070 2572; x_wconf 86' lang='lat' dir='ltr'><strong><em>non</em></strong></span> 
     </span>
    </p>
   </div>
   <div class='ocr_carea' id='block_1_26' title="bbox 486 2609 2069 2680">
    <p class='ocr_par' dir='ltr' id='par_1_26' title="bbox 486 2609 2069 2680">
     <span class='ocr_line' id='line_1_26' title="bbox 486 2609 2069 2680; baseline 0.002 -19"><span class='ocrx_word' id='word_1_183' title='bbox 486 2609 851 2677; x_wconf 80' lang='lat' dir='ltr'><strong><em>apostolorum</em></strong></span> <span class='ocrx_word' id='word_1_184' title='bbox 878 2611 1193 2680; x_wconf 85' lang='lat' dir='ltr'><strong><em>principem,</em></strong></span> <span class='ocrx_word' id='word_1_185' title='bbox 1224 2610 1318 2664; x_wconf 84' lang='lat' dir='ltr'><strong><em>sed</em></strong></span> <span class='ocrx_word' id='word_1_186' title='bbox 1347 2611 1506 2664; x_wconf 83' lang='lat' dir='ltr'><strong><em>alium</em></strong></span> <span class='ocrx_word' id='word_1_187' title='bbox 1527 2624 1649 2665; x_wconf 89' lang='lat' dir='ltr'><strong><em>esse</em></strong></span> <span class='ocrx_word' id='word_1_188' title='bbox 1669 2611 2069 2680; x_wconf 82' lang='lat' dir='ltr'><strong><em>cognominem;</em></strong></span> 
     </span>
    </p>
   </div>
   <div class='ocr_carea' id='block_1_27' title="bbox 490 2702 2072 2770">
    <p class='ocr_par' dir='ltr' id='par_1_27' title="bbox 490 2702 2072 2770">
     <span class='ocr_line' id='line_1_27' title="bbox 490 2702 2072 2770; baseline 0.001 -17"><span class='ocrx_word' id='word_1_189' title='bbox 490 2703 657 2755; x_wconf 85' lang='lat' dir='ltr'><strong><em>altera</em></strong></span> <span class='ocrx_word' id='word_1_190' title='bbox 699 2703 882 2755; x_wconf 87' lang='lat' dir='ltr'><strong><em>statuit</em></strong></span> <span class='ocrx_word' id='word_1_191' title='bbox 925 2717 1104 2756; x_wconf 80' lang='lat' dir='ltr'><strong><em>veram</em></strong></span> <span class='ocrx_word' id='word_1_192' title='bbox 1150 2717 1270 2757; x_wconf 87' lang='lat' dir='ltr'><strong><em>esse</em></strong></span> <span class='ocrx_word' id='word_1_193' title='bbox 1312 2704 1805 2770; x_wconf 57' lang='lat' dir='ltr'><strong><em>reprehensionem,</em></strong></span> <span class='ocrx_word' id='word_1_194' title='bbox 1855 2717 1957 2758; x_wconf 88' lang='lat' dir='ltr'><strong><em>nec</em></strong></span> <span class='ocrx_word' id='word_1_195' title='bbox 1996 2702 2072 2755; x_wconf 82' lang='lat' dir='ltr'><strong><em>si-</em></strong></span> 
     </span>
    </p>
   </div>
   <div class='ocr_carea' id='block_1_28' title="bbox 486 2790 2073 2866">
    <p class='ocr_par' dir='ltr' id='par_1_28' title="bbox 486 2790 2073 2866">
     <span class='ocr_line' id='line_1_28' title="bbox 486 2790 2073 2866; baseline 0.003 -23"><span class='ocrx_word' id='word_1_196' title='bbox 486 2792 685 2846; x_wconf 82' lang='lat' dir='ltr'><strong><em>ntulate</em></strong></span> <span class='ocrx_word' id='word_1_197' title='bbox 726 2790 943 2847; x_wconf 79' lang='lat' dir='ltr'><strong><em>factam.</em></strong></span> <span class='ocrx_word' id='word_1_198' title='bbox 990 2793 1192 2848; x_wconf 82' lang='lat' dir='ltr'><strong><em>Deinde</em></strong></span> <span class='ocrx_word' id='word_1_199' title='bbox 1235 2809 1366 2847; x_wconf 88' lang='lat' dir='ltr'><strong><em>vero</em></strong></span> <span class='ocrx_word' id='word_1_200' title='bbox 1411 2808 1563 2848; x_wconf 85' lang='lat' dir='ltr'><strong><em>suam</em></strong></span> <span class='ocrx_word' id='word_1_201' title='bbox 1610 2795 1696 2849; x_wconf 91' lang='lat' dir='ltr'><strong><em>ille</em></strong></span> <span class='ocrx_word' id='word_1_202' title='bbox 1733 2792 1936 2866; x_wconf 86' lang='lat' dir='ltr'><strong><em>profert</em></strong></span> <span class='ocrx_word' id='word_1_203' title='bbox 1959 2795 2073 2865; x_wconf 85' lang='lat' dir='ltr'><strong><em>opi-</em></strong></span> 
     </span>
    </p>
   </div>
   <div class='ocr_carea' id='block_1_29' title="bbox 489 2882 2074 2955">
    <p class='ocr_par' dir='ltr' id='par_1_29' title="bbox 489 2882 2074 2955">
     <span class='ocr_line' id='line_1_29' title="bbox 489 2882 2074 2955; baseline 0.003 -20"><span class='ocrx_word' id='word_1_204' title='bbox 489 2882 735 2936; x_wconf 87' lang='lat' dir='ltr'><strong><em>nionem:</em></strong></span> <span class='ocrx_word' id='word_1_205' title='bbox 764 2897 960 2952; x_wconf 89' lang='lat' dir='ltr'><strong><em>nempe</em></strong></span> <span class='ocrx_word' id='word_1_206' title='bbox 981 2884 1255 2955; x_wconf 85' lang='lat' dir='ltr'><strong><em>apostolos</em></strong></span> <span class='ocrx_word' id='word_1_207' title='bbox 1282 2884 1496 2939; x_wconf 87' lang='lat' dir='ltr'><strong><em>Petrum</em></strong></span> <span class='ocrx_word' id='word_1_208' title='bbox 1524 2893 1579 2939; x_wconf 88' lang='lat' dir='ltr'><strong><em>et</em></strong></span> <span class='ocrx_word' id='word_1_209' title='bbox 1598 2884 1820 2939; x_wconf 90' lang='lat' dir='ltr'><strong><em>Paulum</em></strong></span> <span class='ocrx_word' id='word_1_210' title='bbox 1848 2884 1915 2940; x_wconf 91' lang='lat' dir='ltr'><strong><em>ad</em></strong></span> <span class='ocrx_word' id='word_1_211' title='bbox 1940 2887 2074 2940; x_wconf 82' lang='lat' dir='ltr'><strong><em>hanc</em></strong></span> 
     </span>
    </p>
   </div>
   <div class='ocr_carea' id='block_1_30' title="bbox 488 2972 2071 3047">
    <p class='ocr_par' dir='ltr' id='par_1_30' title="bbox 488 2972 2071 3047">
     <span class='ocr_line' id='line_1_30' title="bbox 488 2972 2071 3047; baseline 0.005 -23"><span class='ocrx_word' id='word_1_212' title='bbox 488 2972 628 3042; x_wconf 90' lang='lat' dir='ltr'><strong><em>piam</em></strong></span> <span class='ocrx_word' id='word_1_213' title='bbox 671 2974 1065 3028; x_wconf 69' lang='lat' dir='ltr'><strong><em>simulationem</em></strong></span> <span class='ocrx_word' id='word_1_214' title='bbox 1122 2986 1337 3045; x_wconf 85' lang='lat' dir='ltr'><strong><em>paratos</em></strong></span> <span class='ocrx_word' id='word_1_215' title='bbox 1387 2978 1777 3047; x_wconf 85' lang='lat' dir='ltr'><strong><em>nteditatosquc</em></strong></span> <span class='ocrx_word' id='word_1_216' title='bbox 1820 2977 2071 3042; x_wconf 88' lang='lat' dir='ltr'><strong><em>venisse,</em></strong></span> 
     </span>
    </p>
   </div>
   <div class='ocr_carea' id='block_1_31' title="bbox 493 3067 2075 3134">
    <p class='ocr_par' dir='ltr' id='par_1_31' title="bbox 493 3067 2075 3134">
     <span class='ocr_line' id='line_1_31' title="bbox 493 3067 2075 3134; baseline 0.004 -16"><span class='ocrx_word' id='word_1_217' title='bbox 493 3079 667 3133; x_wconf 83' lang='lat' dir='ltr'><strong><em>exque</em></strong></span> <span class='ocrx_word' id='word_1_218' title='bbox 694 3073 847 3134; x_wconf 87' lang='lat' dir='ltr'><strong><em>pacto</em></strong></span> <span class='ocrx_word' id='word_1_219' title='bbox 873 3076 927 3119; x_wconf 89' lang='lat' dir='ltr'><strong><em>et</em></strong></span> <span class='ocrx_word' id='word_1_220' title='bbox 955 3076 1220 3122; x_wconf 89' lang='lat' dir='ltr'><strong><em>convento</em></strong></span> <span class='ocrx_word' id='word_1_221' title='bbox 1247 3068 1384 3123; x_wconf 86' lang='lat' dir='ltr'><strong><em>inter</em></strong></span> <span class='ocrx_word' id='word_1_222' title='bbox 1410 3067 1598 3123; x_wconf 89' lang='lat' dir='ltr'><strong><em>ambos</em></strong></span> <span class='ocrx_word' id='word_1_223' title='bbox 1628 3067 1793 3134; x_wconf 89' lang='lat' dir='ltr'><strong><em>inito;</em></strong></span> <span class='ocrx_word' id='word_1_224' title='bbox 1824 3079 1933 3122; x_wconf 90' lang='lat' dir='ltr'><strong><em>tum</em></strong></span> <span class='ocrx_word' id='word_1_225' title='bbox 1957 3083 2016 3124; x_wconf 90' lang='lat' dir='ltr'><strong><em>se</em></strong></span> <span class='ocrx_word' id='word_1_226' title='bbox 2042 3083 2075 3124; x_wconf 87' lang='lat' dir='ltr'><strong><em>a</em></strong></span> 
     </span>
    </p>
   </div>
   <div class='ocr_carea' id='block_1_32' title="bbox 490 3156 2076 3229">
    <p class='ocr_par' dir='ltr' id='par_1_32' title="bbox 490 3156 2076 3229">
     <span class='ocr_line' id='line_1_32' title="bbox 490 3156 2076 3229; baseline 0.001 -18"><span class='ocrx_word' id='word_1_227' title='bbox 490 3156 743 3227; x_wconf 73' lang='lat' dir='ltr'><strong><em>gentibus</em></strong></span> <span class='ocrx_word' id='word_1_228' title='bbox 770 3168 1086 3229; x_wconf 82' lang='lat' dir='ltr'><strong><em>‘scgregasse</em></strong></span> <span class='ocrx_word' id='word_1_229' title='bbox 1114 3159 1328 3214; x_wconf 76' lang='lat' dir='ltr'><strong><em>Petrum</em></strong></span> <span class='ocrx_word' id='word_1_230' title='bbox 1350 3202 1363 3223; x_wconf 91' lang='lat'><strong><em>,</em></strong></span> <span class='ocrx_word' id='word_1_231' title='bbox 1394 3175 1464 3214; x_wconf 80' lang='lat' dir='ltr'><strong><em>ne</em></strong></span> <span class='ocrx_word' id='word_1_232' title='bbox 1494 3160 1546 3214; x_wconf 91' lang='lat' dir='ltr'><strong><em>in</em></strong></span> <span class='ocrx_word' id='word_1_233' title='bbox 1571 3158 1876 3215; x_wconf 79' lang='lat' dir='ltr'><strong><em>Judteornnt</em></strong></span> <span class='ocrx_word' id='word_1_234' title='bbox 1907 3159 2076 3214; x_wconf 82' lang='lat' dir='ltr'><strong><em>oll&#39;en-</em></strong></span> 
     </span>
    </p>
   </div>
   <div class='ocr_carea' id='block_1_33' title="bbox 488 3251 2075 3315">
    <p class='ocr_par' dir='ltr' id='par_1_33' title="bbox 488 3251 2075 3315">
     <span class='ocr_line' id='line_1_33' title="bbox 488 3251 2075 3315; baseline 0.002 -13"><span class='ocrx_word' id='word_1_235' title='bbox 488 3251 694 3304; x_wconf 89' lang='lat' dir='ltr'><strong><em>sionem</em></strong></span> <span class='ocrx_word' id='word_1_236' title='bbox 729 3259 1062 3315; x_wconf 86' lang='lat' dir='ltr'><strong><em>occurreret,</em></strong></span> <span class='ocrx_word' id='word_1_237' title='bbox 1105 3259 1215 3305; x_wconf 90' lang='lat' dir='ltr'><strong><em>tum</em></strong></span> <span class='ocrx_word' id='word_1_238' title='bbox 1258 3252 1476 3305; x_wconf 88' lang='lat' dir='ltr'><strong><em>Paulum</em></strong></span> <span class='ocrx_word' id='word_1_239' title='bbox 1516 3252 1566 3305; x_wconf 90' lang='lat' dir='ltr'><strong><em>ei</em></strong></span> <span class='ocrx_word' id='word_1_240' title='bbox 1609 3252 1660 3305; x_wconf 90' lang='lat' dir='ltr'><strong><em>in</em></strong></span> <span class='ocrx_word' id='word_1_241' title='bbox 1691 3251 1880 3306; x_wconf 84' lang='lat' dir='ltr'><strong><em>faciem</em></strong></span> <span class='ocrx_word' id='word_1_242' title='bbox 1921 3253 2075 3307; x_wconf 90' lang='lat' dir='ltr'><strong><em>resti-</em></strong></span> 
     </span>
    </p>
   </div>
   <div class='ocr_carea' id='block_1_34' title="bbox 489 3340 2075 3412">
    <p class='ocr_par' dir='ltr' id='par_1_34' title="bbox 489 3340 2075 3412">
     <span class='ocr_line' id='line_1_34' title="bbox 489 3340 2075 3412; baseline 0.004 -19"><span class='ocrx_word' id='word_1_243' title='bbox 489 3340 639 3405; x_wconf 83' lang='lat' dir='ltr'><strong><em>tisse,</em></strong></span> <span class='ocrx_word' id='word_1_244' title='bbox 686 3341 777 3395; x_wconf 92' lang='lat' dir='ltr'><strong><em>illo</em></strong></span> <span class='ocrx_word' id='word_1_245' title='bbox 829 3358 936 3395; x_wconf 89' lang='lat' dir='ltr'><strong><em>non</em></strong></span> <span class='ocrx_word' id='word_1_246' title='bbox 983 3343 1301 3409; x_wconf 86' lang='lat' dir='ltr'><strong><em>reluctante,</em></strong></span> <span class='ocrx_word' id='word_1_247' title='bbox 1331 3343 1452 3412; x_wconf 82' lang='lat' dir='ltr'><strong><em>quia</em></strong></span> <span class='ocrx_word' id='word_1_248' title='bbox 1496 3343 1773 3398; x_wconf 89' lang='lat' dir='ltr'><strong><em>amborum</em></strong></span> <span class='ocrx_word' id='word_1_249' title='bbox 1819 3359 1881 3398; x_wconf 90' lang='lat' dir='ltr'><strong><em>ea</em></strong></span> <span class='ocrx_word' id='word_1_250' title='bbox 1921 3358 2075 3399; x_wconf 90' lang='lat' dir='ltr'><strong><em>mens</em></strong></span> 
     </span>
    </p>
   </div>
   <div class='ocr_carea' id='block_1_35' title="bbox 487 3433 2077 3505">
    <p class='ocr_par' dir='ltr' id='par_1_35' title="bbox 487 3433 2077 3505">
     <span class='ocr_line' id='line_1_35' title="bbox 487 3433 2077 3505; baseline 0.004 -21"><span class='ocrx_word' id='word_1_251' title='bbox 487 3442 633 3496; x_wconf 89' lang='lat' dir='ltr'><strong><em>erat,</em></strong></span> <span class='ocrx_word' id='word_1_252' title='bbox 663 3444 721 3484; x_wconf 89' lang='lat' dir='ltr'><strong><em>ut</em></strong></span> <span class='ocrx_word' id='word_1_253' title='bbox 750 3433 879 3501; x_wconf 79' lang='lat' dir='ltr'><strong><em>legis</em></strong></span> <span class='ocrx_word' id='word_1_254' title='bbox 903 3433 1085 3503; x_wconf 81' lang='lat' dir='ltr'><strong><em>jugnm</em></strong></span> <span class='ocrx_word' id='word_1_255' title='bbox 1125 3435 1374 3504; x_wconf 79' lang='lat' dir='ltr'><strong><em>gentibus</em></strong></span> <span class='ocrx_word' id='word_1_256' title='bbox 1400 3448 1507 3488; x_wconf 89' lang='lat' dir='ltr'><strong><em>non</em></strong></span> <span class='ocrx_word' id='word_1_257' title='bbox 1546 3434 1931 3505; x_wconf 89' lang='lat' dir='ltr'><strong><em>imponeretur.</em></strong></span> <span class='ocrx_word' id='word_1_258' title='bbox 1958 3435 2077 3490; x_wconf 74' lang='lat' dir='ltr'><strong><em>Cte-</em></strong></span> 
     </span>
    </p>
   </div>
   <div class='ocr_carea' id='block_1_36' title="bbox 490 3520 2076 3596">
    <p class='ocr_par' dir='ltr' id='par_1_36' title="bbox 490 3520 2076 3596">
     <span class='ocr_line' id='line_1_36' title="bbox 490 3520 2076 3596; baseline 0.006 -23"><span class='ocrx_word' id='word_1_259' title='bbox 490 3530 661 3574; x_wconf 73' lang='lat' dir='ltr'><strong><em>ternm</em></strong></span> <span class='ocrx_word' id='word_1_260' title='bbox 689 3520 1056 3592; x_wconf 80' lang='lat' dir='ltr'><strong><em>Chrysostomi</em></strong></span> <span class='ocrx_word' id='word_1_261' title='bbox 1082 3525 1286 3595; x_wconf 86' lang='lat' dir='ltr'><strong><em>opinio,</em></strong></span> <span class='ocrx_word' id='word_1_262' title='bbox 1314 3541 1433 3596; x_wconf 80' lang='lat' dir='ltr'><strong><em>qua:</em></strong></span> <span class='ocrx_word' id='word_1_263' title='bbox 1483 3526 1552 3581; x_wconf 91' lang='lat' dir='ltr'><strong><em>ab</em></strong></span> <span class='ocrx_word' id='word_1_264' title='bbox 1577 3525 1804 3596; x_wconf 80' lang='lat' dir='ltr'><strong><em>Origene</em></strong></span> <span class='ocrx_word' id='word_1_265' title='bbox 1830 3541 2076 3581; x_wconf 86' lang='lat' dir='ltr'><strong><em>manasse</em></strong></span> 
     </span>
    </p>
   </div>
   <div class='ocr_carea' id='block_1_37' title="bbox 489 3609 2077 3687">
    <p class='ocr_par' dir='ltr' id='par_1_37' title="bbox 489 3609 2077 3687">
     <span class='ocr_line' id='line_1_37' title="bbox 489 3609 2077 3687; baseline 0.004 -24"><span class='ocrx_word' id='word_1_266' title='bbox 489 3609 746 3678; x_wconf 85' lang='lat' dir='ltr'><strong><em>creditur,</em></strong></span> <span class='ocrx_word' id='word_1_267' title='bbox 772 3614 841 3667; x_wconf 86' lang='lat' dir='ltr'><strong><em>ab</em></strong></span> <span class='ocrx_word' id='word_1_268' title='bbox 871 3613 1196 3686; x_wconf 76' lang='lat' dir='ltr'><strong><em>Hieronymo</em></strong></span> <span class='ocrx_word' id='word_1_269' title='bbox 1222 3617 1452 3686; x_wconf 88' lang='lat' dir='ltr'><strong><em>primum</em></strong></span> <span class='ocrx_word' id='word_1_270' title='bbox 1479 3625 1806 3687; x_wconf 79' lang='lat' dir='ltr'><strong><em>propugnata</em></strong></span> <span class='ocrx_word' id='word_1_271' title='bbox 1827 3657 1840 3680; x_wconf 93' lang='lat'><strong><em>,</em></strong></span> <span class='ocrx_word' id='word_1_272' title='bbox 1873 3616 1942 3672; x_wconf 89' lang='lat' dir='ltr'><strong><em>ab</em></strong></span> <span class='ocrx_word' id='word_1_273' title='bbox 1974 3618 2077 3671; x_wconf 86' lang='lat' dir='ltr'><strong><em>Au-</em></strong></span> 
     </span>
    </p>
   </div>
   <div class='ocr_carea' id='block_1_38' title="bbox 488 3704 2074 3775">
    <p class='ocr_par' dir='ltr' id='par_1_38' title="bbox 488 3704 2074 3775">
     <span class='ocr_line' id='line_1_38' title="bbox 488 3704 2074 3775; baseline 0.006 -19"><span class='ocrx_word' id='word_1_274' title='bbox 488 3704 703 3772; x_wconf 81' lang='lat' dir='ltr'><strong><em>gustino</em></strong></span> <span class='ocrx_word' id='word_1_275' title='bbox 728 3705 955 3761; x_wconf 89' lang='lat' dir='ltr'><strong><em>refutata</em></strong></span> <span class='ocrx_word' id='word_1_276' title='bbox 981 3719 1083 3775; x_wconf 90' lang='lat' dir='ltr'><strong><em>est,</em></strong></span> <span class='ocrx_word' id='word_1_277' title='bbox 1113 3721 1391 3765; x_wconf 82' lang='lat' dir='ltr'><strong><em>asserente</em></strong></span> <span class='ocrx_word' id='word_1_278' title='bbox 1428 3727 1607 3765; x_wconf 86' lang='lat' dir='ltr'><strong><em>veram</em></strong></span> <span class='ocrx_word' id='word_1_279' title='bbox 1639 3727 1737 3766; x_wconf 90' lang='lat' dir='ltr'><strong><em>nec</em></strong></span> <span class='ocrx_word' id='word_1_280' title='bbox 1771 3711 2074 3765; x_wconf 89' lang='lat' dir='ltr'><strong><em>simulatam</em></strong></span> 
     </span>
    </p>
   </div>
   <div class='ocr_carea' id='block_1_39' title="bbox 492 3796 2076 3872">
    <p class='ocr_par' dir='ltr' id='par_1_39' title="bbox 492 3796 2076 3872">
     <span class='ocr_line' id='line_1_39' title="bbox 492 3796 2076 3872; baseline 0.006 -23"><span class='ocrx_word' id='word_1_281' title='bbox 492 3796 654 3851; x_wconf 68' lang='lat' dir='ltr'><strong><em>fuisse</em></strong></span> <span class='ocrx_word' id='word_1_282' title='bbox 690 3797 838 3853; x_wconf 77' lang='lat' dir='ltr'><strong><em>Pauli</em></strong></span> <span class='ocrx_word' id='word_1_283' title='bbox 878 3802 1373 3870; x_wconf 83' lang='lat' dir='ltr'><strong><em>reprehensionem,</em></strong></span> <span class='ocrx_word' id='word_1_284' title='bbox 1406 3805 1475 3858; x_wconf 83' lang='lat' dir='ltr'><strong><em>ita</em></strong></span> <span class='ocrx_word' id='word_1_285' title='bbox 1513 3814 1569 3857; x_wconf 91' lang='lat' dir='ltr'><strong><em>ut</em></strong></span> <span class='ocrx_word' id='word_1_286' title='bbox 1604 3803 1721 3872; x_wconf 80' lang='lat' dir='ltr'><strong><em>ejus</em></strong></span> <span class='ocrx_word' id='word_1_287' title='bbox 1746 3805 2076 3872; x_wconf 83' lang='lat' dir='ltr'><strong><em>argumentis</em></strong></span> 
     </span>
    </p>
   </div>
   <div class='ocr_carea' id='block_1_40' title="bbox 487 3889 2074 3968">
    <p class='ocr_par' dir='ltr' id='par_1_40' title="bbox 487 3889 2074 3968">
     <span class='ocr_line' id='line_1_40' title="bbox 487 3889 2074 3968; baseline 0.006 -26"><span class='ocrx_word' id='word_1_288' title='bbox 487 3889 707 3945; x_wconf 85' lang='lat' dir='ltr'><strong><em>cederet</em></strong></span> <span class='ocrx_word' id='word_1_289' title='bbox 762 3892 876 3962; x_wconf 87' lang='lat' dir='ltr'><strong><em>ipse</em></strong></span> <span class='ocrx_word' id='word_1_290' title='bbox 920 3894 1298 3968; x_wconf 78' lang='lat' dir='ltr'><strong><em>Hieronymus.</em></strong></span> <span class='ocrx_word' id='word_1_291' title='bbox 1344 3895 1461 3949; x_wconf 85' lang='lat' dir='ltr'><strong><em>Non</em></strong></span> <span class='ocrx_word' id='word_1_292' title='bbox 1503 3895 1697 3949; x_wconf 85' lang='lat' dir='ltr'><strong><em>desunt</em></strong></span> <span class='ocrx_word' id='word_1_293' title='bbox 1757 3904 1935 3951; x_wconf 90' lang='lat' dir='ltr'><strong><em>tamen</em></strong></span> <span class='ocrx_word' id='word_1_294' title='bbox 1982 3897 2074 3967; x_wconf 88' lang='lat' dir='ltr'><strong><em>qui</em></strong></span> 
     </span>
    </p>
   </div>
   <div class='ocr_carea' id='block_1_41' title="bbox 491 3982 2074 4058">
    <p class='ocr_par' dir='ltr' id='par_1_41' title="bbox 491 3982 2074 4058">
     <span class='ocr_line' id='line_1_41' title="bbox 491 3982 2074 4058; baseline 0.008 -28"><span class='ocrx_word' id='word_1_295' title='bbox 491 3982 716 4050; x_wconf 80' lang='lat' dir='ltr'><strong><em>primum</em></strong></span> <span class='ocrx_word' id='word_1_296' title='bbox 747 3985 1100 4051; x_wconf 88' lang='lat' dir='ltr'><strong><em>sententiam,</em></strong></span> <span class='ocrx_word' id='word_1_297' title='bbox 1127 4002 1246 4055; x_wconf 71' lang='lat' dir='ltr'><strong><em>qua:</em></strong></span> <span class='ocrx_word' id='word_1_298' title='bbox 1273 3986 1486 4040; x_wconf 85' lang='lat' dir='ltr'><strong><em>Petrum</em></strong></span> <span class='ocrx_word' id='word_1_299' title='bbox 1529 3988 1596 4041; x_wconf 88' lang='lat' dir='ltr'><strong><em>ab</em></strong></span> <span class='ocrx_word' id='word_1_300' title='bbox 1637 3987 1881 4058; x_wconf 87' lang='lat' dir='ltr'><strong><em>apostolo</em></strong></span> <span class='ocrx_word' id='word_1_301' title='bbox 1910 3988 2074 4043; x_wconf 89' lang='lat' dir='ltr'><strong><em>alium</em></strong></span> 
     </span>
    </p>
   </div>
   <div class='ocr_carea' id='block_1_42' title="bbox 488 4074 2075 4152">
    <p class='ocr_par' dir='ltr' id='par_1_42' title="bbox 488 4074 2075 4152">
     <span class='ocr_line' id='line_1_42' title="bbox 488 4074 2075 4152; baseline 0.008 -28"><span class='ocrx_word' id='word_1_302' title='bbox 488 4074 703 4139; x_wconf 79' lang='lat' dir='ltr'><strong><em>asserit,</em></strong></span> <span class='ocrx_word' id='word_1_303' title='bbox 724 4091 825 4129; x_wconf 88' lang='lat' dir='ltr'><strong><em>nec</em></strong></span> <span class='ocrx_word' id='word_1_304' title='bbox 843 4093 929 4145; x_wconf 87' lang='lat' dir='ltr'><strong><em>qm</em></strong></span> <span class='ocrx_word' id='word_1_305' title='bbox 953 4078 1241 4133; x_wconf 83' lang='lat' dir='ltr'><strong><em>secundam</em></strong></span> <span class='ocrx_word' id='word_1_306' title='bbox 1263 4094 1293 4132; x_wconf 91' lang='lat' dir='ltr'><strong><em>a</em></strong></span> <span class='ocrx_word' id='word_1_307' title='bbox 1314 4078 1695 4148; x_wconf 82' lang='lat' dir='ltr'><strong><em>Cltrysostomo</em></strong></span> <span class='ocrx_word' id='word_1_308' title='bbox 1716 4090 2075 4152; x_wconf 80' lang='lat' dir='ltr'><strong><em>oppugnatam</em></strong></span> 
     </span>
    </p>
   </div>
   <div class='ocr_carea' id='block_1_43' title="bbox 491 4162 1091 4234">
    <p class='ocr_par' dir='ltr' id='par_1_43' title="bbox 491 4162 1091 4234">
     <span class='ocr_line' id='line_1_43' title="bbox 491 4162 1091 4234; baseline 0.012 -18"><span class='ocrx_word' id='word_1_309' title='bbox 491 4162 753 4234; x_wconf 85' lang='lat' dir='ltr'><strong><em>hodieque</em></strong></span> <span class='ocrx_word' id='word_1_310' title='bbox 782 4166 1091 4223; x_wconf 81' lang='lat' dir='ltr'><strong><em>defendant.</em></strong></span> 
     </span>
    </p>
   </div>
   <div class='ocr_carea' id='block_1_44' title="bbox 563 4255 2072 4336">
    <p class='ocr_par' dir='ltr' id='par_1_44' title="bbox 563 4255 2072 4336">
     <span class='ocr_line' id='line_1_44' title="bbox 563 4255 2072 4336; baseline 0.006 -26"><span class='ocrx_word' id='word_1_311' title='bbox 563 4255 707 4312; x_wconf 88' lang='lat' dir='ltr'><strong><em>Hanc</em></strong></span> <span class='ocrx_word' id='word_1_312' title='bbox 732 4263 1041 4315; x_wconf 86' lang='lat' dir='ltr'><strong><em>concionem</em></strong></span> <span class='ocrx_word' id='word_1_313' title='bbox 1069 4262 1278 4331; x_wconf 77' lang='lat' dir='ltr'><strong><em>excepit</em></strong></span> <span class='ocrx_word' id='word_1_314' title='bbox 1303 4261 1529 4319; x_wconf 82' lang='lat' dir='ltr'><strong><em>llomilia</em></strong></span> <span class='ocrx_word' id='word_1_315' title='bbox 1559 4264 1643 4336; x_wconf 83' lang='grc' dir='ltr'><strong><em>(Τ.</em></strong></span> <span class='ocrx_word' id='word_1_316' title='bbox 1675 4264 1731 4319; x_wconf 76' lang='grc'>2.</span> <span class='ocrx_word' id='word_1_317' title='bbox 1765 4287 1811 4321; x_wconf 86' lang='lat' dir='ltr'><strong><em>c.</em></strong></span> <span class='ocrx_word' id='word_1_318' title='bbox 1835 4265 1971 4336; x_wconf 80' lang='lat'><strong><em>595)</em></strong></span> <span class='ocrx_word' id='word_1_319' title='bbox 2019 4266 2072 4319; x_wconf 92' lang='lat' dir='ltr'><strong><em>in</em></strong></span> 
     </span>
    </p>
   </div>
   <div class='ocr_carea' id='block_1_45' title="bbox 493 4349 2076 4427">
    <p class='ocr_par' dir='ltr' id='par_1_45' title="bbox 493 4349 2076 4427">
     <span class='ocr_line' id='line_1_45' title="bbox 493 4349 2076 4427; baseline 0.006 -25"><span class='ocrx_word' id='word_1_320' title='bbox 493 4349 550 4404; x_wconf 72' lang='grc' dir='ltr'><strong><em>Β.</em></strong></span> <span class='ocrx_word' id='word_1_321' title='bbox 588 4350 919 4405; x_wconf 81' lang='lat' dir='ltr'><strong><em>Eostathium</em></strong></span> <span class='ocrx_word' id='word_1_322' title='bbox 943 4354 1333 4409; x_wconf 79' lang='lat' dir='ltr'><strong><em>Antiochenam</em></strong></span> <span class='ocrx_word' id='word_1_323' title='bbox 1363 4353 1694 4426; x_wconf 76' lang='lat' dir='ltr'><strong><em>episeOpum,</em></strong></span> <span class='ocrx_word' id='word_1_324' title='bbox 1720 4356 1809 4427; x_wconf 91' lang='lat' dir='ltr'><strong><em>qui</em></strong></span> <span class='ocrx_word' id='word_1_325' title='bbox 1830 4356 1897 4411; x_wconf 89' lang='lat' dir='ltr'><strong><em>ab</em></strong></span> <span class='ocrx_word' id='word_1_326' title='bbox 1920 4357 2076 4411; x_wconf 82' lang='lat' dir='ltr'><strong><em>Aria-</em></strong></span> 
     </span>
    </p>
   </div>
   <div class='ocr_carea' id='block_1_46' title="bbox 492 4443 2074 4514">
    <p class='ocr_par' dir='ltr' id='par_1_46' title="bbox 492 4443 2074 4514">
     <span class='ocr_line' id='line_1_46' title="bbox 492 4443 2074 4514; baseline 0.004 -16"><span class='ocrx_word' id='word_1_327' title='bbox 492 4445 595 4509; x_wconf 88' lang='lat' dir='ltr'><strong><em>nis,</em></strong></span> <span class='ocrx_word' id='word_1_328' title='bbox 616 4444 767 4514; x_wconf 85' lang='lat' dir='ltr'><strong><em>queis</em></strong></span> <span class='ocrx_word' id='word_1_329' title='bbox 787 4444 1073 4498; x_wconf 86' lang='lat' dir='ltr'><strong><em>admodum</em></strong></span> <span class='ocrx_word' id='word_1_330' title='bbox 1096 4443 1320 4499; x_wconf 87' lang='lat' dir='ltr'><strong><em>infestus</em></strong></span> <span class='ocrx_word' id='word_1_331' title='bbox 1340 4456 1475 4510; x_wconf 88' lang='lat' dir='ltr'><strong><em>erat,</em></strong></span> <span class='ocrx_word' id='word_1_332' title='bbox 1501 4447 1793 4513; x_wconf 86' lang='lat' dir='ltr'><strong><em>abdicatus,</em></strong></span> <span class='ocrx_word' id='word_1_333' title='bbox 1810 4457 1864 4504; x_wconf 90' lang='lat' dir='ltr'><strong><em>et</em></strong></span> <span class='ocrx_word' id='word_1_334' title='bbox 1888 4465 2074 4505; x_wconf 90' lang='lat' dir='ltr'><strong><em>eorum</em></strong></span> 
     </span>
    </p>
   </div>
   <div class='ocr_carea' id='block_1_47' title="bbox 491 4536 2075 4607">
    <p class='ocr_par' dir='ltr' id='par_1_47' title="bbox 491 4536 2075 4607">
     <span class='ocr_line' id='line_1_47' title="bbox 491 4536 2075 4607; baseline 0.004 -16"><span class='ocrx_word' id='word_1_335' title='bbox 491 4553 654 4607; x_wconf 85' lang='lat' dir='ltr'><strong><em>opera</em></strong></span> <span class='ocrx_word' id='word_1_336' title='bbox 695 4538 747 4592; x_wconf 93' lang='lat' dir='ltr'><strong><em>in</em></strong></span> <span class='ocrx_word' id='word_1_337' title='bbox 770 4536 1017 4592; x_wconf 78' lang='lat' dir='ltr'><strong><em>exsilium</em></strong></span> <span class='ocrx_word' id='word_1_338' title='bbox 1056 4538 1375 4592; x_wconf 86' lang='lat' dir='ltr'><strong><em>amandalus</em></strong></span> <span class='ocrx_word' id='word_1_339' title='bbox 1406 4540 1594 4594; x_wconf 85' lang='lat' dir='ltr'><strong><em>fuerat.</em></strong></span> <span class='ocrx_word' id='word_1_340' title='bbox 1637 4541 1713 4595; x_wconf 87' lang='lat' dir='ltr'><strong><em>De</em></strong></span> <span class='ocrx_word' id='word_1_341' title='bbox 1751 4541 1872 4596; x_wconf 89' lang='lat' dir='ltr'><strong><em>loco</em></strong></span> <span class='ocrx_word' id='word_1_342' title='bbox 1900 4543 2075 4597; x_wconf 80' lang='lat' dir='ltr'><strong><em>exsilii</em></strong></span> 
     </span>
    </p>
   </div>
   <div class='ocr_carea' id='block_1_48' title="bbox 491 4628 2074 4705">
    <p class='ocr_par' dir='ltr' id='par_1_48' title="bbox 491 4628 2074 4705">
     <span class='ocr_line' id='line_1_48' title="bbox 491 4628 2074 4705; baseline 0.003 -23"><span class='ocrx_word' id='word_1_343' title='bbox 491 4646 598 4683; x_wconf 84' lang='lat' dir='ltr'><strong><em>non</em></strong></span> <span class='ocrx_word' id='word_1_344' title='bbox 627 4644 729 4685; x_wconf 89' lang='lat' dir='ltr'><strong><em>una</em></strong></span> <span class='ocrx_word' id='word_1_345' title='bbox 758 4638 844 4684; x_wconf 89' lang='lat' dir='ltr'><strong><em>est</em></strong></span> <span class='ocrx_word' id='word_1_346' title='bbox 870 4629 1170 4696; x_wconf 88' lang='lat' dir='ltr'><strong><em>sententia;</em></strong></span> <span class='ocrx_word' id='word_1_347' title='bbox 1220 4628 1566 4702; x_wconf 82' lang='lat' dir='ltr'><strong><em>Hieronymo,</em></strong></span> <span class='ocrx_word' id='word_1_348' title='bbox 1607 4632 1697 4701; x_wconf 93' lang='lat' dir='ltr'><strong><em>qui</em></strong></span> <span class='ocrx_word' id='word_1_349' title='bbox 1741 4630 1871 4687; x_wconf 90' lang='lat' dir='ltr'><strong><em>dicit</em></strong></span> <span class='ocrx_word' id='word_1_350' title='bbox 1902 4634 2074 4705; x_wconf 82' lang='lat' dir='ltr'><strong><em>ipsum</em></strong></span> 
     </span>
    </p>
   </div>
   <div class='ocr_carea' id='block_1_49' title="bbox 490 4721 2075 4794">
    <p class='ocr_par' dir='ltr' id='par_1_49' title="bbox 490 4721 2075 4794">
     <span class='ocr_line' id='line_1_49' title="bbox 490 4721 2075 4794; baseline 0.004 -18"><span class='ocrx_word' id='word_1_351' title='bbox 490 4721 888 4792; x_wconf 82' lang='lat' dir='ltr'><strong><em>&#39;l‘rajanOpOIim</em></strong></span> <span class='ocrx_word' id='word_1_352' title='bbox 942 4723 995 4777; x_wconf 90' lang='lat' dir='ltr'><strong><em>in</em></strong></span> <span class='ocrx_word' id='word_1_353' title='bbox 1041 4722 1270 4778; x_wconf 83' lang='lat' dir='ltr'><strong><em>Thracia</em></strong></span> <span class='ocrx_word' id='word_1_354' title='bbox 1321 4723 1622 4794; x_wconf 84' lang='lat' dir='ltr'><strong><em>ablegatum</em></strong></span> <span class='ocrx_word' id='word_1_355' title='bbox 1673 4724 1837 4779; x_wconf 83' lang='lat' dir='ltr'><strong><em>fuisse</em></strong></span> <span class='ocrx_word' id='word_1_356' title='bbox 1866 4767 1881 4791; x_wconf 91' lang='lat'><strong><em>,</em></strong></span> <span class='ocrx_word' id='word_1_357' title='bbox 1933 4728 2075 4782; x_wconf 88' lang='lat' dir='ltr'><strong><em>favet</em></strong></span> 
     </span>
    </p>
   </div>
   <div class='ocr_carea' id='block_1_50' title="bbox 487 4814 2071 4885">
    <p class='ocr_par' dir='ltr' id='par_1_50' title="bbox 487 4814 2071 4885">
     <span class='ocr_line' id='line_1_50' title="bbox 487 4814 2071 4885; baseline 0.006 -18"><span class='ocrx_word' id='word_1_358' title='bbox 487 4814 922 4885; x_wconf 74' lang='lat' dir='ltr'><strong><em>Chrysostomns,</em></strong></span> <span class='ocrx_word' id='word_1_359' title='bbox 957 4815 1046 4883; x_wconf 89' lang='lat' dir='ltr'><strong><em>qui</em></strong></span> <span class='ocrx_word' id='word_1_360' title='bbox 1091 4817 1166 4869; x_wconf 89' lang='lat' dir='ltr'><strong><em>ait</em></strong></span> <span class='ocrx_word' id='word_1_361' title='bbox 1190 4814 1308 4884; x_wconf 89' lang='lat' dir='ltr'><strong><em>ejus</em></strong></span> <span class='ocrx_word' id='word_1_362' title='bbox 1347 4830 1542 4885; x_wconf 89' lang='lat' dir='ltr'><strong><em>corpus</em></strong></span> <span class='ocrx_word' id='word_1_363' title='bbox 1577 4816 1629 4869; x_wconf 89' lang='lat' dir='ltr'><strong><em>in</em></strong></span> <span class='ocrx_word' id='word_1_364' title='bbox 1648 4816 1884 4873; x_wconf 85' lang='lat' dir='ltr'><strong><em>&#39;Thraeia</em></strong></span> <span class='ocrx_word' id='word_1_365' title='bbox 1932 4835 2071 4875; x_wconf 88' lang='lat' dir='ltr'><strong><em>esse.</em></strong></span> 
     </span>
    </p>
   </div>
   <div class='ocr_carea' id='block_1_51' title="bbox 488 4906 2076 4978">
    <p class='ocr_par' dir='ltr' id='par_1_51' title="bbox 488 4906 2076 4978">
     <span class='ocr_line' id='line_1_51' title="bbox 488 4906 2076 4978; baseline 0.004 -15"><span class='ocrx_word' id='word_1_366' title='bbox 488 4908 604 4963; x_wconf 81' lang='lat' dir='ltr'><strong><em>Alia</em></strong></span> <span class='ocrx_word' id='word_1_367' title='bbox 631 4907 855 4978; x_wconf 87' lang='lat' dir='ltr'><strong><em>plurima</em></strong></span> <span class='ocrx_word' id='word_1_368' title='bbox 883 4909 951 4963; x_wconf 91' lang='lat' dir='ltr'><strong><em>de</em></strong></span> <span class='ocrx_word' id='word_1_369' title='bbox 975 4906 1257 4962; x_wconf 87' lang='lat' dir='ltr'><strong><em>Eustatbio</em></strong></span> <span class='ocrx_word' id='word_1_370' title='bbox 1285 4909 1516 4963; x_wconf 81' lang='lat' dir='ltr'><strong><em>diximus</em></strong></span> <span class='ocrx_word' id='word_1_371' title='bbox 1543 4911 1598 4963; x_wconf 91' lang='lat' dir='ltr'><strong><em>in</em></strong></span> <span class='ocrx_word' id='word_1_372' title='bbox 1618 4908 1818 4966; x_wconf 66' lang='lat' dir='ltr'><strong><em>Moni‘to</em></strong></span> <span class='ocrx_word' id='word_1_373' title='bbox 1840 4913 1905 4967; x_wconf 89' lang='lat' dir='ltr'><strong><em>ad</em></strong></span> <span class='ocrx_word' id='word_1_374' title='bbox 1938 4914 2076 4970; x_wconf 88' lang='lat' dir='ltr'><strong><em>hanc</em></strong></span> 
     </span>
    </p>
   </div>
   <div class='ocr_carea' id='block_1_52' title="bbox 489 5000 2075 5071">
    <p class='ocr_par' dir='ltr' id='par_1_52' title="bbox 489 5000 2075 5071">
     <span class='ocr_line' id='line_1_52' title="bbox 489 5000 2075 5071; baseline 0.006 -17"><span class='ocrx_word' id='word_1_375' title='bbox 489 5000 825 5067; x_wconf 85' lang='lat' dir='ltr'><strong><em>concionem,</em></strong></span> <span class='ocrx_word' id='word_1_376' title='bbox 871 5000 960 5054; x_wconf 91' lang='lat' dir='ltr'><strong><em>ubi</em></strong></span> <span class='ocrx_word' id='word_1_377' title='bbox 1004 5001 1125 5055; x_wconf 84' lang='lat' dir='ltr'><strong><em>vide</em></strong></span> <span class='ocrx_word' id='word_1_378' title='bbox 1163 5001 1257 5054; x_wconf 87' lang='lat' dir='ltr'><strong><em>sis.</em></strong></span> <span class='ocrx_word' id='word_1_379' title='bbox 1304 5000 1360 5055; x_wconf 89' lang='lat' dir='ltr'><strong><em>In</em></strong></span> <span class='ocrx_word' id='word_1_380' title='bbox 1389 5001 1504 5071; x_wconf 85' lang='lat' dir='ltr'><strong><em>ejus</em></strong></span> <span class='ocrx_word' id='word_1_381' title='bbox 1532 5011 1709 5057; x_wconf 88' lang='lat' dir='ltr'><strong><em>autem</em></strong></span> <span class='ocrx_word' id='word_1_382' title='bbox 1735 5004 2075 5066; x_wconf 74' lang='lat' dir='ltr'><strong><em>abdicatione</em></strong></span> 
     </span>
    </p>
   </div>
   <div class='ocr_carea' id='block_1_53' title="bbox 490 5094 2075 5164">
    <p class='ocr_par' dir='ltr' id='par_1_53' title="bbox 490 5094 2075 5164">
     <span class='ocr_line' id='line_1_53' title="bbox 490 5094 2075 5164; baseline 0.005 -17"><span class='ocrx_word' id='word_1_383' title='bbox 490 5102 598 5149; x_wconf 86' lang='lat' dir='ltr'><strong><em>tota</em></strong></span> <span class='ocrx_word' id='word_1_384' title='bbox 633 5110 769 5164; x_wconf 89' lang='lat' dir='ltr'><strong><em>pene</em></strong></span> <span class='ocrx_word' id='word_1_385' title='bbox 792 5094 1057 5149; x_wconf 82' lang='lat' dir='ltr'><strong><em>seditione</em></strong></span> <span class='ocrx_word' id='word_1_386' title='bbox 1098 5094 1446 5164; x_wconf 80' lang='lat' dir='ltr'><strong><em>conﬂagravit</em></strong></span> <span class='ocrx_word' id='word_1_387' title='bbox 1489 5097 1792 5152; x_wconf 85' lang='lat' dir='ltr'><strong><em>Antiochia.</em></strong></span> <span class='ocrx_word' id='word_1_388' title='bbox 1840 5100 2075 5156; x_wconf 83' lang='lat' dir='ltr'><strong><em>Armatis</em></strong></span> 
     </span>
    </p>
   </div>
   <div class='ocr_carea' id='block_1_54' title="bbox 490 5186 2073 5258">
    <p class='ocr_par' dir='ltr' id='par_1_54' title="bbox 490 5186 2073 5258">
     <span class='ocr_line' id='line_1_54' title="bbox 490 5186 2073 5258; baseline 0.005 -19"><span class='ocrx_word' id='word_1_389' title='bbox 490 5188 632 5239; x_wconf 86' lang='lat' dir='ltr'><strong><em>enim</em></strong></span> <span class='ocrx_word' id='word_1_390' title='bbox 662 5187 927 5256; x_wconf 87' lang='lat' dir='ltr'><strong><em>utrimque</em></strong></span> <span class='ocrx_word' id='word_1_391' title='bbox 952 5186 1215 5256; x_wconf 87' lang='lat' dir='ltr'><strong><em>partibus,</em></strong></span> <span class='ocrx_word' id='word_1_392' title='bbox 1239 5186 1565 5258; x_wconf 87' lang='lat' dir='ltr'><strong><em>adseitisque</em></strong></span> <span class='ocrx_word' id='word_1_393' title='bbox 1590 5189 1865 5255; x_wconf 88' lang='lat' dir='ltr'><strong><em>militibus,</em></strong></span> <span class='ocrx_word' id='word_1_394' title='bbox 1894 5193 2073 5247; x_wconf 91' lang='lat' dir='ltr'><strong><em>omnia</em></strong></span> 
     </span>
    </p>
   </div>
   <div class='ocr_carea' id='block_1_55' title="bbox 487 5277 2073 5355">
    <p class='ocr_par' dir='ltr' id='par_1_55' title="bbox 487 5277 2073 5355">
     <span class='ocr_line' id='line_1_55' title="bbox 487 5277 2073 5355; baseline 0.006 -25"><span class='ocrx_word' id='word_1_395' title='bbox 487 5287 642 5331; x_wconf 82' lang='lat' dir='ltr'><strong><em>erant</em></strong></span> <span class='ocrx_word' id='word_1_396' title='bbox 662 5277 728 5331; x_wconf 87' lang='lat' dir='ltr'><strong><em>ad</em></strong></span> <span class='ocrx_word' id='word_1_397' title='bbox 752 5293 979 5348; x_wconf 86' lang='lat' dir='ltr'><strong><em>pugnant</em></strong></span> <span class='ocrx_word' id='word_1_398' title='bbox 1006 5288 1061 5333; x_wconf 90' lang='lat' dir='ltr'><strong><em>et</em></strong></span> <span class='ocrx_word' id='word_1_399' title='bbox 1091 5277 1410 5355; x_wconf 79' lang='lat' dir='ltr'><strong><em>horrendam</em></strong></span> <span class='ocrx_word' id='word_1_400' title='bbox 1438 5281 1644 5336; x_wconf 86' lang='lat' dir='ltr'><strong><em>cladem</em></strong></span> <span class='ocrx_word' id='word_1_401' title='bbox 1684 5292 1867 5352; x_wconf 78' lang='lat' dir='ltr'><strong><em>parata</em></strong></span> <span class='ocrx_word' id='word_1_402' title='bbox 1895 5301 1909 5349; x_wconf 88' lang='lat'><strong><em>;</em></strong></span> <span class='ocrx_word' id='word_1_403' title='bbox 1942 5301 2073 5339; x_wconf 86' lang='lat' dir='ltr'><strong><em>ven-</em></strong></span> 
     </span>
    </p>
   </div>
   <div class='ocr_carea' id='block_1_56' title="bbox 487 5371 2073 5448">
    <p class='ocr_par' dir='ltr' id='par_1_56' title="bbox 487 5371 2073 5448">
     <span class='ocr_line' id='line_1_56' title="bbox 487 5371 2073 5448; baseline 0.004 -23"><span class='ocrx_word' id='word_1_404' title='bbox 487 5380 707 5442; x_wconf 89' lang='lat' dir='ltr'><strong><em>tumque</em></strong></span> <span class='ocrx_word' id='word_1_405' title='bbox 735 5371 917 5427; x_wconf 83' lang='lat' dir='ltr'><strong><em>foisset</em></strong></span> <span class='ocrx_word' id='word_1_406' title='bbox 938 5371 1005 5427; x_wconf 91' lang='lat' dir='ltr'><strong><em>ad</em></strong></span> <span class='ocrx_word' id='word_1_407' title='bbox 1034 5372 1259 5444; x_wconf 76' lang='lat' dir='ltr'><strong><em>gladios,</em></strong></span> <span class='ocrx_word' id='word_1_408' title='bbox 1284 5374 1391 5427; x_wconf 81' lang='lat' dir='ltr'><strong><em>nisi</em></strong></span> <span class='ocrx_word' id='word_1_409' title='bbox 1427 5376 1866 5444; x_wconf 72' lang='lat' dir='ltr'><strong><em>supervenientes</em></strong></span> <span class='ocrx_word' id='word_1_410' title='bbox 1903 5376 2073 5448; x_wconf 85' lang='lat' dir='ltr'><strong><em>Impe-</em></strong></span> 
     </span>
    </p>
   </div>
   <div class='ocr_carea' id='block_1_57' title="bbox 487 5464 2074 5539">
    <p class='ocr_par' dir='ltr' id='par_1_57' title="bbox 487 5464 2074 5539">
     <span class='ocr_line' id='line_1_57' title="bbox 487 5464 2074 5539; baseline 0.004 -21"><span class='ocrx_word' id='word_1_411' title='bbox 487 5465 683 5518; x_wconf 86' lang='lat' dir='ltr'><strong><em>ratoris</em></strong></span> <span class='ocrx_word' id='word_1_412' title='bbox 740 5464 909 5519; x_wconf 86' lang='lat' dir='ltr'><strong><em>literae</em></strong></span> <span class='ocrx_word' id='word_1_413' title='bbox 964 5465 1179 5536; x_wconf 90' lang='lat' dir='ltr'><strong><em>plebem</em></strong></span> <span class='ocrx_word' id='word_1_414' title='bbox 1234 5467 1711 5536; x_wconf 83' lang='lat' dir='ltr'><strong><em>compescuisscnt.</em></strong></span> <span class='ocrx_word' id='word_1_415' title='bbox 1765 5466 2074 5539; x_wconf 88' lang='lat' dir='ltr'><strong><em>Tamcnqne</em></strong></span> 
     </span>
    </p>
   </div>
   <div class='ocr_carea' id='block_1_58' title="bbox 488 5559 2071 5630">
    <p class='ocr_par' dir='ltr' id='par_1_58' title="bbox 488 5559 2071 5630">
     <span class='ocr_line' id='line_1_58' title="bbox 488 5559 2071 5630; baseline 0 -15"><span class='ocrx_word' id='word_1_416' title='bbox 488 5559 672 5615; x_wconf 82' lang='lat' dir='ltr'><strong><em>Ariani</em></strong></span> <span class='ocrx_word' id='word_1_417' title='bbox 702 5575 813 5615; x_wconf 76' lang='lat' dir='ltr'><strong><em>sua:</em></strong></span> <span class='ocrx_word' id='word_1_418' title='bbox 841 5569 1002 5615; x_wconf 73' lang='lat' dir='ltr'><strong><em>sectte</em></strong></span> <span class='ocrx_word' id='word_1_419' title='bbox 1023 5559 1295 5617; x_wconf 88' lang='lat' dir='ltr'><strong><em>hominem</em></strong></span> <span class='ocrx_word' id='word_1_420' title='bbox 1323 5562 1631 5630; x_wconf 73' lang='lat' dir='ltr'><strong><em>episc0pam</em></strong></span> <span class='ocrx_word' id='word_1_421' title='bbox 1658 5561 2071 5617; x_wconf 89' lang='lat' dir='ltr'><strong><em>constituerunt.</em></strong></span> 
     </span>
    </p>
   </div>
   <div class='ocr_carea' id='block_1_59' title="bbox 491 5650 2070 5723">
    <p class='ocr_par' dir='ltr' id='par_1_59' title="bbox 491 5650 2070 5723">
     <span class='ocr_line' id='line_1_59' title="bbox 491 5650 2070 5723; baseline 0.001 -19"><span class='ocrx_word' id='word_1_422' title='bbox 491 5652 801 5723; x_wconf 88' lang='lat' dir='ltr'><strong><em>Deindeque</em></strong></span> <span class='ocrx_word' id='word_1_423' title='bbox 835 5650 1094 5708; x_wconf 88' lang='lat' dir='ltr'><strong><em>Catholici</em></strong></span> <span class='ocrx_word' id='word_1_424' title='bbox 1122 5652 1175 5706; x_wconf 92' lang='lat' dir='ltr'><strong><em>in</em></strong></span> <span class='ocrx_word' id='word_1_425' title='bbox 1196 5651 1328 5706; x_wconf 90' lang='lat' dir='ltr'><strong><em>duas</em></strong></span> <span class='ocrx_word' id='word_1_426' title='bbox 1347 5660 1403 5708; x_wconf 91' lang='lat' dir='ltr'><strong><em>et</em></strong></span> <span class='ocrx_word' id='word_1_427' title='bbox 1428 5652 1526 5723; x_wconf 91' lang='lat' dir='ltr'><strong><em>ipsi</em></strong></span> <span class='ocrx_word' id='word_1_428' title='bbox 1553 5662 1732 5722; x_wconf 89' lang='lat' dir='ltr'><strong><em>partes</em></strong></span> <span class='ocrx_word' id='word_1_429' title='bbox 1753 5652 1907 5707; x_wconf 82' lang='lat' dir='ltr'><strong><em>divisi</em></strong></span> <span class='ocrx_word' id='word_1_430' title='bbox 1929 5663 2070 5707; x_wconf 87' lang='lat' dir='ltr'><strong><em>sunt:</em></strong></span> 
     </span>
    </p>
   </div>
   <div class='ocr_carea' id='block_1_60' title="bbox 489 5744 2072 5819">
    <p class='ocr_par' dir='ltr' id='par_1_60' title="bbox 489 5744 2072 5819">
     <span class='ocr_line' id='line_1_60' title="bbox 489 5744 2072 5819; baseline 0.002 -18"><span class='ocrx_word' id='word_1_431' title='bbox 489 5758 607 5815; x_wconf 62' lang='lat' dir='ltr'><strong><em>qua</em></strong></span> <span class='ocrx_word' id='word_1_432' title='bbox 644 5748 821 5803; x_wconf 77' lang='lat' dir='ltr'><strong><em>omnia</em></strong></span> <span class='ocrx_word' id='word_1_433' title='bbox 847 5746 958 5817; x_wconf 90' lang='lat' dir='ltr'><strong><em>jam</em></strong></span> <span class='ocrx_word' id='word_1_434' title='bbox 985 5744 1220 5804; x_wconf 76' lang='lat' dir='ltr'><strong><em>diximus</em></strong></span> <span class='ocrx_word' id='word_1_435' title='bbox 1249 5761 1408 5819; x_wconf 83' lang='lat' dir='ltr'><strong><em>supra</em></strong></span> <span class='ocrx_word' id='word_1_436' title='bbox 1440 5756 1491 5805; x_wconf 88' lang='lat' dir='ltr'><strong><em>et</em></strong></span> <span class='ocrx_word' id='word_1_437' title='bbox 1523 5746 1576 5803; x_wconf 86' lang='lat' dir='ltr'><strong><em>in</em></strong></span> <span class='ocrx_word' id='word_1_438' title='bbox 1620 5746 1812 5807; x_wconf 85' lang='lat' dir='ltr'><strong><em>eodem</em></strong></span> <span class='ocrx_word' id='word_1_439' title='bbox 1850 5746 2072 5805; x_wconf 78' lang='lat' dir='ltr'><strong><em>Monito.</em></strong></span> 
     </span>
    </p>
   </div>
   <div class='ocr_carea' id='block_1_61' title="bbox 1561 278 2674 347">
    <p class='ocr_par' dir='ltr' id='par_1_61' title="bbox 1561 278 2674 347">
     <span class='ocr_line' id='line_1_61' title="bbox 1561 278 2674 347; baseline -0.004 -5"><span class='ocrx_word' id='word_1_440' title='bbox 1561 286 1619 342; x_wconf 85' lang='lat' dir='ltr'><strong><em>S.</em></strong></span> <span class='ocrx_word' id='word_1_441' title='bbox 1657 284 1937 342; x_wconf 72' lang='lat' dir='ltr'><strong><em>JOANNIS</em></strong></span> <span class='ocrx_word' id='word_1_442' title='bbox 1975 278 2450 339; x_wconf 74' lang='lat' dir='ltr'><strong><em>CHRYSOSTOMI</em></strong></span> <span class='ocrx_word' id='word_1_443' title='bbox 2489 282 2674 347; x_wconf 70' lang='lat' dir='ltr'><strong><em>WTA,</em></strong></span> 
     </span>
    </p>
   </div>
   <div class='ocr_carea' id='block_1_62' title="bbox 3642 282 3747 339">
    <p class='ocr_par' dir='ltr' id='par_1_62' title="bbox 3642 282 3747 339">
     <span class='ocr_line' id='line_1_62' title="bbox 3642 282 3747 339; baseline 0.01 -1"><span class='ocrx_word' id='word_1_444' title='bbox 3642 282 3747 339; x_wconf 65' lang='grc'><strong><em>153</em></strong></span> 
     </span>
    </p>
   </div>
   <div class='ocr_carea' id='block_1_63' title="bbox 2234 396 3751 470">
    <p class='ocr_par' dir='ltr' id='par_1_63' title="bbox 2234 396 3751 470">
     <span class='ocr_line' id='line_1_63' title="bbox 2234 396 3751 470; baseline 0.003 -18"><span class='ocrx_word' id='word_1_445' title='bbox 2234 396 2363 453; x_wconf 79' lang='lat' dir='ltr'><strong><em>Post</em></strong></span> <span class='ocrx_word' id='word_1_446' title='bbox 2406 397 2688 454; x_wconf 81' lang='lat' dir='ltr'><strong><em>Homiliam</em></strong></span> <span class='ocrx_word' id='word_1_447' title='bbox 2734 399 2786 454; x_wconf 91' lang='lat' dir='ltr'><strong><em>in</em></strong></span> <span class='ocrx_word' id='word_1_448' title='bbox 2832 399 2890 457; x_wconf 85' lang='lat' dir='ltr'><strong><em>S.</em></strong></span> <span class='ocrx_word' id='word_1_449' title='bbox 2942 399 3276 459; x_wconf 67' lang='lat' dir='ltr'><strong><em>Eustathium</em></strong></span> <span class='ocrx_word' id='word_1_450' title='bbox 3315 396 3405 470; x_wconf 74' lang='grc' dir='ltr'><strong><em>(Τ.</em></strong></span> <span class='ocrx_word' id='word_1_451' title='bbox 3447 396 3504 455; x_wconf 61' lang='grc' dir='ltr'>Ω.</span> <span class='ocrx_word' id='word_1_452' title='bbox 3543 413 3592 452; x_wconf 84' lang='lat' dir='ltr'><strong><em>c.</em></strong></span> <span class='ocrx_word' id='word_1_453' title='bbox 3620 397 3751 469; x_wconf 76' lang='lat'><strong><em>605)</em></strong></span> 
     </span>
    </p>
   </div>
   <div class='ocr_carea' id='block_1_64' title="bbox 2161 488 3749 562">
    <p class='ocr_par' dir='ltr' id='par_1_64' title="bbox 2161 488 3749 562">
     <span class='ocr_line' id='line_1_64' title="bbox 2161 488 3749 562; baseline 0.003 -18"><span class='ocrx_word' id='word_1_454' title='bbox 2161 488 2578 562; x_wconf 79' lang='lat' dir='ltr'><strong><em>Chrysostomus</em></strong></span> <span class='ocrx_word' id='word_1_455' title='bbox 2607 492 2918 548; x_wconf 84' lang='lat' dir='ltr'><strong><em>Encomium</em></strong></span> <span class='ocrx_word' id='word_1_456' title='bbox 2945 498 2999 547; x_wconf 83' lang='lat' dir='ltr'><strong><em>tn</em></strong></span> <span class='ocrx_word' id='word_1_457' title='bbox 3035 492 3092 549; x_wconf 88' lang='lat' dir='ltr'><strong><em>S.</em></strong></span> <span class='ocrx_word' id='word_1_458' title='bbox 3124 493 3424 548; x_wconf 77' lang='lat' dir='ltr'><strong><em>Romanum</em></strong></span> <span class='ocrx_word' id='word_1_459' title='bbox 3454 492 3749 548; x_wconf 61' lang='lat' dir='ltr'><strong><em>Anttoeheo</em></strong></span> 
     </span>
    </p>
   </div>
   <div class='ocr_carea' id='block_1_65' title="bbox 2164 581 3752 655">
    <p class='ocr_par' dir='ltr' id='par_1_65' title="bbox 2164 581 3752 655">
     <span class='ocr_line' id='line_1_65' title="bbox 2164 581 3752 655; baseline 0.003 -19"><span class='ocrx_word' id='word_1_460' title='bbox 2164 597 2292 636; x_wconf 86' lang='lat' dir='ltr'><strong><em>num</em></strong></span> <span class='ocrx_word' id='word_1_461' title='bbox 2320 581 2605 654; x_wconf 81' lang='lat' dir='ltr'><strong><em>Martyrem</em></strong></span> <span class='ocrx_word' id='word_1_462' title='bbox 2636 585 2877 654; x_wconf 86' lang='lat' dir='ltr'><strong><em>protulit.</em></strong></span> <span class='ocrx_word' id='word_1_463' title='bbox 2905 584 2971 639; x_wconf 89' lang='lat' dir='ltr'><strong><em>de</em></strong></span> <span class='ocrx_word' id='word_1_464' title='bbox 2996 600 3107 655; x_wconf 89' lang='lat' dir='ltr'><strong><em>quo</em></strong></span> <span class='ocrx_word' id='word_1_465' title='bbox 3131 585 3383 642; x_wconf 82' lang='lat' dir='ltr'><strong><em>nonnulla</em></strong></span> <span class='ocrx_word' id='word_1_466' title='bbox 3421 594 3548 644; x_wconf 87' lang='lat' dir='ltr'><strong><em>sunt</em></strong></span> <span class='ocrx_word' id='word_1_467' title='bbox 3575 584 3627 641; x_wconf 89' lang='lat' dir='ltr'><strong><em>in</em></strong></span> <span class='ocrx_word' id='word_1_468' title='bbox 3654 585 3752 641; x_wconf 84' lang='lat' dir='ltr'><strong><em>du-</em></strong></span> 
     </span>
    </p>
   </div>
   <div class='ocr_carea' id='block_1_66' title="bbox 2165 675 3752 748">
    <p class='ocr_par' dir='ltr' id='par_1_66' title="bbox 2165 675 3752 748">
     <span class='ocr_line' id='line_1_66' title="bbox 2165 675 3752 748; baseline 0.002 -18"><span class='ocrx_word' id='word_1_469' title='bbox 2165 675 2312 731; x_wconf 90' lang='lat' dir='ltr'><strong><em>bium</em></strong></span> <span class='ocrx_word' id='word_1_470' title='bbox 2343 685 2546 741; x_wconf 88' lang='lat' dir='ltr'><strong><em>vocata,</em></strong></span> <span class='ocrx_word' id='word_1_471' title='bbox 2576 691 2695 747; x_wconf 72' lang='lat' dir='ltr'><strong><em>qua:</em></strong></span> <span class='ocrx_word' id='word_1_472' title='bbox 2738 676 2793 732; x_wconf 91' lang='lat' dir='ltr'><strong><em>in</em></strong></span> <span class='ocrx_word' id='word_1_473' title='bbox 2822 676 3022 732; x_wconf 69' lang='lat' dir='ltr'><strong><em>blonito</em></strong></span> <span class='ocrx_word' id='word_1_474' title='bbox 3054 677 3447 748; x_wconf 79' lang='lat' dir='ltr'><strong><em>expenduntur.</em></strong></span> <span class='ocrx_word' id='word_1_475' title='bbox 3478 676 3752 733; x_wconf 79' lang='lat' dir='ltr'><strong><em>Romanus</em></strong></span> 
     </span>
    </p>
   </div>
   <div class='ocr_carea' id='block_1_67' title="bbox 2165 766 3753 839">
    <p class='ocr_par' dir='ltr' id='par_1_67' title="bbox 2165 766 3753 839">
     <span class='ocr_line' id='line_1_67' title="bbox 2165 766 3753 839; baseline 0.001 -18"><span class='ocrx_word' id='word_1_476' title='bbox 2165 766 2256 821; x_wconf 90' lang='lat' dir='ltr'><strong><em>ille</em></strong></span> <span class='ocrx_word' id='word_1_477' title='bbox 2302 774 2402 833; x_wconf 88' lang='lat' dir='ltr'><strong><em>est,</em></strong></span> <span class='ocrx_word' id='word_1_478' title='bbox 2433 768 2521 837; x_wconf 86' lang='lat' dir='ltr'><strong><em>qui</em></strong></span> <span class='ocrx_word' id='word_1_479' title='bbox 2566 777 2845 838; x_wconf 89' lang='lat' dir='ltr'><strong><em>postquam</em></strong></span> <span class='ocrx_word' id='word_1_480' title='bbox 2886 768 3063 838; x_wconf 81' lang='lat' dir='ltr'><strong><em>lingua</em></strong></span> <span class='ocrx_word' id='word_1_481' title='bbox 3091 776 3363 838; x_wconf 85' lang='lat' dir='ltr'><strong><em>amputata</em></strong></span> <span class='ocrx_word' id='word_1_482' title='bbox 3406 768 3508 839; x_wconf 87' lang='lat' dir='ltr'><strong><em>ipsi</em></strong></span> <span class='ocrx_word' id='word_1_483' title='bbox 3545 767 3661 833; x_wconf 85' lang='lat' dir='ltr'><strong><em>fuit,</em></strong></span> <span class='ocrx_word' id='word_1_484' title='bbox 3694 777 3753 823; x_wconf 78' lang='lat' dir='ltr'><strong><em>ut</em></strong></span> 
     </span>
    </p>
   </div>
   <div class='ocr_carea' id='block_1_68' title="bbox 2166 859 3753 930">
    <p class='ocr_par' dir='ltr' id='par_1_68' title="bbox 2166 859 3753 930">
     <span class='ocr_line' id='line_1_68' title="bbox 2166 859 3753 930; baseline -0.003 -16"><span class='ocrx_word' id='word_1_485' title='bbox 2166 868 2322 915; x_wconf 88' lang='lat' dir='ltr'><strong><em>antea</em></strong></span> <span class='ocrx_word' id='word_1_486' title='bbox 2348 859 2683 930; x_wconf 88' lang='lat' dir='ltr'><strong><em>loquebatur.</em></strong></span> <span class='ocrx_word' id='word_1_487' title='bbox 2707 861 2887 915; x_wconf 85' lang='lat' dir='ltr'><strong><em>Altera</em></strong></span> <span class='ocrx_word' id='word_1_488' title='bbox 2912 861 2965 915; x_wconf 90' lang='lat' dir='ltr'><strong><em>in</em></strong></span> <span class='ocrx_word' id='word_1_489' title='bbox 2987 860 3048 919; x_wconf 90' lang='lat' dir='ltr'><strong><em>S.</em></strong></span> <span class='ocrx_word' id='word_1_490' title='bbox 3074 860 3374 919; x_wconf 80' lang='lat' dir='ltr'><strong><em>Romanum</em></strong></span> <span class='ocrx_word' id='word_1_491' title='bbox 3403 859 3622 916; x_wconf 87' lang='lat' dir='ltr'><strong><em>ltomilia</em></strong></span> <span class='ocrx_word' id='word_1_492' title='bbox 3650 861 3753 915; x_wconf 70' lang='lat' dir='ltr'><strong><em>ibi.</em></strong></span> 
     </span>
    </p>
   </div>
   <div class='ocr_carea' id='block_1_69' title="bbox 2166 951 3750 1024">
    <p class='ocr_par' dir='ltr' id='par_1_69' title="bbox 2166 951 3750 1024">
     <span class='ocr_line' id='line_1_69' title="bbox 2166 951 3750 1024; baseline -0.001 -17"><span class='ocrx_word' id='word_1_493' title='bbox 2166 951 2289 1007; x_wconf 90' lang='lat' dir='ltr'><strong><em>dem</em></strong></span> <span class='ocrx_word' id='word_1_494' title='bbox 2328 953 2589 1022; x_wconf 88' lang='lat' dir='ltr'><strong><em>sequitur,</em></strong></span> <span class='ocrx_word' id='word_1_495' title='bbox 2616 951 2769 1022; x_wconf 90' lang='lat' dir='ltr'><strong><em>cujus</em></strong></span> <span class='ocrx_word' id='word_1_496' title='bbox 2797 952 2967 1023; x_wconf 77' lang='lat' dir='ltr'><strong><em>stylus</em></strong></span> <span class='ocrx_word' id='word_1_497' title='bbox 3006 951 3372 1024; x_wconf 87' lang='lat' dir='ltr'><strong><em>Chrysostomi</em></strong></span> <span class='ocrx_word' id='word_1_498' title='bbox 3401 951 3611 1008; x_wconf 85' lang='lat' dir='ltr'><strong><em>dicendi</em></strong></span> <span class='ocrx_word' id='word_1_499' title='bbox 3658 967 3750 1019; x_wconf 76' lang='lat' dir='ltr'><strong><em>ge-</em></strong></span> 
     </span>
    </p>
   </div>
   <div class='ocr_carea' id='block_1_70' title="bbox 2167 1042 3748 1112">
    <p class='ocr_par' dir='ltr' id='par_1_70' title="bbox 2167 1042 3748 1112">
     <span class='ocr_line' id='line_1_70' title="bbox 2167 1042 3748 1112; baseline -0.001 -14"><span class='ocrx_word' id='word_1_500' title='bbox 2167 1042 2283 1098; x_wconf 87' lang='lat' dir='ltr'><strong><em>neri</em></strong></span> <span class='ocrx_word' id='word_1_501' title='bbox 2332 1054 2436 1096; x_wconf 85' lang='lat' dir='ltr'><strong><em>taut</em></strong></span> <span class='ocrx_word' id='word_1_502' title='bbox 2478 1043 2737 1098; x_wconf 86' lang='lat' dir='ltr'><strong><em>absimilis</em></strong></span> <span class='ocrx_word' id='word_1_503' title='bbox 2764 1042 2997 1108; x_wconf 86' lang='lat' dir='ltr'><strong><em>videtur,</em></strong></span> <span class='ocrx_word' id='word_1_504' title='bbox 3044 1052 3102 1097; x_wconf 88' lang='lat' dir='ltr'><strong><em>ot</em></strong></span> <span class='ocrx_word' id='word_1_505' title='bbox 3130 1046 3220 1097; x_wconf 83' lang='lat' dir='ltr'><strong><em>vix</em></strong></span> <span class='ocrx_word' id='word_1_506' title='bbox 3245 1042 3391 1097; x_wconf 88' lang='lat' dir='ltr'><strong><em>credi</em></strong></span> <span class='ocrx_word' id='word_1_507' title='bbox 3432 1042 3601 1112; x_wconf 88' lang='lat' dir='ltr'><strong><em>possit</em></strong></span> <span class='ocrx_word' id='word_1_508' title='bbox 3625 1058 3748 1097; x_wconf 82' lang='lat' dir='ltr'><strong><em>esse</em></strong></span> 
     </span>
    </p>
   </div>
   <div class='ocr_carea' id='block_1_71' title="bbox 2168 1133 3751 1206">
    <p class='ocr_par' dir='ltr' id='par_1_71' title="bbox 2168 1133 3751 1206">
     <span class='ocr_line' id='line_1_71' title="bbox 2168 1133 3751 1206; baseline 0.001 -17"><span class='ocrx_word' id='word_1_509' title='bbox 2168 1135 2226 1189; x_wconf 92' lang='lat' dir='ltr'><strong><em>S.</em></strong></span> <span class='ocrx_word' id='word_1_510' title='bbox 2251 1134 2487 1190; x_wconf 90' lang='lat' dir='ltr'><strong><em>doctoris</em></strong></span> <span class='ocrx_word' id='word_1_511' title='bbox 2511 1148 2648 1205; x_wconf 88' lang='lat' dir='ltr'><strong><em>opus</em></strong></span> <span class='ocrx_word' id='word_1_512' title='bbox 2686 1152 2701 1190; x_wconf 91' lang='lat'><strong>:</strong></span> <span class='ocrx_word' id='word_1_513' title='bbox 2733 1136 2909 1191; x_wconf 88' lang='lat' dir='ltr'><strong><em>omnia</em></strong></span> <span class='ocrx_word' id='word_1_514' title='bbox 2954 1134 3122 1204; x_wconf 89' lang='lat' dir='ltr'><strong><em>tropis</em></strong></span> <span class='ocrx_word' id='word_1_515' title='bbox 3168 1133 3751 1206; x_wconf 83' lang='lat' dir='ltr'><strong><em>exclamationibusque</em></strong></span> 
     </span>
    </p>
   </div>
   <div class='ocr_carea' id='block_1_72' title="bbox 2168 1224 3753 1297">
    <p class='ocr_par' dir='ltr' id='par_1_72' title="bbox 2168 1224 3753 1297">
     <span class='ocr_line' id='line_1_72' title="bbox 2168 1224 3753 1297; baseline 0.001 -17"><span class='ocrx_word' id='word_1_516' title='bbox 2168 1225 2489 1289; x_wconf 88' lang='lat' dir='ltr'><strong><em>redundant,</em></strong></span> <span class='ocrx_word' id='word_1_517' title='bbox 2521 1236 2574 1281; x_wconf 86' lang='lat' dir='ltr'><strong><em>et</em></strong></span> <span class='ocrx_word' id='word_1_518' title='bbox 2602 1225 2785 1281; x_wconf 88' lang='lat' dir='ltr'><strong><em>nescio</em></strong></span> <span class='ocrx_word' id='word_1_519' title='bbox 2810 1225 2936 1297; x_wconf 87' lang='lat' dir='ltr'><strong><em>quid</em></strong></span> <span class='ocrx_word' id='word_1_520' title='bbox 2980 1225 3320 1297; x_wconf 82' lang='lat' dir='ltr'><strong><em>peregrinum</em></strong></span> <span class='ocrx_word' id='word_1_521' title='bbox 3365 1226 3531 1280; x_wconf 90' lang='lat' dir='ltr'><strong><em>olent.</em></strong></span> <span class='ocrx_word' id='word_1_522' title='bbox 3574 1224 3753 1295; x_wconf 79' lang='lat' dir='ltr'><strong><em>Quare</em></strong></span> 
     </span>
    </p>
   </div>
   <div class='ocr_carea' id='block_1_73' title="bbox 2168 1316 3747 1389">
    <p class='ocr_par' dir='ltr' id='par_1_73' title="bbox 2168 1316 3747 1389">
     <span class='ocr_line' id='line_1_73' title="bbox 2168 1316 3747 1389; baseline 0.002 -20"><span class='ocrx_word' id='word_1_523' title='bbox 2168 1316 2442 1372; x_wconf 89' lang='lat' dir='ltr'><strong><em>crederem</em></strong></span> <span class='ocrx_word' id='word_1_524' title='bbox 2467 1318 2640 1386; x_wconf 88' lang='lat' dir='ltr'><strong><em>potius</em></strong></span> <span class='ocrx_word' id='word_1_525' title='bbox 2662 1330 2782 1373; x_wconf 90' lang='lat' dir='ltr'><strong><em>esse</em></strong></span> <span class='ocrx_word' id='word_1_526' title='bbox 2802 1316 3075 1387; x_wconf 87' lang='lat' dir='ltr'><strong><em>cujusdam</em></strong></span> <span class='ocrx_word' id='word_1_527' title='bbox 3095 1317 3391 1389; x_wconf 79' lang='lat' dir='ltr'><strong><em>presbyteri</em></strong></span> <span class='ocrx_word' id='word_1_528' title='bbox 3408 1316 3747 1381; x_wconf 81' lang='lat' dir='ltr'><strong><em>Antiocheni.</em></strong></span> 
     </span>
    </p>
   </div>
   <div class='ocr_carea' id='block_1_74' title="bbox 2168 1407 3750 1481">
    <p class='ocr_par' dir='ltr' id='par_1_74' title="bbox 2168 1407 3750 1481">
     <span class='ocr_line' id='line_1_74' title="bbox 2168 1407 3750 1481; baseline 0 -17"><span class='ocrx_word' id='word_1_529' title='bbox 2168 1410 2257 1481; x_wconf 85' lang='lat' dir='ltr'><strong><em>qui</em></strong></span> <span class='ocrx_word' id='word_1_530' title='bbox 2286 1410 2385 1464; x_wconf 75' lang='lat' dir='ltr'><strong><em>sub</em></strong></span> <span class='ocrx_word' id='word_1_531' title='bbox 2411 1410 2667 1466; x_wconf 85' lang='lat' dir='ltr'><strong><em>Flaviano</em></strong></span> <span class='ocrx_word' id='word_1_532' title='bbox 2694 1410 2928 1465; x_wconf 83' lang='lat' dir='ltr'><strong><em>alternas</em></strong></span> <span class='ocrx_word' id='word_1_533' title='bbox 2957 1424 3078 1465; x_wconf 90' lang='lat' dir='ltr'><strong><em>cum</em></strong></span> <span class='ocrx_word' id='word_1_534' title='bbox 3107 1407 3493 1480; x_wconf 76' lang='lat' dir='ltr'><strong><em>Cbrysoswmo</em></strong></span> <span class='ocrx_word' id='word_1_535' title='bbox 3532 1409 3750 1464; x_wconf 82' lang='lat' dir='ltr'><strong><em>concio-</em></strong></span> 
     </span>
    </p>
   </div>
   <div class='ocr_carea' id='block_1_75' title="bbox 2169 1498 3753 1570">
    <p class='ocr_par' dir='ltr' id='par_1_75' title="bbox 2169 1498 3753 1570">
     <span class='ocr_line' id='line_1_75' title="bbox 2169 1498 3753 1570; baseline 0.001 -17"><span class='ocrx_word' id='word_1_536' title='bbox 2169 1499 2329 1554; x_wconf 83' lang='lat' dir='ltr'><strong><em>nandi</em></strong></span> <span class='ocrx_word' id='word_1_537' title='bbox 2354 1509 2533 1569; x_wconf 88' lang='lat' dir='ltr'><strong><em>partes</em></strong></span> <span class='ocrx_word' id='word_1_538' title='bbox 2556 1508 2757 1570; x_wconf 85' lang='lat' dir='ltr'><strong><em>ageret,</em></strong></span> <span class='ocrx_word' id='word_1_539' title='bbox 2781 1500 2832 1554; x_wconf 90' lang='lat' dir='ltr'><strong><em>id</em></strong></span> <span class='ocrx_word' id='word_1_540' title='bbox 2858 1499 2997 1570; x_wconf 86' lang='lat' dir='ltr'><strong><em>quod</em></strong></span> <span class='ocrx_word' id='word_1_541' title='bbox 3023 1498 3454 1568; x_wconf 88' lang='lat' dir='ltr'><strong><em>frequentissime</em></strong></span> <span class='ocrx_word' id='word_1_542' title='bbox 3477 1500 3753 1556; x_wconf 86' lang='lat' dir='ltr'><strong><em>accidebat</em></strong></span> 
     </span>
    </p>
   </div>
   <div class='ocr_carea' id='block_1_76' title="bbox 2171 1591 3753 1662">
    <p class='ocr_par' dir='ltr' id='par_1_76' title="bbox 2171 1591 3753 1662">
     <span class='ocr_line' id='line_1_76' title="bbox 2171 1591 3753 1662; baseline 0.001 -17"><span class='ocrx_word' id='word_1_543' title='bbox 2171 1592 2261 1645; x_wconf 89' lang='lat' dir='ltr'><strong><em>illo</em></strong></span> <span class='ocrx_word' id='word_1_544' title='bbox 2293 1602 2566 1662; x_wconf 90' lang='lat' dir='ltr'><strong><em>tempore;</em></strong></span> <span class='ocrx_word' id='word_1_545' title='bbox 2596 1594 2666 1646; x_wconf 83' lang='lat' dir='ltr'><strong><em>ita</em></strong></span> <span class='ocrx_word' id='word_1_546' title='bbox 2698 1601 2755 1646; x_wconf 90' lang='lat' dir='ltr'><strong><em>ut</em></strong></span> <span class='ocrx_word' id='word_1_547' title='bbox 2786 1591 2904 1645; x_wconf 71' lang='lat' dir='ltr'><strong><em>dum</em></strong></span> <span class='ocrx_word' id='word_1_548' title='bbox 2936 1600 3112 1646; x_wconf 84' lang='lat' dir='ltr'><strong><em>tresve</em></strong></span> <span class='ocrx_word' id='word_1_549' title='bbox 3135 1593 3423 1647; x_wconf 87' lang='lat' dir='ltr'><strong><em>conciones</em></strong></span> <span class='ocrx_word' id='word_1_550' title='bbox 3447 1591 3639 1647; x_wconf 89' lang='lat' dir='ltr'><strong><em>eodem</em></strong></span> <span class='ocrx_word' id='word_1_551' title='bbox 3664 1593 3753 1647; x_wconf 76' lang='lat' dir='ltr'><strong><em>dis</em></strong></span> 
     </span>
    </p>
   </div>
   <div class='ocr_carea' id='block_1_77' title="bbox 2169 1684 2867 1741">
    <p class='ocr_par' dir='ltr' id='par_1_77' title="bbox 2169 1684 2867 1741">
     <span class='ocr_line' id='line_1_77' title="bbox 2169 1684 2867 1741; baseline -0.007 0"><span class='ocrx_word' id='word_1_552' title='bbox 2169 1684 2509 1741; x_wconf 88' lang='lat' dir='ltr'><strong><em>continenter</em></strong></span> <span class='ocrx_word' id='word_1_553' title='bbox 2537 1684 2867 1739; x_wconf 89' lang='lat' dir='ltr'><strong><em>dicerentur.</em></strong></span> 
     </span>
    </p>
   </div>
   <div class='ocr_carea' id='block_1_78' title="bbox 2242 1776 3755 1851">
    <p class='ocr_par' dir='ltr' id='par_1_78' title="bbox 2242 1776 3755 1851">
     <span class='ocr_line' id='line_1_78' title="bbox 2242 1776 3755 1851; baseline -0.002 -17"><span class='ocrx_word' id='word_1_554' title='bbox 2242 1777 2629 1851; x_wconf 66' lang='lat' dir='ltr'><strong><em>Cltrysostor&#39;no</em></strong></span> <span class='ocrx_word' id='word_1_555' title='bbox 2644 1777 2800 1842; x_wconf 87' lang='lat' dir='ltr'><strong><em>duce,</em></strong></span> <span class='ocrx_word' id='word_1_556' title='bbox 2826 1785 2884 1831; x_wconf 89' lang='grc' dir='ltr'><strong><em>ιιι</em></strong></span> <span class='ocrx_word' id='word_1_557' title='bbox 2908 1790 3069 1847; x_wconf 84' lang='lat' dir='ltr'><strong><em>supra</em></strong></span> <span class='ocrx_word' id='word_1_558' title='bbox 3093 1776 3292 1833; x_wconf 90' lang='lat' dir='ltr'><strong><em>dictum</em></strong></span> <span class='ocrx_word' id='word_1_559' title='bbox 3309 1785 3412 1842; x_wconf 88' lang='lat' dir='ltr'><strong><em>est,</em></strong></span> <span class='ocrx_word' id='word_1_560' title='bbox 3434 1785 3556 1847; x_wconf 88' lang='lat' dir='ltr'><strong><em>post</em></strong></span> <span class='ocrx_word' id='word_1_561' title='bbox 3573 1776 3755 1833; x_wconf 68' lang='lat' dir='ltr'><strong><em>llomio</em></strong></span> 
     </span>
    </p>
   </div>
   <div class='ocr_carea' id='block_1_79' title="bbox 2171 1868 3755 1938">
    <p class='ocr_par' dir='ltr' id='par_1_79' title="bbox 2171 1868 3755 1938">
     <span class='ocr_line' id='line_1_79' title="bbox 2171 1868 3755 1938; baseline -0.001 -12"><span class='ocrx_word' id='word_1_562' title='bbox 2171 1871 2296 1926; x_wconf 92' lang='lat' dir='ltr'><strong><em>liam</em></strong></span> <span class='ocrx_word' id='word_1_563' title='bbox 2312 1869 2364 1925; x_wconf 91' lang='lat' dir='ltr'><strong><em>in</em></strong></span> <span class='ocrx_word' id='word_1_564' title='bbox 2386 1868 2444 1924; x_wconf 89' lang='lat' dir='ltr'><strong><em>S.</em></strong></span> <span class='ocrx_word' id='word_1_565' title='bbox 2462 1869 2759 1924; x_wconf 77' lang='lat' dir='ltr'><strong><em>llontauum</em></strong></span> <span class='ocrx_word' id='word_1_566' title='bbox 2775 1879 3085 1935; x_wconf 83' lang='lat' dir='ltr'><strong><em>martyrem,</em></strong></span> <span class='ocrx_word' id='word_1_567' title='bbox 3105 1869 3353 1938; x_wconf 91' lang='lat' dir='ltr'><strong><em>ponimus</em></strong></span> <span class='ocrx_word' id='word_1_568' title='bbox 3376 1869 3687 1924; x_wconf 86' lang='lat' dir='ltr'><strong><em>concionem</em></strong></span> <span class='ocrx_word' id='word_1_569' title='bbox 3701 1870 3755 1924; x_wconf 92' lang='lat' dir='ltr'><strong><em>in</em></strong></span> 
     </span>
    </p>
   </div>
   <div class='ocr_carea' id='block_1_80' title="bbox 2172 1956 3760 2031">
    <p class='ocr_par' dir='ltr' id='par_1_80' title="bbox 2172 1956 3760 2031">
     <span class='ocr_line' id='line_1_80' title="bbox 2172 1956 3760 2031; baseline -0.001 -15"><span class='ocrx_word' id='word_1_570' title='bbox 2172 1961 2300 2019; x_wconf 90' lang='lat' dir='ltr'><strong><em>illud</em></strong></span> <span class='ocrx_word' id='word_1_571' title='bbox 2325 1960 2570 2017; x_wconf 68' lang='lat' dir='ltr'><strong><em>Ieremia:</em></strong></span> <span class='ocrx_word' id='word_1_572' title='bbox 2589 1958 2677 2028; x_wconf 85' lang='grc' dir='ltr'><strong><em>(Τ.</em></strong></span> <span class='ocrx_word' id='word_1_573' title='bbox 2698 1959 2750 2015; x_wconf 83' lang='lat'><strong><em>6.</em></strong></span> <span class='ocrx_word' id='word_1_574' title='bbox 2777 1956 2972 2031; x_wconf 66' lang='lat' dir='ltr'><strong><em>c.1525)</em></strong></span> <span class='ocrx_word' id='word_1_575' title='bbox 2994 1957 3261 2021; x_wconf 83' lang='lat' dir='ltr'><strong><em>:Domine,</em></strong></span> <span class='ocrx_word' id='word_1_576' title='bbox 3282 1976 3382 2014; x_wconf 86' lang='lat' dir='ltr'><strong><em>non</em></strong></span> <span class='ocrx_word' id='word_1_577' title='bbox 3398 1969 3469 2014; x_wconf 89' lang='lat' dir='ltr'><strong><em>est</em></strong></span> <span class='ocrx_word' id='word_1_578' title='bbox 3488 1959 3543 2013; x_wconf 86' lang='lat' dir='ltr'><strong><em>in</em></strong></span> <span class='ocrx_word' id='word_1_579' title='bbox 3556 1960 3760 2014; x_wconf 78' lang='lat' dir='ltr'><strong><em>homine</em></strong></span> 
     </span>
    </p>
   </div>
   <div class='ocr_carea' id='block_1_81' title="bbox 2171 2051 3754 2127">
    <p class='ocr_par' dir='ltr' id='par_1_81' title="bbox 2171 2051 3754 2127">
     <span class='ocr_line' id='line_1_81' title="bbox 2171 2051 3754 2127; baseline -0.001 -18"><span class='ocrx_word' id='word_1_580' title='bbox 2171 2056 2254 2109; x_wconf 80' lang='lat' dir='ltr'><strong><em>via</em></strong></span> <span class='ocrx_word' id='word_1_581' title='bbox 2278 2056 2407 2126; x_wconf 82' lang='lat' dir='ltr'><strong><em>ejus.</em></strong></span> <span class='ocrx_word' id='word_1_582' title='bbox 2430 2070 2588 2126; x_wconf 78' lang='lat' dir='ltr'><strong><em>neque</em></strong></span> <span class='ocrx_word' id='word_1_583' title='bbox 2609 2058 2758 2107; x_wconf 83' lang='lat' dir='ltr'><strong><em>homo</em></strong></span> <span class='ocrx_word' id='word_1_584' title='bbox 2778 2052 2885 2117; x_wconf 80' lang='lat' dir='ltr'><strong><em>ibit,</em></strong></span> <span class='ocrx_word' id='word_1_585' title='bbox 2923 2063 2968 2105; x_wconf 89' lang='lat' dir='ltr'><strong><em>et</em></strong></span> <span class='ocrx_word' id='word_1_586' title='bbox 2996 2053 3176 2123; x_wconf 79' lang='lat' dir='ltr'><strong><em>diriget</em></strong></span> <span class='ocrx_word' id='word_1_587' title='bbox 3200 2069 3425 2123; x_wconf 85' lang='lat' dir='ltr'><strong><em>gressum</em></strong></span> <span class='ocrx_word' id='word_1_588' title='bbox 3441 2070 3589 2107; x_wconf 87' lang='lat' dir='ltr'><strong><em>suum</em></strong></span> <span class='ocrx_word' id='word_1_589' title='bbox 3619 2051 3754 2127; x_wconf 80' lang='lat' dir='ltr'><strong><em>(Jer.</em></strong></span> 
     </span>
    </p>
   </div>
   <div class='ocr_carea' id='block_1_82' title="bbox 2174 2145 3759 2221">
    <p class='ocr_par' dir='ltr' id='par_1_82' title="bbox 2174 2145 3759 2221">
     <span class='ocr_line' id='line_1_82' title="bbox 2174 2145 3759 2221; baseline -0.001 -17"><span class='ocrx_word' id='word_1_590' title='bbox 2174 2150 2262 2204; x_wconf 77' lang='grc'>10.</span> <span class='ocrx_word' id='word_1_591' title='bbox 2289 2151 2404 2221; x_wconf 68' lang='lat'><strong><em>23).</em></strong></span> <span class='ocrx_word' id='word_1_592' title='bbox 2436 2150 2553 2215; x_wconf 82' lang='lat' dir='ltr'><strong><em>Quo</em></strong></span> <span class='ocrx_word' id='word_1_593' title='bbox 2583 2148 2701 2202; x_wconf 91' lang='lat' dir='ltr'><strong><em>loco</em></strong></span> <span class='ocrx_word' id='word_1_594' title='bbox 2720 2158 2773 2201; x_wconf 86' lang='lat' dir='ltr'><strong><em>et</em></strong></span> <span class='ocrx_word' id='word_1_595' title='bbox 2798 2147 3066 2217; x_wconf 85' lang='lat' dir='ltr'><strong><em>plerisque</em></strong></span> <span class='ocrx_word' id='word_1_596' title='bbox 3096 2146 3216 2201; x_wconf 86' lang='lat' dir='ltr'><strong><em>aliis</em></strong></span> <span class='ocrx_word' id='word_1_597' title='bbox 3240 2147 3292 2200; x_wconf 90' lang='lat' dir='ltr'><strong><em>in</em></strong></span> <span class='ocrx_word' id='word_1_598' title='bbox 3312 2145 3587 2218; x_wconf 86' lang='lat' dir='ltr'><strong><em>Scriptura</em></strong></span> <span class='ocrx_word' id='word_1_599' title='bbox 3606 2161 3759 2203; x_wconf 73' lang='lat' dir='ltr'><strong><em>sacra</em></strong></span> 
     </span>
    </p>
   </div>
   <div class='ocr_carea' id='block_1_83' title="bbox 2174 2237 3758 2307">
    <p class='ocr_par' dir='ltr' id='par_1_83' title="bbox 2174 2237 3758 2307">
     <span class='ocr_line' id='line_1_83' title="bbox 2174 2237 3758 2307; baseline -0.003 -11"><span class='ocrx_word' id='word_1_600' title='bbox 2174 2242 2435 2296; x_wconf 88' lang='lat' dir='ltr'><strong><em>similibus</em></strong></span> <span class='ocrx_word' id='word_1_601' title='bbox 2460 2239 2816 2296; x_wconf 86' lang='lat' dir='ltr'><strong><em>abolebantur</em></strong></span> <span class='ocrx_word' id='word_1_602' title='bbox 2839 2238 3012 2303; x_wconf 87' lang='lat' dir='ltr'><strong><em>multi,</em></strong></span> <span class='ocrx_word' id='word_1_603' title='bbox 3035 2238 3123 2307; x_wconf 89' lang='lat' dir='ltr'><strong><em>qui</em></strong></span> <span class='ocrx_word' id='word_1_604' title='bbox 3153 2237 3401 2292; x_wconf 85' lang='lat' dir='ltr'><strong><em>dicebant</em></strong></span> <span class='ocrx_word' id='word_1_605' title='bbox 3433 2253 3542 2292; x_wconf 88' lang='lat' dir='ltr'><strong><em>non</em></strong></span> <span class='ocrx_word' id='word_1_606' title='bbox 3568 2253 3635 2291; x_wconf 88' lang='lat' dir='ltr'><strong><em>ex</em></strong></span> <span class='ocrx_word' id='word_1_607' title='bbox 3659 2252 3758 2292; x_wconf 78' lang='lat' dir='ltr'><strong><em>vo-</em></strong></span> 
     </span>
    </p>
   </div>
   <div class='ocr_carea' id='block_1_84' title="bbox 2173 2327 3758 2399">
    <p class='ocr_par' dir='ltr' id='par_1_84' title="bbox 2173 2327 3758 2399">
     <span class='ocr_line' id='line_1_84' title="bbox 2173 2327 3758 2399; baseline -0.004 -12"><span class='ocrx_word' id='word_1_608' title='bbox 2173 2332 2378 2387; x_wconf 89' lang='lat' dir='ltr'><strong><em>luntate</em></strong></span> <span class='ocrx_word' id='word_1_609' title='bbox 2393 2340 2446 2387; x_wconf 91' lang='lat' dir='ltr'><strong><em>et</em></strong></span> <span class='ocrx_word' id='word_1_610' title='bbox 2463 2330 2685 2386; x_wconf 90' lang='lat' dir='ltr'><strong><em>arbitrio</em></strong></span> <span class='ocrx_word' id='word_1_611' title='bbox 2699 2339 2880 2384; x_wconf 90' lang='lat' dir='ltr'><strong><em>nostro</em></strong></span> <span class='ocrx_word' id='word_1_612' title='bbox 2899 2328 3133 2399; x_wconf 87' lang='lat' dir='ltr'><strong><em>pendere</em></strong></span> <span class='ocrx_word' id='word_1_613' title='bbox 3148 2337 3205 2382; x_wconf 92' lang='lat' dir='ltr'><strong><em>ot</em></strong></span> <span class='ocrx_word' id='word_1_614' title='bbox 3227 2327 3315 2382; x_wconf 92' lang='lat' dir='ltr'><strong><em>vel</em></strong></span> <span class='ocrx_word' id='word_1_615' title='bbox 3332 2327 3528 2381; x_wconf 88' lang='lat' dir='ltr'><strong><em>bonum</em></strong></span> <span class='ocrx_word' id='word_1_616' title='bbox 3555 2327 3636 2381; x_wconf 87' lang='lat' dir='ltr'><strong><em>vel</em></strong></span> <span class='ocrx_word' id='word_1_617' title='bbox 3655 2342 3758 2381; x_wconf 88' lang='lat' dir='ltr'><strong><em>ma-</em></strong></span> 
     </span>
    </p>
   </div>
   <div class='ocr_carea' id='block_1_85' title="bbox 2173 2419 3759 2495">
    <p class='ocr_par' dir='ltr' id='par_1_85' title="bbox 2173 2419 3759 2495">
     <span class='ocr_line' id='line_1_85' title="bbox 2173 2419 3759 2495; baseline -0.004 -15"><span class='ocrx_word' id='word_1_618' title='bbox 2173 2426 2283 2481; x_wconf 87' lang='lat' dir='ltr'><strong><em>lum</em></strong></span> <span class='ocrx_word' id='word_1_619' title='bbox 2313 2439 2551 2495; x_wconf 85' lang='lat' dir='ltr'><strong><em>agamus.</em></strong></span> <span class='ocrx_word' id='word_1_620' title='bbox 2578 2424 2687 2477; x_wconf 88' lang='lat' dir='ltr'><strong><em>llos</em></strong></span> <span class='ocrx_word' id='word_1_621' title='bbox 2706 2422 3048 2477; x_wconf 69' lang='lat' dir='ltr'><strong><em>vehementer</em></strong></span> <span class='ocrx_word' id='word_1_622' title='bbox 3069 2420 3309 2489; x_wconf 86' lang='lat' dir='ltr'><strong><em>increpat</em></strong></span> <span class='ocrx_word' id='word_1_623' title='bbox 3324 2419 3759 2492; x_wconf 81' lang='lat' dir='ltr'><strong><em>Cbrysostomus,</em></strong></span> 
     </span>
    </p>
   </div>
   <div class='ocr_carea' id='block_1_86' title="bbox 2174 2511 3763 2586">
    <p class='ocr_par' dir='ltr' id='par_1_86' title="bbox 2174 2511 3763 2586">
     <span class='ocr_line' id='line_1_86' title="bbox 2174 2511 3763 2586; baseline -0.002 -14"><span class='ocrx_word' id='word_1_624' title='bbox 2174 2515 2509 2586; x_wconf 81' lang='lat' dir='ltr'><strong><em>affirmalque</em></strong></span> <span class='ocrx_word' id='word_1_625' title='bbox 2533 2529 2698 2585; x_wconf 88' lang='lat' dir='ltr'><strong><em>penes</em></strong></span> <span class='ocrx_word' id='word_1_626' title='bbox 2720 2513 2996 2567; x_wconf 83' lang='lat' dir='ltr'><strong><em>arbitrium</em></strong></span> <span class='ocrx_word' id='word_1_627' title='bbox 3020 2520 3261 2568; x_wconf 90' lang='lat' dir='ltr'><strong><em>nostrum</em></strong></span> <span class='ocrx_word' id='word_1_628' title='bbox 3288 2526 3411 2567; x_wconf 77' lang='lat' dir='ltr'><strong><em>esse</em></strong></span> <span class='ocrx_word' id='word_1_629' title='bbox 3447 2511 3533 2567; x_wconf 89' lang='lat' dir='ltr'><strong><em>vel</em></strong></span> <span class='ocrx_word' id='word_1_630' title='bbox 3560 2512 3763 2571; x_wconf 78' lang='lat' dir='ltr'><strong><em>bonum-</em></strong></span> 
     </span>
    </p>
   </div>
   <div class='ocr_carea' id='block_1_87' title="bbox 2176 2604 3763 2679">
    <p class='ocr_par' dir='ltr' id='par_1_87' title="bbox 2176 2604 3763 2679">
     <span class='ocr_line' id='line_1_87' title="bbox 2176 2604 3763 2679; baseline -0.003 -14"><span class='ocrx_word' id='word_1_631' title='bbox 2176 2610 2261 2665; x_wconf 86' lang='lat' dir='ltr'><strong><em>vel</em></strong></span> <span class='ocrx_word' id='word_1_632' title='bbox 2282 2610 2480 2665; x_wconf 89' lang='lat' dir='ltr'><strong><em>malum</em></strong></span> <span class='ocrx_word' id='word_1_633' title='bbox 2516 2623 2709 2679; x_wconf 87' lang='lat' dir='ltr'><strong><em>agere;</em></strong></span> <span class='ocrx_word' id='word_1_634' title='bbox 2738 2623 2843 2661; x_wconf 89' lang='lat' dir='ltr'><strong><em>non</em></strong></span> <span class='ocrx_word' id='word_1_635' title='bbox 2870 2605 3011 2676; x_wconf 81' lang='lat' dir='ltr'><strong><em>quod</em></strong></span> <span class='ocrx_word' id='word_1_636' title='bbox 3032 2605 3098 2660; x_wconf 88' lang='lat' dir='ltr'><strong><em>ad</em></strong></span> <span class='ocrx_word' id='word_1_637' title='bbox 3127 2605 3323 2661; x_wconf 87' lang='lat' dir='ltr'><strong><em>bonum</em></strong></span> <span class='ocrx_word' id='word_1_638' title='bbox 3361 2604 3625 2677; x_wconf 84' lang='lat' dir='ltr'><strong><em>agendum</em></strong></span> <span class='ocrx_word' id='word_1_639' title='bbox 3647 2620 3763 2661; x_wconf 70' lang='lat' dir='ltr'><strong><em>non</em></strong></span> 
     </span>
    </p>
   </div>
   <div class='ocr_carea' id='block_1_88' title="bbox 2175 2698 3760 2775">
    <p class='ocr_par' dir='ltr' id='par_1_88' title="bbox 2175 2698 3760 2775">
     <span class='ocr_line' id='line_1_88' title="bbox 2175 2698 3760 2775; baseline -0.004 -17"><span class='ocrx_word' id='word_1_640' title='bbox 2175 2719 2426 2775; x_wconf 85' lang='lat' dir='ltr'><strong><em>egeamus</em></strong></span> <span class='ocrx_word' id='word_1_641' title='bbox 2444 2702 2615 2773; x_wconf 84' lang='lat' dir='ltr'><strong><em>gratia</em></strong></span> <span class='ocrx_word' id='word_1_642' title='bbox 2644 2701 2773 2766; x_wconf 88' lang='lat' dir='ltr'><strong><em>Dei;</em></strong></span> <span class='ocrx_word' id='word_1_643' title='bbox 2800 2714 2923 2754; x_wconf 89' lang='lat' dir='ltr'><strong><em>nam</em></strong></span> <span class='ocrx_word' id='word_1_644' title='bbox 2955 2709 3013 2753; x_wconf 90' lang='lat' dir='ltr'><strong><em>ot</em></strong></span> <span class='ocrx_word' id='word_1_645' title='bbox 3036 2698 3163 2754; x_wconf 87' lang='lat' dir='ltr'><strong><em>alibi</em></strong></span> <span class='ocrx_word' id='word_1_646' title='bbox 3203 2713 3352 2768; x_wconf 64' lang='lat' dir='ltr'><strong><em>saepe</em></strong></span> <span class='ocrx_word' id='word_1_647' title='bbox 3379 2698 3529 2765; x_wconf 88' lang='lat' dir='ltr'><strong><em>dicit,</em></strong></span> <span class='ocrx_word' id='word_1_648' title='bbox 3560 2698 3760 2754; x_wconf 82' lang='lat' dir='ltr'><strong><em>volenti</em></strong></span> 
     </span>
    </p>
   </div>
   <div class='ocr_carea' id='block_1_89' title="bbox 2176 2791 3761 2868">
    <p class='ocr_par' dir='ltr' id='par_1_89' title="bbox 2176 2791 3761 2868">
     <span class='ocr_line' id='line_1_89' title="bbox 2176 2791 3761 2868; baseline -0.003 -19"><span class='ocrx_word' id='word_1_649' title='bbox 2176 2811 2388 2868; x_wconf 82' lang='lat' dir='ltr'><strong><em>semper</em></strong></span> <span class='ocrx_word' id='word_1_650' title='bbox 2411 2794 2565 2849; x_wconf 86' lang='lat' dir='ltr'><strong><em>adest</em></strong></span> <span class='ocrx_word' id='word_1_651' title='bbox 2586 2793 2755 2863; x_wconf 84' lang='lat' dir='ltr'><strong><em>gratia</em></strong></span> <span class='ocrx_word' id='word_1_652' title='bbox 2800 2792 2913 2857; x_wconf 90' lang='lat' dir='ltr'><strong><em>Dei,</em></strong></span> <span class='ocrx_word' id='word_1_653' title='bbox 2941 2806 3040 2847; x_wconf 90' lang='lat' dir='ltr'><strong><em>nec</em></strong></span> <span class='ocrx_word' id='word_1_654' title='bbox 3067 2791 3158 2863; x_wconf 91' lang='lat' dir='ltr'><strong><em>qui</em></strong></span> <span class='ocrx_word' id='word_1_655' title='bbox 3200 2802 3404 2862; x_wconf 86' lang='lat' dir='ltr'><strong><em>peccat,</em></strong></span> <span class='ocrx_word' id='word_1_656' title='bbox 3453 2792 3640 2862; x_wconf 72' lang='lat' dir='ltr'><strong><em>gratim</em></strong></span> <span class='ocrx_word' id='word_1_657' title='bbox 3666 2791 3761 2845; x_wconf 86' lang='lat' dir='ltr'><strong><em>de-</em></strong></span> 
     </span>
    </p>
   </div>
   <div class='ocr_carea' id='block_1_90' title="bbox 2175 2882 3688 2958">
    <p class='ocr_par' dir='ltr' id='par_1_90' title="bbox 2175 2882 3688 2958">
     <span class='ocr_line' id='line_1_90' title="bbox 2175 2882 3688 2958; baseline -0.003 -15"><span class='ocrx_word' id='word_1_658' title='bbox 2175 2888 2371 2943; x_wconf 89' lang='lat' dir='ltr'><strong><em>fectum</em></strong></span> <span class='ocrx_word' id='word_1_659' title='bbox 2398 2894 2569 2958; x_wconf 87' lang='lat' dir='ltr'><strong><em>potest</em></strong></span> <span class='ocrx_word' id='word_1_660' title='bbox 2598 2899 2847 2955; x_wconf 87' lang='lat' dir='ltr'><strong><em>umquam</em></strong></span> <span class='ocrx_word' id='word_1_661' title='bbox 2879 2885 2929 2939; x_wconf 85' lang='lat' dir='ltr'><strong><em>in</em></strong></span> <span class='ocrx_word' id='word_1_662' title='bbox 2955 2884 3351 2939; x_wconf 76' lang='lat' dir='ltr'><strong><em>excusationem</em></strong></span> <span class='ocrx_word' id='word_1_663' title='bbox 3378 2882 3688 2939; x_wconf 87' lang='lat' dir='ltr'><strong><em>obtendere.</em></strong></span> 
     </span>
    </p>
   </div>
   <div class='ocr_carea' id='block_1_91' title="bbox 2246 2975 3761 3047">
    <p class='ocr_par' dir='ltr' id='par_1_91' title="bbox 2246 2975 3761 3047">
     <span class='ocr_line' id='line_1_91' title="bbox 2246 2975 3761 3047; baseline -0.003 -10"><span class='ocrx_word' id='word_1_664' title='bbox 2246 2982 2525 3037; x_wconf 80' lang='lat' dir='ltr'><strong><em>Conciones</em></strong></span> <span class='ocrx_word' id='word_1_665' title='bbox 2547 2979 2613 3034; x_wconf 84' lang='lat' dir='ltr'><strong><em>de</em></strong></span> <span class='ocrx_word' id='word_1_666' title='bbox 2650 2978 2973 3033; x_wconf 69' lang='lat' dir='ltr'><strong><em>Maccaba’is.</em></strong></span> <span class='ocrx_word' id='word_1_667' title='bbox 2991 3007 3065 3019; x_wconf 90' lang='lat'><strong>—</strong></span> <span class='ocrx_word' id='word_1_668' title='bbox 3089 2976 3195 3032; x_wconf 83' lang='lat' dir='ltr'><strong><em>Has</em></strong></span> <span class='ocrx_word' id='word_1_669' title='bbox 3236 2984 3528 3047; x_wconf 84' lang='lat' dir='ltr'><strong><em>sequuntur</em></strong></span> <span class='ocrx_word' id='word_1_670' title='bbox 3548 2986 3658 3032; x_wconf 91' lang='lat' dir='ltr'><strong><em>tres</em></strong></span> <span class='ocrx_word' id='word_1_671' title='bbox 3690 2975 3761 3032; x_wconf 75' lang='lat' dir='ltr'><strong><em>de</em></strong></span> 
     </span>
    </p>
   </div>
   <div class='ocr_carea' id='block_1_92' title="bbox 2176 3068 3763 3139">
    <p class='ocr_par' dir='ltr' id='par_1_92' title="bbox 2176 3068 3763 3139">
     <span class='ocr_line' id='line_1_92' title="bbox 2176 3068 3763 3139; baseline -0.004 -10"><span class='ocrx_word' id='word_1_672' title='bbox 2176 3072 2486 3129; x_wconf 75' lang='lat' dir='ltr'><strong><em>Maccabtnis</em></strong></span> <span class='ocrx_word' id='word_1_673' title='bbox 2512 3071 2824 3137; x_wconf 86' lang='lat' dir='ltr'><strong><em>conciones,</em></strong></span> <span class='ocrx_word' id='word_1_674' title='bbox 2851 3085 2968 3139; x_wconf 63' lang='lat' dir='ltr'><strong><em>quae</em></strong></span> <span class='ocrx_word' id='word_1_675' title='bbox 2996 3068 3193 3123; x_wconf 83' lang='lat' dir='ltr'><strong><em>nullam</em></strong></span> <span class='ocrx_word' id='word_1_676' title='bbox 3216 3084 3328 3138; x_wconf 72' lang='lat' dir='ltr'><strong><em>pra:</em></strong></span> <span class='ocrx_word' id='word_1_677' title='bbox 3354 3083 3414 3123; x_wconf 86' lang='lat' dir='ltr'><strong><em>se</em></strong></span> <span class='ocrx_word' id='word_1_678' title='bbox 3441 3068 3763 3124; x_wconf 82' lang='lat' dir='ltr'><strong><em>feruntanni</em></strong></span> 
     </span>
    </p>
   </div>
   <div class='ocr_carea' id='block_1_93' title="bbox 2178 3159 3762 3235">
    <p class='ocr_par' dir='ltr' id='par_1_93' title="bbox 2178 3159 3762 3235">
     <span class='ocr_line' id='line_1_93' title="bbox 2178 3159 3762 3235; baseline -0.003 -16"><span class='ocrx_word' id='word_1_679' title='bbox 2178 3173 2358 3219; x_wconf 89' lang='lat' dir='ltr'><strong><em>notam</em></strong></span> <span class='ocrx_word' id='word_1_680' title='bbox 2379 3160 2466 3235; x_wconf 86' lang='lat' dir='ltr'><strong><em>(T.</em></strong></span> <span class='ocrx_word' id='word_1_681' title='bbox 2491 3160 2548 3217; x_wconf 72' lang='grc'>2.</span> <span class='ocrx_word' id='word_1_682' title='bbox 2597 3178 2642 3214; x_wconf 88' lang='lat' dir='ltr'><strong><em>c.</em></strong></span> <span class='ocrx_word' id='word_1_683' title='bbox 2665 3159 2823 3231; x_wconf 74' lang='grc'>617).</span> <span class='ocrx_word' id='word_1_684' title='bbox 2857 3160 3010 3216; x_wconf 81' lang='lat' dir='ltr'><strong><em>Prior</em></strong></span> <span class='ocrx_word' id='word_1_685' title='bbox 3039 3171 3261 3214; x_wconf 87' lang='lat' dir='ltr'><strong><em>matrem</em></strong></span> <span class='ocrx_word' id='word_1_686' title='bbox 3288 3160 3586 3229; x_wconf 71' lang='lat' dir='ltr'><strong><em>pra-sortito</em></strong></span> <span class='ocrx_word' id='word_1_687' title='bbox 3619 3160 3762 3215; x_wconf 79' lang='lat' dir='ltr'><strong><em>Mac-</em></strong></span> 
     </span>
    </p>
   </div>
   <div class='ocr_carea' id='block_1_94' title="bbox 2175 3251 3761 3322">
    <p class='ocr_par' dir='ltr' id='par_1_94' title="bbox 2175 3251 3761 3322">
     <span class='ocr_line' id='line_1_94' title="bbox 2175 3251 3761 3322; baseline -0.003 -11"><span class='ocrx_word' id='word_1_688' title='bbox 2175 3256 2478 3312; x_wconf 71' lang='lat' dir='ltr'><strong><em>cabteorum</em></strong></span> <span class='ocrx_word' id='word_1_689' title='bbox 2521 3269 2551 3309; x_wconf 91' lang='lat' dir='ltr'><strong><em>a</em></strong></span> <span class='ocrx_word' id='word_1_690' title='bbox 2592 3253 2893 3309; x_wconf 82' lang='lat' dir='ltr'><strong><em>constantia</em></strong></span> <span class='ocrx_word' id='word_1_691' title='bbox 2923 3252 3192 3322; x_wconf 79' lang='lat' dir='ltr'><strong><em>animique</em></strong></span> <span class='ocrx_word' id='word_1_692' title='bbox 3239 3251 3433 3306; x_wconf 86' lang='lat' dir='ltr'><strong><em>robore</em></strong></span> <span class='ocrx_word' id='word_1_693' title='bbox 3474 3252 3761 3321; x_wconf 85' lang='lat' dir='ltr'><strong><em>plurimum</em></strong></span> 
     </span>
    </p>
   </div>
   <div class='ocr_carea' id='block_1_95' title="bbox 2175 3342 3762 3414">
    <p class='ocr_par' dir='ltr' id='par_1_95' title="bbox 2175 3342 3762 3414">
     <span class='ocr_line' id='line_1_95' title="bbox 2175 3342 3762 3414; baseline -0.003 -12"><span class='ocrx_word' id='word_1_694' title='bbox 2175 3347 2535 3403; x_wconf 84' lang='lat' dir='ltr'><strong><em>commendat.</em></strong></span> <span class='ocrx_word' id='word_1_695' title='bbox 2579 3343 2847 3410; x_wconf 87' lang='lat' dir='ltr'><strong><em>Secunda,</em></strong></span> <span class='ocrx_word' id='word_1_696' title='bbox 2889 3342 2977 3399; x_wconf 89' lang='lat' dir='ltr'><strong><em>die</em></strong></span> <span class='ocrx_word' id='word_1_697' title='bbox 3027 3343 3323 3414; x_wconf 88' lang='lat' dir='ltr'><strong><em>insequenti</em></strong></span> <span class='ocrx_word' id='word_1_698' title='bbox 3363 3342 3562 3407; x_wconf 83' lang='lat' dir='ltr'><strong><em>habita,</em></strong></span> <span class='ocrx_word' id='word_1_699' title='bbox 3594 3344 3762 3413; x_wconf 84' lang='lat' dir='ltr'><strong><em>septi-</em></strong></span> 
     </span>
    </p>
   </div>
   <div class='ocr_carea' id='block_1_96' title="bbox 2178 3434 3763 3508">
    <p class='ocr_par' dir='ltr' id='par_1_96' title="bbox 2178 3434 3763 3508">
     <span class='ocr_line' id='line_1_96' title="bbox 2178 3434 3763 3508; baseline -0.001 -16"><span class='ocrx_word' id='word_1_700' title='bbox 2178 3453 2324 3492; x_wconf 90' lang='lat' dir='ltr'><strong><em>mum</em></strong></span> <span class='ocrx_word' id='word_1_701' title='bbox 2364 3436 2735 3508; x_wconf 88' lang='lat' dir='ltr'><strong><em>junioremque</em></strong></span> <span class='ocrx_word' id='word_1_702' title='bbox 2770 3451 2836 3492; x_wconf 91' lang='lat' dir='ltr'><strong><em>ex</em></strong></span> <span class='ocrx_word' id='word_1_703' title='bbox 2874 3434 3191 3490; x_wconf 66' lang='lat' dir='ltr'><strong><em>Maccabatis</em></strong></span> <span class='ocrx_word' id='word_1_704' title='bbox 3233 3434 3478 3491; x_wconf 89' lang='lat' dir='ltr'><strong><em>laudibus</em></strong></span> <span class='ocrx_word' id='word_1_705' title='bbox 3515 3446 3763 3504; x_wconf 77' lang='lat' dir='ltr'><strong><em>exornat,</em></strong></span> 
     </span>
    </p>
   </div>
   <div class='ocr_carea' id='block_1_97' title="bbox 2177 3526 3759 3599">
    <p class='ocr_par' dir='ltr' id='par_1_97' title="bbox 2177 3526 3759 3599">
     <span class='ocr_line' id='line_1_97' title="bbox 2177 3526 3759 3599; baseline -0.003 -14"><span class='ocrx_word' id='word_1_706' title='bbox 2177 3540 2349 3585; x_wconf 90' lang='lat' dir='ltr'><strong><em>matre</em></strong></span> <span class='ocrx_word' id='word_1_707' title='bbox 2378 3543 2588 3599; x_wconf 84' lang='lat' dir='ltr'><strong><em>quoque</em></strong></span> <span class='ocrx_word' id='word_1_708' title='bbox 2632 3527 2921 3583; x_wconf 88' lang='lat' dir='ltr'><strong><em>ldentidem</em></strong></span> <span class='ocrx_word' id='word_1_709' title='bbox 2966 3527 3018 3581; x_wconf 91' lang='lat' dir='ltr'><strong><em>in</em></strong></span> <span class='ocrx_word' id='word_1_710' title='bbox 3050 3526 3264 3581; x_wconf 88' lang='lat' dir='ltr'><strong><em>laudum</em></strong></span> <span class='ocrx_word' id='word_1_711' title='bbox 3317 3538 3521 3596; x_wconf 84' lang='lat' dir='ltr'><strong><em>partem</em></strong></span> <span class='ocrx_word' id='word_1_712' title='bbox 3553 3538 3759 3583; x_wconf 82' lang='lat' dir='ltr'><strong><em>vocata.</em></strong></span> 
     </span>
    </p>
   </div>
   <div class='ocr_carea' id='block_1_98' title="bbox 2178 3616 3763 3691">
    <p class='ocr_par' dir='ltr' id='par_1_98' title="bbox 2178 3616 3763 3691">
     <span class='ocr_line' id='line_1_98' title="bbox 2178 3616 3763 3691; baseline -0.003 -14"><span class='ocrx_word' id='word_1_713' title='bbox 2178 3620 2327 3677; x_wconf 88' lang='lat' dir='ltr'><strong><em>Hanc</em></strong></span> <span class='ocrx_word' id='word_1_714' title='bbox 2354 3619 2654 3675; x_wconf 81' lang='lat' dir='ltr'><strong><em>breviorem</em></strong></span> <span class='ocrx_word' id='word_1_715' title='bbox 2694 3617 3112 3691; x_wconf 85' lang='lat' dir='ltr'><strong><em>Chrysostomus</em></strong></span> <span class='ocrx_word' id='word_1_716' title='bbox 3135 3616 3410 3673; x_wconf 90' lang='lat' dir='ltr'><strong><em>bomiliam</em></strong></span> <span class='ocrx_word' id='word_1_717' title='bbox 3451 3619 3763 3690; x_wconf 73' lang='lat' dir='ltr'><strong><em>pronuntia-</em></strong></span> 
     </span>
    </p>
   </div>
   <div class='ocr_carea' id='block_1_99' title="bbox 2177 3708 3765 3783">
    <p class='ocr_par' dir='ltr' id='par_1_99' title="bbox 2177 3708 3765 3783">
     <span class='ocr_line' id='line_1_99' title="bbox 2177 3708 3765 3783; baseline -0.003 -15"><span class='ocrx_word' id='word_1_718' title='bbox 2177 3714 2286 3779; x_wconf 88' lang='lat' dir='ltr'><strong><em>vit;</em></strong></span> <span class='ocrx_word' id='word_1_719' title='bbox 2338 3721 2393 3767; x_wconf 87' lang='lat' dir='ltr'><strong><em>ut</em></strong></span> <span class='ocrx_word' id='word_1_720' title='bbox 2444 3711 2672 3783; x_wconf 85' lang='lat' dir='ltr'><strong><em>pluribus</em></strong></span> <span class='ocrx_word' id='word_1_721' title='bbox 2708 3751 2724 3776; x_wconf 89' lang='lat'><strong><em>,</em></strong></span> <span class='ocrx_word' id='word_1_722' title='bbox 2779 3710 2966 3780; x_wconf 90' lang='lat' dir='ltr'><strong><em>inquit,</em></strong></span> <span class='ocrx_word' id='word_1_723' title='bbox 3024 3710 3102 3764; x_wconf 83' lang='lat' dir='ltr'><strong><em>illi</em></strong></span> <span class='ocrx_word' id='word_1_724' title='bbox 3155 3708 3391 3764; x_wconf 80' lang='lat' dir='ltr'><strong><em>laudibus</em></strong></span> <span class='ocrx_word' id='word_1_725' title='bbox 3434 3726 3467 3764; x_wconf 81' lang='lat' dir='ltr'><strong><em>tt</em></strong></span> <span class='ocrx_word' id='word_1_726' title='bbox 3510 3710 3765 3764; x_wconf 75' lang='lat' dir='ltr'><strong><em>communi</em></strong></span> 
     </span>
    </p>
   </div>
   <div class='ocr_carea' id='block_1_100' title="bbox 2177 3804 3762 3875">
    <p class='ocr_par' dir='ltr' id='par_1_100' title="bbox 2177 3804 3762 3875">
     <span class='ocr_line' id='line_1_100' title="bbox 2177 3804 3762 3875; baseline -0.004 -13"><span class='ocrx_word' id='word_1_727' title='bbox 2177 3808 2380 3863; x_wconf 83' lang='lat' dir='ltr'><strong><em>doctore</em></strong></span> <span class='ocrx_word' id='word_1_728' title='bbox 2428 3805 2840 3872; x_wconf 84' lang='lat' dir='ltr'><strong><em>cumularentur,</em></strong></span> <span class='ocrx_word' id='word_1_729' title='bbox 2886 3819 3077 3875; x_wconf 88' lang='lat' dir='ltr'><strong><em>nempe</em></strong></span> <span class='ocrx_word' id='word_1_730' title='bbox 3126 3819 3157 3857; x_wconf 92' lang='lat' dir='ltr'><strong><em>a</em></strong></span> <span class='ocrx_word' id='word_1_731' title='bbox 3197 3804 3449 3859; x_wconf 77' lang='lat' dir='ltr'><strong><em>Flaviano</em></strong></span> <span class='ocrx_word' id='word_1_732' title='bbox 3487 3805 3762 3874; x_wconf 82' lang='lat' dir='ltr'><strong><em>episcopo,</em></strong></span> 
     </span>
    </p>
   </div>
   <div class='ocr_carea' id='block_1_101' title="bbox 2177 3892 3762 3971">
    <p class='ocr_par' dir='ltr' id='par_1_101' title="bbox 2177 3892 3762 3971">
     <span class='ocr_line' id='line_1_101' title="bbox 2177 3892 3762 3971; baseline -0.003 -18"><span class='ocrx_word' id='word_1_733' title='bbox 2177 3901 2268 3971; x_wconf 88' lang='lat' dir='ltr'><strong><em>qui</em></strong></span> <span class='ocrx_word' id='word_1_734' title='bbox 2320 3907 2439 3971; x_wconf 87' lang='lat' dir='ltr'><strong><em>post</em></strong></span> <span class='ocrx_word' id='word_1_735' title='bbox 2478 3897 2918 3969; x_wconf 81' lang='lat' dir='ltr'><strong><em>Cltrysostomnm</em></strong></span> <span class='ocrx_word' id='word_1_736' title='bbox 2964 3894 3373 3950; x_wconf 90' lang='lat' dir='ltr'><strong><em>concionaturus</em></strong></span> <span class='ocrx_word' id='word_1_737' title='bbox 3416 3903 3551 3951; x_wconf 91' lang='lat' dir='ltr'><strong><em>erat.</em></strong></span> <span class='ocrx_word' id='word_1_738' title='bbox 3583 3892 3762 3949; x_wconf 82' lang='lat' dir='ltr'><strong><em>Tertia</em></strong></span> 
     </span>
    </p>
   </div>
   <div class='ocr_carea' id='block_1_102' title="bbox 2177 3985 3767 4052">
    <p class='ocr_par' dir='ltr' id='par_1_102' title="bbox 2177 3985 3767 4052">
     <span class='ocr_line' id='line_1_102' title="bbox 2177 3985 3767 4052; baseline -0.004 -6"><span class='ocrx_word' id='word_1_739' title='bbox 2177 3992 2414 4047; x_wconf 91' lang='lat' dir='ltr'><strong><em>omnium</em></strong></span> <span class='ocrx_word' id='word_1_740' title='bbox 2446 3989 2761 4045; x_wconf 84' lang='lat' dir='ltr'><strong><em>brevissima</em></strong></span> <span class='ocrx_word' id='word_1_741' title='bbox 2783 3988 2840 4042; x_wconf 89' lang='lat' dir='ltr'><strong><em>in</em></strong></span> <span class='ocrx_word' id='word_1_742' title='bbox 2865 3986 3190 4042; x_wconf 68' lang='lat' dir='ltr'><strong><em>Maccabzeos</em></strong></span> <span class='ocrx_word' id='word_1_743' title='bbox 3216 3985 3454 4052; x_wconf 78' lang='lat' dir='ltr'><strong><em>humilia,</em></strong></span> <span class='ocrx_word' id='word_1_744' title='bbox 3485 4000 3517 4040; x_wconf 91' lang='lat' dir='ltr'><strong><em>a</em></strong></span> <span class='ocrx_word' id='word_1_745' title='bbox 3538 3986 3767 4041; x_wconf 85' lang='lat' dir='ltr'><strong><em>nonnul-</em></strong></span> 
     </span>
    </p>
   </div>
   <div class='ocr_carea' id='block_1_103' title="bbox 2177 4076 3761 4152">
    <p class='ocr_par' dir='ltr' id='par_1_103' title="bbox 2177 4076 3761 4152">
     <span class='ocr_line' id='line_1_103' title="bbox 2177 4076 3761 4152; baseline -0.006 -13"><span class='ocrx_word' id='word_1_746' title='bbox 2177 4081 2244 4139; x_wconf 90' lang='lat' dir='ltr'><strong><em>lis</em></strong></span> <span class='ocrx_word' id='word_1_747' title='bbox 2272 4084 2325 4138; x_wconf 92' lang='lat' dir='ltr'><strong><em>in</em></strong></span> <span class='ocrx_word' id='word_1_748' title='bbox 2350 4080 2717 4152; x_wconf 84' lang='lat' dir='ltr'><strong><em>illegitimitatis</em></strong></span> <span class='ocrx_word' id='word_1_749' title='bbox 2745 4079 3106 4151; x_wconf 88' lang='lat' dir='ltr'><strong><em>suspicionem</em></strong></span> <span class='ocrx_word' id='word_1_750' title='bbox 3134 4087 3375 4143; x_wconf 90' lang='lat' dir='ltr'><strong><em>vocatur,</em></strong></span> <span class='ocrx_word' id='word_1_751' title='bbox 3407 4090 3506 4132; x_wconf 89' lang='lat' dir='ltr'><strong><em>nec</em></strong></span> <span class='ocrx_word' id='word_1_752' title='bbox 3534 4076 3761 4146; x_wconf 87' lang='lat' dir='ltr'><strong><em>injuria:</em></strong></span> 
     </span>
    </p>
   </div>
   <div class='ocr_carea' id='block_1_104' title="bbox 2176 4167 3761 4241">
    <p class='ocr_par' dir='ltr' id='par_1_104' title="bbox 2176 4167 3761 4241">
     <span class='ocr_line' id='line_1_104' title="bbox 2176 4167 3761 4241; baseline -0.005 -12"><span class='ocrx_word' id='word_1_753' title='bbox 2176 4189 2300 4230; x_wconf 88' lang='lat' dir='ltr'><strong><em>nam</em></strong></span> <span class='ocrx_word' id='word_1_754' title='bbox 2326 4173 2437 4229; x_wconf 83' lang='lat' dir='ltr'><strong><em>olet</em></strong></span> <span class='ocrx_word' id='word_1_755' title='bbox 2456 4181 2603 4228; x_wconf 88' lang='lat' dir='ltr'><strong><em>certe</em></strong></span> <span class='ocrx_word' id='word_1_756' title='bbox 2623 4171 2985 4241; x_wconf 83' lang='lat' dir='ltr'><strong><em>peregrinum.</em></strong></span> <span class='ocrx_word' id='word_1_757' title='bbox 3004 4167 3137 4239; x_wconf 84' lang='lat' dir='ltr'><strong><em>Styli</em></strong></span> <span class='ocrx_word' id='word_1_758' title='bbox 3155 4182 3324 4239; x_wconf 84' lang='lat' dir='ltr'><strong><em>genus</em></strong></span> <span class='ocrx_word' id='word_1_759' title='bbox 3349 4167 3636 4239; x_wconf 85' lang='lat' dir='ltr'><strong><em>strigosum</em></strong></span> <span class='ocrx_word' id='word_1_760' title='bbox 3658 4177 3761 4233; x_wconf 86' lang='lat' dir='ltr'><strong><em>est;</em></strong></span> 
     </span>
    </p>
   </div>
   <div class='ocr_carea' id='block_1_105' title="bbox 2177 4260 3764 4339">
    <p class='ocr_par' dir='ltr' id='par_1_105' title="bbox 2177 4260 3764 4339">
     <span class='ocr_line' id='line_1_105' title="bbox 2177 4260 3764 4339; baseline -0.005 -16"><span class='ocrx_word' id='word_1_761' title='bbox 2177 4268 2355 4323; x_wconf 91' lang='lat' dir='ltr'><strong><em>omnia</em></strong></span> <span class='ocrx_word' id='word_1_762' title='bbox 2400 4268 2548 4339; x_wconf 88' lang='lat' dir='ltr'><strong><em>quasi</em></strong></span> <span class='ocrx_word' id='word_1_763' title='bbox 2610 4264 2662 4318; x_wconf 93' lang='lat' dir='ltr'><strong><em>in</em></strong></span> <span class='ocrx_word' id='word_1_764' title='bbox 2706 4271 3010 4317; x_wconf 86' lang='lat' dir='ltr'><strong><em>transcursu</em></strong></span> <span class='ocrx_word' id='word_1_765' title='bbox 3038 4261 3308 4316; x_wconf 91' lang='lat' dir='ltr'><strong><em>dicuntur.</em></strong></span> <span class='ocrx_word' id='word_1_766' title='bbox 3355 4260 3537 4331; x_wconf 88' lang='lat' dir='ltr'><strong><em>Neque</em></strong></span> <span class='ocrx_word' id='word_1_767' title='bbox 3582 4270 3764 4315; x_wconf 84' lang='lat' dir='ltr'><strong><em>tamen</em></strong></span> 
     </span>
    </p>
   </div>
   <div class='ocr_carea' id='block_1_106' title="bbox 2177 4354 3765 4426">
    <p class='ocr_par' dir='ltr' id='par_1_106' title="bbox 2177 4354 3765 4426">
     <span class='ocr_line' id='line_1_106' title="bbox 2177 4354 3765 4426; baseline -0.005 -9"><span class='ocrx_word' id='word_1_768' title='bbox 2177 4377 2295 4417; x_wconf 91' lang='lat' dir='ltr'><strong><em>eam</em></strong></span> <span class='ocrx_word' id='word_1_769' title='bbox 2322 4361 2442 4415; x_wconf 92' lang='lat' dir='ltr'><strong><em>loco</em></strong></span> <span class='ocrx_word' id='word_1_770' title='bbox 2464 4356 2782 4423; x_wconf 77' lang='lat' dir='ltr'><strong><em>movendam</em></strong></span> <span class='ocrx_word' id='word_1_771' title='bbox 2801 4371 2920 4411; x_wconf 83' lang='lat' dir='ltr'><strong><em>esse</em></strong></span> <span class='ocrx_word' id='word_1_772' title='bbox 2942 4355 3119 4426; x_wconf 85' lang='lat' dir='ltr'><strong><em>potavi</em></strong></span> <span class='ocrx_word' id='word_1_773' title='bbox 3145 4372 3157 4408; x_wconf 93' lang='lat'><strong>:</strong></span> <span class='ocrx_word' id='word_1_774' title='bbox 3182 4355 3311 4409; x_wconf 88' lang='lat' dir='ltr'><strong><em>satis</em></strong></span> <span class='ocrx_word' id='word_1_775' title='bbox 3332 4356 3475 4408; x_wconf 89' lang='lat' dir='ltr'><strong><em>enim</em></strong></span> <span class='ocrx_word' id='word_1_776' title='bbox 3495 4354 3598 4408; x_wconf 89' lang='lat' dir='ltr'><strong><em>erit</em></strong></span> <span class='ocrx_word' id='word_1_777' title='bbox 3623 4369 3765 4409; x_wconf 87' lang='lat' dir='ltr'><strong><em>scru-</em></strong></span> 
     </span>
    </p>
   </div>
   <div class='ocr_carea' id='block_1_107' title="bbox 2180 4436 3765 4524">
    <p class='ocr_par' dir='ltr' id='par_1_107' title="bbox 2180 4436 3765 4524">
     <span class='ocr_line' id='line_1_107' title="bbox 2180 4436 3765 4524; baseline -0.004 -15"><span class='ocrx_word' id='word_1_778' title='bbox 2180 4455 2362 4524; x_wconf 89' lang='lat' dir='ltr'><strong><em>pulum</em></strong></span> <span class='ocrx_word' id='word_1_779' title='bbox 2394 4436 2679 4517; x_wconf 82' lang='lat' dir='ltr'><strong><em>indieasse,</em></strong></span> <span class='ocrx_word' id='word_1_780' title='bbox 2708 4467 2775 4505; x_wconf 88' lang='lat' dir='ltr'><strong><em>ne</em></strong></span> <span class='ocrx_word' id='word_1_781' title='bbox 2803 4450 2922 4521; x_wconf 90' lang='lat' dir='ltr'><strong><em>quis</em></strong></span> <span class='ocrx_word' id='word_1_782' title='bbox 2960 4464 3079 4505; x_wconf 89' lang='lat' dir='ltr'><strong><em>eam</em></strong></span> <span class='ocrx_word' id='word_1_783' title='bbox 3112 4457 3170 4503; x_wconf 92' lang='grc' dir='ltr'><strong><em>ιιι</em></strong></span> <span class='ocrx_word' id='word_1_784' title='bbox 3197 4458 3403 4503; x_wconf 88' lang='lat' dir='ltr'><strong><em>certum</em></strong></span> <span class='ocrx_word' id='word_1_785' title='bbox 3433 4448 3492 4504; x_wconf 88' lang='lat' dir='ltr'><strong><em>S.</em></strong></span> <span class='ocrx_word' id='word_1_786' title='bbox 3528 4448 3765 4504; x_wconf 82' lang='lat' dir='ltr'><strong><em>doctoris</em></strong></span> 
     </span>
    </p>
   </div>
   <div class='ocr_carea' id='block_1_108' title="bbox 2179 4539 3764 4613">
    <p class='ocr_par' dir='ltr' id='par_1_108' title="bbox 2179 4539 3764 4613">
     <span class='ocr_line' id='line_1_108' title="bbox 2179 4539 3764 4613; baseline -0.005 -12"><span class='ocrx_word' id='word_1_787' title='bbox 2179 4546 2341 4602; x_wconf 90' lang='lat' dir='ltr'><strong><em>fetum</em></strong></span> <span class='ocrx_word' id='word_1_788' title='bbox 2373 4545 2585 4600; x_wconf 87' lang='lat' dir='ltr'><strong><em>habeat.</em></strong></span> <span class='ocrx_word' id='word_1_789' title='bbox 2608 4542 2752 4613; x_wconf 80' lang='lat' dir='ltr'><strong><em>Quid</em></strong></span> <span class='ocrx_word' id='word_1_790' title='bbox 2782 4557 2931 4607; x_wconf 84' lang='lat' dir='ltr'><strong><em>vero,</em></strong></span> <span class='ocrx_word' id='word_1_791' title='bbox 2958 4541 3007 4595; x_wconf 88' lang='lat' dir='ltr'><strong><em>si</em></strong></span> <span class='ocrx_word' id='word_1_792' title='bbox 3031 4540 3273 4596; x_wconf 88' lang='lat' dir='ltr'><strong><em>dicamus</em></strong></span> <span class='ocrx_word' id='word_1_793' title='bbox 3298 4539 3434 4595; x_wconf 87' lang='lat' dir='ltr'><strong><em>hanc</em></strong></span> <span class='ocrx_word' id='word_1_794' title='bbox 3462 4540 3764 4606; x_wconf 89' lang='lat' dir='ltr'><strong><em>bomiliam,</em></strong></span> 
     </span>
    </p>
   </div>
   <div class='ocr_carea' id='block_1_109' title="bbox 2178 4631 3763 4710">
    <p class='ocr_par' dir='ltr' id='par_1_109' title="bbox 2178 4631 3763 4710">
     <span class='ocr_line' id='line_1_109' title="bbox 2178 4631 3763 4710; baseline -0.006 -16"><span class='ocrx_word' id='word_1_795' title='bbox 2178 4655 2297 4710; x_wconf 71' lang='lat' dir='ltr'><strong><em>qure</em></strong></span> <span class='ocrx_word' id='word_1_796' title='bbox 2327 4653 2456 4693; x_wconf 89' lang='lat' dir='ltr'><strong><em>sane</em></strong></span> <span class='ocrx_word' id='word_1_797' title='bbox 2485 4634 2797 4692; x_wconf 72' lang='lat' dir='ltr'><strong><em>brevissima</em></strong></span> <span class='ocrx_word' id='word_1_798' title='bbox 2823 4642 2925 4697; x_wconf 89' lang='lat' dir='ltr'><strong><em>est,</em></strong></span> <span class='ocrx_word' id='word_1_799' title='bbox 2959 4633 3100 4687; x_wconf 91' lang='lat' dir='ltr'><strong><em>illam</em></strong></span> <span class='ocrx_word' id='word_1_800' title='bbox 3121 4646 3241 4689; x_wconf 76' lang='lat' dir='ltr'><strong><em>esse</em></strong></span> <span class='ocrx_word' id='word_1_801' title='bbox 3267 4648 3425 4703; x_wconf 92' lang='lat' dir='ltr'><strong><em>quam</em></strong></span> <span class='ocrx_word' id='word_1_802' title='bbox 3455 4631 3763 4686; x_wconf 87' lang='lat' dir='ltr'><strong><em>Flavianum</em></strong></span> 
     </span>
    </p>
   </div>
   <div class='ocr_carea' id='block_1_110' title="bbox 2177 4723 3764 4802">
    <p class='ocr_par' dir='ltr' id='par_1_110' title="bbox 2177 4723 3764 4802">
     <span class='ocr_line' id='line_1_110' title="bbox 2177 4723 3764 4802; baseline -0.006 -15"><span class='ocrx_word' id='word_1_803' title='bbox 2177 4733 2486 4802; x_wconf 86' lang='lat' dir='ltr'><strong><em>episcopum</em></strong></span> <span class='ocrx_word' id='word_1_804' title='bbox 2534 4743 2659 4782; x_wconf 88' lang='lat' dir='ltr'><strong><em>mox</em></strong></span> <span class='ocrx_word' id='word_1_805' title='bbox 2689 4727 3148 4796; x_wconf 88' lang='lat' dir='ltr'><strong><em>pronuntiaturum</em></strong></span> <span class='ocrx_word' id='word_1_806' title='bbox 3191 4739 3309 4779; x_wconf 90' lang='lat' dir='ltr'><strong><em>esse</em></strong></span> <span class='ocrx_word' id='word_1_807' title='bbox 3351 4723 3564 4779; x_wconf 89' lang='lat' dir='ltr'><strong><em>diccbat</em></strong></span> <span class='ocrx_word' id='word_1_808' title='bbox 3601 4737 3764 4793; x_wconf 81' lang='lat' dir='ltr'><strong><em>supra</em></strong></span> 
     </span>
    </p>
   </div>
   <div class='ocr_carea' id='block_1_111' title="bbox 2177 4814 3765 4896">
    <p class='ocr_par' dir='ltr' id='par_1_111' title="bbox 2177 4814 3765 4896">
     <span class='ocr_line' id='line_1_111' title="bbox 2177 4814 3765 4896; baseline -0.006 -17"><span class='ocrx_word' id='word_1_809' title='bbox 2177 4821 2626 4896; x_wconf 85' lang='lat' dir='ltr'><strong><em>Chrysostomus?</em></strong></span> <span class='ocrx_word' id='word_1_810' title='bbox 2673 4818 2832 4874; x_wconf 87' lang='lat' dir='ltr'><strong><em>Certe</em></strong></span> <span class='ocrx_word' id='word_1_811' title='bbox 2870 4817 3004 4872; x_wconf 88' lang='lat' dir='ltr'><strong><em>nihil</em></strong></span> <span class='ocrx_word' id='word_1_812' title='bbox 3029 4815 3207 4882; x_wconf 90' lang='lat' dir='ltr'><strong><em>video,</em></strong></span> <span class='ocrx_word' id='word_1_813' title='bbox 3238 4815 3379 4886; x_wconf 92' lang='lat' dir='ltr'><strong><em>quod</em></strong></span> <span class='ocrx_word' id='word_1_814' title='bbox 3425 4828 3523 4869; x_wconf 88' lang='lat' dir='ltr'><strong><em>nos</em></strong></span> <span class='ocrx_word' id='word_1_815' title='bbox 3548 4814 3617 4868; x_wconf 90' lang='lat' dir='ltr'><strong><em>ab</em></strong></span> <span class='ocrx_word' id='word_1_816' title='bbox 3664 4814 3765 4870; x_wconf 84' lang='lat' dir='ltr'><strong><em>hac</em></strong></span> 
     </span>
    </p>
   </div>
   <div class='ocr_carea' id='block_1_112' title="bbox 2179 4911 2944 4988">
    <p class='ocr_par' dir='ltr' id='par_1_112' title="bbox 2179 4911 2944 4988">
     <span class='ocr_line' id='line_1_112' title="bbox 2179 4911 2944 4988; baseline -0.013 -16"><span class='ocrx_word' id='word_1_817' title='bbox 2179 4917 2431 4988; x_wconf 85' lang='lat' dir='ltr'><strong><em>opinione</em></strong></span> <span class='ocrx_word' id='word_1_818' title='bbox 2454 4914 2728 4968; x_wconf 77' lang='lat' dir='ltr'><strong><em>dimovere</em></strong></span> <span class='ocrx_word' id='word_1_819' title='bbox 2756 4911 2944 4981; x_wconf 81' lang='lat' dir='ltr'><strong><em>possit.</em></strong></span> 
     </span>
    </p>
   </div>
   <div class='ocr_carea' id='block_1_113' title="bbox 2251 4999 3764 5066">
    <p class='ocr_par' dir='ltr' id='par_1_113' title="bbox 2251 4999 3764 5066">
     <span class='ocr_line' id='line_1_113' title="bbox 2251 4999 3764 5066; baseline -0.007 -2"><span class='ocrx_word' id='word_1_820' title='bbox 2251 5012 2380 5065; x_wconf 72' lang='lat' dir='ltr'><strong><em>Alia:</em></strong></span> <span class='ocrx_word' id='word_1_821' title='bbox 2424 5007 2665 5061; x_wconf 81' lang='lat' dir='ltr'><strong><em>Itomilite.</em></strong></span> <span class='ocrx_word' id='word_1_822' title='bbox 2708 5033 2781 5045; x_wconf 90' lang='lat'><strong><em>—</em></strong></span> <span class='ocrx_word' id='word_1_823' title='bbox 2806 5003 3106 5058; x_wconf 80' lang='lat' dir='ltr'><strong><em>Concinnes</em></strong></span> <span class='ocrx_word' id='word_1_824' title='bbox 3150 4999 3203 5054; x_wconf 87' lang='lat' dir='ltr'><strong><em>in</em></strong></span> <span class='ocrx_word' id='word_1_825' title='bbox 3248 4999 3576 5055; x_wconf 75' lang='lat' dir='ltr'><strong><em>Macrame</em></strong></span> <span class='ocrx_word' id='word_1_826' title='bbox 3614 5000 3764 5066; x_wconf 82' lang='lat' dir='ltr'><strong><em>sequi</em></strong></span> 
     </span>
    </p>
   </div>
   <div class='ocr_carea' id='block_1_114' title="bbox 2179 5088 3762 5167">
    <p class='ocr_par' dir='ltr' id='par_1_114' title="bbox 2179 5088 3762 5167">
     <span class='ocr_line' id='line_1_114' title="bbox 2179 5088 3762 5167; baseline -0.01 -8"><span class='ocrx_word' id='word_1_827' title='bbox 2179 5103 2338 5159; x_wconf 88' lang='lat' dir='ltr'><strong><em>debet</em></strong></span> <span class='ocrx_word' id='word_1_828' title='bbox 2363 5099 2587 5154; x_wconf 85' lang='lat' dir='ltr'><strong><em>llomilia</em></strong></span> <span class='ocrx_word' id='word_1_829' title='bbox 2616 5098 2684 5153; x_wconf 85' lang='lat' dir='ltr'><strong><em>de</em></strong></span> <span class='ocrx_word' id='word_1_830' title='bbox 2708 5096 3107 5167; x_wconf 76' lang='lat' dir='ltr'><strong><em>S.‘-Martyribns</em></strong></span> <span class='ocrx_word' id='word_1_831' title='bbox 3134 5092 3429 5148; x_wconf 73' lang='lat' dir='ltr'><strong><em>Antiochia:</em></strong></span> <span class='ocrx_word' id='word_1_832' title='bbox 3470 5090 3647 5145; x_wconf 86' lang='lat' dir='ltr'><strong><em>habita</em></strong></span> <span class='ocrx_word' id='word_1_833' title='bbox 3673 5088 3762 5158; x_wconf 83' lang='grc' dir='ltr'><strong><em>(Τ.</em></strong></span> 
     </span>
    </p>
   </div>
   <div class='ocr_carea' id='block_1_115' title="bbox 2177 5182 3765 5259">
    <p class='ocr_par' dir='ltr' id='par_1_115' title="bbox 2177 5182 3765 5259">
     <span class='ocr_line' id='line_1_115' title="bbox 2177 5182 3765 5259; baseline -0.008 -10"><span class='ocrx_word' id='word_1_834' title='bbox 2177 5195 2233 5249; x_wconf 75' lang='grc'>2.</span> <span class='ocrx_word' id='word_1_835' title='bbox 2278 5210 2326 5247; x_wconf 88' lang='lat' dir='ltr'><strong><em>c.</em></strong></span> <span class='ocrx_word' id='word_1_836' title='bbox 2355 5192 2485 5259; x_wconf 62' lang='lat'><strong><em>645)</em></strong></span> <span class='ocrx_word' id='word_1_837' title='bbox 2510 5209 2524 5246; x_wconf 87' lang='lat'><strong>:</strong></span> <span class='ocrx_word' id='word_1_838' title='bbox 2546 5206 2678 5246; x_wconf 81' lang='lat' dir='ltr'><strong><em>nam</em></strong></span> <span class='ocrx_word' id='word_1_839' title='bbox 2709 5205 2857 5244; x_wconf 91' lang='lat' dir='ltr'><strong><em>num.</em></strong></span> <span class='ocrx_word' id='word_1_840' title='bbox 2891 5191 2916 5242; x_wconf 78' lang='grc'><strong>1</strong></span> <span class='ocrx_word' id='word_1_841' title='bbox 2951 5186 3121 5241; x_wconf 88' lang='lat' dir='ltr'><strong><em>innuit</em></strong></span> <span class='ocrx_word' id='word_1_842' title='bbox 3154 5185 3244 5240; x_wconf 90' lang='lat' dir='ltr'><strong><em>ille</em></strong></span> <span class='ocrx_word' id='word_1_843' title='bbox 3266 5198 3329 5239; x_wconf 90' lang='lat' dir='ltr'><strong><em>se</em></strong></span> <span class='ocrx_word' id='word_1_844' title='bbox 3354 5182 3504 5238; x_wconf 76' lang='lat' dir='ltr'><strong><em>hanc</em></strong></span> <span class='ocrx_word' id='word_1_845' title='bbox 3529 5198 3765 5253; x_wconf 73' lang='lat' dir='ltr'><strong><em>pronum-</em></strong></span> 
     </span>
    </p>
   </div>
   <div class='ocr_carea' id='block_1_116' title="bbox 2181 5275 3767 5356">
    <p class='ocr_par' dir='ltr' id='par_1_116' title="bbox 2181 5275 3767 5356">
     <span class='ocr_line' id='line_1_116' title="bbox 2181 5275 3767 5356; baseline -0.007 -15"><span class='ocrx_word' id='word_1_846' title='bbox 2181 5288 2342 5341; x_wconf 90' lang='lat' dir='ltr'><strong><em>tiasse</em></strong></span> <span class='ocrx_word' id='word_1_847' title='bbox 2361 5283 2521 5356; x_wconf 87' lang='lat' dir='ltr'><strong><em>paulo</em></strong></span> <span class='ocrx_word' id='word_1_848' title='bbox 2539 5290 2661 5353; x_wconf 89' lang='lat' dir='ltr'><strong><em>post</em></strong></span> <span class='ocrx_word' id='word_1_849' title='bbox 2686 5279 3102 5337; x_wconf 71' lang='lat' dir='ltr'><strong><em>Maccabzcorum</em></strong></span> <span class='ocrx_word' id='word_1_850' title='bbox 3120 5276 3531 5340; x_wconf 88' lang='lat' dir='ltr'><strong><em>solemnitatem,</em></strong></span> <span class='ocrx_word' id='word_1_851' title='bbox 3551 5275 3767 5345; x_wconf 80' lang='lat' dir='ltr'><strong><em>quando</em></strong></span> 
     </span>
    </p>
   </div>
   <div class='ocr_carea' id='block_1_117' title="bbox 2180 5367 3765 5445">
    <p class='ocr_par' dir='ltr' id='par_1_117' title="bbox 2180 5367 3765 5445">
     <span class='ocr_line' id='line_1_117' title="bbox 2180 5367 3765 5445; baseline -0.009 -10"><span class='ocrx_word' id='word_1_852' title='bbox 2180 5380 2466 5435; x_wconf 86' lang='lat' dir='ltr'><strong><em>Flavianus</em></strong></span> <span class='ocrx_word' id='word_1_853' title='bbox 2487 5375 2773 5445; x_wconf 89' lang='lat' dir='ltr'><strong><em>episcopus</em></strong></span> <span class='ocrx_word' id='word_1_854' title='bbox 2798 5381 3087 5443; x_wconf 84' lang='lat' dir='ltr'><strong><em>martyrum</em></strong></span> <span class='ocrx_word' id='word_1_855' title='bbox 3136 5368 3331 5424; x_wconf 84' lang='lat' dir='ltr'><strong><em>festum</em></strong></span> <span class='ocrx_word' id='word_1_856' title='bbox 3366 5367 3477 5422; x_wconf 89' lang='lat' dir='ltr'><strong><em>ruri</em></strong></span> <span class='ocrx_word' id='word_1_857' title='bbox 3520 5368 3765 5422; x_wconf 85' lang='lat' dir='ltr'><strong><em>celebra-</em></strong></span> 
     </span>
    </p>
   </div>
   <div class='ocr_carea' id='block_1_118' title="bbox 2179 5461 3766 5541">
    <p class='ocr_par' dir='ltr' id='par_1_118' title="bbox 2179 5461 3766 5541">
     <span class='ocr_line' id='line_1_118' title="bbox 2179 5461 3766 5541; baseline -0.011 -9"><span class='ocrx_word' id='word_1_858' title='bbox 2179 5487 2330 5532; x_wconf 90' lang='lat' dir='ltr'><strong><em>turns</em></strong></span> <span class='ocrx_word' id='word_1_859' title='bbox 2354 5473 2629 5538; x_wconf 87' lang='lat' dir='ltr'><strong><em>abscessit,</em></strong></span> <span class='ocrx_word' id='word_1_860' title='bbox 2652 5479 2810 5541; x_wconf 90' lang='lat' dir='ltr'><strong><em>atque</em></strong></span> <span class='ocrx_word' id='word_1_861' title='bbox 2830 5468 2965 5541; x_wconf 69' lang='lat' dir='ltr'><strong><em>Chr)</em></strong></span> <span class='ocrx_word' id='word_1_862' title='bbox 2976 5475 3214 5523; x_wconf 81' lang='lat' dir='ltr'><strong><em>sostomo</em></strong></span> <span class='ocrx_word' id='word_1_863' title='bbox 3249 5465 3302 5518; x_wconf 92' lang='lat' dir='ltr'><strong><em>in</em></strong></span> <span class='ocrx_word' id='word_1_864' title='bbox 3330 5463 3443 5532; x_wconf 90' lang='lat' dir='ltr'><strong><em>ipsa</em></strong></span> <span class='ocrx_word' id='word_1_865' title='bbox 3475 5461 3607 5516; x_wconf 88' lang='lat' dir='ltr'><strong><em>urbe</em></strong></span> <span class='ocrx_word' id='word_1_866' title='bbox 3635 5475 3766 5515; x_wconf 87' lang='lat' dir='ltr'><strong><em>con-</em></strong></span> 
     </span>
    </p>
   </div>
   <div class='ocr_carea' id='block_1_119' title="bbox 2179 5551 3766 5635">
    <p class='ocr_par' dir='ltr' id='par_1_119' title="bbox 2179 5551 3766 5635">
     <span class='ocr_line' id='line_1_119' title="bbox 2179 5551 3766 5635; baseline -0.011 -12"><span class='ocrx_word' id='word_1_867' title='bbox 2179 5563 2427 5623; x_wconf 87' lang='lat' dir='ltr'><strong><em>cionandi</em></strong></span> <span class='ocrx_word' id='word_1_868' title='bbox 2473 5562 2801 5635; x_wconf 83' lang='lat' dir='ltr'><strong><em>provinciam</em></strong></span> <span class='ocrx_word' id='word_1_869' title='bbox 2831 5558 3060 5630; x_wconf 87' lang='lat' dir='ltr'><strong><em>reliquit.</em></strong></span> <span class='ocrx_word' id='word_1_870' title='bbox 3092 5556 3151 5612; x_wconf 89' lang='lat' dir='ltr'><strong><em>ln</em></strong></span> <span class='ocrx_word' id='word_1_871' title='bbox 3190 5555 3291 5610; x_wconf 91' lang='lat' dir='ltr'><strong><em>hac</em></strong></span> <span class='ocrx_word' id='word_1_872' title='bbox 3318 5562 3495 5608; x_wconf 89' lang='lat' dir='ltr'><strong><em>autem</em></strong></span> <span class='ocrx_word' id='word_1_873' title='bbox 3547 5551 3766 5607; x_wconf 78' lang='lat' dir='ltr'><strong><em>humilia</em></strong></span> 
     </span>
    </p>
   </div>
   <div class='ocr_carea' id='block_1_120' title="bbox 2179 5646 3763 5727">
    <p class='ocr_par' dir='ltr' id='par_1_120' title="bbox 2179 5646 3763 5727">
     <span class='ocr_line' id='line_1_120' title="bbox 2179 5646 3763 5727; baseline -0.011 -13"><span class='ocrx_word' id='word_1_874' title='bbox 2179 5659 2246 5714; x_wconf 91' lang='lat' dir='ltr'><strong><em>de</em></strong></span> <span class='ocrx_word' id='word_1_875' title='bbox 2273 5667 2563 5727; x_wconf 75' lang='lat' dir='ltr'><strong><em>martyrum</em></strong></span> <span class='ocrx_word' id='word_1_876' title='bbox 2595 5655 2785 5708; x_wconf 75' lang='lat' dir='ltr'><strong><em>virtute</em></strong></span> <span class='ocrx_word' id='word_1_877' title='bbox 2812 5650 3023 5723; x_wconf 68' lang='lat' dir='ltr'><strong><em>egregie</em></strong></span> <span class='ocrx_word' id='word_1_878' title='bbox 3050 5649 3266 5705; x_wconf 88' lang='lat' dir='ltr'><strong><em>disserit</em></strong></span> <span class='ocrx_word' id='word_1_879' title='bbox 3284 5647 3344 5704; x_wconf 87' lang='lat' dir='ltr'><strong><em>S.</em></strong></span> <span class='ocrx_word' id='word_1_880' title='bbox 3366 5646 3588 5702; x_wconf 88' lang='lat' dir='ltr'><strong><em>doctor:</em></strong></span> <span class='ocrx_word' id='word_1_881' title='bbox 3619 5651 3763 5703; x_wconf 86' lang='lat' dir='ltr'><strong><em>mota</em></strong></span> 
     </span>
    </p>
   </div>
   <div class='ocr_carea' id='block_1_121' title="bbox 2181 5733 3764 5819">
    <p class='ocr_par' dir='ltr' id='par_1_121' title="bbox 2181 5733 3764 5819">
     <span class='ocr_line' id='line_1_121' title="bbox 2181 5733 3764 5819; baseline -0.011 -11"><span class='ocrx_word' id='word_1_882' title='bbox 2181 5767 2365 5809; x_wconf 86' lang='lat' dir='ltr'><strong><em>eorum</em></strong></span> <span class='ocrx_word' id='word_1_883' title='bbox 2400 5763 2517 5806; x_wconf 80' lang='lat' dir='ltr'><strong><em>Ossa</em></strong></span> <span class='ocrx_word' id='word_1_884' title='bbox 2549 5747 2664 5819; x_wconf 87' lang='lat' dir='ltr'><strong><em>plus</em></strong></span> <span class='ocrx_word' id='word_1_885' title='bbox 2695 5744 2757 5801; x_wconf 89' lang='lat' dir='ltr'><strong><em>ad</em></strong></span> <span class='ocrx_word' id='word_1_886' title='bbox 2789 5746 3034 5814; x_wconf 81' lang='lat' dir='ltr'><strong><em>salutem,</em></strong></span> <span class='ocrx_word' id='word_1_887' title='bbox 3066 5741 3131 5799; x_wconf 88' lang='lat' dir='ltr'><strong><em>ad</em></strong></span> <span class='ocrx_word' id='word_1_888' title='bbox 3158 5741 3657 5813; x_wconf 83' lang='lat' dir='ltr'><strong><em>-compunctionetn,</em></strong></span> <span class='ocrx_word' id='word_1_889' title='bbox 3698 5733 3764 5791; x_wconf 85' lang='lat' dir='ltr'><strong><em>ad</em></strong></span> 
     </span>
    </p>
   </div>
  </div>
