4122 6386
343 399 449 458 155

340 508 704 582 pmnitentiam
724 508 971 566 conferre
994 509 1144 575 dicit,
1171 525 1327 581 quam
1352 511 1631 566 doctorum
1663 528 1921 584 quorum-

337 602 466 660 !ihet
494 603 652 658 verba
680 603 1194 672 admonitionesque.
1229 603 1362 659 liinc
1393 607 1581 660 transit
1609 605 1677 660 ad
1705 621 1800 662 eos
1831 608 1922 677 qui

336 695 588 766 mysteria
615 695 826 764 indigne
851 695 1187 765 participant,
1211 696 1474 768 edicitque
1497 698 1614 753 illos
1636 714 1740 752 non
1767 713 1922 754 secus

339 785 649 855 plectendos
688 799 827 850 esse,
878 801 1036 855 quam
1064 801 1158 840 eos
1186 785 1276 856 qui
1325 787 1603 843 Dominum
1642 789 1924 844 cruciﬁxe-

336 886 477 932 runt.
525 875 778 930 Permulti
827 891 958 930 vero
997 885 1116 946 post
1167 877 1304 932 hanc
1333 879 1565 933 habitam
1611 881 1920 937 concionem

341 970 465 1024 dicti
495 969 638 1024 illius
685 971 1028 1026 acerbitatem
1075 986 1181 1025 non
1230 972 1481 1037 ferentes,
1513 972 1923 1042 indignabantur

340 1071 390 1116 et
420 1060 916 1116 excandescebant:
963 1061 1157 1116 Avocas
1199 1079 1306 1125 nos,
1352 1063 1678 1133 inquiebant,
1706 1081 1736 1116 a
1776 1082 1922 1118 sacra

337 1169 543 1217 inemo,
585 1161 631 1204 et
677 1169 708 1204 a
759 1154 1110 1205 communione
1158 1153 1382 1224 repellis.
1425 1155 1600 1220 Quare
1649 1164 1921 1224 permotus

334 1241 772 1312 Chrysostomus,
799 1241 1205 1310 pulcherrimam
1229 1243 1368 1296 illam
1392 1244 1685 1299 orationem
1715 1245 1917 1310 habuit,

330 1350 450 1403 qum
482 1335 805 1401 inscribitur,
851 1332 972 1388 Non
997 1351 1102 1388 esse
1143 1337 1212 1388 ad
1259 1335 1476 1407 gratiam
1516 1337 1920 1391 concionendum

337 1430 350 1489 ς
362 1424 421 1478 Τ.
447 1424 500 1478 2.
547 1443 593 1478 c.
625 1425 751 1493 655)
780 1440 918 1494 :qua
946 1426 1135 1494 probat
1161 1442 1272 1480 rem
1299 1442 1419 1482 esse
1452 1428 1672 1496 periculi
1705 1428 1824 1497 plen
1846 1445 1916 1483 m

333 1528 442 1570 tum
477 1517 806 1585 prtrdicanti,
846 1526 954 1572 tum
994 1518 1354 1583 audientibus,
1397 1519 1442 1574 si
1471 1519 1537 1572 ad
1567 1521 1794 1590 gratiam
1827 1522 1917 1577 ille

330 1616 711 1670 concionctur:
740 1616 1068 1687 plurimaque
1097 1617 1224 1672 dicit
1252 1619 1353 1672 alia
1385 1618 1450 1672 ad
1481 1618 1914 1672 concionatornm

329 1717 386 1760 et
410 1707 475 1760 ad
517 1707 815 1761 auditorum
855 1708 1089 1763 officium
1117 1712 1428 1780 spectantia.
1471 1710 1581 1764 Etsi
1621 1725 1752 1764 vero
1802 1708 1918 1764 brec

330 1795 542 1851 bomilia
575 1797 638 1852 ad
667 1800 1012 1870 panegyricos
1037 1810 1340 1856 sanctorum
1367 1817 1646 1857 sermones
1666 1817 1770 1855 non
1793 1816 1915 1873 per-

329 1890 480 1951 tinet,
515 1905 617 1943 non
648 1890 794 1945 licuit
839 1907 955 1945 eam
988 1907 1017 1945 a
1048 1894 1366 1961 ιιτίροοαριιῑί
1409 1894 1664 1948 concione
1706 1893 1912 1964 disjun-

328 1997 474 2052 gere,
506 1985 626 2053 quia
655 1995 886 2055 emptam
916 1985 984 2041 de
1010 1987 1223 2057 indigne
1260 1987 1779 2043 communicantibus
1812 1989 1912 2058 hy-

329 2073 630 2142 pothesim,
678 2091 741 2130 ea
786 2092 944 2145 quam
991 2077 1223 2134 diximus
1267 2078 1548 2134 occasione
1594 2079 1786 2134 ductus
1827 2079 1914 2134 hic

327 2167 683 2235 prosequitur.
715 2167 832 2235 Quo
859 2184 1002 2222 anno
1039 2179 1315 2240 utramque
1348 2169 1594 2225 habuerit
1637 2169 1908 2224 hon'tiliam

325 2256 760 2327 Chrysostomus,
793 2259 1054 2315 incertum
1097 2263 1314 2316 omnino
1341 2270 1423 2316 cst
1457 2281 1471 2317 :
1501 2261 1602 2316 hoc
1640 2277 1799 2315 unum
1843 2277 1908 2316 ex

325 2347 555 2402 secanda
586 2349 824 2414 humilia,
853 2352 936 2405 cui
967 2351 1166 2415 titulus,
1192 2351 1312 2406 Non
1334 2370 1440 2408 esse
1467 2354 1533 2407 ad
1552 2355 1767 2424 gratiam
1789 2335 1910 2407 con-

323 2439 651 2504 cionmtdnm,
680 2442 946 2510 expiscari
973 2457 1130 2512 posse
1155 2444 1418 2511 videmur,
1453 2462 1642 2515 nempe
1674 2446 1906 2501 habitam

325 2537 603 2598 utramque
631 2528 794 2586 fuisse
823 2542 943 2601 post
973 2533 1229 2588 llomilias
1255 2534 1323 2589 de
1351 2535 1574 2590 Lazaro.
1600 2537 1732 2591 Dicit
1765 2539 1908 2594 enim

319 2619 378 2674 S.
409 2619 600 2675 doctor
634 2638 780 2676 num.
807 2627 842 2680 5
866 2623 933 2684 de
959 2624 1160 2680 Lazaro
1194 2627 1454 2697 loquens:
1506 2626 1577 2682 Et
1616 2629 1741 2701 quid
1781 2647 1908 2700 opus

323 2720 396 2765 est
424 2713 719 2781 parabolam
742 2725 898 2770 totam
921 2720 1250 2786 percurrere?
1269 2721 1455 2791 quippe
1474 2722 1627 2776 nostis
1649 2723 1909 2778 historiam

321 2818 515 2857 onmem
537 2819 557 2869 ;
579 2807 931 2861 crudelitatem
951 2809 1137 2877 divitis,
1172 2827 1271 2880 quo
1299 2823 1444 2882 pacto
1473 2815 1754 2868 mendicum
1782 2832 1906 2884 par-

320 2896 520 2964 ticipem
564 2914 746 2952 mensa:
766 2916 866 2953 non
891 2899 1117 2968 faceret:
1146 2912 1412 2972 egestatem
1439 2905 1576 2959 illius
1599 2922 1660 2959 ac
1696 2906 1902 2976 fantem,

319 3005 433 3042 runt
463 3006 563 3058 qua
618 3003 853 3060 perpetuo
897 2994 1298 3064 conﬂictabatur.
1342 2995 1471 3065 Qua:
1505 3013 1634 3051 sane
1661 2998 1908 3055 videntur

322 3089 440 3146 post
466 3095 744 3136 sermones
771 3081 838 3136 de
860 3083 1060 3138 Lazaro
1081 3085 1244 3151 dicta,
1274 3086 1399 3142 licet
1432 3087 1482 3142 id
1511 3089 1777 3146 affirmare
1799 3106 1905 3146 non

319 3173 510 3226 ausim.
540 3173 657 3241 Quo
701 3185 876 3229 autem
918 3191 1060 3231 anno
1102 3191 1376 3234 sermones
1419 3179 1486 3234 de
1533 3181 1732 3236 Lazaro
1779 3182 1905 3237 dicti

319 3263 533 3331 fuerint,
559 3268 755 3334 pariter
784 3268 1045 3325 incertum
1076 3280 1178 3336 est,
1209 3283 1262 3326 ut
1287 3274 1516 3330 vidimus
1543 3291 1722 3346 supra.

390 3357 611 3414 Brevem
650 3360 809 3414 aliam
843 3361 894 3414 in
926 3371 1139 3418 sanctos
1167 3363 1426 3436 Martyres
1467 3365 1650 3422 habuit
1684 3371 1902 3424 concio-

319 3465 442 3504 nem
475 3448 560 3513 (Τ.
587 3449 644 3504 2.
681 3466 732 3504 c.
763 3449 922 3524 661),
952 3454 1104 3524 cujus
1125 3471 1324 3512 annum
1354 3459 1626 3529 assignare
1654 3476 1759 3515 non
1783 3477 1904 3536 pos-

317 3556 520 3595 sumus.
553 3541 679 3599 llzec
703 3555 881 3600 autem
904 3548 957 3602 in
983 3562 1110 3616 agro
1129 3549 1467 3610 Antiocheno
1487 3552 1627 3608 dicta
1655 3552 1769 3620 fuit,
1795 3570 1902 3625 quo

316 3630 655 3688 confluebant
679 3649 743 3690 ex
764 3636 978 3691 civitate
1001 3637 1174 3704 multi,
1203 3639 1296 3694 sed
1327 3650 1603 3711 postquam
1627 3652 1680 3698 et
1700 3645 1898 3699 cultum

316 3725 640 3794 martyribus
667 3725 1042 3791 exhibuerant,
1088 3739 1142 3785 et
1183 3731 1470 3788 conciones
1497 3734 1796 3802 audierant,
1832 3738 1898 3791 ad

315 3817 542 3885 popinas
598 3827 653 3872 et
691 3821 1116 3890 eompomtiones
1161 3823 1514 3882 divertebant.
1564 3827 1678 3897 Qua
1721 3830 1790 3887 de
1842 3849 1900 3886 re

315 3915 512 3961 acriter
547 3907 610 3964 in
658 3925 752 3963 eos
802 3910 1070 3968 invehitur
1099 3924 1314 3972 sanctus
1346 3918 1558 3975 Doctor.
1607 3919 1894 3992 Perpende,

314 3995 504 4066 inquit,
555 4017 706 4069 quant
728 4003 998 4058 ridiculum
1039 4006 1124 4071 sit,
1149 4017 1263 4076 post
1297 4008 1548 4078 ejusmodi
1574 4024 1894 4081 conventum,

313 4097 424 4154 post
451 4089 667 4158 vigilias,
707 4103 820 4163 post
852 4110 1112 4150 sacrarum
1149 4099 1457 4154 auditionem
1486 4102 1893 4173 Scripturarum,

311 4189 424 4247 post
466 4181 747 4236 divinarum
791 4186 1226 4256 participationem
1270 4193 1641 4262 mysteriorum,
1692 4207 1738 4251 et
1785 4210 1897 4268 post

309 4270 624 4336 spiritunlem
663 4271 997 4343 largitionem,
1027 4279 1190 4332 virum
1222 4293 1310 4334 aut
1338 4284 1598 4340 mulierem
1623 4296 1752 4342 totos
1781 4290 1890 4344 dies

307 4361 359 4414 in
377 4363 580 4433 papinis
607 4368 934 4438 transigentes
960 4370 1136 4425 videri.

379 4455 661 4513 llotniliam
689 4460 741 4514 in
772 4461 828 4516 S.
861 4461 1125 4519 Julianum
1156 4478 1443 4538 martyrem
1467 4468 1686 4526 Cilicem
1718 4473 1804 4543 (Τ.
1834 4475 1890 4530 2.

319 4567 366 4608 c.
399 4550 523 4621 665)
553 4592 567 4614 ,
608 4551 698 4620 qui
745 4568 840 4621 pro
884 4553 1098 4609 Christo
1142 4558 1379 4614 cervices
1421 4559 1659 4627 dederat,
1709 4563 1896 4620 habuit

306 4636 719 4709 Chrysostomus
749 4644 1064 4713 Antiochize,
1095 4657 1152 4702 ut
1179 4651 1515 4718 exploratum
1541 4664 1640 4719 est,
1674 4666 1785 4711 tum
1827 4675 1892 4713 ex

305 4727 372 4782 iis
390 4745 507 4799 quae
536 4730 604 4785 de
632 4732 879 4802 Daphnes
899 4737 1176 4806 suburbio,
1216 4741 1390 4810 deque
1414 4746 1893 4804 comessationibus

305 4829 468 4890 atque
510 4824 755 4892 tripudiis
795 4827 992 4882 ibidem
1022 4828 1208 4886 haberi
1248 4833 1424 4887 solitis
1462 4849 1885 4903 commemorat;

305 4923 417 4968 tum
447 4916 604 4970 etiam
632 4919 755 4985 quia
793 4919 1034 4989 ejusdem
1065 4923 1230 4977 sancti
1264 4924 1523 4996 Reliquize
1550 4927 1887 4984 Antiochiam

304 5008 576 5064 translatre
616 5009 867 5066 fuerant:
898 5021 1118 5084 eratque
1147 5013 1417 5071 eademin
1461 5017 1594 5073 urbe
1639 5021 1885 5086 ecclesia,

299 5099 539 5167 ejusdem
581 5103 750 5158 sancti
781 5105 997 5159 nomine
1043 5117 1374 5172 consecrata,
1424 5124 1542 5180 qua:
1570 5110 1622 5166 in
1666 5112 1887 5168 historia

300 5191 675 5248 Ecclesiasuea
708 5209 814 5250 non
856 5196 1221 5268 infrequenter
1260 5211 1610 5258 memoratur.
1643 5203 1718 5258 De
1744 5219 1885 5258 anno

299 5291 478 5337 autem
515 5300 620 5354 quo
653 5285 790 5342 hanc
817 5287 951 5343 dixit
974 5291 1308 5356 concionem,
1337 5292 1470 5346 nihil
1495 5295 1757 5364 expiscari
1787 5313 1881 5365 po-

298 5375 522 5431 luimus.

369 5467 523 5523 Circa
549 5469 826 5528 llomiliam
870 5473 922 5528 in
950 5484 1190 5531 sanctum
1219 5477 1552 5534 Barlaamum
1595 5489 1884 5553 martyrem

295 5559 382 5630 (Τ.
429 5560 484 5616 2.
526 5581 574 5618 c.
604 5563 748 5637 675)
798 5576 946 5622 notat
982 5568 1184 5624 Fronto
1224 5571 1449 5626 Ducreus
1493 5573 1544 5627 in
1587 5573 1885 5646 Mcnologio

293 5655 524 5721 mundam
555 5655 864 5713 Crtecorum
904 5663 1264 5732 manuscripto
1292 5664 1358 5718 ad
1396 5665 1536 5719 diem
1566 5667 1632 5722 16
1657 5666 1886 5722 Novem-

293 5743 403 5798 bris
431 5750 732 5804 annuntiari
779 5751 972 5807 festum
1005 5752 1061 5807 S.
1095 5753 1353 5810 Barlaami
1378 5758 1644 5827 martyris,
1669 5768 1726 5812 ut
1752 5769 1805 5812 et
1831 5759 1884 5814 in

291 5835 666 5912 Martyrologio
688 5841 948 5900 Romano.
973 5845 1087 5901 Alia
1123 5861 1247 5902 vero
1263 5845 1568 5905 Grzccorum
1589 5849 1883 5922 Menologia

1525 401 1709 462 NUNC
1746 401 2011 460 PRIMUM
2051 401 2442 460 ADORNATA.

3517 407 3620 467 158

2037 509 2142 566 hoc
2171 513 2364 567 festum
2396 511 2462 566 ad
2489 513 2748 570 decimam
2780 529 2972 569 nonam
3007 513 3327 570 novembris
3359 515 3619 573 referunt.

2028 607 2134 663 Sed
2161 611 2319 680 longe
2346 610 2446 664 alia
2474 610 2596 665 utili
2625 619 2940 679 tempestate
2966 624 3028 664 ea
3054 609 3362 664 solemnitas
3382 609 3613 680 Chryso-

2025 701 2184 753 stomi
2207 710 2444 770 tempore
2465 700 2852 754 celebrabatur.
2877 697 3006 751 Nam
3019 694 3315 750 Homiliain
3330 695 3613 768 illudApo-

2025 792 2147 845 stoli
2164 791 2361 846 dictum
2381 791 2402 864 (
2423 791 2483 845 Τ.
2504 793 2554 846 5.
2593 808 2639 846 c.
2659 789 2757 844 2M
2779 788 2820 854 ),
2848 789 2988 845 Nolo
3003 805 3088 844 vos
3105 791 3341 862 ignorare
3361 831 3376 856 ,
3409 795 3616 864 fratres.

2024 883 2158 951 quod
2169 892 2336 952 patres
2355 890 2464 932 nos!
2473 898 2516 933 rt
2535 893 2705 933 omnes
2716 884 2806 936 sub
2823 881 2948 935 nube
2963 883 3165 951 fuerunt
3187 882 3262 955 (1.
3285 880 3402 936 Cor.
3430 881 3552 958 10.
3572 885 3614 952 ),

2024 983 2153 1028 etc.:
2171 989 2287 1042 qua:
2305 973 2518 1028 homilia
2534 973 2621 1028 die
2635 973 2826 1028 festum
2846 973 2903 1029 S.
2921 974 3180 1028 Barlaami
3195 975 3507 1043 insequente
3525 974 3616 1028 ha-

2027 1068 2134 1121 bita
2157 1075 2262 1134 est,
2293 1076 2350 1121 ut
2372 1067 2565 1122 ibidem
2588 1067 2661 1121 ait
2681 1066 3092 1138 Chrysostomus
3117 1085 3130 1120 :
3153 1067 3352 1122 diserte
3376 1066 3506 1121 dicit
3529 1068 3618 1124 ille

2027 1160 2252 1214 hiemem
2276 1159 2386 1229 jam
2410 1159 2708 1229 praeterisse
2731 1168 3075 1228 :estatcmque
3095 1157 3375 1216 advenisse
3411 1177 3423 1212 :
3456 1158 3611 1214 Libe-

2022 1252 2141 1316 rati,
2166 1252 2356 1317 inquit,
2389 1269 2561 1306 sumus
2585 1252 2764 1316 hieme,
2788 1261 2834 1305 et
2869 1261 3041 1308 testate
3074 1251 3402 1321 perfruimur,
3432 1253 3617 1314 blande

2023 1342 2229 1414 aﬂlante
2274 1344 2514 1414 zephyro.
2540 1343 2675 1398 llinc
2696 1358 2824 1398 sane
2845 1341 3191 1412 consequitur
3218 1341 3374 1412 longe
3399 1343 3617 1399 diverso

2021 1434 2146 1487 anni
2205 1442 2442 1503 tempore
2493 1443 2620 1488 tunc
2660 1434 2986 1489 celebratum
3033 1431 3198 1488 fuisse
3244 1432 3304 1488 S.
3347 1433 3612 1489 Barlaami

2022 1525 2272 1595 martyris
2301 1525 2495 1579 festum
2525 1544 2538 1578 :
2569 1541 2690 1580 nam
2719 1540 2782 1579 ea
2818 1527 2870 1578 in
2907 1525 3038 1579 urbe
3064 1526 3252 1580 concio
3289 1524 3405 1579 baac
3434 1524 3614 1582 habita

2022 1627 2129 1684 est,
2160 1617 2211 1672 in
2239 1619 2391 1687 cujus
2414 1633 2564 1689 agro,
2597 1628 2652 1672 ut
2681 1618 2877 1673 ibidem
2905 1617 3116 1683 dicitur,
3147 1616 3445 1689 frequentia
3469 1635 3613 1674 mar-

2025 1718 2202 1780 tyrum
2254 1710 2496 1780 sepulcra
2527 1709 2878 1775 exsistebant,
2921 1725 3026 1784 quo
3047 1707 3318 1764 conﬂuere
3363 1709 3612 1769 solebant

2023 1811 2283 1871 quotquot
2306 1819 2372 1856 ex
2401 1802 2605 1857 civibus
2631 1802 2941 1857 eorumdem
2973 1811 3266 1875 martyrum
3294 1802 3609 1858 memoriam

2019 1893 2280 1956 recolere,
2332 1892 2674 1962 ipsorumque
2717 1891 2950 1961 pnesidii
2989 1902 3265 1946 consortes
3309 1906 3428 1947 esse
3456 1893 3605 1947 volea

2019 1983 2147 2036 bant
2173 2001 2184 2036 :
2215 1982 2358 2052 quod
2383 1998 2514 2038 sane
2539 1984 2838 2036 Antiochia:
2864 1992 3170 2050 competere
3197 1997 3356 2037 nemo
3385 1997 3610 2055 negave-

2016 2077 2107 2131 rit.
2142 2076 2216 2130 Ad
2260 2077 2374 2130 btec
2417 2091 2566 2142 vero,
2620 2075 2720 2130 sub
2747 2075 2908 2130 ﬁnem
2940 2074 3178 2144 ejusdem
3219 2089 3378 2144 supra
3408 2089 3611 2130 memo-

2017 2179 2147 2222 rata:
2179 2167 2429 2231 homilias,
2465 2167 2755 2238 pra-sulem
2784 2166 3024 2222 omnium
3056 2181 3242 2236 preces
3263 2167 3510 2237 postulat.
3540 2167 3611 2222 At

2012 2259 2471 2330 Constantinopoli
2505 2260 2782 2330 prtesulem
2830 2259 3033 2313 nullum
3063 2257 3476 2330 Chrysostomus
3501 2271 3605 2313 no-

2013 2361 2182 2418 verat,
2207 2353 2320 2422 ipse
2337 2366 2623 2421 supremus
2648 2351 2885 2406 omnium
2909 2349 3102 2419 praesul
3125 2367 3137 2401 :
3161 2347 3457 2404 Antiochia:
3478 2363 3608 2405 vero

2016 2444 2269 2514 prmsulcs
2316 2442 2474 2498 vieini
2531 2440 2896 2514 Chrysostomi
2937 2439 3282 2496 concionibus
3332 2438 3601 2494 interdum

2013 2533 2255 2596 aderant,
2288 2541 2349 2588 ut
2393 2533 2644 2588 vidimus.
2692 2534 2904 2590 Annum
2951 2545 3100 2596 vero,
3131 2545 3239 2600 quo
3283 2529 3379 2585 has
3420 2528 3603 2586 habuit

2014 2625 2286 2688 homilias,
2316 2641 2385 2679 ne
2415 2624 2721 2693 conjectura
2752 2622 2966 2694 quidem
2999 2637 3288 2692 possumus
3311 2622 3548 2692 assequi.

2083 2717 2138 2772 lu
2169 2718 2386 2772 humilia
2417 2731 2545 2772 vero
2585 2716 2826 2785 sequenti
2857 2714 2945 2769 dic
2987 2713 3166 2769 habita
3211 2713 3265 2768 in
3294 2712 3424 2768 illud
3457 2712 3601 2782 Apo-

2011 2809 2132 2864 stoli
2160 2808 2246 2883 (Τ.
2277 2811 2330 2864 5.
2365 2825 2414 2862 c.
2444 2806 2600 2879 211),
2635 2807 2775 2863 Nolo
2818 2823 2902 2861 vos
2927 2807 3180 2878 ignorare,
3219 2805 3422 2878 fratres,
3461 2805 3598 2876 quod

2012 2911 2180 2970 patres
2205 2903 2362 2954 nostri
2391 2916 2564 2954 omnes
2581 2900 2674 2954 sub
2700 2900 2830 2953 nube
2850 2903 3072 2970 fuerunt,
3094 2907 3141 2951 et
3160 2913 3331 2951 omnes
3351 2914 3440 2968 per
3459 2911 3600 2972 mare

2011 2993 2338 3057 transierunt,
2361 2990 2728 3064 Chrysostomi
2757 3005 2949 3060 scopas
2977 2996 3060 3044 est
3085 2988 3475 3054 demonstrare,
3510 3003 3601 3064 res

2012 3084 2064 3138 in
2095 3086 2258 3137 velt-ri
2287 3087 2401 3153 lege
2422 3092 2586 3147 actas,
2620 3082 2812 3137 futuris
2840 3082 3001 3137 rebus
3028 3081 3185 3137 [idem
3223 3080 3418 3148 facere,
3450 3095 3600 3136 esse-

2009 3190 2114 3242 que
2161 3174 2277 3228 illas
2303 3190 2481 3229 rerum
2525 3173 2647 3228 novi
2675 3174 3000 3228 'l'estamcnti
3039 3182 3217 3244 typum
3249 3181 3304 3227 et
3329 3171 3596 3250 umbram.

2010 3266 2372 3344 Marcionem,
2422 3265 2772 3320 Manichmum
2813 3274 2868 3320 et
2913 3263 3136 3322 Paulum
3187 3264 3594 3344 Samosatcnum

2009 3359 2181 3412 obiter
2209 3341 2534 3427 perstringit,
2563 3363 2617 3411 et
2640 3355 2914 3426 postulatis
2942 3357 2995 3411 in
3019 3358 3120 3411 line
3145 3367 3448 3412 sanctorum
3470 3341 3596 3430 pre-

2008 3449 2179 3510 cibus.
2205 3448 2478 3504 homiliam
2505 3449 2726 3508 claudit.
2763 3449 2929 3504 Notes
2956 3448 3117 3503 velim
3147 3458 3351 3504 certum
3380 3448 3596 3519 quidem

2007 3555 2127 3595 esse
2170 3540 2308 3595 hanc
2348 3541 2662 3596 concionem
2711 3540 2946 3595 habitam
2993 3539 3155 3594 fuisse
3197 3539 3283 3594 die
3308 3539 3500 3595 festum
3532 3537 3593 3595 S.

2005 3633 2267 3688 Barlaami
2296 3634 2624 3704 insequente,
2651 3641 2706 3687 at
2731 3648 2833 3686 non
2866 3631 3085 3702 perinde
3111 3632 3442 3701 exploratum
3473 3647 3593 3688 esse

2004 3742 2074 3781 an
2103 3743 2169 3782 eo
2198 3743 2339 3782 anno
2373 3743 2480 3798 quo
2509 3728 2780 3782 homiliam
2809 3728 2962 3782 istam
2998 3727 3066 3783 de
3094 3726 3151 3784 S.
3184 3727 3464 3782 Barlaamo
3492 3725 3591 3780 ha-

2004 3819 2139 3884 buit,
2167 3836 2234 3873 an
2262 3820 2389 3874 alio.

2074 3909 2398 3966 Concionem
2420 3926 2547 3965 vero
2580 3910 2646 3967 de
2675 3920 2855 3965 sancta
2886 3911 3107 3965 Droside
3141 3921 3377 3982 martyre
3407 3909 3495 3978 (Τ.
3527 3908 3585 3962 2.

2003 3995 2226 4072 ι,ε.685)
2277 4002 2327 4054 in
2374 4017 2502 4070 agro
2539 4002 2878 4058 Antiocheno
2921 4002 3106 4056 habuit
3152 4003 3587 4074 Chrysostomus,

2000 4108 2124 4150 cum
2148 4104 2361 4172 arrepta
2391 4109 2595 4150 serente
2622 4095 2725 4149 diei
2767 4096 3070 4161 occasione,
3117 4096 3369 4164 populum
3396 4093 3589 4150 Antio-

2001 4187 2231 4243 chennm
2259 4204 2327 4243 eo
2350 4189 2570 4243 deduxit
2607 4189 2889 4256 Flavianus
2915 4189 3217 4258 cpiscopus.
3249 4197 3308 4242 ut
3343 4199 3590 4245 narratur

2003 4296 2148 4332 num.
2177 4281 2230 4332 2.
2261 4279 2427 4348 llujus
2449 4295 2607 4349 porro
2626 4290 2830 4352 sanet_a:_
2846 4279 3094 4350 martyris
3114 4293 3279 4348 pauca
3301 4285 3588 4348 supersunt

2001 4379 2342 4424 monumenta
2367 4387 2380 4423 :
2407 4371 2598 4439 vixque
2627 4370 2768 4424 aliud
2797 4369 3068 4439 quidpiam
3092 4369 3237 4424 circa
3268 4367 3582 4438 martyrium

1999 4462 2398 4532 certaminaque
2427 4462 2543 4531 ejus
2561 4463 2825 4527 novimus,
2845 4477 3002 4530 quam
3025 4459 3165 4528 quod
3195 4461 3270 4512 ait
3289 4460 3345 4514 S.
3372 4459 3584 4522 doctor,

1999 4570 2116 4610 eam
2146 4555 2198 4609 iu
2242 4570 2430 4625 rogum
2475 4554 2770 4621 conjectam
2811 4550 2994 4626 fuisse.
3031 4550 3216 4619 Neque
3253 4550 3426 4605 solum
3465 4563 3590 4606 sano

1997 4660 2136 4702 ctam
2166 4645 2582 4716 Drosidem,,sed
2606 4653 2662 4701 et
2679 4645 2812 4715 alios
2841 4645 3001 4700 etiam
3027 4644 3280 4714 plurimos
3301 4654 3582 4716 martyres,

1997 4756 2224 4811 quorum
2267 4753 2388 4794 ossa
2433 4739 2624 4795 eodem
2665 4737 2786 4792 loco
2833 4736 3076 4808 deposita
3116 4746 3288 4802 erant,
3340 4737 3587 4804 laudibus

1996 4833 2338 4889 commendat
2373 4831 2809 4903 Chrysostomos,
2836 4845 3127 4900 eorumque
3153 4828 3206 4884 in
3233 4829 3507 4885 daemonas
3532 4839 3588 4884 et

1996 4929 2049 4982 in
2081 4927 2297 4983 morbos
2321 4925 2585 4996 quoslibet
2615 4931 2931 4994 potestatem
2953 4922 3297 4994 depnedicat,
3327 4939 3392 4978 ac
3413 4936 3584 4993 quan-

1996 5028 2102 5073 tam
2130 5034 2196 5073 ex
2219 5001 2403 5082 eorum
2446 5016 2595 5071 aditu
2631 5016 2911 5072 utilitatem
2943 5015 3231 5085 decerpere
3257 5014 3436 5081 liceat,
3467 5015 3586 5084 plu-

1995 5112 2143 5166 ribus
2171 5112 2410 5180 exponit.
2446 5110 2522 5166 De
2556 5125 2716 5176 anno,
2743 5125 2850 5180 quo
2883 5108 3000 5172 hate
3029 5113 3367 5178 pronuntiata
3394 5106 3585 5166 concio

1996 5203 2114 5265 fuit,
2151 5202 2282 5258 nihil
2308 5217 2531 5275 prorsus
2551 5201 2828 5270 habemus.

2067 5293 2308 5350 Ilomitite
2337 5293 2474 5349 alite.
2511 5324 2584 5335 -—
2613 5293 2892 5348 Homiliam
2923 5293 2973 5348 in
3006 5303 3160 5348 terra:
3187 5301 3388 5347 motum
3419 5291 3583 5346 etiam

1993 5388 2262 5444 edidimus
2284 5389 2424 5443 inter
2456 5385 2755 5443 Conciones
2791 5385 2859 5441 de
2889 5385 3092 5440 Lazaro
3121 5383 3210 5455 (Τ.
3237 5384 3293 5439 2.
3344 5400 3391 5436 c.
3423 5382 3575 5454 7H).

1994 5481 2082 5536 ubi
2113 5481 2294 5535 multis
2325 5489 2433 5536 tum
2455 5478 2848 5551 Chrysostomi,
2875 5489 2983 5532 tum
3012 5479 3238 5532 aliorum
3267 5476 3584 5534 testimoniis

1993 5574 2339 5644 probavimus
2385 5573 2722 5628 Antiochiam
2752 5571 3122 5642 frequentibus
3149 5580 3307 5626 terra:
3348 5569 3583 5624 motibus

1992 5679 2302 5721 succussam
2342 5663 2524 5730 fuisse,
2571 5665 2910 5734 maximeque
2938 5661 3310 5734 Chrysostomi
3353 5677 3488 5716 mvo.
3535 5661 3582 5717 Is

1991 5771 2170 5816 autem
2204 5770 2362 5816 terra:
2393 5769 2588 5825 motus,
2621 5760 2688 5816 de
2722 5775 2827 5831 quo
2848 5773 2988 5815 nunc
3013 5761 3206 5829 agitur.
3243 5769 3367 5814 tunc
3391 5761 3583 5814 accidit

1996 5869 2116 5910 cum
2149 5854 2563 5926 Chrysostomus
2586 5869 2728 5926 :rgcr
2753 5856 2806 5910 in
2829 5854 2971 5911 lecto
2999 5854 3344 5912 decumberet
3371 5872 3384 5909 :
3417 5857 3507 5926 qui
3531 5863 3586 5908 ut
