4122 6386
505 516 701 570 ardens
722 526 837 572 erat
864 517 1040 574 studio
1078 520 1412 576 instituendae
1445 522 1632 591 plebis,
1666 532 1908 577 maestam
1937 522 2076 577 illam

507 618 731 661 cernens
779 608 848 662 ob
876 609 1204 679 ingruentem
1247 613 1623 679 calamitatem,
1671 614 1817 668 nullo
1857 613 2080 669 allectus

509 698 680 753 morbi
709 715 888 769 sensu,
920 704 985 758 ad
1010 719 1221 775 gregem
1250 707 1516 761 advolavit
1544 725 1557 760 :
1587 708 1726 778 quod
1753 708 1966 778 quidem
1998 709 2086 763 ille

511 788 684 843 innuit
717 805 837 846 cum
867 795 939 847 ait
970 813 983 848 :
1022 794 1170 850 Verbi
1200 798 1431 852 doctrina
1459 799 1809 870 argritudinem
1842 816 2005 854 meam
2033 801 2087 853 in

509 878 693 935 bonam
722 884 1054 942 valetudinem
1092 892 1321 945 mutavit.
1350 891 1476 946 Haec
1516 908 1676 962 porro
1713 894 1899 947 concio
1937 902 2086 947 extra

514 969 700 1026 urbem
729 975 780 1028 in
807 976 981 1046 aliqua
1012 981 1387 1049 ecclesiarum,
1416 999 1547 1052 quas
1571 984 1748 1053 populi
1771 984 2088 1038 Antiocheni

514 1061 711 1129 pietate
738 1063 879 1121 ducti
912 1066 1335 1139 frequentabant,
1367 1073 1599 1128 habitam
1640 1073 1822 1137 fuisse.
1864 1075 2088 1130 suadent

516 1166 624 1206 non
665 1168 828 1223 pauca
858 1156 1222 1230 Chrysostomi
1249 1164 1431 1230 verba,
1463 1165 1550 1234 qui
1586 1165 1836 1235 populum
1869 1181 1975 1219 non
2002 1182 2091 1221 se-

518 1241 627 1298 mel
651 1244 833 1300 laudat
858 1247 929 1303 ob
956 1260 1257 1321 susceptum
1288 1255 1535 1309 audiendi
1577 1270 1734 1311 causa
1772 1255 1976 1311 itineris
2016 1257 2091 1309 la-

518 1334 703 1391 borem
740 1339 962 1394 multum
993 1350 1150 1413 atque
1175 1344 1446 1401 sudorem.
1493 1347 1547 1402 lu
1591 1349 1737 1404 hunc
1777 1364 1902 1403 vero
1939 1359 2094 1403 terra:

519 1439 723 1485 motum
748 1446 807 1488 se
840 1435 1000 1490 etiam
1029 1439 1202 1511 pridie
1226 1443 1598 1499 concinnatum
1632 1459 1753 1500 esse
1782 1445 2096 1500 testificatur

518 1519 932 1593 Chrysostomus
974 1530 1027 1585 in
1056 1530 1241 1587 eadem
1287 1535 1566 1590 concione.
1600 1537 1830 1604 Annum,
1869 1553 1975 1607 quo
2010 1536 2098 1592 hic

521 1619 678 1668 terras
703 1625 879 1672 motus
904 1621 1119 1689 accidit,
1157 1639 1225 1678 ne
1257 1627 1560 1696 conjectura
1587 1629 1798 1698 quidem
1829 1631 2098 1699 assignare

521 1714 838 1769 possumus:
871 1722 937 1763 ex
967 1712 1280 1781 mgritudiue
1320 1731 1548 1785 namque
1575 1717 1940 1789 Chrysostomi
1980 1721 2099 1773 nul-

522 1793 628 1849 lam
650 1797 838 1852 calculi
866 1803 1093 1869 ponendi
1137 1820 1321 1869 ansam
1357 1811 1594 1878 arripere
1622 1810 1742 1864 licet
1769 1829 1780 1863 :
1809 1827 1925 1864 nam
1958 1812 2102 1866 vale—

526 1885 723 1941 tudinis
744 1903 852 1944 non
877 1901 959 1945 est
990 1892 1160 1953 firmae
1179 1898 1278 1963 vir,
1302 1913 1444 1967 smpe
1469 1915 1588 1953 cum
1611 1900 1809 1954 morbis
1828 1901 2098 1956 conﬂicta-

522 1973 701 2032 batur.

597 2067 876 2127 llomiliam
920 2077 1006 2130 cui
1033 2077 1210 2134 titulus
1240 2088 1323 2134 est
1357 2096 1373 2135 :
1414 2081 1467 2134 in
1504 2082 1634 2136 illud
1661 2079 1749 2149 (T.
1784 2081 1837 2137 5.
1886 2096 1932 2133 c.
1964 2081 2025 2136 5|
2055 2080 2097 2154 ).

527 2156 705 2228 Pater,
745 2165 788 2217 si
819 2168 1068 2235 possibile
1093 2181 1193 2237 est,
1217 2180 1451 2227 transeat
1488 2190 1516 2227 a
1546 2190 1630 2229 me
1656 2175 1790 2229 calix
1841 2175 1939 2229 iste
1964 2191 1979 2230 :
2009 2189 2100 2229 ve-

527 2266 824 2310 rumtamen
856 2272 961 2314 non
990 2261 1127 2317 sicut
1147 2279 1245 2333 ego
1267 2266 1407 2329 volo,
1437 2266 1530 2321 sed
1564 2268 1702 2321 sicut
1738 2276 1790 2321 tu
1816 2285 1829 2321 :
1860 2279 1906 2320 et
1932 2275 2104 2321 contra

530 2341 887 2403 Marcionistas
912 2360 961 2404 et
989 2351 1320 2422 Manidueos,
1351 2364 1399 2409 et
1426 2356 1562 2427 quod
1585 2358 1810 2428 ingerere
1828 2373 1880 2411 se
1907 2357 2105 2427 pericu-

527 2433 593 2488 lis
635 2452 736 2490 non
776 2449 1024 2509 oporteat,
1057 2444 1149 2499 sed
1187 2447 1324 2501 omni
1365 2447 1633 2514 voluntati,
1680 2447 1777 2502 Dei
1805 2449 2105 2503 voluntatem

530 2528 782 2597 anteferre
806 2545 825 2583 :
864 2529 1026 2601 hanc,
1054 2535 1292 2606 inquam,
1342 2552 1408 2592 an
1448 2538 1588 2595 inter
1632 2540 2010 2609 Antiochenas,
2040 2556 2107 2596 an

533 2614 672 2671 inter
691 2617 1302 2693 Constantinopolitanas
1322 2643 1607 2686 accensere
1627 2640 1885 2701 oporteat,
1907 2649 2011 2687 non
2036 2634 2107 2687 ita

531 2702 687 2764 facile
723 2720 806 2766 est
832 2717 1117 2784 augurari;
1162 2719 1360 2789 aliquid
1393 2729 1570 2777 tamen
1596 2722 1731 2778 lucis
1758 2739 1825 2778 ex
1871 2724 1954 2790 iis,
1987 2740 2106 2795 qua:

534 2810 655 2868 post
674 2802 989 2873 principium
1011 2806 1279 2877 dicuntur,
1299 2825 1396 2865 nos
1417 2812 1645 2867 mutuari
1666 2827 1819 2883 posse
1842 2821 2105 2884 putamus.

535 2889 613 2947 De
641 2895 909 2962 proposita
950 2896 1177 2953 lectione
1218 2915 1380 2970 agens
1420 2900 1852 2973 Chrysostomus,
1896 2919 2105 2973 nempe,

532 2983 711 3055 Pater,
743 2988 788 3041 si
810 2990 1045 3060 possibile
1063 3001 1154 3058 est,
1184 3002 1454 3049 transeata
1483 3012 1562 3051 me
1583 2995 1722 3051 calix
1756 2998 1881 3050 iste:
1907 3013 2108 3050 verum-

536 3086 704 3133 tamen
755 3096 853 3151 non
876 3082 1005 3136 sicut
1038 3099 1128 3154 ego
1154 3087 1285 3147 volo,
1332 3085 1420 3140 sed
1438 3087 1562 3141 sicut
1593 3096 1665 3153 tu,
1714 3087 1785 3141 ita
1822 3088 2055 3157 loquitur
2094 3104 2107 3140 :

530 3166 680 3223 Nam
702 3179 749 3225 et
769 3173 952 3227 multos
974 3189 1197 3244 quaerere
1214 3175 1430 3231 arbitror
1448 3193 1547 3247 qua
1567 3177 1631 3231 de
1654 3192 1811 3231 causa
1834 3178 1941 3231 haec
1976 3178 2112 3230 dicta

523 3261 638 3316 ‘sint
676 3279 709 3317 a
733 3263 952 3331 Christo,
984 3282 1046 3319 ac
1072 3267 1340 3323 verisimile
1364 3277 1436 3324 est
1460 3285 1564 3338 eos,
1592 3269 1679 3340 qui
1716 3269 1923 3337 adsunt,
1952 3269 2114 3324 luere-

537 3355 661 3410 ticos
703 3356 810 3411 Ita'c
834 3359 983 3412 verba
1021 3360 1267 3430 accipere.
1312 3361 1591 3429 multosque
1631 3379 1694 3417 ex
1729 3363 2114 3432 simplicioribus

538 3446 780 3514 fratribus
822 3450 1170 3517 supplantare.
1236 3450 1387 3506 Unde
1439 3454 1606 3522 liquet
1648 3453 1926 3508 haereticos
1969 3453 2110 3517 illos.

538 3537 626 3605 qui
655 3536 845 3592 Filium
884 3539 1039 3594 Patre
1079 3542 1336 3597 minorem
1368 3543 1574 3614 ipsique
1615 3543 1925 3599 dissimilem
1972 3544 2117 3599 dice-

540 3625 702 3691 bant,
752 3644 945 3697 nempe
991 3632 1314 3697 Anommos,
1363 3634 1728 3704 Chrysostomi
1770 3634 2118 3689 coneionibus

542 3718 865 3774 interfuisse.
913 3720 1042 3776 Illud
1086 3734 1261 3778 autem
1294 3724 1596 3794 frequenter
1641 3726 1936 3780 Antiochia:
1980 3728 2119 3780 acci-

541 3809 705 3876 disse,
737 3812 808 3865 ita
836 3820 895 3866 ut
922 3825 1210 3883 praesentes
1244 3817 1521 3871 haereticos
1550 3817 1965 3888 Chrysostomus
1986 3833 2117 3872 con-

542 3900 759 3965 futaret,
810 3904 924 3974 ipse
961 3904 1161 3961 diserte
1201 3909 1275 3961 ait
1300 3907 1470 3963 Tomo
1511 3909 1682 3979 primo
1709 3909 1776 3965 de
1817 3908 2122 3981 Incompre—

544 3993 788 4048 hensihili
818 4004 1001 4051 contra
1026 3997 1317 4053 Anomteos
1346 4015 1393 4054 c.
1416 3998 1546 4053 707:
1573 4000 1909 4072 idipsumque
1938 4012 2120 4073 postea

544 4082 846 4139 subindicat
881 4101 929 4140 c.
962 4083 1096 4153 779‘,
1141 4099 1194 4142 ct
1243 4099 1433 4153 scqq.,
1481 4090 1535 4144 in
1578 4090 1694 4147 hmc
1742 4095 1924 4160 verba,
1969 4096 2121 4164 queis

542 4171 788 4230 Christus
814 4174 1029 4232 Petru
1058 4179 1271 4248 repulit,
1326 4178 1465 4235 Vade
1501 4192 1614 4252 post
1640 4200 1735 4247 me,
1759 4186 1984 4247 Satana,
2015 4197 2117 4242 etc.

548 4264 752 4321 Eadem
776 4283 911 4338 pene
933 4269 1068 4340 ipsa,
1097 4286 1215 4341 qua:
1239 4272 1348 4339 hic,
1373 4274 1527 4344 paulo
1554 4284 1674 4344 post
1700 4276 1906 4330 initium
1935 4278 2118 4344 habes,

540 4355 843 4429 iisdemque
900 4361 1011 4416 fere
1070 4363 1245 4417 verbis
1308 4375 1709 4421 commemorat.
1766 4367 2119 4433 Quamobrem

550 4453 846 4519 putaverim
893 4452 1031 4507 hanc
1068 4454 1338 4508 homiliam
1368 4458 1663 4513 Antiochiae
1709 4459 1940 4514 habitam
1988 4460 2124 4516 fuis-

553 4556 653 4606 se,
706 4557 809 4597 nec
852 4544 1089 4598 fortasse
1137 4545 1224 4598 diu
1280 4555 1401 4616 post
1437 4547 1554 4602 illas
1602 4557 1791 4604 contra
1833 4552 2124 4608 Anomteos

547 4633 835 4689 conciones
882 4651 894 4686 :
941 4635 1083 4705 quod
1110 4647 1287 4691 tamen
1330 4652 1395 4692 ex
1421 4639 1727 4709 conjectura
1759 4650 1960 4698 tantum
1988 4646 2122 4699 dici-

549 4739 690 4779 ntus.

601 4815 1168 4876 Concionesillasduas
1182 4822 1233 4876 'n
1247 4821 1545 4881 huncPauli
1558 4822 1826 4895 locum(T.
1844 4826 2121 4901 5.c.185).

552 4906 788 4963 Salutate
817 4907 1107 4965 Priscillam
1126 4910 1313 4981 (Rom.
1342 4914 1431 4968 16.
1457 4915 1523 4981 5)
1544 4957 1557 4979 ,
1598 4926 1699 4969 etc.
1724 4956 1739 4980 ,
1760 4931 1823 4971 ex
1856 4918 2128 4973 verisimili

548 5001 856 5071 conjectura
882 5003 1178 5059 Antiochiae
1208 5004 1411 5061 habitas
1441 4998 1602 5061 fuisse
1623 5016 1886 5075 putamus.
1917 5010 2126 5065 Etenim

554 5095 700 5149 illum
730 5095 905 5151 adhuc
931 5096 985 5151 in
1013 5097 1307 5168 presbyteri
1332 5098 1517 5154 ordine
1546 5100 1707 5155 fuisse
1725 5101 1932 5156 videtur
1951 5118 2017 5157 ex
2042 5103 2126 5168 iis,

464 5196 471 5201 '
552 5201 670 5256 quae
695 5186 762 5242 de
780 5187 1145 5243 sacerdotibus
1172 5189 1342 5256 istius,
1370 5189 1422 5244 in
1451 5206 1551 5260 qua
1577 5191 1799 5260 degebat
1818 5232 1833 5256 ,
1860 5191 2009 5246 urbis
2032 5194 2132 5245 ali-

551 5287 683 5347 quot
721 5279 772 5333 in
802 5279 932 5335 locis
960 5281 1065 5346 ait,
1110 5281 1339 5336 maxime
1364 5296 1490 5336 vero
1520 5283 1571 5336 in
1614 5283 1845 5337 secunda
1886 5298 2029 5337 num.
2058 5282 2129 5337 5:

554 5369 642 5423 ubi
666 5370 938 5427 auditores
958 5387 1201 5442 carpens,
1233 5374 1370 5442 quod
1391 5373 1602 5442 quidam
1624 5388 1809 5428 eorum
1830 5374 2132 5429 sacerdotes

557 5463 767 5530 probris
792 5472 847 5517 et
869 5464 1121 5518 conviciis
1142 5473 1430 5519 onerarent
1447 5505 1462 5529 ,
1491 5464 1578 5518 alii
1618 5479 1746 5519 vero
1771 5463 1885 5519 haec
1911 5464 2131 5519 audien-

557 5561 658 5618 tes,
692 5553 979 5608 maledicos
1026 5554 1146 5608 illos
1190 5568 1295 5608 non
1321 5564 1750 5624 compescerent,
1788 5556 1904 5609 talia
1953 5555 2130 5609 fatur:

562 5642 698 5706 Quid
734 5643 836 5696 illis
878 5643 1030 5713 fuerit
1067 5644 1283 5708 beatius,
1327 5644 1447 5711 quid
1490 5654 1655 5697 autem
1682 5644 1821 5698 nobis
1866 5643 2137 5698 miserius?

561 5733 978 5803 Quandoquidem
1005 5736 1082 5789 illi
1110 5737 1403 5808 sanguinem
1430 5746 1477 5791 et
1500 5738 1721 5790 animam
1749 5755 1839 5805 pro
1867 5747 2139 5809 prazcepto-

512 5816 519 5823 ’
557 5825 696 5880 ribus
725 5826 1131 5896 profundebant;
1164 5845 1254 5885 nos
1281 5838 1443 5884 autent
1470 5845 1627 5900 neque
1653 5832 1855 5886 verbum
1878 5846 1970 5901 pro
1996 5846 2133 5884 com-

1588 409 1645 465 S.
1685 408 1961 465 JOANNIS
1996 406 2464 465 CllRYSOSTOMl
2504 410 2683 477 VITA,

3661 408 3761 461 156

2187 525 2416 580 munibus
2444 525 2669 595 patribus
2694 526 2910 579 emittere
2935 526 3177 578 audemus
3195 565 3212 590 ,
3238 532 3323 578 sed
3350 539 3462 576 cum
3500 522 3765 576 andiannss

2187 620 2259 671 eis
2295 618 2544 683 maledici,
2576 628 2622 671 et
2641 618 2873 671 conviciis
2894 633 2977 672 eos
3006 616 3324 671 dehonestari
3358 625 3405 669 et
3440 632 3472 668 a
3507 616 3613 670 suis
3633 624 3677 667 et
3707 615 3767 668 ab

2188 710 2387 773 alienis,
2417 710 2687 764 maledicos
2716 726 2870 780 neque
2897 709 3254 778 compescimus
3275 751 3289 772 ,
3318 724 3472 774 neque
3498 706 3768 775 reprehen-

2190 802 2375 867 dimus,
2406 818 2561 871 neque
2585 802 2919 871 prohibemus.
2951 802 3074 855 Hmc
3093 810 3234 855 certe
3255 815 3359 855 non
3389 800 3632 853 videntur
3651 811 3771 853 esse

2191 892 2331 947 dicta
2358 891 2718 963 Chrysostomi
2744 893 2853 963 jam
2887 893 3159 963 episcopi:
3192 905 3363 960 neque
3406 889 3547 944 enim
3577 889 3695 950 ille,
3726 888 3770 942 si

2193 988 2473 1056 episcopus
2502 986 2718 1051 fuisset,
2761 988 3095 1048 sacerdotes,
3135 987 3223 1056 qui
3263 985 3514 1039 conviciis
3553 985 3773 1055 impete-

2194 1080 2406 1145 bantur,
2437 1093 2746 1135 communes
2781 1088 2957 1149 patres
2984 1079 3320 1148 appellasset.
3355 1077 3408 1131 ln
3438 1076 3583 1131 hisce
3618 1090 3773 1145 porro

2196 1170 2400 1226 duabus
2431 1171 2661 1226 homiliis
2686 1171 2738 1226 id
2774 1171 3139 1225 demonstrare
3169 1169 3372 1234 nititur,
3401 1168 3542 1238 quod
3571 1176 3625 1221 et
3648 1166 3773 1221 alibi

2197 1260 2522 1330 frequenter,
2550 1262 2797 1317 nimirum
2842 1261 3244 1332 inscriptiones,
3283 1260 3495 1313 nomina
3526 1258 3769 1327 pmpria,

2199 1351 2565 1418 salutationes,
2594 1352 2829 1422 aliasque
2853 1351 3192 1422 quantumvis
3221 1349 3464 1405 minimas
3487 1347 3775 1415 Scriptum!

2200 1457 2366 1497 sacra:
2392 1442 2701 1511 particulas,
2750 1458 2853 1495 non
2896 1455 3313 1510 supervacancas
3332 1480 3346 1504 ,
3375 1438 3468 1493 sed
3496 1437 3776 1507 diligenter

2200 1535 2543 1589 excutiendas
2572 1551 2711 1591 esse.
2739 1534 2872 1590 Cum
2914 1550 3040 1590 vero
3079 1533 3446 1603 inscriptiones
3473 1538 3527 1586 et
3565 1529 3776 1583 nomina

2201 1627 2411 1697 pr0pria
2434 1636 2820 1683 commemorat
2848 1627 2996 1681 initio
3021 1625 3265 1683 secundae
3290 1624 3509 1679 dicens:
3541 1622 3679 1676 Num
3696 1620 3778 1676 di-

2201 1719 2393 1772 dicistis
2416 1718 2764 1788 inscriptiones
2791 1728 2840 1773 et
2867 1719 3070 1772 nomina
3094 1728 3138 1772 et
3158 1718 3407 1787 simplices
3431 1718 3774 1778 salutationes,

2202 1810 2462 1880 diligenter
2506 1810 2560 1864 in
2605 1810 2884 1881 Scriptnris
2928 1809 3286 1863 excutiendas?
3330 1822 3485 1871 cum,
3532 1807 3776 1877 inquam,

2203 1899 2576 1969 inscriptiones
2605 1909 2657 1954 et
2678 1901 2922 1964 nomina,
2958 1900 3008 1953 id
3033 1910 3112 1953 est
3137 1898 3351 1952 nomina
3366 1897 3599 1968 pr0pria,
3629 1911 3778 1951 com—

2202 1999 2492 2056 memorat,
2524 1992 2860 2046 subindicare
2889 2004 3104 2061 prorsus
3133 1989 3341 2043 videtur
3368 1987 3613 2042 homilias
3649 2000 3781 2056 quas

2203 2083 2271 2138 de
2301 2084 2645 2153 inscriptione
2669 2085 2941 2146 Actorum,
2969 2082 3140 2151 deque
3166 2081 3282 2134 aliis
3305 2080 3588 2148 Scriptura:
3616 2088 3783 2131 sacrae

2205 2172 2659 2243 inscriptionibus,
2695 2188 2900 2228 necnon
2930 2182 3155 2242 quatuor
3177 2171 3327 2234 alias,
3355 2184 3488 2239 quas
3515 2168 3581 2222 de
3607 2169 3781 2221 nomia

2204 2264 2365 2319 nibus
2391 2264 2477 2320 vel
2504 2264 2572 2319 de
2613 2265 2905 2318 mutatione
2936 2264 3207 2317 nominum
3245 2260 3542 2315 Antiochia:
3585 2257 3781 2311 habue-

2206 2365 2326 2412 rat:
2354 2339 2495 2411 unde
2519 2355 2676 2409 etiam
2700 2355 2903 2410 eruitur
2926 2353 3087 2408 hasce
3112 2352 3355 2408 bomilias
3377 2348 3667 2404 Antiochiae
3690 2347 3785 2400 ha-

2206 2445 2344 2501 bitas
2369 2446 2549 2502 fuisse.
3711 2458 3716 2463 '

2279 2538 2364 2593 .lo.
2395 2535 2803 2609 Chrysostomus
2828 2536 2916 2608 (T.
2944 2537 2997 2591 5.
3039 2550 3085 2587 c.
3106 2532 3276 2607 261),
3320 2534 3409 2604 qui
3440 2546 3544 2587 non
3573 2545 3789 2600 semper

2209 2630 2594 2698 extemporales
2615 2628 2798 2683 habuit
2816 2628 3117 2689 conciones,
3140 2625 3421 2681 Homiliam
3445 2623 3512 2678 de
3536 2622 3785 2678 Eleemoa

2211 2735 2341 2793 syna
2364 2721 2515 2783 dixit,
2544 2720 2824 2776 occasione
2849 2719 3210 2773 mendicorum
3234 2726 3288 2772 et
3315 2728 3622 2784 egenorum,
3652 2725 3788 2780 quos

2213 2813 2405 2869 hiemis
2431 2822 2669 2882 tempore
2692 2811 2959 2880 iacentes,
2990 2825 3112 2865 cum
3143 2824 3237 2877 per
3260 2807 3434 2862 forum
3460 2813 3512 2859 et
3536 2803 3787 2871 angipor-

2213 2917 2297 2961 tus
2337 2906 2402 2960 ad
2440 2906 2717 2960 ecclesiam
2750 2913 3022 2974 pergeret,
3061 2909 3353 2969 repererat.
3382 2898 3534 2953 Hunc
3560 2896 3627 2949 ad
3655 2908 3789 2948 con-

2213 2997 2529 3052 ciooandum
2560 3005 2864 3064 apparatum
2885 3036 2899 3060 ,
2935 2993 3058 3047 dttm
3099 2993 3197 3044 iter
3224 2990 3448 3052 faceret,
3475 2985 3752 3040 adornavit
3770 3024 3785 3045 ,

2212 3101 2268 3145 et
2292 3090 2427 3143 hanc
2453 3088 2521 3143 de
2545 3089 2877 3157 eleemosyna
2905 3085 3212 3141 concionem
3237 3080 3586 3151 improvisator
3611 3085 3791 3131 orator

2216 3179 2587 3249 pronuntiavit.
2615 3176 2907 3231 Antiochiae
2931 3184 3106 3229 autem
3132 3172 3363 3227 habitam
3384 3170 3547 3225 fuisse
3573 3167 3788 3231 indicat,

2216 3287 2321 3327 non
2353 3272 2511 3326 modo
2536 3286 2656 3326 cum
2680 3271 2773 3328 ait.
2802 3284 2861 3323 se
2890 3284 2983 3337 per
3009 3267 3180 3321 forum
3206 3274 3260 3320 et
3285 3265 3591 3334 angiportus
3613 3263 3789 3316 cccle-

2217 3364 2349 3418 siam
2376 3363 2610 3431 petiisse,
2636 3360 2729 3415 sed
2748 3361 2925 3423 etiam,
2949 3367 3002 3412 ct
3022 3359 3178 3427 longe
3201 3355 3417 3421 clarius,
3439 3353 3527 3407 ubi
3548 3352 3618 3405 ait
3642 3367 3788 3405 num.

2219 3454 2273 3519 6,
2300 3468 2423 3509 cum
2454 3453 2623 3507 fames
2649 3451 2830 3506 orbem
2859 3450 3107 3503 invasura
3134 3454 3294 3511 esset,
3322 3445 3475 3499 istam
3502 3443 3790 3504 civitatem,

2220 3559 2412 3613 nempe
2437 3541 2804 3607 Antiochiam,
2853 3555 2944 3610 per
2968 3537 3262 3593 Barnabatn
3302 3544 3355 3590 et
3382 3534 3607 3591 Saulum
3636 3547 3794 3601 pecn-

2221 3637 2337 3689 nias
2366 3634 2750 3705 Jerosolymam
2799 3632 3026 3685 misisse.
3075 3628 3150 3683 De
3195 3640 3336 3681 anno
3372 3635 3552 3680 autem
3599 3623 3795 3676 habitat

2221 3726 2493 3783 concionis
2516 3725 2644 3781 nihil
2671 3722 2951 3779 dicendum
2976 3720 3225 3790 suppetit.

2296 3817 2549 3872 llomilias
2571 3827 2678 3870 tres
2704 3827 2925 3869 numero
2952 3811 3134 3865 habuit
3156 3796 3567 3879 Chiysostomus
3589 3806 3639 3858 in
3666 3804 3799 3858 illud

2223 3910 2464 3980 Apostoli
2490 3908 2580 3979 (T.
2611 3910 2664 3964 5.
2689 3925 2736 3963 c.
2763 3905 2906 3976 271)
2953 3924 2965 3960 :
3000 3902 3253 3958 Habentes
3295 3901 3523 3955 eumdem
3562 3900 3797 3968 spiritum

2226 4002 2301 4074 (2.
2328 4001 2445 4058 Cor.
2474 4001 2528 4055 4.
2568 3999 2656 4068 15)
2675 4039 2689 4063 ,
2718 4006 2822 4052 etc.
2854 3993 3149 4050 Antiochia:
3175 4007 3304 4047 vero
3344 3990 3549 4046 habitas
3596 3989 3757 4042 fuisse
3776 4027 3794 4052 ,

2224 4093 2445 4151 suadent
2474 4107 2537 4146 ea
2571 4106 2689 4161 qua:
2714 4089 2839 4144 dicit
2866 4087 2933 4141 de
2960 4083 3234 4140 monachis
3258 4083 3510 4139 verticem
3540 4079 3798 4135 montium

2225 4183 2632 4255 occupantibus,
2677 4192 3024 4248 aSpcramque
3045 4176 3169 4230 vitae
3196 4174 3457 4229 rationem
3483 4172 3761 4242 agentibus
3780 4213 3797 4235 ,

2226 4291 2360 4346 quos
2382 4290 2509 4331 sane
2533 4273 2820 4328 monachos
2840 4270 2895 4324 in
2925 4266 3264 4323 Antiochenis
3282 4264 3623 4321 concionibus
3645 4275 3800 4316 com-

2230 4380 2526 4422 memorare
2554 4364 2721 4427 solet,
2773 4375 2925 4417 secus
2973 4361 3024 4413 in
3069 4355 3684 4426 Constantinopolitanis.
3717 4355 3805 4407 An

2227 4456 2592 4528 Chrysostomi
2636 4468 2759 4508 vere
2800 4453 2906 4505 sint
2948 4450 3029 4504 hac
3058 4449 3318 4514 homilize,
3356 4459 3517 4501 ausus
3544 4455 3626 4501 est
3650 4444 3803 4514 quis-

2230 4550 2368 4618 piam
2391 4546 2653 4611 dubitare,
2674 4559 2793 4597 cum
2818 4551 2991 4595 tamen
3011 4539 3198 4610 stylus,
3221 4538 3401 4602 dictio,
3425 4543 3606 4605 tropus
3632 4533 3804 4604 Chry-

2229 4646 2520 4693 sostomum
2551 4636 2851 4705 loquentem
2880 4630 3128 4701 prodant.
3158 4627 3442 4685 Dubitandi
3482 4641 3657 4681 causm
3686 4625 3806 4678 viro

2230 4729 2463 4798 alioquin
2510 4727 2667 4782 docto
2713 4722 3012 4794 huiusmodi
3061 4722 3253 4776 fuere:
3296 4718 3437 4790 quod
3478 4732 3669 4786 nempe
3715 4715 3807 4770 hic

2230 4820 2572 4875 concionator
2596 4816 2742 4870 hom.
2772 4818 2825 4877 1,
2855 4830 2908 4867 n.
2939 4814 2995 4880 5,
3040 4809 3478 4881 Semipelagianis
3517 4807 3694 4863 favere
3721 4808 3807 4860 vi-

2230 4914 2438 4978 deatur,
2465 4925 2585 4964 cum
2607 4907 2734 4962 dicit
2757 4907 2825 4961 de
2848 4906 2998 4960 initio
3018 4905 3139 4959 lidei
3169 4903 3429 4973 loquens:
3463 4900 3641 4971 Neque
3672 4902 3810 4953 enim

2234 5004 2403 5067 Deus,
2431 5018 2589 5073 neque
2622 5000 2845 5071 Spiritus
2869 4999 3033 5070 gratia
3062 5006 3289 5051 nostrum
3316 4995 3551 5067 praevenit
3571 4996 3810 5064 proposi-

2234 5107 2375 5162 tum;
2419 5094 2505 5149 sed
2530 5093 2723 5148 etiamsi
2761 5102 2930 5158 vocet,
2974 5096 3227 5159 exspectat
3253 5096 3419 5141 tamen
3447 5096 3501 5140 ut
3540 5095 3717 5154 sponte
3761 5095 3814 5137 et

2236 5187 2444 5257 propria
2470 5186 2724 5240 voluntate
2750 5182 3082 5247 accedamus;
3110 5197 3168 5234 ac
3194 5190 3297 5233 tum
3326 5179 3552 5242 demum,
3585 5194 3698 5230 cum
3724 5194 3819 5228 ac-

2235 5280 2551 5343 cesserimus,
2595 5276 2735 5329 nobis
2767 5292 2916 5328 suum
2956 5285 3111 5327 totum
3152 5272 3344 5326 exhibet
3388 5270 3656 5323 auxilium.
3701 5267 3817 5323 Sed

2239 5365 2757 5423 animadvertendum
2785 5375 2884 5428 est,
2918 5363 3056 5434 quod
3081 5380 3199 5417 cum
3231 5378 3314 5426 ea,
3348 5377 3467 5431 quae
3493 5360 3559 5414 ad
3585 5359 3817 5429 gratiam

2238 5460 2564 5530 spectabant,
2588 5456 2819 5513 nondum
2842 5457 2893 5512 in
2915 5455 3330 5510 cotitroversiatu
3359 5460 3540 5506 vocata
3564 5449 3815 5515 fuissent,

2240 5569 2344 5607 non
2396 5559 2546 5606 erant
2592 5565 2654 5604 ea
2692 5548 2850 5604 certis
2881 5561 3066 5600 vocum
3094 5545 3347 5599 limitibus
3377 5540 3817 5608 circumscripta;

2242 5660 2413 5712 neque
2458 5644 2648 5696 mirum
2674 5682 2689 5707 ,
2743 5640 2789 5694 si
2826 5646 3269 5707 extemporaneus
3312 5644 3510 5697 orator,
3559 5631 3626 5686 ad
3673 5630 3826 5685 bona

2245 5733 2540 5804 peragenda
2570 5732 2836 5788 concitare
2862 5729 3068 5793 volens,
3097 5728 3217 5782 talia
3252 5725 3528 5796 proferret,
3558 5736 3677 5793 qua:
3705 5736 3826 5777 non

2247 5827 2311 5882 ad
2344 5828 2590 5881 trutinam
2621 5832 2741 5878 ante
2767 5822 3179 5879 examinaverat.
3211 5817 3264 5872 lu
3295 5818 3376 5871 his
3413 5815 3577 5871 etiam
3595 5812 3832 5869 concio-
