4122 6386
329 392 429 448 157

329 515 515 577 nibus,
565 513 615 566 in
663 513 887 586 aliisque
916 518 1164 587 operibus
1195 534 1299 574 non
1350 536 1514 590 pauca
1555 523 1714 588 dicit,
1759 523 1911 593 queis

328 605 583 673 probatur
612 607 784 676 ipsum
815 610 1086 665 censuisse
1113 610 1182 664 ad
1221 612 1426 666 initium
1473 613 1592 668 ﬁdei
1614 658 1626 680 ,
1657 617 1906 670 auxilium

271 725 282 735 ι
331 696 421 750 ltei
463 711 581 751 csse
626 699 1007 754 necessarium.
1041 701 1236 756 Verum
1264 703 1400 759 alius
1423 705 1488 759 ad
1518 706 1632 760 haec
1673 708 1912 775 pluribus

328 791 597 846 tractanda
624 792 776 848 nobis
796 803 877 849 est
906 796 1225 852 constitutus
1248 798 1417 853 locus.
1441 799 1611 853 Aliam
1638 799 1906 861 dubitattdi

326 894 542 935 causam
574 881 728 937 ell‘ert
771 884 817 937 is
847 885 990 954 ipse,
1023 888 1110 956 qui
1143 889 1372 957 priorem
1407 891 1623 960 protulit
1661 908 1673 942 :
1705 892 1802 946 sub
1831 891 1913 946 ir.

329 973 478 1028 itium
504 974 734 1031 homilize
760 978 929 1032 tertia:
958 979 1151 1034 dicitur
1176 997 1204 1033 a
1224 981 1371 1036 Pauli
1403 991 1641 1052 tempore
1658 986 1912 1054 quingeno

330 1075 411 1120 tos
438 1081 605 1122 annos
632 1069 841 1138 elapsos
869 1085 1009 1138 esse,
1037 1088 1154 1140 qua:
1181 1074 1346 1143 longe
1363 1077 1713 1130 recentiorem
1738 1076 1910 1149 Chry-

329 1166 568 1212 sostomo
592 1168 864 1215 auctorem
895 1172 1135 1232 arguant.
1189 1163 1322 1219 Hine
1347 1180 1474 1220 vero
1505 1167 1700 1220 nullam
1736 1166 1911 1221 all‘crri

328 1248 604 1304 dubitandi
646 1265 859 1306 causam
905 1253 1081 1306 statim
1126 1254 1366 1310 advertet
1412 1256 1648 1326 quisquis
1700 1259 1912 1312 lectioni

329 1341 698 1414 Chrysostomi
739 1355 984 1400 assuetus
1031 1359 1346 1416 perpetuam
1393 1349 1511 1418 ejus
1551 1350 1602 1403 in
1650 1365 1910 1405 annorum

330 1435 548 1491 calculis
577 1437 951 1507 negligentiam
983 1439 1364 1495 observaverit.
1392 1440 1481 1496 Sic
1509 1457 1611 1496 non
1634 1443 1796 1497 semel
1825 1442 1913 1498 ille

331 1541 500 1582 annos
529 1527 851 1598 quingentos
891 1541 1168 1585 enumerat
1195 1546 1223 1585 a
1252 1543 1518 1601 postrema
1555 1534 1732 1602 templi
1763 1533 1914 1588 Jero-

331 1619 634 1689 solymitani
677 1619 1066 1688 destructione,
1109 1638 1226 1692 qua:
1269 1623 1469 1692 aliquot
1496 1625 1649 1676 annis
1685 1636 1908 1678 mortem

332 1709 478 1762 Pauli
502 1711 820 1781 subsequuta
845 1723 944 1767 est.
972 1713 1058 1768 Sic
1081 1723 1136 1769 et
1152 1714 1275 1768 alibi
1301 1715 1493 1782 passim
1515 1716 1908 1782 anachronismi,

331 1799 383 1852 in
407 1800 664 1870 scriptore
685 1817 874 1873 nempe
893 1812 1186 1875 temporum
1206 1806 1466 1860 rationem
1490 1821 1671 1875 parum
1692 1817 1912 1863 ειη-,ιιιιο

331 1890 824 1960 deprehenduntur.

404 1982 861 2052 Elegantissimam
889 1986 1199 2041 concionem
1236 1985 1320 2057 (Τ.
1354 1987 1406 2042 5.
1448 2001 1495 2039 c.
1526 1987 1674 2054 547'),
1708 1989 1768 2041 de
1797 1987 1906 2040 Fu-

333 2082 557 2126 turorum
601 2074 810 2140 deliciis,
858 2086 1001 2142 etc.,
1052 2076 1236 2132 habuit
1276 2077 1688 2149 Chrysostomus
1727 2080 1912 2135 Antio-

329 2164 463 2218 chiae
482 2207 497 2230 ,
526 2174 583 2219 ut
611 2167 850 2236 arguitur
875 2184 936 2221 ex
967 2168 1031 2222 iis
1056 2211 1069 2234 ,
1097 2185 1215 2237 qua:
1256 2171 1354 2223 sub
1381 2171 1586 2224 initium
1635 2172 1905 2236 dicuntur,

330 2269 519 2324 nempe
542 2256 604 2308 ad
637 2257 775 2310 hunc
806 2269 1098 2329 martyrum
1125 2260 1293 2314 locmn
1323 2261 1572 2331 populum
1601 2263 1907 2316 ventitasse.

328 2348 490 2402 Extra
521 2349 703 2404 urbem
748 2366 942 2421 nempe
967 2361 1081 2406 erat
1107 2353 1330 2407 ecclesia
1376 2361 1592 2423 propter
1618 2363 1908 2422 martyrum

328 2440 598 2511 Reliquias
635 2440 998 2512 frequentata,
1033 2459 1136 2514 quo
1165 2445 1452 2515 pergebant
1495 2447 1672 2515 populi
1702 2446 1909 2515 pietatis

327 2548 505 2597 causa,
535 2543 588 2589 et
609 2536 698 2589 ubi
725 2535 1028 2606 frequenter
1047 2537 1331 2592 conciones
1354 2536 1702 2604 habebantur,
1729 2539 1908 2608 utjaln

327 2640 431 2678 non
478 2626 646 2680 semel
687 2627 935 2681 vidimus.
968 2627 1084 2694 Quo
1136 2635 1313 2682 autem
1361 2643 1504 2684 anno
1549 2629 1686 2683 dicta
1734 2631 1803 2682 sit
1843 2644 1907 2682 ex

328 2717 468 2770 nulla
497 2725 621 2770 nota
649 2719 859 2787 assequi
889 2733 1191 2788 possumus.

397 2807 852 2863 Commentarium
907 2808 1007 2879 (Τ.
1057 2811 1129 2880 5)
1177 2809 1529 2880 homiliasque
1575 2811 1626 2864 in
1669 2810 1908 2864 Psalmos

326 2899 624 2956 Antiochia:
664 2902 906 2957 emisisse
944 2902 1380 2972 Chrysostomum
1428 2912 1630 2957 certum
1659 2903 1904 2957 videtur:

325 3007 460 3063 opus
503 2993 774 3064 egregium
826 3003 880 3048 et
926 2994 1066 3048 inter
1110 2995 1545 3062 praestantiSsima
1590 2994 1704 3064 ejus
1747 3009 1906 3064 Opera

327 3086 768 3154 computandum,
797 3093 856 3139 ut
883 3086 1052 3140 cuivis
1077 3086 1272 3155 legenti
1301 3085 1471 3156 palam
1498 3087 1620 3140 erit.
1651 3084 1908 3155 Opinatur

324 3176 724 3244 Tillemontius,
781 3177 880 3232 bos
919 3178 974 3232 in
1019 3177 1259 3232 Psalmos
1306 3191 1583 3232 sermones
1629 3177 1908 3246 scripsisse

324 3267 795 3338 Cbrysostomum,
848 3282 946 3322 nec
991 3268 1397 3322 concionantem
1446 3269 1497 3321 in
1547 3276 1686 3322 coetu
1728 3267 1905 3337 populi

325 3359 626 3428 protulisse.
659 3357 716 3414 Id
743 3373 899 3424 vero,
928 3365 986 3412 ut
1011 3367 1094 3412 est
1121 3359 1173 3411 in
1206 3357 1407 3427 judicio
1437 3357 1658 3413 ferendo
1681 3367 1867 3412 cautus
1887 3399 1902 3424 ,

323 3450 670 3506 subdubitans
697 3459 902 3504 tantum
944 3450 1204 3505 enuntiat.
1234 3449 1358 3505 Mihi
1397 3464 1524 3504 vero
1552 3464 1704 3503 secus
1734 3450 1902 3502 visum

323 3551 422 3596 est.
457 3543 510 3595 In
538 3541 621 3597 his
651 3541 792 3597 enim
821 3541 1155 3597 sermonibus
1183 3541 1375 3611 passim
1406 3540 1654 3610 populum
1685 3540 1906 3610 alloqui-

324 3646 430 3699 tur,
461 3635 686 3705 taliaque
713 3636 950 3690 enuntiat
970 3676 984 3702 ,
1025 3650 1144 3706 qua:
1166 3633 1499 3688 concionanti
1528 3641 1730 3687 tantum
1758 3647 1903 3686 cum-

322 3737 504 3797 pctere
531 3725 768 3795 possint,
819 3735 876 3780 ut
912 3725 1092 3781 videas
1134 3725 1186 3780 in
1232 3724 1546 3779 Praefatione
1573 3724 1640 3777 ad
1679 3723 1902 3778 Tnmnm

323 3821 588 3890 quintum.
616 3819 696 3874 Ad
723 3835 930 3874 morum
962 3819 1295 3887 disciplinam
1323 3819 1374 3871 hi
1405 3817 1773 3871 commentarii
1804 3816 1902 3870 ad-

321 3911 539 3966 modum
565 3911 850 3980 opportuni
895 3919 1057 3963 sunt:
1091 3909 1292 3964 nullum
1344 3907 1546 3962 etbices
1578 3917 1900 3977 prazceptum

322 4004 408 4059 hic
451 4017 558 4058 non
610 4001 868 4058 offendas.
904 4002 1197 4056 Occasione
1225 4007 1432 4070 sumpta
1477 4015 1540 4054 ex
1569 3998 1899 4053 Psalmorum

320 4095 646 4164 argumentis
669 4137 682 4161 ,
711 4109 869 4150 onme
890 4094 1140 4147 virtutum
1169 4106 1334 4162 genus
1361 4091 1448 4145 hic
1475 4090 1896 4156 commendatur,

318 4189 442 4242 vitia
464 4188 642 4243 omnia
662 4188 994 4256 exagitantur
1017 4202 1029 4237 :
1059 4184 1314 4254 exemplis
1336 4182 1717 4252 frequentibus,
1741 4182 1900 4237 modo

319 4277 622 4349 fugiendum
662 4286 936 4349 peccatum
957 4319 970 4342 ,
1009 4275 1168 4330 modo
1196 4275 1617 4344 amplectendam
1649 4275 1896 4329 virtutem

319 4385 438 4426 esse
464 4369 734 4424 suadetur.

391 4461 684 4517 Antiochia:
711 4461 906 4516 dictam
937 4458 1286 4530 probabiliter
1333 4465 1578 4526 putamus
1624 4455 1893 4510 homiliam

317 4556 401 4610 cui
433 4555 612 4609 titulus
641 4552 727 4624 (T.
760 4553 812 4608 5.
841 4569 881 4604 c.
911 4549 1047 4616 519)
1073 4569 1084 4604 :
1123 4548 1346 4603 Homilia
1386 4547 1554 4600 habita
1581 4547 1633 4599 in
1662 4562 1896 4616 magnam

321 4644 722 4711 Hebdomadam,
752 4645 804 4698 in
830 4659 927 4713 qua
951 4642 1156 4695 docetur
1175 4657 1264 4694 cur
1283 4655 1340 4694 ea
1361 4655 1543 4709 magna
1568 4637 1896 4692 "ebdomada

317 4739 620 4807 appelletur,
659 4745 706 4790 et
734 4736 786 4789 in
821 4735 984 4795 illud,
1017 4732 1195 4786 Lauda
1226 4733 1397 4786 anima
1428 4746 1544 4784 mea
1576 4730 1854 4783 Dominum
1878 4771 1892 4795 ,

315 4845 376 4882 ac
400 4829 464 4882 de
487 4827 691 4882 custode
717 4826 929 4879 carceris
956 4825 1008 4877 in
1028 4823 1184 4877 Actis.

391 4920 885 4990 Inter-pretationem
913 4918 964 4970 in
995 4916 1178 4968 Isaiam
1203 4913 1287 4986 (T.
1307 4914 1360 4969 6.
1379 4912 1564 4981 initio),
1584 4921 1810 4981 emptam
1841 4922 1895 4967 et

315 5027 483 5082 usque
523 5012 588 5064 ad
616 5008 890 5064 dimidium
933 5007 1122 5076 capitis
1146 5004 1317 5059 octavi
1353 5003 1632 5058 deductam
1662 5002 1896 5056 creditur

312 5103 726 5174 Chrysostomus
751 5099 1096 5154 adornavisse
1122 5094 1437 5160 Antiochiae,
1465 5103 1748 5163 antequam
1775 5109 1893 5163 pre-

314 5197 496 5265 sbyter
523 5202 664 5248 esset
691 5209 704 5246 :
735 5205 907 5261 neque
933 5188 1076 5243 enim
1105 5188 1156 5240 in
1178 5185 1462 5241 conciones
1489 5183 1768 5238 distributa
1788 5193 1890 5251 est,

316 5296 374 5340 ut
415 5285 653 5340 Homilia:
687 5284 739 5337 in
765 5281 1014 5338 Genesim
1045 5289 1101 5334 et
1124 5279 1178 5333 in
1210 5278 1466 5332 Psalmos.
1506 5275 1656 5331 Circa
1686 5285 1893 5345 tempus

312 5387 368 5432 et
406 5377 619 5444 locum,
658 5375 810 5445 queis
855 5373 956 5426 hoc
996 5387 1131 5442 opus
1165 5370 1577 5440 Chrysostomus
1613 5382 1894 5438 aggressus

313 5477 434 5534 est,
482 5478 778 5536 ceteraque
821 5465 886 5519 ad
934 5465 1158 5534 idipsum
1200 5463 1526 5532 spectantia,
1567 5461 1892 5516 Tillemontii

313 5561 630 5616 sententiam
653 5559 879 5614 libenter
906 5557 1277 5627 amplectimur-
1304 5553 1528 5626 (Tillem.
1549 5571 1599 5622 p.
1629 5553 1745 5622 90).
1779 5552 1892 5607 Hoc

314 5669 464 5722 opus,
488 5653 657 5723 inquit
679 5651 788 5717 ille,
817 5649 1158 5721 Chrysostomi
1182 5663 1288 5701 esse
1310 5662 1454 5700 nemo
1481 5661 1580 5698 non
1601 5646 1847 5699 existimet
1873 5661 1892 5699 :

314 5746 465 5815 idque
487 5744 746 5815 elegantia:
770 5742 1041 5812 specimina
1069 5755 1174 5807 prce
1204 5755 1258 5794 se
1279 5741 1372 5809 fert
1409 5754 1506 5791 non
1537 5737 1784 5807 uulgaria.
1816 5736 1894 5791 De

315 5835 525 5907 imperio
555 5834 782 5890 Ποιητιηο
810 5833 1038 5902 qua'dam
1077 5833 1156 5886 hic
1186 5831 1429 5885 habentur
1462 5848 1514 5895 p.
1542 5828 1612 5884 24
1637 5829 1790 5900 (quod
1815 5831 1889 5883 vi-

1493 406 1674 465 NL‘NC
1716 407 1976 463 PRIMUM
2017 407 2402 468 ADORNATA.

3493 429 3596 484 1'58

2019 522 2194 573 (le/iret
2223 538 2416 574 sunmta
2449 539 2570 593 pace
2595 532 2710 577 tunc
2737 527 3028 599 frueretur),
3058 530 3166 599 ejus
3193 537 3346 588 statui
3374 547 3594 609 tempore

2016 611 2360 682 Chrysostomi
2387 617 2741 684 congruentia,
2789 619 3004 673 maxime
3043 637 3192 690 vero,
3239 628 3284 679 si
3316 640 3507 690 spectes
3531 649 3592 684 ea

2014 720 2127 773 qua:
2157 722 2343 757 ammm
2370 706 2470 760 577
2509 719 2885 776 pra'cesserunt.
2915 709 3058 766 Illud
3094 729 3208 769 vero
3232 721 3396 787 operis
3435 722 3511 775 uel
3540 723 3594 777 ir.

2014 795 2316 860 solitudine,
2349 797 2423 848 vel
2460 814 2572 848 cum
2608 797 2849 852 diaconus
2893 810 3051 868 esset,
3099 807 3311 874 fortasse
3351 811 3596 866 emiserit.

2019 883 2157 936 Nam
2187 901 2248 938 ea;
2269 902 2363 954 quo
2390 897 2610 956 tempore
2637 889 2890 960 presbyter
2917 893 3034 961 fuit,
3063 911 3162 950 non
3192 897 3385 952 videtur
3406 911 3485 954 sat
3505 902 3596 955 otii

2015 984 2062 1027 et
2098 976 2250 1043 spatii
2289 974 2547 1044 habuisse,
2592 988 2646 1032 ut
2683 988 2822 1034 tanto
2859 983 3057 1038 edendo
3077 987 3217 1058 operi
3249 1005 3452 1044 manum
3494 994 3594 1045 ad-

2017 1077 2252 1120 moveret.

2089 1159 2546 1228 Elegantissimam
2593 1162 2860 1219 bomiliam
2910 1167 3004 1237 (T.
3045 1169 3097 1224 6.
3133 1189 3180 1225 ε.
3207 1173 3308 1227 247
3345 1176 3362 1245 )
3414 1176 3595 1234 habuit

2018 1249 2315 1304 Antiochiae
2361 1253 2411 1305 in
2469 1270 2656 1322 magna
2702 1258 2923 1312 ecclesia
2968 1276 3089 1315 cum
3134 1277 3297 1332 pauca
3348 1267 3594 1334 przet’atus

2017 1350 2156 1392 esset
2185 1341 2464 1410 episc0pus
2505 1341 2804 1411 Flavianus,
2844 1347 2897 1402 in
2937 1349 3064 1403 illud
3105 1351 3395 1422 Evangelii,
3428 1354 3595 1410 Filius

2017 1445 2080 1483 ea:
2124 1431 2286 1500 seipso
2339 1432 2466 1486 nihil
2520 1437 2672 1502 facit,
2713 1437 2808 1490 nisi
2851 1441 2984 1507 quod
3032 1441 3210 1496 uiderit
3257 1443 3464 1499 Patrem
3509 1449 3594 1516 fa-

2017 1524 2244 1576 cientem.
2278 1526 2442 1595 Hujus
2500 1538 2672 1582 autem
2723 1533 3024 1596 concionis,
3057 1548 3150 1588 seu
3200 1537 3375 1604 potius
3422 1539 3596 1595 disce-

2019 1615 2269 1682 ptationis
2319 1617 2480 1689 (nam
2531 1628 2634 1672 tota
2691 1620 2742 1674 in
2788 1637 2981 1690 genere
3022 1625 3265 1693 polemico
3317 1631 3594 1702 versatur)

2018 1705 2228 1758 occasio
2287 1707 2381 1760 fuit
2438 1709 2817 1764 Anomceorum
2871 1714 3110 1782 quamam
3169 1717 3416 1786 objectio.
3461 1719 3595 1778 Cum

2016 1795 2158 1848 enim
2217 1796 2626 1868 (lln'ysostomus
2679 1803 2730 1854 in
2786 1803 3106 1869 prazcedenti
3169 1809 3428 1865 concione
3494 1810 3596 1868 hoc

2017 1885 2160 1938 dielo
2203 1878 2507 1956 cvangelico
2551 1890 2611 1942 in.
2653 1891 2884 1945 medium
2933 1893 3194 1962 adducto,
3245 1895 3405 1952 Pater
3456 1916 3595 1955 meus

2017 1992 2170 2048 usque
2211 1981 2359 2032 modo
2394 1996 2651 2050 aperatur,
2688 1994 2735 2037 et
2774 2002 2863 2056 ego
2893 2002 3091 2056 operor,
3129 1990 3450 2046 ostendisset
3477 1993 3595 2050 Filii

2016 2084 2136 2122 cum
2166 2069 2324 2125 Patre
2348 2074 2723 2141 aequalitatem,
2749 2091 2906 2145 quam
2930 2079 3110 2142 etiam,
3144 2079 3333 2150 inquit,
3363 2082 3596 2140 declarat

2016 2163 2338 2231 evangelista
2369 2164 2452 2217 bis
2473 2167 2666 2230 verbis,
2697 2167 2970 2238 Propterea
2993 2173 3151 2242 magis
3176 2177 3596 2244 persequebantur

2015 2268 2146 2318 eum,
2179 2269 2282 2306 non
2306 2256 2470 2308 solum
2496 2258 2613 2326 quia
2638 2258 2856 2313 solvebat
2879 2261 3170 2328 sabbatum,
3199 2265 3289 2319 sed
3313 2275 3358 2319 et
3390 2265 3596 2324 Patrem

2015 2359 2163 2396 suum
2202 2345 2394 2399 dicebat
2421 2345 2619 2414 Deum,
2660 2351 2903 2414 (aqualem
2927 2370 2980 2406 se
3005 2353 3198 2422 faciens
3226 2355 3368 2423 Deo;
3395 2359 3463 2413 ita
3491 2375 3595 2416 ser-

2015 2448 2225 2488 monem
2253 2437 2460 2490 clausit.
2511 2438 2754 2493 Haeretici
2793 2451 2968 2495 autem
3013 2447 3258 2502 Anommi
3291 2447 3416 2504 lmic
3442 2465 3595 2520 argu-

2015 2535 2195 2579 mento
2221 2541 2286 2578 ex
2315 2525 2520 2581 Joanne
2546 2531 2867 2599 evangelista
2893 2531 3194 2602 desumpto,
3223 2537 3382 2590 alium
3425 2554 3596 2609 oppo-

2013 2631 2170 2672 suere
2211 2617 2428 2674 Joannis
2471 2621 2679 2688 locum,
2726 2639 2918 2692 nempe
2959 2625 3086 2680 illud
3126 2627 3347 2684 Joannis
3393 2631 3458 2698 5,
3490 2631 3594 2688 l9:

2016 2706 2166 2762 Nihil
2191 2720 2348 2778 potest
2373 2712 2538 2780 facere
2581 2713 2629 2767 F
2631 2713 2749 2770 ilius
2769 2758 2784 2782 ,
2816 2718 2912 2771 nisi
2955 2719 3128 2773 viderit
3155 2719 3364 2776 Patrem
3407 2725 3596 2794 facien-

2012 2808 2128 2852 tem.
2158 2801 2395 2872 Cumque
2425 2805 2542 2858 talis
2563 2816 2705 2862 esset
2730 2806 2958 2877 objectio
2983 2825 3101 2879 quae
3128 2823 3306 2879 posset
3327 2815 3595 2872 auditores

2014 2894 2228 2949 turbare
2257 2907 2415 2965 atque
2440 2899 2762 2968 percellere,
2804 2917 2937 2970 opus
2963 2910 3077 2956 erat
3119 2902 3279 2959 hasce
3306 2908 3596 2964 Anommoo

2011 3001 2128 3039 rum
2159 2988 2392 3056 argutias
2430 2989 2721 3045 confutare.
2759 2990 3112 3057 Quamobrem
3157 2993 3442 3052 Flavianus
3476 3001 3596 3069 epi-

2010 3091 2204 3146 scopus
2227 3091 2391 3146 pauca
2418 3080 2694 3147 praefatus,
2739 3096 2860 3136 cum
2886 3083 3048 3138 sciret
3072 3086 3321 3155 populum
3345 3089 3594 3145 audiendi

2011 3182 2075 3222 ea
2115 3169 2182 3224 de
2213 3184 2270 3223 re
2300 3169 2664 3242 Chrysostomi
2695 3175 2942 3243 cupidum
2989 3191 3109 3230 esse
3131 3218 3146 3244 ,
3186 3178 3294 3234 cito
3338 3180 3496 3234 linem
3523 3181 3593 3236 di-

2010 3259 2162 3311 cendi
2192 3257 2335 3322 fecit,
2364 3270 2417 3314 et
2445 3260 2824 3331 Chrysostomo
2851 3263 3132 3320 haereticos
3159 3269 3464 3324 confutandi
3495 3285 3592 3326 cu-

2009 3365 2122 3403 ram
2150 3350 2488 3407 demandavit
2513 3371 2528 3408 :
2557 3363 2783 3410 noverat
2819 3358 2961 3411 enim
2990 3359 3256 3415 neminem
3301 3377 3456 3432 posse
3485 3375 3591 3419 tam

2011 3441 2220 3498 fortiter
2243 3443 2499 3515 lucil'ugas
2527 3447 2645 3501 illos
2672 3447 2984 3520 proﬂigare,
3021 3466 3180 3521 quam
3205 3453 3439 3510 Joannes
3469 3457 3588 3522 hic,

2007 3536 2159 3604 cujus
2183 3536 2562 3606 eleguentiam,
2585 3554 2806 3594 acumen
2831 3542 3044 3611 ingenii,
3071 3553 3231 3615 atque
3253 3546 3588 3617 dialecticam,

2007 3629 2212 3696 experti
2258 3644 2404 3698 saepe
2446 3630 2673 3684 fuerant.
2724 3632 3141 3704 Chrysostomus
3179 3652 3340 3705 vero,
3384 3648 3442 3693 ut
3477 3651 3590 3695 erat

2010 3721 2336 3786 moderatus,
2360 3722 2512 3777 initio
2539 3723 2782 3793 queritur
2802 3726 2899 3780 sibi
2927 3725 3161 3782 delatum
3191 3745 3385 3784 munus
3413 3745 3532 3786 esse
3556 3748 3589 3786 a

2007 3809 2227 3866 doctore
2253 3826 2381 3877 suo,
2420 3813 2510 3882 qui
2544 3829 2669 3868 vere
2706 3813 2824 3870 fons
2859 3815 3116 3873 doctrina:
3151 3829 3320 3885 esset,
3353 3830 3407 3875 et
3444 3822 3589 3879 hanc

2007 3902 2330 3971 provinciam
2361 3904 2526 3974 probe
2563 3906 2835 3975 suscipere
2864 3918 3080 3977 posset:
3115 3909 3308 3965 deinde
3345 3927 3473 3968 vero
3502 3930 3587 3969 ar-

2004 4005 2313 4063 gumentum
2338 3997 2761 4052 adversariorum
2791 4008 2896 4053 tam
2933 4003 3100 4070 probe
3121 4002 3373 4072 depellit,
3403 4015 3460 4060 ut
3492 4023 3587 4063 ne-

2005 4087 2143 4140 scias
2167 4096 2340 4141 utrum
2366 4090 2531 4158 magis
2552 4090 2786 4157 mireris,
2803 4093 3183 4161 eloquentiam,
3207 4110 3274 4149 an
3296 4095 3586 4155 dialecticae

2005 4181 2131 4234 vim.
2178 4180 2303 4234 llaec
2331 4197 2458 4236 vero
2485 4183 2672 4237 concio
2717 4183 2896 4239 multis
2937 4186 3091 4241 annis
3131 4197 3252 4255 post
3296 4193 3585 4246 conciones

2005 4271 2121 4324 illas
2161 4271 2293 4326 alias
2331 4283 2514 4326 contra
2554 4274 2846 4329 Anommos
2881 4277 3078 4331 emissa
3108 4277 3338 4345 videtur,
3367 4295 3490 4336 cum
3519 4298 3586 4337 ex

2003 4363 2218 4416 assiduo
2235 4362 2583 4418 concionandi
2606 4364 2780 4420 ofﬁcio
2803 4381 3050 4436 magnum
3066 4368 3164 4422 sibi
3182 4370 3478 4426 Antiochiae
3496 4387 3584 4426 no-

2004 4470 2124 4506 men
2157 4455 2450 4522 peperisset
2476 4455 2905 4526 Chrysostomus.
2934 4457 3060 4512 Hac
3097 4458 3309 4514 bomilia
3341 4471 3398 4516 ut
3419 4473 3475 4518 et
3500 4478 3585 4518 sec

2003 4553 2226 4614 quentes
2256 4561 2426 4614 nuper
2453 4561 2515 4599 ex
2550 4546 2781 4602 tenebris
2809 4556 2976 4600 eruta:
3003 4548 3233 4603 fuerunt.

2075 4635 2374 4698 Eodem,ut
2394 4635 2645 4706 putatur(
2673 4633 2733 4688 T.
2765 4636 2817 4691 6.
2855 4656 2903 4692 c.
2943 4639 3049 4695 257
3073 4635 3116 4712 ),
3140 4641 3350 4696 circiter
3372 4650 3582 4713 tempo-

2002 4739 2061 4778 re
2083 4724 2364 4778 Homiliam
2388 4725 2454 4778 de
2472 4723 2858 4780 Melchisedeco
2875 4725 3072 4781 habuit.
3095 4729 3187 4782 Est
3207 4738 3404 4798 autem,
3434 4734 3575 4803 quod

2003 4823 2209 4884 spectat
2229 4815 2346 4884 ejus
2382 4823 2584 4885 partem
2631 4830 2740 4869 non
2776 4816 3072 4884 minimam,
3121 4819 3444 4888 prmeedenti
3471 4837 3577 4878 non

2001 4905 2292 4960 dissimilis.
2315 4905 2462 4959 Licet
2485 4905 2626 4960 enim
2642 4905 2708 4961 de
2737 4905 3142 4975 Melchisedeco,
3175 4920 3231 4963 ut
3260 4909 3363 4965 fert
3384 4912 3576 4966 inscri-

2002 4996 2133 5065 ptio,
2159 5004 2362 5066 agatur,
2394 5011 2500 5050 non
2521 4998 2737 5052 minima
2764 5005 2938 5053 tamen
2983 5014 3106 5068 pars
3150 5002 3424 5058 concionis
3447 5018 3576 5059 con-

2003 5096 2082 5142 tra
2109 5089 2398 5141 Anommos
2417 5097 2520 5142 est.
2547 5088 2743 5142 Deinde
2769 5103 2895 5143 vero
2917 5098 3100 5144 contra
3126 5091 3578 5152 Melchisedecitas

1999 5178 2319 5247 disputatur,
2347 5179 2438 5248 qui
2483 5179 2730 5233 dicebant
2774 5179 3218 5237 Melchisedecum
3254 5199 3376 5240 esse
3418 5186 3575 5243 Chri-

2000 5280 2082 5325 sto
2109 5269 2524 5341 Filiomajorem:
2540 5269 2626 5324 alii
2646 5270 3025 5340 putabantesse
3037 5272 3287 5342 Spiritum
3313 5286 3580 5348 sanctum,

2002 5373 2058 5419 ut
2099 5363 2255 5418 docet
2283 5364 2440 5416 etiam
2469 5361 2793 5431 Epiphanius
2838 5362 3029 5419 haeresi
3055 5364 3151 5438 46,
3189 5367 3260 5420 al.
3293 5368 3384 5422 55.
3413 5369 3490 5424 Ex
3513 5369 3581 5426 iis

1999 5471 2116 5527 qute
2155 5462 2339 5510 contra
2389 5458 2678 5510 Anouiceos
2713 5455 2979 5524 dicuntur,
3022 5458 3326 5529 conjectura
3366 5462 3583 5520 ducitur

1997 5548 2229 5602 habitam
2248 5546 2389 5600 illam
2416 5543 2581 5601 fuisse
2602 5547 2915 5602 Antiochiae.

2071 5639 2295 5694 Humilia
2318 5638 2369 5692 in
2389 5637 2514 5692 illud
2545 5639 2770 5708 apostoli
2801 5637 2889 5712 (T.
2916 5640 2968 5695 6.
3004 5655 3051 5694 c.
3095 5641 3248 5715 271),
3274 5643 3386 5697 Hoc
3411 5656 3576 5700 autem

1998 5732 2190 5795 scitote,
2219 5729 2426 5800 quodin
2447 5730 2727 5785 novissimis
2781 5731 2952 5786 diebus
2975 5744 3119 5787 erunt
3141 5745 3362 5806 tempora
3381 5754 3575 5808 grauia,

2001 5841 2031 5880 a
2061 5841 2143 5880 me
2167 5827 2216 5879 in
2253 5825 2500 5880 Vaticana
2529 5823 2852 5880 Bibliotheca
2893 5827 3175 5899 exscripta.
3209 5829 3263 5883 In
3299 5845 3360 5886 ea
3390 5848 3578 5890 omnes
