  <div class='ocr_page' id='page_1' title='image "/cluster/home/n/w/nwhite01/storage/ocr_20150623/47/nnc1.0046978321/177.png"; bbox 0 0 4122 6386; ppageno 0'>
   <div class='ocr_carea' id='block_1_1' title="bbox 528 406 631 464">
    <p class='ocr_par' dir='ltr' id='par_1_1' title="bbox 528 406 631 464">
     <span class='ocr_line' id='line_1_1' title="bbox 528 406 631 464; baseline -0.029 0"><span class='ocrx_word' id='word_1_1' title='bbox 528 406 631 464; x_wconf 60' lang='grc' dir='ltr'><strong>ιω</strong></span> 
     </span>
    </p>
   </div>
   <div class='ocr_carea' id='block_1_2' title="bbox 518 511 2100 594">
    <p class='ocr_par' dir='ltr' id='par_1_2' title="bbox 518 511 2100 594">
     <span class='ocr_line' id='line_1_2' title="bbox 518 511 2100 594; baseline -0.009 -15"><span class='ocrx_word' id='word_1_2' title='bbox 518 523 666 594; x_wconf 80' lang='lat' dir='ltr'><strong>styli,</strong></span> <span class='ocrx_word' id='word_1_3' title='bbox 715 515 964 575; x_wconf 76' lang='lat' dir='ltr'><strong>dictionis</strong></span> <span class='ocrx_word' id='word_1_4' title='bbox 1015 511 1441 580; x_wconf 83' lang='lat' dir='ltr'><strong>inventionisquc</strong></span> <span class='ocrx_word' id='word_1_5' title='bbox 1484 518 1626 565; x_wconf 66' lang='lat' dir='ltr'><strong>nota</strong></span> <span class='ocrx_word' id='word_1_6' title='bbox 1675 518 2020 575; x_wconf 88' lang='lat' dir='ltr'><strong>concurrunt,</strong></span> <span class='ocrx_word' id='word_1_7' title='bbox 2039 517 2100 565; x_wconf 88' lang='lat' dir='ltr'><strong>ut</strong></span> 
     </span>
    </p>
   </div>
   <div class='ocr_carea' id='block_1_3' title="bbox 515 600 2101 683">
    <p class='ocr_par' dir='ltr' id='par_1_3' title="bbox 515 600 2101 683">
     <span class='ocr_line' id='line_1_3' title="bbox 515 600 2101 683; baseline -0.009 -12"><span class='ocrx_word' id='word_1_8' title='bbox 515 631 637 672; x_wconf 84' lang='lat' dir='ltr'><strong>eam</strong></span> <span class='ocrx_word' id='word_1_9' title='bbox 684 613 1067 683; x_wconf 82' lang='lat' dir='ltr'><strong>Chrysostomo</strong></span> <span class='ocrx_word' id='word_1_10' title='bbox 1112 603 1496 660; x_wconf 83' lang='lat' dir='ltr'><strong>adscribamus.</strong></span> <span class='ocrx_word' id='word_1_11' title='bbox 1542 600 1715 672; x_wconf 91' lang='lat' dir='ltr'><strong>lpsam</strong></span> <span class='ocrx_word' id='word_1_12' title='bbox 1747 601 1929 658; x_wconf 92' lang='lat' dir='ltr'><strong>habuit</strong></span> <span class='ocrx_word' id='word_1_13' title='bbox 1977 617 2101 658; x_wconf 89' lang='lat' dir='ltr'><strong>cum</strong></span> 
     </span>
    </p>
   </div>
   <div class='ocr_carea' id='block_1_4' title="bbox 518 695 2095 780">
    <p class='ocr_par' dir='ltr' id='par_1_4' title="bbox 518 695 2095 780">
     <span class='ocr_line' id='line_1_4' title="bbox 518 695 2095 780; baseline -0.008 -17"><span class='ocrx_word' id='word_1_14' title='bbox 518 704 811 780; x_wconf 86' lang='lat' dir='ltr'><strong>permultos</strong></span> <span class='ocrx_word' id='word_1_15' title='bbox 834 701 948 756; x_wconf 89' lang='lat' dir='ltr'><strong>dies</strong></span> <span class='ocrx_word' id='word_1_16' title='bbox 969 699 1163 754; x_wconf 83' lang='lat' dir='ltr'><strong>absens</strong></span> <span class='ocrx_word' id='word_1_17' title='bbox 1184 696 1595 765; x_wconf 87' lang='lat' dir='ltr'><strong>infirmitateque</strong></span> <span class='ocrx_word' id='word_1_18' title='bbox 1619 695 1869 751; x_wconf 88' lang='lat' dir='ltr'><strong>detentus</strong></span> <span class='ocrx_word' id='word_1_19' title='bbox 1893 695 2095 762; x_wconf 73' lang='lat' dir='ltr'><strong>fuissvt,</strong></span> 
     </span>
    </p>
   </div>
   <div class='ocr_carea' id='block_1_5' title="bbox 522 786 2100 870">
    <p class='ocr_par' dir='ltr' id='par_1_5' title="bbox 522 786 2100 870">
     <span class='ocr_line' id='line_1_5' title="bbox 522 786 2100 870; baseline -0.011 -13"><span class='ocrx_word' id='word_1_20' title='bbox 522 800 588 857; x_wconf 77' lang='lat' dir='ltr'><strong>ac</strong></span> <span class='ocrx_word' id='word_1_21' title='bbox 607 813 717 870; x_wconf 75' lang='lat' dir='ltr'><strong>pra:</strong></span> <span class='ocrx_word' id='word_1_22' title='bbox 754 808 935 851; x_wconf 88' lang='lat' dir='ltr'><strong>amore</strong></span> <span class='ocrx_word' id='word_1_23' title='bbox 958 791 1163 865; x_wconf 85' lang='lat' dir='ltr'><strong>populi,</strong></span> <span class='ocrx_word' id='word_1_24' title='bbox 1194 789 1365 844; x_wconf 87' lang='lat' dir='ltr'><strong>adhuc</strong></span> <span class='ocrx_word' id='word_1_25' title='bbox 1386 787 1721 842; x_wconf 88' lang='lat' dir='ltr'><strong>manentibus</strong></span> <span class='ocrx_word' id='word_1_26' title='bbox 1775 787 1945 841; x_wconf 88' lang='lat' dir='ltr'><strong>morbi</strong></span> <span class='ocrx_word' id='word_1_27' title='bbox 1972 786 2100 842; x_wconf 88' lang='lat' dir='ltr'><strong>reli-</strong></span> 
     </span>
    </p>
   </div>
   <div class='ocr_carea' id='block_1_6' title="bbox 1619 393 2714 468">
    <p class='ocr_par' dir='ltr' id='par_1_6' title="bbox 1619 393 2714 468">
     <span class='ocr_line' id='line_1_6' title="bbox 1619 393 2714 468; baseline 0.002 -16"><span class='ocrx_word' id='word_1_28' title='bbox 1619 395 1679 453; x_wconf 84' lang='lat' dir='ltr'><strong>S.</strong></span> <span class='ocrx_word' id='word_1_29' title='bbox 1716 394 1992 452; x_wconf 76' lang='lat' dir='ltr'><strong>JOANNIS</strong></span> <span class='ocrx_word' id='word_1_30' title='bbox 2015 393 2489 454; x_wconf 66' lang='grc' dir='ltr'><strong>οωιιδοδτοκι</strong></span> <span class='ocrx_word' id='word_1_31' title='bbox 2527 396 2714 468; x_wconf 62' lang='lat' dir='ltr'><strong>“TA,</strong></span> 
     </span>
    </p>
   </div>
   <div class='ocr_carea' id='block_1_7' title="bbox 3694 399 3799 455">
    <p class='ocr_par' dir='ltr' id='par_1_7' title="bbox 3694 399 3799 455">
     <span class='ocr_line' id='line_1_7' title="bbox 3694 399 3799 455; baseline 0.01 -1"><span class='ocrx_word' id='word_1_32' title='bbox 3694 399 3799 455; x_wconf 71' lang='grc' dir='ltr'><strong>Ιω</strong></span> 
     </span>
    </p>
   </div>
   <div class='ocr_carea' id='block_1_8' title="bbox 2202 514 3782 594">
    <p class='ocr_par' dir='ltr' id='par_1_8' title="bbox 2202 514 3782 594">
     <span class='ocr_line' id='line_1_8' title="bbox 2202 514 3782 594; baseline -0.001 -21"><span class='ocrx_word' id='word_1_33' title='bbox 2202 518 2243 573; x_wconf 92' lang='lat' dir='ltr'><strong>l.</strong></span> <span class='ocrx_word' id='word_1_34' title='bbox 2272 514 2344 571; x_wconf 73' lang='grc'><strong>25</strong></span> <span class='ocrx_word' id='word_1_35' title='bbox 2361 530 2410 575; x_wconf 78' lang='grc' dir='ltr'><strong>ει</strong></span> <span class='ocrx_word' id='word_1_36' title='bbox 2435 520 2598 594; x_wconf 82' lang='lat' dir='ltr'><strong>seqq.)</strong></span> <span class='ocrx_word' id='word_1_37' title='bbox 2638 519 2892 575; x_wconf 86' lang='lat' dir='ltr'><strong>nimirum</strong></span> <span class='ocrx_word' id='word_1_38' title='bbox 2918 519 3081 575; x_wconf 82' lang='lat' dir='ltr'><strong>finem</strong></span> <span class='ocrx_word' id='word_1_39' title='bbox 3125 517 3315 575; x_wconf 83' lang='lat' dir='ltr'><strong>mundi</strong></span> <span class='ocrx_word' id='word_1_40' title='bbox 3333 517 3445 589; x_wconf 84' lang='lat' dir='ltr'><strong>jam</strong></span> <span class='ocrx_word' id='word_1_41' title='bbox 3475 518 3782 588; x_wconf 86' lang='lat' dir='ltr'><strong>proximum</strong></span> 
     </span>
    </p>
   </div>
   <div class='ocr_carea' id='block_1_9' title="bbox 2201 612 3785 684">
    <p class='ocr_par' dir='ltr' id='par_1_9' title="bbox 2201 612 3785 684">
     <span class='ocr_line' id='line_1_9' title="bbox 2201 612 3785 684; baseline -0.003 -12"><span class='ocrx_word' id='word_1_42' title='bbox 2201 631 2344 673; x_wconf 84' lang='lat' dir='ltr'><strong>esse.</strong></span> <span class='ocrx_word' id='word_1_43' title='bbox 2360 614 2415 671; x_wconf 91' lang='lat' dir='ltr'><strong>ld</strong></span> <span class='ocrx_word' id='word_1_44' title='bbox 2438 630 2567 670; x_wconf 89' lang='lat' dir='ltr'><strong>vero</strong></span> <span class='ocrx_word' id='word_1_45' title='bbox 2586 613 2784 669; x_wconf 89' lang='lat' dir='ltr'><strong>clarius</strong></span> <span class='ocrx_word' id='word_1_46' title='bbox 2794 614 3037 669; x_wconf 89' lang='lat' dir='ltr'><strong>enuntiat</strong></span> <span class='ocrx_word' id='word_1_47' title='bbox 3052 613 3107 667; x_wconf 90' lang='lat' dir='ltr'><strong>in</strong></span> <span class='ocrx_word' id='word_1_48' title='bbox 3124 612 3366 684; x_wconf 86' lang='lat' dir='ltr'><strong>sequenti</strong></span> <span class='ocrx_word' id='word_1_49' title='bbox 3384 612 3785 669; x_wconf 82' lang='lat' dir='ltr'><strong>Commentario</strong></span> 
     </span>
    </p>
   </div>
   <div class='ocr_carea' id='block_1_10' title="bbox 2199 706 3781 781">
    <p class='ocr_par' dir='ltr' id='par_1_10' title="bbox 2199 706 3781 781">
     <span class='ocr_line' id='line_1_10' title="bbox 2199 706 3781 781; baseline -0.004 -15"><span class='ocrx_word' id='word_1_50' title='bbox 2199 710 2254 767; x_wconf 88' lang='lat' dir='ltr'><strong>in</strong></span> <span class='ocrx_word' id='word_1_51' title='bbox 2275 708 2560 774; x_wconf 88' lang='lat' dir='ltr'><strong>Joannem,</strong></span> <span class='ocrx_word' id='word_1_52' title='bbox 2584 707 2675 764; x_wconf 88' lang='lat' dir='ltr'><strong>ubi</strong></span> <span class='ocrx_word' id='word_1_53' title='bbox 2691 709 2824 763; x_wconf 85' lang='lat' dir='ltr'><strong>dicit</strong></span> <span class='ocrx_word' id='word_1_54' title='bbox 2846 706 2931 781; x_wconf 90' lang='lat' dir='ltr'><strong>(T.</strong></span> <span class='ocrx_word' id='word_1_55' title='bbox 2951 708 3004 763; x_wconf 92' lang='lat'><strong>8.</strong></span> <span class='ocrx_word' id='word_1_56' title='bbox 3024 724 3067 760; x_wconf 88' lang='lat' dir='ltr'><strong>c.</strong></span> <span class='ocrx_word' id='word_1_57' title='bbox 3094 707 3215 763; x_wconf 81' lang='lat' dir='ltr'><strong>l98.</strong></span> <span class='ocrx_word' id='word_1_58' title='bbox 3238 708 3276 762; x_wconf 88' lang='grc' dir='ltr'><strong>ι.</strong></span> <span class='ocrx_word' id='word_1_59' title='bbox 3296 708 3383 778; x_wconf 83' lang='lat' dir='ltr'><strong>l7)</strong></span> <span class='ocrx_word' id='word_1_60' title='bbox 3408 724 3421 760; x_wconf 90' lang='lat'><strong>:</strong></span> <span class='ocrx_word' id='word_1_61' title='bbox 3446 707 3508 763; x_wconf 87' lang='lat' dir='ltr'><strong>Si</strong></span> <span class='ocrx_word' id='word_1_62' title='bbox 3528 717 3600 761; x_wconf 76' lang='lat' dir='ltr'><strong>tot</strong></span> <span class='ocrx_word' id='word_1_63' title='bbox 3615 723 3781 761; x_wconf 79' lang='lat' dir='ltr'><strong>anno-</strong></span> 
     </span>
    </p>
   </div>
   <div class='ocr_carea' id='block_1_11' title="bbox 2198 797 3780 872">
    <p class='ocr_par' dir='ltr' id='par_1_11' title="bbox 2198 797 3780 872">
     <span class='ocr_line' id='line_1_11' title="bbox 2198 797 3780 872; baseline 0.001 -18"><span class='ocrx_word' id='word_1_64' title='bbox 2198 818 2310 855; x_wconf 83' lang='lat' dir='ltr'><strong>rum</strong></span> <span class='ocrx_word' id='word_1_65' title='bbox 2333 801 2881 872; x_wconf 77' lang='lat' dir='ltr'><strong>quadringentesimum</strong></span> <span class='ocrx_word' id='word_1_66' title='bbox 2898 818 3005 856; x_wconf 87' lang='lat' dir='ltr'><strong>esse</strong></span> <span class='ocrx_word' id='word_1_67' title='bbox 3020 801 3174 870; x_wconf 78' lang='lat' dir='ltr'><strong>ﬁnem</strong></span> <span class='ocrx_word' id='word_1_68' title='bbox 3195 802 3493 867; x_wconf 72' lang='lat' dir='ltr'><strong>dixerimus,</strong></span> <span class='ocrx_word' id='word_1_69' title='bbox 3516 816 3616 855; x_wconf 85' lang='lat' dir='ltr'><strong>non</strong></span> <span class='ocrx_word' id='word_1_70' title='bbox 3632 797 3780 855; x_wconf 72' lang='lat' dir='ltr'><strong>aber-</strong></span> 
     </span>
    </p>
   </div>
   <div class='ocr_carea' id='block_1_12' title="bbox 516 874 2090 964">
    <p class='ocr_par' dir='ltr' id='par_1_12' title="bbox 516 874 2090 963">
     <span class='ocr_line' id='line_1_12' title="bbox 516 874 2090 963; baseline -0.006 -22"><span class='ocrx_word' id='word_1_71' title='bbox 516 891 655 963; x_wconf 84' lang='lat' dir='ltr'><strong>quiis</strong></span> <span class='ocrx_word' id='word_1_72' title='bbox 677 888 745 943; x_wconf 89' lang='lat' dir='ltr'><strong>ad</strong></span> <span class='ocrx_word' id='word_1_73' title='bbox 782 884 1061 941; x_wconf 81' lang='lat' dir='ltr'><strong>ecclesiam</strong></span> <span class='ocrx_word' id='word_1_74' title='bbox 1100 880 1509 935; x_wconf 84' lang='lat' dir='ltr'><strong>concionaturus</strong></span> <span class='ocrx_word' id='word_1_75' title='bbox 1561 875 1845 932; x_wconf 80' lang='lat' dir='ltr'><strong>advolavit.</strong></span> <span class='ocrx_word' id='word_1_76' title='bbox 1879 876 1934 930; x_wconf 79' lang='grc' dir='ltr'>ιιι</span> <span class='ocrx_word' id='word_1_77' title='bbox 1958 874 2090 946; x_wconf 85' lang='lat' dir='ltr'><strong>quod</strong></span> 
     </span>
    </p>
   </div>
   <div class='ocr_carea' id='block_1_13' title="bbox 2195 874 3779 964">
    <p class='ocr_par' dir='ltr' id='par_1_13' title="bbox 2195 891 3779 964">
     <span class='ocr_line' id='line_1_13' title="bbox 2195 891 3779 964; baseline -0.001 -14"><span class='ocrx_word' id='word_1_78' title='bbox 2195 891 2786 964; x_wconf 72' lang='lat' dir='ltr'><strong>rabimus.0piniuenim</strong></span> <span class='ocrx_word' id='word_1_79' title='bbox 2804 897 3093 953; x_wconf 84' lang='lat' dir='ltr'><strong>multorum</strong></span> <span class='ocrx_word' id='word_1_80' title='bbox 3106 894 3323 951; x_wconf 83' lang='lat' dir='ltr'><strong>Patrum</strong></span> <span class='ocrx_word' id='word_1_81' title='bbox 3335 892 3504 949; x_wconf 78' lang='lat' dir='ltr'><strong>fuerat</strong></span> <span class='ocrx_word' id='word_1_82' title='bbox 3519 892 3779 949; x_wconf 89' lang='lat' dir='ltr'><strong>mundum</strong></span> 
     </span>
    </p>
   </div>
   <div class='ocr_carea' id='block_1_14' title="bbox 515 967 2103 1055">
    <p class='ocr_par' dir='ltr' id='par_1_14' title="bbox 515 967 2103 1055">
     <span class='ocr_line' id='line_1_14' title="bbox 515 967 2103 1055; baseline -0.012 -15"><span class='ocrx_word' id='word_1_83' title='bbox 515 985 631 1055; x_wconf 85' lang='lat' dir='ltr'><strong>ipse</strong></span> <span class='ocrx_word' id='word_1_84' title='bbox 655 980 829 1046; x_wconf 90' lang='lat' dir='ltr'><strong>initio,</strong></span> <span class='ocrx_word' id='word_1_85' title='bbox 856 976 1192 1043; x_wconf 86' lang='lat' dir='ltr'><strong>maximeque</strong></span> <span class='ocrx_word' id='word_1_86' title='bbox 1212 972 1265 1026; x_wconf 92' lang='lat' dir='ltr'><strong>in</strong></span> <span class='ocrx_word' id='word_1_87' title='bbox 1296 970 1404 1027; x_wconf 84' lang='lat' dir='ltr'><strong>llne</strong></span> <span class='ocrx_word' id='word_1_88' title='bbox 1428 969 1661 1025; x_wconf 76' lang='lat' dir='ltr'><strong>humilia:</strong></span> <span class='ocrx_word' id='word_1_89' title='bbox 1681 968 1828 1024; x_wconf 89' lang='lat' dir='ltr'><strong>dicit.</strong></span> <span class='ocrx_word' id='word_1_90' title='bbox 1847 967 1984 1024; x_wconf 90' lang='lat' dir='ltr'><strong>Cum</strong></span> <span class='ocrx_word' id='word_1_91' title='bbox 2005 983 2103 1022; x_wconf 82' lang='lat' dir='ltr'><strong>au-</strong></span> 
     </span>
    </p>
   </div>
   <div class='ocr_carea' id='block_1_15' title="bbox 514 1060 2097 1141">
    <p class='ocr_par' dir='ltr' id='par_1_15' title="bbox 514 1060 2097 1141">
     <span class='ocr_line' id='line_1_15' title="bbox 514 1060 2097 1141; baseline -0.009 -12"><span class='ocrx_word' id='word_1_92' title='bbox 514 1083 623 1129; x_wconf 89' lang='lat' dir='ltr'><strong>tem</strong></span> <span class='ocrx_word' id='word_1_93' title='bbox 651 1085 794 1141; x_wconf 70' lang='lat' dir='ltr'><strong>stepe</strong></span> <span class='ocrx_word' id='word_1_94' title='bbox 819 1066 1021 1124; x_wconf 86' lang='lat' dir='ltr'><strong>morbis</strong></span> <span class='ocrx_word' id='word_1_95' title='bbox 1065 1064 1298 1119; x_wconf 72' lang='lat' dir='ltr'><strong>afflictus</strong></span> <span class='ocrx_word' id='word_1_96' title='bbox 1352 1061 1526 1127; x_wconf 89' lang='lat' dir='ltr'><strong>fuerit,</strong></span> <span class='ocrx_word' id='word_1_97' title='bbox 1556 1077 1662 1115; x_wconf 90' lang='lat' dir='ltr'><strong>non</strong></span> <span class='ocrx_word' id='word_1_98' title='bbox 1714 1062 1783 1115; x_wconf 90' lang='lat' dir='ltr'><strong>ita</strong></span> <span class='ocrx_word' id='word_1_99' title='bbox 1814 1060 1969 1115; x_wconf 78' lang='lat' dir='ltr'><strong>facile</strong></span> <span class='ocrx_word' id='word_1_100' title='bbox 1994 1066 2097 1124; x_wconf 83' lang='lat' dir='ltr'><strong>est,</strong></span> 
     </span>
    </p>
   </div>
   <div class='ocr_carea' id='block_1_16' title="bbox 515 1150 2100 1233">
    <p class='ocr_par' dir='ltr' id='par_1_16' title="bbox 515 1150 2100 1233">
     <span class='ocr_line' id='line_1_16' title="bbox 515 1150 2100 1233; baseline -0.009 -14"><span class='ocrx_word' id='word_1_101' title='bbox 515 1167 570 1219; x_wconf 87' lang='lat' dir='ltr'><strong>in</strong></span> <span class='ocrx_word' id='word_1_102' title='bbox 604 1161 748 1233; x_wconf 92' lang='lat' dir='ltr'><strong>quod</strong></span> <span class='ocrx_word' id='word_1_103' title='bbox 787 1170 996 1228; x_wconf 84' lang='lat' dir='ltr'><strong>tempus</strong></span> <span class='ocrx_word' id='word_1_104' title='bbox 1028 1157 1141 1211; x_wconf 64' lang='lat' dir='ltr'><strong>haec</strong></span> <span class='ocrx_word' id='word_1_105' title='bbox 1190 1152 1442 1218; x_wconf 88' lang='lat' dir='ltr'><strong>incidant,</strong></span> <span class='ocrx_word' id='word_1_106' title='bbox 1473 1151 1877 1223; x_wconf 86' lang='lat' dir='ltr'><strong>deprehendere</strong></span> <span class='ocrx_word' id='word_1_107' title='bbox 1907 1168 1920 1204; x_wconf 95' lang='lat'>:</span> <span class='ocrx_word' id='word_1_108' title='bbox 1951 1150 2100 1205; x_wconf 91' lang='lat' dir='ltr'><strong>initio</strong></span> 
     </span>
    </p>
   </div>
   <div class='ocr_carea' id='block_1_17' title="bbox 516 1244 2101 1311">
    <p class='ocr_par' dir='ltr' id='par_1_17' title="bbox 516 1244 2101 1311">
     <span class='ocr_line' id='line_1_17' title="bbox 516 1244 2101 1311; baseline -0.008 0"><span class='ocrx_word' id='word_1_109' title='bbox 516 1268 692 1311; x_wconf 87' lang='lat' dir='ltr'><strong>tamen</strong></span> <span class='ocrx_word' id='word_1_110' title='bbox 718 1253 944 1308; x_wconf 87' lang='lat' dir='ltr'><strong>suadere</strong></span> <span class='ocrx_word' id='word_1_111' title='bbox 964 1250 1171 1306; x_wconf 87' lang='lat' dir='ltr'><strong>videtur</strong></span> <span class='ocrx_word' id='word_1_112' title='bbox 1191 1247 1331 1303; x_wconf 88' lang='lat' dir='ltr'><strong>hanc</strong></span> <span class='ocrx_word' id='word_1_113' title='bbox 1373 1247 1646 1303; x_wconf 89' lang='lat' dir='ltr'><strong>homiliam</strong></span> <span class='ocrx_word' id='word_1_114' title='bbox 1698 1245 1993 1301; x_wconf 74' lang='lat' dir='ltr'><strong>Antiochia:</strong></span> <span class='ocrx_word' id='word_1_115' title='bbox 2017 1244 2101 1300; x_wconf 90' lang='lat' dir='ltr'><strong>di-</strong></span> 
     </span>
    </p>
   </div>
   <div class='ocr_carea' id='block_1_18' title="bbox 512 1344 860 1420">
    <p class='ocr_par' dir='ltr' id='par_1_18' title="bbox 512 1344 860 1420">
     <span class='ocr_line' id='line_1_18' title="bbox 512 1344 860 1420; baseline -0.014 -18"><span class='ocrx_word' id='word_1_116' title='bbox 512 1358 652 1420; x_wconf 74' lang='lat' dir='ltr'><strong>ctam</strong></span> <span class='ocrx_word' id='word_1_117' title='bbox 678 1344 860 1401; x_wconf 89' lang='lat' dir='ltr'><strong>fuisse.</strong></span> 
     </span>
    </p>
   </div>
   <div class='ocr_carea' id='block_1_19' title="bbox 588 1423 2100 1504">
    <p class='ocr_par' dir='ltr' id='par_1_19' title="bbox 588 1423 2100 1504">
     <span class='ocr_line' id='line_1_19' title="bbox 588 1423 2100 1504; baseline -0.007 -11"><span class='ocrx_word' id='word_1_118' title='bbox 588 1423 831 1493; x_wconf 45' lang='lat' dir='ltr'><strong>ll’omilia:</strong></span> <span class='ocrx_word' id='word_1_119' title='bbox 868 1431 1154 1503; x_wconf 81' lang='lat' dir='ltr'><strong>nonaginta</strong></span> <span class='ocrx_word' id='word_1_120' title='bbox 1184 1428 1272 1504; x_wconf 85' lang='lat' dir='ltr'><strong>(T.</strong></span> <span class='ocrx_word' id='word_1_121' title='bbox 1300 1430 1332 1486; x_wconf 87' lang='lat'><strong>7</strong></span> <span class='ocrx_word' id='word_1_122' title='bbox 1357 1429 1444 1502; x_wconf 92' lang='lat' dir='ltr'><strong>)in</strong></span> <span class='ocrx_word' id='word_1_123' title='bbox 1468 1426 1773 1484; x_wconf 64' lang='lat' dir='ltr'><strong>Mattha&#39;mm</strong></span> <span class='ocrx_word' id='word_1_124' title='bbox 1804 1427 2100 1484; x_wconf 73' lang='lat' dir='ltr'><strong>Antiochiae</strong></span> 
     </span>
    </p>
   </div>
   <div class='ocr_carea' id='block_1_20' title="bbox 514 1523 2097 1593">
    <p class='ocr_par' dir='ltr' id='par_1_20' title="bbox 514 1523 2097 1593">
     <span class='ocr_line' id='line_1_20' title="bbox 514 1523 2097 1593; baseline -0.007 -7"><span class='ocrx_word' id='word_1_125' title='bbox 514 1530 705 1586; x_wconf 72' lang='lat' dir='ltr'><strong>habitre</strong></span> <span class='ocrx_word' id='word_1_126' title='bbox 733 1527 964 1591; x_wconf 89' lang='lat' dir='ltr'><strong>fuerunt,</strong></span> <span class='ocrx_word' id='word_1_127' title='bbox 984 1534 1039 1581; x_wconf 90' lang='lat' dir='ltr'><strong>et</strong></span> <span class='ocrx_word' id='word_1_128' title='bbox 1058 1523 1285 1579; x_wconf 90' lang='lat' dir='ltr'><strong>Tomum</strong></span> <span class='ocrx_word' id='word_1_129' title='bbox 1315 1523 1600 1593; x_wconf 87' lang='lat' dir='ltr'><strong>septimum</strong></span> <span class='ocrx_word' id='word_1_130' title='bbox 1626 1529 1795 1576; x_wconf 90' lang='lat' dir='ltr'><strong>totum</strong></span> <span class='ocrx_word' id='word_1_131' title='bbox 1811 1529 2097 1592; x_wconf 90' lang='lat' dir='ltr'><strong>occupant.</strong></span> 
     </span>
    </p>
   </div>
   <div class='ocr_carea' id='block_1_21' title="bbox 511 1613 2101 1690">
    <p class='ocr_par' dir='ltr' id='par_1_21' title="bbox 511 1613 2101 1690">
     <span class='ocr_line' id='line_1_21' title="bbox 511 1613 2101 1690; baseline -0.005 -12"><span class='ocrx_word' id='word_1_132' title='bbox 511 1622 696 1680; x_wconf 82' lang='lat' dir='ltr'><strong>Morali</strong></span> <span class='ocrx_word' id='word_1_133' title='bbox 723 1620 1103 1690; x_wconf 82' lang='lat' dir='ltr'><strong>cujuscumque</strong></span> <span class='ocrx_word' id='word_1_134' title='bbox 1149 1615 1363 1687; x_wconf 83' lang='lat' dir='ltr'><strong>generis</strong></span> <span class='ocrx_word' id='word_1_135' title='bbox 1407 1614 1685 1686; x_wconf 90' lang='lat' dir='ltr'><strong>disciplina</strong></span> <span class='ocrx_word' id='word_1_136' title='bbox 1723 1613 1953 1681; x_wconf 72' lang='lat' dir='ltr'><strong>refertae,</strong></span> <span class='ocrx_word' id='word_1_137' title='bbox 1980 1614 2101 1670; x_wconf 84' lang='lat' dir='ltr'><strong>uni-</strong></span> 
     </span>
    </p>
   </div>
   <div class='ocr_carea' id='block_1_22' title="bbox 512 1706 2099 1782">
    <p class='ocr_par' dir='ltr' id='par_1_22' title="bbox 512 1706 2099 1782">
     <span class='ocr_line' id='line_1_22' title="bbox 512 1706 2099 1782; baseline -0.008 -10"><span class='ocrx_word' id='word_1_138' title='bbox 512 1717 724 1782; x_wconf 78' lang='lat' dir='ltr'><strong>versam</strong></span> <span class='ocrx_word' id='word_1_139' title='bbox 752 1711 1069 1769; x_wconf 75' lang='lat' dir='ltr'><strong>Christiana:</strong></span> <span class='ocrx_word' id='word_1_140' title='bbox 1115 1709 1236 1763; x_wconf 82' lang='lat' dir='ltr'><strong>vitae</strong></span> <span class='ocrx_word' id='word_1_141' title='bbox 1266 1716 1320 1762; x_wconf 91' lang='lat' dir='ltr'><strong>et</strong></span> <span class='ocrx_word' id='word_1_142' title='bbox 1366 1706 1589 1761; x_wconf 90' lang='lat' dir='ltr'><strong>instituti</strong></span> <span class='ocrx_word' id='word_1_143' title='bbox 1618 1720 1880 1761; x_wconf 83' lang='lat' dir='ltr'><strong>summam</strong></span> <span class='ocrx_word' id='word_1_144' title='bbox 1909 1719 2016 1774; x_wconf 83' lang='lat' dir='ltr'><strong>prae</strong></span> <span class='ocrx_word' id='word_1_145' title='bbox 2041 1719 2099 1760; x_wconf 91' lang='lat' dir='ltr'><strong>se</strong></span> 
     </span>
    </p>
   </div>
   <div class='ocr_carea' id='block_1_23' title="bbox 512 1796 2101 1879">
    <p class='ocr_par' dir='ltr' id='par_1_23' title="bbox 512 1796 2101 1879">
     <span class='ocr_line' id='line_1_23' title="bbox 512 1796 2101 1879; baseline -0.009 -15"><span class='ocrx_word' id='word_1_146' title='bbox 512 1807 710 1864; x_wconf 89' lang='lat' dir='ltr'><strong>ferunt.</strong></span> <span class='ocrx_word' id='word_1_147' title='bbox 735 1804 830 1861; x_wconf 81' lang='lat' dir='ltr'><strong>llic</strong></span> <span class='ocrx_word' id='word_1_148' title='bbox 854 1816 1041 1859; x_wconf 88' lang='lat' dir='ltr'><strong>omnes</strong></span> <span class='ocrx_word' id='word_1_149' title='bbox 1057 1800 1269 1854; x_wconf 89' lang='lat' dir='ltr'><strong>virtutis</strong></span> <span class='ocrx_word' id='word_1_150' title='bbox 1294 1796 1552 1853; x_wconf 83' lang='lat' dir='ltr'><strong>adeundae</strong></span> <span class='ocrx_word' id='word_1_151' title='bbox 1576 1806 1631 1853; x_wconf 89' lang='lat' dir='ltr'><strong>et</strong></span> <span class='ocrx_word' id='word_1_152' title='bbox 1648 1797 1958 1879; x_wconf 74' lang='lat' dir='ltr'><strong>exercendae</strong></span> <span class='ocrx_word' id='word_1_153' title='bbox 1985 1811 2101 1849; x_wconf 92' lang='lat' dir='ltr'><strong>mo-</strong></span> 
     </span>
    </p>
   </div>
   <div class='ocr_carea' id='block_1_24' title="bbox 513 1887 2100 1966">
    <p class='ocr_par' dir='ltr' id='par_1_24' title="bbox 513 1887 2100 1966">
     <span class='ocr_line' id='line_1_24' title="bbox 513 1887 2100 1966; baseline -0.01 -10"><span class='ocrx_word' id='word_1_154' title='bbox 513 1900 588 1964; x_wconf 91' lang='lat' dir='ltr'><strong>di,</strong></span> <span class='ocrx_word' id='word_1_155' title='bbox 614 1894 872 1954; x_wconf 69' lang='lat' dir='ltr'><strong>universm</strong></span> <span class='ocrx_word' id='word_1_156' title='bbox 899 1892 1126 1966; x_wconf 78' lang='lat' dir='ltr'><strong>fugiendi</strong></span> <span class='ocrx_word' id='word_1_157' title='bbox 1171 1891 1283 1946; x_wconf 84' lang='lat' dir='ltr'><strong>vitii</strong></span> <span class='ocrx_word' id='word_1_158' title='bbox 1326 1889 1563 1945; x_wconf 85' lang='lat' dir='ltr'><strong>rationes</strong></span> <span class='ocrx_word' id='word_1_159' title='bbox 1603 1887 1894 1943; x_wconf 86' lang='lat' dir='ltr'><strong>afferuntur</strong></span> <span class='ocrx_word' id='word_1_160' title='bbox 1916 1895 1971 1941; x_wconf 89' lang='lat' dir='ltr'><strong>et</strong></span> <span class='ocrx_word' id='word_1_161' title='bbox 2005 1902 2100 1941; x_wconf 85' lang='lat' dir='ltr'><strong>ex-</strong></span> 
     </span>
    </p>
   </div>
   <div class='ocr_carea' id='block_1_25' title="bbox 517 1976 2100 2062">
    <p class='ocr_par' dir='ltr' id='par_1_25' title="bbox 517 1976 2100 2062">
     <span class='ocr_line' id='line_1_25' title="bbox 517 1976 2100 2062; baseline -0.01 -17"><span class='ocrx_word' id='word_1_162' title='bbox 517 1992 800 2062; x_wconf 88' lang='lat' dir='ltr'><strong>planantur</strong></span> <span class='ocrx_word' id='word_1_163' title='bbox 824 2004 837 2039; x_wconf 91' lang='lat'><strong>:</strong></span> <span class='ocrx_word' id='word_1_164' title='bbox 863 1998 961 2040; x_wconf 88' lang='lat' dir='ltr'><strong>nec</strong></span> <span class='ocrx_word' id='word_1_165' title='bbox 1002 1982 1288 2054; x_wconf 91' lang='lat' dir='ltr'><strong>quidquam</strong></span> <span class='ocrx_word' id='word_1_166' title='bbox 1338 1979 1757 2051; x_wconf 69' lang='lat' dir='ltr'><strong>prmtermittitur</strong></span> <span class='ocrx_word' id='word_1_167' title='bbox 1797 1976 1940 2048; x_wconf 89' lang='lat' dir='ltr'><strong>quod</strong></span> <span class='ocrx_word' id='word_1_168' title='bbox 1976 1991 2100 2048; x_wconf 83' lang='lat' dir='ltr'><strong>pos-</strong></span> 
     </span>
    </p>
   </div>
   <div class='ocr_carea' id='block_1_26' title="bbox 513 2067 2099 2141">
    <p class='ocr_par' dir='ltr' id='par_1_26' title="bbox 513 2067 2099 2141">
     <span class='ocr_line' id='line_1_26' title="bbox 513 2067 2099 2141; baseline -0.011 -3"><span class='ocrx_word' id='word_1_169' title='bbox 513 2074 583 2138; x_wconf 70' lang='lat' dir='ltr'><strong>sit</strong></span> <span class='ocrx_word' id='word_1_170' title='bbox 602 2089 690 2136; x_wconf 87' lang='lat' dir='ltr'><strong>aut</strong></span> <span class='ocrx_word' id='word_1_171' title='bbox 715 2078 779 2133; x_wconf 91' lang='lat' dir='ltr'><strong>ad</strong></span> <span class='ocrx_word' id='word_1_172' title='bbox 806 2084 1041 2131; x_wconf 89' lang='lat' dir='ltr'><strong>sanctam</strong></span> <span class='ocrx_word' id='word_1_173' title='bbox 1063 2081 1155 2128; x_wconf 89' lang='lat' dir='ltr'><strong>aut</strong></span> <span class='ocrx_word' id='word_1_174' title='bbox 1181 2071 1247 2127; x_wconf 89' lang='lat' dir='ltr'><strong>ad</strong></span> <span class='ocrx_word' id='word_1_175' title='bbox 1296 2071 1591 2141; x_wconf 85' lang='lat' dir='ltr'><strong>improbam</strong></span> <span class='ocrx_word' id='word_1_176' title='bbox 1622 2069 1780 2124; x_wconf 89' lang='lat' dir='ltr'><strong>vitam</strong></span> <span class='ocrx_word' id='word_1_177' title='bbox 1809 2067 2099 2139; x_wconf 69' lang='lat' dir='ltr'><strong>pertinere,</strong></span> 
     </span>
    </p>
   </div>
   <div class='ocr_carea' id='block_1_27' title="bbox 513 2160 2095 2231">
    <p class='ocr_par' dir='ltr' id='par_1_27' title="bbox 513 2160 2095 2231">
     <span class='ocr_line' id='line_1_27' title="bbox 513 2160 2095 2231; baseline -0.012 0"><span class='ocrx_word' id='word_1_178' title='bbox 513 2186 573 2231; x_wconf 87' lang='lat' dir='ltr'><strong>ut</strong></span> <span class='ocrx_word' id='word_1_179' title='bbox 601 2176 764 2229; x_wconf 87' lang='lat' dir='ltr'><strong>altera</strong></span> <span class='ocrx_word' id='word_1_180' title='bbox 793 2170 918 2226; x_wconf 92' lang='lat' dir='ltr'><strong>totis</strong></span> <span class='ocrx_word' id='word_1_181' title='bbox 937 2168 1136 2223; x_wconf 89' lang='lat' dir='ltr'><strong>viribus</strong></span> <span class='ocrx_word' id='word_1_182' title='bbox 1157 2165 1467 2220; x_wconf 91' lang='lat' dir='ltr'><strong>declinetur.</strong></span> <span class='ocrx_word' id='word_1_183' title='bbox 1489 2162 1677 2218; x_wconf 87' lang='lat' dir='ltr'><strong>Nullus</strong></span> <span class='ocrx_word' id='word_1_184' title='bbox 1697 2162 1749 2216; x_wconf 95' lang='lat' dir='ltr'><strong>in</strong></span> <span class='ocrx_word' id='word_1_185' title='bbox 1778 2161 1907 2216; x_wconf 86' lang='lat' dir='ltr'><strong>orbe</strong></span> <span class='ocrx_word' id='word_1_186' title='bbox 1937 2160 2095 2216; x_wconf 80' lang='lat' dir='ltr'><strong>Chri-</strong></span> 
     </span>
    </p>
   </div>
   <div class='ocr_carea' id='block_1_28' title="bbox 513 2252 2099 2327">
    <p class='ocr_par' dir='ltr' id='par_1_28' title="bbox 513 2252 2099 2327">
     <span class='ocr_line' id='line_1_28' title="bbox 513 2252 2099 2327; baseline -0.011 -5"><span class='ocrx_word' id='word_1_187' title='bbox 513 2262 689 2322; x_wconf 69' lang='lat' dir='ltr'><strong>stiano</strong></span> <span class='ocrx_word' id='word_1_188' title='bbox 712 2264 847 2318; x_wconf 92' lang='lat' dir='ltr'><strong>liber</strong></span> <span class='ocrx_word' id='word_1_189' title='bbox 865 2269 947 2317; x_wconf 88' lang='lat' dir='ltr'><strong>est</strong></span> <span class='ocrx_word' id='word_1_190' title='bbox 971 2268 1048 2313; x_wconf 90' lang='lat' dir='ltr'><strong>tot</strong></span> <span class='ocrx_word' id='word_1_191' title='bbox 1066 2267 1316 2327; x_wconf 88' lang='lat' dir='ltr'><strong>tantaque</strong></span> <span class='ocrx_word' id='word_1_192' title='bbox 1355 2254 1596 2310; x_wconf 83' lang='lat' dir='ltr'><strong>referens</strong></span> <span class='ocrx_word' id='word_1_193' title='bbox 1621 2252 1937 2309; x_wconf 72' lang='lat' dir='ltr'><strong>Christianre</strong></span> <span class='ocrx_word' id='word_1_194' title='bbox 1960 2252 2099 2308; x_wconf 85' lang='lat' dir='ltr'><strong>ethi-</strong></span> 
     </span>
    </p>
   </div>
   <div class='ocr_carea' id='block_1_29' title="bbox 512 2348 2099 2429">
    <p class='ocr_par' dir='ltr' id='par_1_29' title="bbox 512 2348 2099 2429">
     <span class='ocr_line' id='line_1_29' title="bbox 512 2348 2099 2429; baseline -0.01 -13"><span class='ocrx_word' id='word_1_195' title='bbox 512 2366 604 2415; x_wconf 84' lang='lat' dir='ltr'><strong>ccs</strong></span> <span class='ocrx_word' id='word_1_196' title='bbox 632 2363 895 2429; x_wconf 69' lang='lat' dir='ltr'><strong>przccepta</strong></span> <span class='ocrx_word' id='word_1_197' title='bbox 929 2372 944 2408; x_wconf 91' lang='lat'><strong>:</strong></span> <span class='ocrx_word' id='word_1_198' title='bbox 968 2364 1226 2421; x_wconf 89' lang='lat' dir='ltr'><strong>nusquam</strong></span> <span class='ocrx_word' id='word_1_199' title='bbox 1269 2348 1684 2421; x_wconf 82' lang='lat' dir='ltr'><strong>Chrysostomus</strong></span> <span class='ocrx_word' id='word_1_200' title='bbox 1707 2354 1848 2401; x_wconf 90' lang='lat' dir='ltr'><strong>tanta</strong></span> <span class='ocrx_word' id='word_1_201' title='bbox 1869 2359 1995 2400; x_wconf 89' lang='lat' dir='ltr'><strong>usus</strong></span> <span class='ocrx_word' id='word_1_202' title='bbox 2014 2354 2099 2400; x_wconf 88' lang='lat' dir='ltr'><strong>est</strong></span> 
     </span>
    </p>
   </div>
   <div class='ocr_carea' id='block_1_30' title="bbox 512 2438 2097 2515">
    <p class='ocr_par' dir='ltr' id='par_1_30' title="bbox 512 2438 2097 2515">
     <span class='ocr_line' id='line_1_30' title="bbox 512 2438 2097 2515; baseline -0.009 -8"><span class='ocrx_word' id='word_1_203' title='bbox 512 2451 843 2515; x_wconf 86' lang='lat' dir='ltr'><strong>inventione,</strong></span> <span class='ocrx_word' id='word_1_204' title='bbox 866 2444 1105 2501; x_wconf 81' lang='lat' dir='ltr'><strong>facundia</strong></span> <span class='ocrx_word' id='word_1_205' title='bbox 1122 2485 1137 2511; x_wconf 92' lang='lat'><strong>,</strong></span> <span class='ocrx_word' id='word_1_206' title='bbox 1164 2441 1453 2513; x_wconf 73' lang='lat' dir='ltr'><strong>sagacitate</strong></span> <span class='ocrx_word' id='word_1_207' title='bbox 1503 2440 1569 2495; x_wconf 88' lang='lat' dir='ltr'><strong>ad</strong></span> <span class='ocrx_word' id='word_1_208' title='bbox 1595 2454 1773 2495; x_wconf 90' lang='lat' dir='ltr'><strong>mores</strong></span> <span class='ocrx_word' id='word_1_209' title='bbox 1802 2438 2097 2495; x_wconf 67' lang='lat' dir='ltr'><strong>informan.</strong></span> 
     </span>
    </p>
   </div>
   <div class='ocr_carea' id='block_1_31' title="bbox 516 2530 2096 2607">
    <p class='ocr_par' dir='ltr' id='par_1_31' title="bbox 516 2530 2096 2607">
     <span class='ocr_line' id='line_1_31' title="bbox 516 2530 2096 2607; baseline -0.008 -11"><span class='ocrx_word' id='word_1_210' title='bbox 516 2541 637 2607; x_wconf 87' lang='lat' dir='ltr'><strong>dos,</strong></span> <span class='ocrx_word' id='word_1_211' title='bbox 667 2535 989 2595; x_wconf 87' lang='lat' dir='ltr'><strong>eliminanda</strong></span> <span class='ocrx_word' id='word_1_212' title='bbox 1011 2534 1159 2599; x_wconf 90' lang='lat' dir='ltr'><strong>vitia,</strong></span> <span class='ocrx_word' id='word_1_213' title='bbox 1180 2532 1507 2588; x_wconf 87' lang='lat' dir='ltr'><strong>Christianas</strong></span> <span class='ocrx_word' id='word_1_214' title='bbox 1536 2530 1758 2586; x_wconf 87' lang='lat' dir='ltr'><strong>familias</strong></span> <span class='ocrx_word' id='word_1_215' title='bbox 1783 2539 1926 2586; x_wconf 89' lang='lat' dir='ltr'><strong>recte</strong></span> <span class='ocrx_word' id='word_1_216' title='bbox 1944 2545 2096 2586; x_wconf 87' lang='lat' dir='ltr'><strong>com-</strong></span> 
     </span>
    </p>
   </div>
   <div class='ocr_carea' id='block_1_32' title="bbox 509 2621 2098 2702">
    <p class='ocr_par' dir='ltr' id='par_1_32' title="bbox 509 2621 2098 2702">
     <span class='ocr_line' id='line_1_32' title="bbox 509 2621 2098 2702; baseline -0.007 -16"><span class='ocrx_word' id='word_1_217' title='bbox 509 2629 806 2702; x_wconf 87' lang='lat' dir='ltr'><strong>ponendas.</strong></span> <span class='ocrx_word' id='word_1_218' title='bbox 833 2623 1164 2698; x_wconf 67' lang='lat' dir='ltr'><strong>Quapropter</strong></span> <span class='ocrx_word' id='word_1_219' title='bbox 1192 2623 1313 2693; x_wconf 85' lang='lat' dir='ltr'><strong>jure</strong></span> <span class='ocrx_word' id='word_1_220' title='bbox 1339 2621 1548 2678; x_wconf 90' lang='lat' dir='ltr'><strong>dicebat</strong></span> <span class='ocrx_word' id='word_1_221' title='bbox 1593 2621 1652 2677; x_wconf 90' lang='lat' dir='ltr'><strong>S.</strong></span> <span class='ocrx_word' id='word_1_222' title='bbox 1674 2621 1906 2676; x_wconf 86' lang='lat' dir='ltr'><strong>Thomas</strong></span> <span class='ocrx_word' id='word_1_223' title='bbox 1933 2621 2098 2692; x_wconf 82' lang='lat' dir='ltr'><strong>Aqui-</strong></span> 
     </span>
    </p>
   </div>
   <div class='ocr_carea' id='block_1_33' title="bbox 510 2711 2097 2787">
    <p class='ocr_par' dir='ltr' id='par_1_33' title="bbox 510 2711 2097 2787">
     <span class='ocr_line' id='line_1_33' title="bbox 510 2711 2097 2787; baseline -0.006 -10"><span class='ocrx_word' id='word_1_224' title='bbox 510 2726 628 2787; x_wconf 81' lang='lat' dir='ltr'><strong>nas,</strong></span> <span class='ocrx_word' id='word_1_225' title='bbox 680 2717 943 2776; x_wconf 85' lang='lat' dir='ltr'><strong>referente</strong></span> <span class='ocrx_word' id='word_1_226' title='bbox 996 2714 1204 2783; x_wconf 81' lang='lat' dir='ltr'><strong>l’apirio</strong></span> <span class='ocrx_word' id='word_1_227' title='bbox 1242 2714 1488 2768; x_wconf 84' lang='lat' dir='ltr'><strong>Massono</strong></span> <span class='ocrx_word' id='word_1_228' title='bbox 1528 2711 1619 2768; x_wconf 90' lang='lat' dir='ltr'><strong>lib.</strong></span> <span class='ocrx_word' id='word_1_229' title='bbox 1667 2711 1796 2768; x_wconf 79' lang='lat' dir='ltr'><strong>fide</strong></span> <span class='ocrx_word' id='word_1_230' title='bbox 1843 2713 2097 2767; x_wconf 71' lang='lat' dir='ltr'><strong>Romanis</strong></span> 
     </span>
    </p>
   </div>
   <div class='ocr_carea' id='block_1_34' title="bbox 507 2800 2096 2873">
    <p class='ocr_par' dir='ltr' id='par_1_34' title="bbox 507 2800 2096 2873">
     <span class='ocr_line' id='line_1_34' title="bbox 507 2800 2096 2873; baseline -0.008 -5"><span class='ocrx_word' id='word_1_231' title='bbox 507 2808 873 2872; x_wconf 78' lang='lat' dir='ltr'><strong>Pontificibns,</strong></span> <span class='ocrx_word' id='word_1_232' title='bbox 904 2808 955 2860; x_wconf 92' lang='lat' dir='ltr'><strong>in</strong></span> <span class='ocrx_word' id='word_1_233' title='bbox 984 2805 1192 2860; x_wconf 89' lang='lat' dir='ltr'><strong>Joanne</strong></span> <span class='ocrx_word' id='word_1_234' title='bbox 1211 2803 1353 2873; x_wconf 86' lang='lat' dir='ltr'><strong>Papa</strong></span> <span class='ocrx_word' id='word_1_235' title='bbox 1374 2801 1521 2867; x_wconf 80' lang='lat' dir='ltr'><strong>XXI,</strong></span> <span class='ocrx_word' id='word_1_236' title='bbox 1551 2802 1709 2858; x_wconf 88' lang='lat' dir='ltr'><strong>malle</strong></span> <span class='ocrx_word' id='word_1_237' title='bbox 1738 2816 1797 2857; x_wconf 92' lang='lat' dir='ltr'><strong>sc</strong></span> <span class='ocrx_word' id='word_1_238' title='bbox 1824 2803 1898 2856; x_wconf 91' lang='lat' dir='ltr'><strong>uti</strong></span> <span class='ocrx_word' id='word_1_239' title='bbox 1926 2800 2096 2873; x_wconf 86' lang='lat' dir='ltr'><strong>Chry-</strong></span> 
     </span>
    </p>
   </div>
   <div class='ocr_carea' id='block_1_35' title="bbox 509 2893 2094 2967">
    <p class='ocr_par' dir='ltr' id='par_1_35' title="bbox 509 2893 2094 2967">
     <span class='ocr_line' id='line_1_35' title="bbox 509 2893 2094 2967; baseline -0.005 -8"><span class='ocrx_word' id='word_1_240' title='bbox 509 2902 730 2959; x_wconf 79' lang='lat' dir='ltr'><strong>Sostomi</strong></span> <span class='ocrx_word' id='word_1_241' title='bbox 757 2901 906 2956; x_wconf 88' lang='lat' dir='ltr'><strong>libris</strong></span> <span class='ocrx_word' id='word_1_242' title='bbox 935 2899 988 2954; x_wconf 91' lang='lat' dir='ltr'><strong>in</strong></span> <span class='ocrx_word' id='word_1_243' title='bbox 1032 2895 1361 2961; x_wconf 76' lang='lat' dir='ltr'><strong>Matthzeum,</strong></span> <span class='ocrx_word' id='word_1_244' title='bbox 1391 2910 1551 2966; x_wconf 87' lang='lat' dir='ltr'><strong>quam</strong></span> <span class='ocrx_word' id='word_1_245' title='bbox 1582 2893 1858 2967; x_wconf 88' lang='lat' dir='ltr'><strong>possidere</strong></span> <span class='ocrx_word' id='word_1_246' title='bbox 1887 2893 2094 2965; x_wconf 81' lang='lat' dir='ltr'><strong>fruique</strong></span> 
     </span>
    </p>
   </div>
   <div class='ocr_carea' id='block_1_36' title="bbox 508 2992 1092 3054">
    <p class='ocr_par' dir='ltr' id='par_1_36' title="bbox 508 2992 1092 3054">
     <span class='ocr_line' id='line_1_36' title="bbox 508 2992 1092 3054; baseline -0.019 0"><span class='ocrx_word' id='word_1_247' title='bbox 508 2994 715 3054; x_wconf 82' lang='lat' dir='ltr'><strong>Lutetia</strong></span> <span class='ocrx_word' id='word_1_248' title='bbox 742 2992 1092 3050; x_wconf 85' lang='lat' dir='ltr'><strong>Parisiorum.</strong></span> 
     </span>
    </p>
   </div>
   <div class='ocr_carea' id='block_1_37' title="bbox 576 3077 2084 3147">
    <p class='ocr_par' dir='ltr' id='par_1_37' title="bbox 576 3077 2084 3147">
     <span class='ocr_line' id='line_1_37' title="bbox 576 3077 2084 3147; baseline -0.006 -5"><span class='ocrx_word' id='word_1_249' title='bbox 576 3085 692 3143; x_wconf 86' lang='lat' dir='ltr'><strong>Non</strong></span> <span class='ocrx_word' id='word_1_250' title='bbox 719 3083 1149 3140; x_wconf 89' lang='lat' dir='ltr'><strong>concionatorem</strong></span> <span class='ocrx_word' id='word_1_251' title='bbox 1186 3078 1365 3142; x_wconf 87' lang='lat' dir='ltr'><strong>modo,</strong></span> <span class='ocrx_word' id='word_1_252' title='bbox 1398 3078 1493 3133; x_wconf 89' lang='lat' dir='ltr'><strong>sed</strong></span> <span class='ocrx_word' id='word_1_253' title='bbox 1535 3077 1695 3131; x_wconf 75' lang='lat' dir='ltr'><strong>etiam</strong></span> <span class='ocrx_word' id='word_1_254' title='bbox 1743 3077 2084 3147; x_wconf 88' lang='lat' dir='ltr'><strong>interpretem</strong></span> 
     </span>
    </p>
   </div>
   <div class='ocr_carea' id='block_1_38' title="bbox 509 3171 2089 3251">
    <p class='ocr_par' dir='ltr' id='par_1_38' title="bbox 509 3171 2089 3251">
     <span class='ocr_line' id='line_1_38' title="bbox 509 3171 2089 3251; baseline -0.007 -15"><span class='ocrx_word' id='word_1_255' title='bbox 509 3173 619 3251; x_wconf 74' lang='lat' dir='ltr'><strong>agit</strong></span> <span class='ocrx_word' id='word_1_256' title='bbox 668 3178 1100 3250; x_wconf 78' lang='lat' dir='ltr'><strong>Chrysostomus.</strong></span> <span class='ocrx_word' id='word_1_257' title='bbox 1177 3171 1357 3229; x_wconf 87' lang='lat' dir='ltr'><strong>Sicubi</strong></span> <span class='ocrx_word' id='word_1_258' title='bbox 1409 3172 1550 3227; x_wconf 88' lang='lat' dir='ltr'><strong>enim</strong></span> <span class='ocrx_word' id='word_1_259' title='bbox 1597 3172 1763 3225; x_wconf 52' lang='lat' dir='ltr'><strong>series</strong></span> <span class='ocrx_word' id='word_1_260' title='bbox 1806 3172 2089 3226; x_wconf 86' lang='lat' dir='ltr'><strong>verborum</strong></span> 
     </span>
    </p>
   </div>
   <div class='ocr_carea' id='block_1_39' title="bbox 507 3257 2084 3341">
    <p class='ocr_par' dir='ltr' id='par_1_39' title="bbox 507 3257 2084 3341">
     <span class='ocr_line' id='line_1_39' title="bbox 507 3257 2084 3341; baseline -0.008 -13"><span class='ocrx_word' id='word_1_261' title='bbox 507 3269 804 3341; x_wconf 76' lang='lat' dir='ltr'><strong>Evangelii,</strong></span> <span class='ocrx_word' id='word_1_262' title='bbox 835 3281 991 3337; x_wconf 91' lang='lat' dir='ltr'><strong>quam</strong></span> <span class='ocrx_word' id='word_1_263' title='bbox 1021 3257 1381 3334; x_wconf 85' lang='lat' dir='ltr'><strong>explanationi</strong></span> <span class='ocrx_word' id='word_1_264' title='bbox 1409 3277 1521 3317; x_wconf 77' lang='lat' dir='ltr'><strong>sua:</strong></span> <span class='ocrx_word' id='word_1_265' title='bbox 1568 3261 1891 3329; x_wconf 65' lang='lat' dir='ltr'><strong>jirmmittere</strong></span> <span class='ocrx_word' id='word_1_266' title='bbox 1931 3262 2084 3328; x_wconf 88' lang='lat' dir='ltr'><strong>solet,</strong></span> 
     </span>
    </p>
   </div>
   <div class='ocr_carea' id='block_1_40' title="bbox 505 3354 2089 3434">
    <p class='ocr_par' dir='ltr' id='par_1_40' title="bbox 505 3354 2089 3434">
     <span class='ocr_line' id='line_1_40' title="bbox 505 3354 2089 3434; baseline -0.006 -15"><span class='ocrx_word' id='word_1_267' title='bbox 505 3364 735 3434; x_wconf 81' lang='lat' dir='ltr'><strong>aliquam</strong></span> <span class='ocrx_word' id='word_1_268' title='bbox 754 3360 950 3415; x_wconf 88' lang='lat' dir='ltr'><strong>habere</strong></span> <span class='ocrx_word' id='word_1_269' title='bbox 977 3356 1184 3412; x_wconf 86' lang='lat' dir='ltr'><strong>videtur</strong></span> <span class='ocrx_word' id='word_1_270' title='bbox 1208 3355 1580 3410; x_wconf 77' lang='lat' dir='ltr'><strong>difficultatem</strong></span> <span class='ocrx_word' id='word_1_271' title='bbox 1605 3355 1746 3408; x_wconf 86' lang='lat' dir='ltr'><strong>circa</strong></span> <span class='ocrx_word' id='word_1_272' title='bbox 1783 3362 1990 3424; x_wconf 92' lang='lat' dir='ltr'><strong>tempus</strong></span> <span class='ocrx_word' id='word_1_273' title='bbox 2004 3354 2089 3409; x_wconf 92' lang='lat' dir='ltr'><strong>vel</strong></span> 
     </span>
    </p>
   </div>
   <div class='ocr_carea' id='block_1_41' title="bbox 505 3446 2084 3520">
    <p class='ocr_par' dir='ltr' id='par_1_41' title="bbox 505 3446 2084 3520">
     <span class='ocr_line' id='line_1_41' title="bbox 505 3446 2084 3520; baseline -0.006 -10"><span class='ocrx_word' id='word_1_274' title='bbox 505 3455 840 3510; x_wconf 85' lang='lat' dir='ltr'><strong>occasionem</strong></span> <span class='ocrx_word' id='word_1_275' title='bbox 872 3464 1047 3506; x_wconf 90' lang='lat' dir='ltr'><strong>rerum</strong></span> <span class='ocrx_word' id='word_1_276' title='bbox 1069 3458 1334 3520; x_wconf 87' lang='lat' dir='ltr'><strong>gestarum</strong></span> <span class='ocrx_word' id='word_1_277' title='bbox 1364 3455 1454 3501; x_wconf 87' lang='lat' dir='ltr'><strong>aut</strong></span> <span class='ocrx_word' id='word_1_278' title='bbox 1482 3447 1621 3501; x_wconf 89' lang='lat' dir='ltr'><strong>circa</strong></span> <span class='ocrx_word' id='word_1_279' title='bbox 1637 3446 2084 3518; x_wconf 85' lang='lat' dir='ltr'><strong>cvangelistarum</strong></span> 
     </span>
    </p>
   </div>
   <div class='ocr_carea' id='block_1_42' title="bbox 506 3537 2089 3615">
    <p class='ocr_par' dir='ltr' id='par_1_42' title="bbox 506 3537 2089 3615">
     <span class='ocr_line' id='line_1_42' title="bbox 506 3537 2089 3615; baseline -0.004 -13"><span class='ocrx_word' id='word_1_280' title='bbox 506 3547 691 3602; x_wconf 88' lang='lat' dir='ltr'><strong>eadem</strong></span> <span class='ocrx_word' id='word_1_281' title='bbox 721 3545 833 3615; x_wconf 86' lang='lat' dir='ltr'><strong>ipsa</strong></span> <span class='ocrx_word' id='word_1_282' title='bbox 879 3541 1230 3607; x_wconf 89' lang='lat' dir='ltr'><strong>narrantium,</strong></span> <span class='ocrx_word' id='word_1_283' title='bbox 1270 3537 1481 3594; x_wconf 88' lang='lat' dir='ltr'><strong>dicendi</strong></span> <span class='ocrx_word' id='word_1_284' title='bbox 1530 3537 1862 3604; x_wconf 84' lang='lat' dir='ltr'><strong>varietatem,</strong></span> <span class='ocrx_word' id='word_1_285' title='bbox 1905 3553 1967 3595; x_wconf 89' lang='lat' dir='ltr'><strong>ea</strong></span> <span class='ocrx_word' id='word_1_286' title='bbox 1997 3539 2089 3595; x_wconf 88' lang='lat' dir='ltr'><strong>ille</strong></span> 
     </span>
    </p>
   </div>
   <div class='ocr_carea' id='block_1_43' title="bbox 507 3632 2081 3707">
    <p class='ocr_par' dir='ltr' id='par_1_43' title="bbox 507 3632 2081 3707">
     <span class='ocr_line' id='line_1_43' title="bbox 507 3632 2081 3707; baseline -0.003 -15"><span class='ocrx_word' id='word_1_287' title='bbox 507 3638 684 3693; x_wconf 90' lang='lat' dir='ltr'><strong>omnia</strong></span> <span class='ocrx_word' id='word_1_288' title='bbox 706 3636 966 3707; x_wconf 80' lang='lat' dir='ltr'><strong>sagaciter</strong></span> <span class='ocrx_word' id='word_1_289' title='bbox 1006 3642 1258 3689; x_wconf 81' lang='lat' dir='ltr'><strong>excutere</strong></span> <span class='ocrx_word' id='word_1_290' title='bbox 1286 3632 1421 3688; x_wconf 89' lang='lat' dir='ltr'><strong>solet</strong></span> <span class='ocrx_word' id='word_1_291' title='bbox 1450 3648 1464 3685; x_wconf 91' lang='lat'><strong>:</strong></span> <span class='ocrx_word' id='word_1_292' title='bbox 1497 3639 1794 3700; x_wconf 89' lang='lat' dir='ltr'><strong>temporum</strong></span> <span class='ocrx_word' id='word_1_293' title='bbox 1819 3632 2081 3687; x_wconf 87' lang='lat' dir='ltr'><strong>rationem</strong></span> 
     </span>
    </p>
   </div>
   <div class='ocr_carea' id='block_1_44' title="bbox 503 3723 2076 3798">
    <p class='ocr_par' dir='ltr' id='par_1_44' title="bbox 503 3723 2076 3798">
     <span class='ocr_line' id='line_1_44' title="bbox 503 3723 2076 3798; baseline -0.006 -11"><span class='ocrx_word' id='word_1_294' title='bbox 503 3733 752 3787; x_wconf 89' lang='lat' dir='ltr'><strong>observat</strong></span> <span class='ocrx_word' id='word_1_295' title='bbox 777 3738 829 3784; x_wconf 91' lang='lat' dir='ltr'><strong>et</strong></span> <span class='ocrx_word' id='word_1_296' title='bbox 853 3727 1117 3798; x_wconf 81' lang='lat' dir='ltr'><strong>explorat,</strong></span> <span class='ocrx_word' id='word_1_297' title='bbox 1146 3725 1479 3781; x_wconf 75' lang='lat' dir='ltr'><strong>occasionem</strong></span> <span class='ocrx_word' id='word_1_298' title='bbox 1500 3724 1586 3778; x_wconf 79' lang='lat' dir='ltr'><strong>vel</strong></span> <span class='ocrx_word' id='word_1_299' title='bbox 1602 3723 1726 3779; x_wconf 91' lang='lat' dir='ltr'><strong>editi</strong></span> <span class='ocrx_word' id='word_1_300' title='bbox 1742 3724 1875 3793; x_wconf 83' lang='lat' dir='ltr'><strong>signi</strong></span> <span class='ocrx_word' id='word_1_301' title='bbox 1901 3733 1955 3778; x_wconf 91' lang='lat' dir='ltr'><strong>et</strong></span> <span class='ocrx_word' id='word_1_302' title='bbox 1976 3725 2076 3778; x_wconf 85' lang='lat' dir='ltr'><strong>mi-</strong></span> 
     </span>
    </p>
   </div>
   <div class='ocr_carea' id='block_1_45' title="bbox 503 3815 2080 3891">
    <p class='ocr_par' dir='ltr' id='par_1_45' title="bbox 503 3815 2080 3891">
     <span class='ocr_line' id='line_1_45' title="bbox 503 3815 2080 3891; baseline -0.004 -13"><span class='ocrx_word' id='word_1_303' title='bbox 503 3822 690 3890; x_wconf 87' lang='lat' dir='ltr'><strong>raculi,</strong></span> <span class='ocrx_word' id='word_1_304' title='bbox 718 3820 803 3875; x_wconf 89' lang='lat' dir='ltr'><strong>vel</strong></span> <span class='ocrx_word' id='word_1_305' title='bbox 828 3827 991 3891; x_wconf 74' lang='lat' dir='ltr'><strong>gesta:</strong></span> <span class='ocrx_word' id='word_1_306' title='bbox 1014 3818 1092 3874; x_wconf 89' lang='lat' dir='ltr'><strong>rei</strong></span> <span class='ocrx_word' id='word_1_307' title='bbox 1111 3818 1394 3888; x_wconf 81' lang='lat' dir='ltr'><strong>diligenter</strong></span> <span class='ocrx_word' id='word_1_308' title='bbox 1416 3823 1721 3871; x_wconf 85' lang='lat' dir='ltr'><strong>scrutatur:</strong></span> <span class='ocrx_word' id='word_1_309' title='bbox 1749 3815 2080 3871; x_wconf 89' lang='lat' dir='ltr'><strong>diversorum</strong></span> 
     </span>
    </p>
   </div>
   <div class='ocr_carea' id='block_1_46' title="bbox 503 3905 2081 3978">
    <p class='ocr_par' dir='ltr' id='par_1_46' title="bbox 503 3905 2081 3978">
     <span class='ocr_line' id='line_1_46' title="bbox 503 3905 2081 3978; baseline -0.006 -9"><span class='ocrx_word' id='word_1_310' title='bbox 503 3912 797 3969; x_wconf 78' lang='lat' dir='ltr'><strong>sententias</strong></span> <span class='ocrx_word' id='word_1_311' title='bbox 838 3911 980 3965; x_wconf 86' lang='lat' dir='ltr'><strong>circa</strong></span> <span class='ocrx_word' id='word_1_312' title='bbox 1006 3923 1095 3965; x_wconf 89' lang='lat' dir='ltr'><strong>res</strong></span> <span class='ocrx_word' id='word_1_313' title='bbox 1141 3907 1451 3978; x_wconf 88' lang='lat' dir='ltr'><strong>plerumque</strong></span> <span class='ocrx_word' id='word_1_314' title='bbox 1484 3905 1712 3961; x_wconf 87' lang='lat' dir='ltr'><strong>obscure</strong></span> <span class='ocrx_word' id='word_1_315' title='bbox 1758 3905 2081 3976; x_wconf 86' lang='lat' dir='ltr'><strong>signifieatas</strong></span> 
     </span>
    </p>
   </div>
   <div class='ocr_carea' id='block_1_47' title="bbox 502 3996 2089 4064">
    <p class='ocr_par' dir='ltr' id='par_1_47' title="bbox 502 3996 2089 4064">
     <span class='ocr_line' id='line_1_47' title="bbox 502 3996 2089 4064; baseline -0.003 -5"><span class='ocrx_word' id='word_1_316' title='bbox 502 4004 660 4060; x_wconf 74' lang='lat' dir='ltr'><strong>affert</strong></span> <span class='ocrx_word' id='word_1_317' title='bbox 685 4013 738 4058; x_wconf 86' lang='lat' dir='ltr'><strong>et</strong></span> <span class='ocrx_word' id='word_1_318' title='bbox 766 4002 1073 4056; x_wconf 84' lang='lat' dir='ltr'><strong>examinat:</strong></span> <span class='ocrx_word' id='word_1_319' title='bbox 1104 3999 1149 4054; x_wconf 90' lang='lat' dir='ltr'><strong>si</strong></span> <span class='ocrx_word' id='word_1_320' title='bbox 1175 3996 1512 4053; x_wconf 70' lang='lat' dir='ltr'><strong>confutandte</strong></span> <span class='ocrx_word' id='word_1_321' title='bbox 1546 3996 1744 4064; x_wconf 87' lang='lat' dir='ltr'><strong>sint,id</strong></span> <span class='ocrx_word' id='word_1_322' title='bbox 1775 3998 1907 4052; x_wconf 86' lang='lat' dir='ltr'><strong>mira</strong></span> <span class='ocrx_word' id='word_1_323' title='bbox 1933 4014 2089 4054; x_wconf 82' lang='lat' dir='ltr'><strong>exse-</strong></span> 
     </span>
    </p>
   </div>
   <div class='ocr_carea' id='block_1_48' title="bbox 502 4089 2084 4167">
    <p class='ocr_par' dir='ltr' id='par_1_48' title="bbox 502 4089 2084 4167">
     <span class='ocr_line' id='line_1_48' title="bbox 502 4089 2084 4167; baseline -0.001 -19"><span class='ocrx_word' id='word_1_324' title='bbox 502 4095 680 4167; x_wconf 89' lang='lat' dir='ltr'><strong>quitur</strong></span> <span class='ocrx_word' id='word_1_325' title='bbox 717 4092 1033 4149; x_wconf 81' lang='lat' dir='ltr'><strong>dexteritate</strong></span> <span class='ocrx_word' id='word_1_326' title='bbox 1083 4098 1241 4160; x_wconf 88' lang='lat' dir='ltr'><strong>atque</strong></span> <span class='ocrx_word' id='word_1_327' title='bbox 1296 4089 1489 4159; x_wconf 82' lang='lat' dir='ltr'><strong>ingenii</strong></span> <span class='ocrx_word' id='word_1_328' title='bbox 1537 4089 1936 4156; x_wconf 89' lang='lat' dir='ltr'><strong>acrimonia;si</strong></span> <span class='ocrx_word' id='word_1_329' title='bbox 1981 4105 2084 4160; x_wconf 80' lang='lat' dir='ltr'><strong>qua</strong></span> 
     </span>
    </p>
   </div>
   <div class='ocr_carea' id='block_1_49' title="bbox 499 4180 2081 4253">
    <p class='ocr_par' dir='ltr' id='par_1_49' title="bbox 499 4180 2081 4253">
     <span class='ocr_line' id='line_1_49' title="bbox 499 4180 2081 4253; baseline -0.001 -11"><span class='ocrx_word' id='word_1_330' title='bbox 499 4201 630 4242; x_wconf 90' lang='lat' dir='ltr'><strong>vero</strong></span> <span class='ocrx_word' id='word_1_331' title='bbox 653 4188 793 4241; x_wconf 91' lang='lat' dir='ltr'><strong>inter</strong></span> <span class='ocrx_word' id='word_1_332' title='bbox 819 4183 1174 4253; x_wconf 86' lang='lat' dir='ltr'><strong>evangelistas</strong></span> <span class='ocrx_word' id='word_1_333' title='bbox 1204 4182 1254 4237; x_wconf 92' lang='lat' dir='ltr'><strong>in</strong></span> <span class='ocrx_word' id='word_1_334' title='bbox 1275 4180 1540 4236; x_wconf 87' lang='lat' dir='ltr'><strong>narrando</strong></span> <span class='ocrx_word' id='word_1_335' title='bbox 1579 4181 1942 4252; x_wconf 89' lang='lat' dir='ltr'><strong>discrepantia</strong></span> <span class='ocrx_word' id='word_1_336' title='bbox 1961 4197 2081 4240; x_wconf 78' lang='lat' dir='ltr'><strong>esse</strong></span> 
     </span>
    </p>
   </div>
   <div class='ocr_carea' id='block_1_50' title="bbox 500 4273 2086 4344">
    <p class='ocr_par' dir='ltr' id='par_1_50' title="bbox 500 4273 2086 4344">
     <span class='ocr_line' id='line_1_50' title="bbox 500 4273 2086 4344; baseline -0.003 -10"><span class='ocrx_word' id='word_1_337' title='bbox 500 4279 679 4335; x_wconf 80' lang='lat' dir='ltr'><strong>statim</strong></span> <span class='ocrx_word' id='word_1_338' title='bbox 700 4277 963 4340; x_wconf 87' lang='lat' dir='ltr'><strong>videatur,</strong></span> <span class='ocrx_word' id='word_1_339' title='bbox 989 4276 1042 4331; x_wconf 92' lang='lat' dir='ltr'><strong>id</strong></span> <span class='ocrx_word' id='word_1_340' title='bbox 1065 4274 1155 4330; x_wconf 90' lang='lat' dir='ltr'><strong>ille</strong></span> <span class='ocrx_word' id='word_1_341' title='bbox 1184 4288 1279 4344; x_wconf 91' lang='lat' dir='ltr'><strong>pro</strong></span> <span class='ocrx_word' id='word_1_342' title='bbox 1311 4273 1449 4328; x_wconf 83' lang='lat' dir='ltr'><strong>virili</strong></span> <span class='ocrx_word' id='word_1_343' title='bbox 1477 4274 1677 4328; x_wconf 84' lang='lat' dir='ltr'><strong>excutit</strong></span> <span class='ocrx_word' id='word_1_344' title='bbox 1697 4314 1713 4339; x_wconf 96' lang='lat'><strong>,</strong></span> <span class='ocrx_word' id='word_1_345' title='bbox 1747 4273 2086 4344; x_wconf 87' lang='lat' dir='ltr'><strong>ostenditque</strong></span> 
     </span>
    </p>
   </div>
   <div class='ocr_carea' id='block_1_51' title="bbox 504 4364 2083 4439">
    <p class='ocr_par' dir='ltr' id='par_1_51' title="bbox 504 4364 2083 4439">
     <span class='ocr_line' id='line_1_51' title="bbox 504 4364 2083 4439; baseline -0.004 -13"><span class='ocrx_word' id='word_1_346' title='bbox 504 4371 817 4439; x_wconf 77' lang='lat' dir='ltr'><strong>illam,qu:c</strong></span> <span class='ocrx_word' id='word_1_347' title='bbox 862 4364 1027 4422; x_wconf 80' lang='lat' dir='ltr'><strong>verbo</strong></span> <span class='ocrx_word' id='word_1_348' title='bbox 1083 4373 1237 4421; x_wconf 89' lang='lat' dir='ltr'><strong>tenus</strong></span> <span class='ocrx_word' id='word_1_349' title='bbox 1257 4372 1377 4420; x_wconf 86' lang='lat' dir='ltr'><strong>esse</strong></span> <span class='ocrx_word' id='word_1_350' title='bbox 1422 4364 1657 4429; x_wconf 89' lang='lat' dir='ltr'><strong>videtur,</strong></span> <span class='ocrx_word' id='word_1_351' title='bbox 1704 4365 2083 4420; x_wconf 79' lang='lat' dir='ltr'><strong>tlissonantiam</strong></span> 
     </span>
    </p>
   </div>
   <div class='ocr_carea' id='block_1_52' title="bbox 499 4456 2085 4520">
    <p class='ocr_par' dir='ltr' id='par_1_52' title="bbox 499 4456 2085 4520">
     <span class='ocr_line' id='line_1_52' title="bbox 499 4456 2085 4520; baseline -0.003 -1"><span class='ocrx_word' id='word_1_352' title='bbox 499 4464 702 4520; x_wconf 91' lang='lat' dir='ltr'><strong>nullam</strong></span> <span class='ocrx_word' id='word_1_353' title='bbox 726 4472 912 4517; x_wconf 84' lang='lat' dir='ltr'><strong>revera</strong></span> <span class='ocrx_word' id='word_1_354' title='bbox 938 4474 1077 4514; x_wconf 87' lang='lat' dir='ltr'><strong>esse.</strong></span> <span class='ocrx_word' id='word_1_355' title='bbox 1108 4458 1244 4513; x_wconf 85' lang='lat' dir='ltr'><strong>Hinc</strong></span> <span class='ocrx_word' id='word_1_356' title='bbox 1272 4466 1447 4511; x_wconf 89' lang='lat' dir='ltr'><strong>autem</strong></span> <span class='ocrx_word' id='word_1_357' title='bbox 1475 4458 1661 4510; x_wconf 89' lang='lat' dir='ltr'><strong>miram</strong></span> <span class='ocrx_word' id='word_1_358' title='bbox 1694 4457 1785 4513; x_wconf 90' lang='lat' dir='ltr'><strong>Dei</strong></span> <span class='ocrx_word' id='word_1_359' title='bbox 1812 4456 1911 4511; x_wconf 89' lang='lat' dir='ltr'><strong>hac</strong></span> <span class='ocrx_word' id='word_1_360' title='bbox 1953 4458 2003 4512; x_wconf 93' lang='lat' dir='ltr'><strong>in</strong></span> <span class='ocrx_word' id='word_1_361' title='bbox 2026 4472 2085 4514; x_wconf 89' lang='lat' dir='ltr'><strong>re</strong></span> 
     </span>
    </p>
   </div>
   <div class='ocr_carea' id='block_1_53' title="bbox 499 4545 2087 4627">
    <p class='ocr_par' dir='ltr' id='par_1_53' title="bbox 499 4545 2087 4627">
     <span class='ocr_line' id='line_1_53' title="bbox 499 4545 2087 4627; baseline -0.006 -16"><span class='ocrx_word' id='word_1_362' title='bbox 499 4551 885 4627; x_wconf 87' lang='lat' dir='ltr'><strong>providentiam</strong></span> <span class='ocrx_word' id='word_1_363' title='bbox 936 4547 1196 4604; x_wconf 87' lang='lat' dir='ltr'><strong>declarari</strong></span> <span class='ocrx_word' id='word_1_364' title='bbox 1253 4545 1566 4602; x_wconf 90' lang='lat' dir='ltr'><strong>contendit:</strong></span> <span class='ocrx_word' id='word_1_365' title='bbox 1597 4561 1719 4600; x_wconf 92' lang='lat' dir='ltr'><strong>nam</strong></span> <span class='ocrx_word' id='word_1_366' title='bbox 1767 4546 1813 4600; x_wconf 87' lang='lat' dir='ltr'><strong>si</strong></span> <span class='ocrx_word' id='word_1_367' title='bbox 1860 4556 2087 4617; x_wconf 89' lang='lat' dir='ltr'><strong>quatuor</strong></span> 
     </span>
    </p>
   </div>
   <div class='ocr_carea' id='block_1_54' title="bbox 499 4636 2083 4715">
    <p class='ocr_par' dir='ltr' id='par_1_54' title="bbox 499 4636 2083 4715">
     <span class='ocr_line' id='line_1_54' title="bbox 499 4636 2083 4715; baseline -0.007 -14"><span class='ocrx_word' id='word_1_368' title='bbox 499 4644 841 4715; x_wconf 71' lang='lat' dir='ltr'><strong>evangelistce</strong></span> <span class='ocrx_word' id='word_1_369' title='bbox 884 4654 972 4696; x_wconf 85' lang='lat' dir='ltr'><strong>res</strong></span> <span class='ocrx_word' id='word_1_370' title='bbox 997 4638 1209 4695; x_wconf 88' lang='lat' dir='ltr'><strong>easdem</strong></span> <span class='ocrx_word' id='word_1_371' title='bbox 1251 4637 1438 4691; x_wconf 87' lang='lat' dir='ltr'><strong>eodem</strong></span> <span class='ocrx_word' id='word_1_372' title='bbox 1476 4650 1695 4706; x_wconf 90' lang='lat' dir='ltr'><strong>prorsus</strong></span> <span class='ocrx_word' id='word_1_373' title='bbox 1718 4636 1876 4690; x_wconf 92' lang='lat' dir='ltr'><strong>modo</strong></span> <span class='ocrx_word' id='word_1_374' title='bbox 1893 4653 2083 4693; x_wconf 86' lang='lat' dir='ltr'><strong>recen-</strong></span> 
     </span>
    </p>
   </div>
   <div class='ocr_carea' id='block_1_55' title="bbox 502 4728 2076 4800">
    <p class='ocr_par' dir='ltr' id='par_1_55' title="bbox 502 4728 2076 4800">
     <span class='ocr_line' id='line_1_55' title="bbox 502 4728 2076 4800; baseline -0.005 -8"><span class='ocrx_word' id='word_1_375' title='bbox 502 4738 751 4800; x_wconf 65' lang='lat' dir='ltr'><strong>SuiSSent,</strong></span> <span class='ocrx_word' id='word_1_376' title='bbox 778 4730 831 4789; x_wconf 91' lang='lat' dir='ltr'><strong>id</strong></span> <span class='ocrx_word' id='word_1_377' title='bbox 858 4733 927 4788; x_wconf 89' lang='lat' dir='ltr'><strong>de</strong></span> <span class='ocrx_word' id='word_1_378' title='bbox 964 4729 1224 4787; x_wconf 89' lang='lat' dir='ltr'><strong>industria</strong></span> <span class='ocrx_word' id='word_1_379' title='bbox 1253 4736 1306 4785; x_wconf 88' lang='lat' dir='ltr'><strong>et</strong></span> <span class='ocrx_word' id='word_1_380' title='bbox 1326 4730 1571 4784; x_wconf 90' lang='lat' dir='ltr'><strong>consulto</strong></span> <span class='ocrx_word' id='word_1_381' title='bbox 1599 4728 1797 4784; x_wconf 91' lang='lat' dir='ltr'><strong>factum</strong></span> <span class='ocrx_word' id='word_1_382' title='bbox 1844 4744 1965 4785; x_wconf 90' lang='lat' dir='ltr'><strong>esse</strong></span> <span class='ocrx_word' id='word_1_383' title='bbox 1996 4732 2076 4784; x_wconf 83' lang='lat' dir='ltr'><strong>vi-</strong></span> 
     </span>
    </p>
   </div>
   <div class='ocr_carea' id='block_1_56' title="bbox 505 4821 2085 4893">
    <p class='ocr_par' dir='ltr' id='par_1_56' title="bbox 505 4821 2085 4893">
     <span class='ocr_line' id='line_1_56' title="bbox 505 4821 2085 4893; baseline -0.003 -9"><span class='ocrx_word' id='word_1_384' title='bbox 505 4838 623 4884; x_wconf 72' lang='lat' dir='ltr'><strong>Sum</strong></span> <span class='ocrx_word' id='word_1_385' title='bbox 658 4827 865 4882; x_wconf 85' lang='lat' dir='ltr'><strong>fuisset.</strong></span> <span class='ocrx_word' id='word_1_386' title='bbox 897 4825 965 4879; x_wconf 83' lang='lat' dir='ltr'><strong>At</strong></span> <span class='ocrx_word' id='word_1_387' title='bbox 992 4837 1132 4878; x_wconf 92' lang='lat' dir='ltr'><strong>nunc</strong></span> <span class='ocrx_word' id='word_1_388' title='bbox 1157 4836 1277 4878; x_wconf 91' lang='lat' dir='ltr'><strong>cum</strong></span> <span class='ocrx_word' id='word_1_389' title='bbox 1307 4821 1668 4893; x_wconf 70' lang='lat' dir='ltr'><strong>evangelistre,</strong></span> <span class='ocrx_word' id='word_1_390' title='bbox 1694 4836 1801 4877; x_wconf 90' lang='lat' dir='ltr'><strong>non</strong></span> <span class='ocrx_word' id='word_1_391' title='bbox 1823 4838 1911 4879; x_wconf 80' lang='lat' dir='ltr'><strong>res</strong></span> <span class='ocrx_word' id='word_1_392' title='bbox 1940 4833 1998 4878; x_wconf 92' lang='lat' dir='ltr'><strong>ut</strong></span> <span class='ocrx_word' id='word_1_393' title='bbox 2018 4825 2085 4879; x_wconf 90' lang='lat' dir='ltr'><strong>ab</strong></span> 
     </span>
    </p>
   </div>
   <div class='ocr_carea' id='block_1_57' title="bbox 506 4913 2081 4990">
    <p class='ocr_par' dir='ltr' id='par_1_57' title="bbox 506 4913 2081 4990">
     <span class='ocr_line' id='line_1_57' title="bbox 506 4913 2081 4990; baseline -0.001 -16"><span class='ocrx_word' id='word_1_394' title='bbox 506 4921 625 4976; x_wconf 85' lang='lat' dir='ltr'><strong>aliis</strong></span> <span class='ocrx_word' id='word_1_395' title='bbox 645 4920 756 4990; x_wconf 84' lang='lat' dir='ltr'><strong>jam</strong></span> <span class='ocrx_word' id='word_1_396' title='bbox 799 4917 1100 4987; x_wconf 61' lang='lat' dir='ltr'><strong>descriptae,</strong></span> <span class='ocrx_word' id='word_1_397' title='bbox 1147 4914 1239 4969; x_wconf 89' lang='lat' dir='ltr'><strong>sed</strong></span> <span class='ocrx_word' id='word_1_398' title='bbox 1270 4923 1329 4968; x_wconf 88' lang='lat' dir='ltr'><strong>ut</strong></span> <span class='ocrx_word' id='word_1_399' title='bbox 1352 4913 1433 4969; x_wconf 84' lang='lat' dir='ltr'><strong>vel</strong></span> <span class='ocrx_word' id='word_1_400' title='bbox 1493 4915 1561 4968; x_wconf 91' lang='lat' dir='ltr'><strong>ab</strong></span> <span class='ocrx_word' id='word_1_401' title='bbox 1592 4930 1652 4969; x_wconf 90' lang='lat' dir='ltr'><strong>se</strong></span> <span class='ocrx_word' id='word_1_402' title='bbox 1678 4918 1804 4969; x_wconf 76' lang='lat' dir='ltr'><strong>visa:</strong></span> <span class='ocrx_word' id='word_1_403' title='bbox 1852 4914 2081 4983; x_wconf 89' lang='lat' dir='ltr'><strong>fuerant,</strong></span> 
     </span>
    </p>
   </div>
   <div class='ocr_carea' id='block_1_58' title="bbox 500 5006 2084 5080">
    <p class='ocr_par' dir='ltr' id='par_1_58' title="bbox 500 5006 2084 5080">
     <span class='ocr_line' id='line_1_58' title="bbox 500 5006 2084 5080; baseline -0.002 -14"><span class='ocrx_word' id='word_1_404' title='bbox 500 5010 587 5068; x_wconf 74' lang='lat' dir='ltr'><strong>vel</strong></span> <span class='ocrx_word' id='word_1_405' title='bbox 608 5024 636 5064; x_wconf 86' lang='lat' dir='ltr'><strong>a</strong></span> <span class='ocrx_word' id='word_1_406' title='bbox 658 5010 762 5067; x_wconf 86' lang='lat' dir='ltr'><strong>fide</strong></span> <span class='ocrx_word' id='word_1_407' title='bbox 787 5006 960 5080; x_wconf 84' lang='lat' dir='ltr'><strong>dignis</strong></span> <span class='ocrx_word' id='word_1_408' title='bbox 987 5006 1211 5062; x_wconf 87' lang='lat' dir='ltr'><strong>testibus</strong></span> <span class='ocrx_word' id='word_1_409' title='bbox 1249 5014 1582 5074; x_wconf 87' lang='lat' dir='ltr'><strong>acceperant,</strong></span> <span class='ocrx_word' id='word_1_410' title='bbox 1614 5015 1896 5072; x_wconf 85' lang='lat' dir='ltr'><strong>enarrem;</strong></span> <span class='ocrx_word' id='word_1_411' title='bbox 1924 5006 2084 5063; x_wconf 83' lang='lat' dir='ltr'><strong>fidem</strong></span> 
     </span>
    </p>
   </div>
   <div class='ocr_carea' id='block_1_59' title="bbox 500 5092 2084 5167">
    <p class='ocr_par' dir='ltr' id='par_1_59' title="bbox 500 5092 2084 5167">
     <span class='ocr_line' id='line_1_59' title="bbox 500 5092 2084 5167; baseline -0.004 -8"><span class='ocrx_word' id='word_1_412' title='bbox 500 5100 721 5159; x_wconf 73' lang='lat' dir='ltr'><strong>&#39;omuino</strong></span> <span class='ocrx_word' id='word_1_413' title='bbox 741 5108 1034 5157; x_wconf 89' lang='lat' dir='ltr'><strong>merentur.</strong></span> <span class='ocrx_word' id='word_1_414' title='bbox 1059 5092 1334 5167; x_wconf 87' lang='lat' dir='ltr'><strong>Siquidem</strong></span> <span class='ocrx_word' id='word_1_415' title='bbox 1356 5104 1581 5165; x_wconf 89' lang='lat' dir='ltr'><strong>quatuor</strong></span> <span class='ocrx_word' id='word_1_416' title='bbox 1595 5106 1718 5150; x_wconf 89' lang='lat' dir='ltr'><strong>sunt</strong></span> <span class='ocrx_word' id='word_1_417' title='bbox 1743 5106 1906 5152; x_wconf 88' lang='lat' dir='ltr'><strong>testes</strong></span> <span class='ocrx_word' id='word_1_418' title='bbox 1926 5114 2084 5154; x_wconf 78' lang='lat' dir='ltr'><strong>vera-</strong></span> 
     </span>
    </p>
   </div>
   <div class='ocr_carea' id='block_1_60' title="bbox 496 5186 2081 5266">
    <p class='ocr_par' dir='ltr' id='par_1_60' title="bbox 496 5186 2081 5266">
     <span class='ocr_line' id='line_1_60' title="bbox 496 5186 2081 5266; baseline -0.005 -14"><span class='ocrx_word' id='word_1_419' title='bbox 496 5190 617 5261; x_wconf 60' lang='lat' dir='ltr'><strong>ces,</strong></span> <span class='ocrx_word' id='word_1_420' title='bbox 645 5195 737 5266; x_wconf 85' lang='lat' dir='ltr'><strong>qui</strong></span> <span class='ocrx_word' id='word_1_421' title='bbox 766 5194 811 5248; x_wconf 90' lang='lat' dir='ltr'><strong>si</strong></span> <span class='ocrx_word' id='word_1_422' title='bbox 841 5206 870 5246; x_wconf 89' lang='lat' dir='ltr'><strong>a</strong></span> <span class='ocrx_word' id='word_1_423' title='bbox 924 5189 1187 5261; x_wconf 85' lang='lat' dir='ltr'><strong>prioribus</strong></span> <span class='ocrx_word' id='word_1_424' title='bbox 1222 5188 1330 5259; x_wconf 89' lang='lat' dir='ltr'><strong>jam</strong></span> <span class='ocrx_word' id='word_1_425' title='bbox 1360 5187 1501 5243; x_wconf 90' lang='lat' dir='ltr'><strong>dicta</strong></span> <span class='ocrx_word' id='word_1_426' title='bbox 1555 5186 1818 5243; x_wconf 88' lang='lat' dir='ltr'><strong>referrent</strong></span> <span class='ocrx_word' id='word_1_427' title='bbox 1857 5200 2081 5258; x_wconf 89' lang='lat' dir='ltr'><strong>tantum,</strong></span> 
     </span>
    </p>
   </div>
   <div class='ocr_carea' id='block_1_61' title="bbox 499 5281 1273 5360">
    <p class='ocr_par' dir='ltr' id='par_1_61' title="bbox 499 5281 1273 5360">
     <span class='ocr_line' id='line_1_61' title="bbox 499 5281 1273 5360; baseline -0.012 -18"><span class='ocrx_word' id='word_1_428' title='bbox 499 5294 603 5360; x_wconf 75' lang='lat' dir='ltr'><strong>pro</strong></span> <span class='ocrx_word' id='word_1_429' title='bbox 632 5298 739 5341; x_wconf 92' lang='lat' dir='ltr'><strong>uno</strong></span> <span class='ocrx_word' id='word_1_430' title='bbox 763 5284 973 5340; x_wconf 67' lang='lat' dir='ltr'><strong>cenaeri</strong></span> <span class='ocrx_word' id='word_1_431' title='bbox 997 5281 1273 5337; x_wconf 87' lang='lat' dir='ltr'><strong>deberent.</strong></span> 
     </span>
    </p>
   </div>
   <div class='ocr_carea' id='block_1_62' title="bbox 576 5372 2090 5436">
    <p class='ocr_par' dir='ltr' id='par_1_62' title="bbox 576 5372 2090 5436">
     <span class='ocr_line' id='line_1_62' title="bbox 576 5372 2090 5436; baseline -0.002 0"><span class='ocrx_word' id='word_1_432' title='bbox 576 5378 874 5436; x_wconf 65' lang='lat' dir='ltr'><strong>Antiochia:</strong></span> <span class='ocrx_word' id='word_1_433' title='bbox 917 5386 1093 5432; x_wconf 85' lang='lat' dir='ltr'><strong>autem</strong></span> <span class='ocrx_word' id='word_1_434' title='bbox 1124 5374 1332 5429; x_wconf 84' lang='lat' dir='ltr'><strong>habitas</strong></span> <span class='ocrx_word' id='word_1_435' title='bbox 1374 5372 1535 5430; x_wconf 88' lang='lat' dir='ltr'><strong>fuisse</strong></span> <span class='ocrx_word' id='word_1_436' title='bbox 1563 5374 1658 5428; x_wconf 89' lang='lat' dir='ltr'><strong>has</strong></span> <span class='ocrx_word' id='word_1_437' title='bbox 1684 5375 1968 5433; x_wconf 89' lang='lat' dir='ltr'><strong>conciones</strong></span> <span class='ocrx_word' id='word_1_438' title='bbox 1995 5393 2090 5433; x_wconf 82' lang='lat' dir='ltr'><strong>ex-</strong></span> 
     </span>
    </p>
   </div>
   <div class='ocr_carea' id='block_1_63' title="bbox 500 5463 2082 5546">
    <p class='ocr_par' dir='ltr' id='par_1_63' title="bbox 500 5463 2082 5546">
     <span class='ocr_line' id='line_1_63' title="bbox 500 5463 2082 5546; baseline -0.001 -23"><span class='ocrx_word' id='word_1_439' title='bbox 500 5471 764 5546; x_wconf 79' lang='lat' dir='ltr'><strong>plbratum</strong></span> <span class='ocrx_word' id='word_1_440' title='bbox 790 5478 892 5536; x_wconf 88' lang='lat' dir='ltr'><strong>est,</strong></span> <span class='ocrx_word' id='word_1_441' title='bbox 920 5477 981 5523; x_wconf 91' lang='lat' dir='ltr'><strong>ut</strong></span> <span class='ocrx_word' id='word_1_442' title='bbox 999 5466 1249 5521; x_wconf 86' lang='lat' dir='ltr'><strong>diximus.</strong></span> <span class='ocrx_word' id='word_1_443' title='bbox 1293 5464 1369 5519; x_wconf 86' lang='lat' dir='ltr'><strong>De</strong></span> <span class='ocrx_word' id='word_1_444' title='bbox 1414 5479 1556 5519; x_wconf 89' lang='lat' dir='ltr'><strong>anno</strong></span> <span class='ocrx_word' id='word_1_445' title='bbox 1600 5463 1732 5520; x_wconf 88' lang='lat' dir='ltr'><strong>nihil</strong></span> <span class='ocrx_word' id='word_1_446' title='bbox 1789 5464 2082 5535; x_wconf 88' lang='lat' dir='ltr'><strong>habemus;</strong></span> 
     </span>
    </p>
   </div>
   <div class='ocr_carea' id='block_1_64' title="bbox 502 5554 2087 5627">
    <p class='ocr_par' dir='ltr' id='par_1_64' title="bbox 502 5554 2087 5627">
     <span class='ocr_line' id='line_1_64' title="bbox 502 5554 2087 5627; baseline -0.004 -8"><span class='ocrx_word' id='word_1_447' title='bbox 502 5563 555 5619; x_wconf 90' lang='lat' dir='ltr'><strong>id</strong></span> <span class='ocrx_word' id='word_1_448' title='bbox 583 5570 758 5617; x_wconf 89' lang='lat' dir='ltr'><strong>autem</strong></span> <span class='ocrx_word' id='word_1_449' title='bbox 783 5570 988 5616; x_wconf 89' lang='lat' dir='ltr'><strong>certum</strong></span> <span class='ocrx_word' id='word_1_450' title='bbox 1015 5571 1138 5613; x_wconf 88' lang='lat' dir='ltr'><strong>esse</strong></span> <span class='ocrx_word' id='word_1_451' title='bbox 1190 5554 1422 5622; x_wconf 88' lang='lat' dir='ltr'><strong>videtur,</strong></span> <span class='ocrx_word' id='word_1_452' title='bbox 1470 5571 1576 5611; x_wconf 85' lang='lat' dir='ltr'><strong>non</strong></span> <span class='ocrx_word' id='word_1_453' title='bbox 1619 5569 1780 5627; x_wconf 90' lang='lat' dir='ltr'><strong>posse</strong></span> <span class='ocrx_word' id='word_1_454' title='bbox 1827 5558 1878 5612; x_wconf 90' lang='lat' dir='ltr'><strong>in</strong></span> <span class='ocrx_word' id='word_1_455' title='bbox 1917 5573 2087 5614; x_wconf 88' lang='lat' dir='ltr'><strong>annos</strong></span> 
     </span>
    </p>
   </div>
   <div class='ocr_carea' id='block_1_65' title="bbox 501 5646 2075 5717">
    <p class='ocr_par' dir='ltr' id='par_1_65' title="bbox 501 5646 2075 5717">
     <span class='ocr_line' id='line_1_65' title="bbox 501 5646 2075 5717; baseline -0.013 -7"><span class='ocrx_word' id='word_1_456' title='bbox 501 5653 627 5712; x_wconf 74' lang='lat'><strong>386.</strong></span> <span class='ocrx_word' id='word_1_457' title='bbox 650 5653 774 5715; x_wconf 81' lang='grc'>587,</span> <span class='ocrx_word' id='word_1_458' title='bbox 804 5651 931 5717; x_wconf 72' lang='lat'><strong>388,</strong></span> <span class='ocrx_word' id='word_1_459' title='bbox 958 5646 1169 5707; x_wconf 88' lang='lat' dir='ltr'><strong>referri.</strong></span> <span class='ocrx_word' id='word_1_460' title='bbox 2053 5652 2075 5683; x_wconf 75' lang='grc' dir='ltr'>ι</span> 
     </span>
    </p>
   </div>
   <div class='ocr_carea' id='block_1_66' title="bbox 576 5728 2089 5815">
    <p class='ocr_par' dir='ltr' id='par_1_66' title="bbox 576 5728 2089 5815">
     <span class='ocr_line' id='line_1_66' title="bbox 576 5728 2089 5815; baseline -0.001 -15"><span class='ocrx_word' id='word_1_461' title='bbox 576 5742 758 5815; x_wconf 78' lang='lat' dir='ltr'><strong>Neque</strong></span> <span class='ocrx_word' id='word_1_462' title='bbox 782 5742 993 5798; x_wconf 84' lang='lat' dir='ltr'><strong>silentio</strong></span> <span class='ocrx_word' id='word_1_463' title='bbox 1010 5728 1516 5812; x_wconf 79' lang='lat' dir='ltr'><strong>praetermittendum</strong></span> <span class='ocrx_word' id='word_1_464' title='bbox 1541 5747 1644 5807; x_wconf 88' lang='lat' dir='ltr'><strong>est,</strong></span> <span class='ocrx_word' id='word_1_465' title='bbox 1668 5738 1719 5795; x_wconf 91' lang='lat' dir='ltr'><strong>id</strong></span> <span class='ocrx_word' id='word_1_466' title='bbox 1740 5740 1882 5812; x_wconf 90' lang='lat' dir='ltr'><strong>quod</strong></span> <span class='ocrx_word' id='word_1_467' title='bbox 1910 5743 1959 5796; x_wconf 93' lang='lat' dir='ltr'><strong>in</strong></span> <span class='ocrx_word' id='word_1_468' title='bbox 1988 5741 2089 5799; x_wconf 90' lang='lat' dir='ltr'><strong>hoc</strong></span> 
     </span>
    </p>
   </div>
   <div class='ocr_carea' id='block_1_67' title="bbox 502 5824 2081 5907">
    <p class='ocr_par' dir='ltr' id='par_1_67' title="bbox 502 5824 2081 5907">
     <span class='ocr_line' id='line_1_67' title="bbox 502 5824 2081 5907; baseline -0.001 -18"><span class='ocrx_word' id='word_1_469' title='bbox 502 5835 896 5895; x_wconf 70' lang='lat' dir='ltr'><strong>(&#39;momcntario</strong></span> <span class='ocrx_word' id='word_1_470' title='bbox 942 5831 1210 5907; x_wconf 87' lang='lat' dir='ltr'><strong>opinando</strong></span> <span class='ocrx_word' id='word_1_471' title='bbox 1256 5824 1569 5889; x_wconf 70' lang='lat' dir='ltr'><strong>teStiﬂcatur</strong></span> <span class='ocrx_word' id='word_1_472' title='bbox 1619 5834 1639 5904; x_wconf 91' lang='lat'><strong>(</strong></span> <span class='ocrx_word' id='word_1_473' title='bbox 1684 5831 1741 5889; x_wconf 84' lang='grc' dir='ltr'><strong>Τ.</strong></span> <span class='ocrx_word' id='word_1_474' title='bbox 1771 5836 1827 5894; x_wconf 87' lang='lat'><strong>7,</strong></span> <span class='ocrx_word' id='word_1_475' title='bbox 1876 5844 1926 5886; x_wconf 73' lang='grc' dir='ltr'><strong>ι.</strong></span> <span class='ocrx_word' id='word_1_476' title='bbox 1956 5826 2081 5888; x_wconf 73' lang='lat' dir='ltr'><strong>29f.</strong></span> 
     </span>
    </p>
   </div>
   <div class='ocr_carea' id='block_1_68' title="bbox 2205 968 3790 1041">
    <p class='ocr_par' dir='ltr' id='par_1_68' title="bbox 2205 968 3790 1041">
     <span class='ocr_line' id='line_1_68' title="bbox 2205 968 3790 1041; baseline 0.002 -18"><span class='ocrx_word' id='word_1_477' title='bbox 2205 982 2300 1024; x_wconf 88' lang='lat' dir='ltr'><strong>sex</strong></span> <span class='ocrx_word' id='word_1_478' title='bbox 2329 968 2474 1024; x_wconf 91' lang='lat' dir='ltr'><strong>mille</strong></span> <span class='ocrx_word' id='word_1_479' title='bbox 2493 969 2646 1026; x_wconf 86' lang='lat' dir='ltr'><strong>annis</strong></span> <span class='ocrx_word' id='word_1_480' title='bbox 2692 968 3003 1025; x_wconf 88' lang='lat' dir='ltr'><strong>duraturum</strong></span> <span class='ocrx_word' id='word_1_481' title='bbox 3040 985 3183 1036; x_wconf 89' lang='lat' dir='ltr'><strong>esse,</strong></span> <span class='ocrx_word' id='word_1_482' title='bbox 3227 982 3284 1025; x_wconf 87' lang='lat' dir='ltr'><strong>ut</strong></span> <span class='ocrx_word' id='word_1_483' title='bbox 3314 975 3389 1027; x_wconf 85' lang='lat' dir='ltr'><strong>ait</strong></span> <span class='ocrx_word' id='word_1_484' title='bbox 3414 972 3669 1036; x_wconf 80' lang='lat' dir='ltr'><strong>fremens,</strong></span> <span class='ocrx_word' id='word_1_485' title='bbox 3696 968 3790 1041; x_wconf 73' lang='lat' dir='ltr'><strong>qui</strong></span> 
     </span>
    </p>
   </div>
   <div class='ocr_carea' id='block_1_69' title="bbox 2204 1059 3783 1133">
    <p class='ocr_par' dir='ltr' id='par_1_69' title="bbox 2204 1059 3783 1133">
     <span class='ocr_line' id='line_1_69' title="bbox 2204 1059 3783 1133; baseline 0.001 -18"><span class='ocrx_word' id='word_1_486' title='bbox 2204 1076 2265 1115; x_wconf 83' lang='lat' dir='ltr'><strong>se</strong></span> <span class='ocrx_word' id='word_1_487' title='bbox 2292 1059 2345 1115; x_wconf 87' lang='lat' dir='ltr'><strong>id</strong></span> <span class='ocrx_word' id='word_1_488' title='bbox 2369 1061 2435 1114; x_wconf 90' lang='lat' dir='ltr'><strong>ab</strong></span> <span class='ocrx_word' id='word_1_489' title='bbox 2459 1061 2520 1115; x_wconf 90' lang='lat' dir='ltr'><strong>iis</strong></span> <span class='ocrx_word' id='word_1_490' title='bbox 2550 1061 2833 1117; x_wconf 89' lang='lat' dir='ltr'><strong>edidicisse</strong></span> <span class='ocrx_word' id='word_1_491' title='bbox 2856 1062 3189 1129; x_wconf 89' lang='lat' dir='ltr'><strong>testificatur,</strong></span> <span class='ocrx_word' id='word_1_492' title='bbox 3216 1063 3306 1133; x_wconf 90' lang='lat' dir='ltr'><strong>qui</strong></span> <span class='ocrx_word' id='word_1_493' title='bbox 3352 1062 3613 1118; x_wconf 83' lang='lat' dir='ltr'><strong>Joannem</strong></span> <span class='ocrx_word' id='word_1_494' title='bbox 3655 1078 3783 1132; x_wconf 80' lang='lat' dir='ltr'><strong>apo-</strong></span> 
     </span>
    </p>
   </div>
   <div class='ocr_carea' id='block_1_70' title="bbox 2205 1150 3788 1226">
    <p class='ocr_par' dir='ltr' id='par_1_70' title="bbox 2205 1150 3788 1226">
     <span class='ocr_line' id='line_1_70' title="bbox 2205 1150 3788 1226; baseline 0.004 -22"><span class='ocrx_word' id='word_1_495' title='bbox 2205 1150 2402 1207; x_wconf 89' lang='lat' dir='ltr'><strong>stolum</strong></span> <span class='ocrx_word' id='word_1_496' title='bbox 2451 1151 2694 1206; x_wconf 88' lang='lat' dir='ltr'><strong>viderant</strong></span> <span class='ocrx_word' id='word_1_497' title='bbox 2723 1169 2742 1207; x_wconf 85' lang='lat'><strong>:</strong></span> <span class='ocrx_word' id='word_1_498' title='bbox 2772 1152 3005 1223; x_wconf 88' lang='lat' dir='ltr'><strong>itemque</strong></span> <span class='ocrx_word' id='word_1_499' title='bbox 3042 1152 3356 1226; x_wconf 78' lang='lat' dir='ltr'><strong>Cyprianus,</strong></span> <span class='ocrx_word' id='word_1_500' title='bbox 3407 1154 3712 1209; x_wconf 87' lang='lat' dir='ltr'><strong>Lactantius</strong></span> <span class='ocrx_word' id='word_1_501' title='bbox 3731 1162 3788 1210; x_wconf 79' lang='lat' dir='ltr'><strong>et</strong></span> 
     </span>
    </p>
   </div>
   <div class='ocr_carea' id='block_1_71' title="bbox 2205 1241 3786 1314">
    <p class='ocr_par' dir='ltr' id='par_1_71' title="bbox 2205 1241 3786 1314">
     <span class='ocr_line' id='line_1_71' title="bbox 2205 1241 3786 1314; baseline 0.001 -19"><span class='ocrx_word' id='word_1_502' title='bbox 2205 1241 2456 1306; x_wconf 85' lang='lat' dir='ltr'><strong>llilarius,</strong></span> <span class='ocrx_word' id='word_1_503' title='bbox 2471 1242 2622 1310; x_wconf 87' lang='lat' dir='ltr'><strong>cujus</strong></span> <span class='ocrx_word' id='word_1_504' title='bbox 2643 1245 2895 1313; x_wconf 84' lang='lat' dir='ltr'><strong>postremi</strong></span> <span class='ocrx_word' id='word_1_505' title='bbox 2913 1245 3062 1299; x_wconf 91' lang='lat' dir='ltr'><strong>locus</strong></span> <span class='ocrx_word' id='word_1_506' title='bbox 3088 1244 3359 1300; x_wconf 84' lang='lat' dir='ltr'><strong>obscurior</strong></span> <span class='ocrx_word' id='word_1_507' title='bbox 3382 1254 3483 1300; x_wconf 79' lang='lat' dir='ltr'><strong>cst.</strong></span> <span class='ocrx_word' id='word_1_508' title='bbox 3517 1244 3644 1300; x_wconf 68' lang='lat' dir='ltr'><strong>llarc</strong></span> <span class='ocrx_word' id='word_1_509' title='bbox 3660 1260 3786 1314; x_wconf 82' lang='lat' dir='ltr'><strong>por-</strong></span> 
     </span>
    </p>
   </div>
   <div class='ocr_carea' id='block_1_72' title="bbox 2202 1331 3791 1406">
    <p class='ocr_par' dir='ltr' id='par_1_72' title="bbox 2202 1331 3791 1406">
     <span class='ocr_line' id='line_1_72' title="bbox 2202 1331 3791 1406; baseline 0.002 -19"><span class='ocrx_word' id='word_1_510' title='bbox 2202 1345 2266 1387; x_wconf 89' lang='lat' dir='ltr'><strong>I&#39;O</strong></span> <span class='ocrx_word' id='word_1_511' title='bbox 2291 1331 2501 1387; x_wconf 89' lang='lat' dir='ltr'><strong>dicebat</strong></span> <span class='ocrx_word' id='word_1_512' title='bbox 2522 1332 2934 1404; x_wconf 82' lang='lat' dir='ltr'><strong>Chrysostomus</strong></span> <span class='ocrx_word' id='word_1_513' title='bbox 2957 1343 3079 1390; x_wconf 90' lang='lat' dir='ltr'><strong>octo</strong></span> <span class='ocrx_word' id='word_1_514' title='bbox 3111 1336 3323 1391; x_wconf 88' lang='lat' dir='ltr'><strong>circiter</strong></span> <span class='ocrx_word' id='word_1_515' title='bbox 3344 1335 3464 1406; x_wconf 87' lang='lat' dir='ltr'><strong>plus</strong></span> <span class='ocrx_word' id='word_1_516' title='bbox 3491 1336 3665 1391; x_wconf 87' lang='lat' dir='ltr'><strong>minus</strong></span> <span class='ocrx_word' id='word_1_517' title='bbox 3689 1351 3791 1390; x_wconf 86' lang='lat' dir='ltr'><strong>an-</strong></span> 
     </span>
    </p>
   </div>
   <div class='ocr_carea' id='block_1_73' title="bbox 2205 1424 3789 1496">
    <p class='ocr_par' dir='ltr' id='par_1_73' title="bbox 2205 1424 3789 1496">
     <span class='ocr_line' id='line_1_73' title="bbox 2205 1424 3789 1496; baseline 0.005 -20"><span class='ocrx_word' id='word_1_518' title='bbox 2205 1424 2291 1479; x_wconf 93' lang='lat' dir='ltr'><strong>nis</strong></span> <span class='ocrx_word' id='word_1_519' title='bbox 2327 1433 2452 1480; x_wconf 87' lang='lat' dir='ltr'><strong>ante</strong></span> <span class='ocrx_word' id='word_1_520' title='bbox 2500 1425 3076 1496; x_wconf 85' lang='lat' dir='ltr'><strong>quadringentesimum</strong></span> <span class='ocrx_word' id='word_1_521' title='bbox 3106 1442 3137 1481; x_wconf 89' lang='lat' dir='ltr'><strong>a</strong></span> <span class='ocrx_word' id='word_1_522' title='bbox 3166 1426 3381 1483; x_wconf 76' lang='lat' dir='ltr'><strong>ChriSto</strong></span> <span class='ocrx_word' id='word_1_523' title='bbox 3409 1437 3539 1481; x_wconf 91' lang='lat' dir='ltr'><strong>noto</strong></span> <span class='ocrx_word' id='word_1_524' title='bbox 3566 1442 3789 1484; x_wconf 89' lang='lat' dir='ltr'><strong>annum.</strong></span> 
     </span>
    </p>
   </div>
   <div class='ocr_carea' id='block_1_74' title="bbox 2205 1511 3791 1588">
    <p class='ocr_par' dir='ltr' id='par_1_74' title="bbox 2205 1511 3791 1588">
     <span class='ocr_line' id='line_1_74' title="bbox 2205 1511 3791 1588; baseline 0.003 -19"><span class='ocrx_word' id='word_1_525' title='bbox 2205 1511 2262 1569; x_wconf 87' lang='lat' dir='ltr'><strong>Si</strong></span> <span class='ocrx_word' id='word_1_526' title='bbox 2287 1522 2462 1569; x_wconf 87' lang='lat' dir='ltr'><strong>autem</strong></span> <span class='ocrx_word' id='word_1_527' title='bbox 2492 1531 2604 1571; x_wconf 91' lang='lat' dir='ltr'><strong>rem</strong></span> <span class='ocrx_word' id='word_1_528' title='bbox 2632 1518 2702 1571; x_wconf 90' lang='lat' dir='ltr'><strong>ita</strong></span> <span class='ocrx_word' id='word_1_529' title='bbox 2725 1517 3166 1579; x_wconf 88' lang='lat' dir='ltr'><strong>intellexeritille.</strong></span> <span class='ocrx_word' id='word_1_530' title='bbox 3194 1527 3254 1572; x_wconf 89' lang='lat' dir='ltr'><strong>ut</strong></span> <span class='ocrx_word' id='word_1_531' title='bbox 3278 1519 3504 1588; x_wconf 85' lang='lat' dir='ltr'><strong>putavit,</strong></span> <span class='ocrx_word' id='word_1_532' title='bbox 3527 1532 3668 1572; x_wconf 88' lang='lat' dir='ltr'><strong>anno</strong></span> <span class='ocrx_word' id='word_1_533' title='bbox 3694 1516 3791 1573; x_wconf 89' lang='lat' dir='ltr'><strong>illo</strong></span> 
     </span>
    </p>
   </div>
   <div class='ocr_carea' id='block_1_75' title="bbox 2203 1606 3782 1678">
    <p class='ocr_par' dir='ltr' id='par_1_75' title="bbox 2203 1606 3782 1678">
     <span class='ocr_line' id='line_1_75' title="bbox 2203 1606 3782 1678; baseline 0.002 -18"><span class='ocrx_word' id='word_1_534' title='bbox 2203 1606 2726 1678; x_wconf 79' lang='lat' dir='ltr'><strong>quadringentesimo</strong></span> <span class='ocrx_word' id='word_1_535' title='bbox 2739 1608 3001 1676; x_wconf 89' lang='lat' dir='ltr'><strong>completa</strong></span> <span class='ocrx_word' id='word_1_536' title='bbox 3031 1609 3145 1664; x_wconf 90' lang='lat' dir='ltr'><strong>fore</strong></span> <span class='ocrx_word' id='word_1_537' title='bbox 3162 1608 3248 1664; x_wconf 87' lang='lat' dir='ltr'><strong>illa</strong></span> <span class='ocrx_word' id='word_1_538' title='bbox 3264 1624 3355 1665; x_wconf 85' lang='lat' dir='ltr'><strong>sex</strong></span> <span class='ocrx_word' id='word_1_539' title='bbox 3374 1624 3636 1665; x_wconf 88' lang='lat' dir='ltr'><strong>annorum</strong></span> <span class='ocrx_word' id='word_1_540' title='bbox 3660 1610 3782 1663; x_wconf 88' lang='lat' dir='ltr'><strong>mil-</strong></span> 
     </span>
    </p>
   </div>
   <div class='ocr_carea' id='block_1_76' title="bbox 2206 1697 3790 1762">
    <p class='ocr_par' dir='ltr' id='par_1_76' title="bbox 2206 1697 3790 1762">
     <span class='ocr_line' id='line_1_76' title="bbox 2206 1697 3790 1762; baseline 0.002 -11"><span class='ocrx_word' id='word_1_541' title='bbox 2206 1697 2297 1762; x_wconf 89' lang='lat' dir='ltr'><strong>lia,</strong></span> <span class='ocrx_word' id='word_1_542' title='bbox 2325 1713 2433 1752; x_wconf 92' lang='lat' dir='ltr'><strong>non</strong></span> <span class='ocrx_word' id='word_1_543' title='bbox 2474 1699 2792 1755; x_wconf 89' lang='lat' dir='ltr'><strong>consonabit</strong></span> <span class='ocrx_word' id='word_1_544' title='bbox 2840 1708 2988 1755; x_wconf 88' lang='lat' dir='ltr'><strong>certe</strong></span> <span class='ocrx_word' id='word_1_545' title='bbox 3010 1714 3133 1756; x_wconf 90' lang='lat' dir='ltr'><strong>cum</strong></span> <span class='ocrx_word' id='word_1_546' title='bbox 3159 1700 3426 1755; x_wconf 88' lang='lat' dir='ltr'><strong>communi</strong></span> <span class='ocrx_word' id='word_1_547' title='bbox 3479 1699 3790 1756; x_wconf 68' lang='lat' dir='ltr'><strong>Graecorum</strong></span> 
     </span>
    </p>
   </div>
   <div class='ocr_carea' id='block_1_77' title="bbox 2203 1787 3792 1861">
    <p class='ocr_par' dir='ltr' id='par_1_77' title="bbox 2203 1787 3792 1861">
     <span class='ocr_line' id='line_1_77' title="bbox 2203 1787 3792 1861; baseline 0.003 -21"><span class='ocrx_word' id='word_1_548' title='bbox 2203 1787 2430 1853; x_wconf 89' lang='lat' dir='ltr'><strong>calculo,</strong></span> <span class='ocrx_word' id='word_1_549' title='bbox 2472 1788 2562 1858; x_wconf 90' lang='lat' dir='ltr'><strong>qui</strong></span> <span class='ocrx_word' id='word_1_550' title='bbox 2618 1799 2803 1861; x_wconf 90' lang='lat' dir='ltr'><strong>putant</strong></span> <span class='ocrx_word' id='word_1_551' title='bbox 2842 1790 3112 1847; x_wconf 84' lang='lat' dir='ltr'><strong>Christum</strong></span> <span class='ocrx_word' id='word_1_552' title='bbox 3160 1800 3342 1846; x_wconf 86' lang='lat' dir='ltr'><strong>natum</strong></span> <span class='ocrx_word' id='word_1_553' title='bbox 3374 1806 3495 1847; x_wconf 87' lang='lat' dir='ltr'><strong>esse</strong></span> <span class='ocrx_word' id='word_1_554' title='bbox 3527 1806 3670 1846; x_wconf 90' lang='lat' dir='ltr'><strong>anno</strong></span> <span class='ocrx_word' id='word_1_555' title='bbox 3718 1791 3792 1845; x_wconf 86' lang='lat' dir='ltr'><strong>ab</strong></span> 
     </span>
    </p>
   </div>
   <div class='ocr_carea' id='block_1_78' title="bbox 2203 1878 3789 1955">
    <p class='ocr_par' dir='ltr' id='par_1_78' title="bbox 2203 1878 3789 1955">
     <span class='ocr_line' id='line_1_78' title="bbox 2203 1878 3789 1955; baseline 0.002 -23"><span class='ocrx_word' id='word_1_556' title='bbox 2203 1878 2334 1934; x_wconf 85' lang='lat' dir='ltr'><strong>orbe</strong></span> <span class='ocrx_word' id='word_1_557' title='bbox 2362 1879 2578 1935; x_wconf 91' lang='lat' dir='ltr'><strong>condito</strong></span> <span class='ocrx_word' id='word_1_558' title='bbox 2603 1880 2763 1937; x_wconf 83' lang='lat'><strong>5508.</strong></span> <span class='ocrx_word' id='word_1_559' title='bbox 2790 1885 2858 1935; x_wconf 81' lang='lat' dir='ltr'><strong>At</strong></span> <span class='ocrx_word' id='word_1_560' title='bbox 2892 1883 3158 1937; x_wconf 91' lang='lat' dir='ltr'><strong>nescimus</strong></span> <span class='ocrx_word' id='word_1_561' title='bbox 3188 1884 3366 1937; x_wconf 86' lang='lat' dir='ltr'><strong>utrum</strong></span> <span class='ocrx_word' id='word_1_562' title='bbox 3408 1898 3524 1936; x_wconf 71' lang='lat' dir='ltr'><strong>azvo</strong></span> <span class='ocrx_word' id='word_1_563' title='bbox 3558 1882 3789 1955; x_wconf 74' lang='lat' dir='ltr'><strong>Chryso-</strong></span> 
     </span>
    </p>
   </div>
   <div class='ocr_carea' id='block_1_79' title="bbox 2202 1969 3782 2043">
    <p class='ocr_par' dir='ltr' id='par_1_79' title="bbox 2202 1969 3782 2043">
     <span class='ocr_line' id='line_1_79' title="bbox 2202 1969 3782 2043; baseline 0.001 -19"><span class='ocrx_word' id='word_1_564' title='bbox 2202 1969 2360 2024; x_wconf 91' lang='lat' dir='ltr'><strong>stomi</strong></span> <span class='ocrx_word' id='word_1_565' title='bbox 2386 1970 2455 2024; x_wconf 89' lang='lat' dir='ltr'><strong>ita</strong></span> <span class='ocrx_word' id='word_1_566' title='bbox 2468 1979 2818 2042; x_wconf 82' lang='lat' dir='ltr'><strong>supputarent</strong></span> <span class='ocrx_word' id='word_1_567' title='bbox 2839 1971 3034 2037; x_wconf 83' lang='lat' dir='ltr'><strong>Graeci,</strong></span> <span class='ocrx_word' id='word_1_568' title='bbox 3049 1982 3102 2026; x_wconf 92' lang='lat' dir='ltr'><strong>et</strong></span> <span class='ocrx_word' id='word_1_569' title='bbox 3126 1972 3320 2043; x_wconf 86' lang='lat' dir='ltr'><strong>alioqui</strong></span> <span class='ocrx_word' id='word_1_570' title='bbox 3338 1987 3446 2027; x_wconf 89' lang='lat' dir='ltr'><strong>non</strong></span> <span class='ocrx_word' id='word_1_571' title='bbox 3468 1981 3614 2028; x_wconf 89' lang='lat' dir='ltr'><strong>tanto</strong></span> <span class='ocrx_word' id='word_1_572' title='bbox 3629 1987 3782 2028; x_wconf 84' lang='lat' dir='ltr'><strong>scru-</strong></span> 
     </span>
    </p>
   </div>
   <div class='ocr_carea' id='block_1_80' title="bbox 2203 2061 3148 2131">
    <p class='ocr_par' dir='ltr' id='par_1_80' title="bbox 2203 2061 3148 2131">
     <span class='ocr_line' id='line_1_80' title="bbox 2203 2061 3148 2131; baseline 0.003 -17"><span class='ocrx_word' id='word_1_573' title='bbox 2203 2061 2330 2131; x_wconf 91' lang='lat' dir='ltr'><strong>pulo</strong></span> <span class='ocrx_word' id='word_1_574' title='bbox 2356 2061 2444 2116; x_wconf 85' lang='lat' dir='ltr'><strong>ille</strong></span> <span class='ocrx_word' id='word_1_575' title='bbox 2465 2070 2618 2116; x_wconf 87' lang='lat' dir='ltr'><strong>notas</strong></span> <span class='ocrx_word' id='word_1_576' title='bbox 2647 2071 2943 2131; x_wconf 89' lang='lat' dir='ltr'><strong>temporum</strong></span> <span class='ocrx_word' id='word_1_577' title='bbox 2972 2063 3148 2118; x_wconf 76' lang='lat' dir='ltr'><strong>affert.</strong></span> 
     </span>
    </p>
   </div>
   <div class='ocr_carea' id='block_1_81' title="bbox 2275 2154 3785 2227">
    <p class='ocr_par' dir='ltr' id='par_1_81' title="bbox 2275 2154 3785 2227">
     <span class='ocr_line' id='line_1_81' title="bbox 2275 2154 3785 2227; baseline 0.003 -19"><span class='ocrx_word' id='word_1_578' title='bbox 2275 2154 2531 2209; x_wconf 83' lang='lat' dir='ltr'><strong>llomilias</strong></span> <span class='ocrx_word' id='word_1_579' title='bbox 2550 2170 2764 2227; x_wconf 85' lang='lat' dir='ltr'><strong>quoque</strong></span> <span class='ocrx_word' id='word_1_580' title='bbox 2813 2156 2866 2210; x_wconf 88' lang='lat' dir='ltr'><strong>in</strong></span> <span class='ocrx_word' id='word_1_581' title='bbox 2911 2155 3170 2211; x_wconf 89' lang='lat' dir='ltr'><strong>Joannem</strong></span> <span class='ocrx_word' id='word_1_582' title='bbox 3212 2158 3477 2226; x_wconf 86' lang='lat' dir='ltr'><strong>octoginta</strong></span> <span class='ocrx_word' id='word_1_583' title='bbox 3517 2166 3638 2212; x_wconf 90' lang='lat' dir='ltr'><strong>octo</strong></span> <span class='ocrx_word' id='word_1_584' title='bbox 3683 2174 3785 2213; x_wconf 84' lang='lat' dir='ltr'><strong>nu-</strong></span> 
     </span>
    </p>
   </div>
   <div class='ocr_carea' id='block_1_82' title="bbox 2202 2246 3789 2320">
    <p class='ocr_par' dir='ltr' id='par_1_82' title="bbox 2202 2246 3789 2320">
     <span class='ocr_line' id='line_1_82' title="bbox 2202 2246 3789 2320; baseline 0.005 -22"><span class='ocrx_word' id='word_1_585' title='bbox 2202 2261 2351 2302; x_wconf 89' lang='lat' dir='ltr'><strong>mero</strong></span> <span class='ocrx_word' id='word_1_586' title='bbox 2400 2247 2700 2303; x_wconf 71' lang='lat' dir='ltr'><strong>Antiochia:</strong></span> <span class='ocrx_word' id='word_1_587' title='bbox 2743 2247 2921 2303; x_wconf 90' lang='lat' dir='ltr'><strong>habuit</strong></span> <span class='ocrx_word' id='word_1_588' title='bbox 2944 2247 2963 2319; x_wconf 92' lang='lat'>(</span> <span class='ocrx_word' id='word_1_589' title='bbox 2983 2246 3048 2302; x_wconf 87' lang='grc' dir='ltr'><strong>Τ.</strong></span> <span class='ocrx_word' id='word_1_590' title='bbox 3075 2249 3109 2303; x_wconf 93' lang='grc'><strong>8</strong></span> <span class='ocrx_word' id='word_1_591' title='bbox 3133 2246 3177 2320; x_wconf 83' lang='grc'><strong>),</strong></span> <span class='ocrx_word' id='word_1_592' title='bbox 3208 2249 3296 2303; x_wconf 88' lang='lat' dir='ltr'><strong>ubi</strong></span> <span class='ocrx_word' id='word_1_593' title='bbox 3341 2264 3535 2303; x_wconf 88' lang='lat' dir='ltr'><strong>novum</strong></span> <span class='ocrx_word' id='word_1_594' title='bbox 3568 2264 3789 2320; x_wconf 81' lang='lat' dir='ltr'><strong>prorsus</strong></span> 
     </span>
    </p>
   </div>
   <div class='ocr_carea' id='block_1_83' title="bbox 2201 2340 3785 2412">
    <p class='ocr_par' dir='ltr' id='par_1_83' title="bbox 2201 2340 3785 2412">
     <span class='ocr_line' id='line_1_83' title="bbox 2201 2340 3785 2412; baseline 0.003 -17"><span class='ocrx_word' id='word_1_595' title='bbox 2201 2340 2550 2396; x_wconf 86' lang='lat' dir='ltr'><strong>concionandi</strong></span> <span class='ocrx_word' id='word_1_596' title='bbox 2603 2343 2786 2410; x_wconf 88' lang='lat' dir='ltr'><strong>ritum,</strong></span> <span class='ocrx_word' id='word_1_597' title='bbox 2829 2342 3092 2397; x_wconf 89' lang='lat' dir='ltr'><strong>insolitam</strong></span> <span class='ocrx_word' id='word_1_598' title='bbox 3139 2342 3584 2412; x_wconf 84' lang='lat' dir='ltr'><strong>deprehendimus</strong></span> <span class='ocrx_word' id='word_1_599' title='bbox 3609 2343 3785 2399; x_wconf 81' lang='lat' dir='ltr'><strong>disse-</strong></span> 
     </span>
    </p>
   </div>
   <div class='ocr_carea' id='block_1_84' title="bbox 2202 2434 3786 2507">
    <p class='ocr_par' dir='ltr' id='par_1_84' title="bbox 2202 2434 3786 2507">
     <span class='ocr_line' id='line_1_84' title="bbox 2202 2434 3786 2507; baseline 0.002 -20"><span class='ocrx_word' id='word_1_600' title='bbox 2202 2434 2353 2489; x_wconf 86' lang='lat' dir='ltr'><strong>rendi</strong></span> <span class='ocrx_word' id='word_1_601' title='bbox 2379 2436 2661 2491; x_wconf 88' lang='lat' dir='ltr'><strong>rationem.</strong></span> <span class='ocrx_word' id='word_1_602' title='bbox 2687 2434 2899 2507; x_wconf 86' lang='lat' dir='ltr'><strong>Stylum</strong></span> <span class='ocrx_word' id='word_1_603' title='bbox 2939 2450 3069 2491; x_wconf 87' lang='lat' dir='ltr'><strong>sane</strong></span> <span class='ocrx_word' id='word_1_604' title='bbox 3107 2435 3354 2492; x_wconf 89' lang='lat' dir='ltr'><strong>eumdem</strong></span> <span class='ocrx_word' id='word_1_605' title='bbox 3381 2435 3670 2500; x_wconf 89' lang='lat' dir='ltr'><strong>cernimus.</strong></span> <span class='ocrx_word' id='word_1_606' title='bbox 3696 2436 3786 2491; x_wconf 68' lang='lat' dir='ltr'><strong>dio</strong></span> 
     </span>
    </p>
   </div>
   <div class='ocr_carea' id='block_1_85' title="bbox 2200 2525 3785 2598">
    <p class='ocr_par' dir='ltr' id='par_1_85' title="bbox 2200 2525 3785 2598">
     <span class='ocr_line' id='line_1_85' title="bbox 2200 2525 3785 2598; baseline 0.001 -18"><span class='ocrx_word' id='word_1_607' title='bbox 2200 2525 2431 2580; x_wconf 88' lang='lat' dir='ltr'><strong>ctionem</strong></span> <span class='ocrx_word' id='word_1_608' title='bbox 2462 2539 2680 2595; x_wconf 90' lang='lat' dir='ltr'><strong>prorsus</strong></span> <span class='ocrx_word' id='word_1_609' title='bbox 2724 2527 2986 2592; x_wconf 88' lang='lat' dir='ltr'><strong>similem;</strong></span> <span class='ocrx_word' id='word_1_610' title='bbox 3014 2528 3369 2597; x_wconf 84' lang='lat' dir='ltr'><strong>eamdemque</strong></span> <span class='ocrx_word' id='word_1_611' title='bbox 3396 2529 3577 2583; x_wconf 88' lang='lat' dir='ltr'><strong>statim</strong></span> <span class='ocrx_word' id='word_1_612' title='bbox 3628 2543 3785 2598; x_wconf 86' lang='lat' dir='ltr'><strong>agno-</strong></span> 
     </span>
    </p>
   </div>
   <div class='ocr_carea' id='block_1_86' title="bbox 2199 2619 3781 2693">
    <p class='ocr_par' dir='ltr' id='par_1_86' title="bbox 2199 2619 3781 2693">
     <span class='ocr_line' id='line_1_86' title="bbox 2199 2619 3781 2693; baseline 0.002 -19"><span class='ocrx_word' id='word_1_613' title='bbox 2199 2620 2397 2674; x_wconf 88' lang='lat' dir='ltr'><strong>scimus</strong></span> <span class='ocrx_word' id='word_1_614' title='bbox 2424 2619 2634 2675; x_wconf 88' lang='lat' dir='ltr'><strong>dicendi</strong></span> <span class='ocrx_word' id='word_1_615' title='bbox 2679 2620 2936 2677; x_wconf 79' lang='lat' dir='ltr'><strong>artificem</strong></span> <span class='ocrx_word' id='word_1_616' title='bbox 2982 2620 3421 2693; x_wconf 86' lang='lat' dir='ltr'><strong>Cbrysostomum</strong></span> <span class='ocrx_word' id='word_1_617' title='bbox 3453 2621 3544 2675; x_wconf 90' lang='lat' dir='ltr'><strong>:in</strong></span> <span class='ocrx_word' id='word_1_618' title='bbox 3589 2621 3781 2677; x_wconf 86' lang='lat' dir='ltr'><strong>ordine</strong></span> 
     </span>
    </p>
   </div>
   <div class='ocr_carea' id='block_1_87' title="bbox 2197 2711 3777 2783">
    <p class='ocr_par' dir='ltr' id='par_1_87' title="bbox 2197 2711 3777 2783">
     <span class='ocr_line' id='line_1_87' title="bbox 2197 2711 3777 2783; baseline 0.001 -18"><span class='ocrx_word' id='word_1_619' title='bbox 2197 2721 2373 2767; x_wconf 89' lang='lat' dir='ltr'><strong>autem</strong></span> <span class='ocrx_word' id='word_1_620' title='bbox 2393 2719 2447 2767; x_wconf 92' lang='lat' dir='ltr'><strong>et</strong></span> <span class='ocrx_word' id='word_1_621' title='bbox 2465 2711 2517 2766; x_wconf 91' lang='lat' dir='ltr'><strong>in</strong></span> <span class='ocrx_word' id='word_1_622' title='bbox 2535 2713 2830 2782; x_wconf 87' lang='lat' dir='ltr'><strong>argumenti</strong></span> <span class='ocrx_word' id='word_1_623' title='bbox 2851 2712 3056 2767; x_wconf 89' lang='lat' dir='ltr'><strong>ratione</strong></span> <span class='ocrx_word' id='word_1_624' title='bbox 3072 2728 3260 2783; x_wconf 90' lang='lat' dir='ltr'><strong>magna</strong></span> <span class='ocrx_word' id='word_1_625' title='bbox 3283 2728 3402 2769; x_wconf 84' lang='lat' dir='ltr'><strong>sese</strong></span> <span class='ocrx_word' id='word_1_626' title='bbox 3421 2712 3576 2768; x_wconf 79' lang='lat' dir='ltr'><strong>offert</strong></span> <span class='ocrx_word' id='word_1_627' title='bbox 3591 2712 3777 2768; x_wconf 86' lang='lat' dir='ltr'><strong>diver-</strong></span> 
     </span>
    </p>
   </div>
   <div class='ocr_carea' id='block_1_88' title="bbox 2198 2800 3781 2873">
    <p class='ocr_par' dir='ltr' id='par_1_88' title="bbox 2198 2800 3781 2873">
     <span class='ocr_line' id='line_1_88' title="bbox 2198 2800 3781 2873; baseline 0 -18"><span class='ocrx_word' id='word_1_628' title='bbox 2198 2802 2346 2856; x_wconf 76' lang='lat' dir='ltr'><strong>sitas.</strong></span> <span class='ocrx_word' id='word_1_629' title='bbox 2380 2801 2434 2856; x_wconf 91' lang='lat' dir='ltr'><strong>lu</strong></span> <span class='ocrx_word' id='word_1_630' title='bbox 2458 2803 2664 2857; x_wconf 75' lang='lat' dir='ltr'><strong>cteteris</strong></span> <span class='ocrx_word' id='word_1_631' title='bbox 2691 2816 2921 2873; x_wconf 88' lang='lat' dir='ltr'><strong>namque</strong></span> <span class='ocrx_word' id='word_1_632' title='bbox 2950 2802 3001 2856; x_wconf 90' lang='lat' dir='ltr'><strong>in</strong></span> <span class='ocrx_word' id='word_1_633' title='bbox 3031 2802 3357 2873; x_wconf 81' lang='lat' dir='ltr'><strong>Scripturam</strong></span> <span class='ocrx_word' id='word_1_634' title='bbox 3386 2816 3590 2858; x_wconf 88' lang='lat' dir='ltr'><strong>sacram</strong></span> <span class='ocrx_word' id='word_1_635' title='bbox 3617 2800 3781 2857; x_wconf 89' lang='lat' dir='ltr'><strong>Com-</strong></span> 
     </span>
    </p>
   </div>
   <div class='ocr_carea' id='block_1_89' title="bbox 2195 2895 3775 2966">
    <p class='ocr_par' dir='ltr' id='par_1_89' title="bbox 2195 2895 3775 2966">
     <span class='ocr_line' id='line_1_89' title="bbox 2195 2895 3775 2966; baseline 0.001 -17"><span class='ocrx_word' id='word_1_636' title='bbox 2195 2895 2493 2958; x_wconf 74' lang='lat' dir='ltr'><strong>mentariis,</strong></span> <span class='ocrx_word' id='word_1_637' title='bbox 2516 2895 2850 2966; x_wconf 83' lang='lat' dir='ltr'><strong>maximeque</strong></span> <span class='ocrx_word' id='word_1_638' title='bbox 2869 2897 2919 2949; x_wconf 91' lang='lat' dir='ltr'><strong>in</strong></span> <span class='ocrx_word' id='word_1_639' title='bbox 2941 2895 3186 2951; x_wconf 88' lang='lat' dir='ltr'><strong>Homiliis</strong></span> <span class='ocrx_word' id='word_1_640' title='bbox 3208 2897 3260 2951; x_wconf 90' lang='lat' dir='ltr'><strong>in</strong></span> <span class='ocrx_word' id='word_1_641' title='bbox 3279 2896 3604 2962; x_wconf 73' lang='lat' dir='ltr'><strong>Matthzeum,</strong></span> <span class='ocrx_word' id='word_1_642' title='bbox 3624 2905 3775 2965; x_wconf 82' lang='lat' dir='ltr'><strong>post-</strong></span> 
     </span>
    </p>
   </div>
   <div class='ocr_carea' id='block_1_90' title="bbox 2195 2986 3775 3057">
    <p class='ocr_par' dir='ltr' id='par_1_90' title="bbox 2195 2986 3775 3057">
     <span class='ocr_line' id='line_1_90' title="bbox 2195 2986 3775 3057; baseline 0.003 -18"><span class='ocrx_word' id='word_1_643' title='bbox 2195 3001 2352 3056; x_wconf 89' lang='lat' dir='ltr'><strong>quam</strong></span> <span class='ocrx_word' id='word_1_644' title='bbox 2376 2986 2705 3056; x_wconf 89' lang='lat' dir='ltr'><strong>singulorum</strong></span> <span class='ocrx_word' id='word_1_645' title='bbox 2733 3002 2981 3041; x_wconf 83' lang='lat' dir='ltr'><strong>versuum</strong></span> <span class='ocrx_word' id='word_1_646' title='bbox 3006 2988 3212 3042; x_wconf 90' lang='lat' dir='ltr'><strong>literam</strong></span> <span class='ocrx_word' id='word_1_647' title='bbox 3261 2988 3580 3057; x_wconf 84' lang='lat' dir='ltr'><strong>explanavit,</strong></span> <span class='ocrx_word' id='word_1_648' title='bbox 3612 3003 3775 3043; x_wconf 80' lang='lat' dir='ltr'><strong>occa-</strong></span> 
     </span>
    </p>
   </div>
   <div class='ocr_carea' id='block_1_91' title="bbox 2194 3078 3777 3151">
    <p class='ocr_par' dir='ltr' id='par_1_91' title="bbox 2194 3078 3777 3151">
     <span class='ocr_line' id='line_1_91' title="bbox 2194 3078 3777 3151; baseline 0.001 -18"><span class='ocrx_word' id='word_1_649' title='bbox 2194 3078 2346 3134; x_wconf 84' lang='lat' dir='ltr'><strong>sione</strong></span> <span class='ocrx_word' id='word_1_650' title='bbox 2366 3095 2430 3134; x_wconf 87' lang='lat' dir='ltr'><strong>ex</strong></span> <span class='ocrx_word' id='word_1_651' title='bbox 2447 3079 2586 3135; x_wconf 89' lang='lat' dir='ltr'><strong>serie</strong></span> <span class='ocrx_word' id='word_1_652' title='bbox 2601 3093 2831 3151; x_wconf 84' lang='lat' dir='ltr'><strong>sumpta,</strong></span> <span class='ocrx_word' id='word_1_653' title='bbox 2850 3080 2914 3134; x_wconf 91' lang='lat' dir='ltr'><strong>ad</strong></span> <span class='ocrx_word' id='word_1_654' title='bbox 2942 3095 3150 3135; x_wconf 87' lang='lat' dir='ltr'><strong>morum</strong></span> <span class='ocrx_word' id='word_1_655' title='bbox 3170 3080 3499 3150; x_wconf 81' lang='lat' dir='ltr'><strong>disciplinam</strong></span> <span class='ocrx_word' id='word_1_656' title='bbox 3525 3090 3777 3149; x_wconf 84' lang='lat' dir='ltr'><strong>spectan-</strong></span> 
     </span>
    </p>
   </div>
   <div class='ocr_carea' id='block_1_92' title="bbox 2195 3170 3780 3243">
    <p class='ocr_par' dir='ltr' id='par_1_92' title="bbox 2195 3170 3780 3243">
     <span class='ocr_line' id='line_1_92' title="bbox 2195 3170 3780 3243; baseline 0.002 -19"><span class='ocrx_word' id='word_1_657' title='bbox 2195 3170 2267 3225; x_wconf 88' lang='lat' dir='ltr'><strong>tia</strong></span> <span class='ocrx_word' id='word_1_658' title='bbox 2295 3171 2459 3225; x_wconf 88' lang='lat' dir='ltr'><strong>multa</strong></span> <span class='ocrx_word' id='word_1_659' title='bbox 2489 3172 2754 3226; x_wconf 89' lang='lat' dir='ltr'><strong>interserit</strong></span> <span class='ocrx_word' id='word_1_660' title='bbox 2781 3189 2794 3225; x_wconf 93' lang='lat'>:</span> <span class='ocrx_word' id='word_1_661' title='bbox 2826 3182 2986 3242; x_wconf 88' lang='lat' dir='ltr'><strong>atque</strong></span> <span class='ocrx_word' id='word_1_662' title='bbox 3035 3172 3091 3226; x_wconf 89' lang='lat' dir='ltr'><strong>in</strong></span> <span class='ocrx_word' id='word_1_663' title='bbox 3140 3172 3249 3227; x_wconf 81' lang='lat' dir='ltr'><strong>fine</strong></span> <span class='ocrx_word' id='word_1_664' title='bbox 3298 3172 3656 3243; x_wconf 87' lang='lat' dir='ltr'><strong>longissimam</strong></span> <span class='ocrx_word' id='word_1_665' title='bbox 3680 3172 3780 3227; x_wconf 55' lang='lat' dir='ltr'><strong>ad.</strong></span> 
     </span>
    </p>
   </div>
   <div class='ocr_carea' id='block_1_93' title="bbox 2193 3251 3770 3337">
    <p class='ocr_par' dir='ltr' id='par_1_93' title="bbox 2193 3251 3770 3337">
     <span class='ocr_line' id='line_1_93' title="bbox 2193 3251 3770 3337; baseline 0.003 -19"><span class='ocrx_word' id='word_1_666' title='bbox 2193 3262 2550 3321; x_wconf 85' lang='lat' dir='ltr'><strong>hortationem</strong></span> <span class='ocrx_word' id='word_1_667' title='bbox 2579 3265 2779 3334; x_wconf 87' lang='lat' dir='ltr'><strong>adjicit,</strong></span> <span class='ocrx_word' id='word_1_668' title='bbox 2814 3251 2930 3335; x_wconf 84' lang='lat' dir='ltr'><strong>qua</strong></span> <span class='ocrx_word' id='word_1_669' title='bbox 2956 3273 3011 3319; x_wconf 91' lang='lat' dir='ltr'><strong>et</strong></span> <span class='ocrx_word' id='word_1_670' title='bbox 3034 3280 3314 3335; x_wconf 82' lang='lat' dir='ltr'><strong>procerum</strong></span> <span class='ocrx_word' id='word_1_671' title='bbox 3358 3275 3412 3321; x_wconf 86' lang='lat' dir='ltr'><strong>et</strong></span> <span class='ocrx_word' id='word_1_672' title='bbox 3454 3268 3770 3337; x_wconf 89' lang='lat' dir='ltr'><strong>populorum</strong></span> 
     </span>
    </p>
   </div>
   <div class='ocr_carea' id='block_1_94' title="bbox 2192 3356 3777 3426">
    <p class='ocr_par' dir='ltr' id='par_1_94' title="bbox 2192 3356 3777 3426">
     <span class='ocr_line' id='line_1_94' title="bbox 2192 3356 3777 3426; baseline 0.003 -17"><span class='ocrx_word' id='word_1_673' title='bbox 2192 3370 2384 3425; x_wconf 86' lang='lat' dir='ltr'><strong>pravos</strong></span> <span class='ocrx_word' id='word_1_674' title='bbox 2406 3370 2581 3411; x_wconf 88' lang='lat' dir='ltr'><strong>mores</strong></span> <span class='ocrx_word' id='word_1_675' title='bbox 2633 3356 2942 3421; x_wconf 89' lang='lat' dir='ltr'><strong>insectatur,</strong></span> <span class='ocrx_word' id='word_1_676' title='bbox 2973 3366 3133 3426; x_wconf 86' lang='lat' dir='ltr'><strong>atque</strong></span> <span class='ocrx_word' id='word_1_677' title='bbox 3162 3356 3230 3411; x_wconf 88' lang='lat' dir='ltr'><strong>ad</strong></span> <span class='ocrx_word' id='word_1_678' title='bbox 3272 3356 3519 3413; x_wconf 80' lang='lat' dir='ltr'><strong>virtutem</strong></span> <span class='ocrx_word' id='word_1_679' title='bbox 3575 3357 3777 3413; x_wconf 76' lang='lat' dir='ltr'><strong>adeun-</strong></span> 
     </span>
    </p>
   </div>
   <div class='ocr_carea' id='block_1_95' title="bbox 2191 3445 3778 3506">
    <p class='ocr_par' dir='ltr' id='par_1_95' title="bbox 2191 3445 3778 3506">
     <span class='ocr_line' id='line_1_95' title="bbox 2191 3445 3778 3506; baseline 0.003 -5"><span class='ocrx_word' id='word_1_680' title='bbox 2191 3446 2311 3501; x_wconf 91' lang='lat' dir='ltr'><strong>dam</strong></span> <span class='ocrx_word' id='word_1_681' title='bbox 2342 3447 2586 3501; x_wconf 88' lang='lat' dir='ltr'><strong>stimnlos</strong></span> <span class='ocrx_word' id='word_1_682' title='bbox 2612 3445 2779 3503; x_wconf 85' lang='lat' dir='ltr'><strong>addit.</strong></span> <span class='ocrx_word' id='word_1_683' title='bbox 2812 3447 2865 3502; x_wconf 89' lang='lat' dir='ltr'><strong>ln</strong></span> <span class='ocrx_word' id='word_1_684' title='bbox 2897 3447 3046 3504; x_wconf 86' lang='lat' dir='ltr'><strong>hisce</strong></span> <span class='ocrx_word' id='word_1_685' title='bbox 3093 3457 3269 3504; x_wconf 89' lang='lat' dir='ltr'><strong>autem</strong></span> <span class='ocrx_word' id='word_1_686' title='bbox 3300 3449 3352 3504; x_wconf 91' lang='lat' dir='ltr'><strong>in</strong></span> <span class='ocrx_word' id='word_1_687' title='bbox 3391 3449 3648 3506; x_wconf 88' lang='lat' dir='ltr'><strong>Joannem</strong></span> <span class='ocrx_word' id='word_1_688' title='bbox 3677 3451 3778 3506; x_wconf 89' lang='lat' dir='ltr'><strong>ho-</strong></span> 
     </span>
    </p>
   </div>
   <div class='ocr_carea' id='block_1_96' title="bbox 2191 3538 3775 3610">
    <p class='ocr_par' dir='ltr' id='par_1_96' title="bbox 2191 3538 3775 3610">
     <span class='ocr_line' id='line_1_96' title="bbox 2191 3538 3775 3610; baseline 0.003 -17"><span class='ocrx_word' id='word_1_689' title='bbox 2191 3539 2352 3593; x_wconf 91' lang='lat' dir='ltr'><strong>miliis</strong></span> <span class='ocrx_word' id='word_1_690' title='bbox 2373 3538 2478 3592; x_wconf 90' lang='lat' dir='ltr'><strong>alio</strong></span> <span class='ocrx_word' id='word_1_691' title='bbox 2505 3538 2855 3593; x_wconf 80' lang='lat' dir='ltr'><strong>concinnandi</strong></span> <span class='ocrx_word' id='word_1_692' title='bbox 2882 3554 3078 3610; x_wconf 80' lang='lat' dir='ltr'><strong>genere</strong></span> <span class='ocrx_word' id='word_1_693' title='bbox 3096 3540 3353 3609; x_wconf 90' lang='lat' dir='ltr'><strong>procedit.</strong></span> <span class='ocrx_word' id='word_1_694' title='bbox 3388 3541 3588 3597; x_wconf 88' lang='lat' dir='ltr'><strong>Passim</strong></span> <span class='ocrx_word' id='word_1_695' title='bbox 3618 3559 3775 3597; x_wconf 81' lang='lat' dir='ltr'><strong>nam-</strong></span> 
     </span>
    </p>
   </div>
   <div class='ocr_carea' id='block_1_97' title="bbox 2190 3630 3769 3703">
    <p class='ocr_par' dir='ltr' id='par_1_97' title="bbox 2190 3630 3769 3703">
     <span class='ocr_line' id='line_1_97' title="bbox 2190 3630 3769 3703; baseline 0.006 -23"><span class='ocrx_word' id='word_1_696' title='bbox 2190 3645 2293 3700; x_wconf 89' lang='lat' dir='ltr'><strong>que</strong></span> <span class='ocrx_word' id='word_1_697' title='bbox 2318 3641 2596 3699; x_wconf 89' lang='lat' dir='ltr'><strong>postquam</strong></span> <span class='ocrx_word' id='word_1_698' title='bbox 2622 3630 2857 3702; x_wconf 86' lang='lat' dir='ltr'><strong>singulos</strong></span> <span class='ocrx_word' id='word_1_699' title='bbox 2904 3647 3091 3687; x_wconf 90' lang='lat' dir='ltr'><strong>versus</strong></span> <span class='ocrx_word' id='word_1_700' title='bbox 3115 3634 3310 3701; x_wconf 88' lang='lat' dir='ltr'><strong>attulit,</strong></span> <span class='ocrx_word' id='word_1_701' title='bbox 3343 3634 3565 3703; x_wconf 89' lang='lat' dir='ltr'><strong>illosque</strong></span> <span class='ocrx_word' id='word_1_702' title='bbox 3594 3637 3769 3690; x_wconf 83' lang='lat' dir='ltr'><strong>maxi-</strong></span> 
     </span>
    </p>
   </div>
   <div class='ocr_carea' id='block_1_98' title="bbox 2189 3721 3763 3792">
    <p class='ocr_par' dir='ltr' id='par_1_98' title="bbox 2189 3721 3763 3792">
     <span class='ocr_line' id='line_1_98' title="bbox 2189 3721 3763 3792; baseline 0.003 -16"><span class='ocrx_word' id='word_1_703' title='bbox 2189 3736 2277 3777; x_wconf 90' lang='lat' dir='ltr'><strong>me</strong></span> <span class='ocrx_word' id='word_1_704' title='bbox 2290 3736 2426 3792; x_wconf 90' lang='lat' dir='ltr'><strong>quos</strong></span> <span class='ocrx_word' id='word_1_705' title='bbox 2453 3721 2737 3777; x_wconf 86' lang='lat' dir='ltr'><strong>Catholicis</strong></span> <span class='ocrx_word' id='word_1_706' title='bbox 2768 3722 3002 3778; x_wconf 71' lang='lat' dir='ltr'><strong>hmretiei</strong></span> <span class='ocrx_word' id='word_1_707' title='bbox 3036 3724 3270 3792; x_wconf 88' lang='lat' dir='ltr'><strong>ohjicere</strong></span> <span class='ocrx_word' id='word_1_708' title='bbox 3298 3726 3543 3781; x_wconf 87' lang='lat' dir='ltr'><strong>solebant</strong></span> <span class='ocrx_word' id='word_1_709' title='bbox 3567 3742 3581 3790; x_wconf 87' lang='lat'><strong>;</strong></span> <span class='ocrx_word' id='word_1_710' title='bbox 3610 3728 3763 3781; x_wconf 88' lang='lat' dir='ltr'><strong>audi-</strong></span> 
     </span>
    </p>
   </div>
   <div class='ocr_carea' id='block_1_99' title="bbox 2188 3813 3767 3888">
    <p class='ocr_par' dir='ltr' id='par_1_99' title="bbox 2188 3813 3767 3888">
     <span class='ocr_line' id='line_1_99' title="bbox 2188 3813 3767 3888; baseline 0.003 -19"><span class='ocrx_word' id='word_1_711' title='bbox 2188 3822 2333 3869; x_wconf 90' lang='lat' dir='ltr'><strong>tores</strong></span> <span class='ocrx_word' id='word_1_712' title='bbox 2358 3829 2483 3868; x_wconf 90' lang='lat' dir='ltr'><strong>snos</strong></span> <span class='ocrx_word' id='word_1_713' title='bbox 2524 3813 2783 3871; x_wconf 90' lang='lat' dir='ltr'><strong>adversus</strong></span> <span class='ocrx_word' id='word_1_714' title='bbox 2830 3815 3040 3872; x_wconf 90' lang='lat' dir='ltr'><strong>illorum</strong></span> <span class='ocrx_word' id='word_1_715' title='bbox 3092 3818 3330 3887; x_wconf 89' lang='lat' dir='ltr'><strong>argutias</strong></span> <span class='ocrx_word' id='word_1_716' title='bbox 3358 3826 3413 3873; x_wconf 92' lang='lat' dir='ltr'><strong>et</strong></span> <span class='ocrx_word' id='word_1_717' title='bbox 3440 3817 3767 3888; x_wconf 87' lang='lat' dir='ltr'><strong>sophismata</strong></span> 
     </span>
    </p>
   </div>
   <div class='ocr_carea' id='block_1_100' title="bbox 2188 3907 3773 3980">
    <p class='ocr_par' dir='ltr' id='par_1_100' title="bbox 2188 3907 3773 3980">
     <span class='ocr_line' id='line_1_100' title="bbox 2188 3907 3773 3980; baseline 0.004 -17"><span class='ocrx_word' id='word_1_718' title='bbox 2188 3909 2362 3963; x_wconf 89' lang='lat' dir='ltr'><strong>munit</strong></span> <span class='ocrx_word' id='word_1_719' title='bbox 2387 3907 2725 3978; x_wconf 88' lang='lat' dir='ltr'><strong>roboratque,</strong></span> <span class='ocrx_word' id='word_1_720' title='bbox 2756 3921 2914 3980; x_wconf 88' lang='lat' dir='ltr'><strong>atque</strong></span> <span class='ocrx_word' id='word_1_721' title='bbox 2943 3919 3001 3964; x_wconf 94' lang='lat' dir='ltr'><strong>ut</strong></span> <span class='ocrx_word' id='word_1_722' title='bbox 3025 3911 3202 3966; x_wconf 84' lang='lat' dir='ltr'><strong>statim</strong></span> <span class='ocrx_word' id='word_1_723' title='bbox 3242 3912 3680 3980; x_wconf 88' lang='lat' dir='ltr'><strong>deprehenditur,</strong></span> <span class='ocrx_word' id='word_1_724' title='bbox 3702 3913 3773 3970; x_wconf 79' lang='lat' dir='ltr'><strong>iis</strong></span> 
     </span>
    </p>
   </div>
   <div class='ocr_carea' id='block_1_101' title="bbox 2187 4000 3865 4073">
    <p class='ocr_par' dir='ltr' id='par_1_101' title="bbox 2187 4000 3865 4073">
     <span class='ocr_line' id='line_1_101' title="bbox 2187 4000 3865 4073; baseline 0.004 -19"><span class='ocrx_word' id='word_1_725' title='bbox 2187 4002 2276 4071; x_wconf 92' lang='lat' dir='ltr'><strong>qui</strong></span> <span class='ocrx_word' id='word_1_726' title='bbox 2299 4009 2485 4055; x_wconf 88' lang='lat' dir='ltr'><strong>contra</strong></span> <span class='ocrx_word' id='word_1_727' title='bbox 2537 4000 2719 4057; x_wconf 90' lang='lat' dir='ltr'><strong>hostes</strong></span> <span class='ocrx_word' id='word_1_728' title='bbox 2757 4001 3057 4072; x_wconf 87' lang='lat' dir='ltr'><strong>hujusmodi</strong></span> <span class='ocrx_word' id='word_1_729' title='bbox 3087 4019 3232 4073; x_wconf 66' lang='lat' dir='ltr'><strong>saepe</strong></span> <span class='ocrx_word' id='word_1_730' title='bbox 3280 4020 3472 4060; x_wconf 89' lang='lat' dir='ltr'><strong>manus</strong></span> <span class='ocrx_word' id='word_1_731' title='bbox 3520 4007 3772 4063; x_wconf 84' lang='lat' dir='ltr'><strong>confere-</strong></span> <span class='ocrx_word' id='word_1_732' title='bbox 3862 4058 3865 4061; x_wconf 35' lang='grc' dir='ltr'>λ</span> 
     </span>
    </p>
   </div>
   <div class='ocr_carea' id='block_1_102' title="bbox 2188 4098 2804 4155">
    <p class='ocr_par' dir='ltr' id='par_1_102' title="bbox 2188 4098 2804 4155">
     <span class='ocr_line' id='line_1_102' title="bbox 2188 4098 2804 4155; baseline -0.002 -2"><span class='ocrx_word' id='word_1_733' title='bbox 2188 4098 2317 4153; x_wconf 86' lang='lat' dir='ltr'><strong>bant</strong></span> <span class='ocrx_word' id='word_1_734' title='bbox 2339 4113 2488 4153; x_wconf 88' lang='lat' dir='ltr'><strong>arma</strong></span> <span class='ocrx_word' id='word_1_735' title='bbox 2518 4098 2804 4155; x_wconf 87' lang='lat' dir='ltr'><strong>ministrat.</strong></span> 
     </span>
    </p>
   </div>
   <div class='ocr_carea' id='block_1_103' title="bbox 2261 4190 3768 4261">
    <p class='ocr_par' dir='ltr' id='par_1_103' title="bbox 2261 4190 3768 4261">
     <span class='ocr_line' id='line_1_103' title="bbox 2261 4190 3768 4261; baseline 0.002 -16"><span class='ocrx_word' id='word_1_736' title='bbox 2261 4191 2384 4245; x_wconf 74' lang='lat' dir='ltr'><strong>llmc</strong></span> <span class='ocrx_word' id='word_1_737' title='bbox 2407 4205 2566 4260; x_wconf 90' lang='lat' dir='ltr'><strong>porro</strong></span> <span class='ocrx_word' id='word_1_738' title='bbox 2618 4206 2723 4246; x_wconf 92' lang='lat' dir='ltr'><strong>non</strong></span> <span class='ocrx_word' id='word_1_739' title='bbox 2759 4192 2810 4245; x_wconf 91' lang='lat' dir='ltr'><strong>in</strong></span> <span class='ocrx_word' id='word_1_740' title='bbox 2859 4190 3106 4247; x_wconf 90' lang='lat' dir='ltr'><strong>omnibus</strong></span> <span class='ocrx_word' id='word_1_741' title='bbox 3157 4191 3395 4248; x_wconf 88' lang='lat' dir='ltr'><strong>homiliis</strong></span> <span class='ocrx_word' id='word_1_742' title='bbox 3436 4204 3768 4261; x_wconf 74' lang='lat' dir='ltr'><strong>occurrunt;</strong></span> 
     </span>
    </p>
   </div>
   <div class='ocr_carea' id='block_1_104' title="bbox 2188 4282 3770 4353">
    <p class='ocr_par' dir='ltr' id='par_1_104' title="bbox 2188 4282 3770 4353">
     <span class='ocr_line' id='line_1_104' title="bbox 2188 4282 3770 4353; baseline 0.003 -18"><span class='ocrx_word' id='word_1_743' title='bbox 2188 4282 2281 4335; x_wconf 69' lang='lat' dir='ltr'><strong>sed</strong></span> <span class='ocrx_word' id='word_1_744' title='bbox 2307 4283 2356 4335; x_wconf 90' lang='lat' dir='ltr'><strong>in</strong></span> <span class='ocrx_word' id='word_1_745' title='bbox 2391 4283 2455 4335; x_wconf 89' lang='lat' dir='ltr'><strong>iis</strong></span> <span class='ocrx_word' id='word_1_746' title='bbox 2486 4293 2710 4346; x_wconf 90' lang='lat' dir='ltr'><strong>tantum,</strong></span> <span class='ocrx_word' id='word_1_747' title='bbox 2759 4283 2850 4338; x_wconf 89' lang='lat' dir='ltr'><strong>ubi</strong></span> <span class='ocrx_word' id='word_1_748' title='bbox 2903 4297 2970 4338; x_wconf 86' lang='lat' dir='ltr'><strong>ea</strong></span> <span class='ocrx_word' id='word_1_749' title='bbox 3005 4282 3224 4338; x_wconf 88' lang='lat' dir='ltr'><strong>Joannis</strong></span> <span class='ocrx_word' id='word_1_750' title='bbox 3252 4283 3370 4338; x_wconf 90' lang='lat' dir='ltr'><strong>loca</strong></span> <span class='ocrx_word' id='word_1_751' title='bbox 3415 4285 3770 4353; x_wconf 68' lang='lat' dir='ltr'><strong>explicantur,</strong></span> 
     </span>
    </p>
   </div>
   <div class='ocr_carea' id='block_1_105' title="bbox 2188 4373 3769 4446">
    <p class='ocr_par' dir='ltr' id='par_1_105' title="bbox 2188 4373 3769 4446">
     <span class='ocr_line' id='line_1_105' title="bbox 2188 4373 3769 4446; baseline 0.003 -22"><span class='ocrx_word' id='word_1_752' title='bbox 2188 4388 2306 4443; x_wconf 76' lang='lat' dir='ltr'><strong>qua:</strong></span> <span class='ocrx_word' id='word_1_753' title='bbox 2335 4373 2418 4427; x_wconf 90' lang='lat' dir='ltr'><strong>vel</strong></span> <span class='ocrx_word' id='word_1_754' title='bbox 2438 4373 2504 4426; x_wconf 90' lang='lat' dir='ltr'><strong>ad</strong></span> <span class='ocrx_word' id='word_1_755' title='bbox 2543 4373 2896 4443; x_wconf 71' lang='lat' dir='ltr'><strong>mqualitatem</strong></span> <span class='ocrx_word' id='word_1_756' title='bbox 2924 4374 3633 4446; x_wconf 86' lang='lat' dir='ltr'><strong>consubstantialitatcmque</strong></span> <span class='ocrx_word' id='word_1_757' title='bbox 3661 4376 3769 4431; x_wconf 55' lang='lat' dir='ltr'><strong>Pa.</strong></span> 
     </span>
    </p>
   </div>
   <div class='ocr_carea' id='block_1_106' title="bbox 2190 4465 3768 4538">
    <p class='ocr_par' dir='ltr' id='par_1_106' title="bbox 2190 4465 3768 4538">
     <span class='ocr_line' id='line_1_106' title="bbox 2190 4465 3768 4538; baseline 0.001 -18"><span class='ocrx_word' id='word_1_758' title='bbox 2190 4467 2284 4521; x_wconf 90' lang='lat' dir='ltr'><strong>tris</strong></span> <span class='ocrx_word' id='word_1_759' title='bbox 2309 4475 2362 4521; x_wconf 90' lang='lat' dir='ltr'><strong>et</strong></span> <span class='ocrx_word' id='word_1_760' title='bbox 2389 4465 2506 4519; x_wconf 88' lang='lat' dir='ltr'><strong>Filii</strong></span> <span class='ocrx_word' id='word_1_761' title='bbox 2530 4465 2855 4535; x_wconf 87' lang='lat' dir='ltr'><strong>probandam</strong></span> <span class='ocrx_word' id='word_1_762' title='bbox 2887 4476 3005 4536; x_wconf 88' lang='lat' dir='ltr'><strong>apta</strong></span> <span class='ocrx_word' id='word_1_763' title='bbox 3056 4477 3198 4527; x_wconf 88' lang='lat' dir='ltr'><strong>sunt.</strong></span> <span class='ocrx_word' id='word_1_764' title='bbox 3250 4468 3332 4520; x_wconf 84' lang='lat' dir='ltr'><strong>vel</strong></span> <span class='ocrx_word' id='word_1_765' title='bbox 3360 4482 3478 4538; x_wconf 78' lang='lat' dir='ltr'><strong>qua:</strong></span> <span class='ocrx_word' id='word_1_766' title='bbox 3503 4468 3570 4520; x_wconf 92' lang='lat' dir='ltr'><strong>ab</strong></span> <span class='ocrx_word' id='word_1_767' title='bbox 3595 4468 3768 4522; x_wconf 73' lang='lat' dir='ltr'><strong>luere-</strong></span> 
     </span>
    </p>
   </div>
   <div class='ocr_carea' id='block_1_107' title="bbox 2187 4555 3769 4626">
    <p class='ocr_par' dir='ltr' id='par_1_107' title="bbox 2187 4555 3769 4626">
     <span class='ocr_line' id='line_1_107' title="bbox 2187 4555 3769 4626; baseline 0.003 -16"><span class='ocrx_word' id='word_1_768' title='bbox 2187 4556 2306 4610; x_wconf 89' lang='lat' dir='ltr'><strong>ticis</strong></span> <span class='ocrx_word' id='word_1_769' title='bbox 2353 4555 2420 4610; x_wconf 89' lang='lat' dir='ltr'><strong>ad</strong></span> <span class='ocrx_word' id='word_1_770' title='bbox 2462 4556 2606 4610; x_wconf 90' lang='lat' dir='ltr'><strong>illam</strong></span> <span class='ocrx_word' id='word_1_771' title='bbox 2638 4556 3045 4626; x_wconf 84' lang='lat' dir='ltr'><strong>impugnandam</strong></span> <span class='ocrx_word' id='word_1_772' title='bbox 3076 4557 3481 4626; x_wconf 85' lang='lat' dir='ltr'><strong>usurpabantur.</strong></span> <span class='ocrx_word' id='word_1_773' title='bbox 3511 4558 3610 4615; x_wconf 90' lang='lat' dir='ltr'><strong>Uhi</strong></span> <span class='ocrx_word' id='word_1_774' title='bbox 3635 4574 3769 4615; x_wconf 81' lang='lat' dir='ltr'><strong>vero</strong></span> 
     </span>
    </p>
   </div>
   <div class='ocr_carea' id='block_1_108' title="bbox 2187 4645 3766 4717">
    <p class='ocr_par' dir='ltr' id='par_1_108' title="bbox 2187 4645 3766 4717">
     <span class='ocr_line' id='line_1_108' title="bbox 2187 4645 3766 4717; baseline 0.002 -17"><span class='ocrx_word' id='word_1_775' title='bbox 2187 4645 2254 4701; x_wconf 87' lang='lat' dir='ltr'><strong>de</strong></span> <span class='ocrx_word' id='word_1_776' title='bbox 2269 4645 2540 4700; x_wconf 86' lang='lat' dir='ltr'><strong>divinitate</strong></span> <span class='ocrx_word' id='word_1_777' title='bbox 2560 4656 2718 4717; x_wconf 89' lang='lat' dir='ltr'><strong>atque</strong></span> <span class='ocrx_word' id='word_1_778' title='bbox 2738 4646 3282 4703; x_wconf 87' lang='lat' dir='ltr'><strong>consubstantialitate</strong></span> <span class='ocrx_word' id='word_1_779' title='bbox 3300 4648 3416 4702; x_wconf 84' lang='lat' dir='ltr'><strong>Filii</strong></span> <span class='ocrx_word' id='word_1_780' title='bbox 3437 4665 3539 4703; x_wconf 92' lang='lat' dir='ltr'><strong>non</strong></span> <span class='ocrx_word' id='word_1_781' title='bbox 3557 4650 3766 4717; x_wconf 85' lang='lat' dir='ltr'><strong>agitur;</strong></span> 
     </span>
    </p>
   </div>
   <div class='ocr_carea' id='block_1_109' title="bbox 2188 4738 3769 4810">
    <p class='ocr_par' dir='ltr' id='par_1_109' title="bbox 2188 4738 3769 4810">
     <span class='ocr_line' id='line_1_109' title="bbox 2188 4738 3769 4810; baseline 0.003 -18"><span class='ocrx_word' id='word_1_782' title='bbox 2188 4738 2394 4795; x_wconf 84' lang='lat' dir='ltr'><strong>literam</strong></span> <span class='ocrx_word' id='word_1_783' title='bbox 2422 4738 2509 4792; x_wconf 90' lang='lat' dir='ltr'><strong>ille</strong></span> <span class='ocrx_word' id='word_1_784' title='bbox 2539 4738 2722 4806; x_wconf 84' lang='lat' dir='ltr'><strong>paucis</strong></span> <span class='ocrx_word' id='word_1_785' title='bbox 2760 4738 3035 4808; x_wconf 88' lang='lat' dir='ltr'><strong>explanat.</strong></span> <span class='ocrx_word' id='word_1_786' title='bbox 3066 4738 3317 4794; x_wconf 77' lang='lat' dir='ltr'><strong>Moralem</strong></span> <span class='ocrx_word' id='word_1_787' title='bbox 3345 4755 3555 4810; x_wconf 89' lang='lat' dir='ltr'><strong>quoque</strong></span> <span class='ocrx_word' id='word_1_788' title='bbox 3597 4741 3769 4796; x_wconf 85' lang='lat' dir='ltr'><strong>disci-</strong></span> 
     </span>
    </p>
   </div>
   <div class='ocr_carea' id='block_1_110' title="bbox 2188 4827 3765 4900">
    <p class='ocr_par' dir='ltr' id='par_1_110' title="bbox 2188 4827 3765 4900">
     <span class='ocr_line' id='line_1_110' title="bbox 2188 4827 3765 4900; baseline 0.003 -20"><span class='ocrx_word' id='word_1_789' title='bbox 2188 4827 2383 4897; x_wconf 90' lang='lat' dir='ltr'><strong>pliuam</strong></span> <span class='ocrx_word' id='word_1_790' title='bbox 2402 4827 2539 4882; x_wconf 92' lang='lat' dir='ltr'><strong>inter</strong></span> <span class='ocrx_word' id='word_1_791' title='bbox 2553 4827 2971 4883; x_wconf 90' lang='lat' dir='ltr'><strong>concionaudum</strong></span> <span class='ocrx_word' id='word_1_792' title='bbox 2993 4828 3164 4884; x_wconf 88' lang='lat' dir='ltr'><strong>rarius</strong></span> <span class='ocrx_word' id='word_1_793' title='bbox 3179 4831 3407 4900; x_wconf 87' lang='lat' dir='ltr'><strong>attingit,</strong></span> <span class='ocrx_word' id='word_1_794' title='bbox 3420 4831 3765 4887; x_wconf 80' lang='lat' dir='ltr'><strong>concionem-</strong></span> 
     </span>
    </p>
   </div>
   <div class='ocr_carea' id='block_1_111' title="bbox 2188 4918 3771 4988">
    <p class='ocr_par' dir='ltr' id='par_1_111' title="bbox 2188 4918 3771 4988">
     <span class='ocr_line' id='line_1_111' title="bbox 2188 4918 3771 4988; baseline 0.004 -17"><span class='ocrx_word' id='word_1_795' title='bbox 2188 4934 2291 4988; x_wconf 91' lang='lat' dir='ltr'><strong>que</strong></span> <span class='ocrx_word' id='word_1_796' title='bbox 2334 4918 2643 4972; x_wconf 89' lang='lat' dir='ltr'><strong>brevissima</strong></span> <span class='ocrx_word' id='word_1_797' title='bbox 2684 4919 3054 4976; x_wconf 86' lang='lat' dir='ltr'><strong>adhortatione</strong></span> <span class='ocrx_word' id='word_1_798' title='bbox 3107 4921 3295 4974; x_wconf 90' lang='lat' dir='ltr'><strong>morali</strong></span> <span class='ocrx_word' id='word_1_799' title='bbox 3345 4922 3581 4975; x_wconf 87' lang='lat' dir='ltr'><strong>claudit:</strong></span> <span class='ocrx_word' id='word_1_800' title='bbox 3609 4922 3679 4976; x_wconf 90' lang='lat' dir='ltr'><strong>ita</strong></span> <span class='ocrx_word' id='word_1_801' title='bbox 3712 4931 3771 4977; x_wconf 85' lang='lat' dir='ltr'><strong>ut</strong></span> 
     </span>
    </p>
   </div>
   <div class='ocr_carea' id='block_1_112' title="bbox 2190 5010 3769 5083">
    <p class='ocr_par' dir='ltr' id='par_1_112' title="bbox 2190 5010 3769 5083">
     <span class='ocr_line' id='line_1_112' title="bbox 2190 5010 3769 5083; baseline 0.004 -20"><span class='ocrx_word' id='word_1_802' title='bbox 2190 5010 2273 5064; x_wconf 76' lang='lat' dir='ltr'><strong>ha:</strong></span> <span class='ocrx_word' id='word_1_803' title='bbox 2299 5011 2350 5065; x_wconf 92' lang='lat' dir='ltr'><strong>in</strong></span> <span class='ocrx_word' id='word_1_804' title='bbox 2378 5010 2635 5067; x_wconf 88' lang='lat' dir='ltr'><strong>Joannem</strong></span> <span class='ocrx_word' id='word_1_805' title='bbox 2663 5012 2970 5079; x_wconf 90' lang='lat' dir='ltr'><strong>conciones,</strong></span> <span class='ocrx_word' id='word_1_806' title='bbox 2996 5011 3213 5065; x_wconf 90' lang='lat' dir='ltr'><strong>dimidia</strong></span> <span class='ocrx_word' id='word_1_807' title='bbox 3237 5013 3349 5067; x_wconf 88' lang='lat' dir='ltr'><strong>fere</strong></span> <span class='ocrx_word' id='word_1_808' title='bbox 3376 5014 3457 5067; x_wconf 91' lang='lat' dir='ltr'><strong>sui</strong></span> <span class='ocrx_word' id='word_1_809' title='bbox 3487 5023 3634 5083; x_wconf 88' lang='lat' dir='ltr'><strong>parte</strong></span> <span class='ocrx_word' id='word_1_810' title='bbox 3659 5015 3769 5069; x_wconf 89' lang='lat' dir='ltr'><strong>mi-</strong></span> 
     </span>
    </p>
   </div>
   <div class='ocr_carea' id='block_1_113' title="bbox 2190 5104 3561 5175">
    <p class='ocr_par' dir='ltr' id='par_1_113' title="bbox 2190 5104 3561 5175">
     <span class='ocr_line' id='line_1_113' title="bbox 2190 5104 3561 5175; baseline 0.002 -15"><span class='ocrx_word' id='word_1_811' title='bbox 2190 5119 2351 5160; x_wconf 87' lang='lat' dir='ltr'><strong>nores</strong></span> <span class='ocrx_word' id='word_1_812' title='bbox 2377 5114 2434 5158; x_wconf 93' lang='lat' dir='ltr'><strong>ut</strong></span> <span class='ocrx_word' id='word_1_813' title='bbox 2452 5105 2736 5175; x_wconf 89' lang='lat' dir='ltr'><strong>plurimum</strong></span> <span class='ocrx_word' id='word_1_814' title='bbox 2767 5105 2873 5159; x_wconf 89' lang='lat' dir='ltr'><strong>sint</strong></span> <span class='ocrx_word' id='word_1_815' title='bbox 2897 5104 3139 5162; x_wconf 86' lang='lat' dir='ltr'><strong>Homiliis</strong></span> <span class='ocrx_word' id='word_1_816' title='bbox 3159 5105 3212 5159; x_wconf 93' lang='lat' dir='ltr'><strong>in</strong></span> <span class='ocrx_word' id='word_1_817' title='bbox 3241 5104 3561 5164; x_wconf 78' lang='lat' dir='ltr'><strong>lllattlneum.</strong></span> 
     </span>
    </p>
   </div>
   <div class='ocr_carea' id='block_1_114' title="bbox 2260 5194 3770 5266">
    <p class='ocr_par' dir='ltr' id='par_1_114' title="bbox 2260 5194 3770 5266">
     <span class='ocr_line' id='line_1_114' title="bbox 2260 5194 3770 5266; baseline 0.005 -18"><span class='ocrx_word' id='word_1_818' title='bbox 2260 5195 2514 5266; x_wconf 85' lang='lat' dir='ltr'><strong>Quodque</strong></span> <span class='ocrx_word' id='word_1_819' title='bbox 2534 5195 2801 5265; x_wconf 83' lang='lat' dir='ltr'><strong>singulare</strong></span> <span class='ocrx_word' id='word_1_820' title='bbox 2819 5204 2919 5258; x_wconf 88' lang='lat' dir='ltr'><strong>est,</strong></span> <span class='ocrx_word' id='word_1_821' title='bbox 2947 5195 3107 5249; x_wconf 86' lang='lat' dir='ltr'><strong>hasce</strong></span> <span class='ocrx_word' id='word_1_822' title='bbox 3127 5196 3179 5249; x_wconf 90' lang='lat' dir='ltr'><strong>in</strong></span> <span class='ocrx_word' id='word_1_823' title='bbox 3205 5194 3463 5252; x_wconf 87' lang='lat' dir='ltr'><strong>Joannem</strong></span> <span class='ocrx_word' id='word_1_824' title='bbox 3481 5197 3770 5256; x_wconf 84' lang='lat' dir='ltr'><strong>conciones</strong></span> 
     </span>
    </p>
   </div>
   <div class='ocr_carea' id='block_1_115' title="bbox 2191 5287 3774 5360">
    <p class='ocr_par' dir='ltr' id='par_1_115' title="bbox 2191 5287 3774 5360">
     <span class='ocr_line' id='line_1_115' title="bbox 2191 5287 3774 5360; baseline -0.001 -16"><span class='ocrx_word' id='word_1_825' title='bbox 2191 5288 2419 5344; x_wconf 86' lang='lat' dir='ltr'><strong>habebat</strong></span> <span class='ocrx_word' id='word_1_826' title='bbox 2463 5287 2893 5360; x_wconf 74' lang='lat' dir='ltr'><strong>Chrysostomus,</strong></span> <span class='ocrx_word' id='word_1_827' title='bbox 2922 5301 3132 5342; x_wconf 88' lang='lat' dir='ltr'><strong>summo</strong></span> <span class='ocrx_word' id='word_1_828' title='bbox 3171 5303 3328 5344; x_wconf 89' lang='lat' dir='ltr'><strong>mane</strong></span> <span class='ocrx_word' id='word_1_829' title='bbox 3354 5297 3410 5342; x_wconf 84' lang='lat' dir='ltr'><strong>ct</strong></span> <span class='ocrx_word' id='word_1_830' title='bbox 3457 5290 3774 5347; x_wconf 78' lang='lat' dir='ltr'><strong>illucescen-</strong></span> 
     </span>
    </p>
   </div>
   <div class='ocr_carea' id='block_1_116' title="bbox 2190 5380 3769 5451">
    <p class='ocr_par' dir='ltr' id='par_1_116' title="bbox 2190 5380 3769 5451">
     <span class='ocr_line' id='line_1_116' title="bbox 2190 5380 3769 5451; baseline 0.001 -14"><span class='ocrx_word' id='word_1_831' title='bbox 2190 5391 2245 5437; x_wconf 84' lang='lat' dir='ltr'><strong>te</strong></span> <span class='ocrx_word' id='word_1_832' title='bbox 2263 5395 2475 5448; x_wconf 87' lang='lat' dir='ltr'><strong>aurora,</strong></span> <span class='ocrx_word' id='word_1_833' title='bbox 2508 5390 2565 5435; x_wconf 89' lang='lat' dir='ltr'><strong>ut</strong></span> <span class='ocrx_word' id='word_1_834' title='bbox 2587 5380 2902 5437; x_wconf 88' lang='lat' dir='ltr'><strong>testificatur</strong></span> <span class='ocrx_word' id='word_1_835' title='bbox 2927 5380 3040 5450; x_wconf 91' lang='lat' dir='ltr'><strong>ipse</strong></span> <span class='ocrx_word' id='word_1_836' title='bbox 3068 5380 3284 5435; x_wconf 89' lang='lat' dir='ltr'><strong>homilia</strong></span> <span class='ocrx_word' id='word_1_837' title='bbox 3308 5380 3573 5451; x_wconf 88' lang='lat' dir='ltr'><strong>trigesima</strong></span> <span class='ocrx_word' id='word_1_838' title='bbox 3597 5382 3769 5451; x_wconf 87' lang='lat' dir='ltr'><strong>prima</strong></span> 
     </span>
    </p>
   </div>
   <div class='ocr_carea' id='block_1_117' title="bbox 2198 5470 3775 5540">
    <p class='ocr_par' dir='ltr' id='par_1_117' title="bbox 2198 5470 3775 5540">
     <span class='ocr_line' id='line_1_117' title="bbox 2198 5470 3775 5540; baseline -0.001 -14"><span class='ocrx_word' id='word_1_839' title='bbox 2198 5470 2909 5527; x_wconf 72' lang='lat' dir='ltr'><strong>c.182.l.5:Sioeromulier</strong></span> <span class='ocrx_word' id='word_1_840' title='bbox 2939 5470 3292 5536; x_wconf 68' lang='lat' dir='ltr'><strong>Sammimna,</strong></span> <span class='ocrx_word' id='word_1_841' title='bbox 3334 5472 3525 5540; x_wconf 91' lang='lat' dir='ltr'><strong>inquit,</strong></span> <span class='ocrx_word' id='word_1_842' title='bbox 3575 5482 3775 5526; x_wconf 82' lang='lat' dir='ltr'><strong>tantum</strong></span> 
     </span>
    </p>
   </div>
   <div class='ocr_carea' id='block_1_118' title="bbox 2192 5559 3774 5631">
    <p class='ocr_par' dir='ltr' id='par_1_118' title="bbox 2192 5559 3774 5631">
     <span class='ocr_line' id='line_1_118' title="bbox 2192 5559 3774 5631; baseline 0.001 -16"><span class='ocrx_word' id='word_1_843' title='bbox 2192 5561 2396 5615; x_wconf 81' lang='lat' dir='ltr'><strong>adhibet</strong></span> <span class='ocrx_word' id='word_1_844' title='bbox 2417 5561 2640 5615; x_wconf 83' lang='lat' dir='ltr'><strong>studium</strong></span> <span class='ocrx_word' id='word_1_845' title='bbox 2663 5568 2718 5614; x_wconf 76' lang='lat' dir='ltr'><strong>ut</strong></span> <span class='ocrx_word' id='word_1_846' title='bbox 2743 5560 2864 5630; x_wconf 82' lang='lat' dir='ltr'><strong>quid</strong></span> <span class='ocrx_word' id='word_1_847' title='bbox 2885 5560 3006 5615; x_wconf 79' lang='lat' dir='ltr'><strong>utile</strong></span> <span class='ocrx_word' id='word_1_848' title='bbox 3028 5561 3238 5627; x_wconf 77' lang='lat' dir='ltr'><strong>ediscat,</strong></span> <span class='ocrx_word' id='word_1_849' title='bbox 3267 5570 3314 5615; x_wconf 85' lang='lat' dir='ltr'><strong>et</strong></span> <span class='ocrx_word' id='word_1_850' title='bbox 3340 5559 3541 5617; x_wconf 75' lang='lat' dir='ltr'><strong>Christo</strong></span> <span class='ocrx_word' id='word_1_851' title='bbox 3561 5564 3774 5631; x_wconf 80' lang='lat' dir='ltr'><strong>assidet,</strong></span> 
     </span>
    </p>
   </div>
   <div class='ocr_carea' id='block_1_119' title="bbox 2194 5651 3759 5725">
    <p class='ocr_par' dir='ltr' id='par_1_119' title="bbox 2194 5651 3759 5725">
     <span class='ocr_line' id='line_1_119' title="bbox 2194 5651 3759 5725; baseline 0.002 -16"><span class='ocrx_word' id='word_1_852' title='bbox 2194 5654 2389 5710; x_wconf 81' lang='lat' dir='ltr'><strong>etiamsi</strong></span> <span class='ocrx_word' id='word_1_853' title='bbox 2412 5651 2558 5706; x_wconf 77' lang='lat' dir='ltr'><strong>illum</strong></span> <span class='ocrx_word' id='word_1_854' title='bbox 2585 5669 2686 5706; x_wconf 83' lang='lat' dir='ltr'><strong>non</strong></span> <span class='ocrx_word' id='word_1_855' title='bbox 2706 5661 2899 5719; x_wconf 77' lang='lat' dir='ltr'><strong>noscat,</strong></span> <span class='ocrx_word' id='word_1_856' title='bbox 2922 5668 3074 5723; x_wconf 84' lang='lat' dir='ltr'><strong>quant</strong></span> <span class='ocrx_word' id='word_1_857' title='bbox 3124 5669 3219 5707; x_wconf 86' lang='lat' dir='ltr'><strong>nos</strong></span> <span class='ocrx_word' id='word_1_858' title='bbox 3243 5655 3439 5707; x_wconf 85' lang='lat' dir='ltr'><strong>veniam</strong></span> <span class='ocrx_word' id='word_1_859' title='bbox 3490 5672 3759 5725; x_wconf 66' lang='lat' dir='ltr'><strong>conseque-</strong></span> 
     </span>
    </p>
   </div>
   <div class='ocr_carea' id='block_1_120' title="bbox 2194 5744 3779 5818">
    <p class='ocr_par' dir='ltr' id='par_1_120' title="bbox 2194 5744 3779 5818">
     <span class='ocr_line' id='line_1_120' title="bbox 2194 5744 3779 5818; baseline 0.004 -18"><span class='ocrx_word' id='word_1_860' title='bbox 2194 5763 2329 5812; x_wconf 73' lang='lat' dir='ltr'><strong>mur,</strong></span> <span class='ocrx_word' id='word_1_861' title='bbox 2356 5746 2444 5814; x_wconf 82' lang='lat' dir='ltr'><strong>qui</strong></span> <span class='ocrx_word' id='word_1_862' title='bbox 2470 5744 2637 5814; x_wconf 82' lang='lat' dir='ltr'><strong>ipsum</strong></span> <span class='ocrx_word' id='word_1_863' title='bbox 2660 5744 2906 5810; x_wconf 80' lang='lat' dir='ltr'><strong>novimus,</strong></span> <span class='ocrx_word' id='word_1_864' title='bbox 2951 5745 3036 5814; x_wconf 82' lang='lat' dir='ltr'><strong>qui</strong></span> <span class='ocrx_word' id='word_1_865' title='bbox 3062 5761 3163 5799; x_wconf 84' lang='lat' dir='ltr'><strong>non</strong></span> <span class='ocrx_word' id='word_1_866' title='bbox 3186 5761 3326 5801; x_wconf 76' lang='lat' dir='ltr'><strong>secus</strong></span> <span class='ocrx_word' id='word_1_867' title='bbox 3350 5758 3576 5818; x_wconf 67' lang='lat' dir='ltr'><strong>puteum,</strong></span> <span class='ocrx_word' id='word_1_868' title='bbox 3598 5766 3699 5805; x_wconf 83' lang='lat' dir='ltr'><strong>non</strong></span> <span class='ocrx_word' id='word_1_869' title='bbox 3719 5753 3779 5806; x_wconf 77' lang='lat' dir='ltr'><strong>in</strong></span> 
     </span>
    </p>
   </div>
   <div class='ocr_carea' id='block_1_121' title="bbox 2198 5835 3777 5908">
    <p class='ocr_par' dir='ltr' id='par_1_121' title="bbox 2198 5835 3777 5908">
     <span class='ocr_line' id='line_1_121' title="bbox 2198 5835 3777 5908; baseline 0.001 -15"><span class='ocrx_word' id='word_1_870' title='bbox 2198 5840 2394 5896; x_wconf 72' lang='lat' dir='ltr'><strong>deserto</strong></span> <span class='ocrx_word' id='word_1_871' title='bbox 2419 5847 2630 5908; x_wconf 75' lang='lat' dir='ltr'><strong>stamus,</strong></span> <span class='ocrx_word' id='word_1_872' title='bbox 2680 5835 2861 5892; x_wconf 84' lang='lat' dir='ltr'><strong>nonin</strong></span> <span class='ocrx_word' id='word_1_873' title='bbox 2909 5836 3135 5908; x_wconf 85' lang='lat' dir='ltr'><strong>meridie,</strong></span> <span class='ocrx_word' id='word_1_874' title='bbox 3183 5854 3282 5893; x_wconf 81' lang='lat' dir='ltr'><strong>non</strong></span> <span class='ocrx_word' id='word_1_875' title='bbox 3308 5840 3478 5897; x_wconf 74' lang='lat' dir='ltr'><strong>adusti</strong></span> <span class='ocrx_word' id='word_1_876' title='bbox 3523 5845 3777 5901; x_wconf 81' lang='lat' dir='ltr'><strong>sofaribus</strong></span> 
     </span>
    </p>
   </div>
  </div>
