  <div class='ocr_page' id='page_1' title='image "/cluster/home/n/w/nwhite01/storage/ocr_20150623/47/nnc1.0046978321/178.png"; bbox 0 0 4122 6386; ppageno 0'>
   <div class='ocr_carea' id='block_1_1' title="bbox 311 475 2384 541">
    <p class='ocr_par' dir='ltr' id='par_1_1' title="bbox 311 475 2384 541">
     <span class='ocr_line' id='line_1_1' title="bbox 311 475 2384 541; baseline 0 -1"><span class='ocrx_word' id='word_1_1' title='bbox 311 485 406 541; x_wconf 77' lang='grc'><strong>161</strong></span> <span class='ocrx_word' id='word_1_2' title='bbox 1470 478 1648 536; x_wconf 73' lang='lat' dir='ltr'><strong>NUNC</strong></span> <span class='ocrx_word' id='word_1_3' title='bbox 1688 475 1955 534; x_wconf 66' lang='lat' dir='ltr'><strong>PRIMUM</strong></span> <span class='ocrx_word' id='word_1_4' title='bbox 1994 479 2384 540; x_wconf 74' lang='lat' dir='ltr'><strong>ADORNATA.</strong></span> 
     </span>
    </p>
   </div>
   <div class='ocr_carea' id='block_1_2' title="bbox 307 592 1885 666">
    <p class='ocr_par' dir='ltr' id='par_1_2' title="bbox 307 592 1885 666">
     <span class='ocr_line' id='line_1_2' title="bbox 307 592 1885 666; baseline -0.006 -13"><span class='ocrx_word' id='word_1_5' title='bbox 307 598 486 662; x_wconf 74' lang='lat' dir='ltr'><strong>radiis,</strong></span> <span class='ocrx_word' id='word_1_6' title='bbox 515 596 605 652; x_wconf 74' lang='lat' dir='ltr'><strong>sed</strong></span> <span class='ocrx_word' id='word_1_7' title='bbox 630 593 722 652; x_wconf 73' lang='lat' dir='ltr'><strong>sub</strong></span> <span class='ocrx_word' id='word_1_8' title='bbox 746 611 950 660; x_wconf 75' lang='lat' dir='ltr'><strong>aurora,</strong></span> <span class='ocrx_word' id='word_1_9' title='bbox 975 593 1064 650; x_wconf 74' lang='lat' dir='ltr'><strong>sub</strong></span> <span class='ocrx_word' id='word_1_10' title='bbox 1094 594 1190 648; x_wconf 80' lang='lat' dir='ltr'><strong>hoc</strong></span> <span class='ocrx_word' id='word_1_11' title='bbox 1218 602 1346 648; x_wconf 79' lang='lat' dir='ltr'><strong>tecto</strong></span> <span class='ocrx_word' id='word_1_12' title='bbox 1391 592 1568 647; x_wconf 83' lang='lat' dir='ltr'><strong>umbra</strong></span> <span class='ocrx_word' id='word_1_13' title='bbox 1594 594 1814 666; x_wconf 78' lang='lat' dir='ltr'><strong>fruimur</strong></span> <span class='ocrx_word' id='word_1_14' title='bbox 1839 601 1885 644; x_wconf 82' lang='lat' dir='ltr'><strong>et</strong></span> 
     </span>
    </p>
   </div>
   <div class='ocr_carea' id='block_1_3' title="bbox 305 683 1888 760">
    <p class='ocr_par' dir='ltr' id='par_1_3' title="bbox 305 683 1888 760">
     <span class='ocr_line' id='line_1_3' title="bbox 305 683 1888 760; baseline -0.006 -15"><span class='ocrx_word' id='word_1_15' title='bbox 305 691 521 746; x_wconf 74' lang='lat' dir='ltr'><strong>suaviter</strong></span> <span class='ocrx_word' id='word_1_16' title='bbox 544 689 758 760; x_wconf 83' lang='lat' dir='ltr'><strong>agimus,</strong></span> <span class='ocrx_word' id='word_1_17' title='bbox 785 705 941 758; x_wconf 74' lang='lat' dir='ltr'><strong>neque</strong></span> <span class='ocrx_word' id='word_1_18' title='bbox 968 687 1214 758; x_wconf 76' lang='lat' dir='ltr'><strong>patienter</strong></span> <span class='ocrx_word' id='word_1_19' title='bbox 1240 686 1474 739; x_wconf 77' lang='lat' dir='ltr'><strong>audimus</strong></span> <span class='ocrx_word' id='word_1_20' title='bbox 1496 685 1615 754; x_wconf 86' lang='lat' dir='ltr'><strong>quid</strong></span> <span class='ocrx_word' id='word_1_21' title='bbox 1623 687 1776 752; x_wconf 84' lang='lat' dir='ltr'><strong>piam,</strong></span> <span class='ocrx_word' id='word_1_22' title='bbox 1802 683 1888 737; x_wconf 76' lang='lat' dir='ltr'><strong>sed</strong></span> 
     </span>
    </p>
   </div>
   <div class='ocr_carea' id='block_1_4' title="bbox 305 779 1890 852">
    <p class='ocr_par' dir='ltr' id='par_1_4' title="bbox 305 779 1890 852">
     <span class='ocr_line' id='line_1_4' title="bbox 305 779 1890 852; baseline -0.004 -15"><span class='ocrx_word' id='word_1_23' title='bbox 305 785 502 838; x_wconf 80' lang='lat' dir='ltr'><strong>desidia</strong></span> <span class='ocrx_word' id='word_1_24' title='bbox 545 780 1030 852; x_wconf 76' lang='lat' dir='ltr'><strong>torpemusHlascc</strong></span> <span class='ocrx_word' id='word_1_25' title='bbox 1073 794 1199 833; x_wconf 89' lang='lat' dir='ltr'><strong>vero</strong></span> <span class='ocrx_word' id='word_1_26' title='bbox 1238 779 1520 833; x_wconf 84' lang='lat' dir='ltr'><strong>conciones</strong></span> <span class='ocrx_word' id='word_1_27' title='bbox 1553 779 1890 832; x_wconf 74' lang='lat' dir='ltr'><strong>illucescente</strong></span> 
     </span>
    </p>
   </div>
   <div class='ocr_carea' id='block_1_5' title="bbox 305 867 1888 941">
    <p class='ocr_par' dir='ltr' id='par_1_5' title="bbox 305 867 1888 941">
     <span class='ocr_line' id='line_1_5' title="bbox 305 867 1888 941; baseline -0.006 -12"><span class='ocrx_word' id='word_1_28' title='bbox 305 891 520 941; x_wconf 81' lang='lat' dir='ltr'><strong>aurora,</strong></span> <span class='ocrx_word' id='word_1_29' title='bbox 548 889 666 928; x_wconf 88' lang='lat' dir='ltr'><strong>cum</strong></span> <span class='ocrx_word' id='word_1_30' title='bbox 697 872 1027 937; x_wconf 84' lang='lat' dir='ltr'><strong>brevissima,</strong></span> <span class='ocrx_word' id='word_1_31' title='bbox 1060 879 1251 940; x_wconf 66' lang='lat' dir='ltr'><strong>pra&#39;ter</strong></span> <span class='ocrx_word' id='word_1_32' title='bbox 1271 885 1495 933; x_wconf 90' lang='lat' dir='ltr'><strong>morem,</strong></span> <span class='ocrx_word' id='word_1_33' title='bbox 1517 869 1701 921; x_wconf 81' lang='lat' dir='ltr'><strong>morali</strong></span> <span class='ocrx_word' id='word_1_34' title='bbox 1727 867 1888 921; x_wconf 89' lang='lat' dir='ltr'><strong>disci-</strong></span> 
     </span>
    </p>
   </div>
   <div class='ocr_carea' id='block_1_6' title="bbox 308 963 1890 1036">
    <p class='ocr_par' dir='ltr' id='par_1_6' title="bbox 308 963 1890 1036">
     <span class='ocr_line' id='line_1_6' title="bbox 308 963 1890 1036; baseline -0.003 -19"><span class='ocrx_word' id='word_1_35' title='bbox 308 968 473 1036; x_wconf 87' lang='lat' dir='ltr'><strong>plina,</strong></span> <span class='ocrx_word' id='word_1_36' title='bbox 504 966 897 1036; x_wconf 92' lang='lat' dir='ltr'><strong>pronuntiabat,</strong></span> <span class='ocrx_word' id='word_1_37' title='bbox 932 979 998 1018; x_wconf 88' lang='lat' dir='ltr'><strong>ne</strong></span> <span class='ocrx_word' id='word_1_38' title='bbox 1026 964 1248 1017; x_wconf 87' lang='lat' dir='ltr'><strong>aliarum</strong></span> <span class='ocrx_word' id='word_1_39' title='bbox 1277 963 1618 1026; x_wconf 87' lang='lat' dir='ltr'><strong>concionum,</strong></span> <span class='ocrx_word' id='word_1_40' title='bbox 1640 975 1771 1030; x_wconf 91' lang='lat' dir='ltr'><strong>quas</strong></span> <span class='ocrx_word' id='word_1_41' title='bbox 1795 974 1890 1027; x_wconf 89' lang='lat' dir='ltr'><strong>per</strong></span> 
     </span>
    </p>
   </div>
   <div class='ocr_carea' id='block_1_7' title="bbox 305 1051 1888 1128">
    <p class='ocr_par' dir='ltr' id='par_1_7' title="bbox 305 1051 1888 1128">
     <span class='ocr_line' id='line_1_7' title="bbox 305 1051 1888 1128; baseline -0.006 -16"><span class='ocrx_word' id='word_1_42' title='bbox 305 1076 502 1114; x_wconf 86' lang='lat' dir='ltr'><strong>annum</strong></span> <span class='ocrx_word' id='word_1_43' title='bbox 531 1059 774 1117; x_wconf 76' lang='lat' dir='ltr'><strong>habebat.</strong></span> <span class='ocrx_word' id='word_1_44' title='bbox 804 1067 995 1128; x_wconf 70' lang='lat' dir='ltr'><strong>etqune</strong></span> <span class='ocrx_word' id='word_1_45' title='bbox 1045 1055 1334 1110; x_wconf 80' lang='lat' dir='ltr'><strong>moralibus</strong></span> <span class='ocrx_word' id='word_1_46' title='bbox 1382 1053 1660 1123; x_wconf 73' lang='lat' dir='ltr'><strong>praeceptis</strong></span> <span class='ocrx_word' id='word_1_47' title='bbox 1689 1051 1888 1105; x_wconf 76' lang='lat' dir='ltr'><strong>redun-</strong></span> 
     </span>
    </p>
   </div>
   <div class='ocr_carea' id='block_1_8' title="bbox 306 1143 1887 1218">
    <p class='ocr_par' dir='ltr' id='par_1_8' title="bbox 306 1143 1887 1218">
     <span class='ocr_line' id='line_1_8' title="bbox 306 1143 1887 1218; baseline -0.007 -12"><span class='ocrx_word' id='word_1_48' title='bbox 306 1152 524 1217; x_wconf 77' lang='lat' dir='ltr'><strong>dabant,</strong></span> <span class='ocrx_word' id='word_1_49' title='bbox 551 1165 767 1206; x_wconf 80' lang='lat' dir='ltr'><strong>cursum</strong></span> <span class='ocrx_word' id='word_1_50' title='bbox 815 1148 1198 1218; x_wconf 89' lang='lat' dir='ltr'><strong>interpellaret.</strong></span> <span class='ocrx_word' id='word_1_51' title='bbox 1233 1147 1337 1200; x_wconf 91' lang='lat' dir='ltr'><strong>llas</strong></span> <span class='ocrx_word' id='word_1_52' title='bbox 1381 1162 1509 1199; x_wconf 83' lang='lat' dir='ltr'><strong>vero</strong></span> <span class='ocrx_word' id='word_1_53' title='bbox 1540 1146 1590 1196; x_wconf 93' lang='lat' dir='ltr'><strong>in</strong></span> <span class='ocrx_word' id='word_1_54' title='bbox 1643 1143 1887 1209; x_wconf 83' lang='lat' dir='ltr'><strong>Evange-</strong></span> 
     </span>
    </p>
   </div>
   <div class='ocr_carea' id='block_1_9' title="bbox 305 1233 1890 1298">
    <p class='ocr_par' dir='ltr' id='par_1_9' title="bbox 305 1233 1890 1298">
     <span class='ocr_line' id='line_1_9' title="bbox 305 1233 1890 1298; baseline -0.007 -1"><span class='ocrx_word' id='word_1_55' title='bbox 305 1241 432 1297; x_wconf 90' lang='lat' dir='ltr'><strong>lium</strong></span> <span class='ocrx_word' id='word_1_56' title='bbox 459 1241 677 1298; x_wconf 77' lang='lat' dir='ltr'><strong>Joannis</strong></span> <span class='ocrx_word' id='word_1_57' title='bbox 715 1240 987 1295; x_wconf 79' lang='lat' dir='ltr'><strong>breviores</strong></span> <span class='ocrx_word' id='word_1_58' title='bbox 1030 1238 1314 1292; x_wconf 89' lang='lat' dir='ltr'><strong>conciones</strong></span> <span class='ocrx_word' id='word_1_59' title='bbox 1344 1235 1407 1289; x_wconf 90' lang='lat' dir='ltr'><strong>iis</strong></span> <span class='ocrx_word' id='word_1_60' title='bbox 1443 1245 1646 1289; x_wconf 87' lang='lat' dir='ltr'><strong>tantum</strong></span> <span class='ocrx_word' id='word_1_61' title='bbox 1693 1233 1890 1288; x_wconf 79' lang='lat' dir='ltr'><strong>dixisse</strong></span> 
     </span>
    </p>
   </div>
   <div class='ocr_carea' id='block_1_10' title="bbox 307 1329 1493 1402">
    <p class='ocr_par' dir='ltr' id='par_1_10' title="bbox 307 1329 1493 1402">
     <span class='ocr_line' id='line_1_10' title="bbox 307 1329 1493 1402; baseline -0.006 -16"><span class='ocrx_word' id='word_1_62' title='bbox 307 1332 532 1396; x_wconf 89' lang='lat' dir='ltr'><strong>videtur,</strong></span> <span class='ocrx_word' id='word_1_63' title='bbox 561 1331 790 1402; x_wconf 88' lang='lat' dir='ltr'><strong>quicum</strong></span> <span class='ocrx_word' id='word_1_64' title='bbox 816 1329 1080 1385; x_wconf 78' lang='lat' dir='ltr'><strong>literetieis</strong></span> <span class='ocrx_word' id='word_1_65' title='bbox 1101 1335 1493 1382; x_wconf 75' lang='lat' dir='ltr'><strong>concertarent.</strong></span> 
     </span>
    </p>
   </div>
   <div class='ocr_carea' id='block_1_11' title="bbox 380 1417 1890 1498">
    <p class='ocr_par' dir='ltr' id='par_1_11' title="bbox 380 1417 1890 1498">
     <span class='ocr_line' id='line_1_11' title="bbox 380 1417 1890 1498; baseline -0.008 -14"><span class='ocrx_word' id='word_1_66' title='bbox 380 1426 814 1498; x_wconf 69' lang='lat' dir='ltr'><strong>Elegantissimas</strong></span> <span class='ocrx_word' id='word_1_67' title='bbox 857 1426 1018 1480; x_wconf 89' lang='lat' dir='ltr'><strong>etiam</strong></span> <span class='ocrx_word' id='word_1_68' title='bbox 1070 1424 1123 1476; x_wconf 93' lang='lat' dir='ltr'><strong>in</strong></span> <span class='ocrx_word' id='word_1_69' title='bbox 1170 1421 1462 1490; x_wconf 86' lang='lat' dir='ltr'><strong>Epistulam</strong></span> <span class='ocrx_word' id='word_1_70' title='bbox 1511 1419 1575 1472; x_wconf 90' lang='lat' dir='ltr'><strong>ad</strong></span> <span class='ocrx_word' id='word_1_71' title='bbox 1615 1417 1890 1472; x_wconf 77' lang='lat' dir='ltr'><strong>Romanos</strong></span> 
     </span>
    </p>
   </div>
   <div class='ocr_carea' id='block_1_12' title="bbox 305 1510 1888 1585">
    <p class='ocr_par' dir='ltr' id='par_1_12' title="bbox 305 1510 1888 1585">
     <span class='ocr_line' id='line_1_12' title="bbox 305 1510 1888 1585; baseline -0.01 -6"><span class='ocrx_word' id='word_1_72' title='bbox 305 1521 594 1579; x_wconf 87' lang='lat' dir='ltr'><strong>conciones</strong></span> <span class='ocrx_word' id='word_1_73' title='bbox 613 1519 910 1574; x_wconf 75' lang='lat' dir='ltr'><strong>Antiochia:</strong></span> <span class='ocrx_word' id='word_1_74' title='bbox 937 1517 1123 1572; x_wconf 82' lang='lat' dir='ltr'><strong>habuit</strong></span> <span class='ocrx_word' id='word_1_75' title='bbox 1149 1515 1168 1585; x_wconf 94' lang='lat'><strong>(</strong></span> <span class='ocrx_word' id='word_1_76' title='bbox 1195 1512 1255 1567; x_wconf 89' lang='grc' dir='ltr'><strong>Τ.</strong></span> <span class='ocrx_word' id='word_1_77' title='bbox 1286 1513 1340 1567; x_wconf 89' lang='lat'><strong>9.</strong></span> <span class='ocrx_word' id='word_1_78' title='bbox 1369 1528 1414 1564; x_wconf 84' lang='lat' dir='ltr'><strong>c.</strong></span> <span class='ocrx_word' id='word_1_79' title='bbox 1442 1511 1545 1567; x_wconf 77' lang='lat'><strong>533</strong></span> <span class='ocrx_word' id='word_1_80' title='bbox 1564 1515 1605 1582; x_wconf 92' lang='lat'><strong>),</strong></span> <span class='ocrx_word' id='word_1_81' title='bbox 1641 1521 1698 1565; x_wconf 92' lang='lat' dir='ltr'><strong>ut</strong></span> <span class='ocrx_word' id='word_1_82' title='bbox 1727 1510 1888 1579; x_wconf 87' lang='lat' dir='ltr'><strong>liqui-</strong></span> 
     </span>
    </p>
   </div>
   <div class='ocr_carea' id='block_1_13' title="bbox 306 1603 1888 1680">
    <p class='ocr_par' dir='ltr' id='par_1_13' title="bbox 306 1603 1888 1680">
     <span class='ocr_line' id='line_1_13' title="bbox 306 1603 1888 1680; baseline -0.009 -10"><span class='ocrx_word' id='word_1_83' title='bbox 306 1615 378 1671; x_wconf 93' lang='lat' dir='ltr'><strong>do</strong></span> <span class='ocrx_word' id='word_1_84' title='bbox 404 1622 697 1670; x_wconf 75' lang='lat' dir='ltr'><strong>constatex</strong></span> <span class='ocrx_word' id='word_1_85' title='bbox 727 1612 811 1677; x_wconf 90' lang='lat' dir='ltr'><strong>iis,</strong></span> <span class='ocrx_word' id='word_1_86' title='bbox 839 1626 957 1680; x_wconf 77' lang='lat' dir='ltr'><strong>qua:</strong></span> <span class='ocrx_word' id='word_1_87' title='bbox 988 1610 1040 1663; x_wconf 92' lang='lat' dir='ltr'><strong>in</strong></span> <span class='ocrx_word' id='word_1_88' title='bbox 1072 1607 1387 1662; x_wconf 70' lang='lat' dir='ltr'><strong>Praefatione</strong></span> <span class='ocrx_word' id='word_1_89' title='bbox 1405 1605 1650 1660; x_wconf 81' lang='lat' dir='ltr'><strong>diximus.</strong></span> <span class='ocrx_word' id='word_1_90' title='bbox 1678 1603 1772 1658; x_wconf 88' lang='lat' dir='ltr'><strong>llis</strong></span> <span class='ocrx_word' id='word_1_91' title='bbox 1795 1618 1888 1657; x_wconf 57' lang='lat' dir='ltr'><strong>an.</strong></span> 
     </span>
    </p>
   </div>
   <div class='ocr_carea' id='block_1_14' title="bbox 308 1693 1890 1766">
    <p class='ocr_par' dir='ltr' id='par_1_14' title="bbox 308 1693 1890 1766">
     <span class='ocr_line' id='line_1_14' title="bbox 308 1693 1890 1766; baseline -0.008 -6"><span class='ocrx_word' id='word_1_92' title='bbox 308 1716 414 1760; x_wconf 88' lang='lat' dir='ltr'><strong>tem</strong></span> <span class='ocrx_word' id='word_1_93' title='bbox 458 1703 754 1759; x_wconf 88' lang='lat' dir='ltr'><strong>accuratius</strong></span> <span class='ocrx_word' id='word_1_94' title='bbox 801 1699 1184 1756; x_wconf 89' lang='lat' dir='ltr'><strong>coneinnandis</strong></span> <span class='ocrx_word' id='word_1_95' title='bbox 1235 1711 1452 1766; x_wconf 84' lang='lat' dir='ltr'><strong>Operam</strong></span> <span class='ocrx_word' id='word_1_96' title='bbox 1510 1695 1657 1750; x_wconf 86' lang='lat' dir='ltr'><strong>dedit</strong></span> <span class='ocrx_word' id='word_1_97' title='bbox 1703 1693 1890 1748; x_wconf 91' lang='lat' dir='ltr'><strong>ductor</strong></span> 
     </span>
    </p>
   </div>
   <div class='ocr_carea' id='block_1_15' title="bbox 306 1787 1888 1864">
    <p class='ocr_par' dir='ltr' id='par_1_15' title="bbox 306 1787 1888 1864">
     <span class='ocr_line' id='line_1_15' title="bbox 306 1787 1888 1864; baseline -0.008 -14"><span class='ocrx_word' id='word_1_98' title='bbox 306 1805 509 1859; x_wconf 83' lang='lat' dir='ltr'><strong>noster,</strong></span> <span class='ocrx_word' id='word_1_99' title='bbox 540 1794 660 1864; x_wconf 87' lang='lat' dir='ltr'><strong>quia</strong></span> <span class='ocrx_word' id='word_1_100' title='bbox 691 1794 742 1846; x_wconf 91' lang='lat' dir='ltr'><strong>in</strong></span> <span class='ocrx_word' id='word_1_101' title='bbox 762 1793 859 1846; x_wconf 88' lang='lat' dir='ltr'><strong>hac</strong></span> <span class='ocrx_word' id='word_1_102' title='bbox 879 1789 1100 1861; x_wconf 87' lang='lat' dir='ltr'><strong>epistola</strong></span> <span class='ocrx_word' id='word_1_103' title='bbox 1122 1789 1314 1844; x_wconf 84' lang='lat' dir='ltr'><strong>Paulus</strong></span> <span class='ocrx_word' id='word_1_104' title='bbox 1330 1787 1888 1842; x_wconf 90' lang='lat' dir='ltr'><strong>ubscurahumanum-</strong></span> 
     </span>
    </p>
   </div>
   <div class='ocr_carea' id='block_1_16' title="bbox 306 1879 1889 1956">
    <p class='ocr_par' dir='ltr' id='par_1_16' title="bbox 306 1879 1889 1956">
     <span class='ocr_line' id='line_1_16' title="bbox 306 1879 1889 1956; baseline -0.007 -15"><span class='ocrx_word' id='word_1_105' title='bbox 306 1901 410 1956; x_wconf 89' lang='lat' dir='ltr'><strong>que</strong></span> <span class='ocrx_word' id='word_1_106' title='bbox 436 1884 765 1940; x_wconf 84' lang='lat' dir='ltr'><strong>ratiocinium</strong></span> <span class='ocrx_word' id='word_1_107' title='bbox 794 1881 1162 1952; x_wconf 83' lang='lat' dir='ltr'><strong>exsuperantia</strong></span> <span class='ocrx_word' id='word_1_108' title='bbox 1182 1881 1342 1934; x_wconf 90' lang='lat' dir='ltr'><strong>multa</strong></span> <span class='ocrx_word' id='word_1_109' title='bbox 1368 1879 1740 1941; x_wconf 84' lang='lat' dir='ltr'><strong>admiscuerat,</strong></span> <span class='ocrx_word' id='word_1_110' title='bbox 1770 1892 1889 1947; x_wconf 72' lang='lat' dir='ltr'><strong>qua:</strong></span> 
     </span>
    </p>
   </div>
   <div class='ocr_carea' id='block_1_17' title="bbox 308 1970 1890 2048">
    <p class='ocr_par' dir='ltr' id='par_1_17' title="bbox 308 1970 1890 2048">
     <span class='ocr_line' id='line_1_17' title="bbox 308 1970 1890 2048; baseline -0.006 -16"><span class='ocrx_word' id='word_1_111' title='bbox 308 1975 584 2048; x_wconf 88' lang='lat' dir='ltr'><strong>ingenioso</strong></span> <span class='ocrx_word' id='word_1_112' title='bbox 612 1990 677 2031; x_wconf 91' lang='lat' dir='ltr'><strong>ac</strong></span> <span class='ocrx_word' id='word_1_113' title='bbox 700 1985 918 2029; x_wconf 89' lang='lat' dir='ltr'><strong>strenuo</strong></span> <span class='ocrx_word' id='word_1_114' title='bbox 947 1975 1235 2043; x_wconf 85' lang='lat' dir='ltr'><strong>interprete</strong></span> <span class='ocrx_word' id='word_1_115' title='bbox 1261 1986 1395 2040; x_wconf 89' lang='lat' dir='ltr'><strong>opus</strong></span> <span class='ocrx_word' id='word_1_116' title='bbox 1443 1971 1660 2025; x_wconf 87' lang='lat' dir='ltr'><strong>habent.</strong></span> <span class='ocrx_word' id='word_1_117' title='bbox 1709 1970 1890 2038; x_wconf 84' lang='lat' dir='ltr'><strong>Expli-</strong></span> 
     </span>
    </p>
   </div>
   <div class='ocr_carea' id='block_1_18' title="bbox 305 2061 1889 2136">
    <p class='ocr_par' dir='ltr' id='par_1_18' title="bbox 305 2061 1889 2136">
     <span class='ocr_line' id='line_1_18' title="bbox 305 2061 1889 2136; baseline -0.005 -14"><span class='ocrx_word' id='word_1_118' title='bbox 305 2069 488 2123; x_wconf 88' lang='lat' dir='ltr'><strong>candis</strong></span> <span class='ocrx_word' id='word_1_119' title='bbox 511 2067 718 2121; x_wconf 88' lang='lat' dir='ltr'><strong>arcanis</strong></span> <span class='ocrx_word' id='word_1_120' title='bbox 750 2067 853 2122; x_wconf 89' lang='lat' dir='ltr'><strong>illis</strong></span> <span class='ocrx_word' id='word_1_121' title='bbox 884 2066 1172 2136; x_wconf 79' lang='lat' dir='ltr'><strong>mysteriis,</strong></span> <span class='ocrx_word' id='word_1_122' title='bbox 1195 2079 1313 2133; x_wconf 74' lang='lat' dir='ltr'><strong>qua:</strong></span> <span class='ocrx_word' id='word_1_123' title='bbox 1341 2064 1541 2134; x_wconf 82' lang='lat' dir='ltr'><strong>passim</strong></span> <span class='ocrx_word' id='word_1_124' title='bbox 1583 2063 1634 2114; x_wconf 92' lang='lat' dir='ltr'><strong>in</strong></span> <span class='ocrx_word' id='word_1_125' title='bbox 1656 2061 1752 2117; x_wconf 91' lang='lat' dir='ltr'><strong>hac</strong></span> <span class='ocrx_word' id='word_1_126' title='bbox 1773 2062 1889 2132; x_wconf 88' lang='lat' dir='ltr'><strong>cpi-</strong></span> 
     </span>
    </p>
   </div>
   <div class='ocr_carea' id='block_1_19' title="bbox 305 2153 1890 2225">
    <p class='ocr_par' dir='ltr' id='par_1_19' title="bbox 305 2153 1890 2225">
     <span class='ocr_line' id='line_1_19' title="bbox 305 2153 1890 2225; baseline -0.003 -12"><span class='ocrx_word' id='word_1_127' title='bbox 305 2167 441 2214; x_wconf 81' lang='lat' dir='ltr'><strong>stola</strong></span> <span class='ocrx_word' id='word_1_128' title='bbox 471 2165 777 2225; x_wconf 78' lang='lat' dir='ltr'><strong>occurrunt,</strong></span> <span class='ocrx_word' id='word_1_129' title='bbox 808 2167 1004 2211; x_wconf 89' lang='lat' dir='ltr'><strong>tantam</strong></span> <span class='ocrx_word' id='word_1_130' title='bbox 1025 2155 1261 2211; x_wconf 82' lang='lat' dir='ltr'><strong>Joannes</strong></span> <span class='ocrx_word' id='word_1_131' title='bbox 1289 2164 1472 2208; x_wconf 90' lang='lat' dir='ltr'><strong>noster</strong></span> <span class='ocrx_word' id='word_1_132' title='bbox 1491 2153 1731 2208; x_wconf 87' lang='lat' dir='ltr'><strong>adhibuit</strong></span> <span class='ocrx_word' id='word_1_133' title='bbox 1757 2168 1890 2222; x_wconf 90' lang='lat' dir='ltr'><strong>ope-</strong></span> 
     </span>
    </p>
   </div>
   <div class='ocr_carea' id='block_1_20' title="bbox 305 2245 1888 2318">
    <p class='ocr_par' dir='ltr' id='par_1_20' title="bbox 305 2245 1888 2318">
     <span class='ocr_line' id='line_1_20' title="bbox 305 2245 1888 2318; baseline -0.003 -14"><span class='ocrx_word' id='word_1_134' title='bbox 305 2265 442 2315; x_wconf 88' lang='lat' dir='ltr'><strong>ram,</strong></span> <span class='ocrx_word' id='word_1_135' title='bbox 473 2259 528 2304; x_wconf 92' lang='lat' dir='ltr'><strong>ut</strong></span> <span class='ocrx_word' id='word_1_136' title='bbox 553 2247 639 2303; x_wconf 76' lang='lat' dir='ltr'><strong>vix</strong></span> <span class='ocrx_word' id='word_1_137' title='bbox 670 2264 848 2318; x_wconf 90' lang='lat' dir='ltr'><strong>parem</strong></span> <span class='ocrx_word' id='word_1_138' title='bbox 880 2251 932 2302; x_wconf 89' lang='lat' dir='ltr'><strong>in</strong></span> <span class='ocrx_word' id='word_1_139' title='bbox 978 2247 1188 2315; x_wconf 84' lang='lat' dir='ltr'><strong>scriptis</strong></span> <span class='ocrx_word' id='word_1_140' title='bbox 1209 2246 1324 2316; x_wconf 87' lang='lat' dir='ltr'><strong>ejus</strong></span> <span class='ocrx_word' id='word_1_141' title='bbox 1341 2245 1727 2316; x_wconf 84' lang='lat' dir='ltr'><strong>deprehendas.</strong></span> <span class='ocrx_word' id='word_1_142' title='bbox 1755 2245 1888 2300; x_wconf 86' lang='lat' dir='ltr'><strong>Cer-</strong></span> 
     </span>
    </p>
   </div>
   <div class='ocr_carea' id='block_1_21' title="bbox 305 2337 1890 2410">
    <p class='ocr_par' dir='ltr' id='par_1_21' title="bbox 305 2337 1890 2410">
     <span class='ocr_line' id='line_1_21' title="bbox 305 2337 1890 2410; baseline -0.002 -15"><span class='ocrx_word' id='word_1_143' title='bbox 305 2348 357 2397; x_wconf 90' lang='lat' dir='ltr'><strong>te</strong></span> <span class='ocrx_word' id='word_1_144' title='bbox 378 2345 541 2397; x_wconf 89' lang='lat' dir='ltr'><strong>multa</strong></span> <span class='ocrx_word' id='word_1_145' title='bbox 563 2342 613 2396; x_wconf 92' lang='lat' dir='ltr'><strong>in</strong></span> <span class='ocrx_word' id='word_1_146' title='bbox 645 2343 728 2396; x_wconf 93' lang='lat' dir='ltr'><strong>illa</strong></span> <span class='ocrx_word' id='word_1_147' title='bbox 751 2341 1011 2397; x_wconf 89' lang='lat' dir='ltr'><strong>habentur</strong></span> <span class='ocrx_word' id='word_1_148' title='bbox 1035 2341 1176 2396; x_wconf 89' lang='lat' dir='ltr'><strong>circa</strong></span> <span class='ocrx_word' id='word_1_149' title='bbox 1205 2341 1424 2410; x_wconf 80' lang='lat' dir='ltr'><strong>gratiam</strong></span> <span class='ocrx_word' id='word_1_150' title='bbox 1455 2348 1510 2394; x_wconf 90' lang='lat' dir='ltr'><strong>et</strong></span> <span class='ocrx_word' id='word_1_151' title='bbox 1541 2337 1890 2408; x_wconf 65' lang='lat' dir='ltr'><strong>pra&#39;deSIina-</strong></span> 
     </span>
    </p>
   </div>
   <div class='ocr_carea' id='block_1_22' title="bbox 305 2433 1890 2505">
    <p class='ocr_par' dir='ltr' id='par_1_22' title="bbox 305 2433 1890 2505">
     <span class='ocr_line' id='line_1_22' title="bbox 305 2433 1890 2505; baseline -0.003 -16"><span class='ocrx_word' id='word_1_152' title='bbox 305 2436 525 2500; x_wconf 87' lang='lat' dir='ltr'><strong>tionem,</strong></span> <span class='ocrx_word' id='word_1_153' title='bbox 557 2452 676 2505; x_wconf 78' lang='lat' dir='ltr'><strong>qua:</strong></span> <span class='ocrx_word' id='word_1_154' title='bbox 707 2434 1146 2504; x_wconf 90' lang='lat' dir='ltr'><strong>peritissimorum</strong></span> <span class='ocrx_word' id='word_1_155' title='bbox 1172 2433 1377 2503; x_wconf 89' lang='lat' dir='ltr'><strong>ingenia</strong></span> <span class='ocrx_word' id='word_1_156' title='bbox 1405 2443 1712 2494; x_wconf 79' lang='lat' dir='ltr'><strong>exerceant,</strong></span> <span class='ocrx_word' id='word_1_157' title='bbox 1743 2447 1890 2502; x_wconf 71' lang='lat' dir='ltr'><strong>qua:-</strong></span> 
     </span>
    </p>
   </div>
   <div class='ocr_carea' id='block_1_23' title="bbox 303 2525 1890 2597">
    <p class='ocr_par' dir='ltr' id='par_1_23' title="bbox 303 2525 1890 2597">
     <span class='ocr_line' id='line_1_23' title="bbox 303 2525 1890 2597; baseline -0.001 -17"><span class='ocrx_word' id='word_1_158' title='bbox 303 2543 409 2597; x_wconf 89' lang='lat' dir='ltr'><strong>quc</strong></span> <span class='ocrx_word' id='word_1_159' title='bbox 439 2542 541 2580; x_wconf 91' lang='lat' dir='ltr'><strong>non</strong></span> <span class='ocrx_word' id='word_1_160' title='bbox 568 2527 684 2582; x_wconf 84' lang='lat' dir='ltr'><strong>sine</strong></span> <span class='ocrx_word' id='word_1_161' title='bbox 712 2526 923 2581; x_wconf 90' lang='lat' dir='ltr'><strong>errandi</strong></span> <span class='ocrx_word' id='word_1_162' title='bbox 977 2527 1214 2596; x_wconf 85' lang='lat' dir='ltr'><strong>periculo</strong></span> <span class='ocrx_word' id='word_1_163' title='bbox 1263 2525 1477 2579; x_wconf 82' lang='lat' dir='ltr'><strong>tractari</strong></span> <span class='ocrx_word' id='word_1_164' title='bbox 1513 2533 1753 2594; x_wconf 91' lang='lat' dir='ltr'><strong>possunt,</strong></span> <span class='ocrx_word' id='word_1_165' title='bbox 1785 2525 1890 2580; x_wconf 90' lang='lat' dir='ltr'><strong>nisi</strong></span> 
     </span>
    </p>
   </div>
   <div class='ocr_carea' id='block_1_24' title="bbox 304 2618 1889 2689">
    <p class='ocr_par' dir='ltr' id='par_1_24' title="bbox 304 2618 1889 2689">
     <span class='ocr_line' id='line_1_24' title="bbox 304 2618 1889 2689; baseline -0.001 -15"><span class='ocrx_word' id='word_1_166' title='bbox 304 2635 492 2689; x_wconf 84' lang='lat' dir='ltr'><strong>magna</strong></span> <span class='ocrx_word' id='word_1_167' title='bbox 513 2619 686 2674; x_wconf 90' lang='lat' dir='ltr'><strong>cautio</strong></span> <span class='ocrx_word' id='word_1_168' title='bbox 709 2618 1042 2674; x_wconf 84' lang='lat' dir='ltr'><strong>adhibeatur.</strong></span> <span class='ocrx_word' id='word_1_169' title='bbox 1085 2619 1232 2673; x_wconf 86' lang='lat' dir='ltr'><strong>lianc</strong></span> <span class='ocrx_word' id='word_1_170' title='bbox 1259 2619 1573 2673; x_wconf 90' lang='lat' dir='ltr'><strong>concionum</strong></span> <span class='ocrx_word' id='word_1_171' title='bbox 1596 2619 1648 2672; x_wconf 92' lang='lat' dir='ltr'><strong>in</strong></span> <span class='ocrx_word' id='word_1_172' title='bbox 1679 2618 1889 2688; x_wconf 84' lang='lat' dir='ltr'><strong>Episto-</strong></span> 
     </span>
    </p>
   </div>
   <div class='ocr_carea' id='block_1_25' title="bbox 305 2710 1890 2780">
    <p class='ocr_par' dir='ltr' id='par_1_25' title="bbox 305 2710 1890 2780">
     <span class='ocr_line' id='line_1_25' title="bbox 305 2710 1890 2780; baseline 0 -16"><span class='ocrx_word' id='word_1_173' title='bbox 305 2711 409 2764; x_wconf 89' lang='lat' dir='ltr'><strong>lam</strong></span> <span class='ocrx_word' id='word_1_174' title='bbox 438 2710 504 2765; x_wconf 89' lang='lat' dir='ltr'><strong>ad</strong></span> <span class='ocrx_word' id='word_1_175' title='bbox 536 2711 806 2766; x_wconf 82' lang='lat' dir='ltr'><strong>Romanos</strong></span> <span class='ocrx_word' id='word_1_176' title='bbox 825 2711 1194 2766; x_wconf 81' lang='lat' dir='ltr'><strong>collectionem</strong></span> <span class='ocrx_word' id='word_1_177' title='bbox 1247 2711 1422 2780; x_wconf 84' lang='lat' dir='ltr'><strong>magni</strong></span> <span class='ocrx_word' id='word_1_178' title='bbox 1484 2711 1610 2764; x_wconf 89' lang='lat' dir='ltr'><strong>facit</strong></span> <span class='ocrx_word' id='word_1_179' title='bbox 1661 2710 1890 2764; x_wconf 90' lang='lat' dir='ltr'><strong>Isidorus</strong></span> 
     </span>
    </p>
   </div>
   <div class='ocr_carea' id='block_1_26' title="bbox 306 2801 1889 2875">
    <p class='ocr_par' dir='ltr' id='par_1_26' title="bbox 306 2801 1889 2875">
     <span class='ocr_line' id='line_1_26' title="bbox 306 2801 1889 2875; baseline -0.001 -16"><span class='ocrx_word' id='word_1_180' title='bbox 306 2801 593 2868; x_wconf 83' lang='lat' dir='ltr'><strong>Pelusiota,</strong></span> <span class='ocrx_word' id='word_1_181' title='bbox 623 2805 816 2875; x_wconf 86' lang='lat' dir='ltr'><strong>aliique</strong></span> <span class='ocrx_word' id='word_1_182' title='bbox 843 2804 982 2859; x_wconf 91' lang='lat' dir='ltr'><strong>docti</strong></span> <span class='ocrx_word' id='word_1_183' title='bbox 1012 2805 1109 2859; x_wconf 84' lang='lat' dir='ltr'><strong>viri</strong></span> <span class='ocrx_word' id='word_1_184' title='bbox 1157 2804 1398 2859; x_wconf 90' lang='lat' dir='ltr'><strong>eamdem</strong></span> <span class='ocrx_word' id='word_1_185' title='bbox 1449 2804 1722 2873; x_wconf 91' lang='lat' dir='ltr'><strong>proferunt</strong></span> <span class='ocrx_word' id='word_1_186' title='bbox 1763 2818 1889 2857; x_wconf 82' lang='lat' dir='ltr'><strong>sen-</strong></span> 
     </span>
    </p>
   </div>
   <div class='ocr_carea' id='block_1_27' title="bbox 306 2897 1891 2968">
    <p class='ocr_par' dir='ltr' id='par_1_27' title="bbox 306 2897 1891 2968">
     <span class='ocr_line' id='line_1_27' title="bbox 306 2897 1891 2968; baseline -0.002 -16"><span class='ocrx_word' id='word_1_187' title='bbox 306 2901 546 2954; x_wconf 89' lang='lat' dir='ltr'><strong>tentiam.</strong></span> <span class='ocrx_word' id='word_1_188' title='bbox 579 2898 778 2954; x_wconf 90' lang='lat' dir='ltr'><strong>Omnes</strong></span> <span class='ocrx_word' id='word_1_189' title='bbox 797 2898 1028 2968; x_wconf 87' lang='lat' dir='ltr'><strong>denique</strong></span> <span class='ocrx_word' id='word_1_190' title='bbox 1058 2897 1143 2951; x_wconf 91' lang='lat' dir='ltr'><strong>hic</strong></span> <span class='ocrx_word' id='word_1_191' title='bbox 1164 2899 1419 2966; x_wconf 80' lang='lat' dir='ltr'><strong>grandem</strong></span> <span class='ocrx_word' id='word_1_192' title='bbox 1453 2897 1646 2966; x_wconf 84' lang='lat' dir='ltr'><strong>ingenii</strong></span> <span class='ocrx_word' id='word_1_193' title='bbox 1679 2897 1891 2951; x_wconf 86' lang='lat' dir='ltr'><strong>subtili-</strong></span> 
     </span>
    </p>
   </div>
   <div class='ocr_carea' id='block_1_28' title="bbox 307 2988 1892 3058">
    <p class='ocr_par' dir='ltr' id='par_1_28' title="bbox 307 2988 1892 3058">
     <span class='ocr_line' id='line_1_28' title="bbox 307 2988 1892 3058; baseline -0.002 -14"><span class='ocrx_word' id='word_1_194' title='bbox 307 2999 487 3055; x_wconf 89' lang='lat' dir='ltr'><strong>tatem,</strong></span> <span class='ocrx_word' id='word_1_195' title='bbox 512 2989 698 3044; x_wconf 86' lang='lat' dir='ltr'><strong>orandi</strong></span> <span class='ocrx_word' id='word_1_196' title='bbox 721 2990 825 3043; x_wconf 89' lang='lat' dir='ltr'><strong>vim</strong></span> <span class='ocrx_word' id='word_1_197' title='bbox 847 2998 901 3044; x_wconf 87' lang='lat' dir='ltr'><strong>ct</strong></span> <span class='ocrx_word' id='word_1_198' title='bbox 939 2989 1252 3058; x_wconf 79' lang='lat' dir='ltr'><strong>elegantiam</strong></span> <span class='ocrx_word' id='word_1_199' title='bbox 1297 3004 1402 3057; x_wconf 83' lang='lat' dir='ltr'><strong>pra:</strong></span> <span class='ocrx_word' id='word_1_200' title='bbox 1431 3003 1488 3042; x_wconf 90' lang='lat' dir='ltr'><strong>se</strong></span> <span class='ocrx_word' id='word_1_201' title='bbox 1506 2988 1700 3052; x_wconf 81' lang='lat' dir='ltr'><strong>ferunt,</strong></span> <span class='ocrx_word' id='word_1_202' title='bbox 1733 2996 1892 3056; x_wconf 86' lang='lat' dir='ltr'><strong>atque</strong></span> 
     </span>
    </p>
   </div>
   <div class='ocr_carea' id='block_1_29' title="bbox 306 3080 1892 3154">
    <p class='ocr_par' dir='ltr' id='par_1_29' title="bbox 306 3080 1892 3154">
     <span class='ocr_line' id='line_1_29' title="bbox 306 3080 1892 3154; baseline -0.003 -16"><span class='ocrx_word' id='word_1_203' title='bbox 306 3086 535 3138; x_wconf 84' lang='lat' dir='ltr'><strong>nativam</strong></span> <span class='ocrx_word' id='word_1_204' title='bbox 560 3084 674 3153; x_wconf 76' lang='lat' dir='ltr'><strong>ejus</strong></span> <span class='ocrx_word' id='word_1_205' title='bbox 708 3082 1086 3153; x_wconf 76' lang='lat' dir='ltr'><strong>eloquentiam,</strong></span> <span class='ocrx_word' id='word_1_206' title='bbox 1141 3083 1442 3154; x_wconf 78' lang='lat' dir='ltr'><strong>stylumque</strong></span> <span class='ocrx_word' id='word_1_207' title='bbox 1483 3081 1694 3135; x_wconf 73' lang='lat' dir='ltr'><strong>cazteris</strong></span> <span class='ocrx_word' id='word_1_208' title='bbox 1723 3080 1892 3152; x_wconf 82' lang='lat' dir='ltr'><strong>Chry-</strong></span> 
     </span>
    </p>
   </div>
   <div class='ocr_carea' id='block_1_30' title="bbox 305 3173 1891 3248">
    <p class='ocr_par' dir='ltr' id='par_1_30' title="bbox 305 3173 1891 3248">
     <span class='ocr_line' id='line_1_30' title="bbox 305 3173 1891 3248; baseline -0.003 -16"><span class='ocrx_word' id='word_1_209' title='bbox 305 3179 528 3232; x_wconf 88' lang='lat' dir='ltr'><strong>sostomi</strong></span> <span class='ocrx_word' id='word_1_210' title='bbox 555 3179 804 3248; x_wconf 91' lang='lat' dir='ltr'><strong>operibus</strong></span> <span class='ocrx_word' id='word_1_211' title='bbox 827 3177 906 3232; x_wconf 90' lang='lat' dir='ltr'><strong>sic</strong></span> <span class='ocrx_word' id='word_1_212' title='bbox 930 3176 1167 3241; x_wconf 88' lang='lat' dir='ltr'><strong>affinem,</strong></span> <span class='ocrx_word' id='word_1_213' title='bbox 1201 3185 1384 3229; x_wconf 88' lang='lat' dir='ltr'><strong>utnon</strong></span> <span class='ocrx_word' id='word_1_214' title='bbox 1419 3175 1487 3229; x_wconf 89' lang='lat' dir='ltr'><strong>sit</strong></span> <span class='ocrx_word' id='word_1_215' title='bbox 1508 3189 1668 3230; x_wconf 89' lang='lat' dir='ltr'><strong>ovum</strong></span> <span class='ocrx_word' id='word_1_216' title='bbox 1689 3189 1792 3228; x_wconf 88' lang='lat' dir='ltr'><strong>ovo</strong></span> <span class='ocrx_word' id='word_1_217' title='bbox 1817 3173 1891 3228; x_wconf 82' lang='lat' dir='ltr'><strong>si-</strong></span> 
     </span>
    </p>
   </div>
   <div class='ocr_carea' id='block_1_31' title="bbox 308 3269 505 3323">
    <p class='ocr_par' dir='ltr' id='par_1_31' title="bbox 308 3269 505 3323">
     <span class='ocr_line' id='line_1_31' title="bbox 308 3269 505 3323; baseline -0.005 0"><span class='ocrx_word' id='word_1_218' title='bbox 308 3269 505 3323; x_wconf 90' lang='lat' dir='ltr'><strong>milius.</strong></span> 
     </span>
    </p>
   </div>
   <div class='ocr_carea' id='block_1_32' title="bbox 380 3357 1891 3430">
    <p class='ocr_par' dir='ltr' id='par_1_32' title="bbox 380 3357 1891 3430">
     <span class='ocr_line' id='line_1_32' title="bbox 380 3357 1891 3430; baseline -0.002 -15"><span class='ocrx_word' id='word_1_219' title='bbox 380 3361 521 3415; x_wconf 90' lang='lat' dir='ltr'><strong>Inter</strong></span> <span class='ocrx_word' id='word_1_220' title='bbox 545 3359 979 3430; x_wconf 82' lang='lat' dir='ltr'><strong>praestantissima</strong></span> <span class='ocrx_word' id='word_1_221' title='bbox 1008 3357 1374 3430; x_wconf 79' lang='lat' dir='ltr'><strong>Chrysostomi</strong></span> <span class='ocrx_word' id='word_1_222' title='bbox 1405 3373 1564 3428; x_wconf 80' lang='lat' dir='ltr'><strong>Opera</strong></span> <span class='ocrx_word' id='word_1_223' title='bbox 1597 3372 1891 3413; x_wconf 80' lang='lat' dir='ltr'><strong>accensen-</strong></span> 
     </span>
    </p>
   </div>
   <div class='ocr_carea' id='block_1_33' title="bbox 310 3446 1892 3522">
    <p class='ocr_par' dir='ltr' id='par_1_33' title="bbox 310 3446 1892 3522">
     <span class='ocr_line' id='line_1_33' title="bbox 310 3446 1892 3522; baseline -0.004 -14"><span class='ocrx_word' id='word_1_224' title='bbox 310 3463 396 3508; x_wconf 81' lang='lat' dir='ltr'><strong>tur</strong></span> <span class='ocrx_word' id='word_1_225' title='bbox 420 3454 662 3509; x_wconf 74' lang='lat' dir='ltr'><strong>llomilia:</strong></span> <span class='ocrx_word' id='word_1_226' title='bbox 683 3453 735 3506; x_wconf 92' lang='lat' dir='ltr'><strong>in</strong></span> <span class='ocrx_word' id='word_1_227' title='bbox 766 3452 1060 3522; x_wconf 87' lang='lat' dir='ltr'><strong>Epistulam</strong></span> <span class='ocrx_word' id='word_1_228' title='bbox 1104 3461 1384 3520; x_wconf 89' lang='lat' dir='ltr'><strong>utramque</strong></span> <span class='ocrx_word' id='word_1_229' title='bbox 1412 3450 1556 3504; x_wconf 91' lang='lat' dir='ltr'><strong>Pauli</strong></span> <span class='ocrx_word' id='word_1_230' title='bbox 1586 3449 1654 3504; x_wconf 89' lang='lat' dir='ltr'><strong>ad</strong></span> <span class='ocrx_word' id='word_1_231' title='bbox 1699 3446 1892 3503; x_wconf 90' lang='lat' dir='ltr'><strong>Corin-</strong></span> 
     </span>
    </p>
   </div>
   <div class='ocr_carea' id='block_1_34' title="bbox 311 3541 1893 3617">
    <p class='ocr_par' dir='ltr' id='par_1_34' title="bbox 311 3541 1893 3617">
     <span class='ocr_line' id='line_1_34' title="bbox 311 3541 1893 3617; baseline -0.004 -17"><span class='ocrx_word' id='word_1_232' title='bbox 311 3547 449 3601; x_wconf 91' lang='lat' dir='ltr'><strong>thios</strong></span> <span class='ocrx_word' id='word_1_233' title='bbox 477 3546 494 3617; x_wconf 96' lang='lat'>(</span> <span class='ocrx_word' id='word_1_234' title='bbox 520 3545 580 3600; x_wconf 87' lang='grc' dir='ltr'><strong>Τ.</strong></span> <span class='ocrx_word' id='word_1_235' title='bbox 610 3545 678 3601; x_wconf 75' lang='grc'><strong>10</strong></span> <span class='ocrx_word' id='word_1_236' title='bbox 703 3545 746 3616; x_wconf 84' lang='grc'><strong>),</strong></span> <span class='ocrx_word' id='word_1_237' title='bbox 773 3561 835 3598; x_wconf 89' lang='lat' dir='ltr'><strong>ac</strong></span> <span class='ocrx_word' id='word_1_238' title='bbox 859 3560 978 3599; x_wconf 91' lang='lat' dir='ltr'><strong>eum</strong></span> <span class='ocrx_word' id='word_1_239' title='bbox 1010 3542 1194 3613; x_wconf 87' lang='lat' dir='ltr'><strong>primis</strong></span> <span class='ocrx_word' id='word_1_240' title='bbox 1241 3541 1500 3612; x_wconf 84' lang='lat' dir='ltr'><strong>elegantia</strong></span> <span class='ocrx_word' id='word_1_241' title='bbox 1530 3548 1585 3595; x_wconf 88' lang='lat' dir='ltr'><strong>et</strong></span> <span class='ocrx_word' id='word_1_242' title='bbox 1637 3541 1893 3610; x_wconf 79' lang='lat' dir='ltr'><strong>gravitate</strong></span> 
     </span>
    </p>
   </div>
   <div class='ocr_carea' id='block_1_35' title="bbox 307 3632 1892 3706">
    <p class='ocr_par' dir='ltr' id='par_1_35' title="bbox 307 3632 1892 3706">
     <span class='ocr_line' id='line_1_35' title="bbox 307 3632 1892 3706; baseline -0.006 -13"><span class='ocrx_word' id='word_1_243' title='bbox 307 3648 619 3693; x_wconf 88' lang='lat' dir='ltr'><strong>concertare</strong></span> <span class='ocrx_word' id='word_1_244' title='bbox 645 3643 866 3706; x_wconf 79' lang='lat' dir='ltr'><strong>possunt</strong></span> <span class='ocrx_word' id='word_1_245' title='bbox 894 3650 910 3702; x_wconf 90' lang='lat'><strong>;</strong></span> <span class='ocrx_word' id='word_1_246' title='bbox 935 3635 1163 3689; x_wconf 80' lang='lat' dir='ltr'><strong>maxime</strong></span> <span class='ocrx_word' id='word_1_247' title='bbox 1178 3649 1306 3688; x_wconf 87' lang='lat' dir='ltr'><strong>vero</strong></span> <span class='ocrx_word' id='word_1_248' title='bbox 1324 3632 1564 3687; x_wconf 75' lang='lat' dir='ltr'><strong>Humilia:</strong></span> <span class='ocrx_word' id='word_1_249' title='bbox 1592 3632 1644 3686; x_wconf 90' lang='lat' dir='ltr'><strong>in</strong></span> <span class='ocrx_word' id='word_1_250' title='bbox 1669 3632 1892 3701; x_wconf 88' lang='lat' dir='ltr'><strong>primam</strong></span> 
     </span>
    </p>
   </div>
   <div class='ocr_carea' id='block_1_36' title="bbox 309 3725 1894 3799">
    <p class='ocr_par' dir='ltr' id='par_1_36' title="bbox 309 3725 1894 3799">
     <span class='ocr_line' id='line_1_36' title="bbox 309 3725 1894 3799; baseline -0.004 -14"><span class='ocrx_word' id='word_1_251' title='bbox 309 3729 620 3799; x_wconf 85' lang='lat' dir='ltr'><strong>Epistulam,</strong></span> <span class='ocrx_word' id='word_1_252' title='bbox 648 3743 782 3798; x_wconf 91' lang='lat' dir='ltr'><strong>quas</strong></span> <span class='ocrx_word' id='word_1_253' title='bbox 825 3727 1070 3782; x_wconf 81' lang='lat' dir='ltr'><strong>Homiliis</strong></span> <span class='ocrx_word' id='word_1_254' title='bbox 1101 3725 1484 3781; x_wconf 84' lang='lat' dir='ltr'><strong>ad&#39;secundam</strong></span> <span class='ocrx_word' id='word_1_255' title='bbox 1530 3725 1680 3780; x_wconf 90' lang='lat' dir='ltr'><strong>multi</strong></span> <span class='ocrx_word' id='word_1_256' title='bbox 1708 3733 1894 3794; x_wconf 88' lang='lat' dir='ltr'><strong>putant</strong></span> 
     </span>
    </p>
   </div>
   <div class='ocr_carea' id='block_1_37' title="bbox 308 3819 1891 3896">
    <p class='ocr_par' dir='ltr' id='par_1_37' title="bbox 308 3819 1891 3896">
     <span class='ocr_line' id='line_1_37' title="bbox 308 3819 1891 3896; baseline -0.004 -18"><span class='ocrx_word' id='word_1_257' title='bbox 308 3838 429 3878; x_wconf 87' lang='lat' dir='ltr'><strong>esse</strong></span> <span class='ocrx_word' id='word_1_258' title='bbox 453 3821 848 3882; x_wconf 72' lang='lat' dir='ltr'><strong>anteferendus,</strong></span> <span class='ocrx_word' id='word_1_259' title='bbox 881 3821 925 3875; x_wconf 91' lang='lat' dir='ltr'><strong>si</strong></span> <span class='ocrx_word' id='word_1_260' title='bbox 957 3831 1134 3891; x_wconf 85' lang='lat' dir='ltr'><strong>tropos</strong></span> <span class='ocrx_word' id='word_1_261' title='bbox 1152 3829 1204 3875; x_wconf 90' lang='lat' dir='ltr'><strong>et</strong></span> <span class='ocrx_word' id='word_1_262' title='bbox 1241 3819 1636 3896; x_wconf 80' lang='lat' dir='ltr'><strong>accuratiopem</strong></span> <span class='ocrx_word' id='word_1_263' title='bbox 1681 3828 1891 3886; x_wconf 85' lang='lat' dir='ltr'><strong>speeta-</strong></span> 
     </span>
    </p>
   </div>
   <div class='ocr_carea' id='block_1_38' title="bbox 309 3910 1892 3982">
    <p class='ocr_par' dir='ltr' id='par_1_38' title="bbox 309 3910 1892 3982">
     <span class='ocr_line' id='line_1_38' title="bbox 309 3910 1892 3982; baseline -0.001 -16"><span class='ocrx_word' id='word_1_264' title='bbox 309 3915 471 3968; x_wconf 90' lang='lat' dir='ltr'><strong>vcris.</strong></span> <span class='ocrx_word' id='word_1_265' title='bbox 503 3912 560 3968; x_wconf 84' lang='lat' dir='ltr'><strong>In</strong></span> <span class='ocrx_word' id='word_1_266' title='bbox 584 3913 850 3982; x_wconf 89' lang='lat' dir='ltr'><strong>prioribus</strong></span> <span class='ocrx_word' id='word_1_267' title='bbox 884 3928 1113 3982; x_wconf 85' lang='lat' dir='ltr'><strong>namque</strong></span> <span class='ocrx_word' id='word_1_268' title='bbox 1141 3911 1424 3982; x_wconf 79' lang='lat' dir='ltr'><strong>diligenter</strong></span> <span class='ocrx_word' id='word_1_269' title='bbox 1463 3910 1640 3965; x_wconf 88' lang='lat' dir='ltr'><strong>omnia</strong></span> <span class='ocrx_word' id='word_1_270' title='bbox 1667 3910 1892 3964; x_wconf 70' lang='lat' dir='ltr'><strong>fusiore-</strong></span> 
     </span>
    </p>
   </div>
   <div class='ocr_carea' id='block_1_39' title="bbox 305 4002 1890 4084">
    <p class='ocr_par' dir='ltr' id='par_1_39' title="bbox 305 4002 1890 4084">
     <span class='ocr_line' id='line_1_39' title="bbox 305 4002 1890 4084; baseline -0.005 -22"><span class='ocrx_word' id='word_1_271' title='bbox 305 4023 414 4084; x_wconf 64' lang='grc' dir='ltr'><strong>(μεθ</strong></span> <span class='ocrx_word' id='word_1_272' title='bbox 443 4008 580 4079; x_wconf 80' lang='lat' dir='ltr'><strong>stylo</strong></span> <span class='ocrx_word' id='word_1_273' title='bbox 620 4007 973 4078; x_wconf 84' lang='lat' dir='ltr'><strong>persequitur,</strong></span> <span class='ocrx_word' id='word_1_274' title='bbox 1001 4005 1304 4074; x_wconf 87' lang='lat' dir='ltr'><strong>salibusque</strong></span> <span class='ocrx_word' id='word_1_275' title='bbox 1354 4002 1660 4073; x_wconf 88' lang='lat' dir='ltr'><strong>frequenter</strong></span> <span class='ocrx_word' id='word_1_276' title='bbox 1706 4003 1890 4066; x_wconf 87' lang='lat' dir='ltr'><strong>utitur,</strong></span> 
     </span>
    </p>
   </div>
   <div class='ocr_carea' id='block_1_40' title="bbox 308 4093 1893 4169">
    <p class='ocr_par' dir='ltr' id='par_1_40' title="bbox 308 4093 1893 4169">
     <span class='ocr_line' id='line_1_40' title="bbox 308 4093 1893 4169; baseline -0.005 -13"><span class='ocrx_word' id='word_1_277' title='bbox 308 4119 372 4157; x_wconf 90' lang='lat' dir='ltr'><strong>ac</strong></span> <span class='ocrx_word' id='word_1_278' title='bbox 395 4100 676 4156; x_wconf 88' lang='lat' dir='ltr'><strong>minutiora</strong></span> <span class='ocrx_word' id='word_1_279' title='bbox 699 4114 921 4169; x_wconf 81' lang='lat' dir='ltr'><strong>quaeque</strong></span> <span class='ocrx_word' id='word_1_280' title='bbox 948 4096 1161 4151; x_wconf 90' lang='lat' dir='ltr'><strong>discutit</strong></span> <span class='ocrx_word' id='word_1_281' title='bbox 1186 4111 1201 4157; x_wconf 83' lang='lat'><strong>;</strong></span> <span class='ocrx_word' id='word_1_282' title='bbox 1233 4111 1489 4164; x_wconf 69' lang='lat' dir='ltr'><strong>nusquam</strong></span> <span class='ocrx_word' id='word_1_283' title='bbox 1517 4103 1662 4149; x_wconf 90' lang='lat' dir='ltr'><strong>certe</strong></span> <span class='ocrx_word' id='word_1_284' title='bbox 1688 4093 1893 4162; x_wconf 86' lang='lat' dir='ltr'><strong>majore</strong></span> 
     </span>
    </p>
   </div>
   <div class='ocr_carea' id='block_1_41' title="bbox 307 4183 1893 4254">
    <p class='ocr_par' dir='ltr' id='par_1_41' title="bbox 307 4183 1893 4254">
     <span class='ocr_line' id='line_1_41' title="bbox 307 4183 1893 4254; baseline -0.007 -5"><span class='ocrx_word' id='word_1_285' title='bbox 307 4192 483 4249; x_wconf 76' lang='lat' dir='ltr'><strong>studio</strong></span> <span class='ocrx_word' id='word_1_286' title='bbox 505 4190 805 4248; x_wconf 83' lang='lat' dir='ltr'><strong>elaboratas</strong></span> <span class='ocrx_word' id='word_1_287' title='bbox 843 4188 1131 4242; x_wconf 91' lang='lat' dir='ltr'><strong>conciones</strong></span> <span class='ocrx_word' id='word_1_288' title='bbox 1177 4183 1586 4254; x_wconf 84' lang='lat' dir='ltr'><strong>deprehendas;</strong></span> <span class='ocrx_word' id='word_1_289' title='bbox 1625 4201 1728 4253; x_wconf 90' lang='lat' dir='ltr'><strong>qua</strong></span> <span class='ocrx_word' id='word_1_290' title='bbox 1759 4185 1808 4236; x_wconf 91' lang='lat' dir='ltr'><strong>in</strong></span> <span class='ocrx_word' id='word_1_291' title='bbox 1834 4200 1893 4238; x_wconf 90' lang='lat' dir='ltr'><strong>re</strong></span> 
     </span>
    </p>
   </div>
   <div class='ocr_carea' id='block_1_42' title="bbox 311 4280 1894 4356">
    <p class='ocr_par' dir='ltr' id='par_1_42' title="bbox 311 4280 1894 4356">
     <span class='ocr_line' id='line_1_42' title="bbox 311 4280 1894 4356; baseline -0.005 -14"><span class='ocrx_word' id='word_1_292' title='bbox 311 4286 535 4342; x_wconf 87' lang='lat' dir='ltr'><strong>fortasse</strong></span> <span class='ocrx_word' id='word_1_293' title='bbox 555 4287 768 4356; x_wconf 89' lang='lat' dir='ltr'><strong>quidam</strong></span> <span class='ocrx_word' id='word_1_294' title='bbox 802 4283 1042 4337; x_wconf 87' lang='lat' dir='ltr'><strong>hodierni</strong></span> <span class='ocrx_word' id='word_1_295' title='bbox 1063 4283 1289 4336; x_wconf 89' lang='lat' dir='ltr'><strong>lectores</strong></span> <span class='ocrx_word' id='word_1_296' title='bbox 1320 4281 1617 4336; x_wconf 88' lang='lat' dir='ltr'><strong>redundare</strong></span> <span class='ocrx_word' id='word_1_297' title='bbox 1646 4280 1813 4342; x_wconf 88' lang='lat' dir='ltr'><strong>illum,</strong></span> <span class='ocrx_word' id='word_1_298' title='bbox 1838 4289 1894 4336; x_wconf 89' lang='lat' dir='ltr'><strong>et</strong></span> 
     </span>
    </p>
   </div>
   <div class='ocr_carea' id='block_1_43' title="bbox 310 4371 1886 4445">
    <p class='ocr_par' dir='ltr' id='par_1_43' title="bbox 310 4371 1886 4445">
     <span class='ocr_line' id='line_1_43' title="bbox 310 4371 1886 4445; baseline -0.003 -13"><span class='ocrx_word' id='word_1_299' title='bbox 310 4379 446 4434; x_wconf 90' lang='lat' dir='ltr'><strong>ultra</strong></span> <span class='ocrx_word' id='word_1_300' title='bbox 473 4388 642 4433; x_wconf 90' lang='lat' dir='ltr'><strong>melas</strong></span> <span class='ocrx_word' id='word_1_301' title='bbox 688 4389 1084 4445; x_wconf 87' lang='lat' dir='ltr'><strong>nonnumquam</strong></span> <span class='ocrx_word' id='word_1_302' title='bbox 1130 4373 1376 4445; x_wconf 80' lang='lat' dir='ltr'><strong>progredi</strong></span> <span class='ocrx_word' id='word_1_303' title='bbox 1415 4371 1886 4428; x_wconf 80' lang='lat' dir='ltr'><strong>dixerint.Verum</strong></span> 
     </span>
    </p>
   </div>
   <div class='ocr_carea' id='block_1_44' title="bbox 309 4465 1890 4542">
    <p class='ocr_par' dir='ltr' id='par_1_44' title="bbox 309 4465 1890 4542">
     <span class='ocr_line' id='line_1_44' title="bbox 309 4465 1890 4542; baseline -0.004 -15"><span class='ocrx_word' id='word_1_304' title='bbox 309 4471 419 4538; x_wconf 88' lang='lat' dir='ltr'><strong>ille,</strong></span> <span class='ocrx_word' id='word_1_305' title='bbox 441 4471 581 4542; x_wconf 90' lang='lat' dir='ltr'><strong>quod</strong></span> <span class='ocrx_word' id='word_1_306' title='bbox 609 4472 928 4540; x_wconf 74' lang='lat' dir='ltr'><strong>prtecipuum</strong></span> <span class='ocrx_word' id='word_1_307' title='bbox 975 4477 1060 4525; x_wconf 86' lang='lat' dir='ltr'><strong>est</strong></span> <span class='ocrx_word' id='word_1_308' title='bbox 1098 4468 1322 4522; x_wconf 90' lang='lat' dir='ltr'><strong>oratoris</strong></span> <span class='ocrx_word' id='word_1_309' title='bbox 1352 4483 1563 4532; x_wconf 90' lang='lat' dir='ltr'><strong>munus,</strong></span> <span class='ocrx_word' id='word_1_310' title='bbox 1591 4465 1890 4522; x_wconf 90' lang='lat' dir='ltr'><strong>auditorum</strong></span> 
     </span>
    </p>
   </div>
   <div class='ocr_carea' id='block_1_45' title="bbox 310 4557 1894 4634">
    <p class='ocr_par' dir='ltr' id='par_1_45' title="bbox 310 4557 1894 4634">
     <span class='ocr_line' id='line_1_45' title="bbox 310 4557 1894 4634; baseline -0.003 -18"><span class='ocrx_word' id='word_1_311' title='bbox 310 4562 580 4634; x_wconf 87' lang='lat' dir='ltr'><strong>ingenium</strong></span> <span class='ocrx_word' id='word_1_312' title='bbox 609 4572 662 4616; x_wconf 88' lang='lat' dir='ltr'><strong>et</strong></span> <span class='ocrx_word' id='word_1_313' title='bbox 691 4572 900 4632; x_wconf 89' lang='lat' dir='ltr'><strong>captum</strong></span> <span class='ocrx_word' id='word_1_314' title='bbox 932 4571 1036 4615; x_wconf 92' lang='lat' dir='ltr'><strong>tam</strong></span> <span class='ocrx_word' id='word_1_315' title='bbox 1058 4560 1284 4616; x_wconf 88' lang='lat' dir='ltr'><strong>solerter</strong></span> <span class='ocrx_word' id='word_1_316' title='bbox 1313 4559 1700 4628; x_wconf 73' lang='lat' dir='ltr'><strong>exploraverat,</strong></span> <span class='ocrx_word' id='word_1_317' title='bbox 1738 4567 1794 4612; x_wconf 93' lang='lat' dir='ltr'><strong>ut</strong></span> <span class='ocrx_word' id='word_1_318' title='bbox 1817 4557 1894 4612; x_wconf 86' lang='lat' dir='ltr'><strong>si-</strong></span> 
     </span>
    </p>
   </div>
   <div class='ocr_carea' id='block_1_46' title="bbox 310 4651 1894 4723">
    <p class='ocr_par' dir='ltr' id='par_1_46' title="bbox 310 4651 1894 4723">
     <span class='ocr_line' id='line_1_46' title="bbox 310 4651 1894 4723; baseline -0.004 -13"><span class='ocrx_word' id='word_1_319' title='bbox 310 4654 362 4710; x_wconf 85' lang='lat' dir='ltr'><strong>bi</strong></span> <span class='ocrx_word' id='word_1_320' title='bbox 383 4669 570 4710; x_wconf 91' lang='lat' dir='ltr'><strong>eorum</strong></span> <span class='ocrx_word' id='word_1_321' title='bbox 589 4654 796 4708; x_wconf 91' lang='lat' dir='ltr'><strong>animos</strong></span> <span class='ocrx_word' id='word_1_322' title='bbox 812 4654 1137 4718; x_wconf 90' lang='lat' dir='ltr'><strong>conciliaret,</strong></span> <span class='ocrx_word' id='word_1_323' title='bbox 1156 4660 1358 4723; x_wconf 85' lang='lat' dir='ltr'><strong>gratam</strong></span> <span class='ocrx_word' id='word_1_324' title='bbox 1380 4651 1653 4705; x_wconf 91' lang='lat' dir='ltr'><strong>concionis</strong></span> <span class='ocrx_word' id='word_1_325' title='bbox 1675 4651 1894 4704; x_wconf 90' lang='lat' dir='ltr'><strong>admur-</strong></span> 
     </span>
    </p>
   </div>
   <div class='ocr_carea' id='block_1_47' title="bbox 312 4744 1891 4815">
    <p class='ocr_par' dir='ltr' id='par_1_47' title="bbox 312 4744 1891 4815">
     <span class='ocr_line' id='line_1_47' title="bbox 312 4744 1891 4815; baseline -0.002 -15"><span class='ocrx_word' id='word_1_326' title='bbox 312 4745 665 4801; x_wconf 87' lang='lat' dir='ltr'><strong>murationem</strong></span> <span class='ocrx_word' id='word_1_327' title='bbox 694 4744 1016 4815; x_wconf 90' lang='lat' dir='ltr'><strong>plaususque</strong></span> <span class='ocrx_word' id='word_1_328' title='bbox 1045 4745 1370 4814; x_wconf 76' lang='lat' dir='ltr'><strong>frequentes,</strong></span> <span class='ocrx_word' id='word_1_329' title='bbox 1403 4753 1460 4797; x_wconf 94' lang='lat' dir='ltr'><strong>ut</strong></span> <span class='ocrx_word' id='word_1_330' title='bbox 1488 4745 1539 4797; x_wconf 91' lang='lat' dir='ltr'><strong>in</strong></span> <span class='ocrx_word' id='word_1_331' title='bbox 1589 4744 1891 4798; x_wconf 89' lang='lat' dir='ltr'><strong>orationum</strong></span> 
     </span>
    </p>
   </div>
   <div class='ocr_carea' id='block_1_48' title="bbox 311 4834 1890 4903">
    <p class='ocr_par' dir='ltr' id='par_1_48' title="bbox 311 4834 1890 4903">
     <span class='ocr_line' id='line_1_48' title="bbox 311 4834 1890 4903; baseline -0.003 -12"><span class='ocrx_word' id='word_1_332' title='bbox 311 4838 540 4892; x_wconf 91' lang='lat' dir='ltr'><strong>decursu</strong></span> <span class='ocrx_word' id='word_1_333' title='bbox 561 4835 761 4890; x_wconf 86' lang='lat' dir='ltr'><strong>videas.</strong></span> <span class='ocrx_word' id='word_1_334' title='bbox 789 4835 870 4890; x_wconf 86' lang='lat' dir='ltr'><strong>Ad</strong></span> <span class='ocrx_word' id='word_1_335' title='bbox 893 4835 1007 4890; x_wconf 78' lang='lat' dir='ltr'><strong>han</strong></span> <span class='ocrx_word' id='word_1_336' title='bbox 1033 4851 1161 4890; x_wconf 88' lang='lat' dir='ltr'><strong>vero</strong></span> <span class='ocrx_word' id='word_1_337' title='bbox 1204 4836 1256 4890; x_wconf 92' lang='lat' dir='ltr'><strong>in</strong></span> <span class='ocrx_word' id='word_1_338' title='bbox 1303 4835 1544 4888; x_wconf 88' lang='lat' dir='ltr'><strong>llomiliis</strong></span> <span class='ocrx_word' id='word_1_339' title='bbox 1571 4834 1636 4888; x_wconf 90' lang='lat' dir='ltr'><strong>ad</strong></span> <span class='ocrx_word' id='word_1_340' title='bbox 1666 4835 1890 4903; x_wconf 89' lang='lat' dir='ltr'><strong>primam</strong></span> 
     </span>
    </p>
   </div>
   <div class='ocr_carea' id='block_1_49' title="bbox 309 4926 1891 5000">
    <p class='ocr_par' dir='ltr' id='par_1_49' title="bbox 309 4926 1891 5000">
     <span class='ocr_line' id='line_1_49' title="bbox 309 4926 1891 5000; baseline -0.004 -16"><span class='ocrx_word' id='word_1_341' title='bbox 309 4929 602 5000; x_wconf 91' lang='lat' dir='ltr'><strong>Epistulam</strong></span> <span class='ocrx_word' id='word_1_342' title='bbox 633 4929 856 4998; x_wconf 90' lang='lat' dir='ltr'><strong>plurima</strong></span> <span class='ocrx_word' id='word_1_343' title='bbox 883 4936 1207 4991; x_wconf 88' lang='lat' dir='ltr'><strong>occurrunt;</strong></span> <span class='ocrx_word' id='word_1_344' title='bbox 1239 4944 1425 4997; x_wconf 76' lang='lat' dir='ltr'><strong>pugna:</strong></span> <span class='ocrx_word' id='word_1_345' title='bbox 1455 4943 1642 4996; x_wconf 88' lang='lat' dir='ltr'><strong>nempe</strong></span> <span class='ocrx_word' id='word_1_346' title='bbox 1674 4936 1729 4981; x_wconf 90' lang='lat' dir='ltr'><strong>et</strong></span> <span class='ocrx_word' id='word_1_347' title='bbox 1757 4926 1891 4980; x_wconf 84' lang='lat' dir='ltr'><strong>veli-</strong></span> 
     </span>
    </p>
   </div>
   <div class='ocr_carea' id='block_1_50' title="bbox 309 5019 1893 5092">
    <p class='ocr_par' dir='ltr' id='par_1_50' title="bbox 309 5019 1893 5092">
     <span class='ocr_line' id='line_1_50' title="bbox 309 5019 1893 5092; baseline -0.003 -16"><span class='ocrx_word' id='word_1_348' title='bbox 309 5023 538 5078; x_wconf 86' lang='lat' dir='ltr'><strong>tationes</strong></span> <span class='ocrx_word' id='word_1_349' title='bbox 590 5021 894 5092; x_wconf 89' lang='lat' dir='ltr'><strong>frequentes</strong></span> <span class='ocrx_word' id='word_1_350' title='bbox 939 5030 1126 5074; x_wconf 90' lang='lat' dir='ltr'><strong>contra</strong></span> <span class='ocrx_word' id='word_1_351' title='bbox 1178 5019 1525 5090; x_wconf 89' lang='lat' dir='ltr'><strong>philosophos</strong></span> <span class='ocrx_word' id='word_1_352' title='bbox 1581 5027 1792 5073; x_wconf 82' lang='lat' dir='ltr'><strong>exteros</strong></span> <span class='ocrx_word' id='word_1_353' title='bbox 1839 5025 1893 5072; x_wconf 88' lang='lat' dir='ltr'><strong>et</strong></span> 
     </span>
    </p>
   </div>
   <div class='ocr_carea' id='block_1_51' title="bbox 308 5111 1892 5178">
    <p class='ocr_par' dir='ltr' id='par_1_51' title="bbox 308 5111 1892 5178">
     <span class='ocr_line' id='line_1_51' title="bbox 308 5111 1892 5178; baseline -0.003 -10"><span class='ocrx_word' id='word_1_354' title='bbox 308 5113 564 5169; x_wconf 80' lang='lat' dir='ltr'><strong>falsorum</strong></span> <span class='ocrx_word' id='word_1_355' title='bbox 582 5113 801 5170; x_wconf 91' lang='lat' dir='ltr'><strong>deorum</strong></span> <span class='ocrx_word' id='word_1_356' title='bbox 831 5113 1083 5178; x_wconf 89' lang='lat' dir='ltr'><strong>cultores,</strong></span> <span class='ocrx_word' id='word_1_357' title='bbox 1142 5121 1197 5167; x_wconf 89' lang='lat' dir='ltr'><strong>et</strong></span> <span class='ocrx_word' id='word_1_358' title='bbox 1222 5122 1405 5166; x_wconf 89' lang='lat' dir='ltr'><strong>contra</strong></span> <span class='ocrx_word' id='word_1_359' title='bbox 1455 5111 1733 5166; x_wconf 59' lang='lat' dir='ltr'><strong>haereticos</strong></span> <span class='ocrx_word' id='word_1_360' title='bbox 1759 5125 1892 5164; x_wconf 92' lang='lat' dir='ltr'><strong>non-</strong></span> 
     </span>
    </p>
   </div>
   <div class='ocr_carea' id='block_1_52' title="bbox 307 5204 1891 5277">
    <p class='ocr_par' dir='ltr' id='par_1_52' title="bbox 307 5204 1891 5277">
     <span class='ocr_line' id='line_1_52' title="bbox 307 5204 1891 5277; baseline -0.003 -15"><span class='ocrx_word' id='word_1_361' title='bbox 307 5207 484 5262; x_wconf 87' lang='lat' dir='ltr'><strong>nullos</strong></span> <span class='ocrx_word' id='word_1_362' title='bbox 506 5221 522 5272; x_wconf 93' lang='lat'><strong>;</strong></span> <span class='ocrx_word' id='word_1_363' title='bbox 548 5222 612 5262; x_wconf 90' lang='lat' dir='ltr'><strong>ac</strong></span> <span class='ocrx_word' id='word_1_364' title='bbox 644 5206 927 5277; x_wconf 86' lang='lat' dir='ltr'><strong>singularia</strong></span> <span class='ocrx_word' id='word_1_365' title='bbox 968 5205 1209 5277; x_wconf 72' lang='lat' dir='ltr'><strong>quazdam</strong></span> <span class='ocrx_word' id='word_1_366' title='bbox 1236 5205 1302 5259; x_wconf 92' lang='lat' dir='ltr'><strong>ad</strong></span> <span class='ocrx_word' id='word_1_367' title='bbox 1331 5207 1462 5260; x_wconf 77' lang='lat' dir='ltr'><strong>istas</strong></span> <span class='ocrx_word' id='word_1_368' title='bbox 1488 5204 1588 5260; x_wconf 65' lang='lat' dir='ltr'><strong>arvi</strong></span> <span class='ocrx_word' id='word_1_369' title='bbox 1615 5219 1814 5259; x_wconf 91' lang='lat' dir='ltr'><strong>morem</strong></span> <span class='ocrx_word' id='word_1_370' title='bbox 1838 5212 1891 5259; x_wconf 90' lang='lat' dir='ltr'><strong>et</strong></span> 
     </span>
    </p>
   </div>
   <div class='ocr_carea' id='block_1_53' title="bbox 309 5296 1888 5369">
    <p class='ocr_par' dir='ltr' id='par_1_53' title="bbox 309 5296 1888 5369">
     <span class='ocr_line' id='line_1_53' title="bbox 309 5296 1888 5369; baseline -0.001 -17"><span class='ocrx_word' id='word_1_371' title='bbox 309 5313 463 5352; x_wconf 90' lang='lat' dir='ltr'><strong>usum</strong></span> <span class='ocrx_word' id='word_1_372' title='bbox 498 5297 837 5369; x_wconf 84' lang='lat' dir='ltr'><strong>pertinentia,</strong></span> <span class='ocrx_word' id='word_1_373' title='bbox 865 5297 1074 5368; x_wconf 91' lang='lat' dir='ltr'><strong>aliaque</strong></span> <span class='ocrx_word' id='word_1_374' title='bbox 1111 5297 1178 5352; x_wconf 89' lang='lat' dir='ltr'><strong>de</strong></span> <span class='ocrx_word' id='word_1_375' title='bbox 1201 5297 1393 5366; x_wconf 88' lang='lat' dir='ltr'><strong>quibus</strong></span> <span class='ocrx_word' id='word_1_376' title='bbox 1433 5298 1484 5351; x_wconf 92' lang='lat' dir='ltr'><strong>in</strong></span> <span class='ocrx_word' id='word_1_377' title='bbox 1547 5296 1747 5350; x_wconf 80' lang='lat' dir='ltr'><strong>Monito</strong></span> <span class='ocrx_word' id='word_1_378' title='bbox 1768 5311 1888 5351; x_wconf 86' lang='lat' dir='ltr'><strong>car-</strong></span> 
     </span>
    </p>
   </div>
   <div class='ocr_carea' id='block_1_54' title="bbox 309 5389 1888 5460">
    <p class='ocr_par' dir='ltr' id='par_1_54' title="bbox 309 5389 1888 5460">
     <span class='ocr_line' id='line_1_54' title="bbox 309 5389 1888 5460; baseline 0 -16"><span class='ocrx_word' id='word_1_379' title='bbox 309 5391 438 5460; x_wconf 89' lang='lat' dir='ltr'><strong>ptim</strong></span> <span class='ocrx_word' id='word_1_380' title='bbox 468 5391 662 5460; x_wconf 88' lang='lat' dir='ltr'><strong>agitur,</strong></span> <span class='ocrx_word' id='word_1_381' title='bbox 708 5405 899 5459; x_wconf 88' lang='lat' dir='ltr'><strong>nempe</strong></span> <span class='ocrx_word' id='word_1_382' title='bbox 943 5391 1080 5444; x_wconf 90' lang='lat' dir='ltr'><strong>circa</strong></span> <span class='ocrx_word' id='word_1_383' title='bbox 1114 5389 1456 5458; x_wconf 84' lang='lat' dir='ltr'><strong>philosophus</strong></span> <span class='ocrx_word' id='word_1_384' title='bbox 1480 5399 1715 5454; x_wconf 79' lang='lat' dir='ltr'><strong>exteros,</strong></span> <span class='ocrx_word' id='word_1_385' title='bbox 1747 5389 1888 5444; x_wconf 74' lang='lat' dir='ltr'><strong>circa</strong></span> 
     </span>
    </p>
   </div>
   <div class='ocr_carea' id='block_1_55' title="bbox 311 5479 1887 5548">
    <p class='ocr_par' dir='ltr' id='par_1_55' title="bbox 311 5479 1887 5548">
     <span class='ocr_line' id='line_1_55' title="bbox 311 5479 1887 5548; baseline -0.001 -14"><span class='ocrx_word' id='word_1_386' title='bbox 311 5482 608 5548; x_wconf 81' lang='lat' dir='ltr'><strong>Inereticos,</strong></span> <span class='ocrx_word' id='word_1_387' title='bbox 661 5480 982 5536; x_wconf 67' lang='lat' dir='ltr'><strong>Manichatos</strong></span> <span class='ocrx_word' id='word_1_388' title='bbox 1002 5491 1057 5536; x_wconf 90' lang='lat' dir='ltr'><strong>et</strong></span> <span class='ocrx_word' id='word_1_389' title='bbox 1106 5481 1491 5546; x_wconf 83' lang='lat' dir='ltr'><strong>Marcionistas,</strong></span> <span class='ocrx_word' id='word_1_390' title='bbox 1520 5489 1704 5536; x_wconf 90' lang='lat' dir='ltr'><strong>contra</strong></span> <span class='ocrx_word' id='word_1_391' title='bbox 1729 5479 1887 5534; x_wconf 87' lang='lat' dir='ltr'><strong>Chri-</strong></span> 
     </span>
    </p>
   </div>
   <div class='ocr_carea' id='block_1_56' title="bbox 307 5573 1297 5629">
    <p class='ocr_par' dir='ltr' id='par_1_56' title="bbox 307 5573 1297 5629">
     <span class='ocr_line' id='line_1_56' title="bbox 307 5573 1297 5629; baseline -0.001 -3"><span class='ocrx_word' id='word_1_392' title='bbox 307 5573 600 5627; x_wconf 84' lang='lat' dir='ltr'><strong>stianorum</strong></span> <span class='ocrx_word' id='word_1_393' title='bbox 626 5573 1074 5629; x_wconf 84' lang='lat' dir='ltr'><strong>Antiochenorum</strong></span> <span class='ocrx_word' id='word_1_394' title='bbox 1102 5587 1297 5628; x_wconf 83' lang='lat' dir='ltr'><strong>mores.</strong></span> 
     </span>
    </p>
   </div>
   <div class='ocr_carea' id='block_1_57' title="bbox 382 5663 1886 5738">
    <p class='ocr_par' dir='ltr' id='par_1_57' title="bbox 382 5663 1886 5738">
     <span class='ocr_line' id='line_1_57' title="bbox 382 5663 1886 5738; baseline 0.005 -20"><span class='ocrx_word' id='word_1_395' title='bbox 382 5663 638 5720; x_wconf 85' lang='lat' dir='ltr'><strong>llomilias</strong></span> <span class='ocrx_word' id='word_1_396' title='bbox 687 5665 740 5720; x_wconf 89' lang='lat' dir='ltr'><strong>in</strong></span> <span class='ocrx_word' id='word_1_397' title='bbox 789 5665 1078 5723; x_wconf 87' lang='lat' dir='ltr'><strong>secundam</strong></span> <span class='ocrx_word' id='word_1_398' title='bbox 1124 5668 1192 5723; x_wconf 87' lang='lat' dir='ltr'><strong>ad</strong></span> <span class='ocrx_word' id='word_1_399' title='bbox 1243 5669 1545 5726; x_wconf 88' lang='lat' dir='ltr'><strong>Corinthios</strong></span> <span class='ocrx_word' id='word_1_400' title='bbox 1597 5671 1886 5738; x_wconf 87' lang='lat' dir='ltr'><strong>Epistulam</strong></span> 
     </span>
    </p>
   </div>
   <div class='ocr_carea' id='block_1_58' title="bbox 310 5756 1888 5834">
    <p class='ocr_par' dir='ltr' id='par_1_58' title="bbox 310 5756 1888 5834">
     <span class='ocr_line' id='line_1_58' title="bbox 310 5756 1888 5834; baseline 0.004 -22"><span class='ocrx_word' id='word_1_401' title='bbox 310 5756 398 5831; x_wconf 85' lang='grc' dir='ltr'><strong>(Τ.</strong></span> <span class='ocrx_word' id='word_1_402' title='bbox 423 5759 511 5814; x_wconf 75' lang='grc'><strong>10.</strong></span> <span class='ocrx_word' id='word_1_403' title='bbox 533 5777 580 5814; x_wconf 87' lang='lat' dir='ltr'><strong>c.</strong></span> <span class='ocrx_word' id='word_1_404' title='bbox 611 5759 740 5825; x_wconf 63' lang='lat'><strong>389)</strong></span> <span class='ocrx_word' id='word_1_405' title='bbox 769 5777 871 5812; x_wconf 89' lang='lat' dir='ltr'><strong>non</strong></span> <span class='ocrx_word' id='word_1_406' title='bbox 913 5765 1026 5832; x_wconf 88' lang='lat' dir='ltr'><strong>pari</strong></span> <span class='ocrx_word' id='word_1_407' title='bbox 1067 5763 1325 5830; x_wconf 84' lang='lat' dir='ltr'><strong>elegantia</strong></span> <span class='ocrx_word' id='word_1_408' title='bbox 1353 5773 1511 5834; x_wconf 89' lang='lat' dir='ltr'><strong>atque</strong></span> <span class='ocrx_word' id='word_1_409' title='bbox 1541 5763 1779 5834; x_wconf 88' lang='lat' dir='ltr'><strong>priores,</strong></span> <span class='ocrx_word' id='word_1_410' title='bbox 1821 5771 1888 5819; x_wconf 85' lang='lat' dir='ltr'><strong>de</strong></span> 
     </span>
    </p>
   </div>
   <div class='ocr_carea' id='block_1_59' title="bbox 309 5851 1883 5926">
    <p class='ocr_par' dir='ltr' id='par_1_59' title="bbox 309 5851 1883 5926">
     <span class='ocr_line' id='line_1_59' title="bbox 309 5851 1883 5926; baseline 0.004 -22"><span class='ocrx_word' id='word_1_411' title='bbox 309 5851 502 5922; x_wconf 72' lang='lat' dir='ltr'><strong>quibus</strong></span> <span class='ocrx_word' id='word_1_412' title='bbox 529 5853 632 5920; x_wconf 71' lang='lat' dir='ltr'><strong>iam</strong></span> <span class='ocrx_word' id='word_1_413' title='bbox 661 5860 837 5908; x_wconf 86' lang='lat' dir='ltr'><strong>actum</strong></span> <span class='ocrx_word' id='word_1_414' title='bbox 859 5861 963 5922; x_wconf 84' lang='lat' dir='ltr'><strong>est,</strong></span> <span class='ocrx_word' id='word_1_415' title='bbox 984 5853 1208 5923; x_wconf 85' lang='lat' dir='ltr'><strong>scriptas</strong></span> <span class='ocrx_word' id='word_1_416' title='bbox 1232 5853 1394 5910; x_wconf 80' lang='lat' dir='ltr'><strong>fuisse</strong></span> <span class='ocrx_word' id='word_1_417' title='bbox 1419 5855 1631 5926; x_wconf 89' lang='lat' dir='ltr'><strong>quidam</strong></span> <span class='ocrx_word' id='word_1_418' title='bbox 1661 5871 1883 5926; x_wconf 86' lang='lat' dir='ltr'><strong>uptnan-</strong></span> 
     </span>
    </p>
   </div>
   <div class='ocr_carea' id='block_1_60' title="bbox 315 5943 1885 6021">
    <p class='ocr_par' dir='ltr' id='par_1_60' title="bbox 315 5943 1885 6021">
     <span class='ocr_line' id='line_1_60' title="bbox 315 5943 1885 6021; baseline 0.004 -22"><span class='ocrx_word' id='word_1_419' title='bbox 315 5956 418 6000; x_wconf 86' lang='lat' dir='ltr'><strong>tur.</strong></span> <span class='ocrx_word' id='word_1_420' title='bbox 445 5943 691 6000; x_wconf 77' lang='lat' dir='ltr'><strong>Breviore</strong></span> <span class='ocrx_word' id='word_1_421' title='bbox 711 5944 892 6017; x_wconf 88' lang='lat' dir='ltr'><strong>utique</strong></span> <span class='ocrx_word' id='word_1_422' title='bbox 911 5946 1049 6019; x_wconf 81' lang='lat' dir='ltr'><strong>stylo</strong></span> <span class='ocrx_word' id='word_1_423' title='bbox 1070 5945 1152 6002; x_wconf 68' lang='lat' dir='ltr'><strong>illi?</strong></span> <span class='ocrx_word' id='word_1_424' title='bbox 1175 5949 1495 6018; x_wconf 88' lang='lat' dir='ltr'><strong>posteriores</strong></span> <span class='ocrx_word' id='word_1_425' title='bbox 1517 5950 1885 6021; x_wconf 76' lang='lat' dir='ltr'><strong>explanantur.</strong></span> 
     </span>
    </p>
   </div>
   <div class='ocr_carea' id='block_1_61' title="bbox 1999 593 3581 673">
    <p class='ocr_par' dir='ltr' id='par_1_61' title="bbox 1999 593 3581 673">
     <span class='ocr_line' id='line_1_61' title="bbox 1999 593 3581 673; baseline 0.004 -25"><span class='ocrx_word' id='word_1_426' title='bbox 1999 593 2063 649; x_wconf 90' lang='lat' dir='ltr'><strong>Et</strong></span> <span class='ocrx_word' id='word_1_427' title='bbox 2090 596 2209 665; x_wconf 89' lang='lat' dir='ltr'><strong>quia</strong></span> <span class='ocrx_word' id='word_1_428' title='bbox 2237 595 2650 670; x_wconf 85' lang='lat' dir='ltr'><strong>Chrysostomus</strong></span> <span class='ocrx_word' id='word_1_429' title='bbox 2675 598 2727 654; x_wconf 92' lang='lat' dir='ltr'><strong>ln</strong></span> <span class='ocrx_word' id='word_1_430' title='bbox 2754 599 2930 668; x_wconf 84' lang='lat' dir='ltr'><strong>priore</strong></span> <span class='ocrx_word' id='word_1_431' title='bbox 2951 599 3185 670; x_wconf 75' lang='lat' dir='ltr'><strong>Epistula</strong></span> <span class='ocrx_word' id='word_1_432' title='bbox 3209 599 3431 656; x_wconf 80' lang='lat' dir='ltr'><strong>Paulum</strong></span> <span class='ocrx_word' id='word_1_433' title='bbox 3453 619 3581 673; x_wconf 78' lang='lat' dir='ltr'><strong>apo-</strong></span> 
     </span>
    </p>
   </div>
   <div class='ocr_carea' id='block_1_62' title="bbox 1995 689 3577 761">
    <p class='ocr_par' dir='ltr' id='par_1_62' title="bbox 1995 689 3577 761">
     <span class='ocr_line' id='line_1_62' title="bbox 1995 689 3577 761; baseline 0.007 -21"><span class='ocrx_word' id='word_1_434' title='bbox 1995 689 2188 742; x_wconf 89' lang='lat' dir='ltr'><strong>stolum</strong></span> <span class='ocrx_word' id='word_1_435' title='bbox 2233 699 2510 760; x_wconf 90' lang='lat' dir='ltr'><strong>sequutus,</strong></span> <span class='ocrx_word' id='word_1_436' title='bbox 2563 692 2653 761; x_wconf 91' lang='lat' dir='ltr'><strong>qui</strong></span> <span class='ocrx_word' id='word_1_437' title='bbox 2688 690 3021 746; x_wconf 79' lang='lat' dir='ltr'><strong>Christianos</strong></span> <span class='ocrx_word' id='word_1_438' title='bbox 3068 693 3208 752; x_wconf 74' lang='lat' dir='ltr'><strong>illos.</strong></span> <span class='ocrx_word' id='word_1_439' title='bbox 3250 690 3304 748; x_wconf 88' lang='lat' dir='ltr'><strong>in</strong></span> <span class='ocrx_word' id='word_1_440' title='bbox 3351 695 3577 751; x_wconf 71' lang='lat' dir='ltr'><strong>ecclesia</strong></span> 
     </span>
    </p>
   </div>
   <div class='ocr_carea' id='block_1_63' title="bbox 1997 781 3580 846">
    <p class='ocr_par' dir='ltr' id='par_1_63' title="bbox 1997 781 3580 846">
     <span class='ocr_line' id='line_1_63' title="bbox 1997 781 3580 846; baseline 0.004 -13"><span class='ocrx_word' id='word_1_441' title='bbox 1997 781 2253 836; x_wconf 92' lang='lat' dir='ltr'><strong>tumultus</strong></span> <span class='ocrx_word' id='word_1_442' title='bbox 2281 790 2335 836; x_wconf 92' lang='lat' dir='ltr'><strong>ct</strong></span> <span class='ocrx_word' id='word_1_443' title='bbox 2359 782 2576 836; x_wconf 91' lang='lat' dir='ltr'><strong>dissidia</strong></span> <span class='ocrx_word' id='word_1_444' title='bbox 2607 793 2880 838; x_wconf 88' lang='lat' dir='ltr'><strong>moventes</strong></span> <span class='ocrx_word' id='word_1_445' title='bbox 2899 823 2918 846; x_wconf 78' lang='lat'><strong>,</strong></span> <span class='ocrx_word' id='word_1_446' title='bbox 2947 783 3313 840; x_wconf 82' lang='lat' dir='ltr'><strong>vehementius</strong></span> <span class='ocrx_word' id='word_1_447' title='bbox 3351 785 3580 842; x_wconf 87' lang='lat' dir='ltr'><strong>insecta-</strong></span> 
     </span>
    </p>
   </div>
   <div class='ocr_carea' id='block_1_64' title="bbox 1996 873 3578 950">
    <p class='ocr_par' dir='ltr' id='par_1_64' title="bbox 1996 873 3578 950">
     <span class='ocr_line' id='line_1_64' title="bbox 1996 873 3578 950; baseline 0.004 -22"><span class='ocrx_word' id='word_1_448' title='bbox 1996 873 2170 938; x_wconf 89' lang='lat' dir='ltr'><strong>batur,</strong></span> <span class='ocrx_word' id='word_1_449' title='bbox 2205 890 2324 929; x_wconf 91' lang='lat' dir='ltr'><strong>eum</strong></span> <span class='ocrx_word' id='word_1_450' title='bbox 2371 877 2660 931; x_wconf 87' lang='lat' dir='ltr'><strong>acrimonia</strong></span> <span class='ocrx_word' id='word_1_451' title='bbox 2708 877 2905 946; x_wconf 84' lang='lat' dir='ltr'><strong>majore</strong></span> <span class='ocrx_word' id='word_1_452' title='bbox 2947 887 3104 932; x_wconf 88' lang='lat' dir='ltr'><strong>etlam</strong></span> <span class='ocrx_word' id='word_1_453' title='bbox 3150 878 3264 948; x_wconf 90' lang='lat' dir='ltr'><strong>ipse</strong></span> <span class='ocrx_word' id='word_1_454' title='bbox 3307 879 3578 950; x_wconf 77' lang='lat' dir='ltr'><strong>loquitur;</strong></span> 
     </span>
    </p>
   </div>
   <div class='ocr_carea' id='block_1_65' title="bbox 1997 965 3579 1042">
    <p class='ocr_par' dir='ltr' id='par_1_65' title="bbox 1997 965 3579 1042">
     <span class='ocr_line' id='line_1_65' title="bbox 1997 965 3579 1042; baseline 0.006 -23"><span class='ocrx_word' id='word_1_455' title='bbox 1997 965 2049 1019; x_wconf 90' lang='lat' dir='ltr'><strong>in</strong></span> <span class='ocrx_word' id='word_1_456' title='bbox 2081 966 2311 1020; x_wconf 90' lang='lat' dir='ltr'><strong>secunda</strong></span> <span class='ocrx_word' id='word_1_457' title='bbox 2343 977 2518 1021; x_wconf 86' lang='lat' dir='ltr'><strong>autem</strong></span> <span class='ocrx_word' id='word_1_458' title='bbox 2563 983 2682 1023; x_wconf 90' lang='lat' dir='ltr'><strong>eum</strong></span> <span class='ocrx_word' id='word_1_459' title='bbox 2729 970 2973 1038; x_wconf 89' lang='lat' dir='ltr'><strong>apostolo</strong></span> <span class='ocrx_word' id='word_1_460' title='bbox 3016 970 3250 1038; x_wconf 88' lang='lat' dir='ltr'><strong>pacatius</strong></span> <span class='ocrx_word' id='word_1_461' title='bbox 3290 972 3434 1042; x_wconf 88' lang='lat' dir='ltr'><strong>agit,</strong></span> <span class='ocrx_word' id='word_1_462' title='bbox 3480 986 3579 1028; x_wconf 77' lang='lat' dir='ltr'><strong>nec</strong></span> 
     </span>
    </p>
   </div>
   <div class='ocr_carea' id='block_1_66' title="bbox 1997 1058 3577 1133">
    <p class='ocr_par' dir='ltr' id='par_1_66' title="bbox 1997 1058 3577 1133">
     <span class='ocr_line' id='line_1_66' title="bbox 1997 1058 3577 1133; baseline 0.003 -23"><span class='ocrx_word' id='word_1_463' title='bbox 1997 1058 2163 1126; x_wconf 90' lang='lat' dir='ltr'><strong>tropis</strong></span> <span class='ocrx_word' id='word_1_464' title='bbox 2193 1067 2298 1112; x_wconf 91' lang='lat' dir='ltr'><strong>tam</strong></span> <span class='ocrx_word' id='word_1_465' title='bbox 2329 1058 2692 1128; x_wconf 87' lang='lat' dir='ltr'><strong>frequentibus</strong></span> <span class='ocrx_word' id='word_1_466' title='bbox 2717 1062 2878 1114; x_wconf 90' lang='lat' dir='ltr'><strong>utitur</strong></span> <span class='ocrx_word' id='word_1_467' title='bbox 2906 1080 2919 1116; x_wconf 90' lang='lat'><strong>:</strong></span> <span class='ocrx_word' id='word_1_468' title='bbox 2951 1075 3050 1115; x_wconf 79' lang='lat' dir='ltr'><strong>nec</strong></span> <span class='ocrx_word' id='word_1_469' title='bbox 3074 1077 3254 1130; x_wconf 86' lang='lat' dir='ltr'><strong>parem</strong></span> <span class='ocrx_word' id='word_1_470' title='bbox 3282 1072 3425 1117; x_wconf 88' lang='lat' dir='ltr'><strong>certe</strong></span> <span class='ocrx_word' id='word_1_471' title='bbox 3449 1078 3577 1133; x_wconf 81' lang='lat' dir='ltr'><strong>ope-</strong></span> 
     </span>
    </p>
   </div>
   <div class='ocr_carea' id='block_1_67' title="bbox 1995 1150 3056 1207">
    <p class='ocr_par' dir='ltr' id='par_1_67' title="bbox 1995 1150 3056 1207">
     <span class='ocr_line' id='line_1_67' title="bbox 1995 1150 3056 1207; baseline 0.001 -4"><span class='ocrx_word' id='word_1_472' title='bbox 1995 1163 2111 1203; x_wconf 90' lang='lat' dir='ltr'><strong>ram</strong></span> <span class='ocrx_word' id='word_1_473' title='bbox 2139 1150 2188 1202; x_wconf 90' lang='lat' dir='ltr'><strong>in</strong></span> <span class='ocrx_word' id='word_1_474' title='bbox 2220 1151 2477 1205; x_wconf 88' lang='lat' dir='ltr'><strong>ambabus</strong></span> <span class='ocrx_word' id='word_1_475' title='bbox 2503 1151 2807 1206; x_wconf 89' lang='lat' dir='ltr'><strong>adhibuisse</strong></span> <span class='ocrx_word' id='word_1_476' title='bbox 2832 1151 3056 1207; x_wconf 87' lang='lat' dir='ltr'><strong>videtur.</strong></span> 
     </span>
    </p>
   </div>
   <div class='ocr_carea' id='block_1_68' title="bbox 2072 1247 3577 1316">
    <p class='ocr_par' dir='ltr' id='par_1_68' title="bbox 2072 1247 3577 1316">
     <span class='ocr_line' id='line_1_68' title="bbox 2072 1247 3577 1316; baseline 0.001 -14"><span class='ocrx_word' id='word_1_477' title='bbox 2072 1247 2134 1302; x_wconf 85' lang='lat' dir='ltr'><strong>Ut</strong></span> <span class='ocrx_word' id='word_1_478' title='bbox 2166 1247 2216 1301; x_wconf 92' lang='lat' dir='ltr'><strong>in</strong></span> <span class='ocrx_word' id='word_1_479' title='bbox 2248 1248 2510 1316; x_wconf 86' lang='lat' dir='ltr'><strong>prioribus</strong></span> <span class='ocrx_word' id='word_1_480' title='bbox 2552 1247 2816 1313; x_wconf 86' lang='lat' dir='ltr'><strong>homiliis,</strong></span> <span class='ocrx_word' id='word_1_481' title='bbox 2849 1248 2900 1301; x_wconf 91' lang='lat' dir='ltr'><strong>in</strong></span> <span class='ocrx_word' id='word_1_482' title='bbox 2932 1247 3078 1303; x_wconf 87' lang='lat' dir='ltr'><strong>hisce</strong></span> <span class='ocrx_word' id='word_1_483' title='bbox 3113 1247 3272 1302; x_wconf 89' lang='lat' dir='ltr'><strong>etiam</strong></span> <span class='ocrx_word' id='word_1_484' title='bbox 3299 1248 3577 1304; x_wconf 83' lang='lat' dir='ltr'><strong>Marcioni-</strong></span> 
     </span>
    </p>
   </div>
   <div class='ocr_carea' id='block_1_69' title="bbox 1995 1337 3575 1409">
    <p class='ocr_par' dir='ltr' id='par_1_69' title="bbox 1995 1337 3575 1409">
     <span class='ocr_line' id='line_1_69' title="bbox 1995 1337 3575 1409; baseline -0.001 -16"><span class='ocrx_word' id='word_1_485' title='bbox 1995 1347 2104 1393; x_wconf 88' lang='lat' dir='ltr'><strong>stas</strong></span> <span class='ocrx_word' id='word_1_486' title='bbox 2149 1339 2398 1409; x_wconf 73' lang='lat' dir='ltr'><strong>exagitat,</strong></span> <span class='ocrx_word' id='word_1_487' title='bbox 2443 1338 2533 1409; x_wconf 92' lang='lat' dir='ltr'><strong>qui</strong></span> <span class='ocrx_word' id='word_1_488' title='bbox 2578 1337 2825 1393; x_wconf 88' lang='lat' dir='ltr'><strong>dicebant</strong></span> <span class='ocrx_word' id='word_1_489' title='bbox 2866 1353 3043 1392; x_wconf 84' lang='lat' dir='ltr'><strong>rerum</strong></span> <span class='ocrx_word' id='word_1_490' title='bbox 3087 1337 3330 1407; x_wconf 85' lang='lat' dir='ltr'><strong>opificem</strong></span> <span class='ocrx_word' id='word_1_491' title='bbox 3378 1337 3575 1408; x_wconf 91' lang='lat' dir='ltr'><strong>justum</strong></span> 
     </span>
    </p>
   </div>
   <div class='ocr_carea' id='block_1_70' title="bbox 1995 1430 3575 1499">
    <p class='ocr_par' dir='ltr' id='par_1_70' title="bbox 1995 1430 3575 1499">
     <span class='ocr_line' id='line_1_70' title="bbox 1995 1430 3575 1499; baseline -0.003 -12"><span class='ocrx_word' id='word_1_492' title='bbox 1995 1447 2148 1499; x_wconf 91' lang='lat' dir='ltr'><strong>esse,</strong></span> <span class='ocrx_word' id='word_1_493' title='bbox 2180 1432 2274 1488; x_wconf 87' lang='lat' dir='ltr'><strong>sed</strong></span> <span class='ocrx_word' id='word_1_494' title='bbox 2319 1448 2425 1486; x_wconf 91' lang='lat' dir='ltr'><strong>non</strong></span> <span class='ocrx_word' id='word_1_495' title='bbox 2467 1432 2702 1496; x_wconf 89' lang='lat' dir='ltr'><strong>bonum;</strong></span> <span class='ocrx_word' id='word_1_496' title='bbox 2747 1430 3067 1486; x_wconf 74' lang='lat' dir='ltr'><strong>Manichzcos</strong></span> <span class='ocrx_word' id='word_1_497' title='bbox 3099 1432 3220 1485; x_wconf 91' lang='lat' dir='ltr'><strong>item</strong></span> <span class='ocrx_word' id='word_1_498' title='bbox 3265 1432 3575 1493; x_wconf 87' lang='lat' dir='ltr'><strong>insectatur,</strong></span> 
     </span>
    </p>
   </div>
   <div class='ocr_carea' id='block_1_71' title="bbox 1993 1521 3579 1594">
    <p class='ocr_par' dir='ltr' id='par_1_71' title="bbox 1993 1521 3579 1594">
     <span class='ocr_line' id='line_1_71' title="bbox 1993 1521 3579 1594; baseline -0.001 -17"><span class='ocrx_word' id='word_1_499' title='bbox 1993 1523 2083 1594; x_wconf 90' lang='lat' dir='ltr'><strong>qui</strong></span> <span class='ocrx_word' id='word_1_500' title='bbox 2115 1540 2208 1578; x_wconf 88' lang='lat' dir='ltr'><strong>ore</strong></span> <span class='ocrx_word' id='word_1_501' title='bbox 2237 1524 2398 1593; x_wconf 92' lang='lat' dir='ltr'><strong>impio</strong></span> <span class='ocrx_word' id='word_1_502' title='bbox 2439 1521 2583 1578; x_wconf 88' lang='lat' dir='ltr'><strong>hunc</strong></span> <span class='ocrx_word' id='word_1_503' title='bbox 2628 1537 2806 1578; x_wconf 89' lang='lat' dir='ltr'><strong>rerum</strong></span> <span class='ocrx_word' id='word_1_504' title='bbox 2855 1522 3097 1591; x_wconf 84' lang='lat' dir='ltr'><strong>opificem</strong></span> <span class='ocrx_word' id='word_1_505' title='bbox 3141 1522 3408 1575; x_wconf 85' lang='lat' dir='ltr'><strong>diabolum</strong></span> <span class='ocrx_word' id='word_1_506' title='bbox 3459 1537 3579 1576; x_wconf 83' lang='lat' dir='ltr'><strong>esse</strong></span> 
     </span>
    </p>
   </div>
   <div class='ocr_carea' id='block_1_72' title="bbox 1996 1612 3575 1684">
    <p class='ocr_par' dir='ltr' id='par_1_72' title="bbox 1996 1612 3575 1684">
     <span class='ocr_line' id='line_1_72' title="bbox 1996 1612 3575 1684; baseline -0.002 -16"><span class='ocrx_word' id='word_1_507' title='bbox 1996 1615 2430 1684; x_wconf 87' lang='lat' dir='ltr'><strong>pronuntiabant.</strong></span> <span class='ocrx_word' id='word_1_508' title='bbox 2456 1613 2748 1669; x_wconf 66' lang='lat' dir='ltr'><strong>[hereticos</strong></span> <span class='ocrx_word' id='word_1_509' title='bbox 2775 1615 2894 1667; x_wconf 91' lang='lat' dir='ltr'><strong>illus</strong></span> <span class='ocrx_word' id='word_1_510' title='bbox 2919 1615 3118 1683; x_wconf 91' lang='lat' dir='ltr'><strong>aliquot</strong></span> <span class='ocrx_word' id='word_1_511' title='bbox 3148 1616 3198 1666; x_wconf 92' lang='lat' dir='ltr'><strong>in</strong></span> <span class='ocrx_word' id='word_1_512' title='bbox 3227 1612 3356 1666; x_wconf 91' lang='lat' dir='ltr'><strong>locis</strong></span> <span class='ocrx_word' id='word_1_513' title='bbox 3386 1613 3575 1681; x_wconf 88' lang='lat' dir='ltr'><strong>carpit,</strong></span> 
     </span>
    </p>
   </div>
   <div class='ocr_carea' id='block_1_73' title="bbox 1994 1703 3580 1776">
    <p class='ocr_par' dir='ltr' id='par_1_73' title="bbox 1994 1703 3580 1776">
     <span class='ocr_line' id='line_1_73' title="bbox 1994 1703 3580 1776; baseline -0.002 -16"><span class='ocrx_word' id='word_1_514' title='bbox 1994 1719 2202 1760; x_wconf 88' lang='lat' dir='ltr'><strong>necnon</strong></span> <span class='ocrx_word' id='word_1_515' title='bbox 2253 1713 2308 1760; x_wconf 90' lang='lat' dir='ltr'><strong>et</strong></span> <span class='ocrx_word' id='word_1_516' title='bbox 2335 1705 2469 1759; x_wconf 89' lang='lat' dir='ltr'><strong>alios</strong></span> <span class='ocrx_word' id='word_1_517' title='bbox 2515 1706 2604 1776; x_wconf 93' lang='lat' dir='ltr'><strong>qui</strong></span> <span class='ocrx_word' id='word_1_518' title='bbox 2646 1703 2897 1760; x_wconf 89' lang='lat' dir='ltr'><strong>dicebant</strong></span> <span class='ocrx_word' id='word_1_519' title='bbox 2943 1703 3198 1758; x_wconf 91' lang='lat' dir='ltr'><strong>mundum</strong></span> <span class='ocrx_word' id='word_1_520' title='bbox 3245 1704 3417 1772; x_wconf 89' lang='lat' dir='ltr'><strong>ipsmn</strong></span> <span class='ocrx_word' id='word_1_521' title='bbox 3459 1717 3580 1757; x_wconf 83' lang='lat' dir='ltr'><strong>esse</strong></span> 
     </span>
    </p>
   </div>
   <div class='ocr_carea' id='block_1_74' title="bbox 1993 1797 3576 1866">
    <p class='ocr_par' dir='ltr' id='par_1_74' title="bbox 1993 1797 3576 1866">
     <span class='ocr_line' id='line_1_74' title="bbox 1993 1797 3576 1866; baseline -0.001 -14"><span class='ocrx_word' id='word_1_522' title='bbox 1993 1797 2176 1863; x_wconf 87' lang='lat' dir='ltr'><strong>deum,</strong></span> <span class='ocrx_word' id='word_1_523' title='bbox 2223 1797 2313 1866; x_wconf 90' lang='lat' dir='ltr'><strong>qui</strong></span> <span class='ocrx_word' id='word_1_524' title='bbox 2362 1812 2513 1851; x_wconf 87' lang='lat' dir='ltr'><strong>error</strong></span> <span class='ocrx_word' id='word_1_525' title='bbox 2559 1798 2718 1850; x_wconf 89' lang='lat' dir='ltr'><strong>etiam</strong></span> <span class='ocrx_word' id='word_1_526' title='bbox 2748 1813 2863 1852; x_wconf 77' lang='lat' dir='ltr'><strong>aevo</strong></span> <span class='ocrx_word' id='word_1_527' title='bbox 2902 1806 3083 1851; x_wconf 88' lang='lat' dir='ltr'><strong>nostro</strong></span> <span class='ocrx_word' id='word_1_528' title='bbox 3129 1809 3416 1852; x_wconf 83' lang='lat' dir='ltr'><strong>renovatus</strong></span> <span class='ocrx_word' id='word_1_529' title='bbox 3461 1797 3576 1852; x_wconf 88' lang='lat' dir='ltr'><strong>fuit.</strong></span> 
     </span>
    </p>
   </div>
   <div class='ocr_carea' id='block_1_75' title="bbox 1994 1887 3581 1957">
    <p class='ocr_par' dir='ltr' id='par_1_75' title="bbox 1994 1887 3581 1957">
     <span class='ocr_line' id='line_1_75' title="bbox 1994 1887 3581 1957; baseline 0.001 -14"><span class='ocrx_word' id='word_1_530' title='bbox 1994 1889 2111 1943; x_wconf 86' lang='lat' dir='ltr'><strong>Alia</strong></span> <span class='ocrx_word' id='word_1_531' title='bbox 2158 1887 2369 1957; x_wconf 84' lang='lat' dir='ltr'><strong>quoque</strong></span> <span class='ocrx_word' id='word_1_532' title='bbox 2417 1889 2701 1942; x_wconf 89' lang='lat' dir='ltr'><strong>observatu</strong></span> <span class='ocrx_word' id='word_1_533' title='bbox 2748 1887 2906 1957; x_wconf 87' lang='lat' dir='ltr'><strong>digna</strong></span> <span class='ocrx_word' id='word_1_534' title='bbox 2959 1889 3010 1942; x_wconf 93' lang='lat' dir='ltr'><strong>in</strong></span> <span class='ocrx_word' id='word_1_535' title='bbox 3063 1889 3144 1941; x_wconf 92' lang='lat' dir='ltr'><strong>his</strong></span> <span class='ocrx_word' id='word_1_536' title='bbox 3196 1889 3581 1957; x_wconf 88' lang='lat' dir='ltr'><strong>posterioribus</strong></span> 
     </span>
    </p>
   </div>
   <div class='ocr_carea' id='block_1_76' title="bbox 1996 1979 3578 2035">
    <p class='ocr_par' dir='ltr' id='par_1_76' title="bbox 1996 1979 3578 2035">
     <span class='ocr_line' id='line_1_76' title="bbox 1996 1979 3578 2035; baseline 0 -1"><span class='ocrx_word' id='word_1_537' title='bbox 1996 1980 2230 2034; x_wconf 82' lang='lat' dir='ltr'><strong>homiliis</strong></span> <span class='ocrx_word' id='word_1_538' title='bbox 2276 1991 2582 2034; x_wconf 89' lang='lat' dir='ltr'><strong>occurrunt.</strong></span> <span class='ocrx_word' id='word_1_539' title='bbox 2633 1979 2877 2034; x_wconf 77' lang='lat' dir='ltr'><strong>Affinnat</strong></span> <span class='ocrx_word' id='word_1_540' title='bbox 2913 1980 2970 2034; x_wconf 91' lang='lat' dir='ltr'><strong>S.</strong></span> <span class='ocrx_word' id='word_1_541' title='bbox 3003 1979 3192 2033; x_wconf 89' lang='lat' dir='ltr'><strong>doctor</strong></span> <span class='ocrx_word' id='word_1_542' title='bbox 3218 1979 3578 2035; x_wconf 80' lang='lat' dir='ltr'><strong>Alexandrum</strong></span> 
     </span>
    </p>
   </div>
   <div class='ocr_carea' id='block_1_77' title="bbox 1994 2072 3578 2128">
    <p class='ocr_par' dir='ltr' id='par_1_77' title="bbox 1994 2072 3578 2128">
     <span class='ocr_line' id='line_1_77' title="bbox 1994 2072 3578 2128; baseline 0 -1"><span class='ocrx_word' id='word_1_543' title='bbox 1994 2089 2024 2127; x_wconf 91' lang='lat' dir='ltr'><strong>a</strong></span> <span class='ocrx_word' id='word_1_544' title='bbox 2049 2073 2246 2127; x_wconf 88' lang='lat' dir='ltr'><strong>Senatu</strong></span> <span class='ocrx_word' id='word_1_545' title='bbox 2273 2073 2514 2128; x_wconf 82' lang='lat' dir='ltr'><strong>Romanu</strong></span> <span class='ocrx_word' id='word_1_546' title='bbox 2543 2075 2754 2128; x_wconf 86' lang='lat' dir='ltr'><strong>tertium</strong></span> <span class='ocrx_word' id='word_1_547' title='bbox 2780 2073 3042 2127; x_wconf 89' lang='lat' dir='ltr'><strong>decimum</strong></span> <span class='ocrx_word' id='word_1_548' title='bbox 3069 2073 3225 2128; x_wconf 89' lang='lat' dir='ltr'><strong>deum</strong></span> <span class='ocrx_word' id='word_1_549' title='bbox 3251 2072 3578 2128; x_wconf 86' lang='lat' dir='ltr'><strong>declaratum</strong></span> 
     </span>
    </p>
   </div>
   <div class='ocr_carea' id='block_1_78' title="bbox 1994 2165 3580 2238">
    <p class='ocr_par' dir='ltr' id='par_1_78' title="bbox 1994 2165 3580 2238">
     <span class='ocr_line' id='line_1_78' title="bbox 1994 2165 3580 2238; baseline 0.002 -19"><span class='ocrx_word' id='word_1_550' title='bbox 1994 2165 2177 2232; x_wconf 90' lang='lat' dir='ltr'><strong>fuisse,</strong></span> <span class='ocrx_word' id='word_1_551' title='bbox 2210 2166 2261 2220; x_wconf 89' lang='lat' dir='ltr'><strong>id</strong></span> <span class='ocrx_word' id='word_1_552' title='bbox 2291 2166 2430 2237; x_wconf 91' lang='lat' dir='ltr'><strong>quod</strong></span> <span class='ocrx_word' id='word_1_553' title='bbox 2464 2167 2705 2236; x_wconf 85' lang='lat' dir='ltr'><strong>nuspiam</strong></span> <span class='ocrx_word' id='word_1_554' title='bbox 2747 2167 2976 2222; x_wconf 91' lang='lat' dir='ltr'><strong>memini.</strong></span> <span class='ocrx_word' id='word_1_555' title='bbox 3002 2183 3088 2221; x_wconf 88' lang='lat' dir='ltr'><strong>tne</strong></span> <span class='ocrx_word' id='word_1_556' title='bbox 3127 2168 3323 2238; x_wconf 83' lang='lat' dir='ltr'><strong>legere.</strong></span> <span class='ocrx_word' id='word_1_557' title='bbox 3365 2166 3580 2222; x_wconf 84' lang='lat' dir='ltr'><strong>Tertius</strong></span> 
     </span>
    </p>
   </div>
   <div class='ocr_carea' id='block_1_79' title="bbox 1993 2257 3581 2328">
    <p class='ocr_par' dir='ltr' id='par_1_79' title="bbox 1993 2257 3581 2328">
     <span class='ocr_line' id='line_1_79' title="bbox 1993 2257 3581 2328; baseline 0.001 -15"><span class='ocrx_word' id='word_1_558' title='bbox 1993 2269 2170 2313; x_wconf 87' lang='lat' dir='ltr'><strong>autem</strong></span> <span class='ocrx_word' id='word_1_559' title='bbox 2198 2257 2436 2313; x_wconf 89' lang='lat' dir='ltr'><strong>decimus</strong></span> <span class='ocrx_word' id='word_1_560' title='bbox 2463 2257 2602 2313; x_wconf 86' lang='lat' dir='ltr'><strong>deus</strong></span> <span class='ocrx_word' id='word_1_561' title='bbox 2625 2259 2796 2313; x_wconf 85' lang='lat' dir='ltr'><strong>dictus</strong></span> <span class='ocrx_word' id='word_1_562' title='bbox 2823 2258 2919 2312; x_wconf 84' lang='lat' dir='ltr'><strong>fuit</strong></span> <span class='ocrx_word' id='word_1_563' title='bbox 2941 2301 2954 2320; x_wconf 89' lang='lat'><strong>,</strong></span> <span class='ocrx_word' id='word_1_564' title='bbox 2995 2260 3117 2328; x_wconf 88' lang='lat' dir='ltr'><strong>quia</strong></span> <span class='ocrx_word' id='word_1_565' title='bbox 3143 2259 3418 2314; x_wconf 88' lang='lat' dir='ltr'><strong>duodecim</strong></span> <span class='ocrx_word' id='word_1_566' title='bbox 3449 2259 3581 2314; x_wconf 84' lang='lat' dir='ltr'><strong>deos</strong></span> 
     </span>
    </p>
   </div>
   <div class='ocr_carea' id='block_1_80' title="bbox 1994 2351 3579 2422">
    <p class='ocr_par' dir='ltr' id='par_1_80' title="bbox 1994 2351 3579 2422">
     <span class='ocr_line' id='line_1_80' title="bbox 1994 2351 3579 2422; baseline 0 -15"><span class='ocrx_word' id='word_1_567' title='bbox 1994 2351 2166 2407; x_wconf 65' lang='lat' dir='ltr'><strong>Gra‘ci</strong></span> <span class='ocrx_word' id='word_1_568' title='bbox 2196 2352 2430 2422; x_wconf 90' lang='lat' dir='ltr'><strong>itemque</strong></span> <span class='ocrx_word' id='word_1_569' title='bbox 2460 2352 2687 2406; x_wconf 81' lang='lat' dir='ltr'><strong>Romani</strong></span> <span class='ocrx_word' id='word_1_570' title='bbox 2713 2352 3082 2418; x_wconf 88' lang='lat' dir='ltr'><strong>admittebant,</strong></span> <span class='ocrx_word' id='word_1_571' title='bbox 3113 2351 3194 2406; x_wconf 87' lang='lat' dir='ltr'><strong>his</strong></span> <span class='ocrx_word' id='word_1_572' title='bbox 3223 2352 3431 2407; x_wconf 91' lang='lat' dir='ltr'><strong>duobus</strong></span> <span class='ocrx_word' id='word_1_573' title='bbox 3461 2367 3579 2407; x_wconf 85' lang='lat' dir='ltr'><strong>ver-</strong></span> 
     </span>
    </p>
   </div>
   <div class='ocr_carea' id='block_1_81' title="bbox 1995 2444 2648 2514">
    <p class='ocr_par' dir='ltr' id='par_1_81' title="bbox 1995 2444 2648 2514">
     <span class='ocr_line' id='line_1_81' title="bbox 1995 2444 2648 2514; baseline 0.005 -17"><span class='ocrx_word' id='word_1_574' title='bbox 1995 2445 2139 2499; x_wconf 84' lang='lat' dir='ltr'><strong>sibus</strong></span> <span class='ocrx_word' id='word_1_575' title='bbox 2169 2444 2595 2514; x_wconf 81' lang='lat' dir='ltr'><strong>cumprehensus</strong></span> <span class='ocrx_word' id='word_1_576' title='bbox 2618 2463 2648 2500; x_wconf 90' lang='lat'><strong>:-</strong></span> 
     </span>
    </p>
   </div>
   <div class='ocr_carea' id='block_1_82' title="bbox 2117 2643 3464 2706">
    <p class='ocr_par' dir='ltr' id='par_1_82' title="bbox 2117 2643 3464 2706">
     <span class='ocr_line' id='line_1_82' title="bbox 2117 2643 3464 2706; baseline 0.004 -16"><span class='ocrx_word' id='word_1_577' title='bbox 2117 2648 2257 2702; x_wconf 85' lang='lat' dir='ltr'><strong>Juuo,</strong></span> <span class='ocrx_word' id='word_1_578' title='bbox 2281 2647 2444 2702; x_wconf 77' lang='lat' dir='ltr'><strong>vesta,</strong></span> <span class='ocrx_word' id='word_1_579' title='bbox 2468 2643 2697 2702; x_wconf 76' lang='lat' dir='ltr'><strong>Minerva,</strong></span> <span class='ocrx_word' id='word_1_580' title='bbox 2715 2649 2878 2702; x_wconf 88' lang='lat' dir='ltr'><strong>Ceres,</strong></span> <span class='ocrx_word' id='word_1_581' title='bbox 2908 2643 3068 2703; x_wconf 82' lang='lat' dir='ltr'><strong>Diana,</strong></span> <span class='ocrx_word' id='word_1_582' title='bbox 3096 2651 3294 2706; x_wconf 74' lang='lat' dir='ltr'><strong>Venus,</strong></span> <span class='ocrx_word' id='word_1_583' title='bbox 3313 2652 3464 2704; x_wconf 71' lang='lat' dir='ltr'><strong>mars,</strong></span> 
     </span>
    </p>
   </div>
   <div class='ocr_carea' id='block_1_83' title="bbox 2117 2727 3454 2791">
    <p class='ocr_par' dir='ltr' id='par_1_83' title="bbox 2117 2727 3454 2791">
     <span class='ocr_line' id='line_1_83' title="bbox 2117 2727 3454 2791; baseline 0.004 -16"><span class='ocrx_word' id='word_1_584' title='bbox 2117 2727 2400 2788; x_wconf 78' lang='lat' dir='ltr'><strong>Mercurius,</strong></span> <span class='ocrx_word' id='word_1_585' title='bbox 2442 2729 2601 2787; x_wconf 86' lang='lat' dir='ltr'><strong>Jovis,</strong></span> <span class='ocrx_word' id='word_1_586' title='bbox 2649 2735 2922 2789; x_wconf 59' lang='lat' dir='ltr'><strong>neptunus,</strong></span> <span class='ocrx_word' id='word_1_587' title='bbox 2965 2728 3226 2790; x_wconf 79' lang='lat' dir='ltr'><strong>Vulcanus,</strong></span> <span class='ocrx_word' id='word_1_588' title='bbox 3270 2727 3454 2791; x_wconf 83' lang='lat' dir='ltr'><strong>Apollo.</strong></span> 
     </span>
    </p>
   </div>
   <div class='ocr_carea' id='block_1_84' title="bbox 2066 2897 3574 2967">
    <p class='ocr_par' dir='ltr' id='par_1_84' title="bbox 2066 2897 3574 2967">
     <span class='ocr_line' id='line_1_84' title="bbox 2066 2897 3574 2967; baseline 0.003 -18"><span class='ocrx_word' id='word_1_589' title='bbox 2066 2898 2520 2953; x_wconf 82' lang='lat' dir='ltr'><strong>Commentarium</strong></span> <span class='ocrx_word' id='word_1_590' title='bbox 2562 2898 2687 2953; x_wconf 84' lang='lat' dir='ltr'><strong>item</strong></span> <span class='ocrx_word' id='word_1_591' title='bbox 2719 2899 2770 2952; x_wconf 91' lang='lat' dir='ltr'><strong>in</strong></span> <span class='ocrx_word' id='word_1_592' title='bbox 2800 2898 3090 2967; x_wconf 88' lang='lat' dir='ltr'><strong>Epistulam</strong></span> <span class='ocrx_word' id='word_1_593' title='bbox 3122 2897 3187 2952; x_wconf 91' lang='lat' dir='ltr'><strong>ad</strong></span> <span class='ocrx_word' id='word_1_594' title='bbox 3218 2898 3433 2954; x_wconf 85' lang='lat' dir='ltr'><strong>Galatas</strong></span> <span class='ocrx_word' id='word_1_595' title='bbox 3461 2902 3574 2953; x_wconf 87' lang='lat' dir='ltr'><strong>An-</strong></span> 
     </span>
    </p>
   </div>
   <div class='ocr_carea' id='block_1_85' title="bbox 1998 2987 3590 3060">
    <p class='ocr_par' dir='ltr' id='par_1_85' title="bbox 1998 2987 3590 3060">
     <span class='ocr_line' id='line_1_85' title="bbox 1998 2987 3590 3060; baseline -0.001 -17"><span class='ocrx_word' id='word_1_596' title='bbox 1998 2989 2209 3043; x_wconf 78' lang='lat' dir='ltr'><strong>tiochia:</strong></span> <span class='ocrx_word' id='word_1_597' title='bbox 2237 2989 2402 3043; x_wconf 87' lang='lat' dir='ltr'><strong>edidit</strong></span> <span class='ocrx_word' id='word_1_598' title='bbox 2430 2987 2526 3060; x_wconf 87' lang='grc' dir='ltr'><em>(Τ.</em></span> <span class='ocrx_word' id='word_1_599' title='bbox 2551 2990 2640 3044; x_wconf 68' lang='grc' dir='ltr'><em>ω.</em></span> <span class='ocrx_word' id='word_1_600' title='bbox 2678 3002 2721 3042; x_wconf 88' lang='lat' dir='ltr'><strong>c.</strong></span> <span class='ocrx_word' id='word_1_601' title='bbox 2750 2989 2923 3060; x_wconf 85' lang='lat'><strong>609),</strong></span> <span class='ocrx_word' id='word_1_602' title='bbox 2957 2998 3018 3044; x_wconf 82' lang='lat' dir='ltr'><strong>ut</strong></span> <span class='ocrx_word' id='word_1_603' title='bbox 3061 2990 3112 3043; x_wconf 94' lang='lat' dir='ltr'><strong>in</strong></span> <span class='ocrx_word' id='word_1_604' title='bbox 3151 2990 3347 3044; x_wconf 84' lang='lat' dir='ltr'><strong>Monito</strong></span> <span class='ocrx_word' id='word_1_605' title='bbox 3379 2991 3590 3045; x_wconf 86' lang='lat' dir='ltr'><strong>ibidem.</strong></span> 
     </span>
    </p>
   </div>
   <div class='ocr_carea' id='block_1_86' title="bbox 1995 3082 3580 3156">
    <p class='ocr_par' dir='ltr' id='par_1_86' title="bbox 1995 3082 3580 3156">
     <span class='ocr_line' id='line_1_86' title="bbox 1995 3082 3580 3156; baseline 0.003 -22"><span class='ocrx_word' id='word_1_606' title='bbox 1995 3082 2337 3152; x_wconf 85' lang='lat' dir='ltr'><strong>probavimus</strong></span> <span class='ocrx_word' id='word_1_607' title='bbox 2369 3100 2382 3137; x_wconf 89' lang='lat'>:</span> <span class='ocrx_word' id='word_1_608' title='bbox 2413 3084 2499 3137; x_wconf 93' lang='lat' dir='ltr'><strong>cui</strong></span> <span class='ocrx_word' id='word_1_609' title='bbox 2528 3083 2839 3138; x_wconf 77' lang='lat' dir='ltr'><strong>adornanda</strong></span> <span class='ocrx_word' id='word_1_610' title='bbox 2863 3099 2969 3138; x_wconf 93' lang='lat' dir='ltr'><strong>non</strong></span> <span class='ocrx_word' id='word_1_611' title='bbox 2995 3083 3204 3138; x_wconf 76' lang='lat' dir='ltr'><strong>solitam</strong></span> <span class='ocrx_word' id='word_1_612' title='bbox 3235 3099 3449 3154; x_wconf 87' lang='lat' dir='ltr'><strong>operam</strong></span> <span class='ocrx_word' id='word_1_613' title='bbox 3477 3100 3580 3156; x_wconf 89' lang='lat' dir='ltr'><strong>pu-</strong></span> 
     </span>
    </p>
   </div>
   <div class='ocr_carea' id='block_1_87' title="bbox 1995 3174 3580 3248">
    <p class='ocr_par' dir='ltr' id='par_1_87' title="bbox 1995 3174 3580 3248">
     <span class='ocr_line' id='line_1_87' title="bbox 1995 3174 3580 3248; baseline 0.004 -20"><span class='ocrx_word' id='word_1_614' title='bbox 1995 3177 2100 3229; x_wconf 89' lang='lat' dir='ltr'><strong>suit</strong></span> <span class='ocrx_word' id='word_1_615' title='bbox 2123 3174 2556 3247; x_wconf 86' lang='lat' dir='ltr'><strong>Chrysostomus.</strong></span> <span class='ocrx_word' id='word_1_616' title='bbox 2592 3175 2645 3229; x_wconf 91' lang='lat' dir='ltr'><strong>ln</strong></span> <span class='ocrx_word' id='word_1_617' title='bbox 2685 3177 2802 3232; x_wconf 89' lang='lat' dir='ltr'><strong>aliis</strong></span> <span class='ocrx_word' id='word_1_618' title='bbox 2841 3178 3034 3248; x_wconf 90' lang='lat' dir='ltr'><strong>quippe</strong></span> <span class='ocrx_word' id='word_1_619' title='bbox 3065 3179 3116 3232; x_wconf 93' lang='lat' dir='ltr'><strong>in</strong></span> <span class='ocrx_word' id='word_1_620' title='bbox 3145 3177 3350 3232; x_wconf 89' lang='lat' dir='ltr'><strong>Novum</strong></span> <span class='ocrx_word' id='word_1_621' title='bbox 3389 3177 3580 3234; x_wconf 88' lang='lat' dir='ltr'><strong>Testa-</strong></span> 
     </span>
    </p>
   </div>
   <div class='ocr_carea' id='block_1_88' title="bbox 1997 3267 3580 3336">
    <p class='ocr_par' dir='ltr' id='par_1_88' title="bbox 1997 3267 3580 3336">
     <span class='ocr_line' id='line_1_88' title="bbox 1997 3267 3580 3336; baseline 0.004 -16"><span class='ocrx_word' id='word_1_622' title='bbox 1997 3277 2234 3320; x_wconf 89' lang='lat' dir='ltr'><strong>mentum</strong></span> <span class='ocrx_word' id='word_1_623' title='bbox 2290 3267 2754 3336; x_wconf 79' lang='lat' dir='ltr'><strong>explanationibus</strong></span> <span class='ocrx_word' id='word_1_624' title='bbox 2809 3270 2985 3323; x_wconf 89' lang='lat' dir='ltr'><strong>omnia</strong></span> <span class='ocrx_word' id='word_1_625' title='bbox 3043 3269 3096 3324; x_wconf 90' lang='lat' dir='ltr'><strong>in</strong></span> <span class='ocrx_word' id='word_1_626' title='bbox 3151 3271 3435 3326; x_wconf 88' lang='lat' dir='ltr'><strong>conciones</strong></span> <span class='ocrx_word' id='word_1_627' title='bbox 3486 3287 3580 3327; x_wconf 89' lang='lat' dir='ltr'><strong>seu</strong></span> 
     </span>
    </p>
   </div>
   <div class='ocr_carea' id='block_1_89' title="bbox 1996 3358 3584 3432">
    <p class='ocr_par' dir='ltr' id='par_1_89' title="bbox 1996 3358 3584 3432">
     <span class='ocr_line' id='line_1_89' title="bbox 1996 3358 3584 3432; baseline 0.002 -19"><span class='ocrx_word' id='word_1_628' title='bbox 1996 3359 2245 3414; x_wconf 79' lang='lat' dir='ltr'><strong>humilius</strong></span> <span class='ocrx_word' id='word_1_629' title='bbox 2269 3358 2436 3416; x_wconf 85' lang='lat' dir='ltr'><strong>divisa</strong></span> <span class='ocrx_word' id='word_1_630' title='bbox 2459 3369 2519 3413; x_wconf 87' lang='lat' dir='ltr'><strong>et</strong></span> <span class='ocrx_word' id='word_1_631' title='bbox 2545 3360 2823 3414; x_wconf 67' lang='lat' dir='ltr'><strong>distributa</strong></span> <span class='ocrx_word' id='word_1_632' title='bbox 2855 3370 3011 3420; x_wconf 86' lang='lat' dir='ltr'><strong>sunt;</strong></span> <span class='ocrx_word' id='word_1_633' title='bbox 3042 3362 3109 3415; x_wconf 91' lang='lat' dir='ltr'><strong>ita</strong></span> <span class='ocrx_word' id='word_1_634' title='bbox 3140 3371 3194 3415; x_wconf 88' lang='lat' dir='ltr'><strong>ut</strong></span> <span class='ocrx_word' id='word_1_635' title='bbox 3221 3363 3408 3416; x_wconf 91' lang='lat' dir='ltr'><strong>concio</strong></span> <span class='ocrx_word' id='word_1_636' title='bbox 3434 3378 3584 3432; x_wconf 56' lang='lat' dir='ltr'><strong>quau</strong></span> 
     </span>
    </p>
   </div>
   <div class='ocr_carea' id='block_1_90' title="bbox 1995 3449 3578 3518">
    <p class='ocr_par' dir='ltr' id='par_1_90' title="bbox 1995 3449 3578 3518">
     <span class='ocr_line' id='line_1_90' title="bbox 1995 3449 3578 3518; baseline 0.002 -13"><span class='ocrx_word' id='word_1_637' title='bbox 1995 3451 2126 3505; x_wconf 80' lang='lat' dir='ltr'><strong>libet</strong></span> <span class='ocrx_word' id='word_1_638' title='bbox 2150 3450 2320 3504; x_wconf 88' lang='lat' dir='ltr'><strong>ethica</strong></span> <span class='ocrx_word' id='word_1_639' title='bbox 2347 3449 2718 3504; x_wconf 85' lang='lat' dir='ltr'><strong>adhortatione</strong></span> <span class='ocrx_word' id='word_1_640' title='bbox 2742 3451 3048 3518; x_wconf 86' lang='lat' dir='ltr'><strong>claudatur,</strong></span> <span class='ocrx_word' id='word_1_641' title='bbox 3077 3463 3130 3506; x_wconf 89' lang='lat' dir='ltr'><strong>et</strong></span> <span class='ocrx_word' id='word_1_642' title='bbox 3179 3453 3396 3506; x_wconf 87' lang='lat' dir='ltr'><strong>moralia</strong></span> <span class='ocrx_word' id='word_1_643' title='bbox 3430 3455 3578 3509; x_wconf 72' lang='lat' dir='ltr'><strong>isttec</strong></span> 
     </span>
    </p>
   </div>
   <div class='ocr_carea' id='block_1_91' title="bbox 1997 3543 3578 3615">
    <p class='ocr_par' dir='ltr' id='par_1_91' title="bbox 1997 3543 3578 3615">
     <span class='ocr_line' id='line_1_91' title="bbox 1997 3543 3578 3615; baseline 0.003 -17"><span class='ocrx_word' id='word_1_644' title='bbox 1997 3543 2290 3615; x_wconf 87' lang='lat' dir='ltr'><strong>posteriora</strong></span> <span class='ocrx_word' id='word_1_645' title='bbox 2323 3554 2587 3614; x_wconf 69' lang='lat' dir='ltr'><strong>prtecepla</strong></span> <span class='ocrx_word' id='word_1_646' title='bbox 2632 3560 2874 3614; x_wconf 86' lang='lat' dir='ltr'><strong>magnam</strong></span> <span class='ocrx_word' id='word_1_647' title='bbox 2918 3553 2974 3599; x_wconf 85' lang='lat' dir='ltr'><strong>ut</strong></span> <span class='ocrx_word' id='word_1_648' title='bbox 3017 3545 3300 3614; x_wconf 90' lang='lat' dir='ltr'><strong>plurimum</strong></span> <span class='ocrx_word' id='word_1_649' title='bbox 3345 3547 3578 3602; x_wconf 71' lang='lat' dir='ltr'><strong>humilia:</strong></span> 
     </span>
    </p>
   </div>
   <div class='ocr_carea' id='block_1_92' title="bbox 1997 3635 3580 3706">
    <p class='ocr_par' dir='ltr' id='par_1_92' title="bbox 1997 3635 3580 3706">
     <span class='ocr_line' id='line_1_92' title="bbox 1997 3635 3580 3706; baseline 0.001 -17"><span class='ocrx_word' id='word_1_650' title='bbox 1997 3648 2197 3705; x_wconf 89' lang='lat' dir='ltr'><strong>partem</strong></span> <span class='ocrx_word' id='word_1_651' title='bbox 2245 3636 2688 3706; x_wconf 83' lang='lat' dir='ltr'><strong>complectantur.</strong></span> <span class='ocrx_word' id='word_1_652' title='bbox 2732 3635 2787 3690; x_wconf 83' lang='lat' dir='ltr'><strong>In</strong></span> <span class='ocrx_word' id='word_1_653' title='bbox 2832 3635 2934 3691; x_wconf 91' lang='lat' dir='ltr'><strong>hoc</strong></span> <span class='ocrx_word' id='word_1_654' title='bbox 2975 3645 3150 3692; x_wconf 89' lang='lat' dir='ltr'><strong>autem</strong></span> <span class='ocrx_word' id='word_1_655' title='bbox 3181 3638 3580 3694; x_wconf 83' lang='lat' dir='ltr'><strong>Commentario</strong></span> 
     </span>
    </p>
   </div>
   <div class='ocr_carea' id='block_1_93' title="bbox 1995 3730 3600 3803">
    <p class='ocr_par' dir='ltr' id='par_1_93' title="bbox 1995 3730 3600 3803">
     <span class='ocr_line' id='line_1_93' title="bbox 1995 3730 3600 3803; baseline 0.001 -19"><span class='ocrx_word' id='word_1_656' title='bbox 1995 3731 2170 3784; x_wconf 87' lang='lat' dir='ltr'><strong>omnia</strong></span> <span class='ocrx_word' id='word_1_657' title='bbox 2202 3744 2355 3784; x_wconf 88' lang='lat' dir='ltr'><strong>secus</strong></span> <span class='ocrx_word' id='word_1_658' title='bbox 2385 3730 2638 3783; x_wconf 88' lang='lat' dir='ltr'><strong>adornata</strong></span> <span class='ocrx_word' id='word_1_659' title='bbox 2684 3740 2808 3784; x_wconf 84' lang='lat' dir='ltr'><strong>sunt</strong></span> <span class='ocrx_word' id='word_1_660' title='bbox 2835 3747 2848 3783; x_wconf 88' lang='lat'>:</span> <span class='ocrx_word' id='word_1_661' title='bbox 2884 3747 3003 3782; x_wconf 89' lang='lat' dir='ltr'><strong>nam</strong></span> <span class='ocrx_word' id='word_1_662' title='bbox 3044 3731 3378 3786; x_wconf 88' lang='lat' dir='ltr'><strong>continenter</strong></span> <span class='ocrx_word' id='word_1_663' title='bbox 3403 3731 3600 3803; x_wconf 52' lang='lat' dir='ltr'><strong>Cltrym-</strong></span> 
     </span>
    </p>
   </div>
   <div class='ocr_carea' id='block_1_94' title="bbox 1995 3820 3579 3890">
    <p class='ocr_par' dir='ltr' id='par_1_94' title="bbox 1995 3820 3579 3890">
     <span class='ocr_line' id='line_1_94' title="bbox 1995 3820 3579 3890; baseline 0.002 -15"><span class='ocrx_word' id='word_1_664' title='bbox 1995 3832 2264 3875; x_wconf 85' lang='lat' dir='ltr'><strong>sustomus</strong></span> <span class='ocrx_word' id='word_1_665' title='bbox 2305 3820 2369 3874; x_wconf 89' lang='lat' dir='ltr'><strong>ad</strong></span> <span class='ocrx_word' id='word_1_666' title='bbox 2403 3822 2560 3875; x_wconf 90' lang='lat' dir='ltr'><strong>linem</strong></span> <span class='ocrx_word' id='word_1_667' title='bbox 2595 3837 2761 3889; x_wconf 89' lang='lat' dir='ltr'><strong>usque</strong></span> <span class='ocrx_word' id='word_1_668' title='bbox 2801 3822 3039 3890; x_wconf 73' lang='lat' dir='ltr'><strong>epistola:</strong></span> <span class='ocrx_word' id='word_1_669' title='bbox 3066 3837 3246 3875; x_wconf 78' lang='lat' dir='ltr'><strong>versus</strong></span> <span class='ocrx_word' id='word_1_670' title='bbox 3271 3837 3458 3877; x_wconf 89' lang='lat' dir='ltr'><strong>omnes</strong></span> <span class='ocrx_word' id='word_1_671' title='bbox 3482 3839 3579 3878; x_wconf 78' lang='lat' dir='ltr'><strong>ex-</strong></span> 
     </span>
    </p>
   </div>
   <div class='ocr_carea' id='block_1_95' title="bbox 1997 3911 3575 3982">
    <p class='ocr_par' dir='ltr' id='par_1_95' title="bbox 1997 3911 3575 3982">
     <span class='ocr_line' id='line_1_95' title="bbox 1997 3911 3575 3982; baseline 0.001 -17"><span class='ocrx_word' id='word_1_672' title='bbox 1997 3914 2194 3982; x_wconf 85' lang='lat' dir='ltr'><strong>planat.</strong></span> <span class='ocrx_word' id='word_1_673' title='bbox 2213 3911 2426 3966; x_wconf 85' lang='lat' dir='ltr'><strong>Moralia</strong></span> <span class='ocrx_word' id='word_1_674' title='bbox 2457 3927 2875 3982; x_wconf 90' lang='lat' dir='ltr'><strong>nonnumquam,</strong></span> <span class='ocrx_word' id='word_1_675' title='bbox 2899 3912 3067 3967; x_wconf 87' lang='lat' dir='ltr'><strong>sicubi</strong></span> <span class='ocrx_word' id='word_1_676' title='bbox 3095 3913 3306 3967; x_wconf 86' lang='lat' dir='ltr'><strong>occasio</strong></span> <span class='ocrx_word' id='word_1_677' title='bbox 3333 3912 3575 3982; x_wconf 75' lang='lat' dir='ltr'><strong>offertur,</strong></span> 
     </span>
    </p>
   </div>
   <div class='ocr_carea' id='block_1_96' title="bbox 1995 4005 3579 4075">
    <p class='ocr_par' dir='ltr' id='par_1_96' title="bbox 1995 4005 3579 4075">
     <span class='ocr_line' id='line_1_96' title="bbox 1995 4005 3579 4075; baseline 0.001 -15"><span class='ocrx_word' id='word_1_678' title='bbox 1995 4006 2288 4070; x_wconf 85' lang='lat' dir='ltr'><strong>admiscet;</strong></span> <span class='ocrx_word' id='word_1_679' title='bbox 2338 4005 2434 4062; x_wconf 91' lang='lat' dir='ltr'><strong>sed</strong></span> <span class='ocrx_word' id='word_1_680' title='bbox 2473 4021 2580 4060; x_wconf 88' lang='lat' dir='ltr'><strong>non</strong></span> <span class='ocrx_word' id='word_1_681' title='bbox 2621 4013 2680 4061; x_wconf 88' lang='lat' dir='ltr'><strong>ut</strong></span> <span class='ocrx_word' id='word_1_682' title='bbox 2729 4021 2825 4075; x_wconf 90' lang='lat' dir='ltr'><strong>pro</strong></span> <span class='ocrx_word' id='word_1_683' title='bbox 2867 4021 3018 4061; x_wconf 90' lang='lat' dir='ltr'><strong>more</strong></span> <span class='ocrx_word' id='word_1_684' title='bbox 3064 4005 3224 4061; x_wconf 90' lang='lat' dir='ltr'><strong>solito</strong></span> <span class='ocrx_word' id='word_1_685' title='bbox 3264 4007 3579 4062; x_wconf 90' lang='lat' dir='ltr'><strong>concionem</strong></span> 
     </span>
    </p>
   </div>
   <div class='ocr_carea' id='block_1_97' title="bbox 1996 4097 3579 4167">
    <p class='ocr_par' dir='ltr' id='par_1_97' title="bbox 1996 4097 3579 4167">
     <span class='ocr_line' id='line_1_97' title="bbox 1996 4097 3579 4167; baseline 0.001 -16"><span class='ocrx_word' id='word_1_686' title='bbox 1996 4098 2227 4152; x_wconf 87' lang='lat' dir='ltr'><strong>claudat.</strong></span> <span class='ocrx_word' id='word_1_687' title='bbox 2260 4097 2520 4166; x_wconf 88' lang='lat' dir='ltr'><strong>Populum</strong></span> <span class='ocrx_word' id='word_1_688' title='bbox 2551 4107 2730 4153; x_wconf 89' lang='lat' dir='ltr'><strong>autem</strong></span> <span class='ocrx_word' id='word_1_689' title='bbox 2775 4113 2880 4152; x_wconf 91' lang='lat' dir='ltr'><strong>non</strong></span> <span class='ocrx_word' id='word_1_690' title='bbox 2922 4112 3045 4152; x_wconf 90' lang='lat' dir='ltr'><strong>raro</strong></span> <span class='ocrx_word' id='word_1_691' title='bbox 3083 4097 3387 4167; x_wconf 87' lang='lat' dir='ltr'><strong>alloquitur.</strong></span> <span class='ocrx_word' id='word_1_692' title='bbox 3431 4099 3579 4166; x_wconf 82' lang='lat' dir='ltr'><strong>Qua-</strong></span> 
     </span>
    </p>
   </div>
   <div class='ocr_carea' id='block_1_98' title="bbox 1997 4189 3581 4261">
    <p class='ocr_par' dir='ltr' id='par_1_98' title="bbox 1997 4189 3581 4261">
     <span class='ocr_line' id='line_1_98' title="bbox 1997 4189 3581 4261; baseline 0.001 -17"><span class='ocrx_word' id='word_1_693' title='bbox 1997 4200 2218 4261; x_wconf 86' lang='lat' dir='ltr'><strong>propter</strong></span> <span class='ocrx_word' id='word_1_694' title='bbox 2257 4189 2576 4244; x_wconf 87' lang='lat' dir='ltr'><strong>crediderim</strong></span> <span class='ocrx_word' id='word_1_695' title='bbox 2608 4189 2724 4243; x_wconf 87' lang='lat' dir='ltr'><strong>ha-c</strong></span> <span class='ocrx_word' id='word_1_696' title='bbox 2760 4189 2905 4243; x_wconf 91' lang='lat' dir='ltr'><strong>illum</strong></span> <span class='ocrx_word' id='word_1_697' title='bbox 2936 4189 3006 4243; x_wconf 88' lang='lat' dir='ltr'><strong>ita</strong></span> <span class='ocrx_word' id='word_1_698' title='bbox 3045 4189 3466 4254; x_wconf 85' lang='lat' dir='ltr'><strong>concinnavisse,</strong></span> <span class='ocrx_word' id='word_1_699' title='bbox 3496 4191 3581 4246; x_wconf 90' lang='lat' dir='ltr'><strong>vel</strong></span> 
     </span>
    </p>
   </div>
   <div class='ocr_carea' id='block_1_99' title="bbox 2000 4280 3584 4353">
    <p class='ocr_par' dir='ltr' id='par_1_99' title="bbox 2000 4280 3584 4353">
     <span class='ocr_line' id='line_1_99' title="bbox 2000 4280 3584 4353; baseline 0 -16"><span class='ocrx_word' id='word_1_700' title='bbox 2000 4291 2058 4337; x_wconf 88' lang='lat' dir='ltr'><strong>ut</strong></span> <span class='ocrx_word' id='word_1_701' title='bbox 2099 4281 2345 4353; x_wconf 70' lang='lat' dir='ltr'><strong>prazsenti</strong></span> <span class='ocrx_word' id='word_1_702' title='bbox 2379 4281 2571 4351; x_wconf 90' lang='lat' dir='ltr'><strong>populo</strong></span> <span class='ocrx_word' id='word_1_703' title='bbox 2613 4282 2690 4337; x_wconf 92' lang='lat' dir='ltr'><strong>sic</strong></span> <span class='ocrx_word' id='word_1_704' title='bbox 2730 4280 2932 4350; x_wconf 87' lang='lat' dir='ltr'><strong>legeret</strong></span> <span class='ocrx_word' id='word_1_705' title='bbox 2971 4289 3062 4335; x_wconf 88' lang='lat' dir='ltr'><strong>aut</strong></span> <span class='ocrx_word' id='word_1_706' title='bbox 3102 4282 3382 4349; x_wconf 89' lang='lat' dir='ltr'><strong>recitaret,</strong></span> <span class='ocrx_word' id='word_1_707' title='bbox 3415 4282 3497 4338; x_wconf 88' lang='lat' dir='ltr'><strong>vel</strong></span> <span class='ocrx_word' id='word_1_708' title='bbox 3523 4292 3584 4337; x_wconf 85' lang='lat' dir='ltr'><strong>ut</strong></span> 
     </span>
    </p>
   </div>
   <div class='ocr_carea' id='block_1_100' title="bbox 2000 4372 3580 4444">
    <p class='ocr_par' dir='ltr' id='par_1_100' title="bbox 2000 4372 3580 4444">
     <span class='ocr_line' id='line_1_100' title="bbox 2000 4372 3580 4444; baseline -0.001 -15"><span class='ocrx_word' id='word_1_709' title='bbox 2000 4375 2169 4429; x_wconf 91' lang='lat' dir='ltr'><strong>diviso</strong></span> <span class='ocrx_word' id='word_1_710' title='bbox 2195 4373 2378 4428; x_wconf 89' lang='lat' dir='ltr'><strong>multis</strong></span> <span class='ocrx_word' id='word_1_711' title='bbox 2400 4374 2449 4427; x_wconf 93' lang='lat' dir='ltr'><strong>in</strong></span> <span class='ocrx_word' id='word_1_712' title='bbox 2481 4373 2715 4444; x_wconf 85' lang='lat' dir='ltr'><strong>partibus</strong></span> <span class='ocrx_word' id='word_1_713' title='bbox 2735 4372 3128 4427; x_wconf 85' lang='lat' dir='ltr'><strong>Commentario</strong></span> <span class='ocrx_word' id='word_1_714' title='bbox 3148 4372 3368 4443; x_wconf 88' lang='lat' dir='ltr'><strong>singulis</strong></span> <span class='ocrx_word' id='word_1_715' title='bbox 3397 4383 3580 4442; x_wconf 86' lang='lat' dir='ltr'><strong>postea</strong></span> 
     </span>
    </p>
   </div>
   <div class='ocr_carea' id='block_1_101' title="bbox 1999 4466 3581 4538">
    <p class='ocr_par' dir='ltr' id='par_1_101' title="bbox 1999 4466 3581 4538">
     <span class='ocr_line' id='line_1_101' title="bbox 1999 4466 3581 4538; baseline 0.001 -18"><span class='ocrx_word' id='word_1_716' title='bbox 1999 4468 2236 4538; x_wconf 89' lang='lat' dir='ltr'><strong>partibus</strong></span> <span class='ocrx_word' id='word_1_717' title='bbox 2264 4466 2496 4522; x_wconf 90' lang='lat' dir='ltr'><strong>ethicum</strong></span> <span class='ocrx_word' id='word_1_718' title='bbox 2524 4467 2787 4536; x_wconf 84' lang='lat' dir='ltr'><strong>epilogum</strong></span> <span class='ocrx_word' id='word_1_719' title='bbox 2816 4466 3085 4536; x_wconf 89' lang='lat' dir='ltr'><strong>adjiceret,</strong></span> <span class='ocrx_word' id='word_1_720' title='bbox 3117 4476 3177 4520; x_wconf 91' lang='lat' dir='ltr'><strong>ut</strong></span> <span class='ocrx_word' id='word_1_721' title='bbox 3203 4482 3299 4536; x_wconf 91' lang='lat' dir='ltr'><strong>pro</strong></span> <span class='ocrx_word' id='word_1_722' title='bbox 3325 4476 3581 4522; x_wconf 89' lang='lat' dir='ltr'><strong>consuetu</strong></span> 
     </span>
    </p>
   </div>
   <div class='ocr_carea' id='block_1_102' title="bbox 1999 4557 3546 4627">
    <p class='ocr_par' dir='ltr' id='par_1_102' title="bbox 1999 4557 3546 4627">
     <span class='ocr_line' id='line_1_102' title="bbox 1999 4557 3546 4627; baseline -0.001 -13"><span class='ocrx_word' id='word_1_723' title='bbox 1999 4576 2150 4615; x_wconf 88' lang='lat' dir='ltr'><strong>more</strong></span> <span class='ocrx_word' id='word_1_724' title='bbox 2187 4560 2239 4615; x_wconf 89' lang='lat' dir='ltr'><strong>in</strong></span> <span class='ocrx_word' id='word_1_725' title='bbox 2273 4558 2519 4614; x_wconf 90' lang='lat' dir='ltr'><strong>homilias</strong></span> <span class='ocrx_word' id='word_1_726' title='bbox 2559 4558 2896 4612; x_wconf 87' lang='lat' dir='ltr'><strong>distributum</strong></span> <span class='ocrx_word' id='word_1_727' title='bbox 2938 4571 3072 4627; x_wconf 89' lang='lat' dir='ltr'><strong>opus</strong></span> <span class='ocrx_word' id='word_1_728' title='bbox 3117 4557 3314 4626; x_wconf 92' lang='lat' dir='ltr'><strong>populo</strong></span> <span class='ocrx_word' id='word_1_729' title='bbox 3342 4572 3546 4627; x_wconf 90' lang='lat' dir='ltr'><strong>pronun</strong></span> 
     </span>
    </p>
   </div>
   <div class='ocr_carea' id='block_1_103' title="bbox 1999 4647 3584 4718">
    <p class='ocr_par' dir='ltr' id='par_1_103' title="bbox 1999 4647 3584 4718">
     <span class='ocr_line' id='line_1_103' title="bbox 1999 4647 3584 4718; baseline 0 -13"><span class='ocrx_word' id='word_1_730' title='bbox 1999 4652 2174 4706; x_wconf 88' lang='lat' dir='ltr'><strong>tiaret.</strong></span> <span class='ocrx_word' id='word_1_731' title='bbox 2224 4649 2358 4706; x_wconf 91' lang='lat' dir='ltr'><strong>Utro</strong></span> <span class='ocrx_word' id='word_1_732' title='bbox 2394 4658 2573 4704; x_wconf 86' lang='lat' dir='ltr'><strong>autem</strong></span> <span class='ocrx_word' id='word_1_733' title='bbox 2617 4647 2776 4702; x_wconf 88' lang='lat' dir='ltr'><strong>modo</strong></span> <span class='ocrx_word' id='word_1_734' title='bbox 2804 4647 2990 4718; x_wconf 87' lang='lat' dir='ltr'><strong>egerit,</strong></span> <span class='ocrx_word' id='word_1_735' title='bbox 3036 4647 3248 4703; x_wconf 89' lang='lat' dir='ltr'><strong>nonnisi</strong></span> <span class='ocrx_word' id='word_1_736' title='bbox 3294 4647 3584 4706; x_wconf 66' lang='lat' dir='ltr'><strong>divinando</strong></span> 
     </span>
    </p>
   </div>
   <div class='ocr_carea' id='block_1_104' title="bbox 1996 4743 2539 4814">
    <p class='ocr_par' dir='ltr' id='par_1_104' title="bbox 1996 4743 2539 4814">
     <span class='ocr_line' id='line_1_104' title="bbox 1996 4743 2539 4814; baseline -0.007 -16"><span class='ocrx_word' id='word_1_737' title='bbox 1996 4743 2211 4813; x_wconf 89' lang='lat' dir='ltr'><strong>assequi</strong></span> <span class='ocrx_word' id='word_1_738' title='bbox 2235 4757 2539 4814; x_wconf 89' lang='lat' dir='ltr'><strong>possumus.</strong></span> 
     </span>
    </p>
   </div>
   <div class='ocr_carea' id='block_1_105' title="bbox 2066 4831 3574 4905">
    <p class='ocr_par' dir='ltr' id='par_1_105' title="bbox 2066 4831 3574 4905">
     <span class='ocr_line' id='line_1_105' title="bbox 2066 4831 3574 4905; baseline -0.001 -15"><span class='ocrx_word' id='word_1_739' title='bbox 2066 4835 2124 4890; x_wconf 87' lang='lat' dir='ltr'><strong>In</strong></span> <span class='ocrx_word' id='word_1_740' title='bbox 2153 4834 2257 4890; x_wconf 92' lang='lat' dir='ltr'><strong>hoc</strong></span> <span class='ocrx_word' id='word_1_741' title='bbox 2283 4843 2429 4890; x_wconf 90' lang='lat' dir='ltr'><strong>certe</strong></span> <span class='ocrx_word' id='word_1_742' title='bbox 2453 4833 2847 4889; x_wconf 87' lang='lat' dir='ltr'><strong>Commentario</strong></span> <span class='ocrx_word' id='word_1_743' title='bbox 2870 4831 3282 4905; x_wconf 82' lang='lat' dir='ltr'><strong>Chrysostomus</strong></span> <span class='ocrx_word' id='word_1_744' title='bbox 3311 4833 3466 4905; x_wconf 84' lang='lat' dir='ltr'><strong>longe</strong></span> <span class='ocrx_word' id='word_1_745' title='bbox 3490 4847 3574 4889; x_wconf 85' lang='lat' dir='ltr'><strong>ae-</strong></span> 
     </span>
    </p>
   </div>
   <div class='ocr_carea' id='block_1_106' title="bbox 1996 4927 3576 4999">
    <p class='ocr_par' dir='ltr' id='par_1_106' title="bbox 1996 4927 3576 4999">
     <span class='ocr_line' id='line_1_106' title="bbox 1996 4927 3576 4999; baseline -0.001 -15"><span class='ocrx_word' id='word_1_746' title='bbox 1996 4931 2232 4984; x_wconf 87' lang='lat' dir='ltr'><strong>curatius</strong></span> <span class='ocrx_word' id='word_1_747' title='bbox 2259 4929 2512 4998; x_wconf 88' lang='lat' dir='ltr'><strong>apostolis</strong></span> <span class='ocrx_word' id='word_1_748' title='bbox 2538 4927 2678 4982; x_wconf 89' lang='lat' dir='ltr'><strong>dicta</strong></span> <span class='ocrx_word' id='word_1_749' title='bbox 2707 4927 2948 4997; x_wconf 79' lang='lat' dir='ltr'><strong>explorat</strong></span> <span class='ocrx_word' id='word_1_750' title='bbox 2975 4935 3032 4983; x_wconf 88' lang='lat' dir='ltr'><strong>et</strong></span> <span class='ocrx_word' id='word_1_751' title='bbox 3058 4927 3309 4998; x_wconf 82' lang='lat' dir='ltr'><strong>explicat,</strong></span> <span class='ocrx_word' id='word_1_752' title='bbox 3338 4943 3494 4999; x_wconf 91' lang='lat' dir='ltr'><strong>quam</strong></span> <span class='ocrx_word' id='word_1_753' title='bbox 3521 4928 3576 4983; x_wconf 77' lang='lat' dir='ltr'><strong>iu</strong></span> 
     </span>
    </p>
   </div>
   <div class='ocr_carea' id='block_1_107' title="bbox 1996 5021 3576 5078">
    <p class='ocr_par' dir='ltr' id='par_1_107' title="bbox 1996 5021 3576 5078">
     <span class='ocr_line' id='line_1_107' title="bbox 1996 5021 3576 5078; baseline -0.001 0"><span class='ocrx_word' id='word_1_754' title='bbox 1996 5025 2177 5078; x_wconf 91' lang='lat' dir='ltr'><strong>multis</strong></span> <span class='ocrx_word' id='word_1_755' title='bbox 2204 5023 2322 5077; x_wconf 90' lang='lat' dir='ltr'><strong>aliis</strong></span> <span class='ocrx_word' id='word_1_756' title='bbox 2351 5022 2583 5077; x_wconf 90' lang='lat' dir='ltr'><strong>humiliis</strong></span> <span class='ocrx_word' id='word_1_757' title='bbox 2623 5032 2678 5076; x_wconf 89' lang='lat' dir='ltr'><strong>et</strong></span> <span class='ocrx_word' id='word_1_758' title='bbox 2702 5021 3118 5076; x_wconf 90' lang='lat' dir='ltr'><strong>commentariis.</strong></span> <span class='ocrx_word' id='word_1_759' title='bbox 3149 5021 3440 5076; x_wconf 78' lang='lat' dir='ltr'><strong>Anumceos</strong></span> <span class='ocrx_word' id='word_1_760' title='bbox 3467 5034 3576 5077; x_wconf 74' lang='lat' dir='ltr'><strong>non</strong></span> 
     </span>
    </p>
   </div>
   <div class='ocr_carea' id='block_1_108' title="bbox 1996 5110 3543 5186">
    <p class='ocr_par' dir='ltr' id='par_1_108' title="bbox 1996 5110 3543 5186">
     <span class='ocr_line' id='line_1_108' title="bbox 1996 5110 3543 5186; baseline -0.003 -16"><span class='ocrx_word' id='word_1_761' title='bbox 1996 5117 2164 5171; x_wconf 79' lang='lat' dir='ltr'><strong>semel</strong></span> <span class='ocrx_word' id='word_1_762' title='bbox 2191 5115 2402 5186; x_wconf 80' lang='lat' dir='ltr'><strong>egregie</strong></span> <span class='ocrx_word' id='word_1_763' title='bbox 2441 5113 2665 5178; x_wconf 78' lang='lat' dir='ltr'><strong>refellit,</strong></span> <span class='ocrx_word' id='word_1_764' title='bbox 2699 5127 2903 5168; x_wconf 90' lang='lat' dir='ltr'><strong>necnon</strong></span> <span class='ocrx_word' id='word_1_765' title='bbox 2936 5111 3299 5167; x_wconf 80' lang='lat' dir='ltr'><strong>Marciunistas</strong></span> <span class='ocrx_word' id='word_1_766' title='bbox 3323 5121 3378 5166; x_wconf 89' lang='lat' dir='ltr'><strong>et</strong></span> <span class='ocrx_word' id='word_1_767' title='bbox 3403 5110 3543 5167; x_wconf 84' lang='lat' dir='ltr'><strong>Mani</strong></span> 
     </span>
    </p>
   </div>
   <div class='ocr_carea' id='block_1_109' title="bbox 1997 5191 3577 5276">
    <p class='ocr_par' dir='ltr' id='par_1_109' title="bbox 1997 5191 3577 5276">
     <span class='ocr_line' id='line_1_109' title="bbox 1997 5191 3577 5276; baseline -0.003 -11"><span class='ocrx_word' id='word_1_768' title='bbox 1997 5211 2174 5265; x_wconf 74' lang='lat' dir='ltr'><strong>chzcos</strong></span> <span class='ocrx_word' id='word_1_769' title='bbox 2214 5227 2229 5264; x_wconf 88' lang='lat'><strong>:</strong></span> <span class='ocrx_word' id='word_1_770' title='bbox 2272 5191 2458 5265; x_wconf 84' lang='lat' dir='ltr'><strong>contra</strong></span> <span class='ocrx_word' id='word_1_771' title='bbox 2503 5209 2866 5263; x_wconf 86' lang='lat' dir='ltr'><strong>Antiochenos</strong></span> <span class='ocrx_word' id='word_1_772' title='bbox 2908 5207 3103 5261; x_wconf 91' lang='lat' dir='ltr'><strong>multos</strong></span> <span class='ocrx_word' id='word_1_773' title='bbox 3149 5206 3444 5272; x_wconf 88' lang='lat' dir='ltr'><strong>declamat,</strong></span> <span class='ocrx_word' id='word_1_774' title='bbox 3487 5207 3577 5276; x_wconf 90' lang='lat' dir='ltr'><strong>qui</strong></span> 
     </span>
    </p>
   </div>
   <div class='ocr_carea' id='block_1_110' title="bbox 1997 5296 3580 5369">
    <p class='ocr_par' dir='ltr' id='par_1_110' title="bbox 1997 5296 3580 5369">
     <span class='ocr_line' id='line_1_110' title="bbox 1997 5296 3580 5369; baseline -0.003 -11"><span class='ocrx_word' id='word_1_775' title='bbox 1997 5302 2247 5358; x_wconf 84' lang='lat' dir='ltr'><strong>Jodaicus</strong></span> <span class='ocrx_word' id='word_1_776' title='bbox 2274 5301 2409 5358; x_wconf 91' lang='lat' dir='ltr'><strong>ritus</strong></span> <span class='ocrx_word' id='word_1_777' title='bbox 2437 5301 2794 5356; x_wconf 81' lang='lat' dir='ltr'><strong>sectabantur.</strong></span> <span class='ocrx_word' id='word_1_778' title='bbox 2829 5300 2977 5354; x_wconf 87' lang='lat' dir='ltr'><strong>Alios</strong></span> <span class='ocrx_word' id='word_1_779' title='bbox 3011 5300 3170 5355; x_wconf 86' lang='lat' dir='ltr'><strong>etiam</strong></span> <span class='ocrx_word' id='word_1_780' title='bbox 3199 5300 3424 5369; x_wconf 81' lang='lat' dir='ltr'><strong>exagitat</strong></span> <span class='ocrx_word' id='word_1_781' title='bbox 3449 5339 3466 5365; x_wconf 96' lang='lat'><strong>,</strong></span> <span class='ocrx_word' id='word_1_782' title='bbox 3489 5296 3580 5368; x_wconf 83' lang='lat' dir='ltr'><strong>qui</strong></span> 
     </span>
    </p>
   </div>
   <div class='ocr_carea' id='block_1_111' title="bbox 1998 5392 3580 5465">
    <p class='ocr_par' dir='ltr' id='par_1_111' title="bbox 1998 5392 3580 5465">
     <span class='ocr_line' id='line_1_111' title="bbox 1998 5392 3580 5465; baseline -0.003 -15"><span class='ocrx_word' id='word_1_783' title='bbox 1998 5398 2094 5450; x_wconf 84' lang='lat' dir='ltr'><strong>sibi</strong></span> <span class='ocrx_word' id='word_1_784' title='bbox 2123 5397 2294 5450; x_wconf 85' lang='lat' dir='ltr'><strong>virilia</strong></span> <span class='ocrx_word' id='word_1_785' title='bbox 2321 5395 2684 5465; x_wconf 86' lang='lat' dir='ltr'><strong>amputabant,</strong></span> <span class='ocrx_word' id='word_1_786' title='bbox 2708 5409 2865 5463; x_wconf 87' lang='lat' dir='ltr'><strong>quem</strong></span> <span class='ocrx_word' id='word_1_787' title='bbox 2893 5409 3098 5448; x_wconf 88' lang='lat' dir='ltr'><strong>morem</strong></span> <span class='ocrx_word' id='word_1_788' title='bbox 3126 5393 3347 5448; x_wconf 88' lang='lat' dir='ltr'><strong>inuuere</strong></span> <span class='ocrx_word' id='word_1_789' title='bbox 3371 5392 3580 5448; x_wconf 73' lang='lat' dir='ltr'><strong>videtur</strong></span> 
     </span>
    </p>
   </div>
   <div class='ocr_carea' id='block_1_112' title="bbox 1996 5487 2873 5546">
    <p class='ocr_par' dir='ltr' id='par_1_112' title="bbox 1996 5487 2873 5546">
     <span class='ocr_line' id='line_1_112' title="bbox 1996 5487 2873 5546; baseline -0.005 0"><span class='ocrx_word' id='word_1_790' title='bbox 1996 5507 2029 5546; x_wconf 81' lang='lat' dir='ltr'><strong>a</strong></span> <span class='ocrx_word' id='word_1_791' title='bbox 2058 5491 2362 5546; x_wconf 72' lang='lat' dir='ltr'><strong>Manichmis</strong></span> <span class='ocrx_word' id='word_1_792' title='bbox 2391 5491 2654 5543; x_wconf 70' lang='lat' dir='ltr'><strong>inventura</strong></span> <span class='ocrx_word' id='word_1_793' title='bbox 2688 5487 2873 5542; x_wconf 84' lang='lat' dir='ltr'><strong>fuisse.</strong></span> 
     </span>
    </p>
   </div>
   <div class='ocr_carea' id='block_1_113' title="bbox 2069 5575 3581 5648">
    <p class='ocr_par' dir='ltr' id='par_1_113' title="bbox 2069 5575 3581 5648">
     <span class='ocr_line' id='line_1_113' title="bbox 2069 5575 3581 5648; baseline -0.004 -12"><span class='ocrx_word' id='word_1_794' title='bbox 2069 5592 2213 5638; x_wconf 83' lang='lat' dir='ltr'><strong>lttlel‘</strong></span> <span class='ocrx_word' id='word_1_795' title='bbox 2239 5583 2516 5638; x_wconf 90' lang='lat' dir='ltr'><strong>selectiora</strong></span> <span class='ocrx_word' id='word_1_796' title='bbox 2546 5581 2780 5635; x_wconf 88' lang='lat' dir='ltr'><strong>doctoris</strong></span> <span class='ocrx_word' id='word_1_797' title='bbox 2810 5580 2973 5634; x_wconf 90' lang='lat' dir='ltr'><strong>nostri</strong></span> <span class='ocrx_word' id='word_1_798' title='bbox 3007 5577 3090 5648; x_wconf 83' lang='grc' dir='ltr'><em>(Τ.</em></span> <span class='ocrx_word' id='word_1_799' title='bbox 3121 5580 3208 5643; x_wconf 81' lang='lat' dir='ltr'><strong>ll,</strong></span> <span class='ocrx_word' id='word_1_800' title='bbox 3233 5577 3400 5647; x_wconf 82' lang='lat' dir='ltr'><strong>initio)</strong></span> <span class='ocrx_word' id='word_1_801' title='bbox 3421 5575 3581 5630; x_wconf 86' lang='lat' dir='ltr'><strong>Cum-</strong></span> 
     </span>
    </p>
   </div>
   <div class='ocr_carea' id='block_1_114' title="bbox 1997 5669 3584 5741">
    <p class='ocr_par' dir='ltr' id='par_1_114' title="bbox 1997 5669 3584 5741">
     <span class='ocr_line' id='line_1_114' title="bbox 1997 5669 3584 5741; baseline -0.004 -10"><span class='ocrx_word' id='word_1_802' title='bbox 1997 5675 2252 5732; x_wconf 89' lang='lat' dir='ltr'><strong>mentaria</strong></span> <span class='ocrx_word' id='word_1_803' title='bbox 2267 5674 2472 5730; x_wconf 89' lang='lat' dir='ltr'><strong>censeri</strong></span> <span class='ocrx_word' id='word_1_804' title='bbox 2489 5673 2686 5729; x_wconf 87' lang='lat' dir='ltr'><strong>debent</strong></span> <span class='ocrx_word' id='word_1_805' title='bbox 2701 5673 2940 5727; x_wconf 76' lang='lat' dir='ltr'><strong>Homilire</strong></span> <span class='ocrx_word' id='word_1_806' title='bbox 2957 5673 3008 5726; x_wconf 94' lang='lat' dir='ltr'><strong>in</strong></span> <span class='ocrx_word' id='word_1_807' title='bbox 3028 5672 3318 5741; x_wconf 82' lang='lat' dir='ltr'><strong>Epistulam</strong></span> <span class='ocrx_word' id='word_1_808' title='bbox 3329 5671 3395 5724; x_wconf 89' lang='lat' dir='ltr'><strong>ad</strong></span> <span class='ocrx_word' id='word_1_809' title='bbox 3413 5669 3584 5740; x_wconf 83' lang='lat' dir='ltr'><strong>Epho-</strong></span> 
     </span>
    </p>
   </div>
   <div class='ocr_carea' id='block_1_115' title="bbox 1999 5762 3580 5836">
    <p class='ocr_par' dir='ltr' id='par_1_115' title="bbox 1999 5762 3580 5836">
     <span class='ocr_line' id='line_1_115' title="bbox 1999 5762 3580 5836; baseline -0.003 -14"><span class='ocrx_word' id='word_1_810' title='bbox 1999 5771 2128 5835; x_wconf 85' lang='lat' dir='ltr'><strong>sius,</strong></span> <span class='ocrx_word' id='word_1_811' title='bbox 2161 5777 2270 5822; x_wconf 91' lang='lat' dir='ltr'><strong>tum</strong></span> <span class='ocrx_word' id='word_1_812' title='bbox 2297 5768 2418 5836; x_wconf 90' lang='lat' dir='ltr'><strong>quia</strong></span> <span class='ocrx_word' id='word_1_813' title='bbox 2450 5767 2500 5820; x_wconf 92' lang='lat' dir='ltr'><strong>in</strong></span> <span class='ocrx_word' id='word_1_814' title='bbox 2532 5766 2614 5820; x_wconf 91' lang='lat' dir='ltr'><strong>his</strong></span> <span class='ocrx_word' id='word_1_815' title='bbox 2642 5781 2729 5821; x_wconf 90' lang='lat' dir='ltr'><strong>res</strong></span> <span class='ocrx_word' id='word_1_816' title='bbox 2759 5765 2972 5819; x_wconf 89' lang='lat' dir='ltr'><strong>uberius</strong></span> <span class='ocrx_word' id='word_1_817' title='bbox 2998 5763 3285 5834; x_wconf 80' lang='lat' dir='ltr'><strong>expendit,</strong></span> <span class='ocrx_word' id='word_1_818' title='bbox 3318 5770 3427 5816; x_wconf 90' lang='lat' dir='ltr'><strong>tum</strong></span> <span class='ocrx_word' id='word_1_819' title='bbox 3457 5762 3580 5832; x_wconf 77' lang='lat' dir='ltr'><strong>quia</strong></span> 
     </span>
    </p>
   </div>
   <div class='ocr_carea' id='block_1_116' title="bbox 2000 5853 3584 5926">
    <p class='ocr_par' dir='ltr' id='par_1_116' title="bbox 2000 5853 3584 5926">
     <span class='ocr_line' id='line_1_116' title="bbox 2000 5853 3584 5926; baseline -0.005 -14"><span class='ocrx_word' id='word_1_820' title='bbox 2000 5859 2164 5913; x_wconf 90' lang='lat' dir='ltr'><strong>multa</strong></span> <span class='ocrx_word' id='word_1_821' title='bbox 2200 5867 2256 5913; x_wconf 88' lang='lat' dir='ltr'><strong>et</strong></span> <span class='ocrx_word' id='word_1_822' title='bbox 2281 5857 2566 5926; x_wconf 86' lang='lat' dir='ltr'><strong>singularia</strong></span> <span class='ocrx_word' id='word_1_823' title='bbox 2600 5856 2795 5924; x_wconf 90' lang='lat' dir='ltr'><strong>passim</strong></span> <span class='ocrx_word' id='word_1_824' title='bbox 2826 5853 3058 5920; x_wconf 84' lang='lat' dir='ltr'><strong>indicat,</strong></span> <span class='ocrx_word' id='word_1_825' title='bbox 3095 5868 3212 5924; x_wconf 72' lang='lat' dir='ltr'><strong>qua:</strong></span> <span class='ocrx_word' id='word_1_826' title='bbox 3252 5853 3454 5922; x_wconf 90' lang='lat' dir='ltr'><strong>possint</strong></span> <span class='ocrx_word' id='word_1_827' title='bbox 3492 5862 3584 5905; x_wconf 81' lang='lat' dir='ltr'><strong>aut</strong></span> 
     </span>
    </p>
   </div>
   <div class='ocr_carea' id='block_1_117' title="bbox 1997 5943 3596 6018">
    <p class='ocr_par' dir='ltr' id='par_1_117' title="bbox 1997 5943 3596 6018">
     <span class='ocr_line' id='line_1_117' title="bbox 1997 5943 3596 6018; baseline -0.005 -12"><span class='ocrx_word' id='word_1_828' title='bbox 1997 5950 2063 6006; x_wconf 84' lang='lat' dir='ltr'><strong>ad</strong></span> <span class='ocrx_word' id='word_1_829' title='bbox 2091 5951 2298 6007; x_wconf 84' lang='lat' dir='ltr'><strong>beatam</strong></span> <span class='ocrx_word' id='word_1_830' title='bbox 2327 5958 2416 6006; x_wconf 87' lang='lat' dir='ltr'><strong>aut</strong></span> <span class='ocrx_word' id='word_1_831' title='bbox 2451 5949 2518 6005; x_wconf 87' lang='lat' dir='ltr'><strong>ad</strong></span> <span class='ocrx_word' id='word_1_832' title='bbox 2555 5950 2806 6006; x_wconf 81' lang='lat' dir='ltr'><strong>miseram</strong></span> <span class='ocrx_word' id='word_1_833' title='bbox 2834 5948 2993 6003; x_wconf 78' lang='lat' dir='ltr'><strong>vitam</strong></span> <span class='ocrx_word' id='word_1_834' title='bbox 3032 5961 3136 6001; x_wconf 89' lang='lat' dir='ltr'><strong>nun</strong></span> <span class='ocrx_word' id='word_1_835' title='bbox 3178 5958 3363 6018; x_wconf 84' lang='lat' dir='ltr'><strong>parum</strong></span> <span class='ocrx_word' id='word_1_836' title='bbox 3391 5943 3596 5999; x_wconf 67' lang='lat' dir='ltr'><strong>afferre.</strong></span> 
     </span>
    </p>
   </div>
  </div>
