4122 6386
522 602 794 660 momenti.
831 597 1124 656 Antiochia:
1152 605 1326 652 autem
1356 594 1562 651 habitas
1603 593 1763 648 fuisse
1805 593 1857 646 in
1887 588 2085 645 Praefa-

523 696 667 750 tione
699 691 975 761 probatum
1003 697 1105 744 est.
1642 692 1653 701 '

591 783 810 839 Orditur
835 790 1008 835 autem
1038 778 1106 833 ab
1131 775 1340 847 Epheso
1362 777 1509 840 urbe,
1538 790 1692 844 quam
1726 783 1782 827 ut
1807 772 1946 827 Asia:
1974 787 2088 825 me-

520 873 752 944 tropolin
780 870 1030 927 celebrat.
1059 867 1508 923 Antiochenorum
1535 878 1725 934 pravos
1749 877 1923 917 mores
1949 860 2091 916 insc-

520 975 697 1020 ctatur
715 1006 731 1031 ,
761 978 854 1018 eos
876 975 1007 1016 vero
1030 959 1259 1014 maxime
1280 999 1296 1025 ,
1326 958 1415 1028 qui
1438 957 1506 1010 ab
1529 954 1754 1010 ethnicis
1781 961 1835 1007 et
1870 951 2090 1007 idolola-

522 1057 618 1111 tris
650 1060 1050 1127 promanarant,
1079 1061 1138 1107 ut
1170 1058 1341 1104 sortes
1381 1059 1433 1103 et
1472 1046 1878 1109 incantationes,
1927 1044 2086 1096 fatum

520 1148 680 1201 etiam
731 1154 783 1200 ct
830 1140 1346 1212 metempsychosin;
1394 1136 1743 1206 dicebantque
1788 1136 1861 1192 illi
1912 1134 2086 1187 omnia

517 1230 666 1286 nulla
683 1233 792 1304 geri
813 1230 1170 1301 providentia;
1194 1229 1279 1283 alii
1309 1244 1433 1282 vero
1459 1227 1615 1283 deum
1636 1240 1758 1283 esse
1777 1238 1968 1291 corpus
1990 1224 2088 1276 im-

521 1340 657 1394 pune
671 1323 995 1379 asserebant.
1012 1321 1087 1376 De
1106 1319 1371 1374 ominibus
1387 1327 1560 1374 autem
1576 1327 1624 1372 et
1646 1314 1909 1385 prassagiis
1927 1314 2087 1367 multa

521 1413 717 1485 profert
732 1413 947 1468 omnino
964 1410 1267 1481 singularia.
1291 1409 1445 1465 Hom.
1466 1408 1671 1463 decima
1686 1405 1814 1461 dicit
1830 1407 2088 1473 ἀγάλματα

517 1521 609 1557 seu
629 1502 822 1571 ﬁguras
848 1502 931 1556 vel
960 1500 1214 1570 imagines
1244 1500 1295 1552 in
1311 1498 1533 1553 ecclesia
1562 1512 1701 1563 esse,
1738 1510 1910 1576 neque
1939 1494 2087 1565 plura

518 1592 697 1660 adjicit
739 1591 793 1645 in
830 1606 917 1655 re,
949 1604 1106 1659 quam
1145 1588 1311 1658 magis
1356 1601 1645 1654 expensam
1685 1584 1844 1639 fuisse
1868 1584 2082 1639 vellem.

517 1682 807 1736 [hereticos
854 1681 1046 1750 passim
1094 1680 1356 1749 exagitat,
1403 1678 1755 1742 Marcionem,
1800 1676 2083 1741 Manetem,

522 1774 878 1837 Valentinum,
907 1772 1164 1828 Catharos
1189 1785 1281 1827 seu
1310 1770 1627 1825 Novatianos
1644 1811 1658 1835 ,
1684 1768 1864 1823 Arium
1890 1768 1942 1821 in
1968 1784 2084 1821 om-

516 1864 672 1920 nibus
704 1878 838 1934 pene
861 1863 1204 1918 concionibus
1224 1903 1237 1924 ,
1269 1861 1504 1930 aliosque
1528 1861 1685 1914 etiam
1718 1859 2010 1913 haereticos.

589 1956 846 2012 Homilias
870 1969 1081 2025 quoque
1107 1955 1159 2007 in
1198 1951 1461 2022 Epistolas
1487 1951 1617 2005 duas
1644 1949 1741 2023 (T.
1771 1950 1920 2005 il.c.
1948 1953 2084 2021 499)

518 2048 584 2102 ad
611 2045 944 2103 Timotheum
991 2055 1234 2115 putamus
1277 2060 1405 2109 nos,
1439 2042 1575 2097 haud
1622 2041 1823 2096 levibus
1861 2042 2086 2110 permoti

521 2137 813 2192 rationibus
833 2177 849 2201 ,
877 2134 1169 2190 Antiochiae
1198 2134 1403 2188 habitas
1422 2174 1437 2200 ,
1485 2140 1544 2185 nt
1569 2131 1747 2186 videas
1785 2130 1837 2185 in
1866 2131 2085 2186 Monito.

519 2229 575 2283 In
607 2228 690 2283 his
716 2242 843 2283 vero
865 2226 1237 2291 coneionibus,
1278 2224 1403 2279 licet
1432 2223 1630 2293 aliquot
1671 2222 1721 2276 in
1750 2222 1880 2276 locis
1917 2223 2087 2292 negli-

516 2325 726 2392 gentius
770 2335 926 2391 agere
969 2329 1022 2374 et
1066 2332 1459 2387 nonnumquam
1490 2316 1610 2369 vilia
1653 2327 1752 2369 nec
1792 2325 2088 2369 memoratu

517 2415 671 2485 digna
698 2423 921 2468 tractare
947 2413 1208 2478 videatur,
1240 2411 1434 2480 passim
1464 2420 1639 2464 tamen
1666 2423 1854 2464 avaros
1874 2450 1888 2474 ,
1917 2417 1970 2464 et
1995 2423 2087 2463 cos

516 2507 605 2575 qui
644 2504 910 2559 facultatis
952 2503 1203 2575 augendae
1228 2504 1403 2559 studio
1439 2512 1751 2557 earterorum
1788 2502 1927 2556 bona
1955 2499 2086 2555 diri—

517 2611 643 2667 pere
694 2596 1035 2665 satagebant,
1063 2595 1273 2665 egregie
1310 2594 1478 2662 carpit
1514 2603 1570 2647 et
1609 2593 1926 2658 insectatur,
1958 2606 2085 2646 nus-

515 2702 672 2758 quam
713 2686 870 2741 finem
900 2685 1025 2741 facit
1051 2686 1335 2756 impetendi
1368 2703 1380 2738 :
1411 2699 1581 2753 neque
1609 2684 1770 2739 alium
1797 2683 1912 2752 ejus
1937 2697 2086 2737 com-

513 2777 829 2831 mentarium
854 2776 1035 2833 videas
1055 2816 1072 2843 ,
1114 2777 1202 2831 ubi
1241 2775 1364 2831 huic
1402 2774 1697 2830 amovendo
1727 2774 1885 2829 malo‘
1905 2789 2083 2844 parem

511 2867 856 2938 insumpserit
874 2883 1109 2941 operam.
1152 2868 1305 2925 Unde
1333 2869 1528 2924 inferas
1556 2876 1757 2938 pestem
1797 2868 1940 2921 illam
1970 2882 2085 2921 ma-

511 2958 723 3016 navisse
761 2960 813 3015 in
856 2959 973 3016 dies
1020 2960 1215 3027 latius;
1264 2960 1561 3029 multosque
1599 2969 1725 3013 tunc
1762 2956 1961 3024 fuisse,
1997 2959 2085 3029 qui

510 3050 733 3108 aliorum
764 3051 1040 3121 diSpendio
1082 3066 1194 3107 rem
1226 3066 1377 3106 suam
1406 3065 1598 3119 augere
1643 3049 1955 3116 studerent,
1987 3065 2085 3103 no-

512 3158 713 3214 vosque
738 3143 1086 3199 insurrexisse
1105 3141 1362 3212 quotidie,
1386 3143 1474 3211 qui
1496 3140 1593 3195 hac
1613 3140 1900 3213 cupiditate
1924 3140 2081 3212 capti,

511 3234 567 3290 in
593 3234 818 3289 aliorum
846 3246 976 3303 epes
1002 3232 1314 3287 involarent.

580 3326 815 3396 Eratque
858 3323 999 3380 aliud
1042 3323 1209 3379 morbi
1254 3337 1455 3395 genus,
1496 3323 1662 3394 magis
1704 3322 2079 3394 periculosum,

508 3419 650 3489 quod
676 3429 799 3474 tunc
832 3418 985 3473 latius
1021 3417 1379 3487 grassabatur.
1420 3416 1866 3485 Praestigiatorum
1892 3430 2082 3485 nempe

506 3523 797 3578 eorumque
814 3509 902 3578 qui
929 3509 1036 3560 fato
1056 3516 1110 3562 et
1132 3507 1312 3576 genesi
1336 3522 1429 3562 seu
1457 3507 1878 3577 genethlialogiae
1903 3507 2080 3562 omnia

507 3598 835 3661 tribuebant,
878 3597 1365 3668 praestigiarumque
1406 3612 1600 3666 genera
1642 3600 1817 3656 omnia
1859 3596 2078 3651 induce-

511 3691 658 3756 bant,
681 3704 901 3760 quarum
924 3688 1139 3743 nomina
1160 3687 1238 3742 sic
1263 3687 1351 3742 ille
1377 3696 1617 3741 recenset
1642 3687 1691 3739 in
1722 3686 1824 3742 fine
1850 3686 2079 3742 homiliae

510 3779 729 3836 decima:
778 3796 793 3834 :
835 3778 953 3833 Alia
997 3778 1140 3832 mitto
1185 3777 1369 3850 grandi
1415 3776 1553 3832 luctu
1601 3778 1785 3847 digna,
1831 3777 2073 3849 auguria,

508 3875 743 3930 vaticinia
761 3914 779 3941 ,
810 3873 1173 3928 observationes
1193 3914 1207 3935 ,
1246 3871 1462 3943 genesim
1484 3912 1498 3937 ,
1530 3871 1785 3943 cymbala,
1815 3871 2074 3942 ligamina,

509 3965 855 4031 divinationes,
885 3963 1244 4018 incantationes
1264 4004 1277 4028 ,
1316 3963 1562 4035 magicam
1589 3972 1766 4017 artem.
1801 3963 1924 4019 Haec
1956 3978 2076 4019 om-

509 4057 593 4112 nia
623 4056 726 4110 isto
755 4063 993 4125 tempore
1018 4057 1087 4110 ita
1113 4057 1516 4120 exercebantur,
1553 4063 1609 4109 ut
1640 4070 1893 4125 nusquam
1926 4070 2073 4126 repe-

506 4150 613 4203 rias
656 4149 800 4203 illum
831 4158 935 4203 tam
975 4146 1277 4217 frequenter
1320 4148 1561 4202 morbum
1603 4145 1903 4217 hojnsmodi
1936 4147 2070 4201 inse-

506 4250 761 4299 ctanlem.

576 4333 747 4389 Aliam
787 4346 998 4403 quoque
1031 4347 1141 4387 rem
1178 4331 1509 4401 aggreditur,
1537 4348 1655 4402 qua:
1687 4342 1809 4389 tunc
1831 4333 2075 4402 serpebat

510 4425 562 4480 in
591 4422 831 4480 ecclesia:
855 4422 1127 4487 damnum,
1155 4422 1294 4491 quod
1328 4438 1516 4494 nempe
1539 4424 1770 4492 virgines
1797 4425 1903 4478 Deo
1931 4425 2073 4478 dica-

509 4526 578 4572 ta:
606 4517 828 4571 vestium
854 4513 1017 4568 cultui
1057 4513 1215 4567 nimis
1243 4512 1551 4576 studerent,
1594 4524 1647 4568 et
1681 4528 1751 4570 ex
1777 4514 1985 4569 incessu
2021 4524 2075 4569 et

509 4616 695 4663 ornatu
717 4605 843 4659 viris
861 4605 1072 4677 placere
1100 4613 1373 4674 cuperent.
1401 4604 1535 4671 Quid
1563 4605 1682 4659 inde
1701 4605 1882 4660 damni
1902 4622 2073 4661 emer-

509 4712 689 4752 surum
737 4702 915 4761 esset,
960 4710 1081 4750 cum
1128 4695 1241 4764 ipse
1285 4696 1521 4765 pluribus
1563 4698 1914 4766 persequitur,
1963 4706 2069 4752 tum

509 4789 671 4844 etiam
700 4788 872 4859 quivis
894 4787 1071 4842 statim
1100 4785 1497 4856 deprehendere
1524 4787 1706 4856 possit.

581 4880 836 4935 llomilias
877 4878 1037 4933 etiam
1089 4878 1141 4931 in
1186 4877 1474 4948 Epistolam
1523 4876 1586 4930 ad
1633 4876 1808 4931 Titum
1856 4876 1952 4948 (Τ.
1983 4879 2067 4932 ll.

512 4988 559 5025 ε.
587 4969 684 5025 661
707 4966 728 5041 )
758 4966 1048 5021 Antiochiae
1088 4966 1256 5022 dictas
1295 4967 1453 5022 fuisse
1481 4966 1737 5038 probatur
1775 4982 1839 5023 ex
1864 4968 1928 5022 iis
1955 4984 2072 5037 quae

506 5060 916 5131 Chrysostomus
943 5057 1014 5110 ait
1047 5055 1263 5125 hom.5,
1287 5073 1432 5111 ιιιιηι.
1454 5057 1491 5111 2
1521 5076 1533 5111 :
1565 5057 1700 5122 Quid
1727 5059 1858 5112 enim
1884 5059 1945 5111 de
1970 5059 2071 5114 illis

506 5148 694 5204 dixeris
715 5187 729 5211 ,
757 5147 960 5217 inquit,
998 5148 1081 5216 qui
1107 5163 1221 5199 cum
1246 5145 1442 5202 Judazis
1460 5148 1699 5218 jejunant
1718 5189 1732 5213 ,
1759 5151 1843 5219 qui
1867 5159 2071 5203 sabbata

504 5246 703 5293 servant
726 5237 752 5290 ?
787 5236 850 5290 de
888 5237 950 5290 iis
987 5237 1072 5307 qui
1115 5236 1182 5290 ad
1222 5248 1508 5290 consecrata
1533 5237 1625 5291 illa
1665 5239 1775 5292 loca
1817 5250 2070 5311 pergunt;

499 5329 554 5383 in
602 5325 883 5398 Daphnen,
928 5327 1151 5395 inquam,
1199 5336 1347 5396 atque
1387 5328 1442 5381 in
1486 5327 1773 5396 speluncam
1820 5329 2071 5385 Matrona:

500 5421 726 5483 dictam,
762 5417 819 5471 in
858 5418 1022 5473 locum
1057 5418 1203 5473 illum
1247 5418 1438 5473 Cilicia:
1474 5419 1683 5475 Saturni
1721 5422 2070 5491 appellatum?

501 5509 754 5578 quomodo
781 5509 859 5564 illi
897 5511 1008 5564 sani
1032 5522 1146 5564 sunt
1164 5510 1191 5565 .9
1228 5509 1353 5566 Ideo
1381 5512 1739 5567 vehementiore
1766 5518 1917 5586 plaga
1945 5531 2069 5586 Opus

507 5599 708 5652 habent.
756 5597 882 5654 Rrec
922 5599 1036 5655 loca
1081 5600 1327 5671 Daphnes
1362 5611 1417 5658 et
1442 5604 1695 5673 spelunca
1723 5604 1972 5661 Matronze
2016 5609 2067 5661 in

506 5689 803 5744 Antiochia:
830 5690 1094 5746 snburbiis
1121 5703 1291 5747 erant.
1323 5693 1500 5764 Pergit
1537 5705 1717 5764 postea
1747 5694 2067 5768 Chrysostoo

508 5794 659 5844 mus,
702 5788 755 5833 et
781 5779 1032 5835 adversus
1073 5796 1199 5845 eos,
1230 5783 1318 5852 qui
1360 5782 1606 5839 Judaicos
1645 5785 1777 5838 ritus
1808 5786 1857 5838 in
1902 5788 2069 5855 pretio

507 5869 763 5926 baberent
792 5869 854 5925 ad
885 5871 1043 5926 linem
1073 5886 1239 5942 usque
1266 5875 1531 5930 concionis
1558 5873 1819 5930 edisserit.

1642 480 1698 536 s.
1740 473 2018 535 JOANNlS
2052 470 2522 527 etutvsosront
2565 472 2741 541 vm,

3663 478 3762 540 ιω

2264 587 2320 641 In
2348 586 2493 642 hisce
2516 586 2747 641 homiliis
2769 585 2884 655 plus
2908 587 3067 643 studii
3094 596 3148 642 et
3172 589 3458 660 diligentiae
3482 591 3762 659 observes,

2194 695 2349 749 quam
2382 680 2433 733 in
2465 680 2643 734 multis
2681 680 2833 746 aliis,
2876 680 3054 733 omnia
3096 680 3184 736 ille
3214 679 3380 736 fusius
3407 685 3760 753 prosequitur.

2194 769 2349 824 Initio
2391 770 2560 824 tertia:
2601 769 2832 824 homilia:
2871 769 2939 824 de
2979 769 3314 826 Cretensium
3345 773 3486 827 vitiis
3526 773 3766 842 pluribus

2193 863 2330 932 agit,
2376 871 2429 916 et
2471 862 2522 915 in
2554 864 2756 931 quinta,
2800 870 2856 916 ut
2898 862 2952 916 in
2993 872 3186 931 quanta
3226 862 3427 918 scelera
3455 862 3764 921 Grmeorum

2192 952 2525 1007 celeberrimi
2568 952 2693 1006 olim
2735 952 3074 1022 proruperint
3100 962 3510 1019 commonstret,
3552 954 3761 1009 illorum

2195 1041 2447 1098 historias
2471 1042 2644 1097 tacitis
2666 1042 2966 1097 nominibus
2993 1043 3223 1097 breviter
3246 1043 3501 1113 decerpit.
3528 1045 3583 1099 1n
3612 1055 3762 1101 sexta

2193 1134 2410 1188 homilia
2442 1133 2509 1188 de
2536 1133 2743 1188 duobus
2771 1134 3113 1200 Christianis,
3155 1135 3242 1204 qui
3269 1151 3365 1204 pro
3390 1135 3600 1191 Christo
3628 1151 3740 1190 mar

2194 1224 2388 1295 tyrium
2420 1224 2665 1291 subiere,
2713 1225 2884 1280 tacitis
2925 1225 3083 1280 etiam
3128 1225 3429 1282 nominibus
3470 1227 3571 1296 agit
3606 1242 3766 1297 :quae

2194 1316 2408 1372 historia
2439 1317 2621 1373 nescio
2647 1334 2713 1371 an
2745 1318 2946 1386 uSpiam
2976 1317 3100 1372 alibi
3133 1317 3447 1387 reperiatur.

2264 1405 2536 1461 Nectarius
2564 1405 2739 1478 Episc.
2764 1407 2821 1461 C.
2849 1405 2911 1459 Ρ.
2936 1408 3166 1460 moritur.
3196 1436 3267 1447 —
3293 1407 3519 1461 Tantum
3558 1407 3766 1466 dicendi

2192 1499 2479 1563 artificem,
2520 1498 2611 1567 qui
2641 1513 2745 1552 non
2789 1498 2963 1552 minus
2994 1499 3187 1567 pietate
3224 1506 3380 1568 atque
3408 1498 3530 1553 vita:
3565 1500 3766 1553 sancti-

2194 1589 2411 1655 monia,
2459 1604 2617 1659 quam
2670 1588 2909 1643 facundia
2935 1629 2951 1655 ,
2997 1589 3249 1660 populum
3292 1588 3675 1644 Antiochenam
3711 1598 3768 1645 et

2190 1680 2459 1736 auditores
2494 1695 2683 1736 omnes
2723 1680 2825 1734 sibi
2866 1680 3215 1748 devinxerat,
3260 1681 3442 1734 nuntia
3488 1682 3625 1735 fama
3668 1696 3767 1752 per

2190 1771 2462 1827 Orientem
2505 1780 2672 1826 totum
2714 1771 3046 1826 notissimum
3093 1769 3315 1825 fecerat.
3357 1771 3561 1827 Accidit
3589 1781 3769 1827 autem

2191 1871 2248 1915 ut
2272 1861 2567 1929 Nectarius,
2597 1863 2685 1933 qui
2711 1878 2852 1917 anno
2880 1862 2976 1917 581
3004 1859 3265 1932 Gregorio
3292 1861 3621 1917 Nazianzcno
3644 1878 3767 1917 suc-

2189 1960 2443 2019 cesserat,
2475 1953 2865 2024 episcopusque
2888 1952 3502 2021 ConstantinOpolitanus
3529 1953 3771 2013 adlectus

2190 2041 2382 2109 fuerat,
2423 2058 2565 2099 anno
2604 2043 2729 2110 597,
2775 2042 2862 2098 die
2897 2043 2963 2098 l7
3005 2042 3353 2112 Septembris,
3397 2044 3503 2097 vita
3533 2043 3774 2112 functus,

2191 2134 2373 2190 sedem
2404 2148 2677 2191 vacantem
2722 2136 3048 2205 relinqueret
3092 2134 3343 2206 (Pallad.
3370 2152 3424 2206 p.
3448 2136 3577 2209 42).
3620 2137 3770 2195 Tune

2191 2227 2380 2295 multi,
2407 2227 2496 2297 qui
2536 2234 2697 2283 tanta:
2736 2225 3057 2304 occupanda:
3095 2225 3238 2281 sedis
3264 2226 3551 2296 cupiditate
3576 2227 3771 2299 flagraq

2192 2321 2352 2385 bant,
2401 2319 2532 2374 nihil
2560 2334 2666 2375 non
2702 2327 2925 2390 egerunt
2952 2328 3011 2373 ut
3038 2326 3275 2389 Optatum
3319 2331 3768 2391 assequerentur;

2192 2412 2281 2466 alii
2311 2410 2703 2481 magistratibus
2732 2408 3010 2466 adulantes
3030 2452 3045 2474 ,
3074 2410 3164 2465 alii
3189 2410 3345 2466 donis
3374 2426 3437 2468 ac
3464 2415 3774 2471 muneribus

2191 2501 2463 2566 adhibitis,
2486 2501 2574 2555 alii
2600 2502 2778 2573 populi
2803 2502 3024 2571 gratiam
3044 2510 3316 2570 captantes
3344 2511 3501 2573 atque
3523 2505 3574 2558 in
3597 2521 3773 2576 genua

2189 2592 2623 2667 procumbentes,
2646 2592 2939 2663 presbyteri,
2970 2592 3144 2662 inquit
3169 2593 3452 2657 Palladius,
3479 2612 3578 2649 non
3600 2612 3773 2651 sacer-

2190 2684 2329 2738 dotio
2354 2693 2575 2750 tantum,
2601 2683 2689 2736 sed
2713 2683 2862 2737 etiam
2885 2683 2980 2736 viri
3005 2684 3206 2737 nomine
3232 2684 3445 2756 indigni.
3474 2686 3541 2739 At
3570 2685 3771 2741 Ortho—

2188 2776 2446 2830 doxorum
2472 2790 2598 2846 pars
2622 2775 2883 2831 sincerior
2902 2774 3279 2845 Imperatorem
3303 2777 3498 2833 obnixe
3522 2779 3765 2849 rogabat,

2190 2867 2281 2921 tali
2323 2866 2539 2937 dignum
2569 2868 2732 2938 gradu
2754 2909 2768 2934 ,
2797 2876 2853 2922 et
2895 2868 2946 2921 in
2991 2867 3150 2922 rebus
3191 2868 3384 2924 divinis
3411 2873 3633 2938 peritum
3666 2872 3770 2927 sibi

2190 2957 2471 3027 praesulem
2520 2958 2886 3013 constitueret.
2952 2957 3237 3027 Eutrapius
3288 2973 3415 3013 vero
3466 2961 3770 3029 eunuchus,

2189 3048 2511 3118 Praepositus
2539 3050 2675 3103 sacri
2702 3047 2930 3102 cubiculi
2950 3089 2963 3113 ,
2997 3050 3086 3118 qui
3119 3062 3379 3103 summam
3413 3066 3587 3105 rerum
3619 3061 3774 3106 tene-

2188 3138 2299 3205 bat,
2326 3138 2587 3194 Joannem
2616 3147 2856 3192 nostrum
2880 3139 3270 3194 Antioehenum
3296 3141 3625 3195 sacerdotem
3660 3159 3766 3198 ca:-

2189 3231 2317 3285 teris
2364 3229 2619 3285 anteferri
2648 3230 2976 3300 peroptabat.
3022 3230 3153 3284 Cum
3194 3232 3333 3286 enim
3366 3232 3512 3285 illum
3555 3233 3768 3301 imperii

2186 3322 2397 3394 negotia
2439 3322 2492 3375 in
2547 3321 2851 3376 interiorem
2894 3320 3128 3377 Orientis
3175 3331 3375 3391 partem
3424 3334 3759 3391 evocassent,

2183 3410 2442 3469 Joannem
2483 3410 2775 3465 Antiochiae
2816 3411 3042 3478 viderat,
3083 3426 3144 3467 ea
3188 3413 3403 3479 virtute,
3447 3415 3510 3468 iis
3547 3414 3761 3473 dotibus

2182 3505 2493 3581 prmditum,
2530 3518 2647 3575 qute
2673 3512 2817 3559 tanto
2846 3503 3172 3574 capessendo
3196 3505 3401 3558 muneri
3432 3520 3611 3575 parem
3639 3507 3761 3561 red-

2181 3597 2390 3653 derent.
3070 3654 3077 3659 Χ

2252 3687 2512 3758 Quoniam
2548 3700 2677 3742 vero
2715 3685 3006 3740 timendum
3048 3687 3266 3741 omnino
3309 3695 3450 3753 erat,
3481 3703 3549 3743 ne
3572 3688 3761 3745 Antio-

2180 3778 2382 3833 eheuns
2406 3777 2652 3847 populus,
2680 3776 2770 3845 qui
2799 3776 2991 3831 Joanni
3016 3791 3140 3832 vere
3164 3776 3547 3849 Chrysostomo
3570 3779 3758 3834 admo-

2180 3871 2308 3925 dum
2337 3869 2578 3925 addictus
2615 3879 2765 3936 erat,
2797 3868 2941 3924 illum
2967 3869 3066 3925 sibi
3096 3869 3269 3940 abripi
3297 3884 3438 3939 :egre
3469 3878 3755 3940 pateretur,

2180 3979 2315 4020 neve
2358 3962 2412 4017 in
2456 3962 2694 4017 discessu
2730 3961 2845 4031 ejus
2890 3962 3148 4016 tumultus
3195 3963 3584 4028 concitaretur;
3632 3978 3756 4018 cum

2178 4058 2339 4113 etiam
2370 4070 2474 4109 non
2512 4055 2686 4109 minus
2716 4054 3056 4109 metuendum
3092 4062 3260 4116 esset.
3294 4068 3363 4109 ne
3385 4055 3614 4112 Joannes
3642 4057 3757 4126 ipse

2179 4155 2326 4201 tanto
2351 4161 2409 4200 se
2436 4145 2602 4216 gradu
2642 4145 2911 4216 indignum
2953 4155 3177 4215 putans,
3207 4146 3627 4218 subterfugeret;
3672 4148 3758 4204 bis

2176 4241 2506 4313 prospiciens
2531 4241 2814 4311 Eutropius
2859 4228 3173 4312 Imperatori
3220 4253 3405 4299 auctor
3445 4245 3570 4310 fuit,
3603 4255 3660 4300 ut
3688 4247 3754 4303 ad

2178 4334 2434 4388 Comitem
2460 4331 2695 4388 Orientis
2728 4334 3014 4399 scriberet,
3048 4334 3299 4405 illumque
3322 4335 3537 4404 juberet
3566 4339 3753 4393 Antio-

2176 4424 2350 4478 chiam
2379 4422 2637 4492 proficisci
2660 4464 2674 4488 ,
2702 4433 2760 4477 ut
2787 4433 2909 4479 arte
2926 4425 3151 4493 quadam
3179 4425 3437 4481 Joannem
3466 4430 3581 4481 sine
3610 4437 3753 4484 stre-

2178 4515 2288 4582 pitu
2315 4523 2592 4581 evocaret,
2638 4516 2915 4587 ipsumque
2938 4516 3446 4589 Constantinopolim
3495 4522 3749 4577 mitteret.

2174 4604 2367 4661 Comes
2396 4606 2572 4660 statim
2594 4646 2611 4672 ,
2639 4607 2871 4676 acceptis
2901 4607 3067 4663 literis
3086 4652 3101 4676 ,
3138 4609 3397 4665 Joannem
3428 4612 3667 4667 hortatur
3693 4624 3754 4670 ut

2174 4706 2324 4751 extra
2370 4698 2635 4753 civitatem
2679 4698 2745 4753 ad
2792 4700 3043 4772 martyria
3089 4716 3148 4757 se
3189 4703 3449 4759 conferat.
3504 4705 3586 4760 Eo
3626 4721 3751 4763 cum

2175 4790 2409 4843 venisset
2434 4788 2561 4843 nihil
2585 4789 2833 4846 dubitans
2858 4790 3109 4860 Joannes,
3132 4794 3286 4848 militi
3306 4796 3512 4850 cuidam
3539 4797 3604 4850 ad
3630 4812 3749 4851 eam

2175 4895 2286 4933 rem
2317 4880 2479 4934 misso
2508 4880 2752 4945 traditur,
2781 4891 2834 4936 et
2854 4883 3033 4938 rheda:
3058 4886 3284 4955 publicae
3312 4887 3590 4957 impositus
3609 4888 3750 4943 Con-

2175 4970 2573 5039 stantinopolim
2600 4971 2898 5027 adducitur.

2247 5063 2343 5117 illo
2367 5073 2585 5119 venerat
2623 5064 2689 5119 ad
2730 5065 2987 5121 Joannem
3027 5068 3379 5124 ordinandum
3420 5069 3749 5142 Theophilus

2175 5152 2563 5208 Alexandrinus
2588 5156 2781 5223 pracsul
2805 5199 2818 5220 ,
2847 5156 3007 5211 homo
3035 5156 3183 5213 vafer
3208 5167 3263 5213 et
3284 5160 3532 5226 callidus,
3561 5162 3647 5231 qui
3674 5178 3745 5218 ex

2174 5256 2389 5314 aspectu
2415 5245 2531 5301 solo
2554 5245 2827 5301 hominum
2857 5249 3076 5304 consilia
3102 5258 3157 5305 et
3187 5250 3379 5321 ingenii
3400 5253 3553 5307 dotes
3582 5270 3750 5309 nove-

2173 5344 2274 5390 rat.
2308 5335 2355 5389 ls
2387 5347 2661 5407 perspecta
2689 5337 2906 5393 Joannis
2935 5340 3182 5409 loquendi
3205 5342 3467 5410 libertate,
3493 5354 3747 5399 constan-

2174 5429 2280 5494 tia,
2315 5428 2528 5492 virtute,
2576 5429 2746 5498 ipsum
2775 5430 2911 5484 votis
2955 5432 3064 5486 suis
3107 5449 3212 5487 non
3258 5433 3746 5504 obtemperaturum

2174 5524 2293 5574 esse
2334 5520 2695 5592 prospiciens;
2728 5523 3018 5593 imperandi
3057 5525 3198 5580 enim
3240 5526 3486 5596 cupidine
3528 5528 3744 5583 teneba-

2174 5619 2296 5674 tur;
2339 5611 2454 5680 ejus
2495 5611 2813 5668 ordinationi
2851 5614 3161 5671 obsistebat.
3203 5615 3275 5674 Ut
3299 5633 3427 5672 vero
3454 5618 3553 5673 sibi
3585 5618 3714 5673 obse

2174 5709 2424 5768 quentem
2452 5702 2503 5755 in
2534 5700 3116 5775 Constantinopolitana
3153 5708 3282 5762 sede
3303 5709 3606 5779 episcopum
3644 5707 3714 5762 ha

2172 5790 2324 5844 heret
2360 5791 2530 5863 (bocr.
2560 5798 2599 5849 ι.
2620 5794 2673 5849 6.
2700 5811 2746 5849 c.
2770 5795 2876 5864 2),
2908 5796 3164 5852 lsidorum
3198 5800 3446 5854 Ecclesia:
3482 5816 3591 5853 sua:
3621 5815 3716 5868 pre

2180 5881 2481 5953 shytertun,
2513 5902 2666 5955 quem
2690 5885 2775 5941 ille
2793 5885 3020 5944 Nectarii
3038 5903 3401 5947 subsessorem
3424 5890 3744 5958 destinabat,
