4122 6386
325 455 428 510 165

329 564 816 635 Constantinopolin
858 562 1038 626 misit,
1082 561 1390 616 muneribus
1432 560 1740 630 Imperatori
1773 561 1902 616 olfe—

330 657 508 712 rendis
537 657 778 725 binisque
805 655 972 708 literis
1013 655 1350 707 instructum.
1388 653 1578 707 Verum
1604 653 1794 708 Lector
1819 654 1905 723 qui

331 752 500 820 ipsum
559 749 946 814 comitabatur,
997 747 1176 800 literas
1221 747 1356 801 clam
1394 735 1707 815 'surripuit,
1757 747 1906 814 queis

332 851 497 896 totum
523 838 800 908 Theophili
827 837 1152 907 propositum
1181 836 1568 892 declarabatur.
1600 836 1674 890 Ea
1704 853 1760 890 rc
1791 853 1909 905 per—

332 933 544 986 territus
577 930 840 994 Isidorus,
875 928 1019 982 illico
1062 926 1264 996 aufugit
1302 927 1696 981 Alexandriam.
1731 926 1908 980 Theo-

332 1023 504 1091 philus
531 1030 709 1074 autem
738 1036 857 1074 cum
881 1018 1377 1087 Constantinopolin
1404 1019 1654 1084 venisset,
1680 1034 1708 1070 a
1732 1018 1912 1071 multis

330 1113 715 1177 accusabatur,
763 1112 851 1181 qui
907 1111 1118 1165 libellos
1166 1111 1311 1164 varia
1365 1110 1584 1164 crimina
1632 1110 1913 1164 efferentes

332 1202 628 1272 episc0pis,
670 1203 757 1271 qui
807 1211 930 1258 tunc
973 1203 1216 1266 aderant,
1262 1201 1574 1255 offerebant.
1630 1202 1914 1268 Eutropius

333 1303 578 1360 acceptos
626 1292 835 1346 libellos
881 1291 1177 1360 Theophilo
1226 1292 1498 1355 ostendit,
1551 1292 1745 1360 eligere
1791 1306 1914 1343 eum

328 1386 524 1455 jubens
571 1395 742 1440 utrum
792 1385 996 1450 mallet,
1045 1383 1376 1439 Joannemne
1423 1383 1693 1446 ordinare,
1740 1398 1804 1436 an
1851 1383 1916 1435 de

335 1477 646 1532 criminibus
682 1476 779 1530 sibi
809 1475 1031 1545 objectis
1056 1475 1310 1546 judicium
1338 1475 1534 1532 subire.
1618 1536 1622 1540 η

405 1567 492 1620 Jo.
525 1567 782 1636 Chrysost.
806 1565 1090 1636 Episcopus
1115 1567 1176 1620 (ἲ.
1203 1564 1269 1619 Ρ.
1292 1566 1572 1619 ordinatur.
1593 1596 1664 1606 —
1683 1565 1775 1619 llis
1800 1580 1919 1633 per-

339 1659 650 1714 terrefach
675 1658 1002 1726 Theophilus
1025 1658 1284 1712 JOannem
1313 1658 1577 1711 ordinavit
1602 1667 1790 1726 quarto
1817 1656 1922 1709 Ka-

342 1750 524 1804 tcndas
549 1749 615 1802 de
645 1748 818 1801 Martii
849 1763 988 1801 anno
1017 1749 1139 1802 598.

412 1842 684 1896 Conciones
706 1843 830 1910 ejus.
851 1871 921 1879 —--
942 1841 1100 1894 Verbi
1125 1840 1293 1893 divini
1316 1841 1658 1894 concionator
1677 1841 1922 1893 assiduus

341 1932 780 2002 Chrysostomus,
812 1934 968 2001 paulo
995 1943 1111 2007 post
1135 1949 1292 2002 quam
1322 1933 1596 1987 ordinatus
1627 1931 1796 1986 fuerat
1823 1933 1921 1985 ho-

344 2025 540 2078 tniliam
582 2024 793 2087 habuit,
841 2039 958 2092 quin
997 2024 1104 2090 jam
1149 2040 1251 2075 non
1293 2032 1565 2093 comparet
1600 2033 1654 2077 et
1685 2023 1924 2077 fortassis

345 2114 535 2182 injuria
583 2124 876 2182 temporum
922 2113 1140 2166 interiit.
1181 2113 1286 2168 Sed
1326 2114 1438 2183 ejus
1476 2125 1841 2183 argumentum
1872 2116 1924 2170 in

345 2205 531 2265 altera,
559 2219 716 2272 quant
741 2203 1201 2272 Constantinopoli
1225 2201 1377 2260 dixit.
1402 2205 1557 2273 paulo
1579 2215 1698 2274 post
1718 2205 1922 2258 initium

345 2296 523 2354 retulit
554 2295 640 2365 (Τ.
671 2296 786 2350 Le.
817 2293 974 2368 797).
1004 2295 1067 2347 In
1097 2297 1260 2364 prima
1291 2297 1442 2359 enim,
1469 2297 1657 2365 inquit,
1686 2296 1747 2351 de
1771 2299 1925 2351 armis

351 2385 557 2438 Davidis
587 2394 632 2437 et
665 2381 889 2438 Goliathi
930 2385 1069 2453 apud
1097 2401 1182 2438 vos
1215 2385 1724 2454 philosophabamur,
1757 2395 1923 2440 osten-

347 2479 519 2531 dentes
539 2517 554 2540 ,
587 2477 718 2532 hunc
742 2477 943 2546 quidem
972 2477 1239 2546 omnigena
1268 2479 1502 2549 gravique
1531 2487 1798 2532 armatura
1826 2496 1925 2530 un-

349 2571 497 2639 dique
523 2571 792 2636 munitum,
827 2570 968 2623 illum
999 2580 1163 2622 autent
1193 2570 1350 2622 armis
1380 2568 1569 2622 nudum
1588 2611 1601 2635 ,
1628 2571 1730 2638 ﬁae
1757 2571 1926 2622 muni-

351 2662 595 2713 tissimum
623 2678 639 2723 ;
687 2662 820 2714 hunc
849 2661 1158 2714 extrinsecus
1187 2661 1442 2730 fulgidum
1467 2662 1668 2714 thorace
1694 2673 1738 2714 et
1765 2673 1926 2717 scuto-

350 2752 494 2803 illum
526 2752 660 2804 intus
688 2752 866 2819 spiritu
905 2761 952 2805 et
993 2751 1156 2821 gratia
1186 2752 1504 2817 radiantem,
1536 2762 1682 2821 atque
1709 2755 1838 2806 hanc
1868 2755 1929 2807 ob

347 2856 554 2894 Causam
602 2859 632 2892 a
673 2857 826 2910 puero
871 2842 1141 2896 certamine
1184 2843 1366 2895 victum
1405 2843 1674 2912 juvenem,
1721 2859 1752 2894 a
1797 2844 1930 2896 nudo

351 2943 643 3001 superatum
673 2943 921 2986 armatum
945 2976 959 2999 ,
989 2951 1019 2986 a
1048 2944 1247 3004 pastore
1282 2945 1590 3004 prostratum
1627 2936 1868 2999 militem,
1898 2954 1931 2988 a

355 3025 622 3092 pastoralis
647 3024 835 3092 lapidis
862 3034 1044 3076 natura
1074 3024 1239 3077 bellici
1267 3025 1383 3078 atris
1408 3034 1640 3077 naturam
1668 3027 1930 3078 contritam
1973 3049 1976 3053 ·

351 3126 399 3177 et
441 3118 815 3186 labefactatam.
857 3116 989 3183 Quia
1021 3133 1150 3170 vero
1179 3117 1662 3186 Constantinopoli.
1713 3120 1931 3186 perinde

351 3217 510 3278 atque
549 3208 845 3262 Antiochite
882 3208 1032 3261 multi
1081 3218 1205 3263 tunc
1234 3216 1390 3264 erant
1413 3209 1688 3270 Anomtei,
1721 3224 1777 3261 δε
1814 3209 1932 3262 illos

355 3314 724 3369 aggressurum
772 3314 892 3353 esse
934 3299 1204 3368 pollicitus
1247 3309 1328 3353 est
1369 3299 1423 3352 in
1465 3300 1632 3368 prima
1663 3299 1782 3359 illa,
1815 3316 1933 3366 qua:

356 3389 584 3454 interiit,
615 3389 902 3454 concione,
931 3403 1034 3442 non
1063 3389 1354 3443 ratiociniis
1375 3431 1390 3454 ,
1419 3390 1512 3442 sed
1542 3405 1606 3442 ex
1632 3388 1932 3456 Scriptura-

355 3498 471 3535 rum
499 3482 812 3536 auctoritate
835 3523 848 3547 ,
881 3497 999 3551 quzc
1027 3482 1126 3536 tela
1168 3483 1459 3536 ratiociniis
1495 3483 1652 3552 longe
1682 3483 1933 3538 validiora

354 3581 496 3625 sunt.

427 3659 614 3714 Paucis
642 3675 769 3715 vero
815 3671 995 3730 postea
1025 3660 1212 3715 diebus
1231 3704 1246 3727 ,
1291 3670 1346 3715 ut
1374 3662 1636 3730 pollicitus
1661 3671 1809 3728 erat,
1841 3664 1936 3716 ho-

356 3753 553 3816 ntiliam
585 3763 767 3806 contra
793 3757 1082 3810 Auomoeos
1122 3755 1305 3808 habuit
1334 3753 1427 3826 (T.
1455 3755 1506 3807 1.
1547 3770 1592 3806 c.
1615 3753 1789 3824 795),
1819 3773 1936 3823 qua:

357 3845 690 3897 continenter
721 3853 773 3896 ct
805 3844 946 3899 nulla
978 3844 1284 3912 interposita
1309 3886 1321 3906 ,
1351 3847 1579 3898 secunda
1612 3846 1726 3900 fuit.
1762 3846 1814 3900 In
1850 3847 1935 3898 illa

358 3935 528 4003 primo
570 3934 715 3997 dicit,
760 3949 850 3997 se,
893 3934 1003 4003 jam
1049 3935 1215 3988 semel
1260 3936 1651 3998 conciouatum,
1699 3952 1935 3988 alliﬂl‘t'lll

356 4041 480 4095 erga
507 4025 1125 4092 Constantinopolitanos
1154 4024 1483 4079 Christianos
1515 4038 1716 4079 tantum
1745 4043 1935 4079 conce-

357 4116 521 4186 pisse,
551 4125 804 4184 quantum
831 4115 872 4168 si
895 4130 1014 4167 cum
1047 4116 1145 4168 illis
1171 4117 1238 4168 ab
1269 4117 1416 4169 initio
1442 4116 1628 4170 fuisset
1650 4118 1936 4182 educatus;

359 4209 517 4277 idque
542 4209 792 4278 quoniam
825 4209 875 4262 itt
906 4209 1010 4263 illis
1049 4210 1350 4263 adverterat
1388 4211 1596 4278 igncttttt
1626 4211 1816 4275 zelum,
1847 4228 1936 4262 ca-

357 4301 572 4354 ritatem
602 4301 802 4370 absque
846 4301 1184 4355 simulatione
1208 4345 1221 4364 ,
1257 4303 1675 4376 bepevolentiam
1719 4305 1766 4354 in
1802 4321 1938 4370 pra--

359 4403 643 4460 ceptores,
689 4393 1025 4445 concordiam
1079 4393 1215 4446 inter
1257 4408 1312 4445 se
1358 4410 1369 4444 :
1421 4391 1546 4458 ρηω
1585 4409 1705 4445 sane
1749 4394 1936 4457 omnia,

361 4481 532 4552 pergit
568 4481 653 4534 ille
672 4522 688 4546 ,
727 4482 849 4535 satis
887 4492 1047 4535 essent
1075 4495 1126 4533 ttt
1169 4483 1242 4535 ecl
1271 4483 1528 4550 lapideum
1554 4484 1776 4536 animum
1806 4483 1940 4535 volsis

361 4571 731 4624 conciliarent?
783 4571 983 4625 Deinde
1022 4573 1636 4640 Constautinopolitauos
1682 4589 1800 4626 cum
1836 4575 1941 4625 An-

365 4663 624 4718 tiochenis
662 4677 978 4732 comparans
1025 4665 1092 4718 ita
1127 4665 1462 4734 prosequitur
1493 4683 1506 4719 :
1538 4664 1813 4734 Propterea
1843 4685 1942 4720 nott

364 4758 529 4810 minus
558 4773 644 4810 vos
672 4773 900 4809 amamus
923 4799 936 4821 ,
965 4773 1112 4825 quant
1139 4756 1416 4809 Ecclesium
1443 4759 1585 4810 illam
1615 4759 1667 4810 in
1689 4775 1787 4827 qua
1815 4760 1940 4824 nati,

361 4848 563 4900 educati
601 4857 644 4900 et
689 4847 873 4901 eruditi
911 4864 1101 4901 smnus.
1154 4845 1488 4903 Soror'enitn
1530 4850 1667 4902 illius
1707 4851 1812 4902 haec
1849 4861 1938 4914 est,

362 4957 544 5010 vosque
588 4941 936 5011 cegnationem
983 4941 1124 4993 illam
1167 4956 1315 5010 apere
1344 4941 1657 4994 declarastis.
1705 4941 1945 5008 Quamvis

364 5041 530 5083 autent
570 5029 662 5083 illa
705 5039 926 5100 tempore
967 5031 1030 5084 sit
1064 5031 1340 5100 antiquior,
1370 5032 1479 5085 hazc
1518 5041 1682 5085 tamen
1712 5033 1810 5095 [ide
1838 5033 1944 5101 [er-

365 5124 558 5175 rentior
601 5130 715 5188 est;
756 5132 801 5175 et
843 5122 948 5176 illic
992 5123 1158 5192 major
1181 5135 1449 5177 conventus
1479 5135 1584 5191 est,
1625 5135 1672 5178 et
1703 5126 1946 5180 celebrius

366 5214 650 5277 theatrum,
694 5213 781 5267 sed
819 5213 900 5266 hic
928 5216 1093 5284 major
1124 5217 1364 5285 patientia
1405 5217 1708 5287 majorisque
1739 5219 1946 5287 fortitu-

366 5305 498 5357 dinis
540 5305 802 5358 indicium.
838 5303 977 5358 Nam
1006 5307 1146 5360 video
1176 5307 1256 5360 hic
1285 5309 1502 5378 undique
1529 5309 1674 5378 lupos
1703 5309 1944 5362 obambu-

367 5397 494 5451 lare.
542 5396 673 5466 Lupi
722 5409 898 5452 autem
948 5399 1021 5453 illi
1067 5411 1220 5454 erant
1257 5402 1501 5456 Anontmi
1546 5412 1600 5455 et
1645 5402 1947 5456 vetustioris

368 5487 587 5556 originis
613 5487 866 5554 haeretici,
898 5497 956 5544 ut
986 5489 1359 5556 Marcionistaz,
1385 5492 1656 5546 Manichtei
1682 5501 1736 5546 et
1758 5492 1950 5544 Valen-

371 5578 588 5636 tiniaui.
619 5579 810 5648 quibus
851 5592 1163 5635 annumerat
1202 5582 1361 5636 etiam
1389 5582 1690 5636 Judteorum
1735 5594 1944 5638 coetus:

371 5687 543 5739 neque
563 5672 778 5727 dubium
802 5684 882 5728 cst
910 5673 992 5726 his
1013 5675 1171 5729 etiam
1198 5675 1555 5730 accensendos
1577 5691 1694 5730 esse
1719 5677 1945 5746 gentiles

373 5772 422 5814 et
451 5761 774 5829 idololatras,
805 5766 892 5834 qui
920 5782 1023 5820 non
1054 5781 1216 5834 parvo
1244 5781 1466 5821 numero
1487 5767 1943 5837 Constantinopoli

372 5853 542 5910 adhuc
585 5865 756 5912 erant.
793 5857 976 5912 Postea
1012 5875 1134 5913 vero
1179 5860 1468 5915 Anomatos
1508 5859 1716 5918 fortiter
1759 5875 1944 5932 aggre-

1476 448 1656 504 NUNC
1694 447 1955 504 PRIMUM
1994 447 2384 504 ADORNATA.

3491 449 3590 508 166

2013 562 2183 627 ditur,
2231 562 2420 630 probat
2448 561 2713 616 Christum
2748 561 2942 616 Filium
2971 563 3072 618 Dei-
3107 563 3269 620 Deum
3297 579 3452 623 esse.
3486 564 3590 619 Pa-

2016 654 2110 705 tris
2153 652 2548 717 consiliarium,
2583 653 2722 705 Patri
2767 654 3062 720 aequalem;
3106 653 3334 708 al'lirtttat
3379 670 3592 724 quoque

2015 751 2200 796 contra
2247 742 2564 796 Manichteos
2605 743 2772 798 Vetus
2821 744 3216 799 Teslan'tentunt
3275 761 3394 799 cum
3449 746 3597 802 Novo

2017 851 2351 902 consonare,
2402 836 2704 904 clauditque
2757 836 2956 890 docens
3007 846 3234 905 quantus
3283 837 3484 892 fructus
3530 855 3596 894 ex

2019 929 2258 983 collectis
2307 929 2604 998 proveniat.
2657 929 2770 982 Duo
2813 929 3152 1000 Maunseriptt
3203 930 3355 985 titulo
3400 931 3601 985 addunt

2022 1020 2159 1074 hanc
2203 1019 2514 1074 concionem
2567 1019 2796 1073 habitam
2853 1020 3013 1073 fuisse
3065 1021 3114 1073 in
3169 1035 3302 1075 nova
3353 1022 3596 1077 ecclesia.

2024 1111 2218 1164 Verum
2248 1127 2357 1164 rem
2384 1120 2583 1165 certam
2618 1126 2721 1164 non
2761 1126 2879 1165 esse
2910 1112 2960 1163 in
2993 1111 3187 1164 lllonito
3215 1112 3492 1180 probatur.

2092 1203 2280 1256 Paucis
2321 1203 2418 1256 sub
2461 1202 2573 1256 haec
2611 1203 2796 1257 diebus
2827 1205 3137 1257 concionem
3171 1205 3389 1257 alteram
3419 1213 3603 1258 contra

2023 1293 2313 1348 Anomaaos
2356 1292 2537 1346 habuit
2573 1291 2672 1360 (Τ.
2702 1293 2752 1346 1.
2782 1308 2827 1345 c.
2854 1291 2947 1342 80l
2973 1290 3013 1358 ),
3059 1293 3210 1360 cujus
3256 1294 3434 1347 titulus
3479 1304 3602 1347 est:

2025 1383 2088 1436 In
2119 1385 2496 1454 l’arulyticum,
2525 1383 2611 1452 qui
2647 1400 2806 1436 annos
2846 1383 3051 1452 triginta
3093 1395 3202 1437 octo
3231 1383 3529 1437 decubuerat
3554 1384 3604 1436 in

2024 1478 2317 1542 inﬁrmitate
2351 1493 2485 1541 sua;
2523 1486 2577 1531 et
2618 1476 2673 1530 in
2714 1476 2872 1540 illud,
2913 1476 3064 1529 Pater
3100 1493 3238 1529 meus
3270 1493 3422 1545 usque
3459 1477 3608 1529 modo

2025 1580 2277 1637 aperatur,
2301 1583 2349 1621 et
2376 1586 2466 1640 ego
2486 1586 2666 1639 operor
2688 1585 2707 1622 :
2729 1570 2814 1623 ubi
2839 1571 3014 1622 statim
3040 1569 3148 1623 Deo
3177 1570 3442 1625 benedicit
3469 1569 3610 1638 quod

2026 1670 2322 1714 conventus
2347 1661 2579 1728 quotidie
2611 1671 2916 1725 accrescat,
2955 1670 3008 1713 ct
3036 1660 3272 1713 divinttm
3304 1675 3483 1713 semen
3515 1675 3610 1712 co-

2029 1753 2174 1822 piose
2205 1754 2482 1821 germinet.
2516 1753 2799 1821 Postquam
2829 1763 3002 1804 autem
3027 1751 3094 1805 de
3127 1751 3412 1820 paralytico
3444 1765 3609 1806 multa

2028 1845 2254 1906 dixerat,
2293 1852 2478 1896 contra
2510 1847 2799 1896 Anommos
2839 1843 3035 1910 stylum
3066 1844 3359 1908 convertit,
3393 1843 3611 1910 probat-

2029 1951 2133 2005 quc
2166 1936 2350 1988 Filium
2377 1945 2432 1989 et
2459 1951 2582 1988 vero
2610 1935 2774 1988 Deum
2803 1944 2856 1988 et
2879 1928 3018 1986 Patri
3047 1935 3300 2002 a-qualem
3331 1948 3468 1986 esse.

2100 2028 2330 2082 Joannes
2359 2028 2410 2080 in
2443 2036 2589 2080 tanto
2615 2026 2886 2096 dignitatis
2925 2037 3142 2080 evectus
3182 2025 3414 2078 culmine
3435 2068 3447 2085 ,
3482 2041 3614 2093 prir—

2029 2120 2236 2188 cipuam
2275 2135 2453 2172 curam
2499 2118 2701 2181 habuit,
2749 2127 2806 2171 ut
2839 2118 2938 2172 sibi
2978 2117 3245 2172 commissi
3273 2118 3446 2186 gregis
3475 2117 3618 2171 vitiis

2031 2211 2368 2276 mederetur,
2434 2221 2674 2264 errantes
2725 2209 2791 2263 ad
2852 2221 3049 2264 rectam
3109 2210 3245 2263 viam
3299 2209 3614 2272 reduceret,

2033 2303 2280 2370 pietatem
2330 2308 2594 2354 sectantes
2645 2299 2863 2353 foveret.
2919 2299 3106 2352 Rerum
3159 2314 3335 2350 curam
3386 2298 3618 2367 aggredi-

2037 2403 2147 2455 tur,
2201 2391 2369 2460 inquit
2420 2389 2682 2444 Palladius
2748 2390 2840 2460 (p.
2891 2389 3000 2458 45)
3031 2431 3045 2452 ,
3120 2405 3207 2457 per
3265 2387 3617 2440 rationabilent

2034 2483 2256 2552 ﬁstulam
2304 2499 2416 2535 oves
2459 2482 2669 2550 probare
2711 2497 2938 2534 exorsus.
2987 2481 3128 2534 Raro
3167 2489 3332 2532 autent
3376 2480 3618 2533 adhibens

2035 2576 2183 2627 etiam
2213 2573 2394 2643 pedum
2423 2573 2802 2641 increpationis,
2841 2588 3217 2639 sermonemque
3241 2571 3413 2639 dirigit
3443 2571 3620 2623 adver—

2035 2681 2120 2718 sus
2163 2665 2446 2716 ementitum
2488 2666 2705 2732 fratrum
2747 2679 3073 2730 sororumque
3113 2663 3420 2722 convictum,
3450 2678 3622 2714 revera

2035 2766 2200 2808 autem
2241 2764 2437 2824 turpent
2474 2755 2880 2823 improbumque,
2911 2754 2973 2806 de
3001 2752 3422 2814 subintroductis,
3456 2761 3508 2803 ttt
3537 2768 3622 2804 tvo—

2035 2858 2170 2913 cant,
2215 2865 2387 2918 agens,
2432 2847 2792 2912 ostendensque
2831 2847 2878 2899 si
2921 2846 3169 2898 malorum
3213 2846 3418 2897 daretur
3461 2843 3619 2912 Optio,

2035 2941 2263 2993 meliores
2289 2940 2396 2991 istts
2435 2939 2636 2992 lenones
2666 2953 2789 2991 esse.
2833 2935 2861 2989 1
2869 2937 2925 2989 lli
2961 2952 3174 3000 namque
3203 2935 3381 3004 procul
3405 2951 3435 2986 a
3464 2933 3622 2985 medi~

2035 3033 2106 3086 cis
2132 3032 2411 3084 habitantes
2438 3031 2576 3092 apud
2602 3047 2655 3084 se
2694 3031 2920 3083 morbum
2947 3029 3153 3091 habent,
3188 3028 3275 3080 sed
3306 3027 3576 3080 volentibus
3603 3042 3622 3082 :

2038 3125 2090 3176 Iti
2119 3136 2284 3176 autem
2311 3124 2360 3174 in
2387 3121 2566 3174 salutis
2605 3121 2801 3190 ofﬁcina
2825 3120 3127 3185 habitantes,
3173 3120 3322 3171 etiam
3348 3134 3498 3170 sanos
3524 3118 3621 3170 int.-

2038 3215 2229 3284 pellunt
2258 3215 2326 3266 ad
2360 3214 2608 3267 morbum.
2654 3210 2785 3265 Inde
2813 3228 2930 3281 pars
2957 3209 3089 3265 Cleri
3132 3211 3337 3263 minime
3361 3209 3621 3279 religiosa,

2035 3321 2148 3373 qtae
2175 3305 2346 3357 morbo
2374 3305 2462 3357 illo
2491 3305 2773 3369 tenebatur,
2803 3310 3050 3355 commota
3077 3311 3171 3355 est.
3198 3301 3325 3368 Quae
3351 3309 3409 3354 ut
3432 3300 3623 3355 clarius

2037 3397 2419 3466 percipiantur,
2445 3396 2626 3464 paucis
2647 3394 2961 3463 explicanda
2986 3402 3126 3447 stunt.
3153 3394 3319 3446 Erant
3345 3403 3467 3447 tunc
3481 3392 3625 3446 Con-

2039 3489 2376 3557 stantinopoli
2408 3488 2595 3556 puclla:
2613 3486 2950 3551 Christiana),
2976 3501 3092 3554 quin
3110 3485 3466 3554 virginitatem
3496 3498 3624 3553 pro-

2040 3582 2322 3634 fitebantur
2355 3598 2367 3631 :
2401 3581 2496 3634 has
2538 3579 2754 3632 domum
2787 3577 3108 3632 indttccbant
3136 3577 3266 3638 viri,
3299 3576 3474 3646 Specie
3505 3575 3624 3645 qui-

2040 3674 2160 3728 dem
2207 3682 2263 3726 ut
2309 3687 2404 3726 ceu
2455 3671 2646 3724 fratres
2690 3685 2809 3722 cum
2854 3668 3128 3722 sororibus
3167 3674 3312 3720 caste
3356 3667 3621 3728 viverent,

2041 3765 2132 3818 sed
2165 3780 2228 3817 ex
2262 3764 2353 3815 tali
2396 3762 2668 3817 consortio
2714 3770 2766 3814 et
2795 3759 3051 3812 societate
3091 3769 3284 3826 quanta
3315 3767 3626 3826 pararentur

2040 3856 2177 3913 mala
2204 3853 2346 3908 haud
2367 3853 2582 3910 difﬁcile
2606 3861 2688 3907 est
2713 3851 2978 3920 augurari.
3009 3847 3087 3902 Ad
3115 3848 3230 3901 ham
3251 3863 3376 3902 vero
3398 3848 3626 3916 virgines

2042 3949 2143 4002 ill-.e
2171 3949 2334 4002 cultui
2363 3947 2604 4016 corporis
2642 3955 2697 3999 et
2727 3945 2954 4000 vestium
2991 3941 3276 3995 admodum
3321 3940 3620 4004 studebant,

2041 4056 2158 4109 qua:
2208 4040 2358 4108 signo
2406 4046 2559 4093 erant
2599 4037 2776 4090 omnia
2819 4034 2955 4088 hanc
2999 4032 3230 4086 virorum
3272 4039 3326 4086 et
3363 4031 3624 4100 virginum

2043 4131 2350 4185 societatem
2398 4138 2598 4198 pestem
2643 4142 2760 4180 esse
2799 4125 3086 4179 exitialem.
3132 4122 3401 4177 Adversus
3439 4121 3596 4188 hujus

2044 4222 2185 4275 tnodi
2228 4222 2539 4274 societatem
2584 4218 2842 4271 acerrime
2884 4216 3152 4270 invehitur
3187 4214 3622 4284 Chrysostomus,

2045 4315 2125 4368 vel
2153 4315 2273 4366 hinc
2299 4311 2612 4366 abolendam
2638 4310 2794 4364 talem
2818 4307 3253 4362 consuetudinem
3276 4320 3395 4359 esse
3422 4305 3624 4369 dicens,

2045 4399 2184 4468 quod
2217 4397 2396 4452 multis
2424 4395 2742 4450 olfeudiculo
2767 4403 2930 4447 esset.
2961 4392 3038 4445 Ex
3071 4389 3338 4444 consortio
3368 4389 3627 4454 v.rginum

2045 4491 2189 4545 nasci
2247 4488 2549 4542 necessario
2604 4483 3089 4552 concupiscentiam
3143 4479 3392 4533 affirmat.
3454 4478 3628 4530 Alia'n

2048 4581 2230 4650 paucis
2257 4578 2581 4646 interpositis
2610 4575 2797 4629 diebus
2825 4573 3007 4626 eadem
3038 4572 3104 4624 de
3136 4586 3191 4623 re
3223 4567 3405 4622 habuit
3433 4567 3630 4620 oratio—

2049 4687 2170 4724 nem
2206 4667 2300 4738 (T.
2333 4670 2384 4721 1.
2423 4683 2468 4718 c.
2496 4666 2636 4736 515)
2658 4709 2671 4730 ,
2700 4679 2857 4734 quam
2890 4678 2983 4732 per
3014 4660 3457 4715 esclamatioucm
3488 4658 3630 4710 ordi-

2051 4773 2154 4827 tur,
2187 4762 2440 4815 advcrsus
2466 4759 2697 4828 virgines
2737 4757 2884 4821 illas,
2909 4771 3026 4824 qua:
3054 4753 3367 4821 virginitatis
3397 4751 3628 4820 speciem

2049 4870 2158 4922 pra:
2184 4869 2241 4908 se
2270 4853 2500 4906 ferentes
2521 4893 2534 4918 ,
2567 4852 2709 4904 viros
2737 4851 2824 4919 qui
2859 4863 3038 4902 secum
3069 4845 3213 4899 domi
3243 4854 3518 4900 manerent
3553 4843 3636 4896 in-

2049 4945 2330 5000 ducebant.
2363 4944 2554 5011 Aitque
2579 4942 2833 5010 virginem
2862 4953 2964 4993 non
2993 4937 3183 4991 decere
3211 4935 3409 4989 eultum
3438 4949 3631 5002 σοι·βο⁴

2051 5040 2124 5090 ris
2150 5045 2458 5104 vestemque
2495 5035 2812 5103 pretiosam,
2843 5030 3158 5098 nuptiasque
3198 5025 3500 5094 hujusmodi
3527 5025 3634 5078 vir-

2049 5129 2254 5198 giuitati
2296 5125 2666 5180 anteferendus
2708 5138 2868 5178 esse:
2914 5123 3147 5188 talesque
3179 5119 3443 5189 virgines,
3485 5117 3628 5181 dicit,

2050 5222 2255 5276 etiamsi
2284 5236 2385 5273 non
2415 5219 2551 5272 male
2577 5224 2814 5287 agerent,
2839 5215 2938 5267 hoc
2969 5215 3083 5279 ipso
3112 5227 3328 5280 peccare
3353 5211 3491 5280 quod
3519 5211 3638 5265 aliis

2052 5312 2369 5367 oll'endiculo
2409 5319 2609 5365 essent.
2653 5308 2805 5360 Vera:
2836 5306 3053 5374 Virginis
3099 5319 3273 5355 mores
3317 5310 3497 5371 postea
3538 5301 3634 5354 dc-

2053 5405 2255 5466 scribit,
2288 5403 2612 5470 demumque
2639 5399 2947 5454 concionem
2980 5395 3194 5449 claudit.

2129 5495 2260 5549 llinc
2289 5493 2500 5548 Clerum
2547 5507 2701 5544 suum
2740 5490 2956 5542 adortus
2995 5498 3076 5540 est
3120 5502 3136 5556 ι
3164 5485 3370 5538 Pallad.
3401 5503 3451 5554 p.
3479 5483 3585 5555 45)
3619 5501 3632 5537 :

2055 5603 2174 5641 nam
2218 5586 2454 5656 plerique
2500 5582 2687 5637 eodem
2729 5582 2916 5634 morbo
2959 5579 3290 5633 tenebantur.
3337 5578 3466 5642 Quia
3509 5591 3636 5630 vero

2054 5679 2321 5733 ferventer
2351 5691 2448 5744 pro
2474 5689 2620 5727 more
2647 5688 2743 5726 suo
2773 5672 2893 5725 vitia
2923 5669 3275 5723 insectabatur
3293 5710 3308 5733 ,
3337 5667 3388 5720 in
3414 5667 3638 5720 clerico-

2055 5784 2170 5823 rum
2203 5765 2554 5836 complurium
2586 5763 2932 5819 offensionem
2966 5763 3192 5817 incurrit
3212 5803 3229 5828 ,
3263 5770 3322 5815 ut
3351 5769 3528 5827 postea
3555 5757 3635 5810 vi-

2061 5867 2321 5923 debimus.
2349 5865 2403 5920 ln
2427 5860 2721 5927 avaritiam,
2745 5875 2900 5926 quant
2920 5867 3070 5913 vocat
3096 5851 3357 5908 Palladius
3381 5851 3635 5908 malorutl
