4122 6386
467 422 568 488 ,α
927 428 947 454 .

462 539 702 596 omnium
742 533 1094 605 metropolin,
1146 537 1289 601 saepe
1329 529 1557 585 vidimus
1600 528 2038 601 Chrysostomum

464 629 764 687 Antiochiae
790 627 1214 690 concibnantem,
1255 632 1310 679 et
1343 622 1463 693 quia
1503 620 1701 677 malum
1744 616 2047 689 hujusmodi

465 737 573 777 non
597 720 773 774 minus
801 717 1048 788 serpebat
1068 712 1527 781 Constantinopoli
1549 726 1707 782 quam
1728 707 2045 771 Antiochea,

464 809 926 883 frequentissime,
974 805 1099 860 dum
1141 805 1424 874 episcopus
1473 806 1623 869 erat,
1664 801 1716 855 in
1764 813 1952 855 avaros
1996 806 2050 853 et

467 916 686 974 rapaces
712 900 1057 957 invehebatur
1087 917 1101 951 :
1134 898 1186 952 in
1212 896 1514 951 adulatores
1541 895 1788 950 similiter
1814 901 1868 947 ct
1890 906 2049 963 para-

400 1062 401 1065 η
465 999 619 1062 sitos,
641 993 730 1064 qui
753 992 973 1047 divitum
996 1003 1208 1044 mensas
1235 987 1594 1050 sectabantur,
1625 994 1784 1056 atque
1807 985 1883 1040 sic
1908 983 2049 1038 mul-

468 1097 644 1145 torum
672 1086 724 1141 in
754 1100 813 1141 se
841 1084 1018 1139 odium
1046 1082 1348 1137 concitavit.

540 1176 724 1233 Tanta:
750 1174 1050 1230 severitatis
1091 1183 1358 1226 oratorem
1398 1170 1757 1226 necessarium
1800 1177 1917 1224 erat
1955 1181 2052 1222 sua

471 1271 632 1324 etiam
648 1276 890 1323 accurate
906 1266 1167 1331 dispicere
1183 1262 1417 1333 (Pallad.
1436 1280 1489 1330 ρ.
1502 1262 1618 1329 46),
1637 1260 1854 1331 nequod
1873 1260 1923 1313 in
1936 1258 2055 1313 aliis

472 1360 889 1433 reprehensione
916 1359 1132 1427 dignum
1163 1354 1516 1427 prmdicahat,
1556 1354 1656 1408 sibi
1697 1355 1855 1407 etiam
1896 1349 2054 1420 objici

474 1461 670 1526 posset.
694 1452 788 1505 llic
802 1450 910 1505 duo
929 1459 1079 1503 erant
1094 1446 1462 1511 examinanda,
1483 1444 1733 1502 Ecclesim
1751 1453 1803 1498 et
1820 1442 2053 1513 episcopi

473 1542 694 1599 reditus.
717 1540 896 1596 Primo
919 1547 1098 1593 autem
1120 1535 1371 1591 Ecclesia:
1392 1534 1657 1593 (economi
1678 1533 1887 1588 tabulas
1905 1547 2056 1587 scru-

475 1643 638 1697 tatur,
668 1634 1040 1703 impensasque
1067 1629 1277 1685 inutiles
1304 1627 1545 1699 abrogari
1567 1626 1719 1698 jubet
1746 1645 1761 1682 :
1789 1624 1914 1680 hinc
1941 1622 2058 1694 epi-

473 1725 623 1795 scopi
647 1731 892 1792 sumptus
918 1721 1137 1784 excutit,
1171 1718 1387 1773 nimiam
1418 1716 1774 1788 profusionem
1805 1714 2056 1780 ostendit,

471 1816 730 1888 iubetque
767 1811 978 1867 inutiles
1017 1810 1138 1864 illas
1163 1824 1425 1879 expensas
1462 1807 1527 1862 ad
1556 1806 1858 1862 nosocomia
1890 1815 2062 1859 trans-

477 1908 625 1965 ferri.
676 1905 1003 1963 Necessitate
1048 1912 1225 1958 autem
1274 1902 1328 1957 id
1377 1905 1711 1972 postulante,
1755 1898 2059 1954 nosocumia

480 2003 706 2073 plurima
734 1999 1064 2059 construxit,
1090 1997 1283 2067 quibus
1321 1994 1662 2067 presbyteros
1700 1994 1835 2048 duos
1870 1992 2065 2063 pietate

482 2095 768 2149 instructos
796 2090 1081 2160 prmposnit
1098 2130 1113 2151 .
1152 2087 1387 2143 medicos
1412 2088 1536 2141 item
1562 2095 1615 2141 et
1640 2100 1839 2157 coquos
1859 2126 1872 2148 ,
1899 2085 2058 2139 alios-

481 2202 587 2259 que
630 2186 698 2241 ad
742 2183 1032 2241 ministeria
1075 2181 1402 2245 destinatos,
1450 2193 1552 2235 nec
1599 2178 1942 2248 conjugatos,
1974 2175 2065 2247 qui

484 2278 827 2334 advenientes
849 2274 1085 2344 hospites
1109 2280 1164 2327 et
1182 2285 1355 2342 aegros
1374 2278 1624 2325 curarent
1645 2284 1709 2323 ac
1734 2268 1994 2324 foverent.

553 2369 666 2426 Sub
694 2369 810 2425 hzec
847 2375 1024 2423 autem
1067 2363 1134 2419 ad
1164 2362 1350 2417 viduas
1374 2375 1667 2418 conversus
1706 2367 1791 2415 est
1827 2356 2065 2432 (Pallad.

487 2479 539 2533 ρ.
565 2462 686 2532 47),
712 2475 829 2529 quae
861 2466 985 2512 tunc
1023 2456 1076 2510 in
1109 2453 1349 2509 Ecclesia
1377 2452 1608 2524 aliquem
1636 2450 1858 2522 gradum
1894 2458 1951 2506 et
1973 2464 2066 2505 or-

485 2553 665 2609 dinem
704 2553 1045 2617 obtinebant,
1087 2560 1146 2605 ut
1173 2565 1355 2606 carum
1391 2558 1445 2606 et
1484 2549 1645 2603 vitam
1683 2557 1736 2601 et
1772 2555 1920 2617 gesta
1952 2561 2071 2615 pcr-

486 2646 757 2713 quireret,
790 2652 846 2698 et
880 2643 924 2696 si
958 2657 1090 2713 quas
1119 2642 1382 2697 inveniret
1412 2638 1587 2695 carnis
1612 2638 1813 2693 deliciis
1838 2637 2068 2704 deditas,

488 2736 740 2792 monebat
778 2743 836 2790 ut
872 2735 1206 2805 jejunarent,
1243 2733 1572 2789 abstinerent
1598 2746 1627 2784 a
1658 2730 1895 2794 balneis,
1926 2738 1979 2784 et
2004 2730 2072 2783 ab

487 2827 765 2899 exquisitis
793 2826 1059 2885 vestibus.
1091 2834 1182 2878 aut
1206 2829 1450 2896 protinus
1476 2822 1542 2878 ad
1569 2821 1831 2877 secundas
1861 2820 2074 2891 nuptias

488 2918 864 2984 convolarcnt,
907 2932 976 2973 ne
1016 2917 1107 2972 lex
1156 2916 1360 2971 Domini
1399 2915 1706 2970 violaretur.
1754 2909 2075 2970 Hortahatur

486 3010 648 3064 etiam
691 3009 949 3079 populos,
991 3019 1047 3062 ut
1076 3008 1129 3063 in
1169 3006 1442 3062 nocturnis
1473 3004 1721 3076 precibus
1753 3003 1951 3061 assidui
1986 3019 2073 3059 es-

490 3110 643 3165 sent;
686 3116 879 3156 uxores
903 3109 1080 3155 autem
1102 3141 1117 3164 ,
1149 3107 1208 3153 ut
1244 3097 1387 3153 domi
1418 3104 1727 3164 manerent,
1757 3104 1811 3151 et
1847 3095 2076 3151 interdiu

490 3210 675 3266 preces
703 3193 985 3249 funderent
1022 3193 1179 3261 ipsus,
1206 3191 1327 3261 quia
1358 3188 1562 3246 diurnis
1593 3188 1738 3244 horis
1760 3188 1880 3253 viri,
1910 3203 2076 3260 nego-

491 3288 579 3343 tiis
602 3297 658 3343 et
697 3288 774 3342 rei
807 3285 1048 3341 familiari
1086 3299 1305 3355 operam
1331 3283 1554 3348 dantes,
1582 3281 1833 3354 precibus
1872 3282 2079 3336 incum-

494 3377 621 3433 bere
656 3392 763 3432 non
787 3376 1053 3431 valebant.

561 3469 691 3540 Qun
720 3469 788 3523 de
814 3466 1087 3523 nocturnis
1117 3466 1363 3536 precibus
1399 3464 1492 3521 ille
1529 3473 1791 3522 statuerat
1819 3465 2079 3521 Constan-

491 3562 869 3631 titmpolitanos
896 3561 1121 3616 clericos
1146 3558 1445 3625 mordebat,
1474 3559 1566 3631 qui
1608 3559 1963 3630 negligentius
1993 3573 2081 3613 res

490 3657 699 3711 divinas
745 3662 1069 3717 tractantes,
1116 3661 1225 3706 tota
1267 3660 1423 3707 nocte
1462 3665 1654 3707 somno
1697 3650 1859 3707 dediti
1903 3660 2077 3706 erant.

493 3749 605 3803 lmo
634 3763 779 3812 vero,
826 3746 947 3813 quia
976 3744 1179 3815 jamdiu
1210 3743 1491 3799 clericatus
1525 3742 1697 3798 officia
1742 3744 1900 3798 missa
1938 3741 2078 3797 fece—

493 3850 636 3905 rant,
660 3838 777 3893 haec
809 3838 985 3891 omnia
1008 3834 1147 3906 apud
1176 3836 1298 3890 illos
1324 3843 1542 3905 propter
1561 3842 1882 3891 vetustatem
1918 3834 2080 3890 obso-

495 3931 752 3987 leverunt.
800 3929 1000 3984 Divites
1042 3937 1220 3982 autem
1265 3925 1531 3991 maxime,
1561 3925 1638 3981 uti
1676 3924 1880 3981 solebat
1920 3924 2081 3981 etiam

497 4021 827 4089 Antiochi-J2,
876 4021 929 4074 in
982 4017 1327 4075 eoneionibns
1382 4019 1692 4087 frequenter
1738 4015 1804 4071 ad
1848 4017 2082 4072 officium

496 4112 811 4179 revocabat,
848 4110 1046 4166 docens
1073 4125 1140 4165 ne
1169 4108 1398 4164 sublime
1422 4114 1705 4179 saperent,
1732 4116 1788 4163 et
1821 4107 2081 4163 bonorum

499 4213 705 4275 partem
727 4203 910 4273 egenis
936 4201 1289 4272 impertirent.
1315 4200 1438 4255 [hee
1461 4199 1528 4254 ab
1551 4198 1701 4255 initio
1721 4200 1919 4254 monita
1942 4214 2085 4268 saepe

496 4295 694 4364 sa-pius
717 4293 878 4349 dabat
920 4293 1027 4347 ille.
1074 4293 1148 4346 Ea
1179 4306 1328 4359 vero,
1367 4307 1486 4360 qua:
1520 4290 1707 4362 primis
1747 4289 2087 4362 episcopatus

496 4386 578 4440 sui
608 4384 880 4440 mensibus
900 4383 953 4437 in
974 4380 1320 4437 eoneionibns
1342 4381 1496 4447 dixit,
1523 4379 1797 4453 speciatim
1821 4390 1875 4436 et
1900 4381 2086 4436 ordine

498 4477 761 4535 recensita
807 4489 914 4530 non
960 4482 1295 4544 comparent,
1339 4473 1423 4528 vel
1469 4474 1521 4527 in
1562 4472 1679 4543 ejus
1718 4475 1964 4543 scriptis,
2004 4473 2084 4528 vel

498 4568 637 4639 apud
673 4568 962 4639 scriptores
986 4566 1380 4622 ecclesiasticos
1404 4565 1487 4623 sui
1514 4566 1633 4621 mvi.
1668 4565 1844 4638 Ipsum
1874 4582 2087 4636 semper

500 4658 715 4714 assidue
735 4658 1108 4714 concionatnm
1136 4671 1257 4713 esse
1295 4657 1515 4712 scimus.
1556 4654 1667 4710 hno
1696 4656 1888 4711 multas
1918 4655 2083 4711 hahe-

503 4762 624 4805 mus
653 4749 896 4804 homilias
932 4748 1275 4818 episcopatus
1302 4749 1383 4802 sui
1426 4760 1667 4818 tempore
1710 4747 1952 4816 habitas;
1992 4750 2085 4804 sed

503 4855 727 4909 quarum
770 4837 1002 4893 maxima
1048 4852 1170 4908 pars
1216 4838 1417 4892 nullam
1465 4837 1549 4893 vel
1594 4837 1794 4893 mensis
1834 4837 1919 4894 vel
1964 4839 2087 4894 anni

506 4938 686 4987 notam
715 4945 824 5000 pra:
853 4916 912 4985 se
943 4930 1063 4984 fert.

579 5020 744 5077 Nam
782 5022 1045 5077 conciones
1080 5038 1145 5077 ea:
1183 5020 1549 5093 Mannert-iptio
1589 5032 1764 5078 eruite.
1792 5021 2088 5081 —Verum

506 5122 595 5172 res
634 5115 835 5186 pridem
866 5124 1017 5169 erant
1060 5114 1217 5185 longe
1254 5115 1439 5186 pejore
1479 5115 1805 5171 conditione.
1848 5116 2087 5188 Magnam

506 5210 739 5265 nobisin
765 5209 1131 5281 Chrysostomi
1172 5207 1407 5278 episcopi
1439 5206 1658 5263 historia
1700 5208 1870 5263 lucem
1914 5210 2092 5265 attulit

507 5319 644 5360 nova
681 5303 769 5359 illa
808 5312 863 5358 et
898 5302 1073 5375 ampla
1113 5301 1447 5357 homiliarum
1477 5302 1749 5369 accessio,
1793 5319 1912 5373 qua:
1951 5302 2090 5359 haud

507 5398 579 5452 ita
613 5394 817 5465 pridem
846 5393 930 5449 vel
952 5410 1017 5448 ex
1045 5402 1225 5448 monte
1246 5394 1415 5457 Atho,
1439 5403 1495 5448 ut
1529 5393 1741 5463 quidam
1762 5434 1777 5458 ,
1808 5393 1891 5448 vel
1914 5409 1977 5448 ex
2007 5395 2091 5448 in-

506 5490 622 5544 sula
653 5487 907 5552 Pathmo,
938 5498 989 5540 nt
1019 5488 1106 5540 alii
1139 5487 1351 5550 volunt,
1381 5486 1436 5542 in
1468 5483 1853 5542 Bibliotheeam
1882 5488 2093 5543 \‘atica—

510 5598 632 5637 nam
666 5579 861 5641 allatm,
891 5593 919 5631 a
946 5578 1217 5634 sodalibus
1247 5578 1464 5644 nostris,
1492 5578 1581 5648 qui
1610 5589 1719 5633 tum
1751 5578 1933 5633 Romae
1955 5579 2093 5635 Con-

506 5673 836 5745 gregationis
884 5672 1054 5726 sancti
1109 5671 1276 5725 Mauri
1330 5672 1557 5739 negotiis
1612 5670 2005 5741 advigilabant,
2060 5684 2090 5725 a

508 5764 697 5821 (ἐκπεο
721 5763 1035 5821 amanuensi
1066 5762 1366 5830 descriptae,
1396 5762 1723 5817 transmissa:
1749 5762 1879 5819 mihi
1910 5762 2088 5829 fuere;

507 5856 761 5911 nimirum
798 5871 830 5910 a
870 5855 933 5909 D.
976 5855 1137 5910 Petro
1178 5855 1389 5921 Maloet,
1432 5857 1522 5927 qui
1571 5865 1682 5913 tum
1724 5858 2091 5918 Procuratoris

1528 413 1585 471 8.
1618 406 1897 469 JOANNIS
1933 402 2410 467 CHRYSOSTOMI
2450 404 2629 467 VlTA.

3626 409 3729 470 168

2149 526 2413 594 generalis
2460 524 2640 581 officio
2683 522 3001 596 fungebatur
3036 533 3091 581 et
3133 539 3277 582 nunc
3312 526 3363 580 in
3408 530 3732 582 monasterio

2151 617 2319 671 sancti
2349 616 2599 673 Germani
2637 632 2668 671 a
2710 616 2889 672 Pratis
2928 616 3083 673 Prior
3117 627 3230 681 est,
3260 624 3314 672 et
3342 633 3372 672 θ
3412 617 3474 673 D.
3497 616 3734 689 Josepho

2153 707 2303 762 Avril
2324 707 2441 777 ejus
2459 707 2627 774 socio,
2647 706 2756 778 jam
2780 708 2830 762 in
2852 698 3178 764 monasterio
3196 707 3507 765 Corbeicnsi
3526 709 3730 773 Priore.

2153 798 2244 868 qui
2272 799 2430 853 ambo
2456 812 2688 869 semper,
2716 798 2842 854 dum
2863 794 3050 855 Roma:
3073 807 3284 865 essent,
3311 799 3575 856 assiduam
3602 799 3733 856 mihi

2154 894 2451 964 prmstitere
2480 906 2718 965 Operam.
3430 878 3446 896 ’

2225 984 2484 1055 Quodque
2518 1001 2737 1054 prorsus
2774 1002 2971 1041 novum
3010 986 3385 1057 inSolitumque
3413 995 3495 1042 est
3529 984 3615 1055 (Τ.
3646 990 3734 1043 1-2.

2159 1092 2208 1132 c.
2242 1074 2369 1130 469.
2387 1084 2434 1131 et
2463 1076 2590 1149 sq.),
2621 1086 2779 1147 atque
2805 1078 3042 1133 utilitatis
3069 1078 3292 1132 multum
3320 1077 3505 1144 affert,
3529 1077 3612 1133 hm
3640 1078 3737 1134 ho-

2156 1166 2320 1222 miiite
2343 1166 2623 1237 descripta:
2652 1169 2798 1223 fuere
2822 1184 2853 1222 a
2880 1168 3109 1239 quodam
3133 1169 3223 1238 qui
3248 1167 3303 1225 S.
3328 1168 3562 1224 doctoris
3587 1168 3739 1225 lateri

2156 1257 2381 1315 hmsisse
2407 1257 2650 1328 videtur,
2693 1261 2888 1331 quique
2934 1261 2987 1315 in
3034 1259 3373 1315 homiliarum
3418 1260 3583 1316 titulis
3622 1260 3737 1316 loca

2157 1351 2326 1407 refert
2365 1352 2455 1408 ubi
2493 1355 2778 1409 conciones
2826 1354 3018 1408 habita:
3061 1362 3216 1417 sunt,
3258 1363 3312 1409 et
3340 1369 3482 1423 saepe
3523 1368 3739 1409 cau~am

2159 1458 2257 1498 cur
2281 1445 2629 1499 concionatus
2650 1443 2720 1499 sit
2747 1443 2977 1509 indicat,
3010 1457 3073 1499 ac
3111 1460 3215 1499 non
3260 1458 3421 1515 pauca
3464 1445 3738 1516 praeclara,

2160 1534 2229 1589 ad
2259 1535 2534 1590 historiam
2564 1535 2705 1591 illius
2740 1535 2865 1591 anni
2905 1537 3224 1608 pertinentia
3247 1580 3261 1602 ,
3287 1534 3740 1592 admiseet.'Cer-

2164 1626 2533 1697 tissimumque
2565 1637 2646 1683 est
2691 1627 2811 1683 illas
2832 1626 3295 1697 Constantinopoli
3335 1626 3541 1682 habitas
3582 1625 3745 1681 fuisse

2162 1717 2318 1771 annis
2356 1716 2463 1774 398
2491 1728 2544 1772 et
2582 1716 2707 1775 599.
2748 1719 2829 1773 An
2862 1734 2988 1773 vero
3030 1720 3370 1774 continenter
3407 1728 3460 1773 et
3506 1718 3596 1773 illo
3637 1732 3746 1788 quo

2164 1811 2321 1867 dieue
2347 1811 2495 1869 fuere
2519 1811 2706 1868 ordine
2730 1812 2818 1867 hic
2845 1811 3164 1876 referantur,
3184 1812 3254 1868 de
3282 1812 3462 1867 multis
3488 1811 3745 1882 liquidum

2165 1912 2269 1964 est.
2296 1901 2363 1956 de
2390 1903 2639 1958 omnibus
2664 1902 2931 1958 afﬁrmare
2954 1920 3060 1958 non
3090 1904 3258 1958 ausim
3284 1919 3299 1968 ;
3329 1904 3437 1958 imo
3460 1903 3750 1959 verisimile

2167 2002 2251 2050 est
2274 1993 2430 2059 alias,
2458 2009 2576 2064 qua:
2599 1992 2708 2062 jam
2732 2009 2841 2049 non
2871 2005 3098 2060 exstant,
3134 1995 3438 2064 interjectas
3464 1993 3644 2050 fuisse.

2238 2084 2413 2140 Prima
2454 2101 2582 2140 vero
2626 2084 2763 2140 dicta
2804 2085 2902 2140 fuit
2940 2101 3061 2141 cum
3103 2086 3340 2141 nondum
3381 2086 3592 2156 triginta
3633 2084 3750 2140 dies

2167 2175 2523 2244 eﬂluxissent,
2568 2178 2636 2233 ab
2678 2177 2875 2249 ingenti
2925 2177 3016 2233 illo
3053 2187 3207 2234 terrae
3240 2188 3407 2244 motu,
3449 2180 3539 2249 qui
3583 2187 3748 2234 tetam

2168 2269 2356 2326 urbem
2383 2269 2864 2341 Cimstantinopolin
2879 2274 3544 2341 concusserat(a).Certum
3571 2282 3750 2329 autem

2170 2379 2292 2421 esse
2318 2365 2527 2420 videtur
2556 2373 2715 2420 terra:
2756 2374 2956 2420 motum
3001 2365 3148 2419 illum
3192 2380 3260 2420 ex
3303 2382 3525 2421 numero
3565 2382 3751 2421 eortina

2172 2456 2376 2524 fuisse,
2430 2466 2567 2528 quos
2618 2456 2936 2512 Claudianus
2991 2456 3448 2528 Constantinopoli
3493 2457 3755 2513 accidisse

2174 2557 2439 2605 memorat
2480 2557 2605 2604 ante
2640 2546 2987 2605 Consulatum
3031 2550 3307 2621 EutrOpii,
3346 2565 3485 2605 anno
3508 2550 3759 2605 videlicet

2175 2640 2302 2698 398.
2329 2641 2528 2698 Omnes
2556 2642 2751 2713 quippe
2779 2642 3025 2696 homilias
3067 2643 3194 2697 istas
3224 2643 3306 2697 vel
3336 2652 3458 2698 ante
3493 2642 3758 2698 Consula-

2177 2743 2287 2791 tum
2312 2736 2573 2805 Eutropii,
2600 2736 2686 2803 qui
2713 2736 2871 2805 cmpit
2899 2735 3048 2790 initio
3070 2737 3195 2789 anni
3222 2735 3346 2801 599,
3371 2736 3452 2790 vel
3480 2736 3594 2805 ipso
3614 2735 3759 2789 Con-

2175 2830 2315 2895 sule,
2360 2829 2454 2883 sed
2495 2839 2619 2883 ante
2663 2827 2837 2897 fugam
2882 2827 3190 2896 aedemque
3228 2827 3377 2898 ejus,
3418 2843 3537 2898 qme
3574 2841 3763 2883 mense

2177 2921 2391 2977 circiter
2418 2921 2636 2990 Augusti
2671 2921 2794 2973 anni
2830 2919 2934 2975 599
2963 2919 3176 2985 accidit,
3211 2917 3417 2974 habitas
3449 2917 3612 2973 fuisse
3635 2933 3763 2974 cer-

2179 3024 2289 3069 tum
2316 3023 2416 3069 est.

2248 3102 2434 3159 Concia
2461 3112 2734 3174 pontem:
2758 3112 2965 3156 motum.
2983 3101 3245 3157 —Prima
3276 3102 3609 3172 pronuntiata
3642 3100 3760 3163 fuit,

2180 3205 2239 3251 ut
2255 3194 2414 3251 modo
2435 3194 2761 3257 dicebamus,
2782 3204 2900 3265 post
2915 3195 3177 3264 ingentem
3203 3194 3344 3249 illum
3365 3203 3518 3249 terra:
3537 3203 3760 3256 motum,

2179 3301 2300 3341 cum
2334 3285 2564 3339 nondum
2594 3284 2805 3355 triginta
2835 3284 2952 3339 dies
2976 3284 3306 3340 efliuxissent
3334 3285 3401 3339 ab
3423 3285 3513 3339 illo
3533 3284 3637 3349 die,
3657 3299 3765 3354 quo

2183 3375 2311 3429 urbs
2342 3385 2448 3428 tota
2475 3374 2819 3430 vehementer
2843 3389 3102 3429 concussa
3129 3389 3159 3429 a
3193 3382 3347 3429 terrm
3376 3383 3519 3428 motu
3551 3372 3762 3431 fuerat:

2183 3465 2502 3535 videturque
2539 3464 2718 3520 habita
2761 3465 2925 3521 fuisse
2953 3481 3095 3520 anno
3136 3475 3379 3521 vertente
3410 3465 3584 3521 598‘in
3617 3480 3763 3519 mar-

2185 3559 2323 3627 tyrio
2357 3559 2471 3613 sive
2512 3558 2736 3613 ecclesia
2787 3566 3123 3630 martyrum,
3173 3573 3294 3627 qua;
3340 3565 3457 3612 erat
3498 3556 3551 3611 in
3582 3555 3762 3610 \‘cteri

2186 3648 2364 3715 Petra,
2396 3658 2453 3703 nt
2483 3650 2649 3704 fertur
2673 3648 2726 3703 in
2758 3648 2934 3703 titulo.
2978 3644 3154 3719 Iluju!
3184 3650 3428 3721 martyrii
3475 3657 3531 3703 et
3561 3648 3768 3703 Veteris

2186 3741 2356 3795 Petrae
2414 3739 2614 3794 nullam
2658 3739 2831 3794 adhuc
2871 3742 3198 3794 mentionem
3245 3739 3420 3794 inveni
3462 3738 3598 3808 apud
3635 3738 3769 3793 scri-

2188 3843 2365 3903 ptores
2392 3846 2572 3887 rerum
2595 3832 3296 3901 Constantinopolitanarum
3333 3847 3346 3884 :
3376 3846 3549 3901 neque
3575 3830 3768 3884 mirum

2188 3925 2313 3980 illud
2344 3934 2463 3990 est;
2505 3924 2670 3980 nmlta
2699 3923 2840 3979 enim
2870 3924 2970 3978 alia
3014 3924 3420 3994 praetermisisse
3464 3923 3583 3978 illos
3624 3937 3770 3978 enm-

2191 4019 2322 4087 peri.
2354 4014 2410 4072 1n
2432 4016 2661 4071 exordio
2689 4026 2866 4070 autem
2898 4016 3165 4070 invehitur
3194 4015 3249 4069 in
3286 4015 3406 4069 illos
3431 4015 3522 4084 qui
3549 4013 3617 4068 ob
3647 4014 3762 4083 plu-

2189 4109 2327 4163 viam
2360 4118 2412 4163 ct
2453 4108 2618 4163 lutum
2668 4109 2719 4161 in
2750 4108 3030 4163 ecclesiam
3077 4123 3186 4161 non
3230 4119 3621 4171 convenerant,
3646 4109 3769 4176 quia

2190 4215 2382 4269 nempe
2409 4200 2476 4255 de
2502 4215 2561 4254 re
2589 4200 2732 4269 gravi
2775 4208 2830 4254 et
2858 4199 2921 4251 ad
2952 4198 3147 4253 multos
3174 4198 3473 4253 absentium
3494 4206 3770 4268 spectante

2190 4290 2449 4361 agendum
2495 4290 2594 4344 sibi
2641 4300 2777 4345 erat.
2824 4289 2957 4344 Cum
3008 4289 3149 4343 enim
3196 4299 3319 4344 ante
3346 4289 3561 4358 triginta
3601 4288 3773 4343 ferme

2189 4383 2305 4438 dies
2340 4383 2469 4438 urbs
2496 4393 2604 4437 tota
2634 4382 2835 4453 ingenti
2884 4391 3045 4437 terra:
3071 4393 3234 4456 .motu
3261 4392 3590 4453 quateretur,
3618 4381 3773 4436 multi

2191 4471 2477 4529 formidine
2505 4474 2757 4543 correpti,
2783 4473 3033 4528 domibus
3057 4514 3070 4539 ,
3095 4474 3239 4544 agris
3263 4514 3277 4538 ,
3303 4474 3582 4543 mancipiis
3602 4514 3616 4539 ,
3642 4489 3776 4529 auro

2189 4574 2244 4620 et
2290 4573 2512 4637 argento
2560 4564 2801 4631 relictis,
2849 4565 3033 4635 procul
3068 4575 3124 4620 et
3182 4565 3235 4618 in
3287 4563 3445 4618 aliam
3494 4565 3769 4634 regimiem

2191 4655 2527 4729 aufugerunt.
2565 4654 2715 4712 Tunc
2741 4671 2868 4711 vero
2900 4655 3115 4726 plurimi
3141 4671 3206 4710 ex
3248 4656 3313 4709 iis
3341 4655 3430 4726 qui
3457 4655 3600 4709 domi
3625 4670 3777 4709 manv

2192 4758 2376 4807 serant
2413 4749 2465 4804 in
2515 4746 2860 4820 fugitivorum
2902 4749 3039 4804 bona
3073 4748 3371 4803 involarant
3396 4790 3410 4812 ,
3441 4763 3577 4819 quos
3621 4763 3774 4802 acer-

2193 4845 2361 4911 rime,
2391 4853 2446 4899 et
2468 4843 2589 4915 jure
2615 4842 2830 4916 quidem
2849 4886 2865 4910 ,
2913 4845 3206 4898 insectatur
3233 4842 3651 4913 Chrysostomus
3673 4880 3689 4905 ,
3721 4852 3777 4896 et

2195 4934 2247 4989 in
2278 4943 2477 4989 tantam
2508 4943 2615 4989 tam
2654 4933 2936 4989 absurdam
2967 4934 3139 4989 aliena
3185 4931 3466 4989 invadendi
3508 4933 3774 5003 cupidita-

2196 5036 2327 5092 tem,
2369 5026 2624 5099 quidquid
2653 5026 2959 5082 exulcerato
2988 5025 3167 5079 animo
3192 5038 3313 5079 sese
3340 5023 3531 5079 obtulit
3556 5040 3620 5078 ex
3647 5034 3776 5078 tem-

2200 5136 2331 5189 pore
2379 5120 2430 5175 in
2464 5134 2685 5191 rapaces
2731 5119 2973 5174 homines
3002 5115 3236 5188 profudit
3274 5132 3290 5183 ;
3332 5116 3569 5173 abscisso
3596 5124 3776 5171 autent

2198 5212 2342 5276 folio,
2373 5211 2613 5282 qntedam
2661 5225 2725 5265 ex
2759 5208 2912 5279 hujus
2935 5209 3208 5265 concionis
3237 5207 3413 5263 medio
3437 5207 3771 5263 exciderunt.

2196 5302 2405 5359 Claudit
2430 5310 2607 5357 autem
2640 5300 2909 5356 homiliam
2938 5290 3162 5366 dicens,
3194 5307 3678 5370 quantumcumque
3706 5298 3778 5353 sit

2198 5404 2494 5466 peccatum,
2525 5392 2569 5449 si
2601 5391 2914 5465 poenitentia
2959 5393 3088 5446 moti
3116 5391 3172 5457 ii,
3201 5392 3289 5461 qui
3316 5390 3437 5445 talia
3470 5389 3585 5444 ausi
3614 5400 3739 5444 sunt
3759 5428 3778 5457 .

2198 5486 2262 5541 ad
2294 5484 2547 5541 Ecclesia:
2576 5482 2855 5555 przefectos
2877 5482 3150 5551 accedant,
3174 5482 3403 5552 benigne
3421 5479 3780 5536 admittendos

2199 5588 2252 5632 et
2281 5578 2494 5631 veniam
2517 5583 2831 5645 accepturos
2856 5588 2996 5629 esse.

2268 5666 2538 5723 Celebritas
2564 5684 2749 5741 magna
2774 5668 2829 5720 in
2856 5666 3181 5722 translatione
3208 5663 3778 5737 Reliquimm.-—Jam

2198 5767 2265 5825 ad
2298 5767 2656 5824 celebritatem
2682 5780 2986 5833 evocamur,
3007 5768 3243 5824 omnium
3273 5766 3497 5823 fortasse
3515 5780 3635 5836 quae.
3657 5781 3779 5820 um-

2201 5874 2357 5929 quam
2408 5857 2867 5929 Constantinopoli
2909 5857 3055 5915 fuere
3095 5861 3379 5915 maximam
3408 5900 3424 5923 ,
3456 5871 3618 5928 quam
3662 5865 3778 5912 tum

585 5966 680 6025 La)“
696 5959 799 6025 ἔρῃ
821 5961 935 6025 post
957 5962 1103 6002 terra:
1124 5960 1328 6012 motum,
1347 5952 1436 6001 sed
1457 5959 1569 6013 post
1597 5954 1845 6016 dejectum
1882 5956 2174 6019 Eutropium
2206 5958 2569 6019 pronuntiatam
2596 5956 2750 6008 fuisse
2775 5958 2901 6008 hanc
2929 5958 3179 6009 homiliam
3199 5956 3330 6008 bene
3353 5954 3529 6021 probat
3551 5954 3757 6015 Stlltinz

518 6030 569 6066 n.
589 6016 833 6075 696-693,
846 6016 978 6065 Εῡιτ.
