4122 6386
305 406 408 463 169

303 519 488 575 titulus
517 519 789 575 concionis
813 563 827 588 ,
861 532 972 576 tum
1016 523 1202 578 concio
1244 524 1356 594 ipsa
1402 524 1555 581 nobis
1584 527 1886 583 minutatim

301 613 627 669 descrlbunt.
671 613 794 669 Hcce
818 630 977 684 porro
1006 618 1186 686 paucis
1210 628 1331 690 post
1355 619 1586 673 habitam
1617 619 1887 676 homiliam

299 704 690 774 praecedentem
745 706 932 762 diebus
983 715 1100 761 acta
1154 719 1298 765 sunt.
1341 710 1598 765 Nimirum
1649 712 1887 768 Eudoxia

298 793 639 866 lmperatrix,
672 797 760 868 pio
792 807 1029 867 permota
1059 801 1234 854 studio
1256 844 1269 863 ,
1300 803 1552 872 reliquias
1579 813 1885 858 sanctorum

295 898 594 962 martyrum
625 891 902 962 quasdam,
940 910 1163 961 quorum
1197 910 1322 949 vero
1371 905 1662 968 nntrtyrum
1708 907 1889 952 essent

291 998 398 1037 non
451 982 742 1050 indicatur,
779 985 1067 1042 transferre
1119 987 1282 1048 voluit
1326 1004 1356 1042 a
1388 987 1573 1058 Magna
1618 990 1840 1045 ecclesia
1867 1033 1880 1055 ,

291 1093 411 1146 qua:
445 1076 914 1147 ConstantinOpoli
941 1089 1076 1144 erat,
1111 1081 1177 1134 ad
1225 1081 1534 1152 martyrium
1567 1083 1678 1137 sive
1708 1084 1884 1138 eccle-

293 1167 424 1221 siam
461 1167 518 1222 S.
550 1168 790 1235 'l‘homte,
833 1186 950 1240 qua:
981 1186 1169 1224 novem
1199 1171 1383 1241 signis,
1417 1187 1510 1227 seu
1549 1174 1881 1242 milliaribus,

290 1259 359 1314 ab
389 1260 518 1314 urbe
542 1259 788 1326 distabat,
817 1273 870 1314 et
901 1261 964 1315 ad
997 1278 1143 1316 oram
1185 1263 1349 1317 maris
1375 1263 1472 1318 sita
1495 1273 1630 1320 erat.
1651 1263 1759 1318 Cur
1786 1281 1884 1319 au-

294 1360 398 1406 tem
435 1363 590 1408 noctu
621 1355 778 1410 talem
811 1355 923 1409 fieri
955 1355 1354 1409 translationem
1399 1357 1659 1423 voluerit,
1691 1357 1884 1412 frustra

291 1459 545 1515 qua‘ras:
589 1456 703 1502 utut
744 1462 830 1502 res
857 1457 958 1515 est,
1014 1449 1091 1503 sic
1135 1448 1221 1502 illa
1273 1449 1530 1506 solemnis
1580 1452 1884 1521 exportatio

292 1537 425 1592 facta
452 1536 569 1592 fuit.

364 1630 536 1685 Media
579 1641 734 1686 nocte
760 1631 1017 1702 Reliquiae.
1040 1632 1141 1686 illa:
1167 1642 1480 1707 martyrum,
1504 1634 1554 1688 in
1585 1634 1736 1690 theca
1766 1633 1884 1690 velo

291 1731 476 1792 operta
511 1724 718 1792 posita‘,
752 1739 813 1777 ex
843 1724 1026 1792 Magna
1057 1725 1282 1780 ecclesia
1304 1767 1318 1790 ,
1351 1741 1469 1795 qua:
1510 1727 1560 1779 in
1588 1727 1717 1781 urbe
1741 1725 1884 1780 Cou—

292 1816 634 1886 stantinopoli
658 1827 790 1881 erat,
812 1819 1480 1884 exportantur,comitante
1511 1819 1708 1888 ingenti
1737 1820 1881 1874 mul-

293 1906 516 1961 titudine
539 1950 554 1972 ,
591 1924 747 1976 quam
781 1907 849 1962 ita
878 1909 1128 1964 describit
1157 1912 1268 1979 ipse
1297 1909 1712 1981 Chrysostomns
1735 1953 1750 1974 ,
1791 1913 1878 1982 qui

288 2014 409 2052 cum
455 1998 693 2054 Eudoxio
734 1999 1074 2069 Itnperatrice
1121 2010 1280 2055 tanta:
1327 2002 1658 2056 celebritatis
1697 2014 1882 2057 auctor

289 2099 423 2143 erat.
461 2089 560 2143 llic
604 2091 771 2144 videre
815 2099 920 2144 erat
975 2093 1336 2145 monachorum
1390 2103 1579 2154 coetus,
1631 2095 1880 2165 virginum

287 2181 488 2245 choros,
512 2183 830 2236 sacerdotum
859 2183 1081 2249 ordines,
1114 2185 1436 2237 stvcularium
1481 2186 1703 2238 virorum
1745 2187 1878 2239 mul-

289 2273 552 2328 titudinem
575 2315 590 2340 ,
619 2291 894 2339 servorum,
922 2275 1212 2338 liberorum,
1233 2276 1412 2330 civium
1435 2318 1450 2340 ,
1477 2278 1878 2348 peregrinorum,

286 2365 572 2434 principum
605 2374 652 2419 et
695 2367 1009 2420 subditorum
1034 2408 1052 2434 ,
1078 2383 1190 2420 cum
1219 2369 1404 2437 gaudio
1425 2370 1475 2422 in
1526 2371 1616 2422 tali
1641 2370 1880 2422 comitatu

287 2457 686 2525 properantium.
708 2457 944 2512 Mulieres
968 2459 1020 2511 in
1043 2458 1279 2513 thalamis
1305 2463 1492 2515 versari
1514 2462 1676 2516 solita:
1697 2471 1739 2514 et
1761 2479 1877 2515 cera

288 2550 577 2614 molliores,
606 2550 790 2604 relictis
838 2552 1033 2606 aedibus
1080 2569 1195 2606 cum
1255 2553 1612 2608 robustissimis
1657 2556 1876 2609 virorum

284 2640 547 2694 alacritate
573 2641 849 2710 certabant,
881 2660 995 2697 cum
1047 2655 1241 2698 tantum
1279 2646 1472 2701 itineris
1495 2658 1643 2702 noctu
1668 2649 1879 2717 per/ice-

261 2743 394 2786 rent
420 2748 440 2787 :
460 2751 560 2787 non
577 2736 786 2805 juvenes
818 2738 966 2791 modo
984 2779 998 2800 ,
1029 2740 1117 2792 sed
1147 2741 1299 2793 etiam
1338 2757 1465 2794 anus
1492 2757 1549 2795 eo
1569 2744 1836 2813 pergebant
1859 2784 1874 2807 ,

287 2841 444 2894 neque
472 2837 666 2881 naturce
692 2828 963 2897 inﬁrmitas
981 2871 994 2894 ,
1028 2847 1185 2900 neque
1208 2831 1508 2886 celebritatis
1538 2852 1743 2904 pompa,
1789 2852 1877 2889 ne-

286 2933 384 2985 que
409 2918 572 2973 solita:
599 2921 712 2973 vita:
752 2919 988 2975 mollities
1017 2922 1373 2994 impedimento
1421 2930 1578 2996 fuere.
1615 2926 1877 2996 Principes

284 3025 460 3062 rursus
497 3020 543 3063 et
590 3011 914 3081 magistratus
941 3056 956 3078 ,
1002 3015 1188 3068 relictis
1239 3017 1466 3070 curribtts
1487 3059 1501 3083 ,
1532 3016 1790 3072 lictoribus
1821 3029 1866 3072 et

286 3102 604 3168 satellitibus,
640 3104 768 3173 plebi
791 3121 898 3158 sese
927 3105 1261 3161 admiscuere.

360 3191 557 3264 Ecquid
605 3195 839 3249 mulieres
887 3197 1236 3272 principesque
1283 3215 1644 3263 memoremus,
1672 3201 1876 3266 quando

287 3288 398 3352 ipsa
430 3286 674 3342 Eudoxio
696 3287 777 3341 Im
787 3291 1031 3358 peratrix,
1050 3307 1161 3359 qua:
1185 3292 1415 3345 diadema
1435 3293 1653 3362 gestabat
1680 3305 1725 3347 et
1755 3312 1880 3364 pur-

287 3397 416 3450 pura
448 3380 766 3445 induebatur,
790 3399 877 3451 per
917 3391 1073 3436 totout
1105 3384 1234 3438 viain
1278 3401 1340 3438 ne
1378 3387 1628 3440 tantillum
1676 3389 1875 3459 quidem

287 3489 319 3524 a
345 3473 548 3540 reliquis
594 3475 820 3544 separari
864 3475 1065 3539 voluit;
1114 3477 1203 3528 sed
1229 3477 1431 3532 ancillce
1474 3480 1634 3533 instar
1661 3522 1674 3544 ,
1711 3482 1876 3550 inquit

285 3564 696 3635 Chrysostotnus
729 3611 744 3634 ,
794 3577 993 3620 sanctos
1034 3567 1359 3634 sequebatur,
1396 3573 1589 3624 thecam
1633 3583 1678 3626 ct
1713 3574 1874 3626 velum

286 3657 658 3725 superpositum
685 3667 914 3728 tangens,
933 3659 1308 3729 humanumque
1334 3665 1521 3732 fastum
1544 3681 1739 3718 onmem
1764 3665 1875 3720 cal-

287 3765 428 3813 cans,
457 3752 682 3819 atquein
716 3752 842 3804 tanti
879 3753 1059 3806 theatri
1103 3756 1268 3809 medio
1291 3797 1306 3821 ,
1338 3773 1369 3808 α
1398 3757 1586 3828 populo
1619 3759 1877 3812 ridebatur

286 3839 398 3901 illa,
427 3856 578 3906 quant
610 3857 672 3893 ne
709 3846 948 3897 eunuchis
991 3845 1192 3914 quidem
1218 3846 1467 3913 erunibus,
1501 3848 1586 3917 qui
1613 3850 1665 3902 in
1698 3847 1873 3920 lmpe-

285 3931 478 3984 ratoria
507 3932 716 3985 aluntur
766 3932 887 3986 aula
915 3976 926 3996 ,
957 3942 1244 4003 conspicere
1279 3937 1413 3991 licet.
1463 3938 1569 3993 Sed
1598 3955 1876 4012 martyrum

289 4039 433 4074 autor
463 4032 509 4076 et
537 4025 761 4078 caritatis
786 4026 996 4094 ﬂamma
1022 4028 1119 4097 ipsi
1143 4041 1196 4082 ut
1218 4029 1382 4084 larvas
1415 4031 1531 4084 illas
1552 4049 1721 4085 omnes
1748 4035 1876 4106 abji-

290 4124 424 4168 ceret
481 4119 664 4168 suasit.
724 4116 893 4185 Prope
954 4117 1249 4174 Eudoxiam
1299 4123 1578 4177 incedebat
1635 4125 1868 4181 Joannes

289 4206 700 4278 CllryStISlOllillS
731 4211 946 4278 pnesul.
994 4208 1082 4264 Sic
1137 4222 1312 4266 tantus
1359 4213 1448 4268 ille
1491 4227 1680 4277 emtas,
1724 4219 1873 4272 thch

287 4299 381 4354 SS.
414 4311 706 4371 martyrum
760 4310 1034 4370 pra'eunte
1064 4345 1077 4366 ,
1110 4319 1203 4372 per
1243 4305 1473 4359 medium
1523 4310 1762 4362 transivit
1793 4311 1873 4364 lo-

287 4407 427 4457 rum,
456 4403 506 4446 et
535 4410 596 4446 ex
629 4394 798 4464 portis
833 4397 975 4448 urbis
1003 4411 1250 4465 egressus
1278 4399 1341 4452 ad
1374 4400 1650 4471 Drypiam,
1677 4403 1751 4455 sic
1789 4403 1874 4456 di-

288 4495 429 4538 ctum
461 4486 653 4552 locum,
675 4486 773 4541 iter
792 4487 1036 4554 instituit,
1065 4489 1113 4541 in
1139 4492 1446 4562 martyrium
1474 4507 1566 4546 seu
1598 4494 1874 4549 ecclesiam

289 4582 456 4634 sancti
478 4581 720 4647 Thema),
751 4597 940 4635 novem
963 4583 1146 4652 signis,
1170 4584 1282 4638 sive
1309 4585 1726 4654 milliari‘bas,ab
1745 4588 1874 4644 urbe

290 4667 594 4725 distantem.

366 4763 487 4818 Pari
537 4774 713 4820 autem
765 4765 1036 4822 alacritate
1075 4769 1139 4822 ad
1173 4784 1320 4822 oram
1362 4770 1524 4824 maris
1555 4781 1871 4841 pergentes;

292 4854 486 4928 Drypia
516 4857 657 4910 enim
687 4856 751 4909 ad
784 4858 930 4910 littus
953 4867 1102 4922 erat;
1132 4857 1333 4912 facibus
1355 4868 1408 4912 et
1434 4859 1762 4929 lampadibus
1791 4862 1874 4916 in-

290 4948 475 5002 structi
505 4964 711 5012 onmes,
739 4948 907 5019 ipsum
939 4964 1084 5003 mare
1117 4950 1401 5020 splendore
1429 4952 1726 5021 replebant.
1757 4951 1873 5008 Ne-

289 5057 384 5103 que
422 5042 726 5095 aberraveri;
753 5083 766 5107 ,
799 5042 967 5111 inquit
1009 5040 1422 5113 Chrysostomus
1445 5087 1459 5110 ,
1504 5045 1590 5115 qui
1616 5046 1708 5099 hoc
1737 5064 1876 5102 mare

295 5133 498 5203 furium
528 5135 657 5203 ignis
678 5135 956 5197 vocaverit;
982 5135 1053 5186 ita
1076 5151 1254 5206 nempe
1273 5135 1555 5205 lampades,
1587 5154 1699 5206 quae
1724 5147 1874 5191 noctu

294 5225 574 5296 frequentes
621 5242 679 5278 ac
709 5227 960 5278 continua:
1008 5226 1076 5278 ad
1105 5241 1261 5295 usque
1290 5228 1587 5297 martyrium
1617 5229 1709 5281 hoc
1739 5231 1872 5300 [ere-

292 5320 493 5383 tmntur,
511 5319 649 5389 ﬂuvii
671 5320 801 5390 ignei
825 5319 1093 5388 imaginem
1119 5319 1396 5372 videntibus
1422 5320 1736 5374 exhibebant.
1765 5321 1873 5375 Eu-

289 5407 450 5464 doxia
481 5426 606 5463 vero
631 5425 748 5463 eum
782 5409 982 5463 honore
1012 5424 1205 5475 magno
1237 5450 1252 5473 ,
1281 5409 1456 5464 studio
1493 5419 1650 5478 atque
1677 5412 1872 5481 pietate

291 5513 554 5574 martyres
583 5502 828 5556 comitata
856 5511 956 5564 est,
996 5500 1134 5568 plebi
1168 5502 1492 5568 intermixta,
1518 5519 1637 5556 enm
1665 5504 1870 5558 Satelli-

293 5594 422 5648 tium
455 5609 616 5647 omne
643 5595 950 5655 amovisset,
978 5603 1030 5646 et
1077 5592 1214 5647 ferre
1243 5609 1456 5648 omnem
1486 5595 1605 5647 vita!
1651 5606 1704 5649 et
1740 5611 1870 5650 con-

289 5681 508 5738 ditionis
541 5683 949 5752 inaequalitatem
980 5684 1282 5751 ahjeeisset.
1339 5685 1468 5753 Ejus
1505 5686 1866 5742 assiduitatem

291 5775 622 5830 mirabantur
647 5785 700 5830 et
729 5774 987 5829 diviteset
1013 5791 1294 5845 pauperes,
1319 5777 1719 5835 videntesiliam
1750 5781 1866 5836 sine

291 5868 685 5926 intermissione
713 5883 806 5940 per
839 5877 1039 5924 tantum
1069 5870 1165 5925 vis:
1193 5873 1420 5942 spatium
1450 5872 1662 5930 ossibus
1690 5872 1860 5930 inhte~

1473 412 1654 470 NUNC
1693 413 1957 472 PRIMUM
1994 417 2367 476 ADORNATA
2380 459 2394 476 .

3480 431 3580 488 ΠΟ

2002 541 2204 586 rentem
2228 573 2245 600 ,
2273 548 2373 588 nec
2402 549 2649 604 umquam
2678 535 2947 594 defessam
2978 539 3062 596 vel
3105 541 3454 616 resilientem,
3485 553 3578 604 sed

1998 638 2135 678 arca:
2177 641 2390 697 semper
2415 629 2734 686 adstantem.

2067 715 2251 786 Pepuli
2279 734 2408 774 vero
2451 735 2742 776 concursus
2773 733 2949 778 tantus
2979 725 3077 780 fuit
3120 742 3334 798 semper
3357 731 3425 787 ab
3450 733 3583 791 urbe

1995 808 2060 862 ad
2105 809 2354 882 Drypiam
2399 828 2570 882 usque
2599 856 2613 878 ,
2644 824 2701 870 ut
2728 830 2847 870 eum
2889 816 3119 872 ﬂtiiniuis
3167 821 3323 876 undis
3365 824 3581 878 assidue

1993 901 2331 956 manantibus
2361 905 2532 972 ipsum
2555 917 2830 974 comparet
2864 906 3294 979 Chrysostomus.
3334 913 3446 968 Etsi
3477 931 3577 968 au-

1993 1003 2100 1048 tem
2134 994 2308 1051 media
2339 1007 2496 1051 nocte
2540 998 2798 1064 Reliquia:
2827 1017 2944 1053 cum
2993 1013 3133 1056 etetn
3181 1012 3290 1058 toto
3325 1005 3579 1073 profecm

1993 1083 2236 1150 fuerant,
2269 1087 2480 1141 nonnisi
2536 1083 2883 1142 illucescente
2934 1090 3020 1147 die
3067 1093 3134 1146 ad
3167 1094 3412 1166 Drypiam
3460 1113 3555 1165 per

1993 1187 2210 1230 ventum
2239 1186 2362 1242 est;
2393 1187 2501 1231 tum
2533 1180 2652 1246 quia
2679 1180 2888 1236 nonnisi
2932 1182 3226 1238 lentissimo
3253 1187 3417 1254 gradu
3451 1204 3573 1258 per-

1991 1283 2117 1336 gere
2146 1279 2389 1338 poterant
2416 1271 2504 1339 qui
2536 1271 2742 1334 thecam
2765 1281 2820 1327 ct
2861 1273 3128 1344 Reliquias
3145 1279 3440 1346 gestabant,
3465 1290 3575 1336 tum

1992 1359 2114 1428 quia
2143 1359 2433 1415 identidem
2459 1361 2683 1431 gradum
2711 1363 2903 1419 sistere
2929 1377 3181 1422 oneratos
3207 1383 3272 1424 ac
3299 1371 3577 1439 quiescens

1991 1464 2128 1519 opus
2152 1459 2290 1507 erat.

2064 1541 2192 1596 Post
2212 1543 2496 1599 adventum
2520 1561 2582 1601 ac
2603 1547 2992 1618 depositionem
3022 1552 3378 1624 Reliquiarum
3412 1557 3462 1612 in
3486 1573 3574 1612 cce

1990 1631 2152 1687 clesia
2177 1629 2594 1690 SanctiThomte
2621 1640 2672 1693 in
2698 1641 2885 1712 Drypia
2904 1645 3259 1746 ,smtcimtent
3289 1657 3562 1716 extempo-

1990 1723 2149 1746 καιΙ--,-
2187 1725 2362 1746 I-_.I_-,'.
2393 1727 2449 1746 ni
2634 1741 2643 1746 -
2953 1735 2962 1746 ι
3149 1737 3168 1746 Α
3477 1744 3485 1746 μ

1989 1723 2153 1778 ralem
2187 1725 2369 1781 habuit
2392 1727 2806 1801 Chrysostomns
2831 1723 3022 1804 gaudio
3050 1737 3291 1807 perfusus
3310 1752 3361 1795 et
3381 1759 3443 1797 ex
3476 1744 3574 1798 hu,

1984 1815 2217 1885 jusmodi
2247 1823 2552 1888 spectaculo
2580 1827 2854 1882 attunilus.
2895 1830 3154 1898 Quoniam
3186 1849 3313 1887 vero
3339 1833 3425 1890 hic
3449 1853 3577 1890 eon-

1988 1908 2235 1964 ciouandi
2281 1913 2470 1968 modus
2527 1915 2682 1986 longe
2708 1918 2975 1989 discrepat
3018 1938 3046 1974 a
3087 1926 3573 1995 ceteriSotnnilms,

1984 2014 2121 2068 quos
2143 2001 2399 2059 hactenus
2429 2006 2679 2071 vidimus,
2709 2008 2865 2080 hujus
2884 2013 3161 2068 exordium
3197 2015 3282 2071 hic
3303 2033 3574 2086 apponere

1990 2091 2161 2145 visunt
2193 2105 2276 2148 est
2304 2111 2318 2147 :
2355 2095 2492 2160 Quid
2522 2099 2687 2152 dicam
2716 2111 2760 2154 et
2786 2104 2910 2173 quid
2933 2104 3113 2169 loquar
3141 2107 3170 2161 ?
3191 2109 3385 2163 cxsulto
3413 2123 3459 2164 et
3489 2113 3572 2165 in-

1986 2185 2149 2252 sauio,
2183 2188 2276 2240 sed
2304 2189 2522 2255 insania,
2569 2209 2684 2264 gare
2710 2195 2822 2263 ipsa
2847 2199 3096 2268 sapientia
3123 2201 3302 2256 melior
3325 2214 3417 2257 est.
3469 2203 3574 2259 Vo-

1988 2275 2099 2330 lans
2123 2287 2168 2331 et
2194 2281 2401 2335 choreas
2424 2299 2576 2354 agens
2601 2287 2828 2341 sublimis
2850 2291 2987 2359 feror
3011 2307 3029 2346 :
3057 2291 3222 2347 ebrius
3243 2294 3445 2349 tandem
3462 2315 3574 2352 sum

1985 2383 2048 2419 ea:
2071 2367 2166 2420 hac
2195 2368 2451 2439 voluptate
2485 2374 2763 2442 spirituali.
2794 2378 2930 2444 Quid
2958 2383 3125 2434 dicant
3152 2393 3199 2436 et
3223 2386 3342 2448 quid
3364 2386 3574 2456 loquar?

1985 2471 2331 2531 martyrumue
2355 2466 2627 2519 virtutem?
2651 2487 2716 2522 an
2747 2473 2976 2527 caritatis
2996 2475 3342 2533 alacritatem?
3366 2497 3430 2534 an
3459 2481 3571 2534 Im-

1984 2553 2243 2620 peratricis
2267 2555 2460 2609 zelum?
2486 2574 2553 2610 an
2586 2557 2887 2631 Principum
2914 2580 3214 2621 concursum
3235 2569 3261 2623 Ρ
3285 2589 3351 2624 an
3382 2573 3573 2629 diaboli

1984 2646 2279 2700 insaniam?
2304 2667 2369 2702 au
2401 2651 2687 2707 da’mouum
2718 2655 2956 2724 cladem,
2993 2659 3232 2716 Ecclesia:
3265 2667 3574 2722 nobilitatem

1986 2739 2152 2792 crucis
2182 2742 2410 2793 virtu/rm
2438 2785 2452 2807 ,
2511 2745 2756 2814 Cruci/ixi
2802 2751 3050 2804 miracula
3080 2795 3093 2816 ,
3133 2752 3305 2810 Patris
3333 2761 3569 2825 gloriam,

1985 2827 2212 2897 Spiritus
2256 2835 2516 2903 gratiam,
2551 2838 2729 2906 populi
2775 2840 2927 2894 totius
2972 2843 3312 2913 voluptatem,
3358 2850 3576 2904 civitatis

1982 2923 2381 2980 exsultationes?
2403 2936 2508 2980 etc.
2552 2927 2731 2998 Pexgit
2761 2940 2959 2991 autem.
2992 2932 3059 2986 de
3089 2934 3445 3006 Reliquiarnm
3475 2957 3574 2994 ex-

1985 3015 2284 3080 portatione
2331 3017 2497 3071 multa
2549 3034 2811 3085 narrans,
2842 3023 3132 3077 Eudoxiam
3177 3025 3570 3096 lmperatricem

1985 3104 2230 3160 laudibus
2263 3107 2329 3161 ad
2382 3110 2569 3164 eiciunt
2617 3112 2847 3179 tollens,
2898 3131 3054 3184 quam
3099 3119 3260 3174 etiam
3306 3122 3571 3178 interdum

1985 3205 2303 3269 prresentem
2363 3204 2673 3274 alloquitur.
2725 3203 2938 3261 Claudit
3005 3209 3222 3265 demum
3289 3225 3569 3283 postquam

1984 3290 2223 3356 dixerat,
2253 3290 2630 3361 Imperatorem
2687 3295 2987 3367 insequenti
3035 3299 3123 3354 die
3168 3317 3289 3355 eum
3333 3307 3570 3358 exercitu

1982 3393 2080 3436 Suo
2101 3424 2115 3447 ,
2145 3383 2222 3436 sic
2255 3384 2362 3450 ille,
2395 3394 2679 3439 venturum
2723 3401 2866 3453 esse,
2896 3397 2953 3443 ut
2979 3405 3161 3459 parem
3188 3391 3446 3464 Reliquiis
3475 3395 3572 3449 ho-

1983 3488 2165 3525 norem
2190 3484 2493 3542 priestaret.

2053 3563 2188 3618 Infra
2219 3565 2510 3621 videbimus
2541 3567 2698 3638 hujus
2722 3571 3098 3640 extemporalis
3119 3577 3390 3632 concionis
3419 3596 3574 3635 exor-

1983 3655 2150 3722 dium,
2192 3657 2328 3723 Quid
2358 3659 2523 3712 dicant
2551 3661 2577 3713 ?
2604 3662 2801 3716 exsulto
2824 3674 2869 3718 et
2896 3664 3095 3719 insanio
3116 3709 3130 3730 ,
3161 3668 3300 3724 inter
3319 3673 3572 3729 crimina-

1985 3751 2154 3803 tiones
2179 3749 2229 3802 in
2259 3750 2474 3820 Synodo
2495 3752 2560 3805 ad
2598 3754 2862 3820 Quercum
2906 3767 3090 3812 contra
3123 3761 3564 3834 Chrysostoumm

1982 3842 2206 3906 oblatas,
2231 3852 2435 3896 sextam
2467 3847 2768 3912 numerari,
2795 3848 2846 3902 in
2877 3851 3113 3907 seenndo
3133 3854 3568 3914 eritnimttionutn

1982 3932 2258 3987 latetcnlo.

2054 4023 2182 4077 lla-c
2210 4024 2319 4093 jam
2362 4037 2603 4082 vertente
2645 4045 2784 4082 anno
2816 4031 2920 4085 598
2950 4043 3097 4101 gesta
3133 4045 3186 4088 et
3216 4038 3353 4091 dicta
3405 4041 3567 4098 fuisse

1982 4125 2186 4168 eertum
2216 4116 2442 4182 videtur,
2465 4126 2517 4171 ct
2542 4120 2752 4188 quidem
2787 4137 2969 4177 mense
2990 4125 3206 4180 circiter
3235 4128 3562 4200 Septembri,

1982 4221 2103 4260 eum
2157 4208 2330 4262 adhuc
2367 4213 2647 4266 commode
2702 4225 2918 4280 possent
2964 4229 3259 4289 martyrum
3313 4224 3566 4297 lleliqnia}

1983 4316 2102 4352 cum
2137 4308 2285 4352 tanto
2311 4312 2566 4370 apparatu
2597 4305 2779 4372 procul
2811 4316 2864 4359 et
2894 4320 3050 4363 noctu
3087 4315 3381 4368 transferri.

2054 4391 2343 4463 Imperator
2371 4395 2421 4446 in
2452 4397 2713 4449 ecclesiam
2739 4396 2914 4452 Sancti
2942 4399 3152 4455 Thoan
3181 4420 3294 4456 cum
3321 4409 3562 4465 satellitio

1980 4487 2071 4538 suo
2097 4485 2640 4556 venit.—lusequente
2663 4489 2747 4543 die
2767 4490 2935 4558 (:me
2952 4492 3079 4558 593)
3107 4497 3246 4548 venit
3276 4497 3569 4568 Imperator

1983 4593 2102 4631 cum
2152 4577 2406 4631 satellitio
2431 4587 2605 4632 suaet
2645 4596 2831 4646 magna
2886 4583 3109 4636 militum
3169 4603 3326 4640 manu
3356 4631 3373 4655 ,
3407 4608 3565 4660 quam

1983 4667 2274 4720 exercitum
2308 4678 2462 4722 vocat
2497 4667 2910 4738 Chrysostomus
2941 4690 2956 4725 :
2991 4674 3370 4749 ingressusque
3393 4683 3443 4736 iu
3477 4701 3566 4738 ee-

1983 4761 2199 4813 clesiam
2251 4759 2306 4814 S.
2337 4759 2556 4814 Theium
2586 4764 2806 4830 aposnili
2835 4807 2846 4823 ,
2872 4767 3046 4834 posito
3073 4767 3376 4828 diademate
3417 4774 3568 4831 debi-

1985 4865 2092 4907 tum
2118 4855 2314 4907 cultum
2335 4863 2389 4909 et
2411 4857 2665 4909 honorem
2692 4867 2982 4928 martyrum
3011 4859 3267 4932 [icliquiis
3285 4868 3563 4934 przestitit:

1981 4945 2329 5014 similiterque
2381 4946 2640 5000 satellites
2696 4947 2812 5016 ejus
2859 4965 2924 5004 ac
2985 4953 3181 5006 milites
3229 4996 3245 5020 ,
3307 4956 3564 5028 depositis

1981 5039 2183 5108 clypeis
2226 5049 2279 5094 et
2321 5038 2521 5093 lanceis
2574 5039 2640 5094 ad
2695 5051 2984 5114 martyrum
3041 5046 3245 5102 thecam
3301 5056 3563 5119 precaturi

1981 5141 2342 5186 accesserunt.
2396 5133 2696 5204 Posteaqne
2719 5135 2964 5191 discessit
3007 5156 3126 5193 cum
3169 5145 3423 5200 comitatu
3467 5164 3565 5202 suo

1982 5213 2238 5277 Arcadius
2270 5223 2577 5292 Imperator,
2629 5241 2727 5279 nec
2770 5229 3011 5282 cont-ioni
3043 5249 3162 5286 mox
3198 5235 3454 5292 habenda:
3486 5237 3561 5293 iu-

1981 5315 2160 5368 terfuit
2197 5333 2211 5367 :
2243 5315 2656 5386 Chrysostomus
2705 5334 2832 5371 vero
2880 5320 3152 5378 homiliam
3203 5342 3353 5381 suam
3403 5329 3562 5385 dixit.

1980 5407 2264 5476 Postquam
2309 5407 2521 5462 Arcadii
2564 5419 2617 5462 et
2645 5409 2877 5465 satellitii
2907 5414 3026 5482 ejus
3053 5417 3302 5485 pietatem
3344 5431 3399 5476 et
3427 5439 3566 5477 mar-

1981 5500 2186 5570 lyribus
2214 5501 2505 5567 pra-stitum
2535 5501 2734 5555 cultum
2767 5503 3158 5577 descripserat,
3191 5528 3424 5578 prtesens
3459 5530 3563 5569 sm-

1977 5592 2154 5646 cuhuu
2184 5607 2304 5645 cum
2337 5591 2514 5645 futuro
2551 5597 2913 5663 comparavit,
2944 5597 3048 5653 hoc
3075 5600 3234 5657 breve
3259 5613 3314 5658 et
3339 5604 3562 5662 laborio-

1978 5701 2095 5738 sum
2137 5700 2257 5740 esse
2303 5685 2524 5752 dicens,
2554 5686 2684 5742 illud
2735 5705 2898 5746 suave
2943 5701 2998 5748 et
3045 5693 3330 5764 infinitum,
3364 5699 3416 5753 in
3456 5717 3563 5772 quo

1979 5776 2366 5832 iummrtalibus
2395 5777 2632 5834 fruemur
2656 5782 2887 5837 coronis.
2908 5782 3149 5842 Hominis
3175 5791 3225 5842 in
3244 5800 3381 5846 statu
3411 5794 3548 5850 iuno

1977 5872 2165 5927 centize
2201 5872 2507 5946 dignitatem
2540 5891 2932 5949 repraesentat;
2965 5879 3059 5937 sed
3087 5883 3276 5954 probat
3302 5901 3399 5941 nos
3441 5899 3562 5960 post
