4122 6386
573 405 664 459 171

572 528 844 589 put-catum
879 519 1066 574 Adami
1092 518 1159 574 ad
1194 519 1392 588 ntajora
1423 527 1639 573 vocatos
1670 518 1854 574 fuisse.
1886 518 2146 572 Resurre-

573 612 803 666 (‘liottelll
820 610 1046 665 futuram
1070 612 1121 664 in
1140 612 1303 665 veleri
1323 611 1435 680 lege
1451 611 1677 664 obscure
1694 610 1972 664 indicatam
1988 608 2148 663 fuisse

565 701 730 766 dicit;
759 700 851 755 sed
877 701 985 770 jam
1002 702 1175 755 omnia
1202 703 1352 771 plana
1379 712 1433 756 et
1462 702 1737 770 perspicua
1765 716 1904 769 esse,
1934 700 2145 755 multis-

564 807 665 861 quc
714 791 906 846 additis
931 792 1089 846 finem
1116 792 1459 847 conciouandi
1492 792 1633 845 fecit.

644 882 942 938 Verisimile
978 891 1061 937 est
1096 883 1233 936 ittter
1272 882 1368 937 has
1412 882 1656 936 humilias
1704 881 1983 936 duodecim
2025 895 2143 950 qua:

569 975 639 1030 ab
681 990 822 1030 anno
863 982 1102 1030 vertente
1149 975 1252 1030 398
1304 976 1439 1029 ultra
1493 976 1841 1030 Pentecosten
1887 975 2009 1027 anni
2040 972 2142 1028 599

565 1066 761 1122 habitze
790 1065 1035 1135 fuerunt,
1061 1068 1191 1121 alias
1217 1082 1315 1123 nec
1346 1082 1545 1137 paucas
1587 1067 1955 1122 intercessisse
1980 1106 1994 1131 ,
2025 1079 2142 1134 quae

561 1162 643 1215 vel
668 1160 895 1229 periere,
925 1161 1009 1216 vel
1050 1161 1190 1215 inter
1223 1159 1395 1214 editas
1426 1160 1611 1229 posita:
1655 1160 1779 1212 anni
1811 1168 1986 1212 notam
2019 1157 2138 1210 ttul-

560 1250 664 1304 lam
695 1266 804 1321 prce
828 1266 888 1306 se
916 1251 1110 1305 ferunt.
1144 1251 1273 1315 Quae
1308 1250 1547 1318 sequitur
1575 1258 1751 1302 autem
1799 1249 1850 1301 in
1882 1246 2139 1301 Vaticano

558 1340 755 1396 Codice
784 1351 967 1412 quarta
992 1356 1235 1407 numero,
1257 1350 1379 1411 post
1408 1340 1775 1410 Septembrem
1801 1353 2059 1402 mensem,
2082 1346 2141 1391 ut

556 1442 824 1501 putamus,
855 1433 979 1486 anni
1005 1431 1108 1486 598
1135 1432 1310 1486 habita
1333 1430 1429 1484 fuit
1449 1431 1500 1484 itt
1526 1430 1723 1500 templo
1744 1428 1800 1484 S.
1823 1430 2134 1494 Anastasize,

554 1534 611 1577 ut
640 1524 694 1578 in
720 1522 871 1578 titulo
900 1522 1084 1577 fertur.
1117 1521 1192 1577 lbi
1224 1531 1504 1592 postquam
1531 1521 1598 1575 de
1629 1520 1897 1591 paucitate
1924 1519 2135 1573 audito-

556 1630 676 1670 rum
721 1623 1045 1684 conquestus
1077 1613 1269 1678 fuerat,
1298 1614 1365 1669 de
1406 1613 1657 1683 patientia
1699 1611 1815 1667 Jobi
1845 1611 2053 1680 longam
2084 1619 2138 1665 et

553 1708 850 1777 elegantem
882 1705 1067 1760 habuit
1095 1707 1413 1760 orationem.

620 1797 895 1855 Concioucs
916 1797 1367 1853 alim—Homilia
1393 1797 1576 1867 quinta
1603 1795 1877 1863 Vaticana,
1894 1803 1951 1850 ut
1966 1793 2135 1851 fertur

549 1889 603 1946 itt
644 1890 816 1955 titulo,
846 1891 901 1944 in
948 1891 1146 1958 templo
1174 1893 1387 1949 Sancta;
1428 1888 1609 1943 lrenes
1634 1889 1774 1943 dicta
1822 1887 1938 1941 fuit.
1985 1887 2042 1941 In
2069 1903 2129 1942 ea

555 1980 974 2047 Chrysostomus
1021 1981 1087 2035 de
1114 1980 1425 2035 absentibus
1452 1981 1791 2050 conqueritur
1816 1990 1867 2033 et
1904 1980 1970 2034 de
1997 1995 2132 2049 prte-

548 2074 791 2128 senlibus
822 2072 1117 2142 gratulatur
1146 2072 1246 2126 :tle
1277 2072 1607 2125 Psalmorum
1637 2081 1795 2124 cantu
1826 2071 1933 2139 agit
1953 2112 1965 2131 .
2004 2085 2131 2138 pro-

550 2161 747 2233 batque
773 2163 1089 2221 muliebrem
1116 2179 1300 2216 sexum
1327 2162 1760 2233 impedimentum
1792 2179 1894 2215 ttott
1917 2177 2035 2216 esse
2061 2161 2128 2215 ad

545 2253 754 2307 virtutis
778 2254 1111 2309 exercitium.
1265 2248 1277 2258 ’

625 2344 787 2399 Sexta
812 2354 990 2398 autem
1023 2344 1212 2398 concio
1241 2342 1417 2397 habita
1446 2352 1527 2397 cst
1584 2340 1637 2392 in
1662 2342 1883 2397 ecclesia
1904 2340 2127 2397 Sancto-

555 2450 672 2489 rum
698 2434 1077 2505 Apostolorum
1107 2477 1121 2500 ,
1154 2435 1203 2488 itt
1226 2435 1312 2489 die
1351 2434 1638 2489 Theodosii
1668 2432 2039 2503 Imperatoris,
2069 2440 2128 2485 ut

549 2524 747 2579 ibidem
774 2524 960 2579 fertur.
1002 2525 1287 2595 Postquam
1311 2524 1418 2580 duo
1449 2525 1536 2579 alii
1565 2524 1821 2593 episcopi,
1854 2539 1950 2592 pro
1977 2537 2126 2577 more

552 2614 694 2669 illius
721 2615 856 2680 aevi,
904 2615 1203 2669 concionati
1246 2613 1494 2678 fuerant,
1524 2613 1942 2684 Chrysoslomus
1987 2611 2125 2665 hanc

553 2714 738 2761 contra
778 2705 1039 2759 Catltaros
1065 2705 1175 2759 sive
1205 2705 1371 2759 Purus
1406 2704 1674 2757 homiliam
1705 2703 1836 2756 dixit
1865 2720 1877 2755 :
1907 2702 2123 2757 Cathari

546 2807 725 2851 autem
753 2796 825 2850 illi
869 2796 1145 2850 Novatiani
1183 2805 1354 2849 erant.
1385 2796 1563 2850 Primo
1605 2794 1789 2848 ambos
1841 2794 2122 2863 episcopos

539 2886 760 2953 laudat;
790 2880 1016 2957 quorum
1056 2888 1190 2941 alter
1237 2886 1417 2955 junior
1444 2926 1459 2951 ,
1508 2886 1715 2953 inquit,
1766 2885 1910 2939 senis
1955 2883 2125 2953 gravi-

540 2990 705 3034 tatem
751 2997 764 3043 ;
798 2981 932 3034 alter
971 2995 1130 3033 senex
1162 3020 1177 3039 .
1208 2979 1437 3046 jnnioris
1482 2980 1643 3036 robur
1686 2993 1792 3046 prie
1814 2994 1871 3031 se
1900 2977 2120 3033 ferebat.

545 3070 744 3129 Deinde
775 3070 1132 3127 Theodosium
1171 3071 1417 3141 Magnum
1472 3069 1718 3127 laudibus
1755 3068 1935 3134 cil'erl,
1969 3072 2120 3138 cujus

537 3163 653 3221 dies
680 3175 803 3218 tunc
832 3164 1220 3228 celebrabatur,
1248 3177 1456 3232 nempe,
1478 3171 1536 3215 ul
1558 3162 1842 3216 verisimile
1868 3169 2124 3222 est,mor-

538 3257 607 3311 tis
636 3257 771 3326 ejus,
798 3256 889 3327 qui
939 3255 1179 3310 Januarii
1230 3254 1439 3310 decimo
1490 3254 1719 3322 septimo
1749 3254 1836 3307 die.
1877 3252 2117 3321 contigit.

541 3345 691 3407 Unde
706 3347 944 3416 arguitur
965 3347 1102 3403 hanc
1124 3345 1392 3400 ltomiliam
1412 3360 1595 3399 mense
1614 3342 1863 3397 Januario
1877 3343 1999 3399 anni
2017 3341 2121 3399 599

536 3435 732 3490 dictam
781 3437 942 3490 fuisse
969 3477 983 3500 ,
1012 3434 1344 3489 Theodosius
1388 3444 1564 3488 autem
1607 3449 1747 3487 anno
1768 3434 1871 3488 595
1895 3434 2117 3487 obierat.

541 3527 690 3588 lluuc
716 3528 1096 3597 Imperatorem
1130 3526 1368 3581 celebrat
1407 3526 1495 3585 ille
1517 3542 1546 3579 a
1585 3528 1783 3595 pietate
1808 3533 1861 3578 el
1900 3525 2118 3583 avictu-

541 3619 635 3673 riis
660 3661 673 3679 ,
703 3633 834 3688 quas
859 3618 1153 3689 opitulante
1183 3616 1292 3671 Deo
1318 3617 1499 3671 retulit
1530 3617 1595 3670 de
1624 3618 1862 3688 tyrannis
1892 3615 2119 3670 Maximo

538 3718 593 3764 el
641 3710 898 3779 Eugenio.
955 3712 1098 3774 Quas
1148 3708 1237 3764 ille
1285 3709 1534 3763 victorias
1578 3709 1741 3762 tacito
1775 3719 2116 3779 tyrannorum

538 3800 750 3859 nomine
781 3801 849 3854 ita
889 3799 1072 3863 refert,
1104 3810 1160 3854 ut
1190 3800 1256 3854 ab
1278 3800 1398 3854 aliis
1436 3800 1787 3869 scriptoribus
1812 3808 2116 3857 narrantur.

539 3889 767 3943 llotnilia
814 3904 945 3943 vero
971 3888 1157 3943 isthmc
1188 3889 1238 3942 in
1279 3888 1461 3943 medio
1491 3904 1680 3958 magna
1716 3889 1795 3943 sui
1824 3898 1972 3957 parte
1997 3905 2117 3941 mtt-

539 3981 632 4034 tila
659 3987 760 4041 est.
793 3980 862 4032 ita
890 3988 947 4033 ut
988 3979 1377 4048 quamplurima
1408 3994 1594 4033 eorum
1622 4020 1635 4042 ,
1662 3995 1779 4047 quae
1802 3988 1988 4033 contra
2018 3976 2119 4032 Ca-

540 4075 724 4127 tltaros
745 4087 840 4126 seu
870 4070 1195 4125 Novalianos
1221 4070 1552 4134 dicebantur,
1583 4070 1879 4124 exciderint
1906 4085 1968 4123 ac
1992 4085 2116 4138 per-

541 4163 717 4220 icrint.
748 4161 1025 4216 Novatiani
1057 4169 1234 4214 autem
1283 4170 1407 4214 tune
1432 4158 1894 4233 Constantinopoli
1924 4174 2119 4229 magno

539 4269 765 4309 numero
791 4261 963 4319 erant,
988 4252 1299 4321 episcopum
1329 4266 1439 4306 sum
1477 4260 1637 4305 sectae
1671 4252 1993 4323 peculiarem
2021 4251 2118 4305 ha-

541 4346 737 4401 bebant
762 4385 776 4409 ,
808 4359 872 4399 ac
915 4358 1035 4399 sese
1094 4359 1247 4414 puros
1294 4342 1666 4414 appellabant:
1714 4357 1816 4412 qua
1858 4342 1927 4397 de
1955 4358 2116 4397 causa

540 4438 664 4495 illos
693 4439 953 4493 acerrime
973 4437 1283 4507 perstringit
1307 4436 1720 4508 Chrysostomns
1738 4477 1752 4501 ,
1783 4447 1840 4491 ul
1867 4438 1918 4491 in
1946 4437 2120 4493 homi-

540 4534 627 4588 lia:
655 4531 758 4586 fine
787 4530 988 4586 videas.

616 4624 711 4678 llic
757 4639 882 4679 vero
930 4623 1167 4694 qumdam
1213 4621 1679 4677 animadvertenda
1724 4631 1879 4688 sunt,
1926 4637 2118 4691 nempe

543 4716 810 4770 nomiliam
839 4715 981 4769 illam
1007 4714 1304 4770 breviorem
1328 4713 1510 4777 fuisse,
1533 4713 1653 4783 quia
1684 4723 1802 4783 post
1825 4713 1957 4768 duas
1986 4714 2118 4768 alias

540 4823 570 4860 a
596 4806 803 4861 duobus
822 4806 1084 4877 episcopis
1109 4805 1296 4860 eodem
1323 4805 1409 4859 die
1432 4805 1556 4859 etin
1587 4804 1772 4858 eadem
1796 4803 1923 4858 sede
1951 4804 2120 4859 dictas

542 4898 716 4953 habita
749 4897 846 4952 fuit
870 4916 882 4952 :
907 4896 1140 4952 secundo
1164 4905 1285 4966 post
1307 4896 1444 4951 hanc
1460 4894 1730 4948 homiliam
1759 4895 1950 4949 multas
1974 4895 2119 4949 haud

540 4990 701 5045 dubie
723 4990 852 5043 alias
876 4988 1082 5042 habitas
1109 4987 1271 5042 fuisse
1308 5002 1338 5040 a
1393 5001 1577 5041 mense
1610 4986 1860 5041 Januario
1905 4987 1971 5040 ad
2015 4987 2118 5040 Pa-

540 5079 670 5134 scha
699 5079 823 5134 anni
844 5077 967 5142 599,
986 5092 1091 5146 quo
1110 5077 1197 5131 die
1217 5076 1353 5131 dicta
1381 5075 1477 5130 fuit
1501 5077 1687 5130 concio
1714 5091 1940 5146 sequens
1966 5094 1979 5129 :
2001 5092 2119 5147 quae

547 5169 780 5225 homilia:
807 5170 897 5243 vel,
921 5170 1210 5239 perierunt,
1240 5168 1325 5223 vel
1351 5170 1395 5221 si
1416 5167 1592 5222 adhuc
1636 5168 1774 5222 inter
1812 5166 1983 5222 editas
2024 5182 2118 5226 su-

542 5263 763 5334 persint,
785 5261 979 5315 nullam
1005 5260 1089 5315 vel
1110 5259 1218 5314 diei
1238 5259 1319 5315 vel
1347 5259 1470 5312 anni
1491 5266 1669 5312 notam
1703 5271 1814 5326 pra:
1833 5271 1894 5313 se
1919 5257 2116 5312 ferunt.

617 5354 742 5408 Post
771 5352 1041 5406 homiliam
1089 5352 1244 5421 igitur
1271 5350 1412 5403 illam
1438 5359 1621 5403 contra
1651 5348 1909 5404 Catltaros
1938 5351 1987 5404 in
2018 5351 2121 5405 Co-

545 5446 661 5499 dice
684 5443 939 5500 Vaticano
958 5443 1196 5512 sequitur
1225 5440 1463 5503 homilia,
1478 5439 1629 5508 cujus
1650 5439 1853 5506 titulus,
1873 5441 2121 5495 Adversus

545 5554 649 5596 ws,
674 5536 762 5604 qui
789 5536 856 5588 ad
882 5534 1200 5604 hippodromi
1225 5541 1271 5586 et
1291 5532 1600 5585 theatrorum
1619 5533 1904 5601 spectacula
1923 5550 1976 5586 se
2000 5550 2121 5586 cou-

548 5631 715 5693 ferunt
743 5624 830 5693 (Τ.
862 5626 915 5680 6.
948 5643 996 5679 c.
1017 5623 1156 5695 263)
1196 5644 1209 5677 :
1245 5624 1395 5690 cujus
1423 5622 1631 5675 initium
1661 5631 1763 5686 est,
1792 5622 2010 5676 haeccine
2046 5626 2122 5694 fe-

550 5719 747 5771 tmda?
775 5719 993 5773 haeccine
1022 5718 1324 5770 toleranda?
1361 5714 1509 5769 Vobis
1538 5715 1671 5768 enim
1712 5714 1835 5782 ipsis
1865 5716 2120 5784 judicibus

542 5820 715 5862 contra
742 5823 827 5863 eos
862 5802 1051 5863 clivulo
1080 5821 1237 5875 quant
1260 5805 1516 5860 edidimus
1540 5803 1623 5878 (Τ.
1648 5805 1699 5860 6.
1723 5820 1767 5858 c.
1792 5802 1918 5873 265)
1941 5824 1951 5857 :
1974 5805 2117 5860 idco-

1649 406 1704 460 S.
1743 402 2018 461 JOANNIS
2055 402 2525 461 CHRYSOSTOJII
2562 407 2738 475 VITA,

3733 411 3833 468 1'72

2255 533 2358 587 que
2383 520 2523 573 illam
2548 521 2597 574 in
2622 520 2759 575 serie
2779 520 3000 576 aliarum
3028 521 3395 577 Vaticanarum
3417 523 3829 592 pratlermitlen-

2252 608 2373 662 dam
2410 610 2673 665 duximus.

2320 698 2451 765 Quia
2483 716 2607 755 vero
2638 702 2688 754 iu
2722 702 2951 756 humilia:
2980 717 3132 757 nona:
3173 704 3444 773 sequentis
3487 702 3640 760 titulo
3675 715 3732 762 et
3777 706 3829 762 in

2251 788 2363 857 ipsa
2394 790 2605 844 homilia
2634 807 2771 845 noua
2802 793 2962 847 multa
2992 793 3270 861 habentur,
3298 811 3415 864 qua:
3440 796 3507 851 ad
3553 797 3827 855 historiam

2249 879 2385 941 hanc
2412 882 2607 936 clarius
2638 892 2692 936 et
2715 884 2933 950 certius,
2967 900 3123 953 quam
3149 885 3202 939 in
3232 886 3431 939 Monito
3460 886 3708 954 diximus,
3740 905 3807 945 re

2248 973 2518 1029 ferendam
2539 976 2742 1046 juvant,
2773 976 2860 1032 hic
2883 991 2995 1032 rem
3019 986 3185 1032 totam
3230 978 3345 1034 sine
3380 979 3557 1050 lapsus
3588 982 3823 1052 periculo

2247 1068 2601 1124 narrabimus.

2317 1157 2504 1229 Ingens
2533 1160 2700 1229 pluvia
2739 1161 3185 1232 Constantinopoli.
3212 1190 3285 1201 —
3313 1164 3467 1216 Anno
3500 1164 3638 1233 599,
3670 1171 3778 1235 post
3797 1195 3813 1212 -

2243 1265 2401 1318 quam
2457 1266 2618 1304 unum
2675 1253 2782 1320 jam
2839 1268 3034 1306 annum
3098 1254 3149 1306 in
3214 1255 3518 1324 episcopatu
3571 1272 3818 1313 emensus

2243 1348 2357 1393 erat
2405 1340 2862 1411 Cltrysoslomus,
2912 1342 3186 1397 ordinatus
3253 1359 3443 1412 nempe
3513 1360 3657 1399 anno
3715 1347 3818 1404 598

2239 1431 2310 1486 26
2350 1432 2658 1498 Februarii;
2718 1433 2846 1488 feria
2895 1444 3080 1503 quarta
3133 1434 3511 1502 hcbdomadze,
3550 1452 3669 1506 qua:
3714 1453 3803 1490 an-

2240 1539 2310 1577 no
2367 1524 2471 1579 399
2516 1524 2780 1580 incidebat
2819 1526 2868 1578 in
2916 1536 3119 1580 sextam
3178 1528 3373 1596 Aprilis
3402 1570 3416 1591 ,
3464 1536 3570 1582 tam
3628 1532 3813 1600 ingens

2239 1615 2413 1685 pluvia
2441 1615 2659 1680 decidit,
2690 1626 2744 1671 ut
2774 1626 2943 1671 melus
2963 1627 3106 1673 esset
3135 1633 3200 1673 ne
3235 1620 3347 1689 agri
3392 1619 3809 1690 devastarenlur,

2237 1720 2545 1775 messesque
2566 1721 2754 1761 omnes
2784 1708 2835 1761 in
2859 1709 3146 1777 perniciem
3167 1717 3402 1764 ruerent.
3437 1709 3567 1765 Hinc
3603 1726 3809 1781 preces,

2236 1796 2669 1865 supplicationes,
2695 1807 2747 1852 et
2772 1798 3158 1867 processiones,
3181 1800 3433 1869 episcopo
3463 1800 3600 1857 duce
3626 1810 3682 1857 et
3701 1812 3813 1858 toto

2234 1896 2587 1942 concurrente
2603 1889 2797 1958 populo
2821 1889 2885 1943 ad
2912 1890 3192 1944 ecclesiam
3235 1892 3631 1961 Apostolorum.
3683 1894 3814 1950 Post

2235 1975 2347 2030 hmc
2380 1977 2548 2032 imbre
2568 1990 2831 2043 cessante,
2864 1979 3090 2034 necdum
3118 1980 3322 2034 sublata
3363 1980 3667 2051 formidine,
3702 1994 3812 2038 tra-

2227 2067 2372 2136 jecto
2416 2067 2638 2122 navibus
2682 2068 2942 2138 Bosporo,
2992 2070 3058 2123 ad
3107 2071 3386 2125 ecclesiam
3436 2073 3528 2128 SS.
3586 2074 3725 2129 Petri
3756 2087 3811 2131 et

2232 2158 2404 2223 Pauli,
2430 2159 2481 2212 in
2509 2160 2748 2228 opposita
2779 2164 2940 2214 maris
2962 2176 3053 2215 ora
3086 2162 3262 2229 sitam,
3301 2177 3422 2217 cum
3451 2165 3701 2235 episeopo
3731 2175 3813 2221 to-

2233 2261 2314 2304 tus
2334 2260 2502 2305 coetus
2525 2252 2773 2306 accurrit.
2809 2252 2920 2307 Hoc
2947 2252 3208 2322 perfuncti
3237 2255 3471 2324 periculo
3499 2257 3808 2312 Constanti-

2229 2340 2520 2408 nopolitani
2542 2340 2807 2411 plerique,
2834 2358 2934 2396 una
2962 2353 3164 2396 tantum
3190 2345 3502 2414 interposita
3527 2345 3632 2412 die,
3657 2363 3810 2403 nem-

2230 2445 2294 2499 pe
2320 2430 2451 2487 feria
2477 2433 2658 2502 quinta
2684 2433 2736 2486 itt
2778 2430 2941 2487 Ctena
2981 2434 3210 2500 Domini,
3256 2450 3375 2490 cum
3419 2436 3472 2489 in
3512 2437 3811 2494 Parasceve

2228 2521 2334 2579 ludi
2364 2531 2641 2592 equestres
2668 2524 3017 2593 agitarentur,
3046 2524 3175 2579 nihil
3204 2536 3452 2583 curantes
3478 2528 3618 2583 diem
3662 2531 3807 2585 illam

2227 2626 2454 2678 sacram,
2484 2614 2548 2667 ad
2583 2614 2683 2668 hoc
2706 2616 3067 2683 Spectaculum
3098 2628 3463 2685 accurrerunt,
3491 2621 3701 2675 interim
3723 2623 3806 2676 in-

2226 2703 2549 2767 gemisccnte
2574 2705 2824 2775 domique
2849 2706 3069 2761 sedente
3093 2706 3473 2779 Cbrysostumo
3501 2712 3754 2782 episcopo
3789 2732 3803 2768 :

2226 2792 2333 2845 imo
2354 2792 2437 2847 die
2459 2804 2731 2863 sequente,
2753 2811 2941 2865 nempe
2962 2797 3184 2851 sabbato
3200 2809 3405 2859 sancto.
3428 2800 3493 2855 ad
3516 2801 3809 2858 theatrales

2225 2882 2378 2937 ludos
2401 2898 2461 2937 se
2485 2886 2842 2949 contulerunt,
2873 2886 2960 2940 ubi
2987 2889 3284 2942 meretricia
3308 2899 3461 2944 erant
3480 2894 3801 2960 spectacula,

2224 2989 2341 3042 quae
2373 2975 2673 3044 singulatim
2695 2985 2749 3030 et
2778 2977 2989 3046 egregie
3015 2978 3252 3048 depingit
3277 2978 3709 3051 Chrysoslomus,
3750 2985 3807 3040 in

2223 3068 2502 3131 concione,
2536 3083 2693 3136 quant
2715 3068 2800 3123 die
2826 3068 3099 3123 Paschalis
3124 3070 3328 3137 habuit,
3357 3073 3445 3127 ubi
3475 3073 3527 3127 in
3555 3077 3801 3143 prtevari-

2222 3166 2430 3212 ealores
2459 3157 2760 3227 hujusmodi
2786 3159 3100 3228 gravissime
3139 3161 3446 3217 invehitur:
3483 3163 3804 3235 demumque

2223 3246 2274 3298 in
2299 3246 2418 3299 illos
2437 3249 3006 3304 excommunicationis
3027 3252 3343 3305 sententiam
3364 3255 3689 3321 pronuntiat,
3703 3257 3803 3313 sed

2221 3336 2595 3391 comminando
2625 3347 2846 3404 tantum,
2881 3348 2934 3394 ut
2962 3349 3111 3410 puto,
3133 3350 3189 3396 et
3218 3352 3275 3398 ut
3299 3343 3352 3397 iu
3376 3343 3565 3400 eodem
3602 3346 3801 3404 Manilo

2222 3426 2458 3494 pluribus
2481 3427 2617 3481 dixi.

2291 3517 2443 3569 (lit-ca
2474 3517 2636 3583 diem,
2667 3534 2771 3586 qua
2800 3518 2918 3573 haec
2941 3521 3129 3576 concio
3154 3522 3294 3578 dicta
3324 3524 3441 3591 fuit,
3466 3525 3661 3597 aliquid
3690 3527 3797 3583 dif-

2223 3605 2470 3662 licultutis
2494 3606 2623 3661 mihi
2643 3607 2819 3663 offerri
2846 3610 3140 3666 videbatur.
3167 3614 3305 3668 Dixit
3328 3616 3415 3671 ille
3438 3617 3489 3671 itt
3512 3620 3794 3689 concione,

2220 3708 2334 3751 ante
2355 3709 2453 3752 tres
2480 3699 2584 3753 dies
2612 3699 2767 3754 imber
2785 3702 2979 3773 ingens.
3013 3703 3189 3759 Imber
3210 3706 3298 3761 ille
3315 3707 3440 3763 feria
3468 3722 3653 3779 quarta
3677 3728 3797 3767 ma-

2216 3789 2348 3858 joris
2379 3789 2725 3847 ltebdomadm
2744 3791 2944 3848 decidit
2970 3812 2983 3848 :
3010 3795 3139 3849 feria
3164 3798 3347 3866 quinta
3377 3799 3506 3855 nihil
3536 3817 3799 3857 memora-

2221 3890 2308 3935 tur
2330 3883 2615 3948 incidisSe;
2654 3883 2785 3940 feria
2814 3896 2960 3941 sexta
2988 3888 3040 3941 in
3071 3888 3365 3946 Parasceve
3390 3891 3456 3946 ad
3503 3894 3657 3948 ludos
3691 3898 3798 3949 cir-

2220 3986 2428 4037 censes,
2461 3973 2681 4029 sabbato
2704 3975 2770 4030 ad
2799 3976 3073 4031 theatralia
3100 3981 3398 4047 spectacula
3428 3982 3557 4036 ilum
3583 3995 3663 4038 est
3690 3987 3797 4039 :ila

2220 4072 2278 4115 ut
2308 4061 2519 4117 homilia
2552 4065 2698 4119 istaec
2724 4066 2940 4121 omnino
2974 4066 3114 4121 dicta
3152 4068 3315 4123 fuisse
3352 4070 3590 4126 videatur
3614 4074 3796 4128 Domi-

2221 4155 2340 4209 nica
2371 4155 2795 4211 Resurreclionis
2824 4158 3052 4214 Domini.
3081 4158 3278 4215 Verum
3309 4173 3432 4219 tunc
3454 4164 3594 4233 apud
3612 4181 3697 4221 me
3717 4167 3799 4221 di-

2220 4247 2407 4302 cebam
2443 4265 2454 4301 :
2482 4247 2611 4313 Cur,
2642 4249 2687 4303 si
2716 4249 2831 4304 dies
2857 4249 3134 4305 Paschalis
3159 4262 3293 4314 erat.
3333 4268 3401 4308 ne
3427 4255 3648 4310 verbum
3673 4257 3796 4326 qui-

2221 4339 2342 4397 dem
2373 4340 2441 4394 de
2482 4340 2741 4396 Paschate
2776 4341 2944 4396 dicit?
2986 4342 3179 4398 Verum
3230 4356 3506 4415 postquam
3551 4348 3800 4405 homilias

2221 4432 2383 4485 ltasce
2412 4430 2733 4500 deteximus,
2765 4434 2905 4487 nulla
2932 4433 3043 4507 jam
3069 4434 3353 4490 difficultas
3378 4448 3642 4507 superest,
3672 4455 3794 4498 cum

2222 4521 2275 4576 in
2301 4521 2450 4575 titulo
2479 4522 2711 4579 homilia:
2737 4539 2889 4578 nona:
2918 4527 3208 4594 sequentis,
3240 4536 3292 4581 et
3326 4527 3376 4581 in
3420 4527 3634 4583 homilia
3683 4531 3798 4599 ipsa

2221 4615 2609 4677 diealor.diem
2642 4616 2781 4669 illam
2810 4616 2860 4670 itt
2887 4633 2990 4686 qua
3020 4627 3127 4673 tam
3168 4621 3398 4689 graviter
3434 4622 3555 4676 illos
3590 4623 3804 4678 circen-

2222 4706 2434 4760 siomet
2468 4706 2799 4763 theatralium
2847 4708 3090 4762 ludorum
3137 4720 3462 4779 spectatores
3510 4712 3801 4768 insectatus

2223 4809 2323 4860 est.
2356 4799 2680 4854 Dominicant
2717 4799 2875 4855 fuisse
2896 4810 3054 4871 atque
3081 4802 3215 4857 adeo
3251 4804 3391 4858 diem
3434 4805 3802 4861 Resurrectio-

2223 4892 2305 4946 nis
2322 4892 2550 4957 Domini,
2576 4908 2730 4960 quam
2754 4894 2873 4947 ideo
2895 4909 3001 4948 non
3023 4898 3457 4951 commemoravit
3483 4898 3803 4970 Chrysosto—

2224 4998 2359 5043 ntus,
2386 4982 2525 5055 quod
2546 4993 2727 5036 contra
2755 4993 3080 5051 spectatores
3101 4986 3220 5041 illos
3239 4989 3469 5057 graviter
3484 5002 3797 5058 succensus,

2224 5088 2335 5125 rem
2369 5073 2508 5123 illam
2533 5073 2686 5126 unice
2711 5074 2988 5142 cogitaret.

2294 5161 2520 5216 Humilia
2540 5163 2763 5231 septima
2793 5164 2845 5217 in
2867 5164 3087 5220 ecclesia
3104 5166 3320 5223 Sancta
3363 5168 3657 5225 Anastasiae
3703 5169 3806 5227 ha-

2226 5253 2330 5309 bita
2364 5254 2481 5317 fuit,
2510 5254 2598 5308 ubi
2628 5255 2867 5309 modicus
2887 5266 3022 5322 erat,
3051 5257 3221 5327 inquit
3246 5259 3354 5327 ille,
3383 5261 3680 5317 auditorum
3701 5276 3805 5318 nu-

2226 5360 2438 5401 merus:
2466 5362 2566 5417 neq
2576 5363 2639 5401 ue
2663 5357 2835 5401 tamen
2858 5347 2974 5402 ideo
2990 5351 3361 5417 conqueritur;
3385 5351 3477 5407 sed
3495 5354 3801 5423 exemplum

2224 5436 2570 5491 Samaritana:
2607 5436 2799 5503 affert;
2830 5454 2987 5505 quam
3031 5438 3153 5494 licet
3201 5455 3359 5494 unam
3410 5422 3805 5512 tantumgquia

2227 5537 2405 5582 tamen
2435 5527 2683 5582 audiendi
2709 5528 2885 5583 studio
2926 5528 3185 5599 fervebat,
3213 5530 3373 5603 longo
3398 5541 3639 5603 tempore
3665 5534 3807 5588 allo-

2223 5632 2417 5692 quutus
2440 5630 2523 5676 est
2564 5621 2827 5677 Christus.
2876 5622 3077 5679 Deinde
3124 5640 3251 5680 vero
3295 5626 3533 5696 pluribus
3570 5628 3806 5697 explicat

2223 5712 2349 5781 quid
2375 5712 2475 5767 sibi
2503 5712 2629 5767 velit
2650 5712 2863 5779 Paulus,
2882 5728 3001 5768 cum
3022 5713 3111 5781 ait,
3141 5716 3203 5771 de
3223 5718 3600 5788 conﬁrmatione
3626 5718 3802 5777 Eran-

2229 5805 2370 5875 gclii,
2402 5815 2452 5862 ct
2477 5808 2528 5861 in
2556 5807 2637 5863 Itis
2663 5808 2954 5865 orationem
2978 5811 3193 5871 claudit.
