4122 6386
332 338 436 393 173

405 451 553 506 Dicta
608 448 773 507 fuisse
816 450 1027 507 videtur
1071 451 1187 508 tunc
1230 451 1447 507 homilia
1491 452 1543 506 in
1591 450 1923 507 hebdomada

333 541 652 599 Paschalis:
688 558 810 597 nam
836 542 928 614 qui
967 542 1215 598 homilias
1250 542 1411 598 hasce
1442 544 1492 596 in
1527 542 1643 613 ipso
1685 551 1927 612 tempore

339 632 638 702 colligebat,
669 647 698 684 a
731 631 1006 686 Paschalis
1033 640 1292 702 tempore,
1322 640 1378 686 ut
1408 648 1475 687 ex
1509 632 1678 687 titulis
1705 633 1922 687 concio-

338 740 463 778 num
493 723 933 793 deprehenditur,
968 724 1059 779 illo
1088 739 1196 795 quo
1243 723 1558 780 dicebantur
1598 725 1788 779 ordine
1835 738 1927 778 cas

337 817 645 885 descripsu.
668 817 807 871 Ante
832 816 1035 871 Pascha
1060 817 1226 884 enim,
1272 824 1331 872 ut
1363 830 1523 886 supra
1560 816 1816 881 diximus,
1860 831 1927 870 ex

340 908 523 963 multis
546 906 784 962 homiliis
822 923 1020 979 paucas
1063 908 1342 977 collegisse
1387 907 1614 963 videtur.
1658 904 1776 969 Non
1808 922 1930 961 con-

337 1001 579 1068 queritur
599 1010 775 1055 autem
799 1000 1218 1073 Cbrysostomus
1246 1001 1297 1054 in
1324 999 1424 1053 hac
1452 1000 1733 1064 concione,
1786 998 1927 1068 quod

340 1092 492 1160 pauci
520 1091 792 1146 auditores
806 1091 1078 1156 adessent,
1094 1091 1215 1161 quia
1247 1106 1351 1145 non
1377 1091 1430 1145 in
1455 1090 1642 1159 majori
1680 1089 1926 1155 ecclesia,

344 1182 432 1238 ubi
459 1198 689 1254 synaxes
721 1183 833 1237 fieri
864 1183 1135 1248 solebant,
1164 1182 1259 1238 sed
1281 1183 1332 1236 in
1360 1182 1583 1237 ecclesia
1612 1181 1669 1237 S.
1707 1183 1930 1235 Anasta-

342 1273 437 1328 siaz
465 1273 908 1329 concionabatnr.

417 1365 616 1420 Octava
643 1366 835 1420 concio
862 1381 975 1419 rem
1007 1379 1227 1435 prorsus
1249 1363 1519 1419 insolitam
1548 1364 1701 1418 nobis
1716 1362 1930 1418 exhibet

344 1464 505 1525 atque
534 1455 1019 1511 inauditam.Tuuc
1053 1455 1369 1511 Gotlhorum
1398 1470 1522 1524 pars
1560 1455 1813 1521 maxima,
1842 1456 1931 1524 qui

347 1548 431 1601 vel
460 1546 952 1616 Constantinopoli,
980 1546 1065 1600 vel
1108 1547 1309 1600 circum
1353 1554 1526 1610 erant,
1572 1546 1932 1600 Ariauismum

346 1640 708 1695 sectabantur.
753 1639 920 1693 Erant
964 1647 1139 1693 tamen
1175 1638 1435 1693 Catholici
1480 1638 1655 1709 gentis
1693 1638 1932 1707 ejusdem
2008 1636 2019 1642 ”

348 1746 457 1784 non
488 1732 660 1801 pauci.
680 1731 813 1786 Cum
837 1739 1013 1787 autem
1039 1732 1090 1785 in
1118 1731 1343 1786 ecclesia
1366 1730 1425 1786 S.
1457 1730 1607 1785 Pauli
1648 1730 1934 1785 convenis-

349 1833 488 1887 sent,
514 1823 1109 1896 jussithrysostomus
1137 1823 1497 1880 Gotthosloea
1516 1824 1757 1894 quaedam
1791 1823 1936 1879 Scri—
2012 1832 2019 1841 '

350 1924 646 1985 ptnrarntn,
670 1931 788 1985 quae
810 1918 862 1970 in
894 1916 1195 1971 Gntthicam
1223 1916 1456 1985 linguam
1495 1929 1774 1969 conversa:
1818 1914 1934 1969 fuc-

350 2016 490 2073 ranl,
514 2005 761 2061 Gottbice
782 2008 978 2077 legere,
1004 2016 1056 2062 et
1079 2015 1262 2077 postea
1286 2004 1543 2062 Gotthum
1567 2005 1935 2078 presbyterum

350 2094 601 2152 Gnttbice
629 2098 959 2153 concionari.
988 2097 1098 2154 Cur
1121 2109 1298 2153 autem
1322 2099 1391 2153 ita
1419 2097 1657 2168 jusserit,
1692 2099 1818 2151 satis
1843 2097 1938 2151 dc-

352 2189 591 2244 claratin
617 2192 877 2246 concione
906 2207 1063 2260 quam
1108 2191 1223 2261 ipse
1262 2193 1600 2246 continenter
1645 2199 1763 2260 post
1809 2189 1938 2245 Got-

356 2282 506 2337 thum
536 2284 905 2356 presbyterum
933 2285 1117 2339 eadem
1152 2285 1202 2338 in
1252 2285 1481 2340 ecclesia
1519 2283 1735 2348 habuit;
1770 2292 1826 2337 llt
1861 2283 1939 2337 via

352 2375 549 2430 delicet
573 2375 789 2432 Graecos
816 2377 1185 2447 philosophos,
1221 2392 1514 2447 eorumque
1555 2377 1827 2447 religionis
1847 2392 1934 2431 se-

352 2481 571 2537 quaces,
602 2476 656 2523 et
675 2468 890 2523 Judtcos
919 2485 1131 2540 quoque
1157 2469 1360 2540 pudore
1396 2469 1725 2524 sttfl‘underet
1752 2485 1767 2535 ;
1798 2466 1937 2540 quod

353 2559 481 2614 dum
510 2561 586 2615 illi
614 2562 852 2616 veritatis
871 2563 1042 2617 lucem
1073 2563 1414 2631 respuebant,
1445 2563 1684 2618 barbara:
1728 2576 1823 2631 per
1854 2572 1935 2615 to-

354 2661 464 2706 tum
487 2652 671 2708 orbem
700 2654 946 2707 nationes
972 2654 1084 2709 sole
1113 2652 1448 2724 fulgidiorem
1473 2653 1746 2723 Evangelii
1769 2655 1937 2707 lucem

356 2744 823 2813 amplecterentur.
847 2745 1009 2800 Addit
1034 2747 1196 2800 etiam
1227 2761 1371 2812 eum,
1401 2746 1490 2816 qui
1540 2748 1592 2799 in
1632 2745 1811 2801 Veteri
1839 2745 1941 2800 Te-

357 2844 626 2889 stamento
656 2836 861 2905 primus
898 2847 1119 2892 vocatus
1146 2836 1242 2892 fuit
1265 2877 1277 2901 ,
1316 2852 1508 2905 nempe
1542 2836 1936 2902 Abrahamunt,

355 2926 640 2982 barbarum
676 2928 840 2983 fuisse
885 2930 937 2983 in
989 2930 1166 2984 medio
1211 2930 1559 2985 barbarorum
1616 2939 1936 2985 versantem.

357 3016 623 3073 Barbaros
638 3019 807 3106 etiam
846 3019 1009 3075 fuisse
1046 3037 1161 3086 eos,
1200 3022 1290 3092 qui
1332 3021 1530 3077 Christi
1565 3032 1743 3077 ortum
1786 3022 1937 3093 primi

357 3112 764 3178 attnuntiarunt,
794 3112 1045 3167 nimirum
1077 3112 1275 3185 Magos,
1317 3114 1406 3184 qui
1446 3130 1513 3169 ex
1540 3115 1757 3170 Oriente
1782 3130 1944 3170 vene-

358 3213 503 3258 rant.
543 3204 692 3259 -H-.ec
749 3215 926 3260 autem
984 3207 1172 3262 concio
1221 3206 1401 3262 habita
1459 3208 1555 3262 fuit
1608 3208 1661 3263 in
1714 3209 1941 3265 ecclesia

361 3296 604 3354 S.-Pauli
636 3298 774 3353 intra
797 3299 1183 3354 hebdomadam
1222 3298 1499 3355 Paschalis
1530 3302 1720 3356 festum
1746 3303 1941 3357 subsc-

361 3395 634 3455 quentem,
664 3400 715 3442 et
750 3404 846 3459 per
885 3399 1154 3455 octavam,
1189 3401 1246 3444 ut
1280 3404 1347 3446 ex
1390 3392 1663 3462 sequentis
1707 3392 1943 3446 homili:e

363 3479 536 3543 titulo,
570 3481 638 3535 ab
658 3495 724 3535 eo
765 3481 856 3551 qui
895 3481 977 3536 his
1017 3483 1364 3538 concioaibus
1412 3484 1599 3539 aderat
1641 3485 1939 3555 praemisso,

360 3572 618 3645 liquidum
668 3582 752 3629 est
802 3593 815 3628 :
861 3576 1128 3643 etiamque
1188 3577 1537 3631 confirmatur
1591 3590 1661 3633 ex
1713 3578 1778 3633 iis
1821 3592 1943 3648 quae

362 3668 518 3723 initio
543 3668 822 3739 sequentis
856 3665 1085 3724 humilia:
1106 3667 1374 3723 dicuntur.

435 3759 648 3814 Etenim
674 3774 796 3815 cum
840 3759 1460 3831 Constantinopolitanos
1498 3760 1640 3828 illos,
1683 3761 1774 3832 qui
1810 3776 1942 3816 cnn-

364 3848 609 3905 cionibus
629 3850 740 3905 suis
759 3851 949 3907 adesse
979 3852 1248 3920 solebant,
1267 3853 1581 3923 gravissime
1610 3854 1941 3923 pupugisset,

365 3940 602 4010 ipsisque
626 3944 925 3998 molestiam
953 3954 1190 3999 creasset
1220 3946 1271 3999 in
1298 3946 1381 3998 illa
1403 3947 1680 4009 concione,
1709 3962 1867 4017 quam
1893 3948 1943 3999 in

369 4029 638 4087 Dominica
672 4033 1100 4089 Resurrectionis
1139 4035 1337 4091 Christi
1377 4035 1663 4099 habuerat,
1693 4054 1759 4092 eo
1804 4039 1944 4107 quod

366 4124 422 4177 in
447 4122 535 4178 die
561 4123 880 4180 Parasccves
903 4126 967 4180 ad
993 4127 1289 4193 circenses,
1317 4138 1371 4183 et
1398 4129 1449 4183 in
1497 4130 1719 4184 sabbato
1762 4140 1946 4185 sancto

366 4215 432 4270 ad
463 4216 748 4273 theatrales
772 4218 926 4273 ludos
948 4235 1007 4275 se
1030 4222 1405 4288 contulissent,
1436 4223 1543 4277 into
1579 4224 1946 4279 excommuni-

367 4311 594 4365 cationis
629 4313 948 4366 sententiam
984 4312 1173 4368 saltem
1210 4302 1673 4370 eommin’atoriatn
1723 4316 1775 4370 in
1825 4316 1948 4371 illos

368 4402 708 4472 protulisset;
739 4404 815 4458 illi
848 4413 1025 4460 tamen
1071 4416 1277 4476 postea,
1319 4423 1378 4463 re
1416 4422 1595 4462 secum
1635 4410 1776 4464 serio
1822 4425 1947 4480 per-

369 4508 555 4563 pensa,
588 4511 694 4550 non
721 4497 833 4551 sine
860 4513 1016 4553 causa
1046 4514 1104 4554 se
1134 4501 1328 4553 acriter
1349 4501 1619 4571 impetitos
1662 4502 1824 4556 fuisse
1866 4503 1949 4556 vi-

368 4586 575 4655 dentes,
608 4596 661 4643 et
682 4589 831 4658 plura
879 4590 960 4643 Itis
998 4589 1067 4645 de
1111 4591 1270 4645 rebus
1315 4592 1499 4646 audire
1541 4593 1840 4662 cupientes,
1882 4594 1948 4648 ad

368 4695 613 4751 magnam
643 4682 943 4748 ecclesiam,
994 4692 1051 4736 ut
1085 4683 1325 4737 concioni
1369 4682 1702 4750 interfurent,
1752 4685 1950 4755 ingenti

370 4788 595 4829 numero
644 4789 703 4829 se
756 4776 1051 4830 contulere.
1097 4774 1291 4829 Verum
1348 4776 1541 4831 accidit
1594 4787 1650 4831 ut
1697 4777 1791 4832 illo
1839 4777 1945 4843 die,

371 4880 562 4933 nempe
588 4865 859 4919 Dominica
885 4874 1003 4934 post
1029 4865 1254 4931 Pascha,
1285 4865 1499 4935 quidam
1528 4866 1740 4922 adesset
1762 4883 1826 4921 ex
1849 4866 1953 4922 Ga-

371 4954 493 5009 latia
525 4956 827 5026 episcopus,
858 4958 938 5010 vir
967 4966 1077 5011 tum
1097 4973 1161 5012 ex
1199 4967 1490 5021 senectute,
1524 4968 1634 5013 tum
1679 4975 1743 5014 ex
1789 4961 1952 5014 animi

369 5046 580 5101 dotibus
617 5047 972 5111 venerandus,
1004 5049 1089 5103 cui
1120 5049 1466 5104 conciouandi
1524 5052 1691 5106 vicem
1719 5050 1956 5122 Chryso-

370 5148 573 5194 stomus
596 5141 778 5193 cessit.
808 5139 961 5207 Quod
999 5140 1268 5195 auditores
1293 5142 1367 5195 illi
1414 5143 1693 5212 tegerrime
1743 5143 1950 5201 tulere:

368 5242 579 5283 summo
605 5230 745 5285 enim
767 5230 1132 5301 Chrysoslomi
1176 5246 1235 5285 se
1278 5232 1469 5286 iterum
1512 5234 1799 5303 carpentis,
1847 5233 1955 5287 imo

371 5321 621 5385 secantis,
655 5329 713 5376 ut
750 5322 862 5393 ipse
890 5324 964 5377 ait
989 5322 1207 5390 ibidem,
1234 5323 1482 5380 audiendi
1507 5324 1774 5381 desiderio
1804 5334 1953 5381 tene-

373 5413 586 5468 bantur.

443 5504 777 5577 Quapropter
804 5508 895 5563 ille
928 5508 1197 5563 Dominica
1222 5508 1305 5579 (Τ.
1336 5508 1423 5564 12.
1463 5527 1508 5563 c.
1546 5508 1704 5578 517),
1735 5517 1791 5563 ιιι
1832 5524 1954 5565 cre-

374 5597 504 5652 dere
533 5610 634 5665 esl,
664 5604 928 5670 sequenti.
957 5603 1189 5656 secunda
1225 5602 1470 5658 videlicet
1497 5612 1615 5671 post
1642 5602 1868 5669 Pascha,
1901 5603 1954 5657 in

374 5692 597 5747 ecclesia
640 5692 821 5764 Magna
860 5697 1170 5749 concionem
1200 5694 1337 5749 hanc
1366 5695 1588 5759 habuit,
1636 5696 1722 5749 ubi
1777 5696 1956 5750 statim

376 5786 701 5843 auditoribus
720 5789 1029 5860 gratulatur,
1063 5790 1202 5864 quod
1236 5790 1358 5847 licet
1387 5800 1491 5847 tam
1524 5789 1754 5863 graviter
1792 5803 1954 5847 exce-

1506 337 1687 395 ΝυΝο
1727 336 1990 393 PRIMUM
2031 334 2426 392 ADOBNATA.

3510 327 3613 383 1ῗῶ

2032 450 2111 520 pti
2149 450 2201 507 iu
2240 449 2495 504 concione
2540 446 2628 502 illa
2670 445 2960 502 Dominica:
3005 443 3451 513 Resurrectionis,
3480 442 3617 498 adeo

2032 542 2298 599 ferventer
2325 552 2380 597 et
2409 551 2555 596 tanto
2575 553 2799 596 numero
2837 539 3028 594 iterum
3073 547 3434 610 compareant.
3481 538 3615 595 Tum

2032 650 2151 690 sese
2201 644 2439 698 excusat,
2497 634 2636 704 quod
2678 633 2952 688 Dominica
2997 633 3313 703 praecedenti
3367 635 3619 702 episcopo

2033 725 2252 780 Galatia:
2279 725 2476 780 seniori
2502 723 2850 780 concionandi
2879 724 3052 778 locum
3071 722 3303 787 dederit;
3320 722 3622 793 iterumque

2033 827 2217 872 contra
2247 816 2516 871 circenses
2546 815 2719 880 ludos,
2750 814 2843 870 sed
2873 814 3053 868 mitius
3080 813 3510 884 moderatiusque
3538 813 3622 868 lo-

2034 913 2244 981 quitur;
2275 925 2491 980 remque
2519 910 2684 979 tangit
2710 908 2929 963 omnino
2959 904 3338 977 deplorandam
3363 921 3483 976 qua:
3533 919 3625 959 su-

2036 1006 2247 1076 periere
2273 1003 2359 1058 die
2385 1002 2658 1068 hesterna,
2682 1001 2873 1070 inquit,
2899 1000 2950 1053 in
2996 997 3350 1068 hippodromo
3385 997 3621 1067 contige-

2037 1106 2137 1158 rat,
2159 1110 2381 1165 qumque
2401 1094 2466 1149 ab
2494 1091 2796 1163 hujusmodi
2829 1089 2967 1145 ludis
2997 1090 3130 1144 alios
3168 1100 3417 1144 avertere
3459 1087 3625 1144 debe-

2037 1199 2138 1245 ret.
2191 1188 2412 1255 Quidam
2459 1188 2601 1242 enim
2648 1186 2736 1257 qui
2788 1183 3043 1254 postridie
3090 1191 3312 1237 nitorem
3345 1181 3625 1238 'ducturus

2037 1280 2316 1345 erat,dum
2345 1297 2463 1334 cum
2490 1277 2605 1333 aliis
2629 1277 2934 1333 cursoribus
2967 1276 3019 1329 iu
3055 1275 3227 1329 stadio
3262 1284 3621 1342 concertaret,

2040 1375 2389 1442 interceptus.
2425 1370 2711 1424 miserabili
2757 1383 2883 1423 casu
2933 1367 3107 1435 capite
3138 1375 3430 1433 truncatus,
3458 1377 3511 1421 et
3538 1381 3625 1422 ex-

2040 1469 2224 1522 tremis
2254 1465 2509 1521 membris
2536 1463 2807 1528 abscissis,
2840 1462 2908 1516 ibi
2944 1469 3229 1513 manserat.

2113 1558 2314 1614 Deinde
2344 1557 2575 1627 explicat
2603 1555 2730 1609 illud
2758 1552 3035 1623 Evangelii
3060 1551 3282 1614 dictum,
3312 1546 3468 1605 Pater
3488 1563 3628 1604 utens

2040 1666 2196 1719 usque
2224 1649 2373 1702 modo
2394 1655 2652 1718 aper-amr,
2696 1654 2743 1698 et
2789 1660 2879 1715 ego
2918 1658 3099 1714 operor
3136 1658 3153 1697 :
3199 1643 3531 1709 Arian‘osque
3574 1650 3628 1695 et

2040 1743 2352 1807 Anomceos,
2403 1738 2576 1794 tacitis
2618 1748 2791 1791 tamen
2824 1733 3143 1796 nominibus,
3178 1731 3439 1787 acerrime
3483 1732 3626 1785 inse-

2041 1843 2234 1897 ctatur,
2263 1830 2494 1902 probans
2521 1829 2714 1885 Filium
2733 1826 2871 1882 Patri
2898 1825 3176 1897 requalem,
3199 1839 3318 1880 cum
3347 1823 3437 1877 illo
3462 1824 3628 1878 semel

2041 1926 2287 1996 operari;
2316 1926 2438 1996 quia
2465 1939 2592 1977 vero
2618 1921 2860 1992 operatio
2886 1920 2974 1973 illa
3002 1933 3317 1988 permanens
3346 1927 3446 1982 est,
3483 1920 3631 1986 putat

2041 2018 2476 2090 Chrysostomus,
2506 2013 2592 2069 hic
2624 2011 3030 2084 providentiam,
3063 2009 3235 2064 Patris
3261 2019 3314 2063 et
3341 2001 3461 2063 Filii
3501 2022 3632 2077 ope-

2044 2112 2305 2165 rationem
2345 2109 2471 2162 dici.

2116 2196 2172 2256 In
2205 2218 2354 2255 more
2383 2208 2497 2253 erat
2524 2207 2581 2252 ut
2605 2194 2715 2251 bini
2746 2195 2828 2250 vel
2860 2192 2996 2248 terni
3016 2191 3205 2248 eodem
3232 2191 3318 2246 die
3350 2190 3628 2246 continen-

2045 2306 2125 2350 lcr
2150 2294 2370 2349 verbum
2395 2292 2490 2347 Dei
2520 2289 2892 2361 praedicarent.
2922 2287 3157 2355 ldipsum
3186 2284 3430 2339 videmus
3456 2283 3507 2337 in
3536 2282 3633 2336 hoe

2043 2387 2189 2442 milia
2216 2385 2444 2451 decima,
2475 2398 2594 2453 qua)
2634 2380 2810 2435 habita
2864 2377 2963 2433 fuit
3003 2378 3056 2432 in
3095 2376 3317 2432 ecclesia
3367 2373 3633 2444 Apostoli,

2048 2488 2325 2551 postquam
2347 2490 2511 2530 senex
2535 2473 2820 2542 episcopus
2851 2479 2975 2524 ante
3015 2468 3456 2539 Cltrysnstomttm
3506 2480 3636 2517 elui-

2044 2575 2285 2627 cionatus
2325 2568 2497 2623 fuerat
2539 2583 2553 2619 :
2598 2564 2843 2635 quodque
2886 2560 3276 2617 observandum
3319 2569 3438 2618 est.
3485 2558 3631 2612 illum

2045 2680 2250 2727 senem,
2280 2671 2333 2717 et
2358 2677 2415 2715 se
2438 2660 2687 2730 juvenem
2719 2667 2893 2722 vocat,
2921 2656 3019 2711 etsi
3047 2671 3110 2709 ex
3144 2653 3355 2723 vulgata
3385 2642 3636 2721 Opinione

2045 2771 2241 2810 annum
2272 2754 2447 2808 artatis
2493 2751 2562 2804 52
2606 2755 2713 2818 jam
2760 2762 3011 2802 emensus
3050 2751 3185 2800 erat.
3248 2745 3632 2813 Argumentum

2045 2845 2321 2902 Concionis
2340 2842 2578 2897 sumitex
2605 2841 2705 2894 hoc
2734 2837 3001 2909 Evangelii
3029 2836 3192 2901 dicto,
3224 2834 3403 2889 Messis
3432 2834 3637 2903 quidem

2045 2940 2225 3002 multa,
2257 2934 2475 3007 operarii
2499 2942 2664 2986 autem
2691 2931 2860 3002 pauci.
2895 2928 3090 2983 Probat
3121 2937 3298 2982 autem
3327 2938 3379 2984 et
3401 2940 3560 2979 senes
3582 2932 3638 2977 et

2042 3029 2267 3101 juvenes
2314 3027 2590 3097 operarios
2643 3020 2897 3079 Ecelcsiaa
2943 3021 3227 3075 admodum
3288 3016 3444 3073 utiles
3491 3032 3635 3072 esse.

2047 3123 2341 3190 Messisque
2371 3116 2676 3188 hujusmodi
2724 3116 2923 3169 fructus
2958 3113 3181 3168 eximios
3225 3109 3388 3165 fuisse
3426 3119 3633 3175 narrat,

2048 3224 2107 3268 ut
2131 3229 2250 3269 cum
2285 3207 2479 3267 Paulus
2503 3204 2732 3278 simplici
2756 3206 2919 3261 verbo
2946 3201 3328 3260 Proconsnlcm
3356 3217 3452 3256 ceu
3481 3216 3636 3272 sage-

2050 3323 2112 3361 na
2168 3305 2350 3374 cepit,
2409 3313 2463 3358 et
2523 3316 2643 3356 cum
2695 3298 2973 3368 Philippus
3020 3295 3323 3351 eunuchum
3377 3292 3639 3348 Candacis

2050 3395 2340 3466 EthiOpiae
2370 3395 2566 3463 reginae
2593 3391 2657 3446 ad
2687 3390 2843 3444 fidem
2874 3388 3158 3444 convertit.

2122 3488 2401 3544 llomiliam
2419 3499 2629 3556 quoque
2651 3481 2984 3537 undecimam
3006 3476 3192 3534 habuit
3208 3484 3485 3548 postquam
3503 3476 3640 3530 alius

2049 3580 2335 3635 admodum
2365 3593 2532 3632 senex
2583 3583 2850 3629 oraverat.
2892 3571 2965 3626 lbi
3009 3571 3236 3641 prinntm
3283 3585 3342 3623 se
3389 3567 3639 3623 audiendi

2049 3672 2243 3740 cupido
2272 3669 2433 3724 coetui
2476 3667 2794 3738 gratulatur,
2826 3678 2889 3717 ac
2914 3662 2981 3718 de
3012 3662 3266 3716 Iileazaro
3307 3668 3361 3713 et
3398 3660 3465 3714 de
3508 3657 3644 3713 Mac-

2049 3763 2245 3819 cabzeis
2269 3762 2397 3831 agit,
2428 3774 2657 3830 quorum
2688 3754 2881 3812 festum
2909 3755 2960 3808 in
2997 3753 3234 3807 Ecclesia
3271 3751 3642 3806 Constantino-

2051 3855 2285 3924 politana
2311 3850 2701 3913 celebrabatur,
2730 3857 2782 3903 et
2808 3861 2942 3916 quos
2974 3844 3161 3914 prnbat
3184 3842 3270 3896 ille
3301 3859 3396 3913 pro
3423 3842 3640 3897 Cltrism

2052 3961 2237 4017 passos
2257 3959 2398 4000 esse.
2430 3942 2484 3997 la
2520 3945 2622 3996 line
2646 3939 2922 3995 concionis
2944 3951 3108 4006 pauca
3136 3934 3527 3990 desiderantur.

2124 4038 2392 4093 llaelcuus
2445 4034 2675 4087 vidimus
2721 4030 2888 4101 (Anno
2915 4027 3041 4096 599)
3089 4027 3266 4081 omnia
3323 4024 3528 4095 placide
3581 4032 3643 4077 vt

2054 4141 2245 4199 sponte
2274 4127 2512 4192 ﬂuentia,
2560 4123 2855 4180 Eudoxiam
2906 4123 3197 4189 Augustam
3245 4119 3349 4189 piis
3390 4117 3642 4187 operibus

2055 4222 2471 4285 incumbentem,
2503 4231 2558 4273 et
2603 4233 2633 4271 a
2663 4215 3060 4287 ‘Chrysosmmo
3108 4211 3351 4266 laudibus
3399 4209 3646 4266 celebra-

2056 4327 2162 4372 tam
2195 4309 2853 4380 :Constantinopolitauos
2887 4307 2958 4362 ob
2992 4305 3251 4360 circensia
3281 4311 3335 4358 et
3365 4300 3641 4357 theatralia

2055 4406 2356 4478 Spectacula
2379 4403 2694 4475 gravissime
2731 4401 3057 4469 increpatos,
3089 4404 3355 4466 Optantes,
3402 4394 3511 4447 imo
3556 4392 3643 4446 itt-

2056 4509 2260 4558 stantes
2283 4498 2425 4568 apud
2456 4496 2895 4567 Chrysostomum
2920 4498 2977 4544 ut
3000 4506 3058 4544 se
3086 4488 3279 4544 talibus
3306 4496 3411 4540 tam
3433 4482 3643 4539 acerbis

2058 4591 2277 4647 monitis
2302 4589 2370 4644 ad
2408 4596 2610 4644 rectam
2661 4585 2803 4639 viam
2846 4582 3177 4638 deduceret:
3210 4577 3457 4644 Gotthos,
3491 4576 3642 4645 jussu

2058 4685 2173 4754 ejus
2194 4681 2442 4739 Gottltire
2470 4677 2772 4746 Scripturas
2802 4675 3041 4745 legentes
3065 4681 3118 4727 et
3152 4670 3399 4727 Gottbice
3443 4666 3641 4737 praedi-

2059 4784 2259 4829 cantes.
2286 4773 2401 4827 .lam
2435 4786 2561 4825 vero
2585 4768 2653 4829 ad
2689 4769 2857 4821 tristia
2891 4765 3153 4825 ducimur,
3187 4778 3306 4832 quae
3345 4770 3403 4815 ut
3448 4758 3646 4814 clarius

2059 4879 2409 4934 exponamus,
2440 4863 2599 4916 altius
2630 4859 2917 4929 repetenda
2941 4873 3026 4912 res
3052 4865 3152 4911 est.

2134 4957 2366 5025 [διατι-θρὶξ
2413 4952 2629 5015 eunuchi
2673 4950 2901 5005 historia.
2934 4979 3002 4989 —
3031 4946 3315 5015 Eutropius
3363 4945 3642 4999 eunuchus

2060 5050 2228 5117 gratia
2249 5046 2387 5118 apud
2407 5046 2781 5114 Imperatorem
2800 5042 3081 5097 Arcadium
3106 5039 3387 5109 plurimum
3408 5037 3642 5103 valebat,

2059 5142 2280 5211 ejusque
2309 5139 2530 5194 consilio
2568 5148 2623 5191 et
2663 5136 2977 5191 auctoritate
3014 5148 3238 5203 qmnque
3281 5130 3509 5187 maxima
3544 5128 3648 5185 lm-

2061 5234 2193 5304 perii
2220 5230 2427 5302 negotia
2454 5230 2774 5300 gerebantur
2803 5226 3084 5297 (C/lrysost.
3114 5225 3167 5277 in
3197 5222 3501 5293 Eutropium
3527 5232 3563 5275 ι.
3589 5224 3646 5277 5,

2067 5339 2116 5374 c.
2146 5323 2295 5392 591).
2330 5320 2379 5375 ls
2404 5335 2523 5374 cum
2563 5319 2783 5373 Joannis
2810 5316 3176 5387 Chrysostomi
3209 5316 3260 5369 in
3291 5316 3473 5369 sedem
3503 5313 3645 5367 Con.

2061 5414 2582 5482 stantinopolitanam
2625 5409 2968 5481 promovendi
3007 5418 3190 5461 auctor
3230 5406 3446 5471 fuisset,
3496 5406 3652 5459 initio

2062 5506 2179 5576 ejus
2220 5504 2432 5559 monitis
2466 5492 2776 5573 placitisque
2817 5500 2954 5555 haud
2993 5514 3133 5571 mgre
3170 5513 3372 5554 morem
3402 5498 3643 5567 gerebat.

2062 5598 2399 5669 Subindeque
2422 5603 2761 5651 accrescente
2789 5594 3025 5664 potentia
3049 5635 3064 5660 ,
3102 5606 3223 5646 cum
3258 5591 3394 5644 altos
3424 5588 3643 5659 spiritus

2063 5690 2454 5761 assumpsisset,
2476 5702 2580 5742 non
2594 5686 2880 5743 desistebat
2894 5680 3423 5757 Chrysostontus,sed
3436 5680 3652 5735 diccbat

2066 5785 2138 5842 iiii
2168 5783 2409 5857 fugitives
2437 5795 2555 5838 esse
2585 5780 2795 5841 divitias
2835 5779 3179 5853 fragilemque
3211 5777 3499 5850 potentiam
3541 5789 3648 5833 ac:
