  <div class='ocr_page' id='page_1' title='image "/cluster/home/n/w/nwhite01/storage/ocr_20150623/47/nnc1.0046978321/185.png"; bbox 0 0 4122 6386; ppageno 0'>
   <div class='ocr_carea' id='block_1_1' title="bbox 491 341 587 395">
    <p class='ocr_par' dir='ltr' id='par_1_1' title="bbox 491 341 587 395">
     <span class='ocr_line' id='line_1_1' title="bbox 491 341 587 395; baseline 0 -1"><span class='ocrx_word' id='word_1_1' title='bbox 491 341 587 395; x_wconf 72' lang='grc'><strong>173</strong></span> 
     </span>
    </p>
   </div>
   <div class='ocr_carea' id='block_1_2' title="bbox 487 449 2077 523">
    <p class='ocr_par' dir='ltr' id='par_1_2' title="bbox 487 449 2077 523">
     <span class='ocr_line' id='line_1_2' title="bbox 487 449 2077 523; baseline -0.003 -16"><span class='ocrx_word' id='word_1_2' title='bbox 487 454 741 508; x_wconf 86' lang='lat' dir='ltr'><strong>culareut.</strong></span> <span class='ocrx_word' id='word_1_3' title='bbox 776 452 867 508; x_wconf 87' lang='lat' dir='ltr'><strong>lllu</strong></span> <span class='ocrx_word' id='word_1_4' title='bbox 896 462 1069 509; x_wconf 82' lang='lat' dir='ltr'><strong>autem</strong></span> <span class='ocrx_word' id='word_1_5' title='bbox 1100 469 1212 511; x_wconf 88' lang='lat' dir='ltr'><strong>rem</strong></span> <span class='ocrx_word' id='word_1_6' title='bbox 1241 468 1379 523; x_wconf 78' lang='lat' dir='ltr'><strong>:rgre</strong></span> <span class='ocrx_word' id='word_1_7' title='bbox 1406 451 1628 518; x_wconf 87' lang='lat' dir='ltr'><strong>ferente,</strong></span> <span class='ocrx_word' id='word_1_8' title='bbox 1654 450 1884 505; x_wconf 88' lang='lat' dir='ltr'><strong>addebat</strong></span> <span class='ocrx_word' id='word_1_9' title='bbox 1904 449 1963 505; x_wconf 90' lang='lat' dir='ltr'><strong>S.</strong></span> <span class='ocrx_word' id='word_1_10' title='bbox 1982 449 2077 503; x_wconf 92' lang='lat' dir='ltr'><strong>do-</strong></span> 
     </span>
    </p>
   </div>
   <div class='ocr_carea' id='block_1_3' title="bbox 492 540 2075 617">
    <p class='ocr_par' dir='ltr' id='par_1_3' title="bbox 492 540 2075 617">
     <span class='ocr_line' id='line_1_3' title="bbox 492 540 2075 617; baseline -0.003 -19"><span class='ocrx_word' id='word_1_11' title='bbox 492 555 626 610; x_wconf 87' lang='lat' dir='ltr'><strong>rtor,</strong></span> <span class='ocrx_word' id='word_1_12' title='bbox 659 559 719 601; x_wconf 90' lang='lat' dir='ltr'><strong>se</strong></span> <span class='ocrx_word' id='word_1_13' title='bbox 747 545 836 613; x_wconf 85' lang='lat' dir='ltr'><strong>qui</strong></span> <span class='ocrx_word' id='word_1_14' title='bbox 867 554 1152 617; x_wconf 84' lang='lat' dir='ltr'><strong>argueret,</strong></span> <span class='ocrx_word' id='word_1_15' title='bbox 1182 559 1307 599; x_wconf 90' lang='lat' dir='ltr'><strong>vere</strong></span> <span class='ocrx_word' id='word_1_16' title='bbox 1333 546 1595 609; x_wconf 88' lang='lat' dir='ltr'><strong>amicum;</strong></span> <span class='ocrx_word' id='word_1_17' title='bbox 1628 551 1958 610; x_wconf 80' lang='lat' dir='ltr'><strong>eat-torosque</strong></span> <span class='ocrx_word' id='word_1_18' title='bbox 1987 540 2075 609; x_wconf 84' lang='lat' dir='ltr'><strong>qui</strong></span> 
     </span>
    </p>
   </div>
   <div class='ocr_carea' id='block_1_4' title="bbox 489 633 2080 710">
    <p class='ocr_par' dir='ltr' id='par_1_4' title="bbox 489 633 2080 710">
     <span class='ocr_line' id='line_1_4' title="bbox 489 633 2080 710; baseline -0.005 -17"><span class='ocrx_word' id='word_1_19' title='bbox 489 650 633 710; x_wconf 87' lang='lat' dir='ltr'><strong>gesta</strong></span> <span class='ocrx_word' id='word_1_20' title='bbox 678 639 846 709; x_wconf 84' lang='lat' dir='ltr'><strong>ipsius</strong></span> <span class='ocrx_word' id='word_1_21' title='bbox 890 637 1203 705; x_wconf 78' lang='lat' dir='ltr'><strong>laudarent,</strong></span> <span class='ocrx_word' id='word_1_22' title='bbox 1251 636 1555 692; x_wconf 75' lang='lat' dir='ltr'><strong>adulatores</strong></span> <span class='ocrx_word' id='word_1_23' title='bbox 1597 649 1739 688; x_wconf 80' lang='lat' dir='ltr'><strong>esse.</strong></span> <span class='ocrx_word' id='word_1_24' title='bbox 1792 633 2080 703; x_wconf 79' lang='lat' dir='ltr'><strong>Eutropius</strong></span> 
     </span>
    </p>
   </div>
   <div class='ocr_carea' id='block_1_5' title="bbox 494 725 2077 801">
    <p class='ocr_par' dir='ltr' id='par_1_5' title="bbox 494 725 2077 801">
     <span class='ocr_line' id='line_1_5' title="bbox 494 725 2077 801; baseline -0.003 -19"><span class='ocrx_word' id='word_1_25' title='bbox 494 745 624 785; x_wconf 86' lang='lat' dir='ltr'><strong>vero</strong></span> <span class='ocrx_word' id='word_1_26' title='bbox 650 746 763 785; x_wconf 90' lang='lat' dir='ltr'><strong>rem</strong></span> <span class='ocrx_word' id='word_1_27' title='bbox 795 729 1010 801; x_wconf 85' lang='lat' dir='ltr'><strong>indigne</strong></span> <span class='ocrx_word' id='word_1_28' title='bbox 1047 729 1197 793; x_wconf 90' lang='lat' dir='ltr'><strong>tulit,</strong></span> <span class='ocrx_word' id='word_1_29' title='bbox 1244 742 1309 782; x_wconf 90' lang='lat' dir='ltr'><strong>ac</strong></span> <span class='ocrx_word' id='word_1_30' title='bbox 1348 726 1541 782; x_wconf 87' lang='lat' dir='ltr'><strong>deinde</strong></span> <span class='ocrx_word' id='word_1_31' title='bbox 1570 725 1955 797; x_wconf 85' lang='lat' dir='ltr'><strong>Chrysostomo</strong></span> <span class='ocrx_word' id='word_1_32' title='bbox 1982 725 2077 777; x_wconf 89' lang='lat' dir='ltr'><strong>ad-</strong></span> 
     </span>
    </p>
   </div>
   <div class='ocr_carea' id='block_1_6' title="bbox 492 820 819 879">
    <p class='ocr_par' dir='ltr' id='par_1_6' title="bbox 492 820 819 879">
     <span class='ocr_line' id='line_1_6' title="bbox 492 820 819 879; baseline -0.006 -4"><span class='ocrx_word' id='word_1_33' title='bbox 492 820 819 879; x_wconf 83' lang='lat' dir='ltr'><strong>versabatur.</strong></span> 
     </span>
    </p>
   </div>
   <div class='ocr_carea' id='block_1_7' title="bbox 566 903 2080 981">
    <p class='ocr_par' dir='ltr' id='par_1_7' title="bbox 566 903 2080 981">
     <span class='ocr_line' id='line_1_7' title="bbox 566 903 2080 981; baseline -0.005 -17"><span class='ocrx_word' id='word_1_34' title='bbox 566 911 708 965; x_wconf 89' lang='lat' dir='ltr'><strong>Inter</strong></span> <span class='ocrx_word' id='word_1_35' title='bbox 736 910 836 965; x_wconf 87' lang='lat' dir='ltr'><strong>alia</strong></span> <span class='ocrx_word' id='word_1_36' title='bbox 867 924 1014 972; x_wconf 90' lang='lat' dir='ltr'><strong>vero,</strong></span> <span class='ocrx_word' id='word_1_37' title='bbox 1045 925 1163 980; x_wconf 69' lang='lat' dir='ltr'><strong>qua:</strong></span> <span class='ocrx_word' id='word_1_38' title='bbox 1186 917 1382 981; x_wconf 72' lang='lat' dir='ltr'><strong>prmter</strong></span> <span class='ocrx_word' id='word_1_39' title='bbox 1409 905 1774 981; x_wconf 77' lang='lat' dir='ltr'><strong>Chrysostomi</strong></span> <span class='ocrx_word' id='word_1_40' title='bbox 1800 903 2080 959; x_wconf 82' lang='lat' dir='ltr'><strong>consilium</strong></span> 
     </span>
    </p>
   </div>
   <div class='ocr_carea' id='block_1_8' title="bbox 490 996 2083 1071">
    <p class='ocr_par' dir='ltr' id='par_1_8' title="bbox 490 996 2083 1071">
     <span class='ocr_line' id='line_1_8' title="bbox 490 996 2083 1071; baseline -0.006 -13"><span class='ocrx_word' id='word_1_41' title='bbox 490 1011 549 1058; x_wconf 83' lang='lat' dir='ltr'><strong>et</strong></span> <span class='ocrx_word' id='word_1_42' title='bbox 579 1002 902 1058; x_wconf 77' lang='lat' dir='ltr'><strong>voluntatem</strong></span> <span class='ocrx_word' id='word_1_43' title='bbox 942 1001 1238 1071; x_wconf 90' lang='lat' dir='ltr'><strong>designavit</strong></span> <span class='ocrx_word' id='word_1_44' title='bbox 1267 1000 1581 1070; x_wconf 89' lang='lat' dir='ltr'><strong>Eutropius,</strong></span> <span class='ocrx_word' id='word_1_45' title='bbox 1632 999 1799 1068; x_wconf 81' lang='lat' dir='ltr'><strong>legem</strong></span> <span class='ocrx_word' id='word_1_46' title='bbox 1834 996 1957 1051; x_wconf 90' lang='lat' dir='ltr'><strong>ferri</strong></span> <span class='ocrx_word' id='word_1_47' title='bbox 1990 1010 2083 1049; x_wconf 88' lang='lat' dir='ltr'><strong>cu-</strong></span> 
     </span>
    </p>
   </div>
   <div class='ocr_carea' id='block_1_9' title="bbox 496 1089 2081 1166">
    <p class='ocr_par' dir='ltr' id='par_1_9' title="bbox 496 1089 2081 1166">
     <span class='ocr_line' id='line_1_9' title="bbox 496 1089 2081 1166; baseline -0.003 -19"><span class='ocrx_word' id='word_1_48' title='bbox 496 1094 654 1162; x_wconf 87' lang='lat' dir='ltr'><strong>ravit,</strong></span> <span class='ocrx_word' id='word_1_49' title='bbox 687 1102 744 1147; x_wconf 91' lang='lat' dir='ltr'><strong>ut</strong></span> <span class='ocrx_word' id='word_1_50' title='bbox 768 1093 904 1166; x_wconf 83' lang='lat' dir='ltr'><strong>asyli</strong></span> <span class='ocrx_word' id='word_1_51' title='bbox 942 1103 998 1148; x_wconf 89' lang='lat' dir='ltr'><strong>et</strong></span> <span class='ocrx_word' id='word_1_52' title='bbox 1025 1092 1379 1148; x_wconf 71' lang='lat' dir='ltr'><strong>immanitatis</strong></span> <span class='ocrx_word' id='word_1_53' title='bbox 1399 1092 1489 1161; x_wconf 85' lang='lat' dir='ltr'><strong>jus</strong></span> <span class='ocrx_word' id='word_1_54' title='bbox 1513 1092 1751 1146; x_wconf 84' lang='lat' dir='ltr'><strong>ecclesiis</strong></span> <span class='ocrx_word' id='word_1_55' title='bbox 1783 1089 2081 1143; x_wconf 89' lang='lat' dir='ltr'><strong>tolleretur.</strong></span> 
     </span>
    </p>
   </div>
   <div class='ocr_carea' id='block_1_10' title="bbox 499 1181 2080 1255">
    <p class='ocr_par' dir='ltr' id='par_1_10' title="bbox 499 1181 2080 1255">
     <span class='ocr_line' id='line_1_10' title="bbox 499 1181 2080 1255; baseline -0.006 -14"><span class='ocrx_word' id='word_1_56' title='bbox 499 1186 694 1251; x_wconf 72' lang='lat' dir='ltr'><strong>Verum</strong></span> <span class='ocrx_word' id='word_1_57' title='bbox 725 1185 777 1241; x_wconf 90' lang='lat' dir='ltr'><strong>id</strong></span> <span class='ocrx_word' id='word_1_58' title='bbox 808 1186 898 1243; x_wconf 87' lang='lat' dir='ltr'><strong>ille</strong></span> <span class='ocrx_word' id='word_1_59' title='bbox 942 1187 996 1240; x_wconf 91' lang='lat' dir='ltr'><strong>in</strong></span> <span class='ocrx_word' id='word_1_60' title='bbox 1038 1185 1227 1254; x_wconf 82' lang='lat' dir='ltr'><strong>capitis</strong></span> <span class='ocrx_word' id='word_1_61' title='bbox 1267 1186 1347 1238; x_wconf 88' lang='lat' dir='ltr'><strong>sui</strong></span> <span class='ocrx_word' id='word_1_62' title='bbox 1393 1183 1681 1255; x_wconf 79' lang='lat' dir='ltr'><strong>perniciem</strong></span> <span class='ocrx_word' id='word_1_63' title='bbox 1727 1181 1939 1235; x_wconf 83' lang='lat' dir='ltr'><strong>molitus</strong></span> <span class='ocrx_word' id='word_1_64' title='bbox 1978 1189 2080 1233; x_wconf 89' lang='lat' dir='ltr'><strong>est.</strong></span> 
     </span>
    </p>
   </div>
   <div class='ocr_carea' id='block_1_11' title="bbox 493 1272 2081 1347">
    <p class='ocr_par' dir='ltr' id='par_1_11' title="bbox 493 1272 2081 1347">
     <span class='ocr_line' id='line_1_11' title="bbox 493 1272 2081 1347; baseline -0.005 -16"><span class='ocrx_word' id='word_1_65' title='bbox 493 1276 628 1333; x_wconf 87' lang='lat' dir='ltr'><strong>Cum</strong></span> <span class='ocrx_word' id='word_1_66' title='bbox 660 1277 801 1333; x_wconf 92' lang='lat' dir='ltr'><strong>enim</strong></span> <span class='ocrx_word' id='word_1_67' title='bbox 831 1283 1015 1347; x_wconf 88' lang='lat' dir='ltr'><strong>postea</strong></span> <span class='ocrx_word' id='word_1_68' title='bbox 1043 1286 1374 1331; x_wconf 87' lang='lat' dir='ltr'><strong>accresceret</strong></span> <span class='ocrx_word' id='word_1_69' title='bbox 1402 1275 1501 1329; x_wconf 90' lang='lat' dir='ltr'><strong>sibi</strong></span> <span class='ocrx_word' id='word_1_70' title='bbox 1531 1274 1669 1344; x_wconf 90' lang='lat' dir='ltr'><strong>apud</strong></span> <span class='ocrx_word' id='word_1_71' title='bbox 1703 1272 2081 1343; x_wconf 86' lang='lat' dir='ltr'><strong>Imperatorem</strong></span> 
     </span>
    </p>
   </div>
   <div class='ocr_carea' id='block_1_12' title="bbox 493 1364 2087 1445">
    <p class='ocr_par' dir='ltr' id='par_1_12' title="bbox 493 1364 2087 1445">
     <span class='ocr_line' id='line_1_12' title="bbox 493 1364 2087 1445; baseline -0.006 -21"><span class='ocrx_word' id='word_1_72' title='bbox 493 1372 694 1445; x_wconf 85' lang='lat' dir='ltr'><strong>gratia,</strong></span> <span class='ocrx_word' id='word_1_73' title='bbox 744 1370 959 1426; x_wconf 89' lang='lat' dir='ltr'><strong>Patricii</strong></span> <span class='ocrx_word' id='word_1_74' title='bbox 991 1385 1185 1425; x_wconf 89' lang='lat' dir='ltr'><strong>nomen</strong></span> <span class='ocrx_word' id='word_1_75' title='bbox 1213 1377 1269 1424; x_wconf 91' lang='lat' dir='ltr'><strong>et</strong></span> <span class='ocrx_word' id='word_1_76' title='bbox 1294 1368 1627 1423; x_wconf 88' lang='lat' dir='ltr'><strong>consulatum</strong></span> <span class='ocrx_word' id='word_1_77' title='bbox 1657 1366 1781 1421; x_wconf 87' lang='lat' dir='ltr'><strong>anni</strong></span> <span class='ocrx_word' id='word_1_78' title='bbox 1812 1364 2087 1433; x_wconf 83' lang='lat' dir='ltr'><strong>undequa-</strong></span> 
     </span>
    </p>
   </div>
   <div class='ocr_carea' id='block_1_13' title="bbox 495 1455 2087 1532">
    <p class='ocr_par' dir='ltr' id='par_1_13' title="bbox 495 1455 2087 1532">
     <span class='ocr_line' id='line_1_13' title="bbox 495 1455 2087 1532; baseline -0.008 -14"><span class='ocrx_word' id='word_1_79' title='bbox 495 1462 896 1532; x_wconf 81' lang='lat' dir='ltr'><strong>dringcntcsimi</strong></span> <span class='ocrx_word' id='word_1_80' title='bbox 923 1470 1284 1531; x_wconf 82' lang='lat' dir='ltr'><strong>Consequutns</strong></span> <span class='ocrx_word' id='word_1_81' title='bbox 1309 1470 1410 1513; x_wconf 90' lang='lat' dir='ltr'><strong>est.</strong></span> <span class='ocrx_word' id='word_1_82' title='bbox 1434 1459 1563 1528; x_wconf 68' lang='lat' dir='ltr'><strong>Quae.</strong></span> <span class='ocrx_word' id='word_1_83' title='bbox 1584 1473 1672 1514; x_wconf 90' lang='lat' dir='ltr'><strong>res</strong></span> <span class='ocrx_word' id='word_1_84' title='bbox 1695 1457 1877 1512; x_wconf 90' lang='lat' dir='ltr'><strong>multis</strong></span> <span class='ocrx_word' id='word_1_85' title='bbox 1901 1455 2087 1523; x_wconf 79' lang='lat' dir='ltr'><strong>diSpli-</strong></span> 
     </span>
    </p>
   </div>
   <div class='ocr_carea' id='block_1_14' title="bbox 495 1546 2083 1621">
    <p class='ocr_par' dir='ltr' id='par_1_14' title="bbox 495 1546 2083 1621">
     <span class='ocr_line' id='line_1_14' title="bbox 495 1546 2083 1621; baseline -0.007 -12"><span class='ocrx_word' id='word_1_86' title='bbox 495 1554 626 1621; x_wconf 76' lang='lat' dir='ltr'><strong>cuit.</strong></span> <span class='ocrx_word' id='word_1_87' title='bbox 646 1554 881 1609; x_wconf 78' lang='lat' dir='ltr'><strong>Tandem</strong></span> <span class='ocrx_word' id='word_1_88' title='bbox 903 1554 1223 1621; x_wconf 73' lang='lat' dir='ltr'><strong>Tribigildus</strong></span> <span class='ocrx_word' id='word_1_89' title='bbox 1246 1553 1490 1606; x_wconf 88' lang='lat' dir='ltr'><strong>tribunus</strong></span> <span class='ocrx_word' id='word_1_90' title='bbox 1509 1551 1645 1605; x_wconf 90' lang='lat' dir='ltr'><strong>clam</strong></span> <span class='ocrx_word' id='word_1_91' title='bbox 1670 1550 1877 1604; x_wconf 83' lang='lat' dir='ltr'><strong>favente</strong></span> <span class='ocrx_word' id='word_1_92' title='bbox 1893 1546 2083 1612; x_wconf 87' lang='lat' dir='ltr'><strong>Gaina,</strong></span> 
     </span>
    </p>
   </div>
   <div class='ocr_carea' id='block_1_15' title="bbox 496 1638 2087 1709">
    <p class='ocr_par' dir='ltr' id='par_1_15' title="bbox 496 1638 2087 1709">
     <span class='ocr_line' id='line_1_15' title="bbox 496 1638 2087 1709; baseline -0.006 -7"><span class='ocrx_word' id='word_1_93' title='bbox 496 1656 680 1702; x_wconf 88' lang='lat' dir='ltr'><strong>coacta</strong></span> <span class='ocrx_word' id='word_1_94' title='bbox 709 1646 933 1699; x_wconf 84' lang='lat' dir='ltr'><strong>militum</strong></span> <span class='ocrx_word' id='word_1_95' title='bbox 966 1659 1123 1698; x_wconf 90' lang='lat' dir='ltr'><strong>manu</strong></span> <span class='ocrx_word' id='word_1_96' title='bbox 1155 1660 1183 1696; x_wconf 92' lang='lat' dir='ltr'><strong>a</strong></span> <span class='ocrx_word' id='word_1_97' title='bbox 1212 1642 1556 1697; x_wconf 84' lang='lat' dir='ltr'><strong>formiduloso</strong></span> <span class='ocrx_word' id='word_1_98' title='bbox 1583 1640 1827 1709; x_wconf 85' lang='lat' dir='ltr'><strong>Principe</strong></span> <span class='ocrx_word' id='word_1_99' title='bbox 1858 1638 2087 1695; x_wconf 85' lang='lat' dir='ltr'><strong>Arcadio</strong></span> 
     </span>
    </p>
   </div>
   <div class='ocr_carea' id='block_1_16' title="bbox 500 1731 2085 1807">
    <p class='ocr_par' dir='ltr' id='par_1_16' title="bbox 500 1731 2085 1807">
     <span class='ocr_line' id='line_1_16' title="bbox 500 1731 2085 1807; baseline -0.005 -16"><span class='ocrx_word' id='word_1_100' title='bbox 500 1737 836 1807; x_wconf 78' lang='lat' dir='ltr'><strong>impetravit,</strong></span> <span class='ocrx_word' id='word_1_101' title='bbox 878 1745 934 1791; x_wconf 92' lang='lat' dir='ltr'><strong>ut</strong></span> <span class='ocrx_word' id='word_1_102' title='bbox 972 1735 1135 1806; x_wconf 86' lang='lat' dir='ltr'><strong>gradu</strong></span> <span class='ocrx_word' id='word_1_103' title='bbox 1166 1735 1488 1803; x_wconf 84' lang='lat' dir='ltr'><strong>dejiceretur</strong></span> <span class='ocrx_word' id='word_1_104' title='bbox 1514 1731 1935 1801; x_wconf 81' lang='lat' dir='ltr'><strong>EutrOpiuszqui</strong></span> <span class='ocrx_word' id='word_1_105' title='bbox 1964 1745 2085 1785; x_wconf 92' lang='lat' dir='ltr'><strong>cum</strong></span> 
     </span>
    </p>
   </div>
   <div class='ocr_carea' id='block_1_17' title="bbox 501 1823 2085 1900">
    <p class='ocr_par' dir='ltr' id='par_1_17' title="bbox 501 1823 2085 1900">
     <span class='ocr_line' id='line_1_17' title="bbox 501 1823 2085 1900; baseline -0.006 -15"><span class='ocrx_word' id='word_1_106' title='bbox 501 1829 848 1900; x_wconf 82' lang='lat' dir='ltr'><strong>&#39;I‘ribigildum</strong></span> <span class='ocrx_word' id='word_1_107' title='bbox 873 1828 1115 1898; x_wconf 92' lang='lat' dir='ltr'><strong>aliosque</strong></span> <span class='ocrx_word' id='word_1_108' title='bbox 1143 1828 1209 1881; x_wconf 90' lang='lat' dir='ltr'><strong>ad</strong></span> <span class='ocrx_word' id='word_1_109' title='bbox 1238 1842 1423 1883; x_wconf 88' lang='lat' dir='ltr'><strong>necem</strong></span> <span class='ocrx_word' id='word_1_110' title='bbox 1452 1826 1551 1880; x_wconf 85' lang='lat' dir='ltr'><strong>sibi</strong></span> <span class='ocrx_word' id='word_1_111' title='bbox 1582 1823 1910 1880; x_wconf 88' lang='lat' dir='ltr'><strong>inferendam</strong></span> <span class='ocrx_word' id='word_1_112' title='bbox 1935 1837 2085 1893; x_wconf 87' lang='lat' dir='ltr'><strong>para-</strong></span> 
     </span>
    </p>
   </div>
   <div class='ocr_carea' id='block_1_18' title="bbox 501 1914 2087 1989">
    <p class='ocr_par' dir='ltr' id='par_1_18' title="bbox 501 1914 2087 1989">
     <span class='ocr_line' id='line_1_18' title="bbox 501 1914 2087 1989; baseline -0.008 -11"><span class='ocrx_word' id='word_1_113' title='bbox 501 1930 584 1979; x_wconf 87' lang='lat' dir='ltr'><strong>tos</strong></span> <span class='ocrx_word' id='word_1_114' title='bbox 603 1930 866 1982; x_wconf 88' lang='lat' dir='ltr'><strong>cerneret,</strong></span> <span class='ocrx_word' id='word_1_115' title='bbox 886 1920 938 1974; x_wconf 92' lang='lat' dir='ltr'><strong>in</strong></span> <span class='ocrx_word' id='word_1_116' title='bbox 961 1919 1264 1987; x_wconf 83' lang='lat' dir='ltr'><strong>ecclesiam,</strong></span> <span class='ocrx_word' id='word_1_117' title='bbox 1283 1917 1422 1989; x_wconf 91' lang='lat' dir='ltr'><strong>quod</strong></span> <span class='ocrx_word' id='word_1_118' title='bbox 1443 1918 1653 1972; x_wconf 91' lang='lat' dir='ltr'><strong>unicum</strong></span> <span class='ocrx_word' id='word_1_119' title='bbox 1672 1916 1769 1969; x_wconf 90' lang='lat' dir='ltr'><strong>sibi</strong></span> <span class='ocrx_word' id='word_1_120' title='bbox 1796 1914 2087 1984; x_wconf 75' lang='lat' dir='ltr'><strong>perfugium</strong></span> 
     </span>
    </p>
   </div>
   <div class='ocr_carea' id='block_1_19' title="bbox 505 2006 2088 2081">
    <p class='ocr_par' dir='ltr' id='par_1_19' title="bbox 505 2006 2088 2081">
     <span class='ocr_line' id='line_1_19' title="bbox 505 2006 2088 2081; baseline -0.004 -15"><span class='ocrx_word' id='word_1_121' title='bbox 505 2021 804 2080; x_wconf 84' lang='lat' dir='ltr'><strong>supererat,</strong></span> <span class='ocrx_word' id='word_1_122' title='bbox 833 2025 891 2066; x_wconf 91' lang='lat' dir='ltr'><strong>se</strong></span> <span class='ocrx_word' id='word_1_123' title='bbox 922 2012 1142 2080; x_wconf 88' lang='lat' dir='ltr'><strong>recepit.</strong></span> <span class='ocrx_word' id='word_1_124' title='bbox 1171 2010 1490 2081; x_wconf 87' lang='lat' dir='ltr'><strong>Tribigildus</strong></span> <span class='ocrx_word' id='word_1_125' title='bbox 1515 2019 1691 2063; x_wconf 90' lang='lat' dir='ltr'><strong>autem</strong></span> <span class='ocrx_word' id='word_1_126' title='bbox 1711 2006 1797 2078; x_wconf 85' lang='grc' dir='ltr'><strong>(Τ.</strong></span> <span class='ocrx_word' id='word_1_127' title='bbox 1818 2009 1869 2063; x_wconf 79' lang='lat'><strong>5.</strong></span> <span class='ocrx_word' id='word_1_128' title='bbox 1898 2022 1943 2059; x_wconf 89' lang='lat' dir='ltr'><strong>c.</strong></span> <span class='ocrx_word' id='word_1_129' title='bbox 1961 2006 2088 2076; x_wconf 73' lang='grc'><strong>591)</strong></span> 
     </span>
    </p>
   </div>
   <div class='ocr_carea' id='block_1_20' title="bbox 503 2097 2087 2170">
    <p class='ocr_par' dir='ltr' id='par_1_20' title="bbox 503 2097 2087 2170">
     <span class='ocr_line' id='line_1_20' title="bbox 503 2097 2087 2170; baseline -0.003 -15"><span class='ocrx_word' id='word_1_130' title='bbox 503 2111 559 2155; x_wconf 88' lang='lat' dir='ltr'><strong>et</strong></span> <span class='ocrx_word' id='word_1_131' title='bbox 584 2102 780 2156; x_wconf 86' lang='lat' dir='ltr'><strong>milites</strong></span> <span class='ocrx_word' id='word_1_132' title='bbox 804 2101 951 2169; x_wconf 86' lang='lat' dir='ltr'><strong>jussa</strong></span> <span class='ocrx_word' id='word_1_133' title='bbox 995 2102 1331 2170; x_wconf 86' lang='lat' dir='ltr'><strong>imperatoris</strong></span> <span class='ocrx_word' id='word_1_134' title='bbox 1358 2099 1570 2155; x_wconf 82' lang='lat' dir='ltr'><strong>Arcadii</strong></span> <span class='ocrx_word' id='word_1_135' title='bbox 1603 2114 1710 2169; x_wconf 83' lang='lat' dir='ltr'><strong>pra:</strong></span> <span class='ocrx_word' id='word_1_136' title='bbox 1739 2113 1798 2153; x_wconf 91' lang='lat' dir='ltr'><strong>se</strong></span> <span class='ocrx_word' id='word_1_137' title='bbox 1820 2097 2087 2163; x_wconf 88' lang='lat' dir='ltr'><strong>ferentes,</strong></span> 
     </span>
    </p>
   </div>
   <div class='ocr_carea' id='block_1_21' title="bbox 506 2188 2093 2262">
    <p class='ocr_par' dir='ltr' id='par_1_21' title="bbox 506 2188 2093 2262">
     <span class='ocr_line' id='line_1_21' title="bbox 506 2188 2093 2262; baseline -0.003 -17"><span class='ocrx_word' id='word_1_138' title='bbox 506 2202 566 2247; x_wconf 91' lang='lat' dir='ltr'><strong>ut</strong></span> <span class='ocrx_word' id='word_1_139' title='bbox 595 2192 695 2247; x_wconf 91' lang='lat' dir='ltr'><strong>sibi</strong></span> <span class='ocrx_word' id='word_1_140' title='bbox 740 2192 1029 2262; x_wconf 82' lang='lat' dir='ltr'><strong>Eutropius</strong></span> <span class='ocrx_word' id='word_1_141' title='bbox 1072 2192 1373 2247; x_wconf 85' lang='lat' dir='ltr'><strong>traderetur</strong></span> <span class='ocrx_word' id='word_1_142' title='bbox 1398 2190 1746 2254; x_wconf 84' lang='lat' dir='ltr'><strong>insistebant,</strong></span> <span class='ocrx_word' id='word_1_143' title='bbox 1791 2199 1847 2243; x_wconf 93' lang='lat' dir='ltr'><strong>et</strong></span> <span class='ocrx_word' id='word_1_144' title='bbox 1892 2188 2093 2243; x_wconf 87' lang='lat' dir='ltr'><strong>strictis</strong></span> 
     </span>
    </p>
   </div>
   <div class='ocr_carea' id='block_1_22' title="bbox 503 2277 2091 2352">
    <p class='ocr_par' dir='ltr' id='par_1_22' title="bbox 503 2277 2091 2352">
     <span class='ocr_line' id='line_1_22' title="bbox 503 2277 2091 2352; baseline -0.003 -17"><span class='ocrx_word' id='word_1_145' title='bbox 503 2282 695 2351; x_wconf 75' lang='lat' dir='ltr'><strong>gladiis</strong></span> <span class='ocrx_word' id='word_1_146' title='bbox 733 2281 786 2336; x_wconf 91' lang='lat' dir='ltr'><strong>in</strong></span> <span class='ocrx_word' id='word_1_147' title='bbox 826 2283 1105 2337; x_wconf 76' lang='lat' dir='ltr'><strong>ecclesiam</strong></span> <span class='ocrx_word' id='word_1_148' title='bbox 1150 2282 1448 2352; x_wconf 87' lang='lat' dir='ltr'><strong>irrumpere</strong></span> <span class='ocrx_word' id='word_1_149' title='bbox 1476 2280 1743 2334; x_wconf 88' lang='lat' dir='ltr'><strong>volebant.</strong></span> <span class='ocrx_word' id='word_1_150' title='bbox 1782 2278 1977 2332; x_wconf 83' lang='lat' dir='ltr'><strong>Verum</strong></span> <span class='ocrx_word' id='word_1_151' title='bbox 2008 2277 2091 2331; x_wconf 91' lang='lat' dir='ltr'><strong>in-</strong></span> 
     </span>
    </p>
   </div>
   <div class='ocr_carea' id='block_1_23' title="bbox 504 2368 2091 2445">
    <p class='ocr_par' dir='ltr' id='par_1_23' title="bbox 504 2368 2091 2445">
     <span class='ocr_line' id='line_1_23' title="bbox 504 2368 2091 2445; baseline -0.004 -17"><span class='ocrx_word' id='word_1_152' title='bbox 504 2372 710 2442; x_wconf 84' lang='lat' dir='ltr'><strong>trepide</strong></span> <span class='ocrx_word' id='word_1_153' title='bbox 725 2373 932 2427; x_wconf 86' lang='lat' dir='ltr'><strong>obstitit</strong></span> <span class='ocrx_word' id='word_1_154' title='bbox 944 2369 1375 2445; x_wconf 82' lang='lat' dir='ltr'><strong>Chrysostomus,</strong></span> <span class='ocrx_word' id='word_1_155' title='bbox 1394 2370 1613 2441; x_wconf 88' lang='lat' dir='ltr'><strong>fugitivo</strong></span> <span class='ocrx_word' id='word_1_156' title='bbox 1630 2368 1868 2425; x_wconf 76' lang='lat' dir='ltr'><strong>ecclesia:</strong></span> <span class='ocrx_word' id='word_1_157' title='bbox 1886 2368 2091 2440; x_wconf 81' lang='lat' dir='ltr'><strong>asylum</strong></span> 
     </span>
    </p>
   </div>
   <div class='ocr_carea' id='block_1_24' title="bbox 507 2463 1275 2520">
    <p class='ocr_par' dir='ltr' id='par_1_24' title="bbox 507 2463 1275 2520">
     <span class='ocr_line' id='line_1_24' title="bbox 507 2463 1275 2520; baseline -0.001 -2"><span class='ocrx_word' id='word_1_158' title='bbox 507 2474 675 2518; x_wconf 88' lang='lat' dir='ltr'><strong>tutum</strong></span> <span class='ocrx_word' id='word_1_159' title='bbox 706 2479 826 2520; x_wconf 88' lang='lat' dir='ltr'><strong>esse</strong></span> <span class='ocrx_word' id='word_1_160' title='bbox 849 2464 1045 2520; x_wconf 88' lang='lat' dir='ltr'><strong>debere</strong></span> <span class='ocrx_word' id='word_1_161' title='bbox 1073 2463 1275 2518; x_wconf 91' lang='lat' dir='ltr'><strong>dicens.</strong></span> 
     </span>
    </p>
   </div>
   <div class='ocr_carea' id='block_1_25' title="bbox 579 2552 2094 2625">
    <p class='ocr_par' dir='ltr' id='par_1_25' title="bbox 579 2552 2094 2625">
     <span class='ocr_line' id='line_1_25' title="bbox 579 2552 2094 2625; baseline -0.004 -15"><span class='ocrx_word' id='word_1_162' title='bbox 579 2555 729 2610; x_wconf 88' lang='lat' dir='ltr'><strong>Licet</strong></span> <span class='ocrx_word' id='word_1_163' title='bbox 769 2565 946 2610; x_wconf 90' lang='lat' dir='ltr'><strong>autem</strong></span> <span class='ocrx_word' id='word_1_164' title='bbox 984 2555 1036 2609; x_wconf 88' lang='lat' dir='ltr'><strong>id</strong></span> <span class='ocrx_word' id='word_1_165' title='bbox 1077 2555 1215 2625; x_wconf 90' lang='lat' dir='ltr'><strong>apud</strong></span> <span class='ocrx_word' id='word_1_166' title='bbox 1255 2554 1570 2623; x_wconf 86' lang='lat' dir='ltr'><strong>scriptorem</strong></span> <span class='ocrx_word' id='word_1_167' title='bbox 1614 2553 1816 2607; x_wconf 90' lang='lat' dir='ltr'><strong>nullum</strong></span> <span class='ocrx_word' id='word_1_168' title='bbox 1864 2552 2094 2618; x_wconf 89' lang='lat' dir='ltr'><strong>feratur,</strong></span> 
     </span>
    </p>
   </div>
   <div class='ocr_carea' id='block_1_26' title="bbox 511 2627 2095 2717">
    <p class='ocr_par' dir='ltr' id='par_1_26' title="bbox 511 2627 2095 2717">
     <span class='ocr_line' id='line_1_26' title="bbox 511 2627 2095 2717; baseline -0.001 -19"><span class='ocrx_word' id='word_1_169' title='bbox 511 2647 800 2702; x_wconf 87' lang='lat' dir='ltr'><strong>verisimile</strong></span> <span class='ocrx_word' id='word_1_170' title='bbox 823 2656 906 2702; x_wconf 85' lang='lat' dir='ltr'><strong>est</strong></span> <span class='ocrx_word' id='word_1_171' title='bbox 932 2648 1103 2717; x_wconf 92' lang='lat' dir='ltr'><strong>ipsum</strong></span> <span class='ocrx_word' id='word_1_172' title='bbox 1134 2646 1217 2701; x_wconf 89' lang='lat' dir='ltr'><strong>vel</strong></span> <span class='ocrx_word' id='word_1_173' title='bbox 1246 2646 1623 2716; x_wconf 90' lang='lat' dir='ltr'><strong>Imperatorem</strong></span> <span class='ocrx_word' id='word_1_174' title='bbox 1667 2644 1885 2711; x_wconf 87' lang='lat' dir='ltr'><strong>adiisse,</strong></span> <span class='ocrx_word' id='word_1_175' title='bbox 1916 2627 2008 2698; x_wconf 24' lang='lat' dir='ltr'><strong>vel.</strong></span> <span class='ocrx_word' id='word_1_176' title='bbox 2029 2643 2095 2697; x_wconf 89' lang='lat' dir='ltr'><strong>ad</strong></span> 
     </span>
    </p>
   </div>
   <div class='ocr_carea' id='block_1_27' title="bbox 509 2735 2096 2808">
    <p class='ocr_par' dir='ltr' id='par_1_27' title="bbox 509 2735 2096 2808">
     <span class='ocr_line' id='line_1_27' title="bbox 509 2735 2096 2808; baseline -0.002 -16"><span class='ocrx_word' id='word_1_177' title='bbox 509 2738 681 2807; x_wconf 86' lang='lat' dir='ltr'><strong>ipsum</strong></span> <span class='ocrx_word' id='word_1_178' title='bbox 708 2738 1010 2808; x_wconf 86' lang='lat' dir='ltr'><strong>quempiam</strong></span> <span class='ocrx_word' id='word_1_179' title='bbox 1026 2736 1235 2792; x_wconf 87' lang='lat' dir='ltr'><strong>misisse</strong></span> <span class='ocrx_word' id='word_1_180' title='bbox 1253 2745 1525 2806; x_wconf 84' lang='lat' dir='ltr'><strong>rogantem</strong></span> <span class='ocrx_word' id='word_1_181' title='bbox 1553 2748 1605 2789; x_wconf 94' lang='lat' dir='ltr'><strong>ut</strong></span> <span class='ocrx_word' id='word_1_182' title='bbox 1622 2736 1844 2790; x_wconf 90' lang='lat' dir='ltr'><strong>militum</strong></span> <span class='ocrx_word' id='word_1_183' title='bbox 1865 2735 2096 2790; x_wconf 88' lang='lat' dir='ltr'><strong>furorem</strong></span> 
     </span>
    </p>
   </div>
   <div class='ocr_carea' id='block_1_28' title="bbox 508 2826 2099 2901">
    <p class='ocr_par' dir='ltr' id='par_1_28' title="bbox 508 2826 2099 2901">
     <span class='ocr_line' id='line_1_28' title="bbox 508 2826 2099 2901; baseline -0.005 -15"><span class='ocrx_word' id='word_1_184' title='bbox 508 2838 896 2900; x_wconf 86' lang='lat' dir='ltr'><strong>compesceret.</strong></span> <span class='ocrx_word' id='word_1_185' title='bbox 920 2828 1073 2893; x_wconf 87' lang='lat' dir='ltr'><strong>Nam,</strong></span> <span class='ocrx_word' id='word_1_186' title='bbox 1103 2839 1161 2883; x_wconf 92' lang='lat' dir='ltr'><strong>ut</strong></span> <span class='ocrx_word' id='word_1_187' title='bbox 1192 2829 1305 2901; x_wconf 86' lang='lat' dir='ltr'><strong>ipse</strong></span> <span class='ocrx_word' id='word_1_188' title='bbox 1322 2826 1740 2900; x_wconf 78' lang='lat' dir='ltr'><strong>Cbrysostontus</strong></span> <span class='ocrx_word' id='word_1_189' title='bbox 1767 2828 1818 2881; x_wconf 91' lang='lat' dir='ltr'><strong>in</strong></span> <span class='ocrx_word' id='word_1_190' title='bbox 1843 2827 1944 2882; x_wconf 89' lang='lat' dir='ltr'><strong>hac</strong></span> <span class='ocrx_word' id='word_1_191' title='bbox 1969 2843 2099 2881; x_wconf 90' lang='lat' dir='ltr'><strong>con-</strong></span> 
     </span>
    </p>
   </div>
   <div class='ocr_carea' id='block_1_29' title="bbox 510 2917 2098 2991">
    <p class='ocr_par' dir='ltr' id='par_1_29' title="bbox 510 2917 2098 2991">
     <span class='ocr_line' id='line_1_29' title="bbox 510 2917 2098 2991; baseline -0.005 -13"><span class='ocrx_word' id='word_1_192' title='bbox 510 2923 667 2978; x_wconf 84' lang='lat' dir='ltr'><strong>cione</strong></span> <span class='ocrx_word' id='word_1_193' title='bbox 692 2922 840 2986; x_wconf 87' lang='lat' dir='ltr'><strong>dicit,</strong></span> <span class='ocrx_word' id='word_1_194' title='bbox 866 2920 1180 2991; x_wconf 90' lang='lat' dir='ltr'><strong>Imperator,</strong></span> <span class='ocrx_word' id='word_1_195' title='bbox 1209 2920 1297 2989; x_wconf 89' lang='lat' dir='ltr'><strong>qui</strong></span> <span class='ocrx_word' id='word_1_196' title='bbox 1321 2921 1497 2973; x_wconf 89' lang='lat' dir='ltr'><strong>statim</strong></span> <span class='ocrx_word' id='word_1_197' title='bbox 1522 2918 1767 2974; x_wconf 84' lang='lat' dir='ltr'><strong>mandata</strong></span> <span class='ocrx_word' id='word_1_198' title='bbox 1790 2917 2010 2973; x_wconf 87' lang='lat' dir='ltr'><strong>dederat</strong></span> <span class='ocrx_word' id='word_1_199' title='bbox 2042 2924 2098 2971; x_wconf 90' lang='lat' dir='ltr'><strong>ut</strong></span> 
     </span>
    </p>
   </div>
   <div class='ocr_carea' id='block_1_30' title="bbox 515 3006 2095 3087">
    <p class='ocr_par' dir='ltr' id='par_1_30' title="bbox 515 3006 2095 3087">
     <span class='ocr_line' id='line_1_30' title="bbox 515 3006 2095 3087; baseline -0.005 -18"><span class='ocrx_word' id='word_1_200' title='bbox 515 3016 802 3084; x_wconf 70' lang='lat' dir='ltr'><strong>Eutropius</strong></span> <span class='ocrx_word' id='word_1_201' title='bbox 824 3014 1138 3076; x_wconf 87' lang='lat' dir='ltr'><strong>traderetur,</strong></span> <span class='ocrx_word' id='word_1_202' title='bbox 1164 3022 1359 3087; x_wconf 88' lang='lat' dir='ltr'><strong>mutata</strong></span> <span class='ocrx_word' id='word_1_203' title='bbox 1382 3013 1643 3067; x_wconf 74' lang='lat' dir='ltr'><strong>sententia</strong></span> <span class='ocrx_word' id='word_1_204' title='bbox 1674 3010 1758 3084; x_wconf 88' lang='grc' dir='ltr'><strong>(Τ.</strong></span> <span class='ocrx_word' id='word_1_205' title='bbox 1783 3011 1836 3066; x_wconf 77' lang='lat'><strong>5.</strong></span> <span class='ocrx_word' id='word_1_206' title='bbox 1868 3024 1912 3061; x_wconf 89' lang='lat' dir='ltr'><strong>c.</strong></span> <span class='ocrx_word' id='word_1_207' title='bbox 1937 3006 2095 3080; x_wconf 78' lang='lat'><strong>595);</strong></span> 
     </span>
    </p>
   </div>
   <div class='ocr_carea' id='block_1_31' title="bbox 517 3104 2095 3177">
    <p class='ocr_par' dir='ltr' id='par_1_31' title="bbox 517 3104 2095 3177">
     <span class='ocr_line' id='line_1_31' title="bbox 517 3104 2095 3177; baseline -0.003 -16"><span class='ocrx_word' id='word_1_208' title='bbox 517 3106 795 3177; x_wconf 73' lang='lat' dir='ltr'><strong>Postquam</strong></span> <span class='ocrx_word' id='word_1_209' title='bbox 816 3105 1045 3177; x_wconf 82' lang='lat' dir='ltr'><strong>cognovit</strong></span> <span class='ocrx_word' id='word_1_210' title='bbox 1063 3121 1177 3159; x_wconf 90' lang='lat' dir='ltr'><strong>eum</strong></span> <span class='ocrx_word' id='word_1_211' title='bbox 1197 3105 1266 3157; x_wconf 90' lang='lat' dir='ltr'><strong>ad</strong></span> <span class='ocrx_word' id='word_1_212' title='bbox 1284 3104 1488 3175; x_wconf 77' lang='lat' dir='ltr'><strong>asylum</strong></span> <span class='ocrx_word' id='word_1_213' title='bbox 1513 3104 1738 3158; x_wconf 75' lang='lat' dir='ltr'><strong>ecclesia:</strong></span> <span class='ocrx_word' id='word_1_214' title='bbox 1758 3120 1812 3158; x_wconf 89' lang='lat' dir='ltr'><strong>se</strong></span> <span class='ocrx_word' id='word_1_215' title='bbox 1830 3119 2095 3172; x_wconf 73' lang='lat' dir='ltr'><strong>recepisse,</strong></span> 
     </span>
    </p>
   </div>
   <div class='ocr_carea' id='block_1_32' title="bbox 514 3196 2098 3268">
    <p class='ocr_par' dir='ltr' id='par_1_32' title="bbox 514 3196 2098 3268">
     <span class='ocr_line' id='line_1_32' title="bbox 514 3196 2098 3268; baseline -0.001 -19"><span class='ocrx_word' id='word_1_216' title='bbox 514 3198 743 3268; x_wconf 74' lang='lat' dir='ltr'><strong>uﬁluente</strong></span> <span class='ocrx_word' id='word_1_217' title='bbox 781 3197 1002 3251; x_wconf 70' lang='lat' dir='ltr'><strong>exercitu</strong></span> <span class='ocrx_word' id='word_1_218' title='bbox 1042 3206 1087 3249; x_wconf 90' lang='lat' dir='ltr'><strong>et</strong></span> <span class='ocrx_word' id='word_1_219' title='bbox 1128 3196 1375 3249; x_wconf 76' lang='lat' dir='ltr'><strong>concitato</strong></span> <span class='ocrx_word' id='word_1_220' title='bbox 1418 3196 1480 3249; x_wconf 93' lang='lat' dir='ltr'><strong>ob</strong></span> <span class='ocrx_word' id='word_1_221' title='bbox 1516 3197 1629 3265; x_wconf 84' lang='lat' dir='ltr'><strong>ejus</strong></span> <span class='ocrx_word' id='word_1_222' title='bbox 1659 3196 1908 3261; x_wconf 88' lang='lat' dir='ltr'><strong>crimina,</strong></span> <span class='ocrx_word' id='word_1_223' title='bbox 1940 3205 2098 3265; x_wconf 82' lang='lat' dir='ltr'><strong>depo-</strong></span> 
     </span>
    </p>
   </div>
   <div class='ocr_carea' id='block_1_33' title="bbox 513 3287 2099 3358">
    <p class='ocr_par' dir='ltr' id='par_1_33' title="bbox 513 3287 2099 3358">
     <span class='ocr_line' id='line_1_33' title="bbox 513 3287 2099 3358; baseline -0.003 -14"><span class='ocrx_word' id='word_1_224' title='bbox 513 3298 775 3358; x_wconf 77' lang='lat' dir='ltr'><strong>secutaque</strong></span> <span class='ocrx_word' id='word_1_225' title='bbox 806 3287 1058 3341; x_wconf 78' lang='lat' dir='ltr'><strong>hominem</strong></span> <span class='ocrx_word' id='word_1_226' title='bbox 1086 3287 1155 3340; x_wconf 90' lang='lat' dir='ltr'><strong>ad</strong></span> <span class='ocrx_word' id='word_1_227' title='bbox 1188 3287 1519 3357; x_wconf 78' lang='lat' dir='ltr'><strong>supplicium,</strong></span> <span class='ocrx_word' id='word_1_228' title='bbox 1549 3287 1753 3358; x_wconf 82' lang='lat' dir='ltr'><strong>longam</strong></span> <span class='ocrx_word' id='word_1_229' title='bbox 1782 3287 1955 3340; x_wconf 84' lang='lat' dir='ltr'><strong>habuit</strong></span> <span class='ocrx_word' id='word_1_230' title='bbox 1980 3303 2099 3341; x_wconf 87' lang='lat' dir='ltr'><strong>ora-</strong></span> 
     </span>
    </p>
   </div>
   <div class='ocr_carea' id='block_1_34' title="bbox 516 3380 2100 3450">
    <p class='ocr_par' dir='ltr' id='par_1_34' title="bbox 516 3380 2100 3450">
     <span class='ocr_line' id='line_1_34' title="bbox 516 3380 2100 3450; baseline 0 -18"><span class='ocrx_word' id='word_1_231' title='bbox 516 3382 722 3447; x_wconf 81' lang='lat' dir='ltr'><strong>tionem,</strong></span> <span class='ocrx_word' id='word_1_232' title='bbox 752 3396 853 3449; x_wconf 83' lang='lat' dir='ltr'><strong>qua</strong></span> <span class='ocrx_word' id='word_1_233' title='bbox 888 3381 1156 3434; x_wconf 77' lang='lat' dir='ltr'><strong>militarem</strong></span> <span class='ocrx_word' id='word_1_234' title='bbox 1195 3380 1593 3450; x_wconf 85' lang='lat' dir='ltr'><strong>indignationem</strong></span> <span class='ocrx_word' id='word_1_235' title='bbox 1617 3390 1978 3449; x_wconf 90' lang='lat' dir='ltr'><strong>compesceret,</strong></span> <span class='ocrx_word' id='word_1_236' title='bbox 2007 3396 2100 3450; x_wconf 86' lang='lat' dir='ltr'><strong>po-</strong></span> 
     </span>
    </p>
   </div>
   <div class='ocr_carea' id='block_1_35' title="bbox 517 3446 2103 3545">
    <p class='ocr_par' dir='ltr' id='par_1_35' title="bbox 517 3446 2103 3545">
     <span class='ocr_line' id='line_1_35' title="bbox 517 3446 2103 3545; baseline 0 -18"><span class='ocrx_word' id='word_1_237' title='bbox 517 3474 712 3527; x_wconf 88' lang='lat' dir='ltr'><strong>stulans</strong></span> <span class='ocrx_word' id='word_1_238' title='bbox 734 3484 785 3526; x_wconf 88' lang='lat' dir='ltr'><strong>ut</strong></span> <span class='ocrx_word' id='word_1_239' title='bbox 812 3489 912 3526; x_wconf 86' lang='lat' dir='ltr'><strong>non</strong></span> <span class='ocrx_word' id='word_1_240' title='bbox 936 3471 1203 3542; x_wconf 84' lang='lat' dir='ltr'><strong>culparum</strong></span> <span class='ocrx_word' id='word_1_241' title='bbox 1224 3473 1395 3535; x_wconf 84' lang='lat' dir='ltr'><strong>modo,</strong></span> <span class='ocrx_word' id='word_1_242' title='bbox 1413 3473 1501 3526; x_wconf 82' lang='lat' dir='ltr'><strong>sed</strong></span> <span class='ocrx_word' id='word_1_243' title='bbox 1525 3473 1675 3527; x_wconf 87' lang='lat' dir='ltr'><strong>etiam</strong></span> <span class='ocrx_word' id='word_1_244' title='bbox 1700 3483 1830 3527; x_wconf 81' lang='lat' dir='ltr'><strong>recte</strong></span> <span class='ocrx_word' id='word_1_245' title='bbox 1854 3446 2103 3545; x_wconf 70' lang='lat' dir='ltr'><strong>{actorum</strong></span> 
     </span>
    </p>
   </div>
   <div class='ocr_carea' id='block_1_36' title="bbox 519 3563 2103 3634">
    <p class='ocr_par' dir='ltr' id='par_1_36' title="bbox 519 3563 2103 3634">
     <span class='ocr_line' id='line_1_36' title="bbox 519 3563 2103 3634; baseline 0.002 -19"><span class='ocrx_word' id='word_1_246' title='bbox 519 3565 765 3616; x_wconf 80' lang='lat' dir='ltr'><strong>rationem</strong></span> <span class='ocrx_word' id='word_1_247' title='bbox 791 3563 1061 3627; x_wconf 79' lang='lat' dir='ltr'><strong>haberent;</strong></span> <span class='ocrx_word' id='word_1_248' title='bbox 1092 3580 1206 3616; x_wconf 90' lang='lat' dir='ltr'><strong>nam</strong></span> <span class='ocrx_word' id='word_1_249' title='bbox 1237 3580 1331 3633; x_wconf 89' lang='lat' dir='ltr'><strong>pro</strong></span> <span class='ocrx_word' id='word_1_250' title='bbox 1358 3564 1460 3618; x_wconf 82' lang='lat' dir='ltr'><strong>illis</strong></span> <span class='ocrx_word' id='word_1_251' title='bbox 1486 3566 1701 3634; x_wconf 79' lang='lat' dir='ltr'><strong>gratiam</strong></span> <span class='ocrx_word' id='word_1_252' title='bbox 1730 3565 1828 3634; x_wconf 84' lang='lat' dir='ltr'><strong>ipsi</strong></span> <span class='ocrx_word' id='word_1_253' title='bbox 1859 3564 2103 3631; x_wconf 88' lang='lat' dir='ltr'><strong>habebat;</strong></span> 
     </span>
    </p>
   </div>
   <div class='ocr_carea' id='block_1_37' title="bbox 518 3654 2107 3728">
    <p class='ocr_par' dir='ltr' id='par_1_37' title="bbox 518 3654 2107 3728">
     <span class='ocr_line' id='line_1_37' title="bbox 518 3654 2107 3728; baseline 0.001 -19"><span class='ocrx_word' id='word_1_254' title='bbox 518 3656 562 3709; x_wconf 89' lang='lat' dir='ltr'><strong>si</strong></span> <span class='ocrx_word' id='word_1_255' title='bbox 583 3654 706 3724; x_wconf 86' lang='lat' dir='ltr'><strong>quid</strong></span> <span class='ocrx_word' id='word_1_256' title='bbox 732 3671 846 3708; x_wconf 81' lang='lat' dir='ltr'><strong>vero</strong></span> <span class='ocrx_word' id='word_1_257' title='bbox 867 3670 1009 3708; x_wconf 86' lang='lat' dir='ltr'><strong>secus</strong></span> <span class='ocrx_word' id='word_1_258' title='bbox 1032 3654 1248 3723; x_wconf 76' lang='lat' dir='ltr'><strong>fecisset,</strong></span> <span class='ocrx_word' id='word_1_259' title='bbox 1276 3665 1516 3725; x_wconf 83' lang='lat' dir='ltr'><strong>tanquam</strong></span> <span class='ocrx_word' id='word_1_260' title='bbox 1541 3656 1731 3709; x_wconf 88' lang='lat' dir='ltr'><strong>homini</strong></span> <span class='ocrx_word' id='word_1_261' title='bbox 1755 3656 1853 3725; x_wconf 84' lang='lat' dir='ltr'><strong>ipsi</strong></span> <span class='ocrx_word' id='word_1_262' title='bbox 1879 3657 2107 3728; x_wconf 86' lang='lat' dir='ltr'><strong>ignosce-</strong></span> 
     </span>
    </p>
   </div>
   <div class='ocr_carea' id='block_1_38' title="bbox 520 3747 2105 3820">
    <p class='ocr_par' dir='ltr' id='par_1_38' title="bbox 520 3747 2105 3820">
     <span class='ocr_line' id='line_1_38' title="bbox 520 3747 2105 3820; baseline 0.002 -20"><span class='ocrx_word' id='word_1_263' title='bbox 520 3748 623 3800; x_wconf 86' lang='lat' dir='ltr'><strong>bat.</strong></span> <span class='ocrx_word' id='word_1_264' title='bbox 656 3747 783 3803; x_wconf 87' lang='lat' dir='ltr'><strong>Cum</strong></span> <span class='ocrx_word' id='word_1_265' title='bbox 823 3758 992 3801; x_wconf 89' lang='lat' dir='ltr'><strong>autem</strong></span> <span class='ocrx_word' id='word_1_266' title='bbox 1031 3747 1109 3801; x_wconf 89' lang='lat' dir='ltr'><strong>illi</strong></span> <span class='ocrx_word' id='word_1_267' title='bbox 1138 3749 1203 3803; x_wconf 87' lang='lat' dir='ltr'><strong>de</strong></span> <span class='ocrx_word' id='word_1_268' title='bbox 1240 3748 1437 3820; x_wconf 84' lang='lat' dir='ltr'><strong>integro</strong></span> <span class='ocrx_word' id='word_1_269' title='bbox 1477 3757 1706 3819; x_wconf 86' lang='lat' dir='ltr'><strong>urgerent</strong></span> <span class='ocrx_word' id='word_1_270' title='bbox 1732 3748 1800 3801; x_wconf 90' lang='lat' dir='ltr'><strong>ad</strong></span> <span class='ocrx_word' id='word_1_271' title='bbox 1829 3749 2105 3803; x_wconf 81' lang='lat' dir='ltr'><strong>vindictam</strong></span> 
     </span>
    </p>
   </div>
   <div class='ocr_carea' id='block_1_39' title="bbox 521 3837 2106 3906">
    <p class='ocr_par' dir='ltr' id='par_1_39' title="bbox 521 3837 2106 3906">
     <span class='ocr_line' id='line_1_39' title="bbox 521 3837 2106 3906; baseline -0.001 -12"><span class='ocrx_word' id='word_1_272' title='bbox 521 3840 630 3894; x_wconf 72' lang='grc' dir='ltr'><strong>ια’δί</strong></span> <span class='ocrx_word' id='word_1_273' title='bbox 670 3837 1000 3906; x_wconf 76' lang='lat' dir='ltr'><strong>Imperatoris</strong></span> <span class='ocrx_word' id='word_1_274' title='bbox 1021 3881 1035 3903; x_wconf 93' lang='lat'><strong>,</strong></span> <span class='ocrx_word' id='word_1_275' title='bbox 1076 3840 1384 3903; x_wconf 86' lang='lat' dir='ltr'><strong>clamantes,</strong></span> <span class='ocrx_word' id='word_1_276' title='bbox 1433 3840 1737 3905; x_wconf 79' lang='lat' dir='ltr'><strong>exsilientes,</strong></span> <span class='ocrx_word' id='word_1_277' title='bbox 1768 3840 1836 3892; x_wconf 90' lang='lat' dir='ltr'><strong>ad</strong></span> <span class='ocrx_word' id='word_1_278' title='bbox 1864 3840 2106 3893; x_wconf 79' lang='lat' dir='ltr'><strong>ultionem</strong></span> 
     </span>
    </p>
   </div>
   <div class='ocr_carea' id='block_1_40' title="bbox 522 3931 2106 4004">
    <p class='ocr_par' dir='ltr' id='par_1_40' title="bbox 522 3931 2106 4004">
     <span class='ocr_line' id='line_1_40' title="bbox 522 3931 2106 4004; baseline 0.001 -19"><span class='ocrx_word' id='word_1_279' title='bbox 522 3934 866 4001; x_wconf 80' lang='lat' dir='ltr'><strong>deposcentes,</strong></span> <span class='ocrx_word' id='word_1_280' title='bbox 894 3933 1067 3986; x_wconf 86' lang='lat' dir='ltr'><strong>hastas</strong></span> <span class='ocrx_word' id='word_1_281' title='bbox 1091 3931 1338 3986; x_wconf 79' lang='lat' dir='ltr'><strong>vibrantes</strong></span> <span class='ocrx_word' id='word_1_282' title='bbox 1362 3948 1380 3986; x_wconf 90' lang='lat'><strong><em>:</em></strong></span> <span class='ocrx_word' id='word_1_283' title='bbox 1400 3941 1507 3985; x_wconf 90' lang='lat' dir='ltr'><strong>tum</strong></span> <span class='ocrx_word' id='word_1_284' title='bbox 1534 3948 1649 3985; x_wconf 81' lang='lat' dir='ltr'><strong>vero</strong></span> <span class='ocrx_word' id='word_1_285' title='bbox 1669 3936 1832 4003; x_wconf 83' lang='lat' dir='ltr'><strong>fontes</strong></span> <span class='ocrx_word' id='word_1_286' title='bbox 1857 3932 2106 4004; x_wconf 83' lang='lat' dir='ltr'><strong>lacryma-</strong></span> 
     </span>
    </p>
   </div>
   <div class='ocr_carea' id='block_1_41' title="bbox 521 4021 2108 4091">
    <p class='ocr_par' dir='ltr' id='par_1_41' title="bbox 521 4021 2108 4091">
     <span class='ocr_line' id='line_1_41' title="bbox 521 4021 2108 4091; baseline 0 -11"><span class='ocrx_word' id='word_1_287' title='bbox 521 4040 638 4080; x_wconf 78' lang='lat' dir='ltr'><strong>rum</strong></span> <span class='ocrx_word' id='word_1_288' title='bbox 665 4023 1064 4078; x_wconf 83' lang='lat' dir='ltr'><strong>clementissimis</strong></span> <span class='ocrx_word' id='word_1_289' title='bbox 1083 4024 1188 4078; x_wconf 88' lang='lat' dir='ltr'><strong>suis</strong></span> <span class='ocrx_word' id='word_1_290' title='bbox 1209 4023 1371 4078; x_wconf 83' lang='lat' dir='ltr'><strong>oculis</strong></span> <span class='ocrx_word' id='word_1_291' title='bbox 1393 4021 1686 4091; x_wconf 66' lang='lat' dir='ltr'><strong>eﬂ‘undens,</strong></span> <span class='ocrx_word' id='word_1_292' title='bbox 1705 4034 1749 4078; x_wconf 88' lang='lat' dir='ltr'><strong>et</strong></span> <span class='ocrx_word' id='word_1_293' title='bbox 1770 4035 2108 4080; x_wconf 74' lang='lat' dir='ltr'><strong>sacrosancta:</strong></span> 
     </span>
    </p>
   </div>
   <div class='ocr_carea' id='block_1_42' title="bbox 523 4114 2102 4188">
    <p class='ocr_par' dir='ltr' id='par_1_42' title="bbox 523 4114 2102 4188">
     <span class='ocr_line' id='line_1_42' title="bbox 523 4114 2102 4188; baseline 0.001 -20"><span class='ocrx_word' id='word_1_294' title='bbox 523 4130 729 4178; x_wconf 68' lang='lat' dir='ltr'><strong>manus,</strong></span> <span class='ocrx_word' id='word_1_295' title='bbox 750 4114 819 4168; x_wconf 82' lang='lat' dir='ltr'><strong>ad</strong></span> <span class='ocrx_word' id='word_1_296' title='bbox 840 4131 990 4181; x_wconf 87' lang='lat' dir='ltr'><strong>quam</strong></span> <span class='ocrx_word' id='word_1_297' title='bbox 1017 4117 1344 4188; x_wconf 78' lang='lat' dir='ltr'><strong>confugerat,</strong></span> <span class='ocrx_word' id='word_1_298' title='bbox 1375 4115 1667 4187; x_wconf 82' lang='lat' dir='ltr'><strong>religionem</strong></span> <span class='ocrx_word' id='word_1_299' title='bbox 1695 4114 1801 4170; x_wconf 86' lang='lat' dir='ltr'><strong>illis</strong></span> <span class='ocrx_word' id='word_1_300' title='bbox 1826 4115 2102 4185; x_wconf 87' lang='lat' dir='ltr'><strong>incutiens,</strong></span> 
     </span>
    </p>
   </div>
   <div class='ocr_carea' id='block_1_43' title="bbox 523 4204 1471 4275">
    <p class='ocr_par' dir='ltr' id='par_1_43' title="bbox 523 4204 1471 4275">
     <span class='ocr_line' id='line_1_43' title="bbox 523 4204 1471 4275; baseline 0.001 -17"><span class='ocrx_word' id='word_1_301' title='bbox 523 4220 658 4275; x_wconf 67' lang='lat' dir='ltr'><strong>agre</strong></span> <span class='ocrx_word' id='word_1_302' title='bbox 684 4204 883 4258; x_wconf 84' lang='lat' dir='ltr'><strong>tandem</strong></span> <span class='ocrx_word' id='word_1_303' title='bbox 908 4204 1037 4258; x_wconf 89' lang='lat' dir='ltr'><strong>iram</strong></span> <span class='ocrx_word' id='word_1_304' title='bbox 1063 4222 1233 4259; x_wconf 84' lang='lat' dir='ltr'><strong>eorum</strong></span> <span class='ocrx_word' id='word_1_305' title='bbox 1259 4205 1471 4260; x_wconf 78' lang='lat' dir='ltr'><strong>sedavit.</strong></span> 
     </span>
    </p>
   </div>
   <div class='ocr_carea' id='block_1_44' title="bbox 598 4296 2109 4371">
    <p class='ocr_par' dir='ltr' id='par_1_44' title="bbox 598 4296 2109 4371">
     <span class='ocr_line' id='line_1_44' title="bbox 598 4296 2109 4371; baseline 0.005 -22"><span class='ocrx_word' id='word_1_306' title='bbox 598 4296 675 4359; x_wconf 85' lang='lat' dir='ltr'><strong>Eo</strong></span> <span class='ocrx_word' id='word_1_307' title='bbox 704 4296 755 4350; x_wconf 92' lang='lat' dir='ltr'><strong>in</strong></span> <span class='ocrx_word' id='word_1_308' title='bbox 786 4303 925 4349; x_wconf 89' lang='lat' dir='ltr'><strong>statu</strong></span> <span class='ocrx_word' id='word_1_309' title='bbox 957 4312 1046 4351; x_wconf 91' lang='lat' dir='ltr'><strong>res</strong></span> <span class='ocrx_word' id='word_1_310' title='bbox 1070 4306 1252 4361; x_wconf 89' lang='lat' dir='ltr'><strong>erant,</strong></span> <span class='ocrx_word' id='word_1_311' title='bbox 1280 4311 1400 4352; x_wconf 87' lang='lat' dir='ltr'><strong>eum</strong></span> <span class='ocrx_word' id='word_1_312' title='bbox 1442 4296 1890 4371; x_wconf 79' lang='lat' dir='ltr'><strong>Clirysostomus,</strong></span> <span class='ocrx_word' id='word_1_313' title='bbox 1926 4302 2109 4371; x_wconf 78' lang='lat' dir='ltr'><strong>paucis</strong></span> 
     </span>
    </p>
   </div>
   <div class='ocr_carea' id='block_1_45' title="bbox 521 4386 2103 4462">
    <p class='ocr_par' dir='ltr' id='par_1_45' title="bbox 521 4386 2103 4462">
     <span class='ocr_line' id='line_1_45' title="bbox 521 4386 2103 4462; baseline 0.007 -24"><span class='ocrx_word' id='word_1_314' title='bbox 521 4397 801 4458; x_wconf 79' lang='lat' dir='ltr'><strong>postquam</strong></span> <span class='ocrx_word' id='word_1_315' title='bbox 833 4386 1122 4457; x_wconf 84' lang='lat' dir='ltr'><strong>Euerpius</strong></span> <span class='ocrx_word' id='word_1_316' title='bbox 1153 4389 1205 4443; x_wconf 89' lang='lat' dir='ltr'><strong>in</strong></span> <span class='ocrx_word' id='word_1_317' title='bbox 1235 4389 1512 4445; x_wconf 87' lang='lat' dir='ltr'><strong>ecclesiam</strong></span> <span class='ocrx_word' id='word_1_318' title='bbox 1540 4392 1850 4462; x_wconf 88' lang='lat' dir='ltr'><strong>confugerat</strong></span> <span class='ocrx_word' id='word_1_319' title='bbox 1877 4393 2066 4449; x_wconf 89' lang='lat' dir='ltr'><strong>diebus</strong></span> <span class='ocrx_word' id='word_1_320' title='bbox 2088 4436 2103 4460; x_wconf 91' lang='lat'><strong>,</strong></span> 
     </span>
    </p>
   </div>
   <div class='ocr_carea' id='block_1_46' title="bbox 525 4478 2110 4553">
    <p class='ocr_par' dir='ltr' id='par_1_46' title="bbox 525 4478 2110 4553">
     <span class='ocr_line' id='line_1_46' title="bbox 525 4478 2110 4553; baseline 0.003 -20"><span class='ocrx_word' id='word_1_321' title='bbox 525 4479 579 4533; x_wconf 90' lang='lat' dir='ltr'><strong>in</strong></span> <span class='ocrx_word' id='word_1_322' title='bbox 604 4478 795 4551; x_wconf 83' lang='lat' dir='ltr'><strong>eadem</strong></span> <span class='ocrx_word' id='word_1_323' title='bbox 822 4478 1048 4534; x_wconf 83' lang='lat' dir='ltr'><strong>ecclesia</strong></span> <span class='ocrx_word' id='word_1_324' title='bbox 1072 4479 1386 4535; x_wconf 86' lang='lat' dir='ltr'><strong>concionem</strong></span> <span class='ocrx_word' id='word_1_325' title='bbox 1421 4480 1639 4546; x_wconf 91' lang='lat' dir='ltr'><strong>habuit,</strong></span> <span class='ocrx_word' id='word_1_326' title='bbox 1686 4494 1950 4553; x_wconf 56' lang='lat' dir='ltr'><strong>praesente</strong></span> <span class='ocrx_word' id='word_1_327' title='bbox 1998 4484 2110 4537; x_wconf 81' lang='lat' dir='ltr'><strong>Eu-</strong></span> 
     </span>
    </p>
   </div>
   <div class='ocr_carea' id='block_1_47' title="bbox 524 4569 2108 4645">
    <p class='ocr_par' dir='ltr' id='par_1_47' title="bbox 524 4569 2108 4645">
     <span class='ocr_line' id='line_1_47' title="bbox 524 4569 2108 4645; baseline 0.003 -19"><span class='ocrx_word' id='word_1_328' title='bbox 524 4571 700 4641; x_wconf 87' lang='lat' dir='ltr'><strong>tropio</strong></span> <span class='ocrx_word' id='word_1_329' title='bbox 732 4579 787 4626; x_wconf 90' lang='lat' dir='ltr'><strong>et</strong></span> <span class='ocrx_word' id='word_1_330' title='bbox 810 4569 1087 4626; x_wconf 89' lang='lat' dir='ltr'><strong>innumera</strong></span> <span class='ocrx_word' id='word_1_331' title='bbox 1116 4571 1294 4643; x_wconf 90' lang='lat' dir='ltr'><strong>populi</strong></span> <span class='ocrx_word' id='word_1_332' title='bbox 1341 4573 1676 4629; x_wconf 89' lang='lat' dir='ltr'><strong>multitudine</strong></span> <span class='ocrx_word' id='word_1_333' title='bbox 1699 4614 1714 4636; x_wconf 88' lang='lat'><strong>,</strong></span> <span class='ocrx_word' id='word_1_334' title='bbox 1756 4591 1875 4645; x_wconf 70' lang='lat' dir='ltr'><strong>qute</strong></span> <span class='ocrx_word' id='word_1_335' title='bbox 1902 4575 1971 4630; x_wconf 90' lang='lat' dir='ltr'><strong>ad</strong></span> <span class='ocrx_word' id='word_1_336' title='bbox 2002 4586 2108 4630; x_wconf 89' lang='lat' dir='ltr'><strong>tam</strong></span> 
     </span>
    </p>
   </div>
   <div class='ocr_carea' id='block_1_48' title="bbox 524 4661 2110 4734">
    <p class='ocr_par' dir='ltr' id='par_1_48' title="bbox 524 4661 2110 4734">
     <span class='ocr_line' id='line_1_48' title="bbox 524 4661 2110 4734; baseline 0.005 -19"><span class='ocrx_word' id='word_1_337' title='bbox 524 4661 793 4734; x_wconf 83' lang='lat' dir='ltr'><strong>singulare</strong></span> <span class='ocrx_word' id='word_1_338' title='bbox 833 4662 1197 4731; x_wconf 87' lang='lat' dir='ltr'><strong>spectaculum</strong></span> <span class='ocrx_word' id='word_1_339' title='bbox 1236 4662 1585 4719; x_wconf 81' lang='lat' dir='ltr'><strong>confluxerat.</strong></span> <span class='ocrx_word' id='word_1_340' title='bbox 1633 4663 1777 4722; x_wconf 89' lang='lat' dir='ltr'><strong>Inter</strong></span> <span class='ocrx_word' id='word_1_341' title='bbox 1816 4681 1913 4723; x_wconf 92' lang='lat' dir='ltr'><strong>eos</strong></span> <span class='ocrx_word' id='word_1_342' title='bbox 1956 4668 2110 4723; x_wconf 88' lang='lat' dir='ltr'><strong>multi</strong></span> 
     </span>
    </p>
   </div>
   <div class='ocr_carea' id='block_1_49' title="bbox 525 4752 2109 4828">
    <p class='ocr_par' dir='ltr' id='par_1_49' title="bbox 525 4752 2109 4828">
     <span class='ocr_line' id='line_1_49' title="bbox 525 4752 2109 4828; baseline 0.003 -21"><span class='ocrx_word' id='word_1_343' title='bbox 525 4761 700 4819; x_wconf 88' lang='lat' dir='ltr'><strong>erant,</strong></span> <span class='ocrx_word' id='word_1_344' title='bbox 731 4752 821 4823; x_wconf 88' lang='lat' dir='ltr'><strong>qtti</strong></span> <span class='ocrx_word' id='word_1_345' title='bbox 848 4752 1163 4826; x_wconf 85' lang='lat' dir='ltr'><strong>Eutropium</strong></span> <span class='ocrx_word' id='word_1_346' title='bbox 1188 4755 1590 4819; x_wconf 88' lang='lat' dir='ltr'><strong>aversabantur,</strong></span> <span class='ocrx_word' id='word_1_347' title='bbox 1619 4756 1899 4828; x_wconf 89' lang='lat' dir='ltr'><strong>ipsumque</strong></span> <span class='ocrx_word' id='word_1_348' title='bbox 1924 4758 2109 4813; x_wconf 91' lang='lat' dir='ltr'><strong>militi-</strong></span> 
     </span>
    </p>
   </div>
   <div class='ocr_carea' id='block_1_50' title="bbox 526 4844 2112 4906">
    <p class='ocr_par' dir='ltr' id='par_1_50' title="bbox 526 4844 2112 4906">
     <span class='ocr_line' id='line_1_50' title="bbox 526 4844 2112 4906; baseline 0.003 -6"><span class='ocrx_word' id='word_1_349' title='bbox 526 4845 628 4900; x_wconf 88' lang='lat' dir='ltr'><strong>bus</strong></span> <span class='ocrx_word' id='word_1_350' title='bbox 649 4844 783 4900; x_wconf 88' lang='lat' dir='ltr'><strong>tradi</strong></span> <span class='ocrx_word' id='word_1_351' title='bbox 807 4845 1001 4901; x_wconf 88' lang='lat' dir='ltr'><strong>debere</strong></span> <span class='ocrx_word' id='word_1_352' title='bbox 1021 4845 1331 4903; x_wconf 85' lang='lat' dir='ltr'><strong>censebant.</strong></span> <span class='ocrx_word' id='word_1_353' title='bbox 1360 4847 1455 4901; x_wconf 87' lang='lat' dir='ltr'><strong>llic</strong></span> <span class='ocrx_word' id='word_1_354' title='bbox 1473 4849 1668 4903; x_wconf 88' lang='lat' dir='ltr'><strong>oratori</strong></span> <span class='ocrx_word' id='word_1_355' title='bbox 1694 4857 1881 4906; x_wconf 90' lang='lat' dir='ltr'><strong>nostro</strong></span> <span class='ocrx_word' id='word_1_356' title='bbox 1904 4860 2112 4905; x_wconf 79' lang='lat' dir='ltr'><strong>extem-</strong></span> 
     </span>
    </p>
   </div>
   <div class='ocr_carea' id='block_1_51' title="bbox 522 4935 2112 5013">
    <p class='ocr_par' dir='ltr' id='par_1_51' title="bbox 522 4935 2112 5013">
     <span class='ocr_line' id='line_1_51' title="bbox 522 4935 2112 5013; baseline 0.005 -24"><span class='ocrx_word' id='word_1_357' title='bbox 522 4950 756 5006; x_wconf 87' lang='lat' dir='ltr'><strong>poranea</strong></span> <span class='ocrx_word' id='word_1_358' title='bbox 783 4935 1022 4992; x_wconf 80' lang='lat' dir='ltr'><strong>oratione</strong></span> <span class='ocrx_word' id='word_1_359' title='bbox 1046 4951 1181 5007; x_wconf 90' lang='lat' dir='ltr'><strong>opus</strong></span> <span class='ocrx_word' id='word_1_360' title='bbox 1207 4936 1335 5003; x_wconf 89' lang='lat' dir='ltr'><strong>fuit;</strong></span> <span class='ocrx_word' id='word_1_361' title='bbox 1378 4952 1497 5006; x_wconf 71' lang='lat' dir='ltr'><strong>qute</strong></span> <span class='ocrx_word' id='word_1_362' title='bbox 1538 4948 1710 4993; x_wconf 88' lang='lat' dir='ltr'><strong>tamen</strong></span> <span class='ocrx_word' id='word_1_363' title='bbox 1739 4939 1878 4996; x_wconf 92' lang='lat' dir='ltr'><strong>inter</strong></span> <span class='ocrx_word' id='word_1_364' title='bbox 1899 4943 2112 5013; x_wconf 88' lang='lat' dir='ltr'><strong>elegan-</strong></span> 
     </span>
    </p>
   </div>
   <div class='ocr_carea' id='block_1_52' title="bbox 528 5027 2109 5104">
    <p class='ocr_par' dir='ltr' id='par_1_52' title="bbox 528 5027 2109 5104">
     <span class='ocr_line' id='line_1_52' title="bbox 528 5027 2109 5104; baseline 0.004 -21"><span class='ocrx_word' id='word_1_365' title='bbox 528 5029 761 5089; x_wconf 88' lang='lat' dir='ltr'><strong>tissimas</strong></span> <span class='ocrx_word' id='word_1_366' title='bbox 826 5028 1181 5101; x_wconf 86' lang='lat' dir='ltr'><strong>computanda</strong></span> <span class='ocrx_word' id='word_1_367' title='bbox 1237 5036 1341 5085; x_wconf 82' lang='lat' dir='ltr'><strong>est.</strong></span> <span class='ocrx_word' id='word_1_368' title='bbox 1396 5027 1512 5085; x_wconf 88' lang='lat' dir='ltr'><strong>Non</strong></span> <span class='ocrx_word' id='word_1_369' title='bbox 1570 5031 1736 5087; x_wconf 85' lang='lat' dir='ltr'><strong>semel</strong></span> <span class='ocrx_word' id='word_1_370' title='bbox 1791 5032 2109 5104; x_wconf 82' lang='lat' dir='ltr'><strong>Eutmpium</strong></span> 
     </span>
    </p>
   </div>
   <div class='ocr_carea' id='block_1_53' title="bbox 527 5120 2103 5194">
    <p class='ocr_par' dir='ltr' id='par_1_53' title="bbox 527 5120 2103 5194">
     <span class='ocr_line' id='line_1_53' title="bbox 527 5120 2103 5194; baseline 0.004 -17"><span class='ocrx_word' id='word_1_371' title='bbox 527 5121 833 5194; x_wconf 88' lang='lat' dir='ltr'><strong>compellat,</strong></span> <span class='ocrx_word' id='word_1_372' title='bbox 862 5130 918 5177; x_wconf 90' lang='lat' dir='ltr'><strong>et</strong></span> <span class='ocrx_word' id='word_1_373' title='bbox 944 5121 1145 5176; x_wconf 90' lang='lat' dir='ltr'><strong>monita</strong></span> <span class='ocrx_word' id='word_1_374' title='bbox 1188 5120 1259 5175; x_wconf 90' lang='lat' dir='ltr'><strong>ab</strong></span> <span class='ocrx_word' id='word_1_375' title='bbox 1295 5137 1355 5177; x_wconf 91' lang='lat' dir='ltr'><strong>se</strong></span> <span class='ocrx_word' id='word_1_376' title='bbox 1395 5121 1497 5191; x_wconf 91' lang='lat' dir='ltr'><strong>ipsi</strong></span> <span class='ocrx_word' id='word_1_377' title='bbox 1525 5122 1645 5177; x_wconf 88' lang='lat' dir='ltr'><strong>data</strong></span> <span class='ocrx_word' id='word_1_378' title='bbox 1674 5123 1729 5179; x_wconf 75' lang='lat' dir='ltr'><strong>in</strong></span> <span class='ocrx_word' id='word_1_379' title='bbox 1757 5135 1987 5182; x_wconf 88' lang='lat' dir='ltr'><strong>mentem</strong></span> <span class='ocrx_word' id='word_1_380' title='bbox 2028 5144 2103 5183; x_wconf 87' lang='lat' dir='ltr'><strong>rc-</strong></span> 
     </span>
    </p>
   </div>
   <div class='ocr_carea' id='block_1_54' title="bbox 530 5210 2111 5285">
    <p class='ocr_par' dir='ltr' id='par_1_54' title="bbox 530 5210 2111 5285">
     <span class='ocr_line' id='line_1_54' title="bbox 530 5210 2111 5285; baseline 0.003 -17"><span class='ocrx_word' id='word_1_381' title='bbox 530 5222 715 5279; x_wconf 84' lang='lat' dir='ltr'><strong>vocat;</strong></span> <span class='ocrx_word' id='word_1_382' title='bbox 766 5211 889 5267; x_wconf 89' lang='lat' dir='ltr'><strong>binc</strong></span> <span class='ocrx_word' id='word_1_383' title='bbox 934 5211 1004 5268; x_wconf 88' lang='lat' dir='ltr'><strong>ad</strong></span> <span class='ocrx_word' id='word_1_384' title='bbox 1046 5210 1299 5283; x_wconf 87' lang='lat' dir='ltr'><strong>populum</strong></span> <span class='ocrx_word' id='word_1_385' title='bbox 1340 5213 1700 5278; x_wconf 87' lang='lat' dir='ltr'><strong>convertitur,</strong></span> <span class='ocrx_word' id='word_1_386' title='bbox 1742 5230 1900 5285; x_wconf 89' lang='lat' dir='ltr'><strong>quem</strong></span> <span class='ocrx_word' id='word_1_387' title='bbox 1947 5227 2003 5272; x_wconf 94' lang='lat' dir='ltr'><strong>ut</strong></span> <span class='ocrx_word' id='word_1_388' title='bbox 2046 5219 2111 5274; x_wconf 89' lang='lat' dir='ltr'><strong>ad</strong></span> 
     </span>
    </p>
   </div>
   <div class='ocr_carea' id='block_1_55' title="bbox 530 5304 2114 5380">
    <p class='ocr_par' dir='ltr' id='par_1_55' title="bbox 530 5304 2114 5380">
     <span class='ocr_line' id='line_1_55' title="bbox 530 5304 2114 5380; baseline 0.003 -20"><span class='ocrx_word' id='word_1_389' title='bbox 530 5304 1050 5361; x_wconf 87' lang='lat' dir='ltr'><strong>commiserationem</strong></span> <span class='ocrx_word' id='word_1_390' title='bbox 1077 5305 1385 5374; x_wconf 88' lang='lat' dir='ltr'><strong>compellat,</strong></span> <span class='ocrx_word' id='word_1_391' title='bbox 1411 5304 1651 5375; x_wconf 87' lang='lat' dir='ltr'><strong>Eutropii</strong></span> <span class='ocrx_word' id='word_1_392' title='bbox 1679 5306 1943 5365; x_wconf 90' lang='lat' dir='ltr'><strong>fortunam</strong></span> <span class='ocrx_word' id='word_1_393' title='bbox 1975 5324 2114 5380; x_wconf 80' lang='lat' dir='ltr'><strong>prae-</strong></span> 
     </span>
    </p>
   </div>
   <div class='ocr_carea' id='block_1_56' title="bbox 532 5394 2115 5471">
    <p class='ocr_par' dir='ltr' id='par_1_56' title="bbox 532 5394 2115 5471">
     <span class='ocr_line' id='line_1_56' title="bbox 532 5394 2115 5471; baseline 0.004 -21"><span class='ocrx_word' id='word_1_394' title='bbox 532 5397 766 5461; x_wconf 86' lang='lat' dir='ltr'><strong>teritam,</strong></span> <span class='ocrx_word' id='word_1_395' title='bbox 789 5398 1066 5466; x_wconf 80' lang='lat' dir='ltr'><strong>praesentis</strong></span> <span class='ocrx_word' id='word_1_396' title='bbox 1087 5410 1215 5451; x_wconf 91' lang='lat' dir='ltr'><strong>vero</strong></span> <span class='ocrx_word' id='word_1_397' title='bbox 1234 5394 1617 5466; x_wconf 87' lang='lat' dir='ltr'><strong>deplorandum</strong></span> <span class='ocrx_word' id='word_1_398' title='bbox 1637 5412 1823 5454; x_wconf 87' lang='lat' dir='ltr'><strong>casum</strong></span> <span class='ocrx_word' id='word_1_399' title='bbox 1849 5409 1957 5455; x_wconf 88' lang='lat' dir='ltr'><strong>tam</strong></span> <span class='ocrx_word' id='word_1_400' title='bbox 1978 5402 2115 5471; x_wconf 81' lang='lat' dir='ltr'><strong>aptis</strong></span> 
     </span>
    </p>
   </div>
   <div class='ocr_carea' id='block_1_57' title="bbox 533 5486 2116 5565">
    <p class='ocr_par' dir='ltr' id='par_1_57' title="bbox 533 5486 2116 5565">
     <span class='ocr_line' id='line_1_57' title="bbox 533 5486 2116 5565; baseline 0.006 -25"><span class='ocrx_word' id='word_1_401' title='bbox 533 5487 712 5545; x_wconf 78' lang='lat' dir='ltr'><strong>verbis</strong></span> <span class='ocrx_word' id='word_1_402' title='bbox 762 5497 1152 5559; x_wconf 65' lang='lat' dir='ltr'><strong>repraesentat,</strong></span> <span class='ocrx_word' id='word_1_403' title='bbox 1204 5496 1267 5545; x_wconf 93' lang='lat' dir='ltr'><strong>ut</strong></span> <span class='ocrx_word' id='word_1_404' title='bbox 1314 5488 1397 5545; x_wconf 88' lang='lat' dir='ltr'><strong>vel</strong></span> <span class='ocrx_word' id='word_1_405' title='bbox 1445 5486 1799 5549; x_wconf 84' lang='lat' dir='ltr'><strong>ferocioribus</strong></span> <span class='ocrx_word' id='word_1_406' title='bbox 1848 5491 2116 5565; x_wconf 84' lang='lat' dir='ltr'><strong>laerymas</strong></span> 
     </span>
    </p>
   </div>
   <div class='ocr_carea' id='block_1_58' title="bbox 528 5591 824 5638">
    <p class='ocr_par' dir='ltr' id='par_1_58' title="bbox 528 5591 824 5638">
     <span class='ocr_line' id='line_1_58' title="bbox 528 5591 824 5638; baseline -0.01 0"><span class='ocrx_word' id='word_1_407' title='bbox 528 5591 824 5638; x_wconf 78' lang='lat' dir='ltr'><strong>excuteret.</strong></span> 
     </span>
    </p>
   </div>
   <div class='ocr_carea' id='block_1_59' title="bbox 602 5671 2115 5747">
    <p class='ocr_par' dir='ltr' id='par_1_59' title="bbox 602 5671 2115 5747">
     <span class='ocr_line' id='line_1_59' title="bbox 602 5671 2115 5747; baseline 0.003 -18"><span class='ocrx_word' id='word_1_408' title='bbox 602 5674 812 5743; x_wconf 87' lang='lat' dir='ltr'><strong>Elapsis</strong></span> <span class='ocrx_word' id='word_1_409' title='bbox 847 5684 966 5744; x_wconf 81' lang='lat' dir='ltr'><strong>post</strong></span> <span class='ocrx_word' id='word_1_410' title='bbox 1005 5672 1144 5730; x_wconf 87' lang='lat' dir='ltr'><strong>hanc</strong></span> <span class='ocrx_word' id='word_1_411' title='bbox 1183 5671 1415 5729; x_wconf 84' lang='lat' dir='ltr'><strong>habitam</strong></span> <span class='ocrx_word' id='word_1_412' title='bbox 1440 5674 1753 5731; x_wconf 88' lang='lat' dir='ltr'><strong>concionem</strong></span> <span class='ocrx_word' id='word_1_413' title='bbox 1780 5674 2115 5747; x_wconf 85' lang='lat' dir='ltr'><strong>aliquotdie-</strong></span> 
     </span>
    </p>
   </div>
   <div class='ocr_carea' id='block_1_60' title="bbox 535 5762 2110 5838">
    <p class='ocr_par' dir='ltr' id='par_1_60' title="bbox 535 5762 2110 5838">
     <span class='ocr_line' id='line_1_60' title="bbox 535 5762 2110 5838; baseline 0.004 -19"><span class='ocrx_word' id='word_1_414' title='bbox 535 5762 654 5833; x_wconf 77' lang='lat' dir='ltr'><strong>lius,</strong></span> <span class='ocrx_word' id='word_1_415' title='bbox 693 5766 973 5838; x_wconf 75' lang='lat' dir='ltr'><strong>Eutropius</strong></span> <span class='ocrx_word' id='word_1_416' title='bbox 1008 5774 1067 5821; x_wconf 88' lang='grc' dir='ltr'><strong>ιιι</strong></span> <span class='ocrx_word' id='word_1_417' title='bbox 1093 5765 1427 5823; x_wconf 86' lang='lat' dir='ltr'><strong>inimicorum</strong></span> <span class='ocrx_word' id='word_1_418' title='bbox 1455 5766 1704 5825; x_wconf 79' lang='lat' dir='ltr'><strong>excubias</strong></span> <span class='ocrx_word' id='word_1_419' title='bbox 1728 5765 1937 5824; x_wconf 85' lang='lat' dir='ltr'><strong>falleret</strong></span> <span class='ocrx_word' id='word_1_420' title='bbox 1965 5784 2110 5826; x_wconf 84' lang='lat' dir='ltr'><strong>sese-</strong></span> 
     </span>
    </p>
   </div>
   <div class='ocr_carea' id='block_1_61' title="bbox 1565 329 2673 395">
    <p class='ocr_par' dir='ltr' id='par_1_61' title="bbox 1565 329 2673 395">
     <span class='ocr_line' id='line_1_61' title="bbox 1565 329 2673 395; baseline -0.007 -3"><span class='ocrx_word' id='word_1_421' title='bbox 1565 336 1621 392; x_wconf 77' lang='grc'><strong>8.</strong></span> <span class='ocrx_word' id='word_1_422' title='bbox 1663 333 1941 392; x_wconf 81' lang='lat' dir='ltr'><strong>.IOANNIS</strong></span> <span class='ocrx_word' id='word_1_423' title='bbox 1967 330 2451 389; x_wconf 71' lang='lat' dir='ltr'><strong>CIIRYSOSTOMI</strong></span> <span class='ocrx_word' id='word_1_424' title='bbox 2493 329 2673 395; x_wconf 74' lang='lat' dir='ltr'><strong>VITA,</strong></span> 
     </span>
    </p>
   </div>
   <div class='ocr_carea' id='block_1_62' title="bbox 3666 315 3769 372">
    <p class='ocr_par' dir='ltr' id='par_1_62' title="bbox 3666 315 3769 372">
     <span class='ocr_line' id='line_1_62' title="bbox 3666 315 3769 372; baseline 0 0"><span class='ocrx_word' id='word_1_425' title='bbox 3666 315 3769 372; x_wconf 73' lang='grc'><strong>176</strong></span> 
     </span>
    </p>
   </div>
   <div class='ocr_carea' id='block_1_63' title="bbox 2185 435 3757 518">
    <p class='ocr_par' dir='ltr' id='par_1_63' title="bbox 2185 435 3757 518">
     <span class='ocr_line' id='line_1_63' title="bbox 2185 435 3757 518; baseline -0.008 -18"><span class='ocrx_word' id='word_1_426' title='bbox 2185 464 2289 518; x_wconf 87' lang='lat' dir='ltr'><strong>que</strong></span> <span class='ocrx_word' id='word_1_427' title='bbox 2320 446 2649 516; x_wconf 86' lang='lat' dir='ltr'><strong>proriperet,</strong></span> <span class='ocrx_word' id='word_1_428' title='bbox 2687 442 2755 500; x_wconf 87' lang='lat' dir='ltr'><strong>ab</strong></span> <span class='ocrx_word' id='word_1_429' title='bbox 2785 441 3010 497; x_wconf 89' lang='lat' dir='ltr'><strong>ecclesia</strong></span> <span class='ocrx_word' id='word_1_430' title='bbox 3044 436 3274 508; x_wconf 79' lang='lat' dir='ltr'><strong>aufugit.</strong></span> <span class='ocrx_word' id='word_1_431' title='bbox 3320 435 3516 492; x_wconf 77' lang='lat' dir='ltr'><strong>Verum</strong></span> <span class='ocrx_word' id='word_1_432' title='bbox 3543 443 3757 503; x_wconf 81' lang='lat' dir='ltr'><strong>captus,</strong></span> 
     </span>
    </p>
   </div>
   <div class='ocr_carea' id='block_1_64' title="bbox 2182 524 3773 609">
    <p class='ocr_par' dir='ltr' id='par_1_64' title="bbox 2182 524 3773 609">
     <span class='ocr_line' id='line_1_64' title="bbox 2182 524 3773 609; baseline -0.009 -16"><span class='ocrx_word' id='word_1_433' title='bbox 2182 549 2342 609; x_wconf 87' lang='lat' dir='ltr'><strong>atque</strong></span> <span class='ocrx_word' id='word_1_434' title='bbox 2373 540 2425 592; x_wconf 92' lang='lat' dir='ltr'><strong>in</strong></span> <span class='ocrx_word' id='word_1_435' title='bbox 2447 538 2675 609; x_wconf 84' lang='lat' dir='ltr'><strong>Cyprum</strong></span> <span class='ocrx_word' id='word_1_436' title='bbox 2698 534 3001 604; x_wconf 66' lang='lat' dir='ltr'><strong>relegatus;</strong></span> <span class='ocrx_word' id='word_1_437' title='bbox 3030 529 3331 599; x_wconf 89' lang='lat' dir='ltr'><strong>deindeque</strong></span> <span class='ocrx_word' id='word_1_438' title='bbox 3350 524 3490 581; x_wconf 91' lang='lat' dir='ltr'><strong>haud</strong></span> <span class='ocrx_word' id='word_1_439' title='bbox 3512 526 3583 579; x_wconf 91' lang='lat' dir='ltr'><strong>ita</strong></span> <span class='ocrx_word' id='word_1_440' title='bbox 3605 525 3773 579; x_wconf 89' lang='lat' dir='ltr'><strong>multo</strong></span> 
     </span>
    </p>
   </div>
   <div class='ocr_carea' id='block_1_65' title="bbox 2183 617 3771 699">
    <p class='ocr_par' dir='ltr' id='par_1_65' title="bbox 2183 617 3771 699">
     <span class='ocr_line' id='line_1_65' title="bbox 2183 617 3771 699; baseline -0.009 -14"><span class='ocrx_word' id='word_1_441' title='bbox 2183 631 2364 699; x_wconf 85' lang='lat' dir='ltr'><strong>elapso</strong></span> <span class='ocrx_word' id='word_1_442' title='bbox 2404 639 2641 697; x_wconf 88' lang='lat' dir='ltr'><strong>tempore</strong></span> <span class='ocrx_word' id='word_1_443' title='bbox 2671 626 3057 682; x_wconf 81' lang='lat' dir='ltr'><strong>Lhalcedonem</strong></span> <span class='ocrx_word' id='word_1_444' title='bbox 3087 622 3347 677; x_wconf 87' lang='lat' dir='ltr'><strong>adductus</strong></span> <span class='ocrx_word' id='word_1_445' title='bbox 3371 628 3425 675; x_wconf 88' lang='lat' dir='ltr'><strong>et</strong></span> <span class='ocrx_word' id='word_1_446' title='bbox 3452 617 3771 697; x_wconf 73' lang='lat' dir='ltr'><strong>damnatus,</strong></span> 
     </span>
    </p>
   </div>
   <div class='ocr_carea' id='block_1_66' title="bbox 2183 721 2686 791">
    <p class='ocr_par' dir='ltr' id='par_1_66' title="bbox 2183 721 2686 791">
     <span class='ocr_line' id='line_1_66' title="bbox 2183 721 2686 791; baseline -0.01 -15"><span class='ocrx_word' id='word_1_447' title='bbox 2183 725 2355 791; x_wconf 87' lang='lat' dir='ltr'><strong>capite</strong></span> <span class='ocrx_word' id='word_1_448' title='bbox 2379 721 2566 790; x_wconf 78' lang='lat' dir='ltr'><strong>plexus</strong></span> <span class='ocrx_word' id='word_1_449' title='bbox 2585 728 2686 774; x_wconf 88' lang='lat' dir='ltr'><strong>est.</strong></span> 
     </span>
    </p>
   </div>
   <div class='ocr_carea' id='block_1_67' title="bbox 2260 797 3776 880">
    <p class='ocr_par' dir='ltr' id='par_1_67' title="bbox 2260 797 3776 880">
     <span class='ocr_line' id='line_1_67' title="bbox 2260 797 3776 880; baseline -0.009 -13"><span class='ocrx_word' id='word_1_450' title='bbox 2260 813 2358 867; x_wconf 79' lang='lat' dir='ltr'><strong>\‘ix</strong></span> <span class='ocrx_word' id='word_1_451' title='bbox 2398 811 2594 880; x_wconf 90' lang='lat' dir='ltr'><strong>elapsis</strong></span> <span class='ocrx_word' id='word_1_452' title='bbox 2644 807 2852 863; x_wconf 87' lang='lat' dir='ltr'><strong>duobus</strong></span> <span class='ocrx_word' id='word_1_453' title='bbox 2890 804 2975 877; x_wconf 86' lang='grc' dir='ltr'><strong>(Τ.</strong></span> <span class='ocrx_word' id='word_1_454' title='bbox 3007 805 3063 862; x_wconf 79' lang='lat'><strong>3.</strong></span> <span class='ocrx_word' id='word_1_455' title='bbox 3108 819 3156 856; x_wconf 92' lang='lat' dir='ltr'><strong>c.</strong></span> <span class='ocrx_word' id='word_1_456' title='bbox 3179 797 3317 875; x_wconf 80' lang='lat'><strong>395)</strong></span> <span class='ocrx_word' id='word_1_457' title='bbox 3376 808 3497 872; x_wconf 90' lang='lat' dir='ltr'><strong>post</strong></span> <span class='ocrx_word' id='word_1_458' title='bbox 3532 797 3776 868; x_wconf 86' lang='lat' dir='ltr'><strong>Eutropil</strong></span> 
     </span>
    </p>
   </div>
   <div class='ocr_carea' id='block_1_68' title="bbox 2187 891 3768 975">
    <p class='ocr_par' dir='ltr' id='par_1_68' title="bbox 2187 891 3768 975">
     <span class='ocr_line' id='line_1_68' title="bbox 2187 891 3768 975; baseline -0.011 -17"><span class='ocrx_word' id='word_1_459' title='bbox 2187 904 2361 975; x_wconf 80' lang='lat' dir='ltr'><strong>fugam</strong></span> <span class='ocrx_word' id='word_1_460' title='bbox 2385 904 2572 957; x_wconf 88' lang='lat' dir='ltr'><strong>diebus</strong></span> <span class='ocrx_word' id='word_1_461' title='bbox 2600 901 2913 956; x_wconf 88' lang='lat' dir='ltr'><strong>concionem</strong></span> <span class='ocrx_word' id='word_1_462' title='bbox 2934 897 3095 952; x_wconf 89' lang='lat' dir='ltr'><strong>aliam</strong></span> <span class='ocrx_word' id='word_1_463' title='bbox 3119 893 3304 948; x_wconf 91' lang='lat' dir='ltr'><strong>habuit</strong></span> <span class='ocrx_word' id='word_1_464' title='bbox 3329 891 3768 964; x_wconf 78' lang='lat' dir='ltr'><strong>Chrysostomus,</strong></span> 
     </span>
    </p>
   </div>
   <div class='ocr_carea' id='block_1_69' title="bbox 2187 980 3779 1064">
    <p class='ocr_par' dir='ltr' id='par_1_69' title="bbox 2187 980 3779 1064">
     <span class='ocr_line' id='line_1_69' title="bbox 2187 980 3779 1064; baseline -0.01 -15"><span class='ocrx_word' id='word_1_465' title='bbox 2187 996 2272 1050; x_wconf 91' lang='lat' dir='ltr'><strong>ubi</strong></span> <span class='ocrx_word' id='word_1_466' title='bbox 2297 992 2588 1064; x_wconf 64' lang='lat' dir='ltr'><strong>prsentissis</strong></span> <span class='ocrx_word' id='word_1_467' title='bbox 2613 988 2929 1061; x_wconf 87' lang='lat' dir='ltr'><strong>quibusdam</strong></span> <span class='ocrx_word' id='word_1_468' title='bbox 2957 986 3024 1041; x_wconf 89' lang='lat' dir='ltr'><strong>de</strong></span> <span class='ocrx_word' id='word_1_469' title='bbox 3050 985 3273 1039; x_wconf 89' lang='lat' dir='ltr'><strong>utilitate</strong></span> <span class='ocrx_word' id='word_1_470' title='bbox 3298 981 3544 1038; x_wconf 80' lang='lat' dir='ltr'><strong>lectionis</strong></span> <span class='ocrx_word' id='word_1_471' title='bbox 3570 980 3779 1034; x_wconf 82' lang='lat' dir='ltr'><strong>divina-</strong></span> 
     </span>
    </p>
   </div>
   <div class='ocr_carea' id='block_1_70' title="bbox 2188 1071 3778 1153">
    <p class='ocr_par' dir='ltr' id='par_1_70' title="bbox 2188 1071 3778 1153">
     <span class='ocr_line' id='line_1_70' title="bbox 2188 1071 3778 1153; baseline -0.009 -12"><span class='ocrx_word' id='word_1_472' title='bbox 2188 1102 2305 1141; x_wconf 90' lang='lat' dir='ltr'><strong>rum</strong></span> <span class='ocrx_word' id='word_1_473' title='bbox 2336 1083 2732 1153; x_wconf 88' lang='lat' dir='ltr'><strong>Scripturarum</strong></span> <span class='ocrx_word' id='word_1_474' title='bbox 2757 1122 2771 1144; x_wconf 96' lang='lat'><strong>,</strong></span> <span class='ocrx_word' id='word_1_475' title='bbox 2803 1081 3080 1135; x_wconf 89' lang='lat' dir='ltr'><strong>obsessam</strong></span> <span class='ocrx_word' id='word_1_476' title='bbox 3111 1076 3295 1147; x_wconf 88' lang='lat' dir='ltr'><strong>paucis</strong></span> <span class='ocrx_word' id='word_1_477' title='bbox 3323 1085 3448 1128; x_wconf 88' lang='lat' dir='ltr'><strong>ante</strong></span> <span class='ocrx_word' id='word_1_478' title='bbox 3475 1071 3661 1126; x_wconf 87' lang='lat' dir='ltr'><strong>diebus</strong></span> <span class='ocrx_word' id='word_1_479' title='bbox 3686 1084 3778 1127; x_wconf 79' lang='lat' dir='ltr'><strong>ee-</strong></span> 
     </span>
    </p>
   </div>
   <div class='ocr_carea' id='block_1_71' title="bbox 2185 1162 3770 1240">
    <p class='ocr_par' dir='ltr' id='par_1_71' title="bbox 2185 1162 3770 1240">
     <span class='ocr_line' id='line_1_71' title="bbox 2185 1162 3770 1240; baseline -0.008 -9"><span class='ocrx_word' id='word_1_480' title='bbox 2185 1180 2399 1233; x_wconf 87' lang='lat' dir='ltr'><strong>clesiam</strong></span> <span class='ocrx_word' id='word_1_481' title='bbox 2427 1176 2587 1230; x_wconf 75' lang='lat' dir='ltr'><strong>fuisse</strong></span> <span class='ocrx_word' id='word_1_482' title='bbox 2614 1181 2822 1236; x_wconf 87' lang='lat' dir='ltr'><strong>narrat,</strong></span> <span class='ocrx_word' id='word_1_483' title='bbox 2856 1184 3026 1240; x_wconf 91' lang='lat' dir='ltr'><strong>neque</strong></span> <span class='ocrx_word' id='word_1_484' title='bbox 3054 1178 3230 1223; x_wconf 84' lang='lat' dir='ltr'><strong>tamen</strong></span> <span class='ocrx_word' id='word_1_485' title='bbox 3259 1166 3510 1221; x_wconf 87' lang='lat' dir='ltr'><strong>traditum</strong></span> <span class='ocrx_word' id='word_1_486' title='bbox 3541 1162 3770 1218; x_wconf 85' lang='lat' dir='ltr'><strong>inimicis</strong></span> 
     </span>
    </p>
   </div>
   <div class='ocr_carea' id='block_1_72' title="bbox 2192 1257 3780 1339">
    <p class='ocr_par' dir='ltr' id='par_1_72' title="bbox 2192 1257 3780 1339">
     <span class='ocr_line' id='line_1_72' title="bbox 2192 1257 3780 1339; baseline -0.009 -16"><span class='ocrx_word' id='word_1_487' title='bbox 2192 1270 2525 1339; x_wconf 75' lang='lat' dir='ltr'><strong>Eutropium,</strong></span> <span class='ocrx_word' id='word_1_488' title='bbox 2553 1267 2665 1337; x_wconf 92' lang='lat' dir='ltr'><strong>qui,</strong></span> <span class='ocrx_word' id='word_1_489' title='bbox 2695 1266 2736 1318; x_wconf 89' lang='lat' dir='ltr'><strong>si</strong></span> <span class='ocrx_word' id='word_1_490' title='bbox 2764 1263 3043 1319; x_wconf 90' lang='lat' dir='ltr'><strong>ecclesiam</strong></span> <span class='ocrx_word' id='word_1_491' title='bbox 3075 1275 3181 1315; x_wconf 92' lang='lat' dir='ltr'><strong>non</strong></span> <span class='ocrx_word' id='word_1_492' title='bbox 3206 1257 3564 1322; x_wconf 86' lang='lat' dir='ltr'><strong>deseruisset,</strong></span> <span class='ocrx_word' id='word_1_493' title='bbox 3592 1266 3780 1326; x_wconf 86' lang='lat' dir='ltr'><strong>captus</strong></span> 
     </span>
    </p>
   </div>
   <div class='ocr_carea' id='block_1_73' title="bbox 2190 1346 3781 1430">
    <p class='ocr_par' dir='ltr' id='par_1_73' title="bbox 2190 1346 3781 1430">
     <span class='ocr_line' id='line_1_73' title="bbox 2190 1346 3781 1430; baseline -0.01 -16"><span class='ocrx_word' id='word_1_494' title='bbox 2190 1376 2477 1430; x_wconf 84' lang='lat' dir='ltr'><strong>numquam</strong></span> <span class='ocrx_word' id='word_1_495' title='bbox 2501 1360 2705 1412; x_wconf 84' lang='lat' dir='ltr'><strong>fuisset.</strong></span> <span class='ocrx_word' id='word_1_496' title='bbox 2731 1355 2949 1411; x_wconf 79' lang='lat' dir='ltr'><strong>Fluxam</strong></span> <span class='ocrx_word' id='word_1_497' title='bbox 2973 1353 3163 1407; x_wconf 88' lang='lat' dir='ltr'><strong>iterum</strong></span> <span class='ocrx_word' id='word_1_498' title='bbox 3188 1351 3536 1404; x_wconf 89' lang='lat' dir='ltr'><strong>lmmanarum</strong></span> <span class='ocrx_word' id='word_1_499' title='bbox 3561 1346 3781 1402; x_wconf 77' lang='lat' dir='ltr'><strong>faculta-</strong></span> 
     </span>
    </p>
   </div>
   <div class='ocr_carea' id='block_1_74' title="bbox 2191 1439 3781 1520">
    <p class='ocr_par' dir='ltr' id='par_1_74' title="bbox 2191 1439 3781 1520">
     <span class='ocr_line' id='line_1_74' title="bbox 2191 1439 3781 1520; baseline -0.008 -12"><span class='ocrx_word' id='word_1_500' title='bbox 2191 1466 2300 1509; x_wconf 90' lang='lat' dir='ltr'><strong>tutn</strong></span> <span class='ocrx_word' id='word_1_501' title='bbox 2331 1452 2744 1520; x_wconf 88' lang='lat' dir='ltr'><strong>divitiarumque</strong></span> <span class='ocrx_word' id='word_1_502' title='bbox 2781 1448 3141 1503; x_wconf 86' lang='lat' dir='ltr'><strong>conditionem</strong></span> <span class='ocrx_word' id='word_1_503' title='bbox 3178 1445 3248 1499; x_wconf 92' lang='lat' dir='ltr'><strong>ob</strong></span> <span class='ocrx_word' id='word_1_504' title='bbox 3272 1444 3456 1499; x_wconf 89' lang='lat' dir='ltr'><strong>oculos</strong></span> <span class='ocrx_word' id='word_1_505' title='bbox 3481 1441 3662 1512; x_wconf 87' lang='lat' dir='ltr'><strong>ponit:</strong></span> <span class='ocrx_word' id='word_1_506' title='bbox 3686 1439 3781 1496; x_wconf 81' lang='lat' dir='ltr'><strong>de-</strong></span> 
     </span>
    </p>
   </div>
   <div class='ocr_carea' id='block_1_75' title="bbox 2187 1530 3780 1615">
    <p class='ocr_par' dir='ltr' id='par_1_75' title="bbox 2187 1530 3780 1615">
     <span class='ocr_line' id='line_1_75' title="bbox 2187 1530 3780 1615; baseline -0.009 -16"><span class='ocrx_word' id='word_1_507' title='bbox 2187 1554 2493 1615; x_wconf 86' lang='lat' dir='ltr'><strong>sertumque</strong></span> <span class='ocrx_word' id='word_1_508' title='bbox 2521 1543 2649 1596; x_wconf 88' lang='lat' dir='ltr'><strong>dicit</strong></span> <span class='ocrx_word' id='word_1_509' title='bbox 2675 1541 2742 1595; x_wconf 91' lang='lat' dir='ltr'><strong>ab</strong></span> <span class='ocrx_word' id='word_1_510' title='bbox 2771 1539 2990 1602; x_wconf 87' lang='lat' dir='ltr'><strong>amicis,</strong></span> <span class='ocrx_word' id='word_1_511' title='bbox 3039 1554 3068 1590; x_wconf 92' lang='lat' dir='ltr'><strong>a</strong></span> <span class='ocrx_word' id='word_1_512' title='bbox 3099 1534 3407 1592; x_wconf 74' lang='lat' dir='ltr'><strong>domesticis</strong></span> <span class='ocrx_word' id='word_1_513' title='bbox 3427 1575 3441 1598; x_wconf 92' lang='lat'><strong>,</strong></span> <span class='ocrx_word' id='word_1_514' title='bbox 3486 1548 3518 1587; x_wconf 90' lang='lat' dir='ltr'><strong>a</strong></span> <span class='ocrx_word' id='word_1_515' title='bbox 3555 1530 3780 1586; x_wconf 88' lang='lat' dir='ltr'><strong>fortunis</strong></span> 
     </span>
    </p>
   </div>
   <div class='ocr_carea' id='block_1_76' title="bbox 2189 1622 3782 1704">
    <p class='ocr_par' dir='ltr' id='par_1_76' title="bbox 2189 1622 3782 1704">
     <span class='ocr_line' id='line_1_76' title="bbox 2189 1622 3782 1704; baseline -0.012 -10"><span class='ocrx_word' id='word_1_516' title='bbox 2189 1638 2438 1694; x_wconf 90' lang='lat' dir='ltr'><strong>omnibus</strong></span> <span class='ocrx_word' id='word_1_517' title='bbox 2481 1634 2816 1704; x_wconf 87' lang='lat' dir='ltr'><strong>Entrupium.</strong></span> <span class='ocrx_word' id='word_1_518' title='bbox 2864 1628 3149 1700; x_wconf 81' lang='lat' dir='ltr'><strong>Multisque</strong></span> <span class='ocrx_word' id='word_1_519' title='bbox 3175 1626 3368 1682; x_wconf 87' lang='lat' dir='ltr'><strong>additis</strong></span> <span class='ocrx_word' id='word_1_520' title='bbox 3393 1625 3463 1681; x_wconf 91' lang='lat' dir='ltr'><strong>de</strong></span> <span class='ocrx_word' id='word_1_521' title='bbox 3493 1639 3622 1679; x_wconf 87' lang='lat' dir='ltr'><strong>vero</strong></span> <span class='ocrx_word' id='word_1_522' title='bbox 3647 1622 3782 1692; x_wconf 82' lang='lat' dir='ltr'><strong>legi-</strong></span> 
     </span>
    </p>
   </div>
   <div class='ocr_carea' id='block_1_77' title="bbox 2192 1716 3782 1799">
    <p class='ocr_par' dir='ltr' id='par_1_77' title="bbox 2192 1716 3782 1799">
     <span class='ocr_line' id='line_1_77' title="bbox 2192 1716 3782 1799; baseline -0.009 -16"><span class='ocrx_word' id='word_1_523' title='bbox 2192 1730 2425 1799; x_wconf 88' lang='lat' dir='ltr'><strong>timoque</strong></span> <span class='ocrx_word' id='word_1_524' title='bbox 2447 1728 2751 1783; x_wconf 78' lang='lat' dir='ltr'><strong>divitiarum</strong></span> <span class='ocrx_word' id='word_1_525' title='bbox 2782 1739 2883 1779; x_wconf 92' lang='lat' dir='ltr'><strong>usu</strong></span> <span class='ocrx_word' id='word_1_526' title='bbox 2904 1764 2919 1787; x_wconf 90' lang='lat'><strong>,</strong></span> <span class='ocrx_word' id='word_1_527' title='bbox 2964 1722 3137 1793; x_wconf 87' lang='lat' dir='ltr'><strong>deque</strong></span> <span class='ocrx_word' id='word_1_528' title='bbox 3174 1720 3280 1774; x_wconf 90' lang='lat' dir='ltr'><strong>vita</strong></span> <span class='ocrx_word' id='word_1_529' title='bbox 3322 1716 3595 1788; x_wconf 69' lang='lat' dir='ltr'><strong>prresenti,</strong></span> <span class='ocrx_word' id='word_1_530' title='bbox 3622 1727 3782 1786; x_wconf 85' lang='lat' dir='ltr'><strong>quam</strong></span> 
     </span>
    </p>
   </div>
   <div class='ocr_carea' id='block_1_78' title="bbox 2189 1805 3781 1891">
    <p class='ocr_par' dir='ltr' id='par_1_78' title="bbox 2189 1805 3781 1891">
     <span class='ocr_line' id='line_1_78' title="bbox 2189 1805 3781 1891; baseline -0.011 -14"><span class='ocrx_word' id='word_1_531' title='bbox 2189 1820 2670 1891; x_wconf 85' lang='lat' dir='ltr'><strong>peregrinationem</strong></span> <span class='ocrx_word' id='word_1_532' title='bbox 2688 1832 2806 1872; x_wconf 90' lang='lat' dir='ltr'><strong>esse</strong></span> <span class='ocrx_word' id='word_1_533' title='bbox 2821 1821 3225 1876; x_wconf 90' lang='lat' dir='ltr'><strong>commonstrat,</strong></span> <span class='ocrx_word' id='word_1_534' title='bbox 3240 1810 3307 1865; x_wconf 92' lang='lat' dir='ltr'><strong>ad</strong></span> <span class='ocrx_word' id='word_1_535' title='bbox 3323 1808 3577 1865; x_wconf 79' lang='lat' dir='ltr'><strong>Ecclesia:</strong></span> <span class='ocrx_word' id='word_1_536' title='bbox 3597 1805 3781 1861; x_wconf 87' lang='lat' dir='ltr'><strong>laudes</strong></span> 
     </span>
    </p>
   </div>
   <div class='ocr_carea' id='block_1_79' title="bbox 2194 1903 3785 1982">
    <p class='ocr_par' dir='ltr' id='par_1_79' title="bbox 2194 1903 3785 1982">
     <span class='ocr_line' id='line_1_79' title="bbox 2194 1903 3785 1982; baseline -0.008 -13"><span class='ocrx_word' id='word_1_537' title='bbox 2194 1916 2413 1980; x_wconf 90' lang='lat' dir='ltr'><strong>transit,</strong></span> <span class='ocrx_word' id='word_1_538' title='bbox 2443 1912 2663 1982; x_wconf 82' lang='lat' dir='ltr'><strong>ejusque</strong></span> <span class='ocrx_word' id='word_1_539' title='bbox 2693 1910 2902 1979; x_wconf 90' lang='lat' dir='ltr'><strong>nuptias</strong></span> <span class='ocrx_word' id='word_1_540' title='bbox 2927 1922 3049 1963; x_wconf 91' lang='lat' dir='ltr'><strong>cum</strong></span> <span class='ocrx_word' id='word_1_541' title='bbox 3087 1905 3303 1961; x_wconf 83' lang='lat' dir='ltr'><strong>Christo</strong></span> <span class='ocrx_word' id='word_1_542' title='bbox 3325 1903 3567 1975; x_wconf 88' lang='lat' dir='ltr'><strong>pluribus</strong></span> <span class='ocrx_word' id='word_1_543' title='bbox 3596 1915 3785 1971; x_wconf 83' lang='lat' dir='ltr'><strong>prose-</strong></span> 
     </span>
    </p>
   </div>
   <div class='ocr_carea' id='block_1_80' title="bbox 2189 1990 3785 2076">
    <p class='ocr_par' dir='ltr' id='par_1_80' title="bbox 2189 1990 3785 2076">
     <span class='ocr_line' id='line_1_80' title="bbox 2189 1990 3785 2076; baseline -0.009 -17"><span class='ocrx_word' id='word_1_544' title='bbox 2189 2005 2405 2076; x_wconf 89' lang='lat' dir='ltr'><strong>quitur,</strong></span> <span class='ocrx_word' id='word_1_545' title='bbox 2464 2004 2566 2058; x_wconf 85' lang='lat' dir='ltr'><strong>hoc</strong></span> <span class='ocrx_word' id='word_1_546' title='bbox 2617 2003 2924 2072; x_wconf 83' lang='lat' dir='ltr'><strong>frequenter</strong></span> <span class='ocrx_word' id='word_1_547' title='bbox 2974 2013 3100 2053; x_wconf 92' lang='lat' dir='ltr'><strong>usus</strong></span> <span class='ocrx_word' id='word_1_548' title='bbox 3143 1995 3339 2052; x_wconf 87' lang='lat' dir='ltr'><strong>Psalmi</strong></span> <span class='ocrx_word' id='word_1_549' title='bbox 3393 1990 3785 2065; x_wconf 86' lang='lat' dir='ltr'><strong>quadragesimi</strong></span> 
     </span>
    </p>
   </div>
   <div class='ocr_carea' id='block_1_81' title="bbox 2192 2085 3786 2167">
    <p class='ocr_par' dir='ltr' id='par_1_81' title="bbox 2192 2085 3786 2167">
     <span class='ocr_line' id='line_1_81' title="bbox 2192 2085 3786 2167; baseline -0.01 -16"><span class='ocrx_word' id='word_1_550' title='bbox 2192 2098 2367 2167; x_wconf 86' lang='lat' dir='ltr'><strong>quatri</strong></span> <span class='ocrx_word' id='word_1_551' title='bbox 2391 2096 2676 2160; x_wconf 87' lang='lat' dir='ltr'><strong>versiculo,</strong></span> <span class='ocrx_word' id='word_1_552' title='bbox 2707 2093 2913 2147; x_wconf 87' lang='lat' dir='ltr'><strong>Adstitit</strong></span> <span class='ocrx_word' id='word_1_553' title='bbox 2944 2092 3117 2161; x_wconf 79' lang='lat' dir='ltr'><strong>regina</strong></span> <span class='ocrx_word' id='word_1_554' title='bbox 3136 2106 3168 2143; x_wconf 91' lang='lat' dir='ltr'><strong>a</strong></span> <span class='ocrx_word' id='word_1_555' title='bbox 3197 2088 3388 2143; x_wconf 76' lang='lat' dir='ltr'><strong>dextris</strong></span> <span class='ocrx_word' id='word_1_556' title='bbox 3408 2087 3506 2140; x_wconf 88' lang='lat' dir='ltr'><strong>tuis</strong></span> <span class='ocrx_word' id='word_1_557' title='bbox 3527 2087 3578 2139; x_wconf 81' lang='lat' dir='ltr'><strong>in</strong></span> <span class='ocrx_word' id='word_1_558' title='bbox 3606 2085 3786 2138; x_wconf 76' lang='lat' dir='ltr'><strong>vestitu</strong></span> 
     </span>
    </p>
   </div>
   <div class='ocr_carea' id='block_1_82' title="bbox 2193 2181 3786 2255">
    <p class='ocr_par' dir='ltr' id='par_1_82' title="bbox 2193 2181 3786 2255">
     <span class='ocr_line' id='line_1_82' title="bbox 2193 2181 3786 2255; baseline -0.008 -12"><span class='ocrx_word' id='word_1_559' title='bbox 2193 2190 2456 2253; x_wconf 86' lang='lat' dir='ltr'><strong>deaurato,</strong></span> <span class='ocrx_word' id='word_1_560' title='bbox 2484 2197 2589 2243; x_wconf 91' lang='lat' dir='ltr'><strong>etc.</strong></span> <span class='ocrx_word' id='word_1_561' title='bbox 2617 2188 2691 2242; x_wconf 92' lang='lat' dir='ltr'><strong>De</strong></span> <span class='ocrx_word' id='word_1_562' title='bbox 2716 2186 2817 2240; x_wconf 92' lang='lat' dir='ltr'><strong>hac</strong></span> <span class='ocrx_word' id='word_1_563' title='bbox 2846 2193 3113 2255; x_wconf 88' lang='lat' dir='ltr'><strong>postrema</strong></span> <span class='ocrx_word' id='word_1_564' title='bbox 3139 2181 3372 2236; x_wconf 68' lang='lat' dir='ltr'><strong>humilia:</strong></span> <span class='ocrx_word' id='word_1_565' title='bbox 3395 2187 3541 2250; x_wconf 89' lang='lat' dir='ltr'><strong>parte</strong></span> <span class='ocrx_word' id='word_1_566' title='bbox 3566 2187 3786 2233; x_wconf 85' lang='lat' dir='ltr'><strong>sentcn-</strong></span> 
     </span>
    </p>
   </div>
   <div class='ocr_carea' id='block_1_83' title="bbox 2195 2275 3174 2335">
    <p class='ocr_par' dir='ltr' id='par_1_83' title="bbox 2195 2275 3174 2335">
     <span class='ocr_line' id='line_1_83' title="bbox 2195 2275 3174 2335; baseline -0.01 0"><span class='ocrx_word' id='word_1_567' title='bbox 2195 2282 2321 2335; x_wconf 90' lang='lat' dir='ltr'><strong>tiam</strong></span> <span class='ocrx_word' id='word_1_568' title='bbox 2350 2289 2586 2335; x_wconf 90' lang='lat' dir='ltr'><strong>nostram</strong></span> <span class='ocrx_word' id='word_1_569' title='bbox 2616 2278 2846 2333; x_wconf 84' lang='lat' dir='ltr'><strong>diximus</strong></span> <span class='ocrx_word' id='word_1_570' title='bbox 2874 2279 2925 2330; x_wconf 88' lang='lat' dir='ltr'><strong>in</strong></span> <span class='ocrx_word' id='word_1_571' title='bbox 2953 2275 3174 2330; x_wconf 80' lang='lat' dir='ltr'><strong>Monito.</strong></span> 
     </span>
    </p>
   </div>
   <div class='ocr_carea' id='block_1_84' title="bbox 2266 2361 3784 2442">
    <p class='ocr_par' dir='ltr' id='par_1_84' title="bbox 2266 2361 3784 2442">
     <span class='ocr_line' id='line_1_84' title="bbox 2266 2361 3784 2442; baseline -0.007 -17"><span class='ocrx_word' id='word_1_572' title='bbox 2266 2371 2445 2426; x_wconf 69' lang='lat' dir='ltr'><strong>Gaium</strong></span> <span class='ocrx_word' id='word_1_573' title='bbox 2459 2370 2758 2442; x_wconf 80' lang='lat' dir='ltr'><strong>petulantia.</strong></span> <span class='ocrx_word' id='word_1_574' title='bbox 2777 2366 3059 2424; x_wconf 85' lang='lat' dir='ltr'><strong>—Gainas</strong></span> <span class='ocrx_word' id='word_1_575' title='bbox 3086 2375 3205 2434; x_wconf 91' lang='lat' dir='ltr'><strong>post</strong></span> <span class='ocrx_word' id='word_1_576' title='bbox 3229 2364 3564 2433; x_wconf 90' lang='lat' dir='ltr'><strong>impetratam</strong></span> <span class='ocrx_word' id='word_1_577' title='bbox 3592 2361 3784 2430; x_wconf 87' lang='lat' dir='ltr'><strong>partim</strong></span> 
     </span>
    </p>
   </div>
   <div class='ocr_carea' id='block_1_85' title="bbox 2194 2454 3782 2536">
    <p class='ocr_par' dir='ltr' id='par_1_85' title="bbox 2194 2454 3782 2536">
     <span class='ocr_line' id='line_1_85' title="bbox 2194 2454 3782 2536; baseline -0.009 -14"><span class='ocrx_word' id='word_1_578' title='bbox 2194 2468 2266 2533; x_wconf 89' lang='lat' dir='ltr'><strong>vi,</strong></span> <span class='ocrx_word' id='word_1_579' title='bbox 2295 2467 2484 2536; x_wconf 91' lang='lat' dir='ltr'><strong>partim</strong></span> <span class='ocrx_word' id='word_1_580' title='bbox 2512 2465 2636 2521; x_wconf 92' lang='lat' dir='ltr'><strong>dolo</strong></span> <span class='ocrx_word' id='word_1_581' title='bbox 2663 2463 2899 2533; x_wconf 80' lang='lat' dir='ltr'><strong>Eutrapii</strong></span> <span class='ocrx_word' id='word_1_582' title='bbox 2941 2462 3148 2516; x_wconf 89' lang='lat' dir='ltr'><strong>ruinam</strong></span> <span class='ocrx_word' id='word_1_583' title='bbox 3196 2458 3593 2531; x_wconf 85' lang='lat' dir='ltr'><strong>perniciemque</strong></span> <span class='ocrx_word' id='word_1_584' title='bbox 3614 2454 3702 2524; x_wconf 75' lang='grc' dir='ltr'><strong>(Τ.</strong></span> <span class='ocrx_word' id='word_1_585' title='bbox 3727 2456 3782 2512; x_wconf 78' lang='lat'><strong>3.</strong></span> 
     </span>
    </p>
   </div>
   <div class='ocr_carea' id='block_1_86' title="bbox 2195 2548 3787 2629">
    <p class='ocr_par' dir='ltr' id='par_1_86' title="bbox 2195 2548 3787 2629">
     <span class='ocr_line' id='line_1_86' title="bbox 2195 2548 3787 2629; baseline -0.009 -13"><span class='ocrx_word' id='word_1_586' title='bbox 2195 2579 2242 2615; x_wconf 93' lang='lat' dir='ltr'><strong>c.</strong></span> <span class='ocrx_word' id='word_1_587' title='bbox 2274 2561 2426 2629; x_wconf 73' lang='grc'><strong>415),</strong></span> <span class='ocrx_word' id='word_1_588' title='bbox 2454 2560 2777 2628; x_wconf 87' lang='lat' dir='ltr'><strong>petulantior</strong></span> <span class='ocrx_word' id='word_1_589' title='bbox 2801 2559 2850 2610; x_wconf 92' lang='lat' dir='ltr'><strong>iu</strong></span> <span class='ocrx_word' id='word_1_590' title='bbox 2881 2556 2995 2611; x_wconf 89' lang='lat' dir='ltr'><strong>dies</strong></span> <span class='ocrx_word' id='word_1_591' title='bbox 3016 2555 3203 2616; x_wconf 89' lang='lat' dir='ltr'><strong>evasit,</strong></span> <span class='ocrx_word' id='word_1_592' title='bbox 3232 2561 3391 2621; x_wconf 84' lang='lat' dir='ltr'><strong>atque</strong></span> <span class='ocrx_word' id='word_1_593' title='bbox 3413 2567 3479 2607; x_wconf 87' lang='lat' dir='ltr'><strong>eo</strong></span> <span class='ocrx_word' id='word_1_594' title='bbox 3506 2548 3787 2620; x_wconf 83' lang='lat' dir='ltr'><strong>impuden-</strong></span> 
     </span>
    </p>
   </div>
   <div class='ocr_carea' id='block_1_87' title="bbox 2199 2641 3789 2720">
    <p class='ocr_par' dir='ltr' id='par_1_87' title="bbox 2199 2641 3789 2720">
     <span class='ocr_line' id='line_1_87' title="bbox 2199 2641 3789 2720; baseline -0.004 -16"><span class='ocrx_word' id='word_1_595' title='bbox 2199 2651 2284 2705; x_wconf 68' lang='lat' dir='ltr'><strong>tite</strong></span> <span class='ocrx_word' id='word_1_596' title='bbox 2310 2651 2590 2720; x_wconf 83' lang='lat' dir='ltr'><strong>processit,</strong></span> <span class='ocrx_word' id='word_1_597' title='bbox 2618 2657 2677 2703; x_wconf 92' lang='lat' dir='ltr'><strong>ut</strong></span> <span class='ocrx_word' id='word_1_598' title='bbox 2701 2648 2865 2702; x_wconf 89' lang='lat' dir='ltr'><strong>armis</strong></span> <span class='ocrx_word' id='word_1_599' title='bbox 2884 2647 3159 2717; x_wconf 90' lang='lat' dir='ltr'><strong>copiisque</strong></span> <span class='ocrx_word' id='word_1_600' title='bbox 3180 2646 3492 2710; x_wconf 87' lang='lat' dir='ltr'><strong>instructus,</strong></span> <span class='ocrx_word' id='word_1_601' title='bbox 3515 2641 3789 2699; x_wconf 85' lang='lat' dir='ltr'><strong>Saturnini</strong></span> 
     </span>
    </p>
   </div>
   <div class='ocr_carea' id='block_1_88' title="bbox 2197 2734 3786 2811">
    <p class='ocr_par' dir='ltr' id='par_1_88' title="bbox 2197 2734 3786 2811">
     <span class='ocr_line' id='line_1_88' title="bbox 2197 2734 3786 2811; baseline -0.007 -14"><span class='ocrx_word' id='word_1_602' title='bbox 2197 2751 2252 2797; x_wconf 90' lang='lat' dir='ltr'><strong>et</strong></span> <span class='ocrx_word' id='word_1_603' title='bbox 2276 2740 2586 2806; x_wconf 83' lang='lat' dir='ltr'><strong>Aureliani,</strong></span> <span class='ocrx_word' id='word_1_604' title='bbox 2634 2741 2723 2811; x_wconf 91' lang='lat' dir='ltr'><strong>qui</strong></span> <span class='ocrx_word' id='word_1_605' title='bbox 2752 2740 2891 2795; x_wconf 88' lang='lat' dir='ltr'><strong>inter</strong></span> <span class='ocrx_word' id='word_1_606' title='bbox 2920 2738 3134 2808; x_wconf 89' lang='lat' dir='ltr'><strong>Imperii</strong></span> <span class='ocrx_word' id='word_1_607' title='bbox 3173 2751 3424 2808; x_wconf 84' lang='lat' dir='ltr'><strong>proceres</strong></span> <span class='ocrx_word' id='word_1_608' title='bbox 3450 2734 3786 2798; x_wconf 86' lang='lat' dir='ltr'><strong>eminebant,</strong></span> 
     </span>
    </p>
   </div>
   <div class='ocr_carea' id='block_1_89' title="bbox 2197 2830 3788 2906">
    <p class='ocr_par' dir='ltr' id='par_1_89' title="bbox 2197 2830 3788 2906">
     <span class='ocr_line' id='line_1_89' title="bbox 2197 2830 3788 2906; baseline -0.005 -15"><span class='ocrx_word' id='word_1_609' title='bbox 2197 2837 2369 2906; x_wconf 76' lang='lat' dir='ltr'><strong>Capita</strong></span> <span class='ocrx_word' id='word_1_610' title='bbox 2409 2833 2758 2904; x_wconf 84' lang='lat' dir='ltr'><strong>deposceret,</strong></span> <span class='ocrx_word' id='word_1_611' title='bbox 2803 2848 2903 2887; x_wconf 89' lang='lat' dir='ltr'><strong>nec</strong></span> <span class='ocrx_word' id='word_1_612' title='bbox 2944 2832 3047 2887; x_wconf 89' lang='lat' dir='ltr'><strong>nisi</strong></span> <span class='ocrx_word' id='word_1_613' title='bbox 3088 2831 3188 2889; x_wconf 86' lang='lat' dir='ltr'><strong>hac</strong></span> <span class='ocrx_word' id='word_1_614' title='bbox 3215 2830 3525 2886; x_wconf 88' lang='lat' dir='ltr'><strong>conditione</strong></span> <span class='ocrx_word' id='word_1_615' title='bbox 3550 2843 3608 2885; x_wconf 89' lang='lat' dir='ltr'><strong>se</strong></span> <span class='ocrx_word' id='word_1_616' title='bbox 3636 2843 3788 2883; x_wconf 82' lang='lat' dir='ltr'><strong>arma</strong></span> 
     </span>
    </p>
   </div>
   <div class='ocr_carea' id='block_1_90' title="bbox 2201 2924 3018 2997">
    <p class='ocr_par' dir='ltr' id='par_1_90' title="bbox 2201 2924 3018 2997">
     <span class='ocr_line' id='line_1_90' title="bbox 2201 2924 3018 2997; baseline -0.006 -17"><span class='ocrx_word' id='word_1_617' title='bbox 2201 2926 2495 2997; x_wconf 88' lang='lat' dir='ltr'><strong>positurum</strong></span> <span class='ocrx_word' id='word_1_618' title='bbox 2523 2938 2642 2978; x_wconf 90' lang='lat' dir='ltr'><strong>esse</strong></span> <span class='ocrx_word' id='word_1_619' title='bbox 2664 2924 3018 2977; x_wconf 88' lang='lat' dir='ltr'><strong>minitaretur.</strong></span> 
     </span>
    </p>
   </div>
   <div class='ocr_carea' id='block_1_91' title="bbox 2272 3012 3789 3083">
    <p class='ocr_par' dir='ltr' id='par_1_91' title="bbox 2272 3012 3789 3083">
     <span class='ocr_line' id='line_1_91' title="bbox 2272 3012 3789 3083; baseline -0.005 -10"><span class='ocrx_word' id='word_1_620' title='bbox 2272 3017 2580 3073; x_wconf 84' lang='lat' dir='ltr'><strong>Saturninus</strong></span> <span class='ocrx_word' id='word_1_621' title='bbox 2607 3029 2653 3069; x_wconf 89' lang='lat' dir='ltr'><strong>et</strong></span> <span class='ocrx_word' id='word_1_622' title='bbox 2680 3016 2981 3069; x_wconf 77' lang='lat' dir='ltr'><strong>Aurelianus</strong></span> <span class='ocrx_word' id='word_1_623' title='bbox 3005 3014 3058 3068; x_wconf 88' lang='lat' dir='ltr'><strong>in</strong></span> <span class='ocrx_word' id='word_1_624' title='bbox 3076 3014 3308 3069; x_wconf 72' lang='lat' dir='ltr'><strong>exsilium</strong></span> <span class='ocrx_word' id='word_1_625' title='bbox 3356 3012 3508 3083; x_wconf 86' lang='lat' dir='ltr'><strong>pulsi.</strong></span> <span class='ocrx_word' id='word_1_626' title='bbox 3530 3039 3601 3051; x_wconf 90' lang='lat'><strong>-—-</strong></span> <span class='ocrx_word' id='word_1_627' title='bbox 3621 3012 3789 3066; x_wconf 45' lang='lat' dir='ltr'><strong>Arcas</strong></span> 
     </span>
    </p>
   </div>
   <div class='ocr_carea' id='block_1_92' title="bbox 2198 3105 3791 3179">
    <p class='ocr_par' dir='ltr' id='par_1_92' title="bbox 2198 3105 3791 3179">
     <span class='ocr_line' id='line_1_92' title="bbox 2198 3105 3791 3179; baseline -0.003 -14"><span class='ocrx_word' id='word_1_628' title='bbox 2198 3109 2318 3165; x_wconf 91' lang='lat' dir='ltr'><strong>dius</strong></span> <span class='ocrx_word' id='word_1_629' title='bbox 2343 3124 2471 3163; x_wconf 84' lang='lat' dir='ltr'><strong>vero</strong></span> <span class='ocrx_word' id='word_1_630' title='bbox 2494 3108 2808 3178; x_wconf 89' lang='lat' dir='ltr'><strong>Imperator,</strong></span> <span class='ocrx_word' id='word_1_631' title='bbox 2832 3108 2923 3179; x_wconf 92' lang='lat' dir='ltr'><strong>qui</strong></span> <span class='ocrx_word' id='word_1_632' title='bbox 2946 3107 3014 3163; x_wconf 92' lang='lat' dir='ltr'><strong>ob</strong></span> <span class='ocrx_word' id='word_1_633' title='bbox 3036 3106 3275 3162; x_wconf 90' lang='lat' dir='ltr'><strong>inertiam</strong></span> <span class='ocrx_word' id='word_1_634' title='bbox 3300 3115 3604 3176; x_wconf 90' lang='lat' dir='ltr'><strong>metumque</strong></span> <span class='ocrx_word' id='word_1_635' title='bbox 3622 3105 3791 3161; x_wconf 85' lang='lat' dir='ltr'><strong>cuivis</strong></span> 
     </span>
    </p>
   </div>
   <div class='ocr_carea' id='block_1_93' title="bbox 2203 3196 3788 3272">
    <p class='ocr_par' dir='ltr' id='par_1_93' title="bbox 2203 3196 3788 3272">
     <span class='ocr_line' id='line_1_93' title="bbox 2203 3196 3788 3272; baseline -0.004 -16"><span class='ocrx_word' id='word_1_636' title='bbox 2203 3202 2411 3272; x_wconf 71' lang='lat' dir='ltr'><strong>injuriae</strong></span> <span class='ocrx_word' id='word_1_637' title='bbox 2440 3210 2773 3271; x_wconf 85' lang='lat' dir='ltr'><strong>opportunus</strong></span> <span class='ocrx_word' id='word_1_638' title='bbox 2816 3208 2961 3265; x_wconf 88' lang='lat' dir='ltr'><strong>erat,</strong></span> <span class='ocrx_word' id='word_1_639' title='bbox 2993 3214 3106 3254; x_wconf 90' lang='lat' dir='ltr'><strong>rem</strong></span> <span class='ocrx_word' id='word_1_640' title='bbox 3152 3197 3491 3268; x_wconf 85' lang='lat' dir='ltr'><strong>quantumvis</strong></span> <span class='ocrx_word' id='word_1_641' title='bbox 3518 3196 3788 3266; x_wconf 88' lang='lat' dir='ltr'><strong>indignam</strong></span> 
     </span>
    </p>
   </div>
   <div class='ocr_carea' id='block_1_94' title="bbox 2200 3287 3793 3363">
    <p class='ocr_par' dir='ltr' id='par_1_94' title="bbox 2200 3287 3793 3363">
     <span class='ocr_line' id='line_1_94' title="bbox 2200 3287 3793 3363; baseline -0.004 -14"><span class='ocrx_word' id='word_1_642' title='bbox 2200 3294 2465 3363; x_wconf 78' lang='lat' dir='ltr'><strong>denegare</strong></span> <span class='ocrx_word' id='word_1_643' title='bbox 2492 3308 2595 3347; x_wconf 91' lang='lat' dir='ltr'><strong>non</strong></span> <span class='ocrx_word' id='word_1_644' title='bbox 2626 3306 2807 3355; x_wconf 88' lang='lat' dir='ltr'><strong>ausus,</strong></span> <span class='ocrx_word' id='word_1_645' title='bbox 2830 3300 3008 3346; x_wconf 88' lang='lat' dir='ltr'><strong>tantos</strong></span> <span class='ocrx_word' id='word_1_646' title='bbox 3034 3292 3175 3345; x_wconf 92' lang='lat' dir='ltr'><strong>viros</strong></span> <span class='ocrx_word' id='word_1_647' title='bbox 3202 3289 3269 3343; x_wconf 91' lang='lat' dir='ltr'><strong>ad</strong></span> <span class='ocrx_word' id='word_1_648' title='bbox 3293 3304 3476 3345; x_wconf 87' lang='lat' dir='ltr'><strong>necem</strong></span> <span class='ocrx_word' id='word_1_649' title='bbox 3501 3287 3793 3344; x_wconf 86' lang='lat' dir='ltr'><strong>traditurus</strong></span> 
     </span>
    </p>
   </div>
   <div class='ocr_carea' id='block_1_95' title="bbox 2202 3377 3789 3454">
    <p class='ocr_par' dir='ltr' id='par_1_95' title="bbox 2202 3377 3789 3454">
     <span class='ocr_line' id='line_1_95' title="bbox 2202 3377 3789 3454; baseline -0.005 -15"><span class='ocrx_word' id='word_1_650' title='bbox 2202 3396 2338 3451; x_wconf 86' lang='lat' dir='ltr'><strong>erat,</strong></span> <span class='ocrx_word' id='word_1_651' title='bbox 2376 3385 2477 3438; x_wconf 90' lang='lat' dir='ltr'><strong>nisi</strong></span> <span class='ocrx_word' id='word_1_652' title='bbox 2507 3382 2920 3454; x_wconf 81' lang='lat' dir='ltr'><strong>Chrysostomus</strong></span> <span class='ocrx_word' id='word_1_653' title='bbox 2944 3422 2959 3447; x_wconf 90' lang='lat'><strong>,</strong></span> <span class='ocrx_word' id='word_1_654' title='bbox 2998 3389 3180 3449; x_wconf 90' lang='lat' dir='ltr'><strong>utpote</strong></span> <span class='ocrx_word' id='word_1_655' title='bbox 3210 3379 3510 3434; x_wconf 92' lang='lat' dir='ltr'><strong>communis</strong></span> <span class='ocrx_word' id='word_1_656' title='bbox 3550 3377 3789 3433; x_wconf 91' lang='lat' dir='ltr'><strong>omnium</strong></span> 
     </span>
    </p>
   </div>
   <div class='ocr_carea' id='block_1_96' title="bbox 2204 3470 3790 3545">
    <p class='ocr_par' dir='ltr' id='par_1_96' title="bbox 2204 3470 3790 3545">
     <span class='ocr_line' id='line_1_96' title="bbox 2204 3470 3790 3545; baseline -0.004 -15"><span class='ocrx_word' id='word_1_657' title='bbox 2204 3486 2379 3545; x_wconf 90' lang='lat' dir='ltr'><strong>pater,</strong></span> <span class='ocrx_word' id='word_1_658' title='bbox 2414 3475 2490 3529; x_wconf 89' lang='lat' dir='ltr'><strong>sic</strong></span> <span class='ocrx_word' id='word_1_659' title='bbox 2522 3475 2639 3538; x_wconf 90' lang='lat' dir='ltr'><strong>ille,</strong></span> <span class='ocrx_word' id='word_1_660' title='bbox 2668 3472 2891 3529; x_wconf 90' lang='lat' dir='ltr'><strong>Gainam</strong></span> <span class='ocrx_word' id='word_1_661' title='bbox 2923 3472 3163 3536; x_wconf 87' lang='lat' dir='ltr'><strong>adiisset,</strong></span> <span class='ocrx_word' id='word_1_662' title='bbox 3195 3471 3521 3526; x_wconf 84' lang='lat' dir='ltr'><strong>obambulans</strong></span> <span class='ocrx_word' id='word_1_663' title='bbox 3543 3512 3558 3535; x_wconf 92' lang='lat'><strong>,</strong></span> <span class='ocrx_word' id='word_1_664' title='bbox 3584 3470 3790 3541; x_wconf 86' lang='lat' dir='ltr'><strong>inquit.</strong></span> 
     </span>
    </p>
   </div>
   <div class='ocr_carea' id='block_1_97' title="bbox 2203 3562 3795 3635">
    <p class='ocr_par' dir='ltr' id='par_1_97' title="bbox 2203 3562 3795 3635">
     <span class='ocr_line' id='line_1_97' title="bbox 2203 3562 3795 3635; baseline -0.005 -15"><span class='ocrx_word' id='word_1_665' title='bbox 2203 3567 2505 3631; x_wconf 76' lang='lat' dir='ltr'><strong>exhortans,</strong></span> <span class='ocrx_word' id='word_1_666' title='bbox 2537 3565 2821 3630; x_wconf 80' lang='lat' dir='ltr'><strong>obtestans,</strong></span> <span class='ocrx_word' id='word_1_667' title='bbox 2853 3564 3176 3635; x_wconf 79' lang='lat' dir='ltr'><strong>supplicans,</strong></span> <span class='ocrx_word' id='word_1_668' title='bbox 3222 3571 3278 3615; x_wconf 90' lang='lat' dir='ltr'><strong>ut</strong></span> <span class='ocrx_word' id='word_1_669' title='bbox 3319 3579 3351 3615; x_wconf 91' lang='lat' dir='ltr'><strong>a</strong></span> <span class='ocrx_word' id='word_1_670' title='bbox 3380 3562 3598 3617; x_wconf 91' lang='lat' dir='ltr'><strong>dominis</strong></span> <span class='ocrx_word' id='word_1_671' title='bbox 3622 3578 3680 3615; x_wconf 88' lang='lat' dir='ltr'><strong>ea</strong></span> <span class='ocrx_word' id='word_1_672' title='bbox 3704 3578 3795 3614; x_wconf 87' lang='lat' dir='ltr'><strong>ca-</strong></span> 
     </span>
    </p>
   </div>
   <div class='ocr_carea' id='block_1_98' title="bbox 2207 3653 3793 3726">
    <p class='ocr_par' dir='ltr' id='par_1_98' title="bbox 2207 3653 3793 3726">
     <span class='ocr_line' id='line_1_98' title="bbox 2207 3653 3793 3726; baseline -0.001 -17"><span class='ocrx_word' id='word_1_673' title='bbox 2207 3655 2407 3711; x_wconf 89' lang='lat' dir='ltr'><strong>lamitas</strong></span> <span class='ocrx_word' id='word_1_674' title='bbox 2444 3657 2815 3726; x_wconf 86' lang='lat' dir='ltr'><strong>depelleretur;</strong></span> <span class='ocrx_word' id='word_1_675' title='bbox 2854 3655 3013 3726; x_wconf 88' lang='lat' dir='ltr'><strong>idque</strong></span> <span class='ocrx_word' id='word_1_676' title='bbox 3051 3654 3265 3710; x_wconf 88' lang='lat' dir='ltr'><strong>demum</strong></span> <span class='ocrx_word' id='word_1_677' title='bbox 3295 3669 3325 3706; x_wconf 90' lang='lat' dir='ltr'><strong>a</strong></span> <span class='ocrx_word' id='word_1_678' title='bbox 3352 3653 3579 3708; x_wconf 91' lang='lat' dir='ltr'><strong>barbaro</strong></span> <span class='ocrx_word' id='word_1_679' title='bbox 3623 3654 3793 3721; x_wconf 86' lang='lat' dir='ltr'><strong>impe-</strong></span> 
     </span>
    </p>
   </div>
   <div class='ocr_carea' id='block_1_99' title="bbox 2208 3743 3795 3814">
    <p class='ocr_par' dir='ltr' id='par_1_99' title="bbox 2208 3743 3795 3814">
     <span class='ocr_line' id='line_1_99' title="bbox 2208 3743 3795 3814; baseline -0.002 -13"><span class='ocrx_word' id='word_1_680' title='bbox 2208 3757 2435 3814; x_wconf 85' lang='lat' dir='ltr'><strong>trasset,</strong></span> <span class='ocrx_word' id='word_1_681' title='bbox 2467 3758 2527 3803; x_wconf 92' lang='lat' dir='ltr'><strong>ut</strong></span> <span class='ocrx_word' id='word_1_682' title='bbox 2544 3748 2672 3802; x_wconf 86' lang='lat' dir='ltr'><strong>satis</strong></span> <span class='ocrx_word' id='word_1_683' title='bbox 2698 3747 2947 3812; x_wconf 85' lang='lat' dir='ltr'><strong>haberet,</strong></span> <span class='ocrx_word' id='word_1_684' title='bbox 2977 3746 3021 3801; x_wconf 92' lang='lat' dir='ltr'><strong>si</strong></span> <span class='ocrx_word' id='word_1_685' title='bbox 3054 3745 3370 3801; x_wconf 89' lang='lat' dir='ltr'><strong>Saturninus</strong></span> <span class='ocrx_word' id='word_1_686' title='bbox 3391 3752 3446 3800; x_wconf 88' lang='lat' dir='ltr'><strong>et</strong></span> <span class='ocrx_word' id='word_1_687' title='bbox 3474 3743 3795 3803; x_wconf 80' lang='lat' dir='ltr'><strong>Aurelianus</strong></span> 
     </span>
    </p>
   </div>
   <div class='ocr_carea' id='block_1_100' title="bbox 2208 3840 2922 3895">
    <p class='ocr_par' dir='ltr' id='par_1_100' title="bbox 2208 3840 2922 3895">
     <span class='ocr_line' id='line_1_100' title="bbox 2208 3840 2922 3895; baseline -0.001 -1"><span class='ocrx_word' id='word_1_688' title='bbox 2208 3841 2260 3894; x_wconf 90' lang='lat' dir='ltr'><strong>in</strong></span> <span class='ocrx_word' id='word_1_689' title='bbox 2288 3841 2534 3895; x_wconf 81' lang='lat' dir='ltr'><strong>exsilium</strong></span> <span class='ocrx_word' id='word_1_690' title='bbox 2561 3840 2922 3895; x_wconf 89' lang='lat' dir='ltr'><strong>mitterentur.</strong></span> 
     </span>
    </p>
   </div>
   <div class='ocr_carea' id='block_1_101' title="bbox 2279 3928 3795 4000">
    <p class='ocr_par' dir='ltr' id='par_1_101' title="bbox 2279 3928 3795 4000">
     <span class='ocr_line' id='line_1_101' title="bbox 2279 3928 3795 4000; baseline -0.001 -14"><span class='ocrx_word' id='word_1_691' title='bbox 2279 3932 2334 3986; x_wconf 91' lang='lat' dir='ltr'><strong>Id</strong></span> <span class='ocrx_word' id='word_1_692' title='bbox 2362 3948 2491 3986; x_wconf 87' lang='lat' dir='ltr'><strong>vero</strong></span> <span class='ocrx_word' id='word_1_693' title='bbox 2519 3930 2714 3985; x_wconf 88' lang='lat' dir='ltr'><strong>accidit</strong></span> <span class='ocrx_word' id='word_1_694' title='bbox 2746 3946 2888 3985; x_wconf 91' lang='lat' dir='ltr'><strong>anno</strong></span> <span class='ocrx_word' id='word_1_695' title='bbox 2931 3930 3147 3984; x_wconf 90' lang='lat' dir='ltr'><strong>ineunte</strong></span> <span class='ocrx_word' id='word_1_696' title='bbox 3183 3928 3289 3985; x_wconf 71' lang='lat'><strong>400</strong></span> <span class='ocrx_word' id='word_1_697' title='bbox 3312 3947 3326 3983; x_wconf 87' lang='lat'><strong>:</strong></span> <span class='ocrx_word' id='word_1_698' title='bbox 3351 3944 3457 4000; x_wconf 90' lang='lat' dir='ltr'><strong>quo</strong></span> <span class='ocrx_word' id='word_1_699' title='bbox 3483 3928 3659 3999; x_wconf 85' lang='lat' dir='ltr'><strong>posito</strong></span> <span class='ocrx_word' id='word_1_700' title='bbox 3683 3928 3795 3985; x_wconf 86' lang='lat' dir='ltr'><strong>cal-</strong></span> 
     </span>
    </p>
   </div>
   <div class='ocr_carea' id='block_1_102' title="bbox 2207 4022 3795 4093">
    <p class='ocr_par' dir='ltr' id='par_1_102' title="bbox 2207 4022 3795 4093">
     <span class='ocr_line' id='line_1_102' title="bbox 2207 4022 3795 4093; baseline -0.001 -15"><span class='ocrx_word' id='word_1_701' title='bbox 2207 4025 2328 4079; x_wconf 91' lang='lat' dir='ltr'><strong>culo</strong></span> <span class='ocrx_word' id='word_1_702' title='bbox 2349 4040 2409 4078; x_wconf 91' lang='lat' dir='ltr'><strong>ea</strong></span> <span class='ocrx_word' id='word_1_703' title='bbox 2431 4039 2550 4093; x_wconf 70' lang='lat' dir='ltr'><strong>qua:</strong></span> <span class='ocrx_word' id='word_1_704' title='bbox 2571 4023 2879 4093; x_wconf 70' lang='lat' dir='ltr'><strong>prtecedunt</strong></span> <span class='ocrx_word' id='word_1_705' title='bbox 2900 4033 2953 4077; x_wconf 92' lang='lat' dir='ltr'><strong>et</strong></span> <span class='ocrx_word' id='word_1_706' title='bbox 2973 4039 3092 4093; x_wconf 75' lang='lat' dir='ltr'><strong>qua:</strong></span> <span class='ocrx_word' id='word_1_707' title='bbox 3111 4022 3506 4092; x_wconf 84' lang='lat' dir='ltr'><strong>subsequuntur</strong></span> <span class='ocrx_word' id='word_1_708' title='bbox 3525 4032 3795 4082; x_wconf 87' lang='lat' dir='ltr'><strong>constare.</strong></span> 
     </span>
    </p>
   </div>
   <div class='ocr_carea' id='block_1_103' title="bbox 2207 4112 3798 4185">
    <p class='ocr_par' dir='ltr' id='par_1_103' title="bbox 2207 4112 3798 4185">
     <span class='ocr_line' id='line_1_103' title="bbox 2207 4112 3798 4185; baseline -0.004 -12"><span class='ocrx_word' id='word_1_709' title='bbox 2207 4128 2261 4173; x_wconf 90' lang='lat' dir='ltr'><strong>et</strong></span> <span class='ocrx_word' id='word_1_710' title='bbox 2291 4118 2464 4171; x_wconf 91' lang='lat' dir='ltr'><strong>locum</strong></span> <span class='ocrx_word' id='word_1_711' title='bbox 2508 4126 2821 4185; x_wconf 88' lang='lat' dir='ltr'><strong>tempusque</strong></span> <span class='ocrx_word' id='word_1_712' title='bbox 2861 4130 3014 4170; x_wconf 90' lang='lat' dir='ltr'><strong>suum</strong></span> <span class='ocrx_word' id='word_1_713' title='bbox 3062 4129 3323 4184; x_wconf 89' lang='lat' dir='ltr'><strong>occupare</strong></span> <span class='ocrx_word' id='word_1_714' title='bbox 3368 4113 3633 4171; x_wconf 82' lang='lat' dir='ltr'><strong>videntur.</strong></span> <span class='ocrx_word' id='word_1_715' title='bbox 3674 4112 3798 4175; x_wconf 85' lang='lat' dir='ltr'><strong>Iloc</strong></span> 
     </span>
    </p>
   </div>
   <div class='ocr_carea' id='block_1_104' title="bbox 2208 4202 3794 4275">
    <p class='ocr_par' dir='ltr' id='par_1_104' title="bbox 2208 4202 3794 4275">
     <span class='ocr_line' id='line_1_104' title="bbox 2208 4202 3794 4275; baseline -0.002 -14"><span class='ocrx_word' id='word_1_716' title='bbox 2208 4216 2385 4261; x_wconf 89' lang='lat' dir='ltr'><strong>autem</strong></span> <span class='ocrx_word' id='word_1_717' title='bbox 2426 4217 2641 4275; x_wconf 87' lang='lat' dir='ltr'><strong>peracto</strong></span> <span class='ocrx_word' id='word_1_718' title='bbox 2680 4203 2892 4275; x_wconf 84' lang='lat' dir='ltr'><strong>negotio</strong></span> <span class='ocrx_word' id='word_1_719' title='bbox 2919 4204 3230 4260; x_wconf 90' lang='lat' dir='ltr'><strong>concionem</strong></span> <span class='ocrx_word' id='word_1_720' title='bbox 3266 4204 3451 4259; x_wconf 84' lang='lat' dir='ltr'><strong>habuit</strong></span> <span class='ocrx_word' id='word_1_721' title='bbox 3473 4202 3794 4275; x_wconf 78' lang='lat' dir='ltr'><strong>Chrysosto-</strong></span> 
     </span>
    </p>
   </div>
   <div class='ocr_carea' id='block_1_105' title="bbox 2211 4295 3801 4367">
    <p class='ocr_par' dir='ltr' id='par_1_105' title="bbox 2211 4295 3801 4367">
     <span class='ocr_line' id='line_1_105' title="bbox 2211 4295 3801 4367; baseline -0.003 -12"><span class='ocrx_word' id='word_1_722' title='bbox 2211 4315 2350 4365; x_wconf 83' lang='lat' dir='ltr'><strong>IllllS,</strong></span> <span class='ocrx_word' id='word_1_723' title='bbox 2381 4299 2470 4354; x_wconf 91' lang='lat' dir='ltr'><strong>ubi</strong></span> <span class='ocrx_word' id='word_1_724' title='bbox 2496 4298 2563 4354; x_wconf 89' lang='lat' dir='ltr'><strong>de</strong></span> <span class='ocrx_word' id='word_1_725' title='bbox 2594 4296 3184 4367; x_wconf 89' lang='lat' dir='ltr'><strong>Constantinopolitano</strong></span> <span class='ocrx_word' id='word_1_726' title='bbox 3224 4297 3473 4361; x_wconf 90' lang='lat' dir='ltr'><strong>tumultu,</strong></span> <span class='ocrx_word' id='word_1_727' title='bbox 3503 4297 3571 4352; x_wconf 91' lang='lat' dir='ltr'><strong>de</strong></span> <span class='ocrx_word' id='word_1_728' title='bbox 3595 4295 3801 4351; x_wconf 86' lang='lat' dir='ltr'><strong>vicissi-</strong></span> 
     </span>
    </p>
   </div>
   <div class='ocr_carea' id='block_1_106' title="bbox 2213 4387 3799 4459">
    <p class='ocr_par' dir='ltr' id='par_1_106' title="bbox 2213 4387 3799 4459">
     <span class='ocr_line' id='line_1_106' title="bbox 2213 4387 3799 4459; baseline -0.003 -13"><span class='ocrx_word' id='word_1_729' title='bbox 2213 4392 2395 4446; x_wconf 91' lang='lat' dir='ltr'><strong>tudine</strong></span> <span class='ocrx_word' id='word_1_730' title='bbox 2422 4390 2773 4445; x_wconf 90' lang='lat' dir='ltr'><strong>humanarum</strong></span> <span class='ocrx_word' id='word_1_731' title='bbox 2799 4404 2977 4443; x_wconf 89' lang='lat' dir='ltr'><strong>rerum</strong></span> <span class='ocrx_word' id='word_1_732' title='bbox 3006 4388 3133 4459; x_wconf 86' lang='lat' dir='ltr'><strong>agit.</strong></span> <span class='ocrx_word' id='word_1_733' title='bbox 3166 4387 3373 4454; x_wconf 84' lang='lat' dir='ltr'><strong>Omnia,</strong></span> <span class='ocrx_word' id='word_1_734' title='bbox 3400 4389 3592 4456; x_wconf 88' lang='lat' dir='ltr'><strong>inquit,</strong></span> <span class='ocrx_word' id='word_1_735' title='bbox 3621 4391 3799 4459; x_wconf 46' lang='lat' dir='ltr'><strong>turba:</strong></span> 
     </span>
    </p>
   </div>
   <div class='ocr_carea' id='block_1_107' title="bbox 2210 4480 3803 4552">
    <p class='ocr_par' dir='ltr' id='par_1_107' title="bbox 2210 4480 3803 4552">
     <span class='ocr_line' id='line_1_107' title="bbox 2210 4480 3803 4552; baseline -0.002 -15"><span class='ocrx_word' id='word_1_736' title='bbox 2210 4501 2322 4538; x_wconf 89' lang='lat' dir='ltr'><strong>rum</strong></span> <span class='ocrx_word' id='word_1_737' title='bbox 2348 4500 2409 4536; x_wconf 86' lang='lat' dir='ltr'><strong>ac</strong></span> <span class='ocrx_word' id='word_1_738' title='bbox 2438 4484 2745 4536; x_wconf 86' lang='lat' dir='ltr'><strong>tumultuum</strong></span> <span class='ocrx_word' id='word_1_739' title='bbox 2779 4480 2930 4552; x_wconf 89' lang='lat' dir='ltr'><strong>plena</strong></span> <span class='ocrx_word' id='word_1_740' title='bbox 2964 4489 3113 4544; x_wconf 89' lang='lat' dir='ltr'><strong>sunt,</strong></span> <span class='ocrx_word' id='word_1_741' title='bbox 3156 4480 3325 4534; x_wconf 91' lang='lat' dir='ltr'><strong>omnia</strong></span> <span class='ocrx_word' id='word_1_742' title='bbox 3353 4480 3550 4547; x_wconf 85' lang='lat' dir='ltr'><strong>scopuli</strong></span> <span class='ocrx_word' id='word_1_743' title='bbox 3576 4495 3636 4532; x_wconf 89' lang='lat' dir='ltr'><strong>ac</strong></span> <span class='ocrx_word' id='word_1_744' title='bbox 3667 4493 3803 4547; x_wconf 68' lang='lat' dir='ltr'><strong>pra-</strong></span> 
     </span>
    </p>
   </div>
   <div class='ocr_carea' id='block_1_108' title="bbox 2212 4572 3798 4646">
    <p class='ocr_par' dir='ltr' id='par_1_108' title="bbox 2212 4572 3798 4646">
     <span class='ocr_line' id='line_1_108' title="bbox 2212 4572 3798 4646; baseline -0.001 -19"><span class='ocrx_word' id='word_1_745' title='bbox 2212 4576 2406 4645; x_wconf 84' lang='lat' dir='ltr'><strong>cipitia,</strong></span> <span class='ocrx_word' id='word_1_746' title='bbox 2435 4576 2606 4629; x_wconf 90' lang='lat' dir='ltr'><strong>omnia</strong></span> <span class='ocrx_word' id='word_1_747' title='bbox 2627 4592 2780 4646; x_wconf 83' lang='lat' dir='ltr'><strong>rapes</strong></span> <span class='ocrx_word' id='word_1_748' title='bbox 2804 4574 2897 4628; x_wconf 87' lang='lat' dir='ltr'><strong>sub</strong></span> <span class='ocrx_word' id='word_1_749' title='bbox 2924 4574 3069 4642; x_wconf 88' lang='lat' dir='ltr'><strong>aquis</strong></span> <span class='ocrx_word' id='word_1_750' title='bbox 3090 4573 3301 4627; x_wconf 81' lang='lat' dir='ltr'><strong>latentes</strong></span> <span class='ocrx_word' id='word_1_751' title='bbox 3321 4588 3340 4627; x_wconf 89' lang='lat'><strong><em>:</em></strong></span> <span class='ocrx_word' id='word_1_752' title='bbox 3362 4572 3532 4629; x_wconf 81' lang='lat' dir='ltr'><strong>omnia</strong></span> <span class='ocrx_word' id='word_1_753' title='bbox 3561 4581 3798 4637; x_wconf 85' lang='lat' dir='ltr'><strong>terrores,</strong></span> 
     </span>
    </p>
   </div>
   <div class='ocr_carea' id='block_1_109' title="bbox 2212 4661 3801 4736">
    <p class='ocr_par' dir='ltr' id='par_1_109' title="bbox 2212 4661 3801 4736">
     <span class='ocr_line' id='line_1_109' title="bbox 2212 4661 3801 4736; baseline -0.001 -17"><span class='ocrx_word' id='word_1_754' title='bbox 2212 4667 2526 4729; x_wconf 87' lang='lat' dir='ltr'><strong>discrimina,</strong></span> <span class='ocrx_word' id='word_1_755' title='bbox 2574 4666 2905 4736; x_wconf 86' lang='lat' dir='ltr'><strong>suspiciones,</strong></span> <span class='ocrx_word' id='word_1_756' title='bbox 2941 4675 3211 4728; x_wconf 89' lang='lat' dir='ltr'><strong>tremores,</strong></span> <span class='ocrx_word' id='word_1_757' title='bbox 3256 4673 3304 4718; x_wconf 85' lang='lat' dir='ltr'><strong>et</strong></span> <span class='ocrx_word' id='word_1_758' title='bbox 3344 4680 3581 4735; x_wconf 83' lang='lat' dir='ltr'><strong>angores.</strong></span> <span class='ocrx_word' id='word_1_759' title='bbox 3634 4661 3801 4729; x_wconf 76' lang='lat' dir='ltr'><strong>Nemo</strong></span> 
     </span>
    </p>
   </div>
   <div class='ocr_carea' id='block_1_110' title="bbox 2212 4755 3804 4829">
    <p class='ocr_par' dir='ltr' id='par_1_110' title="bbox 2212 4755 3804 4829">
     <span class='ocr_line' id='line_1_110' title="bbox 2212 4755 3804 4829; baseline -0.005 -16"><span class='ocrx_word' id='word_1_760' title='bbox 2212 4761 2445 4829; x_wconf 82' lang='lat' dir='ltr'><strong>cuiquam</strong></span> <span class='ocrx_word' id='word_1_761' title='bbox 2490 4758 2622 4826; x_wconf 74' lang='lat' dir='ltr'><strong>fidit,</strong></span> <span class='ocrx_word' id='word_1_762' title='bbox 2641 4796 2654 4810; x_wconf 96' lang='lat'><strong>.</strong></span> <span class='ocrx_word' id='word_1_763' title='bbox 2674 4797 2689 4811; x_wconf 94' lang='lat'><strong>.</strong></span> <span class='ocrx_word' id='word_1_764' title='bbox 2708 4798 2721 4810; x_wconf 95' lang='lat'><strong>.</strong></span> <span class='ocrx_word' id='word_1_765' title='bbox 2739 4797 2753 4810; x_wconf 95' lang='lat'><strong>.</strong></span> <span class='ocrx_word' id='word_1_766' title='bbox 2772 4796 2788 4812; x_wconf 93' lang='lat'><strong>.</strong></span> <span class='ocrx_word' id='word_1_767' title='bbox 2832 4774 2935 4811; x_wconf 88' lang='lat' dir='ltr'><strong>non</strong></span> <span class='ocrx_word' id='word_1_768' title='bbox 2970 4765 3044 4811; x_wconf 88' lang='lat' dir='ltr'><strong>est</strong></span> <span class='ocrx_word' id='word_1_769' title='bbox 3084 4756 3275 4810; x_wconf 85' lang='lat' dir='ltr'><strong>amicus</strong></span> <span class='ocrx_word' id='word_1_770' title='bbox 3311 4764 3446 4809; x_wconf 86' lang='lat' dir='ltr'><strong>tutus</strong></span> <span class='ocrx_word' id='word_1_771' title='bbox 3469 4793 3486 4821; x_wconf 89' lang='lat'><strong>,</strong></span> <span class='ocrx_word' id='word_1_772' title='bbox 3513 4771 3613 4808; x_wconf 85' lang='lat' dir='ltr'><strong>non</strong></span> <span class='ocrx_word' id='word_1_773' title='bbox 3644 4755 3804 4821; x_wconf 77' lang='lat' dir='ltr'><strong>frater</strong></span> 
     </span>
    </p>
   </div>
   <div class='ocr_carea' id='block_1_111' title="bbox 2215 4845 3803 4914">
    <p class='ocr_par' dir='ltr' id='par_1_111' title="bbox 2215 4845 3803 4914">
     <span class='ocr_line' id='line_1_111' title="bbox 2215 4845 3803 4914; baseline -0.001 -13"><span class='ocrx_word' id='word_1_774' title='bbox 2215 4851 2409 4914; x_wconf 85' lang='lat' dir='ltr'><strong>firmus.</strong></span> <span class='ocrx_word' id='word_1_775' title='bbox 2458 4848 2726 4905; x_wconf 85' lang='lat' dir='ltr'><strong>Sublatum</strong></span> <span class='ocrx_word' id='word_1_776' title='bbox 2775 4859 2846 4903; x_wconf 85' lang='lat' dir='ltr'><strong>est</strong></span> <span class='ocrx_word' id='word_1_777' title='bbox 2899 4848 3126 4901; x_wconf 88' lang='lat' dir='ltr'><strong>caritatis</strong></span> <span class='ocrx_word' id='word_1_778' title='bbox 3169 4848 3383 4911; x_wconf 89' lang='lat' dir='ltr'><strong>bonum,</strong></span> <span class='ocrx_word' id='word_1_779' title='bbox 3432 4846 3575 4900; x_wconf 78' lang='lat' dir='ltr'><strong>civile</strong></span> <span class='ocrx_word' id='word_1_780' title='bbox 3618 4845 3803 4900; x_wconf 75' lang='lat' dir='ltr'><strong>bellum</strong></span> 
     </span>
    </p>
   </div>
   <div class='ocr_carea' id='block_1_112' title="bbox 2213 4940 3802 5015">
    <p class='ocr_par' dir='ltr' id='par_1_112' title="bbox 2213 4940 3802 5015">
     <span class='ocr_line' id='line_1_112' title="bbox 2213 4940 3802 5015; baseline -0.004 -16"><span class='ocrx_word' id='word_1_781' title='bbox 2213 4956 2425 5015; x_wconf 83' lang='lat' dir='ltr'><strong>occupat</strong></span> <span class='ocrx_word' id='word_1_782' title='bbox 2459 4946 2656 5009; x_wconf 86' lang='lat' dir='ltr'><strong>omnia,</strong></span> <span class='ocrx_word' id='word_1_783' title='bbox 2685 4943 2825 4997; x_wconf 85' lang='lat' dir='ltr'><strong>civile</strong></span> <span class='ocrx_word' id='word_1_784' title='bbox 2847 4984 2863 5011; x_wconf 91' lang='lat'><strong>,</strong></span> <span class='ocrx_word' id='word_1_785' title='bbox 2891 4952 2939 4997; x_wconf 88' lang='lat' dir='ltr'><strong>et</strong></span> <span class='ocrx_word' id='word_1_786' title='bbox 2964 4959 3064 4997; x_wconf 89' lang='lat' dir='ltr'><strong>non</strong></span> <span class='ocrx_word' id='word_1_787' title='bbox 3109 4953 3335 5013; x_wconf 82' lang='lat' dir='ltr'><strong>apertum</strong></span> <span class='ocrx_word' id='word_1_788' title='bbox 3358 4983 3374 5007; x_wconf 95' lang='lat'><strong>,</strong></span> <span class='ocrx_word' id='word_1_789' title='bbox 3403 4942 3492 4997; x_wconf 81' lang='lat' dir='ltr'><strong>sed</strong></span> <span class='ocrx_word' id='word_1_790' title='bbox 3519 4940 3802 4994; x_wconf 77' lang='lat' dir='ltr'><strong>obumbra-</strong></span> 
     </span>
    </p>
   </div>
   <div class='ocr_carea' id='block_1_113' title="bbox 2215 5033 3805 5103">
    <p class='ocr_par' dir='ltr' id='par_1_113' title="bbox 2215 5033 3805 5103">
     <span class='ocr_line' id='line_1_113' title="bbox 2215 5033 3805 5103; baseline -0.003 -13"><span class='ocrx_word' id='word_1_791' title='bbox 2215 5049 2339 5090; x_wconf 84' lang='lat' dir='ltr'><strong>tum.</strong></span> <span class='ocrx_word' id='word_1_792' title='bbox 2370 5035 2661 5092; x_wconf 58' lang='lat' dir='ltr'><strong>Innumerae</strong></span> <span class='ocrx_word' id='word_1_793' title='bbox 2687 5036 2867 5101; x_wconf 83' lang='lat' dir='ltr'><strong>ubique</strong></span> <span class='ocrx_word' id='word_1_794' title='bbox 2903 5038 3087 5099; x_wconf 76' lang='lat' dir='ltr'><strong>larvaz,</strong></span> <span class='ocrx_word' id='word_1_795' title='bbox 3136 5033 3388 5089; x_wconf 71' lang='lat' dir='ltr'><strong>simulatas</strong></span> <span class='ocrx_word' id='word_1_796' title='bbox 3414 5034 3569 5103; x_wconf 79' lang='lat' dir='ltr'><strong>{acies</strong></span> <span class='ocrx_word' id='word_1_797' title='bbox 3597 5051 3617 5087; x_wconf 91' lang='lat'><strong><em>:</em></strong></span> <span class='ocrx_word' id='word_1_798' title='bbox 3644 5033 3805 5086; x_wconf 80' lang='lat' dir='ltr'><strong>multa</strong></span> 
     </span>
    </p>
   </div>
   <div class='ocr_carea' id='block_1_114' title="bbox 2215 5125 3809 5198">
    <p class='ocr_par' dir='ltr' id='par_1_114' title="bbox 2215 5125 3809 5198">
     <span class='ocr_line' id='line_1_114' title="bbox 2215 5125 3809 5198; baseline 0.001 -17"><span class='ocrx_word' id='word_1_799' title='bbox 2215 5129 2378 5182; x_wconf 83' lang='lat' dir='ltr'><strong>ovium</strong></span> <span class='ocrx_word' id='word_1_800' title='bbox 2413 5129 2626 5195; x_wconf 85' lang='lat' dir='ltr'><strong>vellera,</strong></span> <span class='ocrx_word' id='word_1_801' title='bbox 2658 5128 2909 5181; x_wconf 85' lang='lat' dir='ltr'><strong>innumeri</strong></span> <span class='ocrx_word' id='word_1_802' title='bbox 2934 5127 3113 5198; x_wconf 83' lang='lat' dir='ltr'><strong>ubique</strong></span> <span class='ocrx_word' id='word_1_803' title='bbox 3157 5126 3268 5195; x_wconf 89' lang='lat' dir='ltr'><strong>lupi</strong></span> <span class='ocrx_word' id='word_1_804' title='bbox 3293 5126 3383 5180; x_wconf 85' lang='lat' dir='ltr'><strong>sub</strong></span> <span class='ocrx_word' id='word_1_805' title='bbox 3419 5126 3495 5180; x_wconf 90' lang='lat' dir='ltr'><strong>his</strong></span> <span class='ocrx_word' id='word_1_806' title='bbox 3525 5125 3809 5182; x_wconf 88' lang='lat' dir='ltr'><strong>occultati:</strong></span> 
     </span>
    </p>
   </div>
   <div class='ocr_carea' id='block_1_115' title="bbox 2205 5218 3811 5291">
    <p class='ocr_par' dir='ltr' id='par_1_115' title="bbox 2205 5218 3811 5291">
     <span class='ocr_line' id='line_1_115' title="bbox 2205 5218 3811 5291; baseline -0.002 -16"><span class='ocrx_word' id='word_1_807' title='bbox 2205 5231 2273 5291; x_wconf 10' lang='lat' dir='ltr'><strong>qut</strong></span> <span class='ocrx_word' id='word_1_808' title='bbox 2308 5222 2422 5291; x_wconf 88' lang='lat' dir='ltr'><strong>jam</strong></span> <span class='ocrx_word' id='word_1_809' title='bbox 2459 5220 2589 5276; x_wconf 90' lang='lat' dir='ltr'><strong>inter</strong></span> <span class='ocrx_word' id='word_1_810' title='bbox 2624 5221 2786 5275; x_wconf 86' lang='lat' dir='ltr'><strong>hostes</strong></span> <span class='ocrx_word' id='word_1_811' title='bbox 2820 5220 3005 5290; x_wconf 85' lang='lat' dir='ltr'><strong>aliquis</strong></span> <span class='ocrx_word' id='word_1_812' title='bbox 3053 5219 3207 5273; x_wconf 89' lang='lat' dir='ltr'><strong>tutius</strong></span> <span class='ocrx_word' id='word_1_813' title='bbox 3248 5219 3456 5283; x_wconf 76' lang='lat' dir='ltr'><strong>vixerit,</strong></span> <span class='ocrx_word' id='word_1_814' title='bbox 3498 5234 3652 5290; x_wconf 88' lang='lat' dir='ltr'><strong>quam</strong></span> <span class='ocrx_word' id='word_1_815' title='bbox 3675 5218 3811 5271; x_wconf 77' lang='lat' dir='ltr'><strong>inter</strong></span> 
     </span>
    </p>
   </div>
   <div class='ocr_carea' id='block_1_116' title="bbox 2217 5309 3807 5383">
    <p class='ocr_par' dir='ltr' id='par_1_116' title="bbox 2217 5309 3807 5383">
     <span class='ocr_line' id='line_1_116' title="bbox 2217 5309 3807 5383; baseline -0.003 -15"><span class='ocrx_word' id='word_1_816' title='bbox 2217 5331 2302 5368; x_wconf 85' lang='lat' dir='ltr'><strong>eos</strong></span> <span class='ocrx_word' id='word_1_817' title='bbox 2331 5314 2416 5383; x_wconf 88' lang='lat' dir='ltr'><strong>qui</strong></span> <span class='ocrx_word' id='word_1_818' title='bbox 2442 5313 2673 5368; x_wconf 84' lang='lat' dir='ltr'><strong>videntur</strong></span> <span class='ocrx_word' id='word_1_819' title='bbox 2694 5311 2861 5366; x_wconf 89' lang='lat' dir='ltr'><strong>amici.</strong></span> <span class='ocrx_word' id='word_1_820' title='bbox 2887 5311 2984 5378; x_wconf 83' lang='lat' dir='ltr'><strong>Qui</strong></span> <span class='ocrx_word' id='word_1_821' title='bbox 3000 5311 3108 5365; x_wconf 87' lang='lat' dir='ltr'><strong>heri</strong></span> <span class='ocrx_word' id='word_1_822' title='bbox 3127 5309 3490 5377; x_wconf 87' lang='lat' dir='ltr'><strong>adulabantur,</strong></span> <span class='ocrx_word' id='word_1_823' title='bbox 3517 5310 3605 5381; x_wconf 89' lang='lat' dir='ltr'><strong>qui</strong></span> <span class='ocrx_word' id='word_1_824' title='bbox 3626 5325 3807 5364; x_wconf 76' lang='lat' dir='ltr'><strong>atauus</strong></span> 
     </span>
    </p>
   </div>
   <div class='ocr_carea' id='block_1_117' title="bbox 2218 5400 3808 5476">
    <p class='ocr_par' dir='ltr' id='par_1_117' title="bbox 2218 5400 3808 5476">
     <span class='ocr_line' id='line_1_117' title="bbox 2218 5400 3808 5476; baseline -0.005 -15"><span class='ocrx_word' id='word_1_825' title='bbox 2218 5405 2595 5473; x_wconf 83' lang='lat' dir='ltr'><strong>osculabantur,</strong></span> <span class='ocrx_word' id='word_1_826' title='bbox 2626 5406 2775 5460; x_wconf 91' lang='lat' dir='ltr'><strong>hodie</strong></span> <span class='ocrx_word' id='word_1_827' title='bbox 2801 5414 3003 5476; x_wconf 84' lang='lat' dir='ltr'><strong>repente</strong></span> <span class='ocrx_word' id='word_1_828' title='bbox 3029 5407 3268 5474; x_wconf 86' lang='lat' dir='ltr'><strong>comperti</strong></span> <span class='ocrx_word' id='word_1_829' title='bbox 3299 5413 3413 5457; x_wconf 90' lang='lat' dir='ltr'><strong>sunt</strong></span> <span class='ocrx_word' id='word_1_830' title='bbox 3442 5403 3631 5467; x_wconf 80' lang='lat' dir='ltr'><strong>hostes,</strong></span> <span class='ocrx_word' id='word_1_831' title='bbox 3663 5400 3808 5469; x_wconf 79' lang='lat' dir='ltr'><strong>obje-</strong></span> 
     </span>
    </p>
   </div>
   <div class='ocr_carea' id='block_1_118' title="bbox 2219 5495 3813 5571">
    <p class='ocr_par' dir='ltr' id='par_1_118' title="bbox 2219 5495 3813 5571">
     <span class='ocr_line' id='line_1_118' title="bbox 2219 5495 3813 5571; baseline -0.006 -18"><span class='ocrx_word' id='word_1_832' title='bbox 2219 5502 2409 5571; x_wconf 82' lang='lat' dir='ltr'><strong>ctisquc</strong></span> <span class='ocrx_word' id='word_1_833' title='bbox 2445 5499 2597 5553; x_wconf 82' lang='lat' dir='ltr'><strong>larvis</strong></span> <span class='ocrx_word' id='word_1_834' title='bbox 2619 5541 2632 5564; x_wconf 96' lang='lat'><strong>,</strong></span> <span class='ocrx_word' id='word_1_835' title='bbox 2679 5498 2800 5568; x_wconf 79' lang='lat' dir='ltr'><strong>facti</strong></span> <span class='ocrx_word' id='word_1_836' title='bbox 2833 5507 2951 5551; x_wconf 87' lang='lat' dir='ltr'><strong>sunt</strong></span> <span class='ocrx_word' id='word_1_837' title='bbox 2993 5496 3223 5550; x_wconf 88' lang='lat' dir='ltr'><strong>omnibus</strong></span> <span class='ocrx_word' id='word_1_838' title='bbox 3252 5495 3635 5551; x_wconf 87' lang='lat' dir='ltr'><strong>accusatoribus</strong></span> <span class='ocrx_word' id='word_1_839' title='bbox 3663 5508 3813 5546; x_wconf 83' lang='lat' dir='ltr'><strong>accr-</strong></span> 
     </span>
    </p>
   </div>
   <div class='ocr_carea' id='block_1_119' title="bbox 2218 5583 3811 5661">
    <p class='ocr_par' dir='ltr' id='par_1_119' title="bbox 2218 5583 3811 5661">
     <span class='ocr_line' id='line_1_119' title="bbox 2218 5583 3811 5661; baseline -0.004 -18"><span class='ocrx_word' id='word_1_840' title='bbox 2218 5592 2532 5661; x_wconf 88' lang='lat' dir='ltr'><strong>biores:pro</strong></span> <span class='ocrx_word' id='word_1_841' title='bbox 2572 5590 2749 5657; x_wconf 85' lang='lat' dir='ltr'><strong>quibus</strong></span> <span class='ocrx_word' id='word_1_842' title='bbox 2786 5590 3016 5642; x_wconf 89' lang='lat' dir='ltr'><strong>hesterna</strong></span> <span class='ocrx_word' id='word_1_843' title='bbox 3063 5588 3146 5641; x_wconf 88' lang='lat' dir='ltr'><strong>die</strong></span> <span class='ocrx_word' id='word_1_844' title='bbox 3186 5588 3376 5658; x_wconf 89' lang='lat' dir='ltr'><strong>gratias</strong></span> <span class='ocrx_word' id='word_1_845' title='bbox 3417 5584 3660 5656; x_wconf 84' lang='lat' dir='ltr'><strong>agebant,</strong></span> <span class='ocrx_word' id='word_1_846' title='bbox 3712 5583 3811 5637; x_wconf 87' lang='lat' dir='ltr'><strong>hos</strong></span> 
     </span>
    </p>
   </div>
   <div class='ocr_carea' id='block_1_120' title="bbox 2217 5674 3811 5735">
    <p class='ocr_par' dir='ltr' id='par_1_120' title="bbox 2217 5674 3811 5735">
     <span class='ocr_line' id='line_1_120' title="bbox 2217 5674 3811 5735; baseline -0.003 -2"><span class='ocrx_word' id='word_1_847' title='bbox 2217 5697 2352 5734; x_wconf 86' lang='lat' dir='ltr'><strong>nunc</strong></span> <span class='ocrx_word' id='word_1_848' title='bbox 2389 5682 2621 5735; x_wconf 86' lang='lat' dir='ltr'><strong>incusant</strong></span> <span class='ocrx_word' id='word_1_849' title='bbox 2651 5689 2699 5733; x_wconf 87' lang='lat' dir='ltr'><strong>et</strong></span> <span class='ocrx_word' id='word_1_850' title='bbox 2724 5679 3117 5733; x_wconf 87' lang='lat' dir='ltr'><strong>calumniantur.</strong></span> <span class='ocrx_word' id='word_1_851' title='bbox 3161 5677 3362 5734; x_wconf 85' lang='lat' dir='ltr'><strong>Deinde</strong></span> <span class='ocrx_word' id='word_1_852' title='bbox 3396 5692 3527 5734; x_wconf 87' lang='lat' dir='ltr'><strong>vero</strong></span> <span class='ocrx_word' id='word_1_853' title='bbox 3567 5676 3635 5731; x_wconf 91' lang='lat' dir='ltr'><strong>de</strong></span> <span class='ocrx_word' id='word_1_854' title='bbox 3663 5674 3811 5729; x_wconf 61' lang='lat' dir='ltr'><strong>divia</strong></span> 
     </span>
    </p>
   </div>
   <div class='ocr_carea' id='block_1_121' title="bbox 2218 5764 3805 5843">
    <p class='ocr_par' dir='ltr' id='par_1_121' title="bbox 2218 5764 3805 5843">
     <span class='ocr_line' id='line_1_121' title="bbox 2218 5764 3805 5843; baseline -0.005 -15"><span class='ocrx_word' id='word_1_855' title='bbox 2218 5774 2407 5828; x_wconf 79' lang='lat' dir='ltr'><strong>tiaram</strong></span> <span class='ocrx_word' id='word_1_856' title='bbox 2465 5772 2695 5828; x_wconf 82' lang='lat' dir='ltr'><strong>vanitate</strong></span> <span class='ocrx_word' id='word_1_857' title='bbox 2741 5773 3013 5843; x_wconf 87' lang='lat' dir='ltr'><strong>eleganter</strong></span> <span class='ocrx_word' id='word_1_858' title='bbox 3056 5785 3153 5842; x_wconf 90' lang='lat' dir='ltr'><strong>pro</strong></span> <span class='ocrx_word' id='word_1_859' title='bbox 3201 5785 3353 5829; x_wconf 76' lang='lat' dir='ltr'><strong>more</strong></span> <span class='ocrx_word' id='word_1_860' title='bbox 3401 5781 3501 5827; x_wconf 88' lang='lat' dir='ltr'><strong>suo</strong></span> <span class='ocrx_word' id='word_1_861' title='bbox 3548 5764 3805 5824; x_wconf 81' lang='lat' dir='ltr'><strong>disserit:</strong></span> 
     </span>
    </p>
   </div>
  </div>
