4122 6386
295 341 394 394 177

293 454 619 522 paupertatis
673 453 813 508 bona
865 450 1225 522 deprzcdicat,
1280 460 1465 520 utpote
1514 466 1634 521 quae
1675 459 1876 506 tantam

291 553 510 614 praestet
538 545 877 598 securitatem
899 587 914 609 ,
946 554 1200 612 quantum
1242 542 1439 598 divitia:
1468 543 1758 613 periculmn
1789 558 1880 613 pa-

290 637 455 693 riunt.
499 635 723 690 Denmm
761 636 1006 705 exemplo
1029 634 1148 690 .lobi
1184 634 1248 689 ad
1294 634 1628 689 calamitates
1672 636 1878 688 fortiter

289 723 539 782 ferendas
565 726 826 782 bertatur.

360 815 556 871 Gaiae:
609 816 855 887 Magister
911 817 1106 871 militia:
1147 816 1874 886 canstitutus.-—Postquam

289 907 608 962 Saturninus
651 916 704 961 et
748 907 1064 961 Aurelianus
1099 907 1246 980 (Soz.
1291 907 1330 961 Ι.
1374 908 1433 962 8.
1467 923 1514 961 c.
1559 907 1635 977 4),
1688 921 1876 977 pacato

289 998 455 1054 Caina
477 1041 491 1062 ,
522 1000 572 1054 in
597 999 841 1056 exsilium
870 1000 972 1055 acti
1001 1001 1206 1054 fuerant
1235 1000 1406 1071 (Anna
1431 999 1556 1071 400)
1581 1041 1595 1064 ,
1627 1016 1746 1054 cum
1776 1004 1876 1054 Ar-

289 1089 440 1144 cadio
476 1090 800 1160 lmperatore
828 1091 1025 1146 Gainas
1068 1091 1121 1146 in
1169 1091 1554 1160 ecclesiajuxta
1583 1091 1877 1145 Chalcedo-

290 1196 412 1234 ncm
438 1182 557 1245 sita,
583 1183 672 1237 ubi
703 1183 759 1235 S.
794 1182 1102 1252 Euphcmitt:
1129 1184 1377 1252 martyris
1403 1182 1706 1251 sepulcrum
1733 1192 1870 1244 erat,

289 1272 610 1341 Colloquium
650 1272 874 1338 habuit,
905 1289 1130 1344 cumque
1156 1289 1219 1328 ex
1253 1284 1406 1343 pacto
1432 1284 1696 1328 convento
1726 1290 1874 1328 arma

289 1364 646 1434 deposuisset,
677 1367 1094 1436 etjurejurando
1115 1367 1356 1426 adhibito
1380 1366 1534 1422 Iidem
1565 1367 1876 1436 Imperatori

290 1457 566 1524 dedisset,
627 1462 889 1527 equestris
955 1460 1320 1530 pedestrisque
1381 1460 1584 1512 militia:
1629 1459 1878 1527 Magister

291 1551 612 1610 declaratur.
653 1553 826 1608 Tanto
865 1563 1040 1606 autem
1075 1552 1288 1606 inﬂatus
1316 1553 1554 1616 hoaore,
1600 1566 1686 1606 res
1712 1564 1877 1604 novas

294 1647 470 1701 moliri
505 1661 610 1699 non
653 1644 874 1699 distulit.
907 1646 1036 1700 Erat
1061 1645 1152 1700 ille
1180 1646 1438 1705 Arianus,
1471 1643 1689 1714 perinde
1718 1653 1876 1710 atque

294 1739 445 1792 multi
471 1738 561 1793 alii
583 1739 790 1804 Gotthi,
815 1739 903 1808 qui
929 1746 1054 1793 tunc
1078 1739 1384 1808 episcopum
1414 1737 1876 1806 Constantinopoli

297 1833 560 1887 habebant
586 1848 600 1886 :
626 1832 974 1887 suadentibus
1001 1842 1180 1887 autem
1212 1831 1452 1901 ejusdem
1482 1841 1642 1885 secta:
1671 1831 1877 1900 cpisco-

297 1924 377 1992 pis
417 1923 798 1993 Imperatorem
844 1925 1080 1995 rogavit,
1133 1939 1294 1979 unam
1320 1939 1385 1978 ex
1412 1922 1655 1979 ecclesiis
1680 1923 1878 1979 urbicis

294 2031 404 2068 suae
425 2026 584 2070 secta:
605 2016 868 2080 traderet;
899 2016 1204 2072 indecorum
1225 2032 1348 2073 esse
1371 2017 1554 2072 dicens
1568 2016 1877 2087 Magistrum

296 2105 548 2160 Romana:
581 2107 781 2161 militia:
805 2119 953 2161 eXIra
982 2107 1168 2162 urbem
1198 2108 1384 2162 orandi
1409 2123 1568 2163 causa
1592 2109 1874 2177 proﬁcisci.

294 2197 550 2251 Arcadius
575 2212 718 2264 vero,
748 2199 835 2268 qui
861 2197 1082 2253 Gainam
1106 2201 1396 2265 metuebat,
1424 2209 1483 2254 ut
1505 2211 1558 2254 et
1578 2200 1734 2254 aulici
1760 2201 1878 2268 ejus

292 2305 479 2345 omnes
504 2332 517 2353 ,
545 2305 606 2344 ca
632 2290 700 2345 de
727 2306 784 2346 re
819 2291 1228 2345 deliberaturum
1258 2306 1318 2346 se
1345 2291 1509 2358 dixit,
1549 2306 1877 2361 operamque

288 2381 535 2437 daturum
570 2391 626 2437 ut
667 2383 834 2453 ipsius
872 2382 1142 2438 desiderio
1185 2382 1339 2438 Iierct
1381 2385 1532 2438 satis.
1581 2385 1878 2452 Imperator

288 2483 466 2530 autem
504 2474 764 2530 Joannem
808 2486 1048 2530 nostrum
1099 2473 1356 2539 advocat,
1404 2474 1587 2530 Gaium
1634 2483 1874 2544 optatum

289 2569 482 2635 docet,
518 2569 633 2638 ejus
663 2570 952 2638 potentiam
985 2577 1403 2635 commemorat,
1445 2569 1616 2638 ipsum
1639 2567 1876 2639 tyranni-

286 2661 408 2714 dem
455 2661 702 2716 medicari
747 2677 851 2714 non
896 2661 1124 2715 obscure
1172 2659 1389 2726 indicat,
1431 2659 1778 2730 hortaturque
1819 2669 1876 2714 ut

291 2754 502 2807 barbari
534 2754 769 2808 animum
821 2754 870 2807 id
900 2751 1244 2808 concedendo
1273 2763 1580 2820 compescat
1611 2751 1872 2824 (Theodo-

287 2857 381 2900 ret.
419 2849 455 2899 ι.
482 2846 535 2901 5.
582 2862 628 2899 c.
677 2846 788 2917 52).
822 2846 1114 2917 Respondit
1147 2845 1382 2902 Joannes
1405 2885 1421 2911 ,
1455 2845 1765 2915 Imperatori
1793 2844 1873 2902 l‘as

289 2956 394 2992 non
435 2953 554 2993 esse
583 2939 707 2992 talia
747 2939 1020 3008 polliceri,
1064 2948 1119 2993 et
1158 2947 1342 2992 sancta
1378 2939 1601 2994 canibus
1624 2938 1873 2996 dare:se

290 3045 420 3083 vero
452 3030 755 3099 neutiquam
800 3044 954 3098 posse
999 3028 1303 3084 Catliolicos
1342 3030 1408 3084 ab
1434 3029 1656 3084 ecclesia
1684 3031 1872 3099 quavis

287 3123 517 3191 ejicere,
549 3131 608 3176 ut
652 3121 866 3175 inducat
903 3122 1168 3186 Arianos,
1209 3122 1298 3191 qui
1333 3121 1384 3176 in
1423 3119 1613 3174 Filium
1641 3121 1732 3175 Dei
1756 3120 1868 3174 bla-

285 3216 506 3283 sphema
545 3210 861 3284 proferrent,
904 3229 1076 3282 neque
1107 3223 1252 3267 metu
1281 3212 1498 3266 barbari
1525 3210 1724 3266 debere
1753 3227 1870 3264 mo-

287 3308 396 3361 veri
419 3326 431 3360 :
455 3307 546 3360 sed
573 3307 759 3362 ambos
777 3307 1040 3360 advocare
1063 3316 1232 3375 rogat,
1255 3319 1314 3358 se
1338 3318 1528 3373 nempe
1548 3312 1603 3357 et
1622 3301 1869 3366 Gainam,

285 3413 606 3468 sperarcque
649 3415 709 3454 se
764 3399 909 3452 illum
960 3413 1026 3452 eo
1069 3397 1425 3451 adducturum
1467 3409 1624 3460 esse,
1679 3405 1869 3450 utnon

286 3493 418 3544 ultra
452 3492 597 3561 paria
627 3492 938 3562 postularet.
978 3490 1071 3544 I-Iis
1101 3490 1297 3544 auditis
1323 3489 1624 3558 Imperator
1653 3504 1873 3556 magno-

286 3597 411 3652 pere
437 3582 648 3652 gavisus
673 3591 753 3636 est
775 3623 792 3649 ,
832 3592 885 3635 et
914 3581 1169 3652 postridie
1195 3590 1479 3648 utrumque
1502 3579 1660 3649 jussit
1687 3579 1867 3634 acciri.

284 3675 524 3728 Accessit
565 3673 763 3729 Gaiuas
804 3671 1035 3746 (Sozam.
1085 3673 1122 3726 ι.
1163 3672 1217 3727 8.
1263 3687 1310 3725 c.
1351 3670 1445 3742 4);
1493 3671 1665 3725 adl‘uit
1708 3671 1868 3726 etiam

283 3767 692 3838 (ihrysoslomus
719 3783 838 3822 cum
870 3767 1140 3836 episcopis
1166 3767 1256 3836 qui
1285 3764 1869 3834 tum-Constantinopoli

284 3868 438 3910 erant
476 3856 803 3928 (Tlteadaret.
843 3859 879 3910 l.
917 3858 972 3912 5.
1012 3874 1058 3910 c.
1098 3857 1211 3926 5‘2).

354 3949 544 4002 Gainas
594 3965 625 4001 α
675 3949 1032 4020 Clirysostomo
1088 3965 1368 4018 repressus.
1402 3976 1469 3990 -—-
1497 3946 1632 4000 Tum
1675 3945 1870 4004 Gainas

284 4042 541 4110 promissa
582 4041 680 4095 sibi
725 4041 838 4095 dari
882 4040 1170 4111 ﬂagitabat.
1217 4040 1560 4094 Reclamabat
1603 4038 1865 4102 Joannes,

284 4155 387 4192 non
428 4139 586 4193 licere
625 4139 933 4208 Imperatori
969 4140 1055 4207 qui
1085 4138 1222 4206 piam
1253 4135 1566 4204 religionem
1589 4135 1867 4204 prolitcrc-

284 4241 367 4282 tttr
391 4271 406 4295 ,
450 4230 703 4286 adversus
740 4245 828 4284 res
878 4230 1084 4283 divinas
1123 4227 1406 4298 quidquam
1441 4235 1724 4280 attentare.
1766 4224 1869 4280 Be-

284 4325 722 4393 ponEtGotthus,
767 4341 976 4400 aequum
1027 4339 1143 4378 esse
1191 4331 1248 4377 ut
1293 4324 1404 4394 ipse
1447 4337 1658 4392 quoque
1698 4319 1866 4376 aedem

281 4433 508 4481 sacrant,
537 4419 588 4471 in
611 4435 711 4488 qua
736 4428 1065 4488 precaretur,
1101 4418 1334 4470 haberet.
1366 4415 1496 4470 Tum
1529 4431 1750 4483 magnus
1780 4413 1868 4467 ille

281 4509 512 4563 iuannes
533 4530 544 4561 :
567 4510 752 4562 Omnes
776 4509 861 4561 tibi
886 4519 1075 4578 aperta:
1100 4519 1213 4561 sunt
1242 4511 1374 4561 nales
1399 4522 1576 4569 δεεστ-(τ,
1605 4521 1697 4558 nec
1728 4504 1864 4558 ullus

283 4602 476 4653 aditum
517 4601 812 4667 prohibebit,
853 4601 897 4654 si
939 4601 1133 4670 precari
1173 4600 1407 4652 uolueris.
1447 4601 1508 4650 At
1541 4616 1662 4670 rgo,
1701 4597 1868 4666 inquit

283 4693 496 4760 Cainas,
545 4695 752 4746 ulterius
790 4710 901 4746 sum
938 4704 1118 4756 sectae,
1161 4702 1206 4746 et
1247 4708 1361 4744 cum
1396 4692 1710 4744 consortibus
1747 4691 1868 4742 meis

283 4802 434 4838 unum
462 4788 722 4841 ecclesiam
751 4797 893 4854 peto;
923 4787 1074 4857 idque
1094 4787 1213 4856 jure
1232 4785 1354 4838 mihi
1376 4794 1539 4856 petere
1558 4785 1755 4847 ridear,
1785 4783 1868 4849 qui

235 4863 240 4868 I
283 4879 437 4931 multa
481 4895 571 4948 pro
621 4879 862 4932 [laritanis
907 4877 1154 4932 bellorth
1209 4879 1507 4931 discrimina
1556 4876 1863 4944 pertulerim.

284 4972 361 5027 Ad
392 4971 505 5026 huic
526 4970 760 5026 Joannes
785 4989 798 5024 :
821 4970 926 5025 Sed
954 4971 1124 5034 habes,
1155 4971 1343 5040 inquit,
1375 4971 1584 5035 prwmia
1613 4968 1867 5024 laboribus

281 5065 379 5118 tuis
406 5063 553 5134 longe
576 5078 773 5132 majora
793 5076 810 5114 :
828 5078 947 5114 nam
982 5071 1028 5115 et
1059 5060 1304 5132 Magister
1334 5059 1552 5114 militum
1579 5070 1794 5124 creatus,
1822 5069 1868 5113 et

281 5154 536 5209 consulari
563 5165 693 5208 veste
718 5162 926 5206 ornatus
954 5169 1026 5206 es.
1059 5152 1355 5206 Consideres
1375 5161 1566 5221 oportet
1595 5153 1717 5220 quid
1746 5153 1868 5206 aliut

281 5250 437 5319 {cteris
462 5257 510 5301 et
534 5248 656 5318 quid
687 5262 819 5300 nunc
843 5248 949 5309 sis;
988 5257 1179 5317 quanta
1207 5249 1356 5314 fuerit
1383 5247 1520 5313 ιιι-ἔοι·
1541 5256 1731 5317 egestas
1757 5257 1864 5306 tua,

281 5355 468 5413 quanta
497 5359 630 5398 nunc
658 5357 825 5395 rerum
861 5342 1041 5409 capia;
1082 5339 1260 5409 quibus
1307 5339 1610 5393 vestimentis
1643 5355 1767 5392 usus
1798 5339 1868 5391 sis

281 5436 577 5503 primqnam
623 5431 815 5487 Istrum
869 5432 1163 5497 trajiceres,
1215 5429 1394 5502 quibus
1457 5446 1592 5484 nunc
1638 5429 1868 5484 induaris

284 5524 516 5593 (Sozam.
559 5523 596 5577 ι.
637 5522 691 5577 8.
737 5537 786 5575 c.
829 5521 908 5592 4).
952 5521 1008 5575 In
1038 5521 1348 5576 memoriam
1381 5520 1649 5576 revocavit
1674 5521 1864 5586 etiam,

284 5619 556 5685 quomodo
587 5632 707 5670 eum
738 5632 765 5668 a
798 5619 965 5685 patria
992 5615 1282 5686 aufugisset
1307 5631 1335 5668 a
1367 5615 1669 5670 Theodosio
1696 5614 1867 5683 Impe-

284 5723 459 5764 ratore
489 5722 540 5765 et
585 5709 793 5764 Arcadii
836 5719 982 5778 patre
1007 5717 1256 5763 servatus
1280 5708 1492 5773 luisset,
1531 5708 1868 5776 jurassctque

285 5819 342 5858 se
369 5805 619 5858 Itoinanis
647 5804 896 5871 amicum,
921 5800 1125 5871 ipsique
1144 5815 1206 5856 ac
1225 5798 1405 5892 liberis
1426 5799 1539 5870 ejus
1560 5813 1621 5854 ac
1641 5797 1862 5869 legibus.

1496 334 1676 392 NUNC
1717 332 1974 390 PRIMUM
2007 335 2404 395 ADORNATA.

3473 346 3572 402 ι’ῑὸ

1989 465 2124 527 quas
2147 463 2288 509 nunc
2313 455 2569 526 abrogare
2597 457 2912 522 conabatur,
2943 456 3103 512 lldum
3131 468 3387 529 perpetuo
3415 475 3567 516 tuan-

1985 560 2168 601 surum
2197 562 2338 603 esse.
2380 547 2633 620 Tuncque
2656 547 2829 620 legem
2857 566 2885 602 a
2914 550 3216 606 Theodosio
3247 550 3405 606 latam
3447 566 3574 623 pro-

1986 637 2139 704 tulit,
2175 654 2295 709 qua:
2331 647 2574 695 vetuerat
2615 657 2683 695 ne
2723 639 2958 697 haeretici
3001 643 3137 697 intra
3182 642 3329 698 urbis
3369 644 3569 698 nitentia

1983 731 2233 786 collectas
2260 731 2614 789 celebrarent.
2648 732 2773 788 Post
2799 733 2913 787 haec
2939 733 3004 787 ad
3035 738 3413 807 Imperatorem
3437 750 3539 789 con

1982 837 2170 879 versus
2206 823 2375 878 suasit
2415 822 2515 893 ipsi
2555 834 2612 878 ut
2654 825 2859 896 legem,
2899 842 3016 895 qua:
3046 827 3302 882 adversus
3334 827 3570 884 hmreses

1981 913 2083 968 lata
2107 916 2298 979 fuerat,
2319 927 2488 969 ratam
2515 925 2753 972 servaret
2770 936 2783 969 :
2802 919 2970 972 satius
2991 933 3110 973 esse
3130 919 3316 974 dicens
3343 921 3568 988 imperio

1980 1005 2203 1071 cedere,
2231 1024 2388 1077 quam
2425 1010 2627 1077 prodita
2662 1011 2753 1065 Dei
2799 1011 2958 1065 domo
2989 1012 3252 1079 piaculum
3285 1013 3569 1072 admittere

1982 1095 2304 1169 (Tltradoret.
2335 1098 2439 1156 ιδ.
2467 1116 2513 1153 e.
2547 1101 2662 1168 5-2).
2680 1101 2990 1170 Ilnjusmodi
3018 1105 3355 1160 sermonibus
3379 1105 3572 1162 doctor

1981 1190 2069 1245 ille
2097 1191 2240 1246 orbis
2267 1201 2528 1247 terrarum
2576 1194 2670 1264 (sic
2697 1191 3086 1266 T/ieadaretus),
3107 1196 3288 1251 Gainze
3318 1212 3380 1252 os
3406 1198 3567 1254 obtu-

1981 1283 2134 1346 ravit,
2168 1293 2223 1337 et
2252 1295 2428 1338 tacere
2453 1299 2575 1339 eum
2601 1285 2859 1356 compulit
2892 1284 3123 1357 (Sozam.
3149 1287 3186 1341 l.
3220 1288 3269 1350 8,
3303 1305 3348 1343 c.
3378 1290 3457 1360 4).

2054 1372 2233 1428 Gaium
2259 1385 2398 1442 gesta
2423 1385 2468 1428 et
2489 1391 2726 1430 recessus.
2745 1405 2818 1418 ——-
2853 1375 2960 1447 Spe
3015 1377 3196 1447 lapsus
3240 1379 3472 1447 Gainas,
3513 1389 3571 1438 et

1981 1465 2132 1535 quasi
2181 1467 2235 1521 in
2265 1466 2499 1524 furorem
2527 1478 2712 1535 actus,
2736 1469 2892 1524 Iidem
2921 1469 3121 1526 violare
3149 1481 3204 1526 et
3243 1473 3427 1527 urbem
3474 1473 3569 1528 de-

1984 1557 2206 1625 pra-dari
2227 1557 2338 1629 jam
2364 1558 2738 1615 meditabatur.
2769 1560 2896 1630 Ejus
2923 1570 3101 1616 autem
3129 1563 3345 1617 insidias
3363 1604 3378 1629 ,
3399 1562 3570 1633 inquit

1982 1650 2341 1714 Sozomenus,
2376 1651 2755 1719 praenuntiavit
2787 1662 3058 1717 cometes,
3096 1653 3187 1722 qui
3240 1663 3365 1708 tunc
3406 1670 3568 1721 supra

1980 1741 2250 1800 civitatem
2277 1744 2540 1795 maximus
2567 1743 2843 1812 apparuit,
2899 1759 3066 1814 usque
3111 1744 3178 1797 ad
3223 1752 3416 1799 terram
3456 1745 3571 1800 fere

1981 1835 2285 1904 pertingens
2301 1876 2317 1900 ,
2339 1843 2395 1890 et
2419 1835 2589 1906 qualis
2611 1851 2898 1906 numquam
2921 1845 3076 1891 antea
3104 1837 3246 1891 visus
3264 1838 3426 1894 fuisse
3451 1854 3567 1895 me-

1981 1937 2238 1982 moratur.
2261 1928 2340 1983 Ac
2371 1927 2543 1997 primo
2595 1928 2812 1999 quidem
2859 1930 3280 2000 argentariorum
3325 1931 3566 1987 olllcinas

1981 2017 2233 2075 invadere
2273 2019 2546 2084 tentabat,
2580 2020 2864 2075 maximam
2905 2038 2963 2076 se
3008 2023 3250 2092 pecunire
3301 2038 3562 2077 sunnnam

1983 2111 2104 2165 inde
2132 2111 2477 2166 collecturum
2509 2127 2753 2181 sperans.
2779 2112 2912 2166 Cum
2939 2123 3114 2166 autem
3138 2130 3349 2168 rumore
3378 2116 3568 2170 nuntio

1981 2205 2032 2257 in
2066 2204 2307 2258 notitiam
2340 2205 2573 2260 venisset
2597 2206 2744 2259 illum
2797 2207 2920 2260 talia
2972 2206 3252 2273 meditari,
3281 2211 3563 2276 argentarii

1981 2295 2031 2348 in
2056 2293 2274 2350 latebris
2301 2297 2478 2350 omnia
2513 2312 2770 2363 posuere:
2797 2299 2867 2350 ita
2889 2299 3063 2351 onmis
3089 2299 3220 2352 lucri
3277 2299 3400 2354 inde
3445 2315 3567 2368 per-

1979 2386 2354 2458 cipiendispes
2381 2388 2478 2456 ipsi
2502 2388 2750 2443 avolavit.
2786 2389 2919 2444 Tum
2960 2407 3055 2446 ceu
3103 2391 3248 2445 rabie
3289 2402 3566 2462 correptus

1979 2476 2176 2532 Gainas
2196 2520 2212 2542 ,
2233 2480 2345 2533 suis
2365 2479 2633 2533 mandavit
2659 2492 2716 2534 ut
2733 2481 3006 2550 imperiale
3029 2482 3277 2552 palatium
3310 2483 3563 2538 incende-

1980 2579 2117 2626 rent.
2139 2570 2238 2628 llic
2262 2587 2386 2626 vero
2416 2589 2527 2626 rem
2559 2572 2797 2643 prodigio
2822 2574 3048 2627 similem
3092 2585 3273 2630 narrat
3307 2574 3562 2632 Sozome-

1979 2677 2114 2728 nus;
2145 2663 2622 2733 nempeingentcm
2649 2663 2874 2721 militum
2920 2680 3199 2718 munerum
3238 2676 3361 2720 ante
3415 2667 3561 2736 pala-

1981 2755 2109 2808 tium
2136 2755 2388 2809 divinitus
2411 2758 2808 2826 comparuisse,
2839 2757 3197 2827 barbarosque
3236 2767 3289 2812 et
3340 2757 3560 2812 Gainam

1979 2846 2150 2915 ipsum
2175 2863 2241 2902 ne
2265 2858 2439 2916 empta
2471 2849 2788 2918 perlicerent
2809 2849 3133 2905 deterruisse
3152 2889 3168 2914 ,
3193 2849 3397 2919 aliaque
3441 2865 3561 2903 nar-

1978 2929 2198 3007 ratqure
2234 2938 2461 2993 fabulam
2505 2955 2695 3008 sapere
2739 2940 3010 2994 videntur.
3035 2940 3196 2994 Addit
3235 2939 3564 2996 Sozomenus

1975 3045 2038 3082 ex
2072 3030 2312 3084 barbaris
2355 3031 2457 3084 illis
2487 3030 2622 3084 alios
2645 3031 2698 3084 in
2739 3031 2875 3085 urbe
2922 3031 3214 3095 mansisse,
3267 3031 3399 3085 alios
3440 3046 3559 3084 cum

1975 3123 2142 3181 Gaina
2169 3140 2412 3195 egressos
2429 3140 2582 3191 esse,
2611 3134 2666 3180 et
2685 3125 2982 3179 clanculum
3013 3142 3158 3180 arma
3201 3125 3253 3184 in
3300 3126 3560 3182 vehiculis

1977 3217 2292 3272 feminarum
2318 3259 2334 3283 ,
2356 3225 2412 3272 et
2441 3217 2492 3270 in
2519 3216 2678 3272 doliis
2705 3217 2806 3272 tela
2853 3217 3236 3286 exportavisse.
3282 3217 3386 3272 Sed
3435 3233 3558 3272 cum

1974 3307 2293 3376 deprehensi
2320 3317 2532 3370 essent,
2567 3308 3177 3376 portarum.cnstodes,
3223 3307 3393 3378 inquit
3433 3309 3554 3372 ille,

1974 3401 2062 3470 qui
2091 3416 2157 3454 ne
2185 3414 2332 3454 arma
2359 3407 2704 3468 exportarent
2754 3398 3134 3468 prohibebant,
3161 3399 3556 3456 interfecerunt.

1977 3491 2165 3560 Ingens
2191 3499 2312 3544 tunc
2341 3490 2594 3543 tumultus
2617 3503 2680 3542 ac
2703 3499 2877 3544 terror
2921 3505 3107 3544 omnes
3154 3490 3375 3554 invasit,
3405 3489 3558 3560 quasi

1968 3582 2188 3653 jamjatn
2209 3582 2336 3636 urbs
2361 3579 2618 3651 capienda
2645 3591 2700 3636 et
2719 3580 3000 3650 expilanda
3028 3589 3194 3638 esset.
3228 3582 3294 3634 At
3325 3581 3557 3651 Impera-

1974 3681 2059 3728 tor
2077 3671 2368 3738 Arcadius,
2395 3672 2593 3742 optimo
2617 3679 2747 3727 tunc
2772 3687 2898 3726 usus
2941 3672 3164 3729 consilio
3183 3673 3432 3734 ,Gainam
3464 3672 3561 3727 ho-

1971 3777 2106 3821 stem
2135 3765 2456 3831 declaravit,
2481 3765 2767 3829 barbaros,
2797 3766 2884 3834 qui
2916 3765 2966 3818 in
2991 3765 3121 3818 urbe
3171 3775 3321 3818 erant
3341 3807 3356 3830 ,
3387 3765 3556 3819 occidi

1969 3859 2126 3928 jussit
2166 3874 2180 3911 :
2227 3857 2528 3926 n'iilitesque
2579 3856 2780 3926 impetu
2825 3857 2876 3910 in
2931 3857 3048 3910 illos
3087 3858 3223 3910 facta
3266 3857 3556 3912 maximam

1975 3952 2184 4006 illorum
2233 3963 2432 4020 partem
2482 3951 2841 4014 trucidavere;
2886 3949 3167 4005 ecclesiam
3215 3964 3378 4016 vero,
3434 3965 3556 4020 quae

1973 4043 2250 4099 dicebatur
2299 4044 2618 4099 Gotthnrum
2642 4083 2658 4108 ,
2690 4043 2933 4097 incendio
2961 4054 3442 4112 consumpserunt,
3500 4042 3556 4096 in

1971 4152 2075 4207 qua
2105 4136 2286 4192 Gotthi
2311 4137 2460 4190 mulli
2489 4135 2717 4190 ﬂammis
2747 4135 2924 4190 traditi
2953 4136 3176 4206 periere.
3210 4137 3397 4190 Postea
3428 4151 3556 4191 vero

1973 4229 2300 4283 Sozomenus
2327 4227 2509 4284 Gaium
2539 4237 2684 4296 gesta
2724 4237 2963 4282 recenset
2989 4267 3006 4293 ,
3055 4237 3109 4281 et
3155 4228 3330 4280 omnia
3375 4227 3556 4296 paucis

1974 4321 2398 4392 persequitnrad
2429 4336 2596 4390 usque
2619 4319 2734 4390 ejus
2763 4319 2968 4374 cladem
3019 4331 3073 4375 et
3121 4334 3327 4373 necem.
3384 4316 3440 4373 in
3490 4318 3558 4374 iis

1970 4429 2098 4468 vero
2132 4430 2249 4482 qua!
2276 4422 2490 4481 narrat,
2518 4413 2761 4483 quaidam
2810 4427 2934 4466 vera
2986 4427 3106 4467 esse
3146 4412 3411 4476 videntur,
3458 4410 3554 4473 scd

1971 4504 2118 4560 falsis
2147 4504 2466 4558 intermixta.

2042 4597 2158 4650 Alia
2187 4605 2366 4650 narrat
2390 4594 2762 4651 Theodoretns
2789 4594 3116 4664 (Tlieadaret.
3149 4595 3185 4649 l.
3218 4595 3274 4653 5.
3315 4611 3362 4650 c.
3408 4595 3478 4651 3?.
3505 4605 3553 4648 et

1969 4688 2083 4759 55).
2116 4689 2249 4741 Cum
2278 4685 2475 4744 Gainas
2514 4687 2619 4743 sibi
2642 4696 2696 4742 et
2745 4687 2856 4741 suis
2906 4687 3187 4741 ecclesiam
3238 4689 3552 4759 postulans,

1970 4783 2086 4852 ejus
2111 4782 2383 4854 potiunda:
2411 4796 2508 4850 spe
2531 4781 2710 4852 lapsus
2737 4789 2915 4845 esset,
2943 4780 3230 4850 aliquando
3263 4793 3379 4850 post
3421 4791 3554 4834 tetu-

1974 4890 2102 4943 pore
2135 4877 2184 4928 in
2215 4883 2455 4944 apertam
2482 4873 2816 4945 tyrannidem
2844 4871 3048 4941 erupit,
3080 4873 3409 4942 collectoque
3460 4886 3555 4942 per

1972 4967 2248 5022 Thraciam
2277 4967 2513 5022 exercitu
2531 5007 2549 5034 ,
2577 4976 2784 5020 vastare
2815 4967 2992 5020 omnia
3017 4973 3071 5020 et
3097 4964 3320 5034 prmdari
3361 4965 3551 5033 cmpit.

1975 5061 2084 5128 Qua
2111 5076 2166 5116 re
2196 5061 2452 5121 nuntiata.
2477 5067 2623 5114 metu
2646 5073 2833 5114 omnes
2853 5059 3080 5129 perculsi
3111 5066 3264 5112 sunt:
3287 5068 3391 5111 tam
3413 5059 3554 5126 opti-

1973 5161 2172 5216 mates,
2221 5167 2378 5222 quam
2422 5151 2671 5222 pupulum
2717 5160 2889 5205 terror
2929 5151 3139 5204 invasit.
3189 5149 3373 5219 Neque
3417 5150 3556 5204 ullus

1970 5253 2087 5300 erat
2111 5244 2198 5314 qui
2225 5245 2410 5316 pmlio
2434 5259 2555 5298 eum
2603 5242 2695 5299 illo
2737 5243 2988 5314 congredi
3027 5243 3219 5308 vellet,
3256 5258 3410 5297 nemo
3465 5243 3554 5312 qui

1971 5336 2292 5408 legationem
2319 5337 2384 5390 ad
2417 5337 2562 5391 illum
2586 5336 2738 5392 obire
2765 5347 2932 5390 tntum
2961 5335 3234 5397 crederet,
3263 5336 3404 5400 quod
3437 5335 3557 5389 bar-

1973 5429 2160 5485 barum
2182 5429 2299 5499 ejus
2317 5431 2551 5484 animum
2581 5445 2770 5484 omnes
2795 5428 3223 5485 reformidarent.
3257 5427 3392 5483 Cum
3429 5443 3559 5497 ergo

1971 5521 2025 5577 id
2078 5522 2274 5592 negotii
2319 5537 2475 5576 nemo
2527 5523 2798 5589 suscipere
2825 5519 3077 5587 auderet,
3123 5520 3190 5574 ad
3235 5518 3559 5588 intrepidum

1971 5613 2410 5684 Cbrysostomum
2439 5614 2560 5674 itur,
2589 5613 2677 5682 qui
2700 5655 2714 5676 ,
2751 5613 2851 5666 etsi
2901 5613 3012 5682 ipse
3041 5611 3302 5682 prwcipna
3357 5611 3558 5667 irarum

1972 5721 2131 5759 causa
2164 5704 2360 5768 fuerat,
2401 5705 2453 5757 in
2477 5705 2758 5758 Thraciam
2807 5705 2908 5758 iter
2931 5705 3197 5775 suscepit,
3229 5702 3563 5772 Gainamquc

1978 5796 2126 5854 adiit.
2161 5796 2255 5853 llic
2278 5812 2404 5854 vero
2425 5800 2590 5868 magis
2621 5811 2682 5854 ac
2711 5796 2880 5868 magis
2918 5797 3137 5869 enituit,
3175 5799 3440 5867 quantum
3470 5809 3564 5850 va—
