4122 6386
562 336 662 392 I79

560 456 666 510 teat
689 454 855 508 virtus
873 494 887 520 ,
915 463 1169 524 quantum
1200 454 1409 510 sincera
1436 453 1603 523 pietas
1625 496 1640 519 ,
1671 468 1796 525 erga
1819 453 1939 508 illos
1976 463 2137 508 etiam

558 559 693 616 quos
719 545 1027 616 impugnare
1044 545 1266 616 cogitur.
1290 544 1485 601 Gainas
1505 544 1762 600 barbarus
1782 554 1835 599 et
1858 553 2135 617 tyrannus,

558 638 677 708 ejus
731 638 1006 707 pristinam
1037 652 1133 706 pro
1176 637 1386 706 pietatis
1433 630 1743 692 defensione
1788 635 2139 691 constantiam

561 729 814 782 memoria
844 738 1124 797 repetens,
1162 727 1344 783 libenti
1375 728 1552 781 animo
1594 728 1646 781 in
1694 742 1974 782 occursum
2022 726 2139 796 ejus

559 820 736 884 venit,
789 818 1011 889 ejusque
1058 819 1328 873 dexteram
1377 818 1547 873 oculis
1598 818 1708 872 suis
1753 818 2033 891 imposuit,
2084 826 2139 872 et

560 906 701 964 filios
732 922 859 963 suos
885 909 1048 963 sacris
1074 909 1216 963 illius
1244 908 1467 978 genibus
1493 909 1761 962 admovit:
1810 908 1943 961 adeo
1974 907 2138 961 virtus

558 999 645 1054 vel
674 999 1017 1055 infestissimo
1045 998 1235 1067 cuique
1256 1000 1608 1053 reverentiam
1636 1013 1698 1052 ac
1744 1007 2000 1054 terrorem
2052 997 2137 1049 itt-

556 1091 724 1163 jicere
758 1093 944 1161 possit.
978 1090 1139 1145 Addit
1165 1090 1422 1160 Georgius
1477 1090 1866 1145 Alexandrinus
1914 1090 2134 1144 Gainam

557 1193 687 1240 tunc
712 1199 857 1238 arma
898 1184 1234 1253 deposuisse:
1267 1183 1408 1253 quod
1440 1182 1778 1236 falsissimum
1805 1190 1905 1237 est.
1938 1181 2135 1234 Verum

558 1274 822 1329 fabulator
843 1274 930 1328 ille
952 1273 1082 1327 nihil
1098 1288 1284 1328 sanum
1301 1274 1459 1338 dicit,
1484 1273 1584 1327 nisi
1602 1289 1663 1328 ea
1678 1289 1794 1337 qua:
1811 1290 1877 1326 ex
1896 1273 2132 1337 Socrate,

559 1364 893 1429 Sozomeno,
925 1364 1262 1420 Theodoreto
1287 1373 1341 1420 et
1395 1363 1627 1418 Palladio
1675 1372 1965 1429 mutuatur,
2015 1377 2135 1430 quae

555 1459 714 1514 etiam
737 1472 878 1527 smpe
904 1457 1194 1526 depravare
1214 1457 1381 1523 solet,
1406 1466 1463 1509 ut
1483 1456 1634 1510 initio
1654 1454 1906 1510 diximus.
1937 1454 2135 1509 Gainas

558 1549 698 1603 enim
736 1548 790 1602 in
820 1560 995 1616 coemo
1024 1548 1250 1617 perstitit
1279 1562 1378 1603 nec
1413 1561 1559 1601 arma
1601 1546 1809 1616 posuit,
1838 1544 2007 1599 donec
2055 1545 2132 1597 vi-

557 1649 675 1695 ctus
704 1654 980 1708 ctcsusque
1006 1639 1121 1693 fuit.

626 1730 904 1783 Asiaticum
926 1731 1198 1801 negotium.
1238 1756 1309 1769 ——-
1344 1728 1460 1784 Jam
1510 1728 1576 1782 ad
1629 1726 1915 1782 Asiaticum
1969 1741 2134 1797 nego-

556 1820 687 1874 tium
719 1822 993 1875 veniamus
1012 1862 1025 1886 ,
1049 1820 1189 1891 quod
1221 1821 1273 1874 in
1300 1820 1520 1874 Oriente
1550 1818 1804 1873 tumultus
1846 1817 2134 1872 dissensio-

560 1925 759 1981 nesque
798 1912 991 1965 multas
1016 1912 1300 1973 excitavit,
1333 1911 1652 1979 demumque
1694 1908 2132 1978 Cltrysostomum

568 2006 617 2056 in
641 2004 819 2057 Asiam
843 2005 943 2059 iter
961 2002 1135 2058 facere
1154 2004 1330 2072 ibique
1355 2018 1532 2057 moras
1550 2002 1758 2056 trahere
1779 2001 1969 2071 coegit:
1992 2000 2134 2070 quod

558 2096 654 2167 ipsi
676 2113 1031 2151 aerumnarum
1054 2108 1106 2152 et
1131 2097 1486 2151 calamitatum
1540 2096 1744 2150 initium
1789 2094 1905 2149 fuit.
1960 2095 2136 2149 Histo-

560 2188 800 2258 riautque
848 2196 1091 2243 texemus
1133 2205 1199 2243 ex
1248 2199 1466 2242 narratu
1519 2186 1743 2241 Palladii
1792 2187 2134 2255 Helenopoli-

558 2280 665 2334 tani
693 2281 927 2350 episcopi
953 2323 969 2345 ,
998 2281 1087 2349 qui
1120 2281 1430 2350 plerumque
1459 2279 1620 2334 rebus
1643 2279 1769 2347 ipsis
1800 2278 2059 2333 interfuit.

626 2371 918 2426 lndictione
942 2371 1149 2427 decima
1176 2373 1331 2426 tertia
1366 2370 1580 2441 (mense
1605 2371 1819 2425 circiter
1842 2370 1977 2425 Maio
2008 2370 2131 2423 anni

555 2462 695 2532 400)
760 2463 1252 2532 Constantinopolin
1324 2471 1585 2517 venerunt
1655 2462 1837 2516 Asiani
1876 2462 2135 2531 episcopi

557 2552 579 2622 (
604 2551 875 2607 Palladius
900 2572 952 2623 p.
984 2553 1107 2608 126.
1139 2551 1292 2623 sqq.),
1317 2553 1557 2622 aliosque.
1586 2553 1867 2623 episcopos
1893 2553 1983 2623 qui
2012 2561 2136 2606 tunc

559 2644 613 2698 in
644 2644 774 2699 urbe
793 2654 946 2699 erant
985 2652 1379 2709 convenerunt,
1404 2644 1693 2699 Palladium
1741 2660 1931 2716 nempe
1978 2645 2139 2701 Hele-

556 2735 955 2804 nopolitanum,
1008 2734 1345 2789 Theotimum
1410 2751 1477 2789 ex
1511 2735 1762 2805 Scythia,
1817 2738 2134 2791 Ammonem

557 2826 858 2898 IEgyptium
883 2844 946 2881 ex
977 2827 1197 2881 Thracia
1215 2869 1230 2892 ,
1249 2827 1573 2882 Arabianum
1595 2844 1658 2882 ex
1680 2828 1885 2882 Galatia
1910 2827 2131 2894 etalios,

554 2919 645 2988 qui
674 2933 861 2972 omnes
890 2918 1071 2987 viginti
1096 2918 1200 2971 duo
1228 2926 1411 2984 erant,
1445 2917 1634 2986 quibus
1656 2927 1883 2986 praeerat
1902 2916 2136 2973 Joannes

558 3019 743 3063 noster
790 3007 1404 3076 Constantinopolitanus
1459 3009 1760 3078 episcopus.
1786 3007 1852 3062 lis
1904 3024 2033 3063 vero
2079 3010 2133 3064 in

554 3099 768 3171 Synodo
792 3102 1126 3171 congregatis
1148 3100 1403 3155 Eusebius
1415 3099 1964 3169 Valentinopolitanus
1982 3100 2134 3155 libel-

556 3192 639 3247 los
667 3193 914 3253 tradidit.
964 3203 1147 3248 contra
1192 3192 1518 3246 Antoninum
1573 3192 1767 3261 Ephesi
1826 3194 2132 3263 episcopum

554 3295 758 3355 septem
780 3287 960 3355 capita
988 3286 1440 3355 complectentes:
1476 3285 1647 3354 primo
1702 3284 1842 3353 quod
1894 3282 2136 3338 conﬂatis

554 3377 722 3430 sacris
748 3376 889 3429 vasis
913 3387 1190 3445 argentum
1212 3375 1335 3429 inde
1366 3376 1682 3444 provenicns
1738 3375 1788 3428 itt
1830 3390 1983 3428 usum
2039 3373 2132 3429 filii

555 3467 635 3520 sui
666 3466 1048 3521 convertisset:
1082 3465 1336 3529 secundo,
1363 3465 1503 3535 quod
1521 3465 1780 3518 sublatum
1803 3480 1872 3518 ex
1894 3464 2133 3533 ingressu

561 3555 857 3625 baptisterii
904 3571 1138 3610 marmor
1166 3556 1218 3609 in
1259 3556 1506 3611 balneum
1546 3570 1699 3609 suum
1748 3554 2130 3609 transtulisset:

557 3648 717 3701 tertio
739 3688 754 3713 ,
776 3646 920 3717 quod
951 3645 1205 3701 Ecclesiae
1241 3646 1546 3710 columnas,
1579 3660 1608 3698 a
1652 3645 1829 3699 multis
1882 3644 2135 3713 annisja-

559 3747 764 3803 centes,
788 3738 923 3791 intra
951 3737 1237 3792 triclinium
1258 3750 1410 3791 suum
1430 3736 1695 3806 posuisset
1720 3754 1731 3789 :
1764 3744 1973 3804 quarto,
1995 3735 2136 3805 quod

558 3843 693 3899 puer
718 3828 834 3898 ejus
860 3826 1057 3883 caedem
1088 3836 1383 3898 patrasset,
1412 3844 1569 3898 quem
1595 3827 1768 3882 adltuc
1796 3828 1887 3882 ille
1924 3828 1975 3881 in
2032 3828 2135 3881 mi-

560 3918 784 3973 nisterio
825 3918 1111 3972 retineret:
1165 3919 1385 3988 quinto,
1441 3918 1582 3987 quod
1631 3918 1828 3987 prmdia
1881 3919 2135 3974 Ecclesia:

560 4009 1058 4065 relictaaBasilina
1104 4009 1298 4064 Juliani
1349 4011 1687 4080 Imperatoris
1732 4019 1903 4065 matre
1954 4012 2139 4065 vendi-

562 4102 760 4170 disset,
816 4102 1150 4171 pretiumque
1202 4102 1303 4158 sibi
1350 4102 1669 4156 vindicasset
1712 4121 1726 4156 :
1772 4114 1944 4167 sexto,
1995 4102 2137 4173 quod

561 4195 780 4251 dimissa
804 4210 968 4250 uxore
997 4210 1087 4249 sua
1115 4235 1129 4260 ,
1158 4210 1279 4249 cum
1307 4211 1367 4251 ea
1397 4210 1582 4250 rursus
1608 4210 1932 4263 congressus
1956 4206 2134 4260 esset,

561 4288 801 4358 filiosque
827 4298 1192 4359 procreasset:
1220 4289 1448 4358 septimo
1467 4329 1481 4354 ,
1505 4288 1643 4358 quod
1671 4290 1822 4358 quasi
1873 4288 1988 4359 lege
2039 4290 2136 4344 sibi

561 4382 907 4438 constitutum
935 4392 1080 4438 esset
1100 4383 1542 4439 utordinationes
1588 4384 1994 4454 episcoporum,
2051 4398 2137 4438 se-

560 4475 792 4532 cundum
843 4474 1106 4531 redituum
1145 4475 1441 4540 rationem,
1473 4476 1746 4531 venderet.
1795 4476 1999 4533 Adesse
2046 4491 2139 4531 au-

562 4578 666 4622 tem
691 4581 805 4629 eos,
824 4566 912 4637 qui
943 4566 1112 4636 pretio
1140 4565 1366 4621 ordinati
1388 4566 1557 4630 fuere,
1593 4581 1760 4637 seque
1780 4581 1894 4622 rem
1926 4566 2140 4622 aliunde

561 4659 790 4730 probare
812 4674 987 4729 posse.
1014 4660 1109 4715 llis
1137 4660 1330 4715 auditis
1359 4659 1771 4730 Chrysostomus
1795 4699 1811 4726 ,
1842 4659 2140 4729 suspicatus

563 4750 678 4806 lucc
702 4751 926 4805 crimina
954 4766 1019 4805 ex
1049 4750 1173 4806 odio
1199 4752 1281 4805 vel
1310 4751 1581 4805 inimicitia
1612 4750 1827 4806 Eusebii
1854 4750 2136 4818 proficisci,

565 4839 710 4896 illum
742 4855 1087 4911 compescere
1106 4852 1328 4896 conatus
1363 4849 1475 4905 est,
1508 4840 1833 4910 Paulumque
1871 4840 2141 4895 Heracleae

561 4933 871 5003 episcopum
894 4974 910 4997 ,
936 4933 1025 5002 qui
1056 4932 1323 4986 Antonino
1369 4930 1546 4985 favere
1573 4931 1872 4995 videbatur,
1900 4931 2141 4986 hortatus

562 5033 680 5089 est,
712 5034 770 5080 ut
796 5040 979 5095 pacem
1005 5025 1144 5081 inter
1172 5032 1454 5095 utrumque
1504 5024 1720 5079 faceret.
1777 5025 1966 5079 Postea
2016 5039 2141 5079 vero

562 5116 974 5189 Chrysostomus
999 5116 1063 5170 ad
1085 5115 1403 5171 sacrificium
1435 5114 1762 5170 offerendum
1806 5130 1927 5170 sese
1975 5131 2139 5185 appa-

565 5208 738 5263 tabat.

637 5300 784 5355 Tunc
808 5299 1069 5356 Eusebius
1099 5300 1173 5353 ira
1205 5312 1497 5354 succensus
1519 5340 1533 5363 ,
1557 5298 1817 5353 Joannem
1845 5298 2139 5366 adjuravit,

568 5390 847 5446 horrendis
870 5390 1122 5447 adhibitis
1143 5390 1489 5445 sacramentis
1514 5431 1528 5456 ,
1558 5399 1615 5442 ιιι
1638 5390 1793 5443 dictis
1818 5391 1929 5444 suis
1964 5399 2141 5444 atten-

570 5483 748 5538 deret:
772 5491 1001 5551 tuncque
1026 5496 1205 5536 coram
1232 5481 1376 5534 omni
1403 5480 1601 5551 populo
1643 5479 1878 5534 libellttm
1931 5479 2139 5533 obtulit.

573 5576 977 5648 Chrysostomus
1005 5584 1144 5629 tanta
1177 5574 1391 5629 Eusebii
1425 5573 1675 5627 instantia
1698 5573 2144 5642 vehementiaque

573 5680 629 5722 se
661 5678 955 5737 permotum
987 5668 1254 5728 sentiens,
1289 5665 1458 5719 noluit
1489 5667 1542 5718 in
1573 5664 1662 5718 tali
1688 5664 1849 5719 animi
1876 5674 2014 5719 Statu
2061 5679 2147 5719 sa-

571 5756 824 5812 erificium
846 5760 1069 5824 olerre;
1101 5757 1193 5812 sed
1225 5755 1579 5827 Punsophium
1603 5754 1814 5811 Pisidiae
1835 5754 2142 5826 episcopum

1612 338 1670 394 S.
1708 336 1984 394 JOANNIS
2026 336 2499 394 CHRYSOSTOMI
2539 339 2722 404 VITA,

3712 343 3812 400 180

2242 455 2482 524 rogavit,
2509 453 2558 508 id
2582 454 2815 509 muneris
2842 453 3201 523 persolveret,
3228 452 3571 526 libellumque
3598 457 3813 526 recepit,

2242 554 2298 599 et
2321 558 2439 599 cum
2462 546 2669 600 caeteris
2692 546 2955 616 episcopis
2984 561 3229 616 egressus
3258 557 3359 603 est.
3381 547 3664 617 Postquam
3691 565 3819 603 vero

2241 635 2442 691 dimissi
2478 637 2656 707 populi
2684 635 2866 704 fuere,
2894 653 3014 693 cum
3045 640 3251 694 cmteris
3277 641 3538 709 episcopis
3566 642 3617 694 in
3644 641 3817 710 bapti-

2241 727 2402 782 sterio
2432 728 2703 782 consedit:
2732 728 3063 798 Eusebioque
3092 729 3243 794 dixit,
3263 746 3440 785 secum
3469 731 3839 819 perpendere‘

2241 830 2308 871 an
2345 818 2483 872 dicta
2538 818 2764 887 probare
2809 829 3026 888 posset,
3077 819 3235 890 idque
3282 829 3565 890 antequam
3613 821 3820 877 libellus

2240 910 2541 980 legeretur;
2585 920 2860 981 postquam
2908 912 3049 965 enim
3096 911 3266 967 lectus
3311 912 3480 978 foret,
3527 929 3630 967 non
3684 914 3817 968 ultra

2242 1015 2397 1068 posse
2424 1001 2567 1054 illum
2594 1001 2733 1056 dicta
2761 1017 3028 1057 revocare.
3059 1003 3188 1057 Cmo
3212 1012 3389 1057 autem
3416 1004 3501 1058 ille
3527 1004 3578 1057 in
3621 1019 3814 1075 prepo-

2241 1092 2344 1145 sito
2374 1102 2773 1160 perseveraret,
2805 1092 2974 1147 lectus
3000 1102 3081 1147 est
3111 1093 3319 1147 libellus
3346 1109 3502 1163 supra
3555 1109 3819 1149 memora-

2240 1191 2406 1235 ratus.
2433 1181 2582 1236 Tunc
2610 1182 2848 1237 seniores
2871 1183 3103 1252 episcopi
3132 1183 3322 1238 Joanni
3368 1183 3646 1249 dixerunt,
3691 1199 3723 1238 e
3756 1199 3817 1240 re

2240 1270 2353 1325 fore
2381 1272 2620 1325 ultimum
2668 1282 2827 1342 caput
2873 1273 2939 1327 de
2971 1273 3197 1328 venditis
3236 1273 3657 1328 ordinationibus
3706 1275 3815 1329 dis-

2239 1362 2485 1432 quirere:
2509 1364 2629 1433 quia
2648 1404 2663 1428 ,
2687 1364 2731 1419 si
2764 1364 2891 1418 illud
2920 1366 3254 1434 probaretur,
3282 1373 3473 1419 caetera
3494 1405 3510 1431 ,
3544 1382 3661 1432 qua:
3713 1366 3814 1420 nti—

2242 1471 2369 1509 nora
2398 1466 2572 1522 erant,
2595 1455 2928 1510 credibiliora
2945 1467 2999 1510 et
3028 1457 3245 1525 probatu
3270 1455 3501 1511 faciliora
3527 1455 3656 1510 fore.
3679 1456 3814 1511 Tum

2238 1547 2470 1602 Joannes
2493 1548 2758 1601 Antonino
2785 1560 2906 1602 tunc
2934 1549 3181 1617 prtcsenti
3202 1589 3217 1613 ,
3249 1548 3385 1615 Quid
3405 1547 3473 1602 ad
3510 1546 3625 1601 [nec
3643 1547 3815 1602 dicis?

2238 1637 2453 1708 Negavit
2472 1648 2646 1692 autem
2674 1639 2765 1693 ille
2795 1639 2991 1692 omnia.
3011 1638 3319 1707 Interrogati
3337 1639 3633 1691 suntetiam
3653 1638 3706 1701 ii,
3725 1638 3813 1705 qui

2238 1743 2335 1797 pro
2364 1730 2666 1798 cpisc0patn
2698 1730 2976 1798 pecuniam
3024 1728 3238 1783 dedisse
3280 1727 3701 1781 accusabantur:
3724 1728 3813 1796 qui

2238 1820 2482 1876 similiter
2508 1831 2783 1890 negarunt.
2807 1822 2916 1875 Sub
2944 1820 3059 1875 hcce
3092 1831 3305 1875 ventum
3330 1829 3413 1874 est
3432 1819 3498 1873 ad
3518 1827 3699 1883 testes;
3721 1819 3815 1872 sed

2240 1914 2368 1968 nulli
2396 1914 2647 1969 aderant:
2676 1913 2907 1969 Joannes
2930 1929 3078 1978 vero,
3103 1926 3159 1992 ut
3189 1930 3274 1968 res
3296 1913 3597 1968 accuratius
3626 1913 3816 1966 exami-

2239 2014 2475 2071 naretur,
2498 2005 2563 2059 ad
2589 2005 2876 2059 Asiaticum
2907 2004 3007 2060 iter
3031 2005 3421 2074 suscipiendum
3452 2017 3570 2058 sese
3595 2002 3806 2056 obtulit.

2309 2096 2550 2149 Antonini
2579 2096 2785 2166 Ephesii
2811 2105 2951 2167 gesta
2988 2106 3033 2151 et
3061 2096 3245 2149 obitus.
3286 2126 3356 2136 —
3396 2093 3693 2149 Antoninus
3716 2111 3814 2148 au-

2239 2196 2346 2242 tem
2367 2230 2381 2254 ,
2406 2189 2643 2259 pecunia:
2668 2204 2824 2259 quam
2851 2188 3010 2243 ofﬁcii
3040 2189 3196 2260 longe
3238 2188 3498 2259 cupidior,
3538 2190 3628 2259 qui
3655 2189 3817 2244 Joan-

2239 2281 2322 2335 nis
2351 2291 2402 2335 et
2433 2281 2808 2350 perspicaciam
2829 2291 2881 2335 et
2906 2281 3259 2351 integritatem
3304 2281 3601 2345 metuebat,
3629 2295 3817 2350 quem-

2241 2372 2369 2428 dam’
2388 2388 2419 2428 e
2450 2374 2756 2443 proceribus
2775 2413 2789 2439 ,
2820 2373 2974 2443 cujus
2996 2372 3193 2441 praedia
3214 2413 3228 2437 ,
3261 2387 3378 2441 qua:
3404 2373 3454 2425 in
3478 2372 3601 2426 Asia
3631 2380 3812 2434 erant,

2239 2464 2491 2532 curabat,
2532 2465 2686 2529 adiit,
2715 2465 2783 2519 ab
2807 2478 2976 2532 eoque
2998 2463 3336 2532 impetravit,
3361 2473 3417 2516 ut
3440 2460 3719 2530 impediret
3739 2476 3807 2516 ne

2239 2555 2471 2611 Joannes
2488 2557 2537 2609 in
2558 2556 2734 2609 Asiam
2752 2554 3090 2610 concederet.
3116 2553 3207 2608 Ille
3228 2568 3356 2608 vero
3377 2552 3426 2608 id
3445 2552 3643 2618 efl'ecit,
3665 2561 3722 2606 ut
3743 2566 3814 2606 ex

2241 2648 2437 2718 palatio
2459 2647 2650 2702 Joanni
2680 2646 3103 2711 denuntiaretur,
3148 2644 3435 2699 absurdum
3482 2643 3596 2697 fore
3636 2642 3810 2705 illum,

2240 2754 2359 2793 cum
2389 2749 2566 2793 tantus
2589 2737 3049 2808 Constantinopoli
3073 2736 3331 2790 tumultus
3358 2742 3531 2800 esset,
3562 2743 3615 2787 et
3638 2732 3812 2787 adhuc

2239 2829 2423 2886 Caium
2472 2829 2699 2884 formido
2745 2828 3085 2898 persisteret,
3138 2827 3188 2879 in
3242 2825 3420 2879 Asiam
3456 2823 3713 2894 proﬁcisci
3745 2821 3815 2877 ad

2240 2930 2401 2977 testes
2426 2921 2743 2992 quzerendos
2761 2962 2775 2986 ,
2803 2921 2890 2989 qui
2937 2919 3088 2974 facile
3115 2926 3330 2987 possent
3367 2914 3814 2981 ConsmntinOpo-

2240 3012 2314 3067 lin
2335 3012 2559 3068 adduci:
2587 3018 2909 3081 quapropter
2934 3025 2963 3062 a
2986 3008 3259 3079 proposito
3303 3006 3506 3061 destitit
3557 3004 3811 3059 Joannes.

2239 3106 2540 3162 Antoninus
2563 3104 2776 3159 interim
2806 3104 2857 3158 id
2879 3104 3117 3158 lucratus
3138 3112 3240 3169 cst,
3263 3116 3328 3155 ne
3357 3105 3519 3152 testes
3548 3095 3809 3158 venirent,

2239 3214 2374 3270 quos
2394 3199 2553 3253 etiam
2577 3205 2667 3250 aut
2710 3193 2932 3262 pecunia
2956 3198 3048 3245 aut
3098 3190 3330 3259 potentia
3384 3204 3479 3244 sua
3524 3203 3583 3241 se
3628 3185 3814 3255 fugare

2240 3303 2397 3358 posse
2413 3284 2676 3356 sperabat.
2696 3284 2821 3337 lltec
2837 3280 3068 3338 Joannes
3090 3279 3438 3350 prospiciens,
3458 3292 3577 3332 cum
3597 3274 3816 3347 Synodo

2240 3376 2500 3434 deliberat
2523 3374 2779 3445 quosdam
2806 3388 2871 3427 ex
2891 3370 3237 3441 praesentibus
3259 3366 3523 3439 episcopis
3548 3367 3603 3421 in
3631 3366 3813 3420 Asiam

2240 3470 2451 3524 mittere
2487 3467 2553 3521 ad
2602 3462 3004 3534 interrogandos
3032 3471 3215 3517 testes.
3238 3461 3318 3515 Ad
3371 3475 3486 3515 eam
3536 3473 3647 3514 rem
3704 3467 3817 3511 tres

2239 3559 2395 3614 electi
2429 3567 2552 3613 sunt
2602 3555 2870 3625 episcopi,
2895 3553 3192 3625 Syncletius
3233 3549 3615 3620 Trajanopolis,
3642 3547 3815 3617 llcsy-

2240 3651 2393 3706 chius
2421 3648 2562 3704 Parii
2592 3656 2645 3702 et
2666 3645 2933 3701 Palladius
2959 3642 3344 3712 Helenopoleos
3366 3682 3383 3703 .
3411 3639 3774 3712 quillypazpis
3797 3678 3813 3700 ,

2240 3758 2359 3811 qua:
2382 3742 2509 3797 urbs
2535 3739 2677 3794 Asia:
2702 3745 2850 3804 erat,
2885 3751 2997 3790 rem
3038 3734 3434 3800 examinarent,
3480 3730 3813 3785 mandatum-

2240 3849 2343 3904 que
2373 3831 2631 3903 prolatum
2655 3837 2766 3894 est,
2795 3838 2853 3883 ut
2872 3828 2960 3898 qui
2984 3828 3120 3881 intra
3148 3825 3280 3879 duos
3311 3837 3520 3877 menses
3545 3821 3595 3875 in
3626 3821 3811 3874 urbem

2242 3926 2383 3979 illam
2403 3964 2418 3989 ,
2447 3938 2566 3993 quae
2590 3921 2761 3975 vicina
2780 3927 2894 3974 erat
2912 3960 2928 3985 ,
2953 3931 3164 3973 causam
3182 3913 3369 3969 dicturi
3391 3927 3495 3967 non
3516 3910 3807 3974 venissent,

2241 4012 2843 4069 excommunicarentur.

2314 4106 2439 4160 Post
2467 4103 2580 4158 haec
2603 4102 2884 4173 Smyrnam
2912 4107 3169 4154 venerunt
3196 4094 3495 4167 Syncletius
3536 4100 3590 4146 et
3638 4090 3815 4144 Palla-

2241 4196 2391 4252 dius:
2421 4194 2747 4266 Hesychius,
2776 4192 2865 4262 qui
2890 4189 3141 4244 Antonini
3175 4190 3374 4241 amicus
3393 4192 3539 4247 erat,
3569 4182 3814 4236 morbum

2243 4286 2530 4344 simulavit.
2558 4285 2672 4339 Duo
2700 4292 2876 4337 autem
2898 4270 3097 4349 reliqui
3137 4293 3233 4347 per
3258 4277 3441 4330 literas
3484 4272 3714 4329 Eusebio
3757 4282 3817 4325 et

2243 4379 2513 4435 Antonino
2540 4376 2905 4447 significarunt
2928 4415 2943 4437 ,
2962 4380 3020 4426 ut
3041 4369 3303 4441 Hyprcpos
3323 4410 3339 4435 ,
3368 4380 3474 4436 quo
3502 4365 3599 4434 ipsi
3629 4378 3817 4433 perge-

2244 4472 2480 4537 bant,se
2507 4467 2827 4524 conferrent.
2851 4463 2933 4519 llli
2967 4478 3095 4517 vero
3119 4476 3237 4515 cum
3270 4457 3555 4512 amicitiam
3605 4464 3822 4509 contra-

2244 4562 2629 4634 xissent(nam
2657 4558 2954 4614 Antoninus
2981 4553 3266 4609 Eusebium
3299 4548 3380 4604 vel
3413 4562 3570 4611 auro,
3602 4546 3681 4599 vel
3708 4544 3820 4598 alio

2245 4654 2403 4709 modo
2429 4661 2734 4720 corruptum
2758 4647 2854 4703 sibi
2896 4644 3257 4713 conciliarat),
3286 4648 3340 4695 et
3384 4639 3449 4693 ad
3502 4637 3823 4708 "yptnpino—

2245 4764 2361 4802 rum
2390 4746 2657 4801 civitatem
2700 4743 2772 4797 illi
2803 4755 3012 4812 quoque
3050 4738 3348 4800 venissent,
3372 4733 3576 4807 judices
3600 4730 3819 4785 eludere

2245 4839 2595 4901 conabantur,
2640 4836 2989 4902 dicebantque
3046 4839 3208 4884 testes
3264 4827 3593 4898 negotiorum
3660 4837 3821 4876 causa

2247 4944 2470 5001 peregre
2508 4928 2772 4999 profectos
2823 4940 2961 4977 esse.
3008 4922 3218 4977 Judices
3272 4918 3555 4974 Eusebium
3609 4925 3821 4983 rogant,

2247 5024 2385 5079 intra
2412 5031 2540 5092 qnot
2560 5020 2674 5075 dies
2703 5020 2792 5073 ille
2823 5029 2982 5072 testes
3006 5015 3327 5070 adducturus
3371 5019 3530 5066 esset.
3574 5007 3665 5063 llle
3693 5022 3827 5060 vero

2247 5128 2470 5187 sperans
2494 5114 2546 5167 itt
2578 5119 2738 5166 :cstus
2763 5107 3093 5163 vehementia
3115 5105 3317 5174 judices
3343 5102 3465 5157 inde
3493 5100 3826 5154 discessuros

2248 5220 2397 5271 esse,
2425 5210 2542 5258 erat
2560 5201 2752 5271 quippe
2772 5200 2971 5252 :estatis
2999 5207 3204 5264 tempus
3224 5235 3238 5258 ,
3270 5193 3466 5262 scripto
3498 5187 3730 5259 promisit
3763 5202 3828 5239 se

2249 5297 2385 5350 intra
2405 5293 2750 5364 quadraginta
2778 5290 2890 5345 dies
2910 5330 2926 5355 ,
2959 5296 3049 5341 aut
3091 5296 3251 5341 testes
3294 5282 3668 5353 producturum
3691 5320 3707 5343 ,
3733 5286 3830 5332 ant

2250 5401 2434 5456 poenas
2479 5382 2768 5439 secundum
2813 5393 3043 5435 canoncs
3088 5377 3330 5431 daturum
3379 5388 3517 5428 esse.
3567 5371 3830 5424 Dimissus

2251 5494 2377 5549 ergo
2428 5477 2516 5532 ille
2570 5476 2635 5530 ad
2690 5473 3031 5543 inquirendos
3082 5481 3274 5531 testes,
3327 5460 3827 5530 Constantinopolin

2252 5569 2624 5637 vcnit,ibique
2650 5566 2876 5621 delituit.
2919 5558 3528 5632 Exspecmruntjudices
3574 5553 3639 5607 ad
3695 5567 3831 5620 qua-

2253 5660 2605 5732 dragesimum
2638 5670 2803 5727 usque
2818 5654 2978 5710 diem.
3012 5652 3076 5707 Et
3104 5666 3222 5706 cum
3247 5647 3505 5704 Eusebius
3550 5661 3653 5699 nan
3680 5657 3837 5697 cmu-

2255 5760 2493 5825 parcret,
2520 5745 3076 5805 excommunicationis
3106 5740 3420 5798 sententiam
3452 5740 3503 5795 in
3531 5750 3651 5793 eum
3698 5746 3833 5803 pro.
