  <div class='ocr_page' id='page_1' title='image "/cluster/home/n/w/nwhite01/storage/ocr_20150623/47/nnc1.0046978321/188.png"; bbox 0 0 4122 6386; ppageno 0'>
   <div class='ocr_carea' id='block_1_1' title="bbox 362 503 1932 574">
    <p class='ocr_par' dir='ltr' id='par_1_1' title="bbox 362 503 1932 574">
     <span class='ocr_line' id='line_1_1' title="bbox 362 503 1932 574; baseline 0.001 -12"><span class='ocrx_word' id='word_1_1' title='bbox 362 512 595 564; x_wconf 87' lang='lat' dir='ltr'><strong>tulerunt</strong></span> <span class='ocrx_word' id='word_1_2' title='bbox 615 548 631 574; x_wconf 88' lang='lat'><strong>,</strong></span> <span class='ocrx_word' id='word_1_3' title='bbox 654 506 765 561; x_wconf 89' lang='lat' dir='ltr'><strong>sive</strong></span> <span class='ocrx_word' id='word_1_4' title='bbox 786 513 844 559; x_wconf 93' lang='lat' dir='ltr'><strong>ut</strong></span> <span class='ocrx_word' id='word_1_5' title='bbox 871 503 1196 559; x_wconf 80' lang='lat' dir='ltr'><strong>desertorem</strong></span> <span class='ocrx_word' id='word_1_6' title='bbox 1217 546 1232 570; x_wconf 98' lang='lat'><strong>,</strong></span> <span class='ocrx_word' id='word_1_7' title='bbox 1261 504 1373 560; x_wconf 85' lang='lat' dir='ltr'><strong>sive</strong></span> <span class='ocrx_word' id='word_1_8' title='bbox 1393 516 1450 559; x_wconf 92' lang='lat' dir='ltr'><strong>ut</strong></span> <span class='ocrx_word' id='word_1_9' title='bbox 1475 506 1932 564; x_wconf 88' lang='lat' dir='ltr'><strong>calumniatorem.</strong></span> 
     </span>
    </p>
   </div>
   <div class='ocr_carea' id='block_1_2' title="bbox 361 592 1932 667">
    <p class='ocr_par' dir='ltr' id='par_1_2' title="bbox 361 592 1932 667">
     <span class='ocr_line' id='line_1_2' title="bbox 361 592 1932 667; baseline 0.001 -16"><span class='ocrx_word' id='word_1_10' title='bbox 361 598 645 666; x_wconf 78' lang='lat' dir='ltr'><strong>Postquam</strong></span> <span class='ocrx_word' id='word_1_11' title='bbox 672 610 800 650; x_wconf 85' lang='lat' dir='ltr'><strong>vero</strong></span> <span class='ocrx_word' id='word_1_12' title='bbox 830 592 1039 665; x_wconf 89' lang='lat' dir='ltr'><strong>triginta</strong></span> <span class='ocrx_word' id='word_1_13' title='bbox 1059 593 1171 650; x_wconf 90' lang='lat' dir='ltr'><strong>dies</strong></span> <span class='ocrx_word' id='word_1_14' title='bbox 1189 595 1319 649; x_wconf 90' lang='lat' dir='ltr'><strong>alios</strong></span> <span class='ocrx_word' id='word_1_15' title='bbox 1341 595 1586 667; x_wconf 61' lang='lat' dir='ltr'><strong>llypaipis</strong></span> <span class='ocrx_word' id='word_1_16' title='bbox 1607 608 1932 663; x_wconf 85' lang='lat' dir='ltr'><strong>manserant,</strong></span> 
     </span>
    </p>
   </div>
   <div class='ocr_carea' id='block_1_3' title="bbox 360 685 1932 759">
    <p class='ocr_par' dir='ltr' id='par_1_3' title="bbox 360 685 1932 759">
     <span class='ocr_line' id='line_1_3' title="bbox 360 685 1932 759; baseline 0.001 -19"><span class='ocrx_word' id='word_1_17' title='bbox 360 702 459 742; x_wconf 89' lang='lat' dir='ltr'><strong>nec</strong></span> <span class='ocrx_word' id='word_1_18' title='bbox 505 694 841 755; x_wconf 86' lang='lat' dir='ltr'><strong>compareret</strong></span> <span class='ocrx_word' id='word_1_19' title='bbox 886 685 1002 751; x_wconf 91' lang='lat' dir='ltr'><strong>ille,</strong></span> <span class='ocrx_word' id='word_1_20' title='bbox 1032 685 1130 755; x_wconf 87' lang='lat' dir='ltr'><strong>ipsi</strong></span> <span class='ocrx_word' id='word_1_21' title='bbox 1175 701 1385 756; x_wconf 89' lang='lat' dir='ltr'><strong>quoque</strong></span> <span class='ocrx_word' id='word_1_22' title='bbox 1438 686 1932 759; x_wconf 83' lang='lat' dir='ltr'><strong>Constantinopolin</strong></span> 
     </span>
    </p>
   </div>
   <div class='ocr_carea' id='block_1_4' title="bbox 360 776 1928 847">
    <p class='ocr_par' dir='ltr' id='par_1_4' title="bbox 360 776 1928 847">
     <span class='ocr_line' id='line_1_4' title="bbox 360 776 1928 847; baseline 0.003 -17"><span class='ocrx_word' id='word_1_23' title='bbox 360 778 649 832; x_wconf 90' lang='lat' dir='ltr'><strong>redierunt.</strong></span> <span class='ocrx_word' id='word_1_24' title='bbox 680 776 812 831; x_wconf 92' lang='lat' dir='ltr'><strong>Cum</strong></span> <span class='ocrx_word' id='word_1_25' title='bbox 858 786 1031 831; x_wconf 88' lang='lat' dir='ltr'><strong>autem</strong></span> <span class='ocrx_word' id='word_1_26' title='bbox 1088 778 1156 832; x_wconf 90' lang='lat' dir='ltr'><strong>ibi</strong></span> <span class='ocrx_word' id='word_1_27' title='bbox 1202 779 1485 834; x_wconf 82' lang='lat' dir='ltr'><strong>Eusebium</strong></span> <span class='ocrx_word' id='word_1_28' title='bbox 1541 779 1928 847; x_wconf 81' lang='lat' dir='ltr'><strong>offendissent,</strong></span> 
     </span>
    </p>
   </div>
   <div class='ocr_carea' id='block_1_5' title="bbox 359 868 1937 939">
    <p class='ocr_par' dir='ltr' id='par_1_5' title="bbox 359 868 1937 939">
     <span class='ocr_line' id='line_1_5' title="bbox 359 868 1937 939; baseline 0.003 -18"><span class='ocrx_word' id='word_1_29' title='bbox 359 878 561 923; x_wconf 90' lang='lat' dir='ltr'><strong>tantum</strong></span> <span class='ocrx_word' id='word_1_30' title='bbox 589 869 663 923; x_wconf 88' lang='lat' dir='ltr'><strong>illi</strong></span> <span class='ocrx_word' id='word_1_31' title='bbox 692 868 893 923; x_wconf 79' lang='lat' dir='ltr'><strong>facinus</strong></span> <span class='ocrx_word' id='word_1_32' title='bbox 921 870 1324 939; x_wconf 85' lang='lat' dir='ltr'><strong>exprobrarunt.</strong></span> <span class='ocrx_word' id='word_1_33' title='bbox 1361 871 1617 925; x_wconf 83' lang='lat' dir='ltr'><strong>Eusebius</strong></span> <span class='ocrx_word' id='word_1_34' title='bbox 1636 886 1761 926; x_wconf 89' lang='lat' dir='ltr'><strong>vero</strong></span> <span class='ocrx_word' id='word_1_35' title='bbox 1785 872 1937 926; x_wconf 83' lang='lat' dir='ltr'><strong>inﬁr-</strong></span> 
     </span>
    </p>
   </div>
   <div class='ocr_carea' id='block_1_6' title="bbox 358 958 1931 1030">
    <p class='ocr_par' dir='ltr' id='par_1_6' title="bbox 358 958 1931 1030">
     <span class='ocr_line' id='line_1_6' title="bbox 358 958 1931 1030; baseline 0.002 -18"><span class='ocrx_word' id='word_1_36' title='bbox 358 958 595 1014; x_wconf 87' lang='lat' dir='ltr'><strong>mitatem</strong></span> <span class='ocrx_word' id='word_1_37' title='bbox 637 960 879 1028; x_wconf 89' lang='lat' dir='ltr'><strong>corporis</strong></span> <span class='ocrx_word' id='word_1_38' title='bbox 923 970 1251 1030; x_wconf 83' lang='lat' dir='ltr'><strong>praetexens,</strong></span> <span class='ocrx_word' id='word_1_39' title='bbox 1282 970 1446 1015; x_wconf 89' lang='lat' dir='ltr'><strong>testes</strong></span> <span class='ocrx_word' id='word_1_40' title='bbox 1489 975 1546 1016; x_wconf 88' lang='lat' dir='ltr'><strong>se</strong></span> <span class='ocrx_word' id='word_1_41' title='bbox 1583 961 1931 1016; x_wconf 89' lang='lat' dir='ltr'><strong>adducturum</strong></span> 
     </span>
    </p>
   </div>
   <div class='ocr_carea' id='block_1_7' title="bbox 357 1052 1927 1122">
    <p class='ocr_par' dir='ltr' id='par_1_7' title="bbox 357 1052 1927 1122">
     <span class='ocr_line' id='line_1_7' title="bbox 357 1052 1927 1122; baseline 0.002 -17"><span class='ocrx_word' id='word_1_42' title='bbox 357 1066 541 1105; x_wconf 81' lang='lat' dir='ltr'><strong>rursus</strong></span> <span class='ocrx_word' id='word_1_43' title='bbox 559 1052 924 1122; x_wconf 89' lang='lat' dir='ltr'><strong>pollicebatur.</strong></span> <span class='ocrx_word' id='word_1_44' title='bbox 950 1053 1153 1107; x_wconf 88' lang='lat' dir='ltr'><strong>Interea</strong></span> <span class='ocrx_word' id='word_1_45' title='bbox 1176 1068 1268 1122; x_wconf 92' lang='lat' dir='ltr'><strong>per</strong></span> <span class='ocrx_word' id='word_1_46' title='bbox 1288 1053 1563 1108; x_wconf 88' lang='lat' dir='ltr'><strong>diuturnas</strong></span> <span class='ocrx_word' id='word_1_47' title='bbox 1587 1053 1705 1108; x_wconf 90' lang='lat' dir='ltr'><strong>illas</strong></span> <span class='ocrx_word' id='word_1_48' title='bbox 1732 1070 1927 1120; x_wconf 86' lang='lat' dir='ltr'><strong>moras,</strong></span> 
     </span>
    </p>
   </div>
   <div class='ocr_carea' id='block_1_8' title="bbox 356 1141 1821 1211">
    <p class='ocr_par' dir='ltr' id='par_1_8' title="bbox 356 1141 1821 1211">
     <span class='ocr_line' id='line_1_8' title="bbox 356 1141 1821 1211; baseline 0.002 -18"><span class='ocrx_word' id='word_1_49' title='bbox 356 1141 579 1195; x_wconf 86' lang='lat' dir='ltr'><strong>moritur</strong></span> <span class='ocrx_word' id='word_1_50' title='bbox 607 1142 937 1196; x_wconf 90' lang='lat' dir='ltr'><strong>Antoninus:</strong></span> <span class='ocrx_word' id='word_1_51' title='bbox 966 1142 1145 1211; x_wconf 87' lang='lat' dir='ltr'><strong>sicque</strong></span> <span class='ocrx_word' id='word_1_52' title='bbox 1171 1157 1347 1196; x_wconf 90' lang='lat' dir='ltr'><strong>rerum</strong></span> <span class='ocrx_word' id='word_1_53' title='bbox 1374 1141 1532 1198; x_wconf 84' lang='lat' dir='ltr'><strong>facies</strong></span> <span class='ocrx_word' id='word_1_54' title='bbox 1572 1153 1821 1197; x_wconf 83' lang='lat' dir='ltr'><strong>mutatur.</strong></span> 
     </span>
    </p>
   </div>
   <div class='ocr_carea' id='block_1_9' title="bbox 426 1230 1930 1306">
    <p class='ocr_par' dir='ltr' id='par_1_9' title="bbox 426 1230 1930 1306">
     <span class='ocr_line' id='line_1_9' title="bbox 426 1230 1930 1306; baseline 0.004 -20"><span class='ocrx_word' id='word_1_55' title='bbox 426 1230 535 1287; x_wconf 81' lang='lat' dir='ltr'><strong>Nec</strong></span> <span class='ocrx_word' id='word_1_56' title='bbox 560 1234 724 1286; x_wconf 89' lang='lat' dir='ltr'><strong>multo</strong></span> <span class='ocrx_word' id='word_1_57' title='bbox 754 1242 875 1301; x_wconf 91' lang='lat' dir='ltr'><strong>post</strong></span> <span class='ocrx_word' id='word_1_58' title='bbox 901 1233 1068 1287; x_wconf 63' lang='lat' dir='ltr'><strong>literae</strong></span> <span class='ocrx_word' id='word_1_59' title='bbox 1094 1232 1160 1288; x_wconf 90' lang='lat' dir='ltr'><strong>ad</strong></span> <span class='ocrx_word' id='word_1_60' title='bbox 1182 1232 1616 1306; x_wconf 90' lang='lat' dir='ltr'><strong>Chrysostumum</strong></span> <span class='ocrx_word' id='word_1_61' title='bbox 1668 1246 1930 1292; x_wconf 89' lang='lat' dir='ltr'><strong>venerunt</strong></span> 
     </span>
    </p>
   </div>
   <div class='ocr_carea' id='block_1_10' title="bbox 358 1323 1934 1396">
    <p class='ocr_par' dir='ltr' id='par_1_10' title="bbox 358 1323 1934 1396">
     <span class='ocr_line' id='line_1_10' title="bbox 358 1323 1934 1396; baseline 0.004 -20"><span class='ocrx_word' id='word_1_62' title='bbox 358 1324 544 1392; x_wconf 87' lang='lat' dir='ltr'><strong>partim</strong></span> <span class='ocrx_word' id='word_1_63' title='bbox 589 1323 841 1393; x_wconf 86' lang='lat' dir='ltr'><strong>Ephesini</strong></span> <span class='ocrx_word' id='word_1_64' title='bbox 888 1324 1063 1393; x_wconf 85' lang='lat' dir='ltr'><strong>Cleri,</strong></span> <span class='ocrx_word' id='word_1_65' title='bbox 1113 1327 1303 1392; x_wconf 88' lang='lat' dir='ltr'><strong>partim</strong></span> <span class='ocrx_word' id='word_1_66' title='bbox 1346 1328 1748 1395; x_wconf 90' lang='lat' dir='ltr'><strong>episcoporum,</strong></span> <span class='ocrx_word' id='word_1_67' title='bbox 1789 1327 1934 1396; x_wconf 83' lang='lat' dir='ltr'><strong>jura-</strong></span> 
     </span>
    </p>
   </div>
   <div class='ocr_carea' id='block_1_11' title="bbox 359 1415 1930 1473">
    <p class='ocr_par' dir='ltr' id='par_1_11' title="bbox 359 1415 1930 1473">
     <span class='ocr_line' id='line_1_11' title="bbox 359 1415 1930 1473; baseline 0.003 -6"><span class='ocrx_word' id='word_1_68' title='bbox 359 1423 531 1468; x_wconf 89' lang='lat' dir='ltr'><strong>meuta</strong></span> <span class='ocrx_word' id='word_1_69' title='bbox 553 1430 672 1468; x_wconf 91' lang='lat' dir='ltr'><strong>cum</strong></span> <span class='ocrx_word' id='word_1_70' title='bbox 693 1415 1060 1471; x_wconf 90' lang='lat' dir='ltr'><strong>obsecratione</strong></span> <span class='ocrx_word' id='word_1_71' title='bbox 1079 1418 1432 1471; x_wconf 88' lang='lat' dir='ltr'><strong>continentes.</strong></span> <span class='ocrx_word' id='word_1_72' title='bbox 1460 1417 1773 1473; x_wconf 85' lang='lat' dir='ltr'><strong>Testabatur</strong></span> <span class='ocrx_word' id='word_1_73' title='bbox 1804 1418 1930 1472; x_wconf 90' lang='lat' dir='ltr'><strong>Cle-</strong></span> 
     </span>
    </p>
   </div>
   <div class='ocr_carea' id='block_1_12' title="bbox 357 1507 1925 1577">
    <p class='ocr_par' dir='ltr' id='par_1_12' title="bbox 357 1507 1925 1577">
     <span class='ocr_line' id='line_1_12' title="bbox 357 1507 1925 1577; baseline 0.001 -16"><span class='ocrx_word' id='word_1_74' title='bbox 357 1523 477 1572; x_wconf 86' lang='lat' dir='ltr'><strong>rus,</strong></span> <span class='ocrx_word' id='word_1_75' title='bbox 507 1507 731 1561; x_wconf 89' lang='lat' dir='ltr'><strong>antehac</strong></span> <span class='ocrx_word' id='word_1_76' title='bbox 759 1508 899 1577; x_wconf 84' lang='lat' dir='ltr'><strong>leges</strong></span> <span class='ocrx_word' id='word_1_77' title='bbox 925 1522 1109 1561; x_wconf 90' lang='lat' dir='ltr'><strong>omnes</strong></span> <span class='ocrx_word' id='word_1_78' title='bbox 1129 1507 1322 1576; x_wconf 89' lang='lat' dir='ltr'><strong>Ephesi</strong></span> <span class='ocrx_word' id='word_1_79' title='bbox 1352 1508 1715 1577; x_wconf 88' lang='lat' dir='ltr'><strong>pessumdatas</strong></span> <span class='ocrx_word' id='word_1_80' title='bbox 1740 1508 1925 1574; x_wconf 89' lang='lat' dir='ltr'><strong>fuisse,</strong></span> 
     </span>
    </p>
   </div>
   <div class='ocr_carea' id='block_1_13' title="bbox 352 1596 1927 1670">
    <p class='ocr_par' dir='ltr' id='par_1_13' title="bbox 352 1596 1927 1670">
     <span class='ocr_line' id='line_1_13' title="bbox 352 1596 1927 1670; baseline 0.001 -18"><span class='ocrx_word' id='word_1_81' title='bbox 352 1596 555 1668; x_wconf 83' lang='lat' dir='ltr'><strong>jamdiu</strong></span> <span class='ocrx_word' id='word_1_82' title='bbox 588 1598 835 1653; x_wconf 85' lang='lat' dir='ltr'><strong>afﬂictam</strong></span> <span class='ocrx_word' id='word_1_83' title='bbox 884 1598 1200 1667; x_wconf 85' lang='lat' dir='ltr'><strong>Ephesinam</strong></span> <span class='ocrx_word' id='word_1_84' title='bbox 1252 1599 1539 1653; x_wconf 79' lang='lat' dir='ltr'><strong>Ecclesiam</strong></span> <span class='ocrx_word' id='word_1_85' title='bbox 1585 1615 1703 1655; x_wconf 89' lang='lat' dir='ltr'><strong>esse</strong></span> <span class='ocrx_word' id='word_1_86' title='bbox 1739 1600 1927 1670; x_wconf 90' lang='lat' dir='ltr'><strong>partim</strong></span> 
     </span>
    </p>
   </div>
   <div class='ocr_carea' id='block_1_14' title="bbox 358 1688 1928 1758">
    <p class='ocr_par' dir='ltr' id='par_1_14' title="bbox 358 1688 1928 1758">
     <span class='ocr_line' id='line_1_14' title="bbox 358 1688 1928 1758; baseline 0.001 -13"><span class='ocrx_word' id='word_1_87' title='bbox 358 1689 423 1745; x_wconf 85' lang='lat' dir='ltr'><strong>ab</strong></span> <span class='ocrx_word' id='word_1_88' title='bbox 450 1688 693 1755; x_wconf 87' lang='lat' dir='ltr'><strong>Arianis,</strong></span> <span class='ocrx_word' id='word_1_89' title='bbox 724 1689 912 1758; x_wconf 90' lang='lat' dir='ltr'><strong>partim</strong></span> <span class='ocrx_word' id='word_1_90' title='bbox 942 1689 1009 1744; x_wconf 91' lang='lat' dir='ltr'><strong>ab</strong></span> <span class='ocrx_word' id='word_1_91' title='bbox 1033 1689 1096 1743; x_wconf 90' lang='lat' dir='ltr'><strong>iis</strong></span> <span class='ocrx_word' id='word_1_92' title='bbox 1125 1690 1212 1758; x_wconf 88' lang='lat' dir='ltr'><strong>qui</strong></span> <span class='ocrx_word' id='word_1_93' title='bbox 1241 1690 1477 1745; x_wconf 77' lang='lat' dir='ltr'><strong>avaritia:</strong></span> <span class='ocrx_word' id='word_1_94' title='bbox 1524 1698 1578 1745; x_wconf 88' lang='lat' dir='ltr'><strong>et</strong></span> <span class='ocrx_word' id='word_1_95' title='bbox 1621 1690 1928 1746; x_wconf 90' lang='lat' dir='ltr'><strong>dominandi</strong></span> 
     </span>
    </p>
   </div>
   <div class='ocr_carea' id='block_1_15' title="bbox 357 1777 1928 1851">
    <p class='ocr_par' dir='ltr' id='par_1_15' title="bbox 357 1777 1928 1851">
     <span class='ocr_line' id='line_1_15' title="bbox 357 1777 1928 1851; baseline 0.005 -21"><span class='ocrx_word' id='word_1_96' title='bbox 357 1777 573 1833; x_wconf 87' lang='lat' dir='ltr'><strong>libidine</strong></span> <span class='ocrx_word' id='word_1_97' title='bbox 605 1780 775 1849; x_wconf 90' lang='lat' dir='ltr'><strong>capti,</strong></span> <span class='ocrx_word' id='word_1_98' title='bbox 832 1794 891 1833; x_wconf 88' lang='lat' dir='ltr'><strong>se</strong></span> <span class='ocrx_word' id='word_1_99' title='bbox 933 1777 1230 1834; x_wconf 90' lang='lat' dir='ltr'><strong>Catholicos</strong></span> <span class='ocrx_word' id='word_1_100' title='bbox 1258 1795 1377 1835; x_wconf 91' lang='lat' dir='ltr'><strong>esse</strong></span> <span class='ocrx_word' id='word_1_101' title='bbox 1425 1781 1803 1851; x_wconf 79' lang='lat' dir='ltr'><strong>gloriabantur,</strong></span> <span class='ocrx_word' id='word_1_102' title='bbox 1850 1783 1928 1838; x_wconf 89' lang='lat' dir='ltr'><strong>sic</strong></span> 
     </span>
    </p>
   </div>
   <div class='ocr_carea' id='block_1_16' title="bbox 355 1869 1930 1944">
    <p class='ocr_par' dir='ltr' id='par_1_16' title="bbox 355 1869 1930 1944">
     <span class='ocr_line' id='line_1_16' title="bbox 355 1869 1930 1944; baseline 0.003 -21"><span class='ocrx_word' id='word_1_103' title='bbox 355 1870 679 1924; x_wconf 83' lang='lat' dir='ltr'><strong>Antoninum</strong></span> <span class='ocrx_word' id='word_1_104' title='bbox 722 1869 1024 1925; x_wconf 86' lang='lat' dir='ltr'><strong>defunctum</strong></span> <span class='ocrx_word' id='word_1_105' title='bbox 1073 1872 1496 1941; x_wconf 84' lang='lat' dir='ltr'><strong>perstringebaut</strong></span> <span class='ocrx_word' id='word_1_106' title='bbox 1524 1873 1632 1927; x_wconf 92' lang='lat' dir='ltr'><strong>illi:</strong></span> <span class='ocrx_word' id='word_1_107' title='bbox 1668 1874 1930 1944; x_wconf 84' lang='lat' dir='ltr'><strong>rogabant</strong></span> 
     </span>
    </p>
   </div>
   <div class='ocr_carea' id='block_1_17' title="bbox 358 1960 1928 2034">
    <p class='ocr_par' dir='ltr' id='par_1_17' title="bbox 358 1960 1928 2034">
     <span class='ocr_line' id='line_1_17' title="bbox 358 1960 1928 2034; baseline 0.003 -20"><span class='ocrx_word' id='word_1_108' title='bbox 358 1960 504 2016; x_wconf 92' lang='lat' dir='ltr'><strong>illum</strong></span> <span class='ocrx_word' id='word_1_109' title='bbox 529 1963 837 2017; x_wconf 82' lang='lat' dir='ltr'><strong>festinanter</strong></span> <span class='ocrx_word' id='word_1_110' title='bbox 863 1963 1085 2027; x_wconf 88' lang='lat' dir='ltr'><strong>veniret,</strong></span> <span class='ocrx_word' id='word_1_111' title='bbox 1107 1963 1229 2033; x_wconf 89' lang='lat' dir='ltr'><strong>quia</strong></span> <span class='ocrx_word' id='word_1_112' title='bbox 1254 1963 1363 2033; x_wconf 90' lang='lat' dir='ltr'><strong>lupi</strong></span> <span class='ocrx_word' id='word_1_113' title='bbox 1385 1964 1595 2033; x_wconf 91' lang='lat' dir='ltr'><strong>quidam</strong></span> <span class='ocrx_word' id='word_1_114' title='bbox 1645 1972 1798 2019; x_wconf 89' lang='lat' dir='ltr'><strong>erant</strong></span> <span class='ocrx_word' id='word_1_115' title='bbox 1838 1964 1928 2034; x_wconf 90' lang='lat' dir='ltr'><strong>qui</strong></span> 
     </span>
    </p>
   </div>
   <div class='ocr_carea' id='block_1_18' title="bbox 356 2052 1929 2124">
    <p class='ocr_par' dir='ltr' id='par_1_18' title="bbox 356 2052 1929 2124">
     <span class='ocr_line' id='line_1_18' title="bbox 356 2052 1929 2124; baseline 0.003 -18"><span class='ocrx_word' id='word_1_116' title='bbox 356 2054 575 2120; x_wconf 89' lang='lat' dir='ltr'><strong>pecunia</strong></span> <span class='ocrx_word' id='word_1_117' title='bbox 619 2053 968 2123; x_wconf 90' lang='lat' dir='ltr'><strong>episcopalem</strong></span> <span class='ocrx_word' id='word_1_118' title='bbox 1008 2052 1187 2107; x_wconf 89' lang='lat' dir='ltr'><strong>sedem</strong></span> <span class='ocrx_word' id='word_1_119' title='bbox 1236 2069 1424 2124; x_wconf 89' lang='lat' dir='ltr'><strong>rapere</strong></span> <span class='ocrx_word' id='word_1_120' title='bbox 1471 2056 1751 2110; x_wconf 85' lang='lat' dir='ltr'><strong>tentabant.</strong></span> <span class='ocrx_word' id='word_1_121' title='bbox 1806 2056 1929 2111; x_wconf 64' lang='lat' dir='ltr'><strong>llaec</strong></span> 
     </span>
    </p>
   </div>
   <div class='ocr_carea' id='block_1_19' title="bbox 354 2143 1923 2214">
    <p class='ocr_par' dir='ltr' id='par_1_19' title="bbox 354 2143 1923 2214">
     <span class='ocr_line' id='line_1_19' title="bbox 354 2143 1923 2214; baseline 0.002 -16"><span class='ocrx_word' id='word_1_122' title='bbox 354 2158 512 2198; x_wconf 79' lang='lat' dir='ltr'><strong>causa</strong></span> <span class='ocrx_word' id='word_1_123' title='bbox 538 2143 918 2214; x_wconf 86' lang='lat' dir='ltr'><strong>Cbrysostomo</strong></span> <span class='ocrx_word' id='word_1_124' title='bbox 958 2144 1052 2197; x_wconf 92' lang='lat' dir='ltr'><strong>fuit</strong></span> <span class='ocrx_word' id='word_1_125' title='bbox 1076 2144 1393 2214; x_wconf 89' lang='lat' dir='ltr'><strong>suscipiendi</strong></span> <span class='ocrx_word' id='word_1_126' title='bbox 1421 2145 1636 2199; x_wconf 86' lang='lat' dir='ltr'><strong>Asiatici</strong></span> <span class='ocrx_word' id='word_1_127' title='bbox 1686 2145 1923 2213; x_wconf 66' lang='lat' dir='ltr'><strong>itineris,</strong></span> 
     </span>
    </p>
   </div>
   <div class='ocr_carea' id='block_1_20' title="bbox 352 2237 950 2307">
    <p class='ocr_par' dir='ltr' id='par_1_20' title="bbox 352 2237 950 2307">
     <span class='ocr_line' id='line_1_20' title="bbox 352 2237 950 2307; baseline -0.002 -16"><span class='ocrx_word' id='word_1_128' title='bbox 352 2237 419 2293; x_wconf 92' lang='lat' dir='ltr'><strong>de</strong></span> <span class='ocrx_word' id='word_1_129' title='bbox 438 2254 542 2307; x_wconf 94' lang='lat' dir='ltr'><strong>quo</strong></span> <span class='ocrx_word' id='word_1_130' title='bbox 570 2253 693 2291; x_wconf 84' lang='lat' dir='ltr'><strong>mox</strong></span> <span class='ocrx_word' id='word_1_131' title='bbox 725 2238 950 2291; x_wconf 91' lang='lat' dir='ltr'><strong>dicetur.</strong></span> 
     </span>
    </p>
   </div>
   <div class='ocr_carea' id='block_1_21' title="bbox 425 2326 1926 2398">
    <p class='ocr_par' dir='ltr' id='par_1_21' title="bbox 425 2326 1926 2398">
     <span class='ocr_line' id='line_1_21' title="bbox 425 2326 1926 2398; baseline 0.001 -18"><span class='ocrx_word' id='word_1_132' title='bbox 425 2326 665 2381; x_wconf 72' lang='lat' dir='ltr'><strong>Homiliaa</strong></span> <span class='ocrx_word' id='word_1_133' title='bbox 688 2326 1025 2398; x_wconf 82' lang='lat' dir='ltr'><strong>Chrysostomi</strong></span> <span class='ocrx_word' id='word_1_134' title='bbox 1048 2328 1099 2381; x_wconf 87' lang='lat' dir='ltr'><strong>in</strong></span> <span class='ocrx_word' id='word_1_135' title='bbox 1132 2327 1257 2380; x_wconf 83' lang='lat' dir='ltr'><strong>Acta</strong></span> <span class='ocrx_word' id='word_1_136' title='bbox 1285 2326 1660 2396; x_wconf 78' lang='lat' dir='ltr'><strong>Apostolorum.</strong></span> <span class='ocrx_word' id='word_1_137' title='bbox 1689 2339 1726 2381; x_wconf 80' lang='grc' dir='ltr'><strong>ι.</strong></span> <span class='ocrx_word' id='word_1_138' title='bbox 1776 2329 1829 2385; x_wconf 85' lang='grc'><strong>9.</strong></span> <span class='ocrx_word' id='word_1_139' title='bbox 1854 2359 1926 2370; x_wconf 96' lang='grc'><strong><em>-</em></strong></span> 
     </span>
    </p>
   </div>
   <div class='ocr_carea' id='block_1_22' title="bbox 350 2418 1923 2489">
    <p class='ocr_par' dir='ltr' id='par_1_22' title="bbox 350 2418 1923 2489">
     <span class='ocr_line' id='line_1_22' title="bbox 350 2418 1923 2489; baseline 0.001 -16"><span class='ocrx_word' id='word_1_140' title='bbox 350 2418 484 2473; x_wconf 88' lang='lat' dir='ltr'><strong>Dum</strong></span> <span class='ocrx_word' id='word_1_141' title='bbox 516 2418 629 2473; x_wconf 55' lang='lat' dir='ltr'><strong>haec</strong></span> <span class='ocrx_word' id='word_1_142' title='bbox 658 2427 962 2488; x_wconf 73' lang='lat' dir='ltr'><strong>agerentur,</strong></span> <span class='ocrx_word' id='word_1_143' title='bbox 996 2419 1250 2473; x_wconf 88' lang='lat' dir='ltr'><strong>Homilias</strong></span> <span class='ocrx_word' id='word_1_144' title='bbox 1280 2419 1332 2472; x_wconf 93' lang='lat' dir='ltr'><strong>in</strong></span> <span class='ocrx_word' id='word_1_145' title='bbox 1366 2420 1498 2473; x_wconf 85' lang='lat' dir='ltr'><strong>Acta</strong></span> <span class='ocrx_word' id='word_1_146' title='bbox 1547 2419 1923 2489; x_wconf 83' lang='lat' dir='ltr'><strong>Apostolorum</strong></span> 
     </span>
    </p>
   </div>
   <div class='ocr_carea' id='block_1_23' title="bbox 355 2509 1924 2583">
    <p class='ocr_par' dir='ltr' id='par_1_23' title="bbox 355 2509 1924 2583">
     <span class='ocr_line' id='line_1_23' title="bbox 355 2509 1924 2583; baseline 0.003 -21"><span class='ocrx_word' id='word_1_147' title='bbox 355 2510 534 2565; x_wconf 83' lang='lat' dir='ltr'><strong>habuit</strong></span> <span class='ocrx_word' id='word_1_148' title='bbox 557 2509 1005 2583; x_wconf 90' lang='lat' dir='ltr'><strong>Cbrysostomus,</strong></span> <span class='ocrx_word' id='word_1_149' title='bbox 1045 2526 1176 2580; x_wconf 90' lang='lat' dir='ltr'><strong>quas</strong></span> <span class='ocrx_word' id='word_1_150' title='bbox 1203 2513 1365 2581; x_wconf 69' lang='lat' dir='ltr'><strong>coepit</strong></span> <span class='ocrx_word' id='word_1_151' title='bbox 1414 2521 1535 2581; x_wconf 90' lang='lat' dir='ltr'><strong>post</strong></span> <span class='ocrx_word' id='word_1_152' title='bbox 1572 2512 1924 2582; x_wconf 79' lang='lat' dir='ltr'><strong>Quadragesi-</strong></span> 
     </span>
    </p>
   </div>
   <div class='ocr_carea' id='block_1_24' title="bbox 357 2597 1920 2671">
    <p class='ocr_par' dir='ltr' id='par_1_24' title="bbox 357 2597 1920 2671">
     <span class='ocr_line' id='line_1_24' title="bbox 357 2597 1920 2671; baseline 0.003 -19"><span class='ocrx_word' id='word_1_153' title='bbox 357 2614 497 2653; x_wconf 88' lang='lat' dir='ltr'><strong>mam</strong></span> <span class='ocrx_word' id='word_1_154' title='bbox 517 2641 533 2664; x_wconf 93' lang='lat'><strong>,</strong></span> <span class='ocrx_word' id='word_1_155' title='bbox 567 2610 623 2654; x_wconf 92' lang='lat' dir='ltr'><strong>ut</strong></span> <span class='ocrx_word' id='word_1_156' title='bbox 651 2602 761 2669; x_wconf 90' lang='lat' dir='ltr'><strong>ipse</strong></span> <span class='ocrx_word' id='word_1_157' title='bbox 782 2600 911 2655; x_wconf 88' lang='lat' dir='ltr'><strong>dicit</strong></span> <span class='ocrx_word' id='word_1_158' title='bbox 932 2601 1086 2655; x_wconf 91' lang='lat' dir='ltr'><strong>llom.</strong></span> <span class='ocrx_word' id='word_1_159' title='bbox 1111 2599 1153 2667; x_wconf 86' lang='grc' dir='ltr'><strong>Ι,</strong></span> <span class='ocrx_word' id='word_1_160' title='bbox 1186 2612 1236 2651; x_wconf 91' lang='lat' dir='ltr'><strong>c.</strong></span> <span class='ocrx_word' id='word_1_161' title='bbox 1266 2597 1357 2664; x_wconf 73' lang='lat'><strong>25,</strong></span> <span class='ocrx_word' id='word_1_162' title='bbox 1385 2609 1543 2671; x_wconf 88' lang='lat' dir='ltr'><strong>atque</strong></span> <span class='ocrx_word' id='word_1_163' title='bbox 1565 2610 1620 2655; x_wconf 90' lang='lat' dir='ltr'><strong>ut</strong></span> <span class='ocrx_word' id='word_1_164' title='bbox 1640 2612 1884 2671; x_wconf 89' lang='lat' dir='ltr'><strong>putamus</strong></span> <span class='ocrx_word' id='word_1_165' title='bbox 1904 2642 1920 2667; x_wconf 98' lang='lat'><strong>,</strong></span> 
     </span>
    </p>
   </div>
   <div class='ocr_carea' id='block_1_25' title="bbox 350 2691 1918 2762">
    <p class='ocr_par' dir='ltr' id='par_1_25' title="bbox 350 2691 1918 2762">
     <span class='ocr_line' id='line_1_25' title="bbox 350 2691 1918 2762; baseline 0.003 -17"><span class='ocrx_word' id='word_1_166' title='bbox 350 2691 683 2762; x_wconf 84' lang='lat' dir='ltr'><strong>diximusque</strong></span> <span class='ocrx_word' id='word_1_167' title='bbox 713 2692 765 2746; x_wconf 93' lang='lat' dir='ltr'><strong>in</strong></span> <span class='ocrx_word' id='word_1_168' title='bbox 796 2693 996 2749; x_wconf 83' lang='lat' dir='ltr'><strong>Monito</strong></span> <span class='ocrx_word' id='word_1_169' title='bbox 1018 2734 1034 2760; x_wconf 94' lang='lat'><strong>,</strong></span> <span class='ocrx_word' id='word_1_170' title='bbox 1059 2701 1299 2762; x_wconf 90' lang='lat' dir='ltr'><strong>tempore</strong></span> <span class='ocrx_word' id='word_1_171' title='bbox 1324 2692 1565 2748; x_wconf 88' lang='lat' dir='ltr'><strong>Paschali</strong></span> <span class='ocrx_word' id='word_1_172' title='bbox 1610 2695 1735 2748; x_wconf 91' lang='lat' dir='ltr'><strong>anni</strong></span> <span class='ocrx_word' id='word_1_173' title='bbox 1780 2695 1918 2759; x_wconf 70' lang='grc'>400,</span> 
     </span>
    </p>
   </div>
   <div class='ocr_carea' id='block_1_26' title="bbox 351 2783 1923 2856">
    <p class='ocr_par' dir='ltr' id='par_1_26' title="bbox 351 2783 1923 2856">
     <span class='ocr_line' id='line_1_26' title="bbox 351 2783 1923 2856; baseline 0.003 -19"><span class='ocrx_word' id='word_1_174' title='bbox 351 2784 419 2837; x_wconf 91' lang='lat' dir='ltr'><strong>ita</strong></span> <span class='ocrx_word' id='word_1_175' title='bbox 443 2793 502 2838; x_wconf 92' lang='lat' dir='ltr'><strong>ut</strong></span> <span class='ocrx_word' id='word_1_176' title='bbox 530 2785 645 2838; x_wconf 90' lang='lat' dir='ltr'><strong>illas</strong></span> <span class='ocrx_word' id='word_1_177' title='bbox 665 2784 892 2851; x_wconf 79' lang='lat' dir='ltr'><strong>dixerit,</strong></span> <span class='ocrx_word' id='word_1_178' title='bbox 920 2800 1042 2840; x_wconf 91' lang='lat' dir='ltr'><strong>cum</strong></span> <span class='ocrx_word' id='word_1_179' title='bbox 1083 2783 1434 2840; x_wconf 78' lang='lat' dir='ltr'><strong>Asiaticorum</strong></span> <span class='ocrx_word' id='word_1_180' title='bbox 1479 2800 1657 2841; x_wconf 90' lang='lat' dir='ltr'><strong>rerum</strong></span> <span class='ocrx_word' id='word_1_181' title='bbox 1714 2788 1923 2856; x_wconf 88' lang='lat' dir='ltr'><strong>negotia</strong></span> 
     </span>
    </p>
   </div>
   <div class='ocr_carea' id='block_1_27' title="bbox 350 2874 1918 2949">
    <p class='ocr_par' dir='ltr' id='par_1_27' title="bbox 350 2874 1918 2949">
     <span class='ocr_line' id='line_1_27' title="bbox 350 2874 1918 2949; baseline 0.003 -21"><span class='ocrx_word' id='word_1_182' title='bbox 350 2874 497 2929; x_wconf 88' lang='lat' dir='ltr'><strong>illum</strong></span> <span class='ocrx_word' id='word_1_183' title='bbox 526 2875 841 2931; x_wconf 90' lang='lat' dir='ltr'><strong>distinerent</strong></span> <span class='ocrx_word' id='word_1_184' title='bbox 859 2918 872 2941; x_wconf 96' lang='lat'><strong>,</strong></span> <span class='ocrx_word' id='word_1_185' title='bbox 902 2885 956 2931; x_wconf 92' lang='lat' dir='ltr'><strong>et</strong></span> <span class='ocrx_word' id='word_1_186' title='bbox 980 2893 1098 2932; x_wconf 90' lang='lat' dir='ltr'><strong>cum</strong></span> <span class='ocrx_word' id='word_1_187' title='bbox 1121 2892 1151 2931; x_wconf 90' lang='lat' dir='ltr'><strong>a</strong></span> <span class='ocrx_word' id='word_1_188' title='bbox 1176 2878 1341 2947; x_wconf 86' lang='lat' dir='ltr'><strong>gratia</strong></span> <span class='ocrx_word' id='word_1_189' title='bbox 1369 2876 1621 2932; x_wconf 76' lang='lat' dir='ltr'><strong>Eudoxia:</strong></span> <span class='ocrx_word' id='word_1_190' title='bbox 1647 2878 1918 2949; x_wconf 57' lang='lat' dir='ltr'><strong>Augustae,</strong></span> 
     </span>
    </p>
   </div>
   <div class='ocr_carea' id='block_1_28' title="bbox 349 2966 1924 3036">
    <p class='ocr_par' dir='ltr' id='par_1_28' title="bbox 349 2966 1924 3036">
     <span class='ocr_line' id='line_1_28' title="bbox 349 2966 1924 3036; baseline 0.003 -17"><span class='ocrx_word' id='word_1_191' title='bbox 349 2981 467 3035; x_wconf 75' lang='lat' dir='ltr'><strong>qua:</strong></span> <span class='ocrx_word' id='word_1_192' title='bbox 489 2966 639 3020; x_wconf 88' lang='lat' dir='ltr'><strong>initio</strong></span> <span class='ocrx_word' id='word_1_193' title='bbox 668 2967 1002 3036; x_wconf 89' lang='lat' dir='ltr'><strong>episcopatus</strong></span> <span class='ocrx_word' id='word_1_194' title='bbox 1028 2967 1107 3021; x_wconf 91' lang='lat' dir='ltr'><strong>sui</strong></span> <span class='ocrx_word' id='word_1_195' title='bbox 1133 2968 1305 3036; x_wconf 90' lang='lat' dir='ltr'><strong>ipsum</strong></span> <span class='ocrx_word' id='word_1_196' title='bbox 1335 2966 1487 3022; x_wconf 85' lang='lat' dir='ltr'><strong>valde</strong></span> <span class='ocrx_word' id='word_1_197' title='bbox 1515 2967 1755 3031; x_wconf 90' lang='lat' dir='ltr'><strong>colebat,</strong></span> <span class='ocrx_word' id='word_1_198' title='bbox 1780 2968 1924 3023; x_wconf 82' lang='lat' dir='ltr'><strong>exci-</strong></span> 
     </span>
    </p>
   </div>
   <div class='ocr_carea' id='block_1_29' title="bbox 348 3056 1922 3130">
    <p class='ocr_par' dir='ltr' id='par_1_29' title="bbox 348 3056 1922 3130">
     <span class='ocr_line' id='line_1_29' title="bbox 348 3056 1922 3130; baseline 0.001 -19"><span class='ocrx_word' id='word_1_199' title='bbox 348 3056 537 3112; x_wconf 91' lang='lat' dir='ltr'><strong>disset.</strong></span> <span class='ocrx_word' id='word_1_200' title='bbox 566 3057 700 3113; x_wconf 87' lang='lat' dir='ltr'><strong>Hinc</strong></span> <span class='ocrx_word' id='word_1_201' title='bbox 728 3057 968 3113; x_wconf 79' lang='lat' dir='ltr'><strong>fortassis</strong></span> <span class='ocrx_word' id='word_1_202' title='bbox 987 3059 1175 3113; x_wconf 89' lang='lat' dir='ltr'><strong>accidit</strong></span> <span class='ocrx_word' id='word_1_203' title='bbox 1200 3067 1259 3113; x_wconf 94' lang='lat' dir='ltr'><strong>ut</strong></span> <span class='ocrx_word' id='word_1_204' title='bbox 1276 3058 1395 3113; x_wconf 91' lang='lat' dir='ltr'><strong>aliis</strong></span> <span class='ocrx_word' id='word_1_205' title='bbox 1415 3058 1673 3114; x_wconf 91' lang='lat' dir='ltr'><strong>distentus</strong></span> <span class='ocrx_word' id='word_1_206' title='bbox 1693 3059 1922 3130; x_wconf 87' lang='lat' dir='ltr'><strong>negotiis</strong></span> 
     </span>
    </p>
   </div>
   <div class='ocr_carea' id='block_1_30' title="bbox 348 3146 1924 3220">
    <p class='ocr_par' dir='ltr' id='par_1_30' title="bbox 348 3146 1924 3220">
     <span class='ocr_line' id='line_1_30' title="bbox 348 3146 1924 3220; baseline 0.001 -18"><span class='ocrx_word' id='word_1_207' title='bbox 348 3146 787 3219; x_wconf 88' lang='lat' dir='ltr'><strong>Chrysostomus,</strong></span> <span class='ocrx_word' id='word_1_208' title='bbox 842 3150 1017 3204; x_wconf 92' lang='lat' dir='ltr'><strong>minus</strong></span> <span class='ocrx_word' id='word_1_209' title='bbox 1054 3149 1229 3216; x_wconf 92' lang='lat' dir='ltr'><strong>culto,</strong></span> <span class='ocrx_word' id='word_1_210' title='bbox 1276 3149 1461 3218; x_wconf 91' lang='lat' dir='ltr'><strong>jejuno</strong></span> <span class='ocrx_word' id='word_1_211' title='bbox 1500 3158 1555 3204; x_wconf 90' lang='lat' dir='ltr'><strong>et</strong></span> <span class='ocrx_word' id='word_1_212' title='bbox 1614 3150 1924 3220; x_wconf 90' lang='lat' dir='ltr'><strong>plerumque</strong></span> 
     </span>
    </p>
   </div>
   <div class='ocr_carea' id='block_1_31' title="bbox 350 3240 1923 3313">
    <p class='ocr_par' dir='ltr' id='par_1_31' title="bbox 350 3240 1923 3313">
     <span class='ocr_line' id='line_1_31' title="bbox 350 3240 1923 3313; baseline 0.001 -18"><span class='ocrx_word' id='word_1_213' title='bbox 350 3240 595 3296; x_wconf 91' lang='lat' dir='ltr'><strong>intricato</strong></span> <span class='ocrx_word' id='word_1_214' title='bbox 621 3242 757 3313; x_wconf 88' lang='lat' dir='ltr'><strong>stylo</strong></span> <span class='ocrx_word' id='word_1_215' title='bbox 784 3242 878 3294; x_wconf 88' lang='lat' dir='ltr'><strong>has</strong></span> <span class='ocrx_word' id='word_1_216' title='bbox 905 3241 1190 3297; x_wconf 89' lang='lat' dir='ltr'><strong>conciones</strong></span> <span class='ocrx_word' id='word_1_217' title='bbox 1236 3242 1541 3312; x_wconf 86' lang='lat' dir='ltr'><strong>scripserit,</strong></span> <span class='ocrx_word' id='word_1_218' title='bbox 1590 3242 1923 3313; x_wconf 87' lang='lat' dir='ltr'><strong>maximeque</strong></span> 
     </span>
    </p>
   </div>
   <div class='ocr_carea' id='block_1_32' title="bbox 350 3333 1925 3405">
    <p class='ocr_par' dir='ltr' id='par_1_32' title="bbox 350 3333 1925 3405">
     <span class='ocr_line' id='line_1_32' title="bbox 350 3333 1925 3405; baseline 0.002 -18"><span class='ocrx_word' id='word_1_219' title='bbox 350 3333 501 3387; x_wconf 91' lang='lat' dir='ltr'><strong>initio</strong></span> <span class='ocrx_word' id='word_1_220' title='bbox 522 3333 893 3402; x_wconf 83' lang='lat' dir='ltr'><strong>homiliarum,</strong></span> <span class='ocrx_word' id='word_1_221' title='bbox 944 3335 1032 3390; x_wconf 90' lang='lat' dir='ltr'><strong>ubi</strong></span> <span class='ocrx_word' id='word_1_222' title='bbox 1079 3334 1318 3405; x_wconf 82' lang='lat' dir='ltr'><strong>quaedam</strong></span> <span class='ocrx_word' id='word_1_223' title='bbox 1364 3334 1610 3389; x_wconf 90' lang='lat' dir='ltr'><strong>videntur</strong></span> <span class='ocrx_word' id='word_1_224' title='bbox 1650 3335 1795 3390; x_wconf 90' lang='lat' dir='ltr'><strong>olere</strong></span> <span class='ocrx_word' id='word_1_225' title='bbox 1833 3345 1925 3390; x_wconf 91' lang='lat' dir='ltr'><strong>aut</strong></span> 
     </span>
    </p>
   </div>
   <div class='ocr_carea' id='block_1_33' title="bbox 349 3427 1925 3499">
    <p class='ocr_par' dir='ltr' id='par_1_33' title="bbox 349 3427 1925 3499">
     <span class='ocr_line' id='line_1_33' title="bbox 349 3427 1925 3499; baseline 0.003 -20"><span class='ocrx_word' id='word_1_226' title='bbox 349 3440 542 3480; x_wconf 90' lang='lat' dir='ltr'><strong>sonare</strong></span> <span class='ocrx_word' id='word_1_227' title='bbox 570 3428 901 3496; x_wconf 86' lang='lat' dir='ltr'><strong>peregrinum</strong></span> <span class='ocrx_word' id='word_1_228' title='bbox 926 3444 937 3478; x_wconf 93' lang='lat'>:</span> <span class='ocrx_word' id='word_1_229' title='bbox 964 3442 1085 3481; x_wconf 92' lang='lat' dir='ltr'><strong>nam</strong></span> <span class='ocrx_word' id='word_1_230' title='bbox 1114 3428 1164 3481; x_wconf 90' lang='lat' dir='ltr'><strong>in</strong></span> <span class='ocrx_word' id='word_1_231' title='bbox 1190 3427 1361 3482; x_wconf 90' lang='lat' dir='ltr'><strong>ethica</strong></span> <span class='ocrx_word' id='word_1_232' title='bbox 1389 3427 1781 3495; x_wconf 88' lang='lat' dir='ltr'><strong>adhortatione,</strong></span> <span class='ocrx_word' id='word_1_233' title='bbox 1806 3445 1925 3499; x_wconf 87' lang='lat' dir='ltr'><strong>quae</strong></span> 
     </span>
    </p>
   </div>
   <div class='ocr_carea' id='block_1_34' title="bbox 350 3516 1925 3589">
    <p class='ocr_par' dir='ltr' id='par_1_34' title="bbox 350 3516 1925 3589">
     <span class='ocr_line' id='line_1_34' title="bbox 350 3516 1925 3589; baseline 0.004 -20"><span class='ocrx_word' id='word_1_234' title='bbox 350 3516 596 3571; x_wconf 90' lang='lat' dir='ltr'><strong>homilias</strong></span> <span class='ocrx_word' id='word_1_235' title='bbox 625 3518 857 3584; x_wconf 83' lang='lat' dir='ltr'><strong>claudit,</strong></span> <span class='ocrx_word' id='word_1_236' title='bbox 904 3517 991 3573; x_wconf 91' lang='lat' dir='ltr'><strong>hic</strong></span> <span class='ocrx_word' id='word_1_237' title='bbox 1042 3534 1252 3589; x_wconf 90' lang='lat' dir='ltr'><strong>semper</strong></span> <span class='ocrx_word' id='word_1_238' title='bbox 1291 3520 1370 3575; x_wconf 91' lang='lat' dir='ltr'><strong>sui</strong></span> <span class='ocrx_word' id='word_1_239' title='bbox 1420 3520 1608 3575; x_wconf 90' lang='lat' dir='ltr'><strong>similis</strong></span> <span class='ocrx_word' id='word_1_240' title='bbox 1653 3530 1769 3587; x_wconf 88' lang='lat' dir='ltr'><strong>est,</strong></span> <span class='ocrx_word' id='word_1_241' title='bbox 1816 3520 1925 3575; x_wconf 90' lang='lat' dir='ltr'><strong>imo</strong></span> 
     </span>
    </p>
   </div>
   <div class='ocr_carea' id='block_1_35' title="bbox 313 3598 1927 3680">
    <p class='ocr_par' dir='ltr' id='par_1_35' title="bbox 313 3598 1927 3680">
     <span class='ocr_line' id='line_1_35' title="bbox 313 3598 1927 3680; baseline 0.001 -17"><span class='ocrx_word' id='word_1_242' title='bbox 313 3598 505 3663; x_wconf 71' lang='lat' dir='ltr'><strong>etiam</strong></span> <span class='ocrx_word' id='word_1_243' title='bbox 563 3609 693 3663; x_wconf 89' lang='lat' dir='ltr'><strong>alias</strong></span> <span class='ocrx_word' id='word_1_244' title='bbox 737 3610 1019 3665; x_wconf 89' lang='lat' dir='ltr'><strong>conciones</strong></span> <span class='ocrx_word' id='word_1_245' title='bbox 1068 3618 1301 3679; x_wconf 90' lang='lat' dir='ltr'><strong>superat.</strong></span> <span class='ocrx_word' id='word_1_246' title='bbox 1344 3610 1436 3665; x_wconf 74' lang='lat' dir='ltr'><strong>Hae</strong></span> <span class='ocrx_word' id='word_1_247' title='bbox 1456 3625 1615 3677; x_wconf 89' lang='lat' dir='ltr'><strong>vero,</strong></span> <span class='ocrx_word' id='word_1_248' title='bbox 1645 3627 1763 3680; x_wconf 63' lang='lat' dir='ltr'><strong>qua:</strong></span> <span class='ocrx_word' id='word_1_249' title='bbox 1805 3620 1927 3680; x_wconf 92' lang='lat' dir='ltr'><strong>post</strong></span> 
     </span>
    </p>
   </div>
   <div class='ocr_carea' id='block_1_36' title="bbox 350 3700 1924 3769">
    <p class='ocr_par' dir='ltr' id='par_1_36' title="bbox 350 3700 1924 3769">
     <span class='ocr_line' id='line_1_36' title="bbox 350 3700 1924 3769; baseline 0.002 -16"><span class='ocrx_word' id='word_1_250' title='bbox 350 3700 549 3754; x_wconf 82' lang='lat' dir='ltr'><strong>Pascha</strong></span> <span class='ocrx_word' id='word_1_251' title='bbox 578 3700 702 3753; x_wconf 89' lang='lat' dir='ltr'><strong>anni</strong></span> <span class='ocrx_word' id='word_1_252' title='bbox 727 3700 829 3754; x_wconf 71' lang='lat'><strong>400</strong></span> <span class='ocrx_word' id='word_1_253' title='bbox 855 3710 1042 3769; x_wconf 64' lang='lat' dir='ltr'><strong>empta:</strong></span> <span class='ocrx_word' id='word_1_254' title='bbox 1082 3701 1230 3755; x_wconf 90' lang='lat' dir='ltr'><strong>fuere</strong></span> <span class='ocrx_word' id='word_1_255' title='bbox 1257 3700 1510 3767; x_wconf 75' lang='lat' dir='ltr'><strong>homilize,</strong></span> <span class='ocrx_word' id='word_1_256' title='bbox 1539 3702 1749 3755; x_wconf 91' lang='lat' dir='ltr'><strong>nonnisi</strong></span> <span class='ocrx_word' id='word_1_257' title='bbox 1784 3717 1924 3757; x_wconf 91' lang='lat' dir='ltr'><strong>anno</strong></span> 
     </span>
    </p>
   </div>
   <div class='ocr_carea' id='block_1_37' title="bbox 350 3790 1923 3861">
    <p class='ocr_par' dir='ltr' id='par_1_37' title="bbox 350 3790 1923 3861">
     <span class='ocr_line' id='line_1_37' title="bbox 350 3790 1923 3861; baseline 0.001 -17"><span class='ocrx_word' id='word_1_258' title='bbox 350 3791 446 3845; x_wconf 71' lang='grc'>401</span> <span class='ocrx_word' id='word_1_259' title='bbox 476 3790 742 3845; x_wconf 87' lang='lat' dir='ltr'><strong>terminari</strong></span> <span class='ocrx_word' id='word_1_260' title='bbox 768 3792 1002 3861; x_wconf 89' lang='lat' dir='ltr'><strong>potuisse</strong></span> <span class='ocrx_word' id='word_1_261' title='bbox 1025 3791 1285 3857; x_wconf 88' lang='lat' dir='ltr'><strong>videntur,</strong></span> <span class='ocrx_word' id='word_1_262' title='bbox 1308 3800 1361 3846; x_wconf 91' lang='lat' dir='ltr'><strong>et</strong></span> <span class='ocrx_word' id='word_1_263' title='bbox 1390 3791 1626 3845; x_wconf 80' lang='lat' dir='ltr'><strong>fortassis</strong></span> <span class='ocrx_word' id='word_1_264' title='bbox 1646 3802 1923 3861; x_wconf 90' lang='lat' dir='ltr'><strong>postquam</strong></span> 
     </span>
    </p>
   </div>
   <div class='ocr_carea' id='block_1_38' title="bbox 349 3882 1926 3954">
    <p class='ocr_par' dir='ltr' id='par_1_38' title="bbox 349 3882 1926 3954">
     <span class='ocr_line' id='line_1_38' title="bbox 349 3882 1926 3954; baseline 0.001 -20"><span class='ocrx_word' id='word_1_265' title='bbox 349 3898 413 3935; x_wconf 89' lang='lat' dir='ltr'><strong>ex</strong></span> <span class='ocrx_word' id='word_1_266' title='bbox 440 3882 564 3936; x_wconf 76' lang='lat' dir='ltr'><strong>Asia</strong></span> <span class='ocrx_word' id='word_1_267' title='bbox 594 3897 840 3937; x_wconf 86' lang='lat' dir='ltr'><strong>reversus</strong></span> <span class='ocrx_word' id='word_1_268' title='bbox 864 3882 961 3936; x_wconf 91' lang='lat' dir='ltr'><strong>fuit</strong></span> <span class='ocrx_word' id='word_1_269' title='bbox 988 3882 1398 3954; x_wconf 84' lang='lat' dir='ltr'><strong>Chrysostomus</strong></span> <span class='ocrx_word' id='word_1_270' title='bbox 1416 3898 1430 3934; x_wconf 88' lang='lat'><strong>:</strong></span> <span class='ocrx_word' id='word_1_271' title='bbox 1449 3898 1630 3936; x_wconf 89' lang='lat' dir='ltr'><strong>verum</strong></span> <span class='ocrx_word' id='word_1_272' title='bbox 1658 3882 1771 3936; x_wconf 56' lang='lat' dir='ltr'><strong>haec</strong></span> <span class='ocrx_word' id='word_1_273' title='bbox 1793 3899 1926 3935; x_wconf 89' lang='lat' dir='ltr'><strong>non-</strong></span> 
     </span>
    </p>
   </div>
   <div class='ocr_carea' id='block_1_39' title="bbox 354 3972 1923 4043">
    <p class='ocr_par' dir='ltr' id='par_1_39' title="bbox 354 3972 1923 4043">
     <span class='ocr_line' id='line_1_39' title="bbox 354 3972 1923 4043; baseline 0.001 -19"><span class='ocrx_word' id='word_1_274' title='bbox 354 3972 451 4025; x_wconf 87' lang='lat' dir='ltr'><strong>nisi</strong></span> <span class='ocrx_word' id='word_1_275' title='bbox 499 3972 783 4027; x_wconf 84' lang='lat' dir='ltr'><strong>divinando</strong></span> <span class='ocrx_word' id='word_1_276' title='bbox 811 3973 915 4027; x_wconf 91' lang='lat' dir='ltr'><strong>dici</strong></span> <span class='ocrx_word' id='word_1_277' title='bbox 957 3981 1194 4042; x_wconf 90' lang='lat' dir='ltr'><strong>possunt.</strong></span> <span class='ocrx_word' id='word_1_278' title='bbox 1225 3973 1451 4028; x_wconf 78' lang='lat' dir='ltr'><strong>Humilia</strong></span> <span class='ocrx_word' id='word_1_279' title='bbox 1479 3984 1654 4028; x_wconf 89' lang='lat' dir='ltr'><strong>autem</strong></span> <span class='ocrx_word' id='word_1_280' title='bbox 1692 3974 1923 4043; x_wconf 89' lang='lat' dir='ltr'><strong>quadra-</strong></span> 
     </span>
    </p>
   </div>
   <div class='ocr_carea' id='block_1_40' title="bbox 350 4065 1926 4141">
    <p class='ocr_par' dir='ltr' id='par_1_40' title="bbox 350 4065 1926 4141">
     <span class='ocr_line' id='line_1_40' title="bbox 350 4065 1926 4141; baseline 0.003 -24"><span class='ocrx_word' id='word_1_281' title='bbox 350 4065 548 4133; x_wconf 87' lang='lat' dir='ltr'><strong>gesima</strong></span> <span class='ocrx_word' id='word_1_282' title='bbox 597 4073 782 4135; x_wconf 89' lang='lat' dir='ltr'><strong>quarta</strong></span> <span class='ocrx_word' id='word_1_283' title='bbox 803 4106 817 4131; x_wconf 94' lang='lat'><strong>,</strong></span> <span class='ocrx_word' id='word_1_284' title='bbox 832 4084 880 4124; x_wconf 92' lang='lat' dir='ltr'><strong>c.</strong></span> <span class='ocrx_word' id='word_1_285' title='bbox 895 4070 1061 4141; x_wconf 73' lang='lat'><strong>512,].</strong></span> <span class='ocrx_word' id='word_1_286' title='bbox 1079 4068 1166 4129; x_wconf 72' lang='grc'><strong>54,</strong></span> <span class='ocrx_word' id='word_1_287' title='bbox 1184 4065 1495 4121; x_wconf 90' lang='lat' dir='ltr'><strong>testiﬁcatur</strong></span> <span class='ocrx_word' id='word_1_288' title='bbox 1517 4067 1926 4137; x_wconf 82' lang='lat' dir='ltr'><strong>Chrysostomus</strong></span> 
     </span>
    </p>
   </div>
   <div class='ocr_carea' id='block_1_41' title="bbox 351 4156 1927 4225">
    <p class='ocr_par' dir='ltr' id='par_1_41' title="bbox 351 4156 1927 4225">
     <span class='ocr_line' id='line_1_41' title="bbox 351 4156 1927 4225; baseline 0.002 -18"><span class='ocrx_word' id='word_1_289' title='bbox 351 4170 409 4207; x_wconf 90' lang='lat' dir='ltr'><strong>se</strong></span> <span class='ocrx_word' id='word_1_290' title='bbox 435 4156 714 4210; x_wconf 86' lang='lat' dir='ltr'><strong>triennium</strong></span> <span class='ocrx_word' id='word_1_291' title='bbox 746 4156 941 4211; x_wconf 91' lang='lat' dir='ltr'><strong>habere</strong></span> <span class='ocrx_word' id='word_1_292' title='bbox 967 4163 1021 4210; x_wconf 87' lang='lat' dir='ltr'><strong>in</strong></span> <span class='ocrx_word' id='word_1_293' title='bbox 1064 4156 1378 4210; x_wconf 86' lang='lat' dir='ltr'><strong>Pontiﬁcatu</strong></span> <span class='ocrx_word' id='word_1_294' title='bbox 1410 4174 1423 4208; x_wconf 91' lang='lat'><strong>:</strong></span> <span class='ocrx_word' id='word_1_295' title='bbox 1456 4156 1593 4225; x_wconf 90' lang='lat' dir='ltr'><strong>quod</strong></span> <span class='ocrx_word' id='word_1_296' title='bbox 1624 4157 1666 4210; x_wconf 92' lang='lat' dir='ltr'><strong>si</strong></span> <span class='ocrx_word' id='word_1_297' title='bbox 1693 4156 1757 4210; x_wconf 93' lang='lat' dir='ltr'><strong>ad</strong></span> <span class='ocrx_word' id='word_1_298' title='bbox 1810 4158 1927 4211; x_wconf 91' lang='lat' dir='ltr'><strong>lite-</strong></span> 
     </span>
    </p>
   </div>
   <div class='ocr_carea' id='block_1_42' title="bbox 352 4246 1923 4317">
    <p class='ocr_par' dir='ltr' id='par_1_42' title="bbox 352 4246 1923 4317">
     <span class='ocr_line' id='line_1_42' title="bbox 352 4246 1923 4317; baseline 0.003 -19"><span class='ocrx_word' id='word_1_299' title='bbox 352 4262 462 4300; x_wconf 90' lang='lat' dir='ltr'><strong>ram</strong></span> <span class='ocrx_word' id='word_1_300' title='bbox 491 4248 799 4317; x_wconf 88' lang='lat' dir='ltr'><strong>accipiatur,</strong></span> <span class='ocrx_word' id='word_1_301' title='bbox 819 4247 1113 4317; x_wconf 88' lang='lat' dir='ltr'><strong>signiﬁcare</strong></span> <span class='ocrx_word' id='word_1_302' title='bbox 1127 4246 1489 4302; x_wconf 92' lang='lat' dir='ltr'><strong>videturillum</strong></span> <span class='ocrx_word' id='word_1_303' title='bbox 1511 4248 1619 4316; x_wconf 90' lang='lat' dir='ltr'><strong>jam</strong></span> <span class='ocrx_word' id='word_1_304' title='bbox 1642 4248 1923 4302; x_wconf 87' lang='lat' dir='ltr'><strong>triennium</strong></span> 
     </span>
    </p>
   </div>
   <div class='ocr_carea' id='block_1_43' title="bbox 350 4337 1921 4409">
    <p class='ocr_par' dir='ltr' id='par_1_43' title="bbox 350 4337 1921 4409">
     <span class='ocr_line' id='line_1_43' title="bbox 350 4337 1921 4409; baseline -0.001 -16"><span class='ocrx_word' id='word_1_305' title='bbox 350 4353 625 4394; x_wconf 87' lang='lat' dir='ltr'><strong>emensum</strong></span> <span class='ocrx_word' id='word_1_306' title='bbox 648 4338 810 4393; x_wconf 90' lang='lat' dir='ltr'><strong>fuisse</strong></span> <span class='ocrx_word' id='word_1_307' title='bbox 829 4380 845 4405; x_wconf 95' lang='lat'><strong>,</strong></span> <span class='ocrx_word' id='word_1_308' title='bbox 871 4339 1080 4409; x_wconf 89' lang='lat' dir='ltr'><strong>quando</strong></span> <span class='ocrx_word' id='word_1_309' title='bbox 1105 4338 1170 4392; x_wconf 92' lang='lat' dir='ltr'><strong>ad</strong></span> <span class='ocrx_word' id='word_1_310' title='bbox 1195 4340 1329 4393; x_wconf 90' lang='lat' dir='ltr'><strong>hanc</strong></span> <span class='ocrx_word' id='word_1_311' title='bbox 1354 4337 1623 4392; x_wconf 91' lang='lat' dir='ltr'><strong>homiliam</strong></span> <span class='ocrx_word' id='word_1_312' title='bbox 1663 4341 1921 4407; x_wconf 82' lang='lat' dir='ltr'><strong>pervenit.</strong></span> 
     </span>
    </p>
   </div>
   <div class='ocr_carea' id='block_1_44' title="bbox 352 4428 1924 4500">
    <p class='ocr_par' dir='ltr' id='par_1_44' title="bbox 352 4428 1924 4500">
     <span class='ocr_line' id='line_1_44' title="bbox 352 4428 1924 4500; baseline 0 -17"><span class='ocrx_word' id='word_1_313' title='bbox 352 4432 420 4483; x_wconf 84' lang='lat' dir='ltr'><strong>At</strong></span> <span class='ocrx_word' id='word_1_314' title='bbox 457 4438 807 4500; x_wconf 71' lang='lat' dir='ltr'><strong>pmterquam</strong></span> <span class='ocrx_word' id='word_1_315' title='bbox 827 4429 965 4499; x_wconf 92' lang='lat' dir='ltr'><strong>quod</strong></span> <span class='ocrx_word' id='word_1_316' title='bbox 986 4445 1090 4484; x_wconf 92' lang='lat' dir='ltr'><strong>non</strong></span> <span class='ocrx_word' id='word_1_317' title='bbox 1114 4430 1548 4485; x_wconf 89' lang='lat' dir='ltr'><strong>omninoconstat</strong></span> <span class='ocrx_word' id='word_1_318' title='bbox 1569 4428 1653 4483; x_wconf 87' lang='lat' dir='ltr'><strong>hic</strong></span> <span class='ocrx_word' id='word_1_319' title='bbox 1681 4438 1924 4484; x_wconf 88' lang='lat' dir='ltr'><strong>exactum</strong></span> 
     </span>
    </p>
   </div>
   <div class='ocr_carea' id='block_1_45' title="bbox 353 4520 1924 4592">
    <p class='ocr_par' dir='ltr' id='par_1_45' title="bbox 353 4520 1924 4592">
     <span class='ocr_line' id='line_1_45' title="bbox 353 4520 1924 4592; baseline 0.001 -18"><span class='ocrx_word' id='word_1_320' title='bbox 353 4521 636 4576; x_wconf 89' lang='lat' dir='ltr'><strong>triennium</strong></span> <span class='ocrx_word' id='word_1_321' title='bbox 694 4521 912 4587; x_wconf 89' lang='lat' dir='ltr'><strong>notari,</strong></span> <span class='ocrx_word' id='word_1_322' title='bbox 974 4521 1082 4590; x_wconf 91' lang='lat' dir='ltr'><strong>jam</strong></span> <span class='ocrx_word' id='word_1_323' title='bbox 1134 4536 1275 4589; x_wconf 66' lang='lat' dir='ltr'><strong>saepe</strong></span> <span class='ocrx_word' id='word_1_324' title='bbox 1326 4520 1554 4575; x_wconf 88' lang='lat' dir='ltr'><strong>vidimus</strong></span> <span class='ocrx_word' id='word_1_325' title='bbox 1608 4520 1924 4592; x_wconf 86' lang='lat' dir='ltr'><strong>Chrysosto-</strong></span> 
     </span>
    </p>
   </div>
   <div class='ocr_carea' id='block_1_46' title="bbox 355 4612 1924 4682">
    <p class='ocr_par' dir='ltr' id='par_1_46' title="bbox 355 4612 1924 4682">
     <span class='ocr_line' id='line_1_46' title="bbox 355 4612 1924 4682; baseline -0.002 -15"><span class='ocrx_word' id='word_1_326' title='bbox 355 4628 498 4668; x_wconf 88' lang='lat' dir='ltr'><strong>mum</strong></span> <span class='ocrx_word' id='word_1_327' title='bbox 522 4629 625 4667; x_wconf 93' lang='lat' dir='ltr'><strong>non</strong></span> <span class='ocrx_word' id='word_1_328' title='bbox 649 4628 767 4667; x_wconf 93' lang='lat' dir='ltr'><strong>cum</strong></span> <span class='ocrx_word' id='word_1_329' title='bbox 796 4623 941 4667; x_wconf 90' lang='lat' dir='ltr'><strong>tanto</strong></span> <span class='ocrx_word' id='word_1_330' title='bbox 981 4612 1228 4682; x_wconf 89' lang='lat' dir='ltr'><strong>scrupulo</strong></span> <span class='ocrx_word' id='word_1_331' title='bbox 1253 4621 1404 4666; x_wconf 91' lang='lat' dir='ltr'><strong>notas</strong></span> <span class='ocrx_word' id='word_1_332' title='bbox 1425 4621 1721 4681; x_wconf 90' lang='lat' dir='ltr'><strong>temporum</strong></span> <span class='ocrx_word' id='word_1_333' title='bbox 1750 4612 1924 4666; x_wconf 91' lang='lat' dir='ltr'><strong>consi-</strong></span> 
     </span>
    </p>
   </div>
   <div class='ocr_carea' id='block_1_47' title="bbox 352 4706 1924 4776">
    <p class='ocr_par' dir='ltr' id='par_1_47' title="bbox 352 4706 1924 4776">
     <span class='ocr_line' id='line_1_47' title="bbox 352 4706 1924 4776; baseline 0.001 -17"><span class='ocrx_word' id='word_1_334' title='bbox 352 4720 549 4773; x_wconf 82' lang='lat' dir='ltr'><strong>gnare;</strong></span> <span class='ocrx_word' id='word_1_335' title='bbox 594 4715 767 4760; x_wconf 91' lang='lat' dir='ltr'><strong>tamen</strong></span> <span class='ocrx_word' id='word_1_336' title='bbox 841 4706 1086 4760; x_wconf 91' lang='lat' dir='ltr'><strong>omnibus</strong></span> <span class='ocrx_word' id='word_1_337' title='bbox 1134 4715 1377 4761; x_wconf 89' lang='lat' dir='ltr'><strong>accurate</strong></span> <span class='ocrx_word' id='word_1_338' title='bbox 1450 4706 1724 4776; x_wconf 90' lang='lat' dir='ltr'><strong>perpensis</strong></span> <span class='ocrx_word' id='word_1_339' title='bbox 1795 4706 1924 4760; x_wconf 91' lang='lat' dir='ltr'><strong>nihil</strong></span> 
     </span>
    </p>
   </div>
   <div class='ocr_carea' id='block_1_48' title="bbox 354 4795 1922 4868">
    <p class='ocr_par' dir='ltr' id='par_1_48' title="bbox 354 4795 1922 4868">
     <span class='ocr_line' id='line_1_48' title="bbox 354 4795 1922 4868; baseline 0 -18"><span class='ocrx_word' id='word_1_340' title='bbox 354 4798 610 4851; x_wconf 86' lang='lat' dir='ltr'><strong>absonum</strong></span> <span class='ocrx_word' id='word_1_341' title='bbox 633 4807 964 4867; x_wconf 87' lang='lat' dir='ltr'><strong>sequeretur,</strong></span> <span class='ocrx_word' id='word_1_342' title='bbox 995 4799 1038 4851; x_wconf 88' lang='lat' dir='ltr'><strong>si</strong></span> <span class='ocrx_word' id='word_1_343' title='bbox 1068 4795 1484 4868; x_wconf 89' lang='lat' dir='ltr'><strong>Chrysostomus</strong></span> <span class='ocrx_word' id='word_1_344' title='bbox 1504 4840 1518 4863; x_wconf 88' lang='lat'><strong>,</strong></span> <span class='ocrx_word' id='word_1_345' title='bbox 1550 4798 1636 4866; x_wconf 87' lang='lat' dir='ltr'><strong>qui</strong></span> <span class='ocrx_word' id='word_1_346' title='bbox 1666 4796 1922 4851; x_wconf 76' lang='lat' dir='ltr'><strong>ilomilias</strong></span> 
     </span>
    </p>
   </div>
   <div class='ocr_carea' id='block_1_49' title="bbox 353 4886 1925 4957">
    <p class='ocr_par' dir='ltr' id='par_1_49' title="bbox 353 4886 1925 4957">
     <span class='ocr_line' id='line_1_49' title="bbox 353 4886 1925 4957; baseline 0.001 -17"><span class='ocrx_word' id='word_1_347' title='bbox 353 4888 406 4940; x_wconf 90' lang='lat' dir='ltr'><strong>in</strong></span> <span class='ocrx_word' id='word_1_348' title='bbox 429 4888 557 4941; x_wconf 89' lang='lat' dir='ltr'><strong>Acta</strong></span> <span class='ocrx_word' id='word_1_349' title='bbox 587 4902 728 4940; x_wconf 91' lang='lat' dir='ltr'><strong>anno</strong></span> <span class='ocrx_word' id='word_1_350' title='bbox 748 4886 852 4941; x_wconf 70' lang='grc'>400</span> <span class='ocrx_word' id='word_1_351' title='bbox 887 4897 1120 4956; x_wconf 69' lang='lat' dir='ltr'><strong>cmperat</strong></span> <span class='ocrx_word' id='word_1_352' title='bbox 1143 4928 1159 4954; x_wconf 90' lang='lat'><strong>,</strong></span> <span class='ocrx_word' id='word_1_353' title='bbox 1190 4886 1643 4957; x_wconf 86' lang='lat' dir='ltr'><strong>quadragesimam</strong></span> <span class='ocrx_word' id='word_1_354' title='bbox 1684 4896 1925 4957; x_wconf 86' lang='lat' dir='ltr'><strong>quartam</strong></span> 
     </span>
    </p>
   </div>
   <div class='ocr_carea' id='block_1_50' title="bbox 353 4978 1922 5048">
    <p class='ocr_par' dir='ltr' id='par_1_50' title="bbox 353 4978 1922 5048">
     <span class='ocr_line' id='line_1_50' title="bbox 353 4978 1922 5048; baseline 0.001 -18"><span class='ocrx_word' id='word_1_355' title='bbox 353 4987 405 5031; x_wconf 81' lang='lat' dir='ltr'><strong>et</strong></span> <span class='ocrx_word' id='word_1_356' title='bbox 428 4987 723 5046; x_wconf 86' lang='lat' dir='ltr'><strong>postremas</strong></span> <span class='ocrx_word' id='word_1_357' title='bbox 747 4978 831 5032; x_wconf 81' lang='lat' dir='ltr'><strong>vel</strong></span> <span class='ocrx_word' id='word_1_358' title='bbox 860 4988 982 5032; x_wconf 89' lang='lat' dir='ltr'><strong>ante</strong></span> <span class='ocrx_word' id='word_1_359' title='bbox 1000 5018 1016 5045; x_wconf 93' lang='lat'><strong>,</strong></span> <span class='ocrx_word' id='word_1_360' title='bbox 1045 4978 1129 5033; x_wconf 83' lang='lat' dir='ltr'><strong>vel</strong></span> <span class='ocrx_word' id='word_1_361' title='bbox 1152 4986 1269 5048; x_wconf 89' lang='lat' dir='ltr'><strong>post</strong></span> <span class='ocrx_word' id='word_1_362' title='bbox 1290 4978 1511 5033; x_wconf 92' lang='lat' dir='ltr'><strong>reditum</strong></span> <span class='ocrx_word' id='word_1_363' title='bbox 1540 4994 1690 5033; x_wconf 88' lang='lat' dir='ltr'><strong>suum</strong></span> <span class='ocrx_word' id='word_1_364' title='bbox 1715 4994 1777 5032; x_wconf 87' lang='lat' dir='ltr'><strong>ex</strong></span> <span class='ocrx_word' id='word_1_365' title='bbox 1801 4979 1922 5033; x_wconf 83' lang='lat' dir='ltr'><strong>Asia</strong></span> 
     </span>
    </p>
   </div>
   <div class='ocr_carea' id='block_1_51' title="bbox 360 5058 1938 5132">
    <p class='ocr_par' dir='ltr' id='par_1_51' title="bbox 360 5058 1938 5132">
     <span class='ocr_line' id='line_1_51' title="bbox 360 5058 1938 5132; baseline -0.006 -9"><span class='ocrx_word' id='word_1_366' title='bbox 360 5068 576 5123; x_wconf 79' lang='lat' dir='ltr'><strong>dixerit.</strong></span> <span class='ocrx_word' id='word_1_367' title='bbox 600 5067 655 5120; x_wconf 86' lang='lat' dir='ltr'><strong>In</strong></span> <span class='ocrx_word' id='word_1_368' title='bbox 680 5067 905 5119; x_wconf 88' lang='lat' dir='ltr'><strong>llomilia</strong></span> <span class='ocrx_word' id='word_1_369' title='bbox 928 5078 1055 5118; x_wconf 85' lang='lat' dir='ltr'><strong>vero</strong></span> <span class='ocrx_word' id='word_1_370' title='bbox 1090 5062 1491 5132; x_wconf 86' lang='lat' dir='ltr'><strong>quadragesima</strong></span> <span class='ocrx_word' id='word_1_371' title='bbox 1532 5061 1700 5128; x_wconf 84' lang='lat' dir='ltr'><strong>prima</strong></span> <span class='ocrx_word' id='word_1_372' title='bbox 1735 5074 1786 5114; x_wconf 93' lang='lat' dir='ltr'><strong>c.</strong></span> <span class='ocrx_word' id='word_1_373' title='bbox 1808 5058 1938 5125; x_wconf 73' lang='lat'><strong>991,</strong></span> 
     </span>
    </p>
   </div>
   <div class='ocr_carea' id='block_1_52' title="bbox 363 5154 1937 5228">
    <p class='ocr_par' dir='ltr' id='par_1_52' title="bbox 363 5154 1937 5228">
     <span class='ocr_line' id='line_1_52' title="bbox 363 5154 1937 5228; baseline -0.004 -15"><span class='ocrx_word' id='word_1_374' title='bbox 363 5160 398 5214; x_wconf 92' lang='grc' dir='ltr'><strong>Ι.</strong></span> <span class='ocrx_word' id='word_1_375' title='bbox 428 5160 515 5225; x_wconf 92' lang='grc'>10,</span> <span class='ocrx_word' id='word_1_376' title='bbox 539 5158 1069 5228; x_wconf 86' lang='lat' dir='ltr'><strong>aitChrysostomus,</strong></span> <span class='ocrx_word' id='word_1_377' title='bbox 1098 5171 1240 5208; x_wconf 87' lang='lat' dir='ltr'><strong>anno</strong></span> <span class='ocrx_word' id='word_1_378' title='bbox 1277 5154 1556 5224; x_wconf 88' lang='lat' dir='ltr'><strong>superiore</strong></span> <span class='ocrx_word' id='word_1_379' title='bbox 1595 5159 1937 5207; x_wconf 85' lang='lat' dir='ltr'><strong>concussisse</strong></span> 
     </span>
    </p>
   </div>
   <div class='ocr_carea' id='block_1_53' title="bbox 361 5246 1933 5318">
    <p class='ocr_par' dir='ltr' id='par_1_53' title="bbox 361 5246 1933 5318">
     <span class='ocr_line' id='line_1_53' title="bbox 361 5246 1933 5318; baseline -0.006 -10"><span class='ocrx_word' id='word_1_380' title='bbox 361 5254 526 5308; x_wconf 87' lang='lat' dir='ltr'><strong>Deum</strong></span> <span class='ocrx_word' id='word_1_381' title='bbox 548 5253 849 5307; x_wconf 89' lang='lat' dir='ltr'><strong>universam</strong></span> <span class='ocrx_word' id='word_1_382' title='bbox 866 5250 1133 5305; x_wconf 76' lang='lat' dir='ltr'><strong>civitatem</strong></span> <span class='ocrx_word' id='word_1_383' title='bbox 1152 5248 1210 5303; x_wconf 90' lang='lat' dir='ltr'><strong>C.</strong></span> <span class='ocrx_word' id='word_1_384' title='bbox 1228 5248 1311 5311; x_wconf 92' lang='lat' dir='ltr'><strong>P.,</strong></span> <span class='ocrx_word' id='word_1_385' title='bbox 1332 5248 1421 5318; x_wconf 89' lang='lat' dir='ltr'><strong>qui</strong></span> <span class='ocrx_word' id='word_1_386' title='bbox 1441 5258 1596 5301; x_wconf 66' lang='lat' dir='ltr'><strong>terrae</strong></span> <span class='ocrx_word' id='word_1_387' title='bbox 1613 5256 1787 5300; x_wconf 90' lang='lat' dir='ltr'><strong>motus</strong></span> <span class='ocrx_word' id='word_1_388' title='bbox 1803 5246 1933 5300; x_wconf 87' lang='lat' dir='ltr'><strong>acci-</strong></span> 
     </span>
    </p>
   </div>
   <div class='ocr_carea' id='block_1_54' title="bbox 356 5338 1922 5410">
    <p class='ocr_par' dir='ltr' id='par_1_54' title="bbox 356 5338 1922 5410">
     <span class='ocr_line' id='line_1_54' title="bbox 356 5338 1922 5410; baseline -0.002 -13"><span class='ocrx_word' id='word_1_389' title='bbox 356 5346 498 5401; x_wconf 85' lang='lat' dir='ltr'><strong>disse</strong></span> <span class='ocrx_word' id='word_1_390' title='bbox 540 5344 773 5400; x_wconf 90' lang='lat' dir='ltr'><strong>creditur</strong></span> <span class='ocrx_word' id='word_1_391' title='bbox 812 5359 953 5398; x_wconf 90' lang='lat' dir='ltr'><strong>anno</strong></span> <span class='ocrx_word' id='word_1_392' title='bbox 1002 5342 1140 5409; x_wconf 79' lang='lat'><strong>599,</strong></span> <span class='ocrx_word' id='word_1_393' title='bbox 1181 5352 1239 5396; x_wconf 90' lang='lat' dir='ltr'><strong>ut</strong></span> <span class='ocrx_word' id='word_1_394' title='bbox 1286 5340 1514 5395; x_wconf 84' lang='lat' dir='ltr'><strong>diximus</strong></span> <span class='ocrx_word' id='word_1_395' title='bbox 1560 5356 1736 5410; x_wconf 89' lang='lat' dir='ltr'><strong>supra.</strong></span> <span class='ocrx_word' id='word_1_396' title='bbox 1789 5338 1922 5395; x_wconf 88' lang='lat' dir='ltr'><strong>Nam</strong></span> 
     </span>
    </p>
   </div>
   <div class='ocr_carea' id='block_1_55' title="bbox 358 5431 1920 5507">
    <p class='ocr_par' dir='ltr' id='par_1_55' title="bbox 358 5431 1920 5507">
     <span class='ocr_line' id='line_1_55' title="bbox 358 5431 1920 5507; baseline -0.003 -18"><span class='ocrx_word' id='word_1_397' title='bbox 358 5436 444 5490; x_wconf 90' lang='lat' dir='ltr'><strong>illa</strong></span> <span class='ocrx_word' id='word_1_398' title='bbox 472 5451 572 5490; x_wconf 92' lang='lat' dir='ltr'><strong>vox</strong></span> <span class='ocrx_word' id='word_1_399' title='bbox 602 5436 769 5507; x_wconf 86' lang='lat' dir='ltr'><strong>perusi</strong></span> <span class='ocrx_word' id='word_1_400' title='bbox 804 5450 996 5489; x_wconf 90' lang='lat' dir='ltr'><strong>annum</strong></span> <span class='ocrx_word' id='word_1_401' title='bbox 1039 5434 1279 5503; x_wconf 88' lang='lat' dir='ltr'><strong>proxime</strong></span> <span class='ocrx_word' id='word_1_402' title='bbox 1329 5431 1653 5503; x_wconf 88' lang='lat' dir='ltr'><strong>superiorem</strong></span> <span class='ocrx_word' id='word_1_403' title='bbox 1693 5431 1920 5498; x_wconf 88' lang='lat' dir='ltr'><strong>indicat;</strong></span> 
     </span>
    </p>
   </div>
   <div class='ocr_carea' id='block_1_56' title="bbox 358 5523 1926 5596">
    <p class='ocr_par' dir='ltr' id='par_1_56' title="bbox 358 5523 1926 5596">
     <span class='ocr_line' id='line_1_56' title="bbox 358 5523 1926 5596; baseline -0.002 -17"><span class='ocrx_word' id='word_1_404' title='bbox 358 5526 451 5580; x_wconf 90' lang='lat' dir='ltr'><strong>sed</strong></span> <span class='ocrx_word' id='word_1_405' title='bbox 480 5542 586 5581; x_wconf 92' lang='lat' dir='ltr'><strong>non</strong></span> <span class='ocrx_word' id='word_1_406' title='bbox 635 5529 704 5580; x_wconf 93' lang='lat' dir='ltr'><strong>ita</strong></span> <span class='ocrx_word' id='word_1_407' title='bbox 748 5526 1051 5596; x_wconf 91' lang='lat' dir='ltr'><strong>accipienda</strong></span> <span class='ocrx_word' id='word_1_408' title='bbox 1077 5534 1160 5581; x_wconf 90' lang='lat' dir='ltr'><strong>est</strong></span> <span class='ocrx_word' id='word_1_409' title='bbox 1193 5534 1250 5578; x_wconf 93' lang='lat' dir='ltr'><strong>ut</strong></span> <span class='ocrx_word' id='word_1_410' title='bbox 1277 5540 1471 5577; x_wconf 89' lang='lat' dir='ltr'><strong>annum</strong></span> <span class='ocrx_word' id='word_1_411' title='bbox 1516 5523 1777 5593; x_wconf 88' lang='lat' dir='ltr'><strong>integrum</strong></span> <span class='ocrx_word' id='word_1_412' title='bbox 1818 5524 1926 5577; x_wconf 90' lang='lat' dir='ltr'><strong>ela-</strong></span> 
     </span>
    </p>
   </div>
   <div class='ocr_carea' id='block_1_57' title="bbox 362 5616 1432 5692">
    <p class='ocr_par' dir='ltr' id='par_1_57' title="bbox 362 5616 1432 5692">
     <span class='ocr_line' id='line_1_57' title="bbox 362 5616 1432 5692; baseline -0.001 -24"><span class='ocrx_word' id='word_1_413' title='bbox 362 5634 509 5689; x_wconf 85' lang='lat' dir='ltr'><strong>psum</strong></span> <span class='ocrx_word' id='word_1_414' title='bbox 531 5619 941 5692; x_wconf 78' lang='lat' dir='ltr'><strong>Chrysostomus</strong></span> <span class='ocrx_word' id='word_1_415' title='bbox 970 5616 1263 5687; x_wconf 84' lang='lat' dir='ltr'><strong>signiﬁcare</strong></span> <span class='ocrx_word' id='word_1_416' title='bbox 1291 5616 1432 5670; x_wconf 81' lang='lat' dir='ltr'><strong>velit.</strong></span> 
     </span>
    </p>
   </div>
   <div class='ocr_carea' id='block_1_58' title="bbox 430 5704 1923 5773">
    <p class='ocr_par' dir='ltr' id='par_1_58' title="bbox 430 5704 1923 5773">
     <span class='ocr_line' id='line_1_58' title="bbox 430 5704 1923 5773; baseline -0.001 -12"><span class='ocrx_word' id='word_1_417' title='bbox 430 5710 624 5765; x_wconf 87' lang='lat' dir='ltr'><strong>Ibidem</strong></span> <span class='ocrx_word' id='word_1_418' title='bbox 649 5718 823 5765; x_wconf 91' lang='lat' dir='ltr'><strong>autem</strong></span> <span class='ocrx_word' id='word_1_419' title='bbox 863 5719 917 5762; x_wconf 91' lang='lat' dir='ltr'><strong>et</strong></span> <span class='ocrx_word' id='word_1_420' title='bbox 942 5708 1272 5763; x_wconf 88' lang='lat' dir='ltr'><strong>continenter</strong></span> <span class='ocrx_word' id='word_1_421' title='bbox 1329 5708 1367 5762; x_wconf 94' lang='lat' dir='ltr'><strong>l.</strong></span> <span class='ocrx_word' id='word_1_422' title='bbox 1419 5706 1525 5773; x_wconf 86' lang='lat'><strong>&#39;56,</strong></span> <span class='ocrx_word' id='word_1_423' title='bbox 1574 5704 1758 5761; x_wconf 88' lang='lat' dir='ltr'><strong>eadem</strong></span> <span class='ocrx_word' id='word_1_424' title='bbox 1796 5719 1923 5760; x_wconf 82' lang='lat' dir='ltr'><strong>voce</strong></span> 
     </span>
    </p>
   </div>
   <div class='ocr_carea' id='block_1_59' title="bbox 356 5798 1913 5872">
    <p class='ocr_par' dir='ltr' id='par_1_59' title="bbox 356 5798 1913 5872">
     <span class='ocr_line' id='line_1_59' title="bbox 356 5798 1913 5872; baseline 0 -19"><span class='ocrx_word' id='word_1_425' title='bbox 356 5804 523 5872; x_wconf 69' lang='lat' dir='ltr'><strong>perosi</strong></span> <span class='ocrx_word' id='word_1_426' title='bbox 573 5802 983 5871; x_wconf 75' lang='lat' dir='ltr'><strong>Chrysostomus</strong></span> <span class='ocrx_word' id='word_1_427' title='bbox 1034 5802 1200 5855; x_wconf 88' lang='lat' dir='ltr'><strong>utitur</strong></span> <span class='ocrx_word' id='word_1_428' title='bbox 1236 5799 1299 5852; x_wconf 88' lang='lat' dir='ltr'><strong>ad</strong></span> <span class='ocrx_word' id='word_1_429' title='bbox 1340 5815 1452 5853; x_wconf 91' lang='lat' dir='ltr'><strong>rem</strong></span> <span class='ocrx_word' id='word_1_430' title='bbox 1494 5798 1651 5853; x_wconf 89' lang='lat' dir='ltr'><strong>aliam</strong></span> <span class='ocrx_word' id='word_1_431' title='bbox 1687 5800 1913 5869; x_wconf 86' lang='lat' dir='ltr'><strong>carptim</strong></span> 
     </span>
    </p>
   </div>
   <div class='ocr_carea' id='block_1_60' title="bbox 678 5895 1411 5961">
    <p class='ocr_par' dir='ltr' id='par_1_60' title="bbox 678 5895 1411 5961">
     <span class='ocr_line' id='line_1_60' title="bbox 678 5895 1411 5961; baseline -0.011 0"><span class='ocrx_word' id='word_1_432' title='bbox 678 5904 951 5961; x_wconf 76' lang='lat' dir='ltr'><strong>PATROL.</strong></span> <span class='ocrx_word' id='word_1_433' title='bbox 998 5899 1112 5960; x_wconf 77' lang='lat' dir='ltr'><strong>Gn.</strong></span> <span class='ocrx_word' id='word_1_434' title='bbox 1159 5895 1411 5957; x_wconf 73' lang='lat' dir='ltr'><strong>XLVII.</strong></span> 
     </span>
    </p>
   </div>
   <div class='ocr_carea' id='block_1_61' title="bbox 1554 393 2450 453">
    <p class='ocr_par' dir='ltr' id='par_1_61' title="bbox 1554 393 2450 453">
     <span class='ocr_line' id='line_1_61' title="bbox 1554 393 2450 453; baseline 0.003 -5"><span class='ocrx_word' id='word_1_435' title='bbox 1554 393 1732 449; x_wconf 72' lang='lat' dir='ltr'><strong>NUNC</strong></span> <span class='ocrx_word' id='word_1_436' title='bbox 1773 394 2033 452; x_wconf 77' lang='lat' dir='ltr'><strong>PRIMUM</strong></span> <span class='ocrx_word' id='word_1_437' title='bbox 2062 397 2450 453; x_wconf 74' lang='lat' dir='ltr'><strong>ADORNATA.</strong></span> 
     </span>
    </p>
   </div>
   <div class='ocr_carea' id='block_1_62' title="bbox 3513 408 3618 463">
    <p class='ocr_par' dir='ltr' id='par_1_62' title="bbox 3513 408 3618 463">
     <span class='ocr_line' id='line_1_62' title="bbox 3513 408 3618 463; baseline 0.019 -2"><span class='ocrx_word' id='word_1_438' title='bbox 3513 408 3618 463; x_wconf 72' lang='grc'>182</span> 
     </span>
    </p>
   </div>
   <div class='ocr_carea' id='block_1_63' title="bbox 2044 510 3597 587">
    <p class='ocr_par' dir='ltr' id='par_1_63' title="bbox 2044 510 3597 587">
     <span class='ocr_line' id='line_1_63' title="bbox 2044 510 3597 587; baseline 0.008 -23"><span class='ocrx_word' id='word_1_439' title='bbox 2044 510 2382 567; x_wconf 89' lang='lat' dir='ltr'><strong>indicandum</strong></span> <span class='ocrx_word' id='word_1_440' title='bbox 2435 532 2447 567; x_wconf 93' lang='lat'>:</span> <span class='ocrx_word' id='word_1_441' title='bbox 2503 514 2627 580; x_wconf 74' lang='lat' dir='ltr'><strong>Qua:</strong></span> <span class='ocrx_word' id='word_1_442' title='bbox 2680 516 2812 568; x_wconf 86' lang='lat' dir='ltr'><strong>circa</strong></span> <span class='ocrx_word' id='word_1_443' title='bbox 2855 513 3175 571; x_wconf 81' lang='lat' dir='ltr'><strong>Theodorum</strong></span> <span class='ocrx_word' id='word_1_444' title='bbox 3220 518 3597 587; x_wconf 86' lang='lat' dir='ltr'><strong>perusi,anno</strong></span> 
     </span>
    </p>
   </div>
   <div class='ocr_carea' id='block_1_64' title="bbox 2039 606 3595 680">
    <p class='ocr_par' dir='ltr' id='par_1_64' title="bbox 2039 606 3595 680">
     <span class='ocr_line' id='line_1_64' title="bbox 2039 606 3595 680; baseline 0.006 -24"><span class='ocrx_word' id='word_1_445' title='bbox 2039 606 2297 673; x_wconf 78' lang='lat' dir='ltr'><strong>proximo,</strong></span> <span class='ocrx_word' id='word_1_446' title='bbox 2328 616 2466 676; x_wconf 88' lang='lat' dir='ltr'><strong>gesta</strong></span> <span class='ocrx_word' id='word_1_447' title='bbox 2487 616 2602 661; x_wconf 84' lang='lat' dir='ltr'><strong>sunt</strong></span> <span class='ocrx_word' id='word_1_448' title='bbox 2622 647 2637 672; x_wconf 93' lang='lat'><strong>,</strong></span> <span class='ocrx_word' id='word_1_449' title='bbox 2667 624 2811 677; x_wconf 86' lang='lat' dir='ltr'><strong>quem</strong></span> <span class='ocrx_word' id='word_1_450' title='bbox 2836 625 2935 662; x_wconf 87' lang='lat' dir='ltr'><strong>non</strong></span> <span class='ocrx_word' id='word_1_451' title='bbox 2962 609 3438 680; x_wconf 77' lang='lat' dir='ltr'><strong>obstupefecerant?</strong></span> <span class='ocrx_word' id='word_1_452' title='bbox 3464 621 3511 664; x_wconf 84' lang='lat' dir='ltr'><strong>et</strong></span> <span class='ocrx_word' id='word_1_453' title='bbox 3537 621 3595 666; x_wconf 81' lang='lat' dir='ltr'><strong>ta</strong></span> 
     </span>
    </p>
   </div>
   <div class='ocr_carea' id='block_1_65' title="bbox 2038 698 3599 769">
    <p class='ocr_par' dir='ltr' id='par_1_65' title="bbox 2038 698 3599 769">
     <span class='ocr_line' id='line_1_65' title="bbox 2038 698 3599 769; baseline 0.004 -21"><span class='ocrx_word' id='word_1_454' title='bbox 2038 712 2151 750; x_wconf 85' lang='lat' dir='ltr'><strong>men</strong></span> <span class='ocrx_word' id='word_1_455' title='bbox 2168 698 2296 751; x_wconf 86' lang='lat' dir='ltr'><strong>nihil</strong></span> <span class='ocrx_word' id='word_1_456' title='bbox 2312 700 2528 767; x_wconf 77' lang='lat' dir='ltr'><strong>amplius</strong></span> <span class='ocrx_word' id='word_1_457' title='bbox 2546 703 2732 769; x_wconf 81' lang='lat' dir='ltr'><strong>factum</strong></span> <span class='ocrx_word' id='word_1_458' title='bbox 2748 712 2837 754; x_wconf 79' lang='lat' dir='ltr'><strong>est.</strong></span> <span class='ocrx_word' id='word_1_459' title='bbox 2865 700 2996 768; x_wconf 89' lang='lat' dir='ltr'><strong>Quis</strong></span> <span class='ocrx_word' id='word_1_460' title='bbox 3011 701 3099 756; x_wconf 93' lang='lat' dir='ltr'><strong>ille</strong></span> <span class='ocrx_word' id='word_1_461' title='bbox 3116 701 3429 757; x_wconf 90' lang='lat' dir='ltr'><strong>Theodorus</strong></span> <span class='ocrx_word' id='word_1_462' title='bbox 3447 713 3599 767; x_wconf 75' lang='lat' dir='ltr'><strong>esset,</strong></span> 
     </span>
    </p>
   </div>
   <div class='ocr_carea' id='block_1_66' title="bbox 2037 788 3596 861">
    <p class='ocr_par' dir='ltr' id='par_1_66' title="bbox 2037 788 3596 861">
     <span class='ocr_line' id='line_1_66' title="bbox 2037 788 3596 861; baseline 0.005 -20"><span class='ocrx_word' id='word_1_463' title='bbox 2037 797 2092 841; x_wconf 90' lang='lat' dir='ltr'><strong>et</strong></span> <span class='ocrx_word' id='word_1_464' title='bbox 2115 788 2238 854; x_wconf 92' lang='lat' dir='ltr'><strong>quid</strong></span> <span class='ocrx_word' id='word_1_465' title='bbox 2256 790 2327 843; x_wconf 91' lang='lat' dir='ltr'><strong>illi</strong></span> <span class='ocrx_word' id='word_1_466' title='bbox 2352 790 2620 851; x_wconf 90' lang='lat' dir='ltr'><strong>acciderit,</strong></span> <span class='ocrx_word' id='word_1_467' title='bbox 2640 791 2811 846; x_wconf 88' lang='lat' dir='ltr'><strong>nullus</strong></span> <span class='ocrx_word' id='word_1_468' title='bbox 2833 791 2971 861; x_wconf 87' lang='lat' dir='ltr'><strong>quod</strong></span> <span class='ocrx_word' id='word_1_469' title='bbox 2989 792 3148 846; x_wconf 90' lang='lat' dir='ltr'><strong>sciam</strong></span> <span class='ocrx_word' id='word_1_470' title='bbox 3167 794 3393 861; x_wconf 88' lang='lat' dir='ltr'><strong>scriptor</strong></span> <span class='ocrx_word' id='word_1_471' title='bbox 3410 793 3596 851; x_wconf 88' lang='lat' dir='ltr'><strong>docuit.</strong></span> 
     </span>
    </p>
   </div>
   <div class='ocr_carea' id='block_1_67' title="bbox 2108 870 3604 945">
    <p class='ocr_par' dir='ltr' id='par_1_67' title="bbox 2108 870 3604 945">
     <span class='ocr_line' id='line_1_67' title="bbox 2108 870 3604 945; baseline 0.004 -22"><span class='ocrx_word' id='word_1_472' title='bbox 2108 870 2202 925; x_wconf 89' lang='lat' dir='ltr'><strong>Die</strong></span> <span class='ocrx_word' id='word_1_473' title='bbox 2226 873 2449 941; x_wconf 89' lang='lat' dir='ltr'><strong>septima</strong></span> <span class='ocrx_word' id='word_1_474' title='bbox 2478 874 2745 928; x_wconf 80' lang='lat' dir='ltr'><strong>Februarii</strong></span> <span class='ocrx_word' id='word_1_475' title='bbox 2774 874 2895 928; x_wconf 84' lang='lat' dir='ltr'><strong>anni</strong></span> <span class='ocrx_word' id='word_1_476' title='bbox 2926 875 3021 929; x_wconf 70' lang='grc'>401</span> <span class='ocrx_word' id='word_1_477' title='bbox 3061 874 3359 945; x_wconf 85' lang='lat' dir='ltr'><strong>(Bollandus</strong></span> <span class='ocrx_word' id='word_1_478' title='bbox 3383 877 3452 931; x_wconf 74' lang='grc'><strong>26</strong></span> <span class='ocrx_word' id='word_1_479' title='bbox 3482 876 3604 930; x_wconf 82' lang='lat' dir='ltr'><strong>Feb.</strong></span> 
     </span>
    </p>
   </div>
   <div class='ocr_carea' id='block_1_68' title="bbox 2036 962 3607 1039">
    <p class='ocr_par' dir='ltr' id='par_1_68' title="bbox 2036 962 3607 1039">
     <span class='ocr_line' id='line_1_68' title="bbox 2036 962 3607 1039; baseline 0.005 -25"><span class='ocrx_word' id='word_1_480' title='bbox 2036 977 2168 1015; x_wconf 83' lang='lat' dir='ltr'><strong>anno</strong></span> <span class='ocrx_word' id='word_1_481' title='bbox 2195 962 2320 1019; x_wconf 75' lang='grc'>401.</span> <span class='ocrx_word' id='word_1_482' title='bbox 2354 981 2406 1033; x_wconf 89' lang='lat' dir='ltr'><strong>p.</strong></span> <span class='ocrx_word' id='word_1_483' title='bbox 2436 965 2558 1019; x_wconf 85' lang='grc'><strong>651.</strong></span> <span class='ocrx_word' id='word_1_484' title='bbox 2586 965 2636 1020; x_wconf 84' lang='lat' dir='ltr'><strong>b.</strong></span> <span class='ocrx_word' id='word_1_485' title='bbox 2662 966 2737 1035; x_wconf 78' lang='grc' dir='ltr'><strong>ο.)</strong></span> <span class='ocrx_word' id='word_1_486' title='bbox 2762 965 2819 1021; x_wconf 90' lang='lat' dir='ltr'><strong>S.</strong></span> <span class='ocrx_word' id='word_1_487' title='bbox 2846 966 3191 1038; x_wconf 88' lang='lat' dir='ltr'><strong>Porphyrius,</strong></span> <span class='ocrx_word' id='word_1_488' title='bbox 3224 966 3378 1023; x_wconf 75' lang='lat' dir='ltr'><strong>Gaza:</strong></span> <span class='ocrx_word' id='word_1_489' title='bbox 3404 970 3607 1039; x_wconf 87' lang='lat' dir='ltr'><strong>episco-</strong></span> 
     </span>
    </p>
   </div>
   <div class='ocr_carea' id='block_1_69' title="bbox 2035 1051 3604 1125">
    <p class='ocr_par' dir='ltr' id='par_1_69' title="bbox 2035 1051 3604 1125">
     <span class='ocr_line' id='line_1_69' title="bbox 2035 1051 3604 1125; baseline 0.006 -19"><span class='ocrx_word' id='word_1_490' title='bbox 2035 1068 2154 1124; x_wconf 87' lang='lat' dir='ltr'><strong>pus,</strong></span> <span class='ocrx_word' id='word_1_491' title='bbox 2183 1051 2671 1125; x_wconf 84' lang='lat' dir='ltr'><strong>Constantinopolin</strong></span> <span class='ocrx_word' id='word_1_492' title='bbox 2698 1058 2842 1113; x_wconf 88' lang='lat' dir='ltr'><strong>venit</strong></span> <span class='ocrx_word' id='word_1_493' title='bbox 2866 1097 2882 1123; x_wconf 92' lang='lat'><strong>,</strong></span> <span class='ocrx_word' id='word_1_494' title='bbox 2910 1073 3030 1112; x_wconf 93' lang='lat' dir='ltr'><strong>cum</strong></span> <span class='ocrx_word' id='word_1_495' title='bbox 3058 1057 3262 1113; x_wconf 88' lang='lat' dir='ltr'><strong>Joanne</strong></span> <span class='ocrx_word' id='word_1_496' title='bbox 3288 1059 3604 1115; x_wconf 70' lang='lat' dir='ltr'><strong>Ctesariensi</strong></span> 
     </span>
    </p>
   </div>
   <div class='ocr_carea' id='block_1_70' title="bbox 2034 1144 3607 1219">
    <p class='ocr_par' dir='ltr' id='par_1_70' title="bbox 2034 1144 3607 1219">
     <span class='ocr_line' id='line_1_70' title="bbox 2034 1144 3607 1219; baseline 0.004 -21"><span class='ocrx_word' id='word_1_497' title='bbox 2034 1144 2282 1214; x_wconf 88' lang='lat' dir='ltr'><strong>episc0po</strong></span> <span class='ocrx_word' id='word_1_498' title='bbox 2327 1146 2727 1216; x_wconf 89' lang='lat' dir='ltr'><strong>Metropolitano</strong></span> <span class='ocrx_word' id='word_1_499' title='bbox 2754 1162 2850 1202; x_wconf 92' lang='lat' dir='ltr'><strong>suo</strong></span> <span class='ocrx_word' id='word_1_500' title='bbox 2870 1188 2884 1211; x_wconf 86' lang='lat'><strong>,</strong></span> <span class='ocrx_word' id='word_1_501' title='bbox 2930 1147 2997 1203; x_wconf 90' lang='lat' dir='ltr'><strong>ab</strong></span> <span class='ocrx_word' id='word_1_502' title='bbox 3033 1148 3258 1203; x_wconf 88' lang='lat' dir='ltr'><strong>Arcadio</strong></span> <span class='ocrx_word' id='word_1_503' title='bbox 3282 1149 3607 1219; x_wconf 86' lang='lat' dir='ltr'><strong>lmperatore</strong></span> 
     </span>
    </p>
   </div>
   <div class='ocr_carea' id='block_1_71' title="bbox 2034 1238 3601 1310">
    <p class='ocr_par' dir='ltr' id='par_1_71' title="bbox 2034 1238 3601 1310">
     <span class='ocr_line' id='line_1_71' title="bbox 2034 1238 3601 1310; baseline 0.003 -19"><span class='ocrx_word' id='word_1_504' title='bbox 2034 1238 2292 1306; x_wconf 91' lang='lat' dir='ltr'><strong>petiturus</strong></span> <span class='ocrx_word' id='word_1_505' title='bbox 2320 1247 2377 1293; x_wconf 88' lang='lat' dir='ltr'><strong>ut</strong></span> <span class='ocrx_word' id='word_1_506' title='bbox 2403 1238 2661 1294; x_wconf 86' lang='lat' dir='ltr'><strong>idolorum</strong></span> <span class='ocrx_word' id='word_1_507' title='bbox 2693 1240 2883 1309; x_wconf 88' lang='lat' dir='ltr'><strong>templa</strong></span> <span class='ocrx_word' id='word_1_508' title='bbox 2902 1281 2917 1306; x_wconf 94' lang='lat'><strong>,</strong></span> <span class='ocrx_word' id='word_1_509' title='bbox 2945 1255 3062 1310; x_wconf 85' lang='lat' dir='ltr'><strong>quae</strong></span> <span class='ocrx_word' id='word_1_510' title='bbox 3091 1239 3246 1295; x_wconf 68' lang='lat' dir='ltr'><strong>Gazae</strong></span> <span class='ocrx_word' id='word_1_511' title='bbox 3272 1250 3464 1306; x_wconf 89' lang='lat' dir='ltr'><strong>erant,</strong></span> <span class='ocrx_word' id='word_1_512' title='bbox 3497 1255 3601 1295; x_wconf 90' lang='lat' dir='ltr'><strong>non</strong></span> 
     </span>
    </p>
   </div>
   <div class='ocr_carea' id='block_1_72' title="bbox 2028 1328 3606 1398">
    <p class='ocr_par' dir='ltr' id='par_1_72' title="bbox 2028 1328 3606 1398">
     <span class='ocr_line' id='line_1_72' title="bbox 2028 1328 3606 1398; baseline 0.002 -16"><span class='ocrx_word' id='word_1_513' title='bbox 2028 1329 2136 1398; x_wconf 91' lang='lat' dir='ltr'><strong>jam</strong></span> <span class='ocrx_word' id='word_1_514' title='bbox 2164 1328 2533 1385; x_wconf 91' lang='lat' dir='ltr'><strong>clauderentur</strong></span> <span class='ocrx_word' id='word_1_515' title='bbox 2554 1371 2569 1393; x_wconf 93' lang='lat'><strong>,</strong></span> <span class='ocrx_word' id='word_1_516' title='bbox 2596 1330 2689 1384; x_wconf 91' lang='lat' dir='ltr'><strong>sed</strong></span> <span class='ocrx_word' id='word_1_517' title='bbox 2718 1329 2952 1384; x_wconf 90' lang='lat' dir='ltr'><strong>funditus</strong></span> <span class='ocrx_word' id='word_1_518' title='bbox 2979 1338 3361 1385; x_wconf 87' lang='lat' dir='ltr'><strong>everterentur.</strong></span> <span class='ocrx_word' id='word_1_519' title='bbox 3414 1329 3606 1385; x_wconf 84' lang='lat' dir='ltr'><strong>Rhodo</strong></span> 
     </span>
    </p>
   </div>
   <div class='ocr_carea' id='block_1_73' title="bbox 2032 1420 3603 1489">
    <p class='ocr_par' dir='ltr' id='par_1_73' title="bbox 2032 1420 3603 1489">
     <span class='ocr_line' id='line_1_73' title="bbox 2032 1420 3603 1489; baseline 0.001 -18"><span class='ocrx_word' id='word_1_520' title='bbox 2032 1428 2205 1473; x_wconf 90' lang='lat' dir='ltr'><strong>autem</strong></span> <span class='ocrx_word' id='word_1_521' title='bbox 2237 1427 2604 1487; x_wconf 90' lang='lat' dir='ltr'><strong>transeuntes,</strong></span> <span class='ocrx_word' id='word_1_522' title='bbox 2648 1420 3017 1475; x_wconf 88' lang='lat' dir='ltr'><strong>anachoretam</strong></span> <span class='ocrx_word' id='word_1_523' title='bbox 3044 1420 3323 1489; x_wconf 90' lang='lat' dir='ltr'><strong>quemdam</strong></span> <span class='ocrx_word' id='word_1_524' title='bbox 3363 1430 3603 1475; x_wconf 89' lang='lat' dir='ltr'><strong>sanctum</strong></span> 
     </span>
    </p>
   </div>
   <div class='ocr_carea' id='block_1_74' title="bbox 2032 1510 3607 1581">
    <p class='ocr_par' dir='ltr' id='par_1_74' title="bbox 2032 1510 3607 1581">
     <span class='ocr_line' id='line_1_74' title="bbox 2032 1510 3607 1581; baseline 0.004 -20"><span class='ocrx_word' id='word_1_525' title='bbox 2032 1510 2230 1572; x_wconf 91' lang='lat' dir='ltr'><strong>virum,</strong></span> <span class='ocrx_word' id='word_1_526' title='bbox 2264 1510 2577 1581; x_wconf 86' lang='lat' dir='ltr'><strong>Proc0piutn</strong></span> <span class='ocrx_word' id='word_1_527' title='bbox 2608 1512 2856 1576; x_wconf 90' lang='lat' dir='ltr'><strong>nomine,</strong></span> <span class='ocrx_word' id='word_1_528' title='bbox 2897 1511 3175 1577; x_wconf 87' lang='lat' dir='ltr'><strong>adierant,</strong></span> <span class='ocrx_word' id='word_1_529' title='bbox 3202 1511 3293 1581; x_wconf 90' lang='lat' dir='ltr'><strong>qui</strong></span> <span class='ocrx_word' id='word_1_530' title='bbox 3328 1523 3607 1568; x_wconf 90' lang='lat' dir='ltr'><strong>monuerat</strong></span> 
     </span>
    </p>
   </div>
   <div class='ocr_carea' id='block_1_75' title="bbox 2032 1601 3604 1675">
    <p class='ocr_par' dir='ltr' id='par_1_75' title="bbox 2032 1601 3604 1675">
     <span class='ocr_line' id='line_1_75' title="bbox 2032 1601 3604 1675; baseline 0.004 -22"><span class='ocrx_word' id='word_1_531' title='bbox 2032 1610 2087 1653; x_wconf 91' lang='lat' dir='ltr'><strong>ut</strong></span> <span class='ocrx_word' id='word_1_532' title='bbox 2111 1601 2499 1656; x_wconf 91' lang='lat' dir='ltr'><strong>sanctissimum</strong></span> <span class='ocrx_word' id='word_1_533' title='bbox 2532 1603 2840 1672; x_wconf 90' lang='lat' dir='ltr'><strong>episcopum</strong></span> <span class='ocrx_word' id='word_1_534' title='bbox 2864 1602 3120 1658; x_wconf 89' lang='lat' dir='ltr'><strong>Joannem</strong></span> <span class='ocrx_word' id='word_1_535' title='bbox 3151 1602 3443 1659; x_wconf 88' lang='lat' dir='ltr'><strong>invisereut</strong></span> <span class='ocrx_word' id='word_1_536' title='bbox 3467 1643 3483 1670; x_wconf 98' lang='lat'><strong>,</strong></span> <span class='ocrx_word' id='word_1_537' title='bbox 3513 1606 3604 1675; x_wconf 91' lang='lat' dir='ltr'><strong>qui</strong></span> 
     </span>
    </p>
   </div>
   <div class='ocr_carea' id='block_1_76' title="bbox 2031 1691 3603 1764">
    <p class='ocr_par' dir='ltr' id='par_1_76' title="bbox 2031 1691 3603 1764">
     <span class='ocr_line' id='line_1_76' title="bbox 2031 1691 3603 1764; baseline 0.005 -21"><span class='ocrx_word' id='word_1_538' title='bbox 2031 1691 2158 1760; x_wconf 91' lang='lat' dir='ltr'><strong>ipsis</strong></span> <span class='ocrx_word' id='word_1_539' title='bbox 2194 1691 2245 1745; x_wconf 89' lang='lat' dir='ltr'><strong>id</strong></span> <span class='ocrx_word' id='word_1_540' title='bbox 2290 1693 2497 1748; x_wconf 91' lang='lat' dir='ltr'><strong>consilii</strong></span> <span class='ocrx_word' id='word_1_541' title='bbox 2534 1693 2752 1749; x_wconf 91' lang='lat' dir='ltr'><strong>daturus</strong></span> <span class='ocrx_word' id='word_1_542' title='bbox 2794 1704 2942 1761; x_wconf 89' lang='lat' dir='ltr'><strong>erat,</strong></span> <span class='ocrx_word' id='word_1_543' title='bbox 2983 1692 3122 1764; x_wconf 92' lang='lat' dir='ltr'><strong>quod</strong></span> <span class='ocrx_word' id='word_1_544' title='bbox 3149 1709 3177 1747; x_wconf 92' lang='lat' dir='ltr'><strong>a</strong></span> <span class='ocrx_word' id='word_1_545' title='bbox 3210 1694 3317 1749; x_wconf 91' lang='lat' dir='ltr'><strong>Deo</strong></span> <span class='ocrx_word' id='word_1_546' title='bbox 3343 1695 3459 1764; x_wconf 92' lang='lat' dir='ltr'><strong>ipso</strong></span> <span class='ocrx_word' id='word_1_547' title='bbox 3486 1696 3603 1751; x_wconf 89' lang='lat' dir='ltr'><strong>edi-</strong></span> 
     </span>
    </p>
   </div>
   <div class='ocr_carea' id='block_1_77' title="bbox 2030 1778 3604 1854">
    <p class='ocr_par' dir='ltr' id='par_1_77' title="bbox 2030 1778 3604 1854">
     <span class='ocr_line' id='line_1_77' title="bbox 2030 1778 3604 1854; baseline 0.004 -22"><span class='ocrx_word' id='word_1_548' title='bbox 2030 1778 2266 1836; x_wconf 89' lang='lat' dir='ltr'><strong>dicisset.</strong></span> <span class='ocrx_word' id='word_1_549' title='bbox 2316 1780 2449 1836; x_wconf 92' lang='lat' dir='ltr'><strong>Cum</strong></span> <span class='ocrx_word' id='word_1_550' title='bbox 2495 1782 2547 1836; x_wconf 92' lang='lat' dir='ltr'><strong>in</strong></span> <span class='ocrx_word' id='word_1_551' title='bbox 2593 1782 2777 1837; x_wconf 90' lang='lat' dir='ltr'><strong>urbem</strong></span> <span class='ocrx_word' id='word_1_552' title='bbox 2826 1782 2900 1836; x_wconf 89' lang='lat' dir='ltr'><strong>illi</strong></span> <span class='ocrx_word' id='word_1_553' title='bbox 2942 1781 3316 1845; x_wconf 87' lang='lat' dir='ltr'><strong>advenissent,</strong></span> <span class='ocrx_word' id='word_1_554' title='bbox 3350 1784 3604 1854; x_wconf 89' lang='lat' dir='ltr'><strong>postridie</strong></span> 
     </span>
    </p>
   </div>
   <div class='ocr_carea' id='block_1_78' title="bbox 2029 1870 3603 1946">
    <p class='ocr_par' dir='ltr' id='par_1_78' title="bbox 2029 1870 3603 1946">
     <span class='ocr_line' id='line_1_78' title="bbox 2029 1870 3603 1946; baseline 0.004 -21"><span class='ocrx_word' id='word_1_555' title='bbox 2029 1870 2284 1927; x_wconf 83' lang='lat' dir='ltr'><strong>Joannem</strong></span> <span class='ocrx_word' id='word_1_556' title='bbox 2336 1874 2617 1928; x_wconf 89' lang='lat' dir='ltr'><strong>salutatum</strong></span> <span class='ocrx_word' id='word_1_557' title='bbox 2671 1881 2949 1928; x_wconf 90' lang='lat' dir='ltr'><strong>venerunt.</strong></span> <span class='ocrx_word' id='word_1_558' title='bbox 3003 1873 3236 1929; x_wconf 88' lang='lat' dir='ltr'><strong>Joannes</strong></span> <span class='ocrx_word' id='word_1_559' title='bbox 3284 1890 3414 1929; x_wconf 86' lang='lat' dir='ltr'><strong>vero</strong></span> <span class='ocrx_word' id='word_1_560' title='bbox 3459 1876 3603 1946; x_wconf 88' lang='lat' dir='ltr'><strong>ipsos</strong></span> 
     </span>
    </p>
   </div>
   <div class='ocr_carea' id='block_1_79' title="bbox 2031 1963 3600 2037">
    <p class='ocr_par' dir='ltr' id='par_1_79' title="bbox 2031 1963 3600 2037">
     <span class='ocr_line' id='line_1_79' title="bbox 2031 1963 3600 2037; baseline 0.004 -21"><span class='ocrx_word' id='word_1_561' title='bbox 2031 1963 2322 2019; x_wconf 88' lang='lat' dir='ltr'><strong>honoriﬁce</strong></span> <span class='ocrx_word' id='word_1_562' title='bbox 2364 1965 2651 2020; x_wconf 89' lang='lat' dir='ltr'><strong>admodum</strong></span> <span class='ocrx_word' id='word_1_563' title='bbox 2688 1967 2913 2034; x_wconf 81' lang='lat' dir='ltr'><strong>excepit.</strong></span> <span class='ocrx_word' id='word_1_564' title='bbox 2945 1963 3183 2036; x_wconf 89' lang='lat' dir='ltr'><strong>Cumque</strong></span> <span class='ocrx_word' id='word_1_565' title='bbox 3209 1967 3335 2020; x_wconf 91' lang='lat' dir='ltr'><strong>tanti</strong></span> <span class='ocrx_word' id='word_1_566' title='bbox 3367 1968 3600 2037; x_wconf 89' lang='lat' dir='ltr'><strong>suscepti</strong></span> 
     </span>
    </p>
   </div>
   <div class='ocr_carea' id='block_1_80' title="bbox 2029 2055 3598 2126">
    <p class='ocr_par' dir='ltr' id='par_1_80' title="bbox 2029 2055 3598 2126">
     <span class='ocr_line' id='line_1_80' title="bbox 2029 2055 3598 2126; baseline 0.001 -18"><span class='ocrx_word' id='word_1_567' title='bbox 2029 2055 2234 2109; x_wconf 91' lang='lat' dir='ltr'><strong>itineris</strong></span> <span class='ocrx_word' id='word_1_568' title='bbox 2262 2070 2474 2110; x_wconf 89' lang='lat' dir='ltr'><strong>causam</strong></span> <span class='ocrx_word' id='word_1_569' title='bbox 2514 2055 2612 2125; x_wconf 91' lang='lat' dir='ltr'><strong>ipsi</strong></span> <span class='ocrx_word' id='word_1_570' title='bbox 2648 2056 3014 2126; x_wconf 89' lang='lat' dir='ltr'><strong>aperuissent;</strong></span> <span class='ocrx_word' id='word_1_571' title='bbox 3072 2055 3312 2110; x_wconf 90' lang='lat' dir='ltr'><strong>hortatus</strong></span> <span class='ocrx_word' id='word_1_572' title='bbox 3340 2056 3427 2111; x_wconf 88' lang='lat' dir='ltr'><strong>ille</strong></span> <span class='ocrx_word' id='word_1_573' title='bbox 3455 2056 3598 2110; x_wconf 87' lang='lat' dir='ltr'><strong>viros</strong></span> 
     </span>
    </p>
   </div>
   <div class='ocr_carea' id='block_1_81' title="bbox 2029 2144 3599 2216">
    <p class='ocr_par' dir='ltr' id='par_1_81' title="bbox 2029 2144 3599 2216">
     <span class='ocr_line' id='line_1_81' title="bbox 2029 2144 3599 2216; baseline 0 -17"><span class='ocrx_word' id='word_1_574' title='bbox 2029 2153 2130 2211; x_wconf 89' lang='lat' dir='ltr'><strong>est,</strong></span> <span class='ocrx_word' id='word_1_575' title='bbox 2168 2155 2224 2199; x_wconf 90' lang='lat' dir='ltr'><strong>ut</strong></span> <span class='ocrx_word' id='word_1_576' title='bbox 2251 2145 2458 2201; x_wconf 82' lang='lat' dir='ltr'><strong>felicem</strong></span> <span class='ocrx_word' id='word_1_577' title='bbox 2486 2146 2685 2201; x_wconf 91' lang='lat' dir='ltr'><strong>exitum</strong></span> <span class='ocrx_word' id='word_1_578' title='bbox 2709 2161 2738 2200; x_wconf 91' lang='lat' dir='ltr'><strong>a</strong></span> <span class='ocrx_word' id='word_1_579' title='bbox 2767 2146 2876 2201; x_wconf 91' lang='lat' dir='ltr'><strong>Deo</strong></span> <span class='ocrx_word' id='word_1_580' title='bbox 2902 2153 3199 2215; x_wconf 88' lang='lat' dir='ltr'><strong>sperarent.</strong></span> <span class='ocrx_word' id='word_1_581' title='bbox 3247 2144 3362 2200; x_wconf 85' lang='lat' dir='ltr'><strong>Non</strong></span> <span class='ocrx_word' id='word_1_582' title='bbox 3393 2156 3599 2216; x_wconf 88' lang='lat' dir='ltr'><strong>poterat</strong></span> 
     </span>
    </p>
   </div>
   <div class='ocr_carea' id='block_1_82' title="bbox 2029 2235 3598 2307">
    <p class='ocr_par' dir='ltr' id='par_1_82' title="bbox 2029 2235 3598 2307">
     <span class='ocr_line' id='line_1_82' title="bbox 2029 2235 3598 2307; baseline 0.003 -18"><span class='ocrx_word' id='word_1_583' title='bbox 2029 2236 2116 2290; x_wconf 91' lang='lat' dir='ltr'><strong>ille</strong></span> <span class='ocrx_word' id='word_1_584' title='bbox 2168 2236 2543 2306; x_wconf 90' lang='lat' dir='ltr'><strong>Imperatorem</strong></span> <span class='ocrx_word' id='word_1_585' title='bbox 2590 2237 2775 2303; x_wconf 88' lang='lat' dir='ltr'><strong>adire,</strong></span> <span class='ocrx_word' id='word_1_586' title='bbox 2816 2238 3066 2307; x_wconf 89' lang='lat' dir='ltr'><strong>quoniam</strong></span> <span class='ocrx_word' id='word_1_587' title='bbox 3115 2235 3385 2304; x_wconf 83' lang='lat' dir='ltr'><strong>Eudoxia,</strong></span> <span class='ocrx_word' id='word_1_588' title='bbox 3431 2253 3493 2292; x_wconf 90' lang='lat' dir='ltr'><strong>ea</strong></span> <span class='ocrx_word' id='word_1_589' title='bbox 3532 2237 3598 2293; x_wconf 88' lang='lat' dir='ltr'><strong>de</strong></span> 
     </span>
    </p>
   </div>
   <div class='ocr_carea' id='block_1_83' title="bbox 2026 2328 3597 2398">
    <p class='ocr_par' dir='ltr' id='par_1_83' title="bbox 2026 2328 3597 2398">
     <span class='ocr_line' id='line_1_83' title="bbox 2026 2328 3597 2398; baseline 0.002 -16"><span class='ocrx_word' id='word_1_590' title='bbox 2026 2342 2181 2383; x_wconf 89' lang='lat' dir='ltr'><strong>causa</strong></span> <span class='ocrx_word' id='word_1_591' title='bbox 2203 2369 2219 2395; x_wconf 94' lang='lat'><strong>,</strong></span> <span class='ocrx_word' id='word_1_592' title='bbox 2250 2344 2403 2398; x_wconf 90' lang='lat' dir='ltr'><strong>quam</strong></span> <span class='ocrx_word' id='word_1_593' title='bbox 2426 2329 2616 2384; x_wconf 91' lang='lat' dir='ltr'><strong>dicturi</strong></span> <span class='ocrx_word' id='word_1_594' title='bbox 2645 2345 2850 2396; x_wconf 88' lang='lat' dir='ltr'><strong>sumus,</strong></span> <span class='ocrx_word' id='word_1_595' title='bbox 2881 2329 3072 2386; x_wconf 91' lang='lat' dir='ltr'><strong>Joanni</strong></span> <span class='ocrx_word' id='word_1_596' title='bbox 3096 2331 3233 2386; x_wconf 90' lang='lat' dir='ltr'><strong>male</strong></span> <span class='ocrx_word' id='word_1_597' title='bbox 3255 2330 3462 2397; x_wconf 89' lang='lat' dir='ltr'><strong>affecta,</strong></span> <span class='ocrx_word' id='word_1_598' title='bbox 3490 2328 3597 2385; x_wconf 75' lang='lat' dir='ltr'><strong>lm~</strong></span> 
     </span>
    </p>
   </div>
   <div class='ocr_carea' id='block_1_84' title="bbox 2026 2421 3594 2493">
    <p class='ocr_par' dir='ltr' id='par_1_84' title="bbox 2026 2421 3594 2493">
     <span class='ocr_line' id='line_1_84' title="bbox 2026 2421 3594 2493; baseline -0.001 -18"><span class='ocrx_word' id='word_1_599' title='bbox 2026 2421 2284 2491; x_wconf 83' lang='lat' dir='ltr'><strong>peratoris</strong></span> <span class='ocrx_word' id='word_1_600' title='bbox 2328 2421 2562 2476; x_wconf 90' lang='lat' dir='ltr'><strong>animum</strong></span> <span class='ocrx_word' id='word_1_601' title='bbox 2612 2422 2867 2477; x_wconf 90' lang='lat' dir='ltr'><strong>adversus</strong></span> <span class='ocrx_word' id='word_1_602' title='bbox 2913 2423 3059 2477; x_wconf 93' lang='lat' dir='ltr'><strong>illum</strong></span> <span class='ocrx_word' id='word_1_603' title='bbox 3098 2431 3594 2493; x_wconf 58' lang='lat' dir='ltr'><strong>praeoccupaverat:</strong></span> 
     </span>
    </p>
   </div>
   <div class='ocr_carea' id='block_1_85' title="bbox 2025 2513 3598 2586">
    <p class='ocr_par' dir='ltr' id='par_1_85' title="bbox 2025 2513 3598 2586">
     <span class='ocr_line' id='line_1_85' title="bbox 2025 2513 3598 2586; baseline 0 -17"><span class='ocrx_word' id='word_1_604' title='bbox 2025 2514 2118 2569; x_wconf 88' lang='lat' dir='ltr'><strong>sed</strong></span> <span class='ocrx_word' id='word_1_605' title='bbox 2143 2514 2209 2569; x_wconf 90' lang='lat' dir='ltr'><strong>ad</strong></span> <span class='ocrx_word' id='word_1_606' title='bbox 2243 2515 2573 2580; x_wconf 86' lang='lat' dir='ltr'><strong>Amantium,</strong></span> <span class='ocrx_word' id='word_1_607' title='bbox 2606 2513 2943 2586; x_wconf 86' lang='lat' dir='ltr'><strong>Imperatoris</strong></span> <span class='ocrx_word' id='word_1_608' title='bbox 2978 2515 3376 2571; x_wconf 90' lang='lat' dir='ltr'><strong>Cambellanum</strong></span> <span class='ocrx_word' id='word_1_609' title='bbox 3396 2554 3412 2581; x_wconf 91' lang='lat'><strong>,</strong></span> <span class='ocrx_word' id='word_1_610' title='bbox 3452 2513 3598 2586; x_wconf 80' lang='lat' dir='ltr'><strong>ipsos</strong></span> 
     </span>
    </p>
   </div>
   <div class='ocr_carea' id='block_1_86' title="bbox 2026 2605 3598 2676">
    <p class='ocr_par' dir='ltr' id='par_1_86' title="bbox 2026 2605 3598 2676">
     <span class='ocr_line' id='line_1_86' title="bbox 2026 2605 3598 2676; baseline 0 -15"><span class='ocrx_word' id='word_1_611' title='bbox 2026 2605 2256 2671; x_wconf 90' lang='lat' dir='ltr'><strong>direxit,</strong></span> <span class='ocrx_word' id='word_1_612' title='bbox 2288 2606 2553 2661; x_wconf 88' lang='lat' dir='ltr'><strong>hominem</strong></span> <span class='ocrx_word' id='word_1_613' title='bbox 2578 2622 2703 2661; x_wconf 91' lang='lat' dir='ltr'><strong>vere</strong></span> <span class='ocrx_word' id='word_1_614' title='bbox 2732 2606 3086 2662; x_wconf 82' lang='lat' dir='ltr'><strong>ChriStianum</strong></span> <span class='ocrx_word' id='word_1_615' title='bbox 3119 2626 3132 2662; x_wconf 92' lang='lat'>:</span> <span class='ocrx_word' id='word_1_616' title='bbox 3164 2607 3289 2676; x_wconf 86' lang='lat' dir='ltr'><strong>qui,</strong></span> <span class='ocrx_word' id='word_1_617' title='bbox 3333 2606 3463 2662; x_wconf 91' lang='lat' dir='ltr'><strong>nihil</strong></span> <span class='ocrx_word' id='word_1_618' title='bbox 3501 2606 3598 2661; x_wconf 88' lang='lat' dir='ltr'><strong>ob-</strong></span> 
     </span>
    </p>
   </div>
   <div class='ocr_carea' id='block_1_87' title="bbox 2024 2698 3595 2771">
    <p class='ocr_par' dir='ltr' id='par_1_87' title="bbox 2024 2698 3595 2771">
     <span class='ocr_line' id='line_1_87' title="bbox 2024 2698 3595 2771; baseline -0.001 -18"><span class='ocrx_word' id='word_1_619' title='bbox 2024 2707 2198 2754; x_wconf 87' lang='lat' dir='ltr'><strong>stante</strong></span> <span class='ocrx_word' id='word_1_620' title='bbox 2223 2698 2525 2753; x_wconf 82' lang='lat' dir='ltr'><strong>exulcerato</strong></span> <span class='ocrx_word' id='word_1_621' title='bbox 2541 2699 2787 2768; x_wconf 71' lang='lat' dir='ltr'><strong>Augusta:</strong></span> <span class='ocrx_word' id='word_1_622' title='bbox 2801 2713 2923 2769; x_wconf 88' lang='lat' dir='ltr'><strong>erga</strong></span> <span class='ocrx_word' id='word_1_623' title='bbox 2939 2698 3375 2771; x_wconf 83' lang='lat' dir='ltr'><strong>Chrysostumum</strong></span> <span class='ocrx_word' id='word_1_624' title='bbox 3392 2698 3595 2763; x_wconf 88' lang='lat' dir='ltr'><strong>animo,</strong></span> 
     </span>
    </p>
   </div>
   <div class='ocr_carea' id='block_1_88' title="bbox 2025 2788 3596 2860">
    <p class='ocr_par' dir='ltr' id='par_1_88' title="bbox 2025 2788 3596 2860">
     <span class='ocr_line' id='line_1_88' title="bbox 2025 2788 3596 2860; baseline 0.001 -17"><span class='ocrx_word' id='word_1_625' title='bbox 2025 2788 2267 2844; x_wconf 89' lang='lat' dir='ltr'><strong>addictus</strong></span> <span class='ocrx_word' id='word_1_626' title='bbox 2311 2790 2409 2860; x_wconf 92' lang='lat' dir='ltr'><strong>ipsi</strong></span> <span class='ocrx_word' id='word_1_627' title='bbox 2454 2804 2666 2859; x_wconf 91' lang='lat' dir='ltr'><strong>semper</strong></span> <span class='ocrx_word' id='word_1_628' title='bbox 2695 2800 2833 2845; x_wconf 90' lang='lat' dir='ltr'><strong>erat.</strong></span> <span class='ocrx_word' id='word_1_629' title='bbox 2894 2791 3196 2845; x_wconf 90' lang='lat' dir='ltr'><strong>Amantium</strong></span> <span class='ocrx_word' id='word_1_630' title='bbox 3226 2789 3458 2845; x_wconf 89' lang='lat' dir='ltr'><strong>Joannes</strong></span> <span class='ocrx_word' id='word_1_631' title='bbox 3496 2803 3596 2860; x_wconf 82' lang='lat' dir='ltr'><strong>po-</strong></span> 
     </span>
    </p>
   </div>
   <div class='ocr_carea' id='block_1_89' title="bbox 2024 2879 3596 2950">
    <p class='ocr_par' dir='ltr' id='par_1_89' title="bbox 2024 2879 3596 2950">
     <span class='ocr_line' id='line_1_89' title="bbox 2024 2879 3596 2950; baseline -0.003 -13"><span class='ocrx_word' id='word_1_632' title='bbox 2024 2882 2208 2937; x_wconf 87' lang='lat' dir='ltr'><strong>stridie</strong></span> <span class='ocrx_word' id='word_1_633' title='bbox 2230 2881 2294 2935; x_wconf 91' lang='lat' dir='ltr'><strong>ad</strong></span> <span class='ocrx_word' id='word_1_634' title='bbox 2324 2896 2383 2936; x_wconf 93' lang='lat' dir='ltr'><strong>se</strong></span> <span class='ocrx_word' id='word_1_635' title='bbox 2404 2882 2629 2935; x_wconf 88' lang='lat' dir='ltr'><strong>vocavit.</strong></span> <span class='ocrx_word' id='word_1_636' title='bbox 2661 2881 2726 2935; x_wconf 89' lang='lat' dir='ltr'><strong>Et</strong></span> <span class='ocrx_word' id='word_1_637' title='bbox 2752 2898 2870 2935; x_wconf 89' lang='lat' dir='ltr'><strong>cum</strong></span> <span class='ocrx_word' id='word_1_638' title='bbox 2901 2881 3135 2950; x_wconf 78' lang='lat' dir='ltr'><strong>episcopi</strong></span> <span class='ocrx_word' id='word_1_639' title='bbox 3161 2880 3317 2934; x_wconf 91' lang='lat' dir='ltr'><strong>ambo</strong></span> <span class='ocrx_word' id='word_1_640' title='bbox 3343 2880 3394 2935; x_wconf 92' lang='lat' dir='ltr'><strong>in</strong></span> <span class='ocrx_word' id='word_1_641' title='bbox 3423 2879 3596 2950; x_wconf 79' lang='lat' dir='ltr'><strong>Cbry-</strong></span> 
     </span>
    </p>
   </div>
   <div class='ocr_carea' id='block_1_90' title="bbox 2025 2970 3597 3039">
    <p class='ocr_par' dir='ltr' id='par_1_90' title="bbox 2025 2970 3597 3039">
     <span class='ocr_line' id='line_1_90' title="bbox 2025 2970 3597 3039; baseline -0.001 -13"><span class='ocrx_word' id='word_1_642' title='bbox 2025 2973 2245 3027; x_wconf 88' lang='lat' dir='ltr'><strong>sostomi</strong></span> <span class='ocrx_word' id='word_1_643' title='bbox 2273 2971 2415 3026; x_wconf 72' lang='lat' dir='ltr'><strong>mdes</strong></span> <span class='ocrx_word' id='word_1_644' title='bbox 2444 2971 2743 3037; x_wconf 89' lang='lat' dir='ltr'><strong>venissent,</strong></span> <span class='ocrx_word' id='word_1_645' title='bbox 2772 2972 3075 3026; x_wconf 89' lang='lat' dir='ltr'><strong>Amantium</strong></span> <span class='ocrx_word' id='word_1_646' title='bbox 3115 2971 3477 3035; x_wconf 89' lang='lat' dir='ltr'><strong>invenerunt,</strong></span> <span class='ocrx_word' id='word_1_647' title='bbox 3506 2970 3597 3039; x_wconf 88' lang='lat' dir='ltr'><strong>qui</strong></span> 
     </span>
    </p>
   </div>
   <div class='ocr_carea' id='block_1_91' title="bbox 2026 3060 3598 3133">
    <p class='ocr_par' dir='ltr' id='par_1_91' title="bbox 2026 3060 3598 3133">
     <span class='ocr_line' id='line_1_91' title="bbox 2026 3060 3598 3133; baseline -0.003 -16"><span class='ocrx_word' id='word_1_648' title='bbox 2026 3078 2139 3118; x_wconf 89' lang='lat' dir='ltr'><strong>rem</strong></span> <span class='ocrx_word' id='word_1_649' title='bbox 2164 3104 2177 3127; x_wconf 91' lang='lat'><strong>,</strong></span> <span class='ocrx_word' id='word_1_650' title='bbox 2209 3063 2276 3118; x_wconf 93' lang='lat' dir='ltr'><strong>de</strong></span> <span class='ocrx_word' id='word_1_651' title='bbox 2302 3077 2403 3132; x_wconf 87' lang='lat' dir='ltr'><strong>qua</strong></span> <span class='ocrx_word' id='word_1_652' title='bbox 2431 3072 2554 3116; x_wconf 91' lang='lat' dir='ltr'><strong>tunc</strong></span> <span class='ocrx_word' id='word_1_653' title='bbox 2578 3062 2829 3133; x_wconf 84' lang='lat' dir='ltr'><strong>agebatur</strong></span> <span class='ocrx_word' id='word_1_654' title='bbox 2847 3103 2863 3129; x_wconf 90' lang='lat'><strong>,</strong></span> <span class='ocrx_word' id='word_1_655' title='bbox 2892 3062 2990 3131; x_wconf 91' lang='lat' dir='ltr'><strong>ipsi</strong></span> <span class='ocrx_word' id='word_1_656' title='bbox 3017 3069 3317 3131; x_wconf 90' lang='lat' dir='ltr'><strong>aperuerat,</strong></span> <span class='ocrx_word' id='word_1_657' title='bbox 3340 3060 3598 3130; x_wconf 86' lang='lat' dir='ltr'><strong>idipsum-</strong></span> 
     </span>
    </p>
   </div>
   <div class='ocr_carea' id='block_1_92' title="bbox 2024 3152 3592 3225">
    <p class='ocr_par' dir='ltr' id='par_1_92' title="bbox 2024 3152 3592 3225">
     <span class='ocr_line' id='line_1_92' title="bbox 2024 3152 3592 3225; baseline -0.004 -17"><span class='ocrx_word' id='word_1_658' title='bbox 2024 3170 2127 3225; x_wconf 89' lang='lat' dir='ltr'><strong>que</strong></span> <span class='ocrx_word' id='word_1_659' title='bbox 2177 3154 2409 3224; x_wconf 89' lang='lat' dir='ltr'><strong>episc0pi</strong></span> <span class='ocrx_word' id='word_1_660' title='bbox 2461 3154 2617 3209; x_wconf 91' lang='lat' dir='ltr'><strong>ambo</strong></span> <span class='ocrx_word' id='word_1_661' title='bbox 2667 3153 3066 3209; x_wconf 88' lang='lat' dir='ltr'><strong>confirmarunt.</strong></span> <span class='ocrx_word' id='word_1_662' title='bbox 3128 3152 3422 3222; x_wconf 89' lang='lat' dir='ltr'><strong>Posteaque</strong></span> <span class='ocrx_word' id='word_1_663' title='bbox 3472 3167 3592 3207; x_wconf 90' lang='lat' dir='ltr'><strong>cum</strong></span> 
     </span>
    </p>
   </div>
   <div class='ocr_carea' id='block_1_93' title="bbox 2026 3240 3598 3312">
    <p class='ocr_par' dir='ltr' id='par_1_93' title="bbox 2026 3240 3598 3312">
     <span class='ocr_line' id='line_1_93' title="bbox 2026 3240 3598 3312; baseline -0.002 -13"><span class='ocrx_word' id='word_1_664' title='bbox 2026 3245 2359 3299; x_wconf 89' lang='lat' dir='ltr'><strong>sanctissimo</strong></span> <span class='ocrx_word' id='word_1_665' title='bbox 2384 3245 2617 3299; x_wconf 71' lang='lat' dir='ltr'><strong>Przesule</strong></span> <span class='ocrx_word' id='word_1_666' title='bbox 2642 3244 2709 3298; x_wconf 93' lang='lat' dir='ltr'><strong>de</strong></span> <span class='ocrx_word' id='word_1_667' title='bbox 2738 3243 2930 3299; x_wconf 88' lang='lat' dir='ltr'><strong>divinis</strong></span> <span class='ocrx_word' id='word_1_668' title='bbox 2954 3243 3222 3312; x_wconf 91' lang='lat' dir='ltr'><strong>sacrisque</strong></span> <span class='ocrx_word' id='word_1_669' title='bbox 3253 3243 3413 3298; x_wconf 90' lang='lat' dir='ltr'><strong>rebus</strong></span> <span class='ocrx_word' id='word_1_670' title='bbox 3437 3240 3598 3297; x_wconf 73' lang='lat' dir='ltr'><strong>verba</strong></span> 
     </span>
    </p>
   </div>
   <div class='ocr_carea' id='block_1_94' title="bbox 2025 3334 3597 3405">
    <p class='ocr_par' dir='ltr' id='par_1_94' title="bbox 2025 3334 3597 3405">
     <span class='ocr_line' id='line_1_94' title="bbox 2025 3334 3597 3405; baseline -0.005 -14"><span class='ocrx_word' id='word_1_671' title='bbox 2025 3338 2305 3401; x_wconf 91' lang='lat' dir='ltr'><strong>miscuere,</strong></span> <span class='ocrx_word' id='word_1_672' title='bbox 2333 3346 2386 3391; x_wconf 92' lang='lat' dir='ltr'><strong>et</strong></span> <span class='ocrx_word' id='word_1_673' title='bbox 2411 3346 2686 3405; x_wconf 90' lang='lat' dir='ltr'><strong>postquam</strong></span> <span class='ocrx_word' id='word_1_674' title='bbox 2713 3335 2945 3390; x_wconf 90' lang='lat' dir='ltr'><strong>Joannes</strong></span> <span class='ocrx_word' id='word_1_675' title='bbox 2966 3335 3091 3404; x_wconf 90' lang='lat' dir='ltr'><strong>ipsis</strong></span> <span class='ocrx_word' id='word_1_676' title='bbox 3117 3334 3257 3389; x_wconf 90' lang='lat' dir='ltr'><strong>bona</strong></span> <span class='ocrx_word' id='word_1_677' title='bbox 3281 3341 3597 3404; x_wconf 83' lang='lat' dir='ltr'><strong>apprecatus</strong></span> 
     </span>
    </p>
   </div>
   <div class='ocr_carea' id='block_1_95' title="bbox 2026 3421 3597 3493">
    <p class='ocr_par' dir='ltr' id='par_1_95' title="bbox 2026 3421 3597 3493">
     <span class='ocr_line' id='line_1_95' title="bbox 2026 3421 3597 3493; baseline -0.004 -12"><span class='ocrx_word' id='word_1_678' title='bbox 2026 3426 2231 3492; x_wconf 88' lang='lat' dir='ltr'><strong>fuerat,</strong></span> <span class='ocrx_word' id='word_1_679' title='bbox 2260 3427 2475 3481; x_wconf 93' lang='lat' dir='ltr'><strong>domum</strong></span> <span class='ocrx_word' id='word_1_680' title='bbox 2512 3441 2571 3480; x_wconf 91' lang='lat' dir='ltr'><strong>se</strong></span> <span class='ocrx_word' id='word_1_681' title='bbox 2600 3441 2869 3493; x_wconf 91' lang='lat' dir='ltr'><strong>recepere.</strong></span> <span class='ocrx_word' id='word_1_682' title='bbox 2920 3424 3009 3479; x_wconf 90' lang='lat' dir='ltr'><strong>Sic</strong></span> <span class='ocrx_word' id='word_1_683' title='bbox 3032 3423 3267 3493; x_wconf 89' lang='lat' dir='ltr'><strong>quotidie</strong></span> <span class='ocrx_word' id='word_1_684' title='bbox 3302 3423 3451 3477; x_wconf 93' lang='lat' dir='ltr'><strong>illum</strong></span> <span class='ocrx_word' id='word_1_685' title='bbox 3480 3421 3597 3476; x_wconf 87' lang='lat' dir='ltr'><strong>adi-</strong></span> 
     </span>
    </p>
   </div>
   <div class='ocr_carea' id='block_1_96' title="bbox 2026 3511 3598 3587">
    <p class='ocr_par' dir='ltr' id='par_1_96' title="bbox 2026 3511 3598 3587">
     <span class='ocr_line' id='line_1_96' title="bbox 2026 3511 3598 3587; baseline -0.004 -15"><span class='ocrx_word' id='word_1_686' title='bbox 2026 3517 2172 3583; x_wconf 90' lang='lat' dir='ltr'><strong>bant,</strong></span> <span class='ocrx_word' id='word_1_687' title='bbox 2204 3527 2260 3572; x_wconf 92' lang='lat' dir='ltr'><strong>ut</strong></span> <span class='ocrx_word' id='word_1_688' title='bbox 2284 3518 2397 3587; x_wconf 90' lang='lat' dir='ltr'><strong>ejus</strong></span> <span class='ocrx_word' id='word_1_689' title='bbox 2424 3516 2645 3572; x_wconf 63' lang='lat' dir='ltr'><strong>amoenis</strong></span> <span class='ocrx_word' id='word_1_690' title='bbox 2672 3515 2831 3570; x_wconf 90' lang='lat' dir='ltr'><strong>simul</strong></span> <span class='ocrx_word' id='word_1_691' title='bbox 2854 3525 2905 3568; x_wconf 93' lang='lat' dir='ltr'><strong>et</strong></span> <span class='ocrx_word' id='word_1_692' title='bbox 2928 3515 3124 3570; x_wconf 89' lang='lat' dir='ltr'><strong>sanctis</strong></span> <span class='ocrx_word' id='word_1_693' title='bbox 3139 3512 3420 3583; x_wconf 90' lang='lat' dir='ltr'><strong>colloquiis</strong></span> <span class='ocrx_word' id='word_1_694' title='bbox 3445 3511 3598 3566; x_wconf 89' lang='lat' dir='ltr'><strong>frue-</strong></span> 
     </span>
    </p>
   </div>
   <div class='ocr_carea' id='block_1_97' title="bbox 2026 3600 3595 3673">
    <p class='ocr_par' dir='ltr' id='par_1_97' title="bbox 2026 3600 3595 3673">
     <span class='ocr_line' id='line_1_97' title="bbox 2026 3600 3595 3673; baseline -0.006 -11"><span class='ocrx_word' id='word_1_695' title='bbox 2026 3617 2228 3663; x_wconf 92' lang='lat' dir='ltr'><strong>rentur.</strong></span> <span class='ocrx_word' id='word_1_696' title='bbox 2281 3606 2559 3661; x_wconf 86' lang='lat' dir='ltr'><strong>Amantius</strong></span> <span class='ocrx_word' id='word_1_697' title='bbox 2598 3617 2775 3661; x_wconf 89' lang='lat' dir='ltr'><strong>autem</strong></span> <span class='ocrx_word' id='word_1_698' title='bbox 2815 3604 2915 3660; x_wconf 91' lang='lat' dir='ltr'><strong>sibi</strong></span> <span class='ocrx_word' id='word_1_699' title='bbox 2956 3605 3300 3659; x_wconf 90' lang='lat' dir='ltr'><strong>commissum</strong></span> <span class='ocrx_word' id='word_1_700' title='bbox 3330 3600 3595 3673; x_wconf 84' lang='lat' dir='ltr'><strong>negotium</strong></span> 
     </span>
    </p>
   </div>
   <div class='ocr_carea' id='block_1_98' title="bbox 2026 3696 3598 3770">
    <p class='ocr_par' dir='ltr' id='par_1_98' title="bbox 2026 3696 3598 3770">
     <span class='ocr_line' id='line_1_98' title="bbox 2026 3696 3598 3770; baseline -0.001 -18"><span class='ocrx_word' id='word_1_701' title='bbox 2026 3701 2163 3770; x_wconf 90' lang='lat' dir='ltr'><strong>apud</strong></span> <span class='ocrx_word' id='word_1_702' title='bbox 2192 3700 2478 3754; x_wconf 86' lang='lat' dir='ltr'><strong>Eudoxiam</strong></span> <span class='ocrx_word' id='word_1_703' title='bbox 2504 3701 2793 3769; x_wconf 83' lang='lat' dir='ltr'><strong>Augustam</strong></span> <span class='ocrx_word' id='word_1_704' title='bbox 2822 3698 3048 3753; x_wconf 90' lang='lat' dir='ltr'><strong>sollicite</strong></span> <span class='ocrx_word' id='word_1_705' title='bbox 3078 3697 3243 3763; x_wconf 85' lang='lat' dir='ltr'><strong>ursit,</strong></span> <span class='ocrx_word' id='word_1_706' title='bbox 3277 3696 3598 3766; x_wconf 83' lang='lat' dir='ltr'><strong>demumun</strong></span> 
     </span>
    </p>
   </div>
   <div class='ocr_carea' id='block_1_99' title="bbox 2026 3784 3597 3857">
    <p class='ocr_par' dir='ltr' id='par_1_99' title="bbox 2026 3784 3597 3857">
     <span class='ocr_line' id='line_1_99' title="bbox 2026 3784 3597 3857; baseline -0.004 -13"><span class='ocrx_word' id='word_1_707' title='bbox 2026 3791 2234 3845; x_wconf 77' lang='lat' dir='ltr'><strong>favente</strong></span> <span class='ocrx_word' id='word_1_708' title='bbox 2276 3788 2376 3843; x_wconf 92' lang='lat' dir='ltr'><strong>sibi</strong></span> <span class='ocrx_word' id='word_1_709' title='bbox 2416 3786 2702 3843; x_wconf 91' lang='lat' dir='ltr'><strong>Theodosii</strong></span> <span class='ocrx_word' id='word_1_710' title='bbox 2739 3786 2965 3857; x_wconf 90' lang='lat' dir='ltr'><strong>junioris</strong></span> <span class='ocrx_word' id='word_1_711' title='bbox 2990 3794 3045 3840; x_wconf 89' lang='lat' dir='ltr'><strong>et</strong></span> <span class='ocrx_word' id='word_1_712' title='bbox 3083 3795 3204 3839; x_wconf 91' lang='lat' dir='ltr'><strong>ortu</strong></span> <span class='ocrx_word' id='word_1_713' title='bbox 3230 3794 3285 3841; x_wconf 90' lang='lat' dir='ltr'><strong>et</strong></span> <span class='ocrx_word' id='word_1_714' title='bbox 3312 3784 3597 3855; x_wconf 88' lang='lat' dir='ltr'><strong>baptismo,</strong></span> 
     </span>
    </p>
   </div>
   <div class='ocr_carea' id='block_1_100' title="bbox 2025 3877 3302 3952">
    <p class='ocr_par' dir='ltr' id='par_1_100' title="bbox 2025 3877 3302 3952">
     <span class='ocr_line' id='line_1_100' title="bbox 2025 3877 3302 3952; baseline -0.004 -18"><span class='ocrx_word' id='word_1_715' title='bbox 2025 3883 2115 3952; x_wconf 86' lang='lat' dir='ltr'><strong>qui</strong></span> <span class='ocrx_word' id='word_1_716' title='bbox 2138 3881 2322 3935; x_wconf 91' lang='lat' dir='ltr'><strong>diebus</strong></span> <span class='ocrx_word' id='word_1_717' title='bbox 2343 3880 2456 3935; x_wconf 92' lang='lat' dir='ltr'><strong>istis</strong></span> <span class='ocrx_word' id='word_1_718' title='bbox 2479 3879 2719 3933; x_wconf 90' lang='lat' dir='ltr'><strong>accidere</strong></span> <span class='ocrx_word' id='word_1_719' title='bbox 2737 3918 2753 3944; x_wconf 94' lang='lat'><strong>,</strong></span> <span class='ocrx_word' id='word_1_720' title='bbox 2782 3886 2959 3947; x_wconf 86' lang='lat' dir='ltr'><strong>optata</strong></span> <span class='ocrx_word' id='word_1_721' title='bbox 2986 3877 3302 3946; x_wconf 83' lang='lat' dir='ltr'><strong>impetravit.</strong></span> 
     </span>
    </p>
   </div>
   <div class='ocr_carea' id='block_1_101' title="bbox 2097 3966 3598 4040">
    <p class='ocr_par' dir='ltr' id='par_1_101' title="bbox 2097 3966 3598 4040">
     <span class='ocr_line' id='line_1_101' title="bbox 2097 3966 3598 4040; baseline -0.001 -14"><span class='ocrx_word' id='word_1_722' title='bbox 2097 3971 2448 4040; x_wconf 89' lang='lat' dir='ltr'><strong>Theophanes</strong></span> <span class='ocrx_word' id='word_1_723' title='bbox 2484 3978 2540 4024; x_wconf 84' lang='lat' dir='ltr'><strong>et</strong></span> <span class='ocrx_word' id='word_1_724' title='bbox 2578 3970 2797 4024; x_wconf 90' lang='lat' dir='ltr'><strong>Cosmas</strong></span> <span class='ocrx_word' id='word_1_725' title='bbox 2836 3967 3068 4021; x_wconf 76' lang='lat' dir='ltr'><strong>Vestitor</strong></span> <span class='ocrx_word' id='word_1_726' title='bbox 3104 3974 3323 4021; x_wconf 86' lang='lat' dir='ltr'><strong>narrant</strong></span> <span class='ocrx_word' id='word_1_727' title='bbox 3351 3966 3598 4024; x_wconf 89' lang='lat' dir='ltr'><strong>Theodo-</strong></span> 
     </span>
    </p>
   </div>
   <div class='ocr_carea' id='block_1_102' title="bbox 2026 4050 3597 4133">
    <p class='ocr_par' dir='ltr' id='par_1_102' title="bbox 2026 4050 3597 4133">
     <span class='ocr_line' id='line_1_102' title="bbox 2026 4050 3597 4133; baseline -0.001 -16"><span class='ocrx_word' id='word_1_728' title='bbox 2026 4064 2160 4117; x_wconf 91' lang='lat' dir='ltr'><strong>sium</strong></span> <span class='ocrx_word' id='word_1_729' title='bbox 2206 4063 2472 4133; x_wconf 89' lang='lat' dir='ltr'><strong>juniorem</strong></span> <span class='ocrx_word' id='word_1_730' title='bbox 2512 4076 2541 4116; x_wconf 88' lang='lat' dir='ltr'><strong>a</strong></span> <span class='ocrx_word' id='word_1_731' title='bbox 2583 4060 2788 4116; x_wconf 90' lang='lat' dir='ltr'><strong>Joanne</strong></span> <span class='ocrx_word' id='word_1_732' title='bbox 2833 4059 3213 4131; x_wconf 87' lang='lat' dir='ltr'><strong>Chrysostomo</strong></span> <span class='ocrx_word' id='word_1_733' title='bbox 3265 4050 3597 4129; x_wconf 84' lang='lat' dir='ltr'><strong>baptizatum</strong></span> 
     </span>
    </p>
   </div>
   <div class='ocr_carea' id='block_1_103' title="bbox 2027 4148 3594 4223">
    <p class='ocr_par' dir='ltr' id='par_1_103' title="bbox 2027 4148 3594 4223">
     <span class='ocr_line' id='line_1_103' title="bbox 2027 4148 3594 4223; baseline -0.001 -14"><span class='ocrx_word' id='word_1_734' title='bbox 2027 4154 2221 4221; x_wconf 88' lang='lat' dir='ltr'><strong>fuisse;</strong></span> <span class='ocrx_word' id='word_1_735' title='bbox 2271 4154 2323 4209; x_wconf 90' lang='lat' dir='ltr'><strong>id</strong></span> <span class='ocrx_word' id='word_1_736' title='bbox 2362 4168 2490 4209; x_wconf 86' lang='lat' dir='ltr'><strong>vero</strong></span> <span class='ocrx_word' id='word_1_737' title='bbox 2526 4153 2667 4208; x_wconf 82' lang='lat' dir='ltr'><strong>clare</strong></span> <span class='ocrx_word' id='word_1_738' title='bbox 2693 4153 2795 4207; x_wconf 92' lang='lat' dir='ltr'><strong>dici</strong></span> <span class='ocrx_word' id='word_1_739' title='bbox 2840 4151 3047 4206; x_wconf 88' lang='lat' dir='ltr'><strong>videtur</strong></span> <span class='ocrx_word' id='word_1_740' title='bbox 3082 4150 3150 4205; x_wconf 90' lang='lat' dir='ltr'><strong>ab</strong></span> <span class='ocrx_word' id='word_1_741' title='bbox 3184 4148 3430 4207; x_wconf 85' lang='lat' dir='ltr'><strong>Eudoxia</strong></span> <span class='ocrx_word' id='word_1_742' title='bbox 3458 4156 3594 4223; x_wconf 86' lang='lat' dir='ltr'><strong>ipsa,</strong></span> 
     </span>
    </p>
   </div>
   <div class='ocr_carea' id='block_1_104' title="bbox 2026 4242 3600 4317">
    <p class='ocr_par' dir='ltr' id='par_1_104' title="bbox 2026 4242 3600 4317">
     <span class='ocr_line' id='line_1_104' title="bbox 2026 4242 3600 4317; baseline -0.003 -15"><span class='ocrx_word' id='word_1_743' title='bbox 2026 4263 2144 4317; x_wconf 65' lang='lat' dir='ltr'><strong>quae</strong></span> <span class='ocrx_word' id='word_1_744' title='bbox 2171 4248 2221 4301; x_wconf 90' lang='lat' dir='ltr'><strong>in</strong></span> <span class='ocrx_word' id='word_1_745' title='bbox 2250 4246 2464 4301; x_wconf 91' lang='lat' dir='ltr'><strong>homilia</strong></span> <span class='ocrx_word' id='word_1_746' title='bbox 2491 4244 2854 4317; x_wconf 79' lang='lat' dir='ltr'><strong>Chrysostomi</strong></span> <span class='ocrx_word' id='word_1_747' title='bbox 2897 4252 3015 4312; x_wconf 87' lang='lat' dir='ltr'><strong>post</strong></span> <span class='ocrx_word' id='word_1_748' title='bbox 3049 4242 3277 4298; x_wconf 91' lang='lat' dir='ltr'><strong>reditum</strong></span> <span class='ocrx_word' id='word_1_749' title='bbox 3316 4245 3383 4300; x_wconf 84' lang='lat' dir='ltr'><strong>ab</strong></span> <span class='ocrx_word' id='word_1_750' title='bbox 3410 4245 3600 4301; x_wconf 90' lang='lat' dir='ltr'><strong>exsilio</strong></span> 
     </span>
    </p>
   </div>
   <div class='ocr_carea' id='block_1_105' title="bbox 2027 4332 3600 4406">
    <p class='ocr_par' dir='ltr' id='par_1_105' title="bbox 2027 4332 3600 4406">
     <span class='ocr_line' id='line_1_105' title="bbox 2027 4332 3600 4406; baseline -0.004 -13"><span class='ocrx_word' id='word_1_751' title='bbox 2027 4353 2152 4402; x_wconf 91' lang='lat' dir='ltr'><strong>suo,</strong></span> <span class='ocrx_word' id='word_1_752' title='bbox 2181 4338 2258 4392; x_wconf 91' lang='lat' dir='ltr'><strong>sic</strong></span> <span class='ocrx_word' id='word_1_753' title='bbox 2298 4337 2520 4406; x_wconf 90' lang='lat' dir='ltr'><strong>loquens</strong></span> <span class='ocrx_word' id='word_1_754' title='bbox 2564 4336 2847 4400; x_wconf 91' lang='lat' dir='ltr'><strong>inducitur,</strong></span> <span class='ocrx_word' id='word_1_755' title='bbox 2876 4332 3134 4388; x_wconf 85' lang='lat' dir='ltr'><strong>Recordor</strong></span> <span class='ocrx_word' id='word_1_756' title='bbox 3163 4350 3253 4403; x_wconf 83' lang='lat' dir='ltr'><strong>per</strong></span> <span class='ocrx_word' id='word_1_757' title='bbox 3281 4351 3461 4390; x_wconf 86' lang='lat' dir='ltr'><strong>manus</strong></span> <span class='ocrx_word' id='word_1_758' title='bbox 3489 4344 3600 4387; x_wconf 82' lang='lat' dir='ltr'><strong>tuas</strong></span> 
     </span>
    </p>
   </div>
   <div class='ocr_carea' id='block_1_106' title="bbox 2027 4423 3593 4498">
    <p class='ocr_par' dir='ltr' id='par_1_106' title="bbox 2027 4423 3593 4498">
     <span class='ocr_line' id='line_1_106' title="bbox 2027 4423 3593 4498; baseline -0.003 -16"><span class='ocrx_word' id='word_1_759' title='bbox 2027 4431 2159 4498; x_wconf 80' lang='lat' dir='ltr'><strong>ﬁlios</strong></span> <span class='ocrx_word' id='word_1_760' title='bbox 2183 4444 2317 4481; x_wconf 83' lang='lat' dir='ltr'><strong>meas</strong></span> <span class='ocrx_word' id='word_1_761' title='bbox 2347 4428 2622 4497; x_wconf 77' lang='lat' dir='ltr'><strong>baptizatos</strong></span> <span class='ocrx_word' id='word_1_762' title='bbox 2652 4426 2820 4494; x_wconf 81' lang='lat' dir='ltr'><strong>fuisse.</strong></span> <span class='ocrx_word' id='word_1_763' title='bbox 2843 4423 2997 4479; x_wconf 90' lang='lat' dir='ltr'><strong>Certe</strong></span> <span class='ocrx_word' id='word_1_764' title='bbox 3021 4424 3161 4479; x_wconf 89' lang='lat' dir='ltr'><strong>inter</strong></span> <span class='ocrx_word' id='word_1_765' title='bbox 3187 4424 3324 4479; x_wconf 82' lang='lat' dir='ltr'><strong>filios</strong></span> <span class='ocrx_word' id='word_1_766' title='bbox 3349 4438 3593 4494; x_wconf 82' lang='lat' dir='ltr'><strong>compre-</strong></span> 
     </span>
    </p>
   </div>
   <div class='ocr_carea' id='block_1_107' title="bbox 2028 4513 3599 4584">
    <p class='ocr_par' dir='ltr' id='par_1_107' title="bbox 2028 4513 3599 4584">
     <span class='ocr_line' id='line_1_107' title="bbox 2028 4513 3599 4584; baseline -0.004 -11"><span class='ocrx_word' id='word_1_767' title='bbox 2028 4520 2187 4575; x_wconf 90' lang='lat' dir='ltr'><strong>hendi</strong></span> <span class='ocrx_word' id='word_1_768' title='bbox 2234 4518 2452 4572; x_wconf 89' lang='lat' dir='ltr'><strong>omnino</strong></span> <span class='ocrx_word' id='word_1_769' title='bbox 2493 4515 2703 4570; x_wconf 89' lang='lat' dir='ltr'><strong>videtur</strong></span> <span class='ocrx_word' id='word_1_770' title='bbox 2728 4514 3061 4569; x_wconf 90' lang='lat' dir='ltr'><strong>Theodosius</strong></span> <span class='ocrx_word' id='word_1_771' title='bbox 3085 4513 3285 4584; x_wconf 91' lang='lat' dir='ltr'><strong>junior.</strong></span> <span class='ocrx_word' id='word_1_772' title='bbox 3335 4514 3509 4584; x_wconf 88' lang='lat' dir='ltr'><strong>Atque</strong></span> <span class='ocrx_word' id='word_1_773' title='bbox 3535 4530 3599 4568; x_wconf 83' lang='lat' dir='ltr'><strong>ex</strong></span> 
     </span>
    </p>
   </div>
   <div class='ocr_carea' id='block_1_108' title="bbox 2028 4602 3604 4678">
    <p class='ocr_par' dir='ltr' id='par_1_108' title="bbox 2028 4602 3604 4678">
     <span class='ocr_line' id='line_1_108' title="bbox 2028 4602 3604 4678; baseline -0.004 -14"><span class='ocrx_word' id='word_1_774' title='bbox 2028 4610 2091 4664; x_wconf 92' lang='lat' dir='ltr'><strong>iis</strong></span> <span class='ocrx_word' id='word_1_775' title='bbox 2113 4651 2127 4675; x_wconf 95' lang='lat'><strong>,</strong></span> <span class='ocrx_word' id='word_1_776' title='bbox 2174 4625 2292 4678; x_wconf 70' lang='lat' dir='ltr'><strong>quae</strong></span> <span class='ocrx_word' id='word_1_777' title='bbox 2318 4608 2369 4661; x_wconf 91' lang='lat' dir='ltr'><strong>in</strong></span> <span class='ocrx_word' id='word_1_778' title='bbox 2402 4606 2518 4662; x_wconf 79' lang='lat' dir='ltr'><strong>Vita</strong></span> <span class='ocrx_word' id='word_1_779' title='bbox 2560 4606 2618 4659; x_wconf 89' lang='lat' dir='ltr'><strong>S.</strong></span> <span class='ocrx_word' id='word_1_780' title='bbox 2650 4604 2929 4675; x_wconf 83' lang='lat' dir='ltr'><strong>Porphyrii</strong></span> <span class='ocrx_word' id='word_1_781' title='bbox 2959 4604 3207 4658; x_wconf 89' lang='lat' dir='ltr'><strong>dicuntur</strong></span> <span class='ocrx_word' id='word_1_782' title='bbox 3228 4646 3244 4671; x_wconf 95' lang='lat'><strong>,</strong></span> <span class='ocrx_word' id='word_1_783' title='bbox 3275 4602 3604 4660; x_wconf 83' lang='lat' dir='ltr'><strong>Theodosius</strong></span> 
     </span>
    </p>
   </div>
   <div class='ocr_carea' id='block_1_109' title="bbox 2022 4693 3600 4768">
    <p class='ocr_par' dir='ltr' id='par_1_109' title="bbox 2022 4693 3600 4768">
     <span class='ocr_line' id='line_1_109' title="bbox 2022 4693 3600 4768; baseline -0.004 -15"><span class='ocrx_word' id='word_1_784' title='bbox 2022 4699 2202 4768; x_wconf 90' lang='lat' dir='ltr'><strong>junior</strong></span> <span class='ocrx_word' id='word_1_785' title='bbox 2226 4698 2521 4767; x_wconf 87' lang='lat' dir='ltr'><strong>baptizatus</strong></span> <span class='ocrx_word' id='word_1_786' title='bbox 2551 4694 2710 4749; x_wconf 91' lang='lat' dir='ltr'><strong>fuisse</strong></span> <span class='ocrx_word' id='word_1_787' title='bbox 2739 4693 3155 4764; x_wconf 84' lang='lat' dir='ltr'><strong>deprehenditur</strong></span> <span class='ocrx_word' id='word_1_788' title='bbox 3181 4694 3457 4764; x_wconf 74' lang='lat' dir='ltr'><strong>lOApr’ilis</strong></span> <span class='ocrx_word' id='word_1_789' title='bbox 3475 4696 3600 4749; x_wconf 90' lang='lat' dir='ltr'><strong>anui</strong></span> 
     </span>
    </p>
   </div>
   <div class='ocr_carea' id='block_1_110' title="bbox 2025 4786 3598 4859">
    <p class='ocr_par' dir='ltr' id='par_1_110' title="bbox 2025 4786 3598 4859">
     <span class='ocr_line' id='line_1_110' title="bbox 2025 4786 3598 4859; baseline -0.003 -14"><span class='ocrx_word' id='word_1_790' title='bbox 2025 4792 2149 4845; x_wconf 73' lang='grc'>401.</span> <span class='ocrx_word' id='word_1_791' title='bbox 2198 4790 2451 4859; x_wconf 90' lang='lat' dir='ltr'><strong>Tuncque</strong></span> <span class='ocrx_word' id='word_1_792' title='bbox 2474 4787 2883 4858; x_wconf 87' lang='lat' dir='ltr'><strong>Chrysostomus</strong></span> <span class='ocrx_word' id='word_1_793' title='bbox 2913 4787 2962 4839; x_wconf 93' lang='lat' dir='ltr'><strong>in</strong></span> <span class='ocrx_word' id='word_1_794' title='bbox 2991 4786 3115 4840; x_wconf 89' lang='lat' dir='ltr'><strong>Asia</strong></span> <span class='ocrx_word' id='word_1_795' title='bbox 3145 4795 3260 4842; x_wconf 90' lang='lat' dir='ltr'><strong>erat</strong></span> <span class='ocrx_word' id='word_1_796' title='bbox 3281 4825 3298 4853; x_wconf 90' lang='lat'><strong>,</strong></span> <span class='ocrx_word' id='word_1_797' title='bbox 3338 4786 3598 4857; x_wconf 86' lang='lat' dir='ltr'><strong>siquidem</strong></span> 
     </span>
    </p>
   </div>
   <div class='ocr_carea' id='block_1_111' title="bbox 2026 4877 3594 4948">
    <p class='ocr_par' dir='ltr' id='par_1_111' title="bbox 2026 4877 3594 4948">
     <span class='ocr_line' id='line_1_111' title="bbox 2026 4877 3594 4948; baseline -0.003 -10"><span class='ocrx_word' id='word_1_798' title='bbox 2026 4899 2144 4938; x_wconf 91' lang='lat' dir='ltr'><strong>cum</strong></span> <span class='ocrx_word' id='word_1_799' title='bbox 2171 4882 2508 4937; x_wconf 89' lang='lat' dir='ltr'><strong>Tillemontio</strong></span> <span class='ocrx_word' id='word_1_800' title='bbox 2556 4881 2658 4935; x_wconf 88' lang='lat' dir='ltr'><strong>iter</strong></span> <span class='ocrx_word' id='word_1_801' title='bbox 2698 4880 2814 4948; x_wconf 81' lang='lat' dir='ltr'><strong>ejus</strong></span> <span class='ocrx_word' id='word_1_802' title='bbox 2858 4879 2909 4932; x_wconf 93' lang='lat' dir='ltr'><strong>in</strong></span> <span class='ocrx_word' id='word_1_803' title='bbox 2951 4878 3132 4932; x_wconf 91' lang='lat' dir='ltr'><strong>Asiam</strong></span> <span class='ocrx_word' id='word_1_804' title='bbox 3174 4880 3227 4933; x_wconf 92' lang='lat' dir='ltr'><strong>in</strong></span> <span class='ocrx_word' id='word_1_805' title='bbox 3268 4893 3468 4933; x_wconf 90' lang='lat' dir='ltr'><strong>annum</strong></span> <span class='ocrx_word' id='word_1_806' title='bbox 3496 4877 3594 4934; x_wconf 75' lang='grc'>401</span> 
     </span>
    </p>
   </div>
   <div class='ocr_carea' id='block_1_112' title="bbox 2026 4966 3602 5043">
    <p class='ocr_par' dir='ltr' id='par_1_112' title="bbox 2026 4966 3602 5043">
     <span class='ocr_line' id='line_1_112' title="bbox 2026 4966 3602 5043; baseline -0.003 -15"><span class='ocrx_word' id='word_1_807' title='bbox 2026 4973 2430 5043; x_wconf 85' lang='lat' dir='ltr'><strong>consignamus,</strong></span> <span class='ocrx_word' id='word_1_808' title='bbox 2469 4980 2524 5026; x_wconf 92' lang='lat' dir='ltr'><strong>et</strong></span> <span class='ocrx_word' id='word_1_809' title='bbox 2562 4986 2717 5040; x_wconf 91' lang='lat' dir='ltr'><strong>quam</strong></span> <span class='ocrx_word' id='word_1_810' title='bbox 2750 4966 3044 5024; x_wconf 86' lang='lat' dir='ltr'><strong>tardissime</strong></span> <span class='ocrx_word' id='word_1_811' title='bbox 3070 4968 3454 5038; x_wconf 89' lang='lat' dir='ltr'><strong>profectionem</strong></span> <span class='ocrx_word' id='word_1_812' title='bbox 3483 4970 3602 5040; x_wconf 82' lang='lat' dir='ltr'><strong>ejus</strong></span> 
     </span>
    </p>
   </div>
   <div class='ocr_carea' id='block_1_113' title="bbox 2028 5059 3603 5130">
    <p class='ocr_par' dir='ltr' id='par_1_113' title="bbox 2028 5059 3603 5130">
     <span class='ocr_line' id='line_1_113' title="bbox 2028 5059 3603 5130; baseline -0.003 -13"><span class='ocrx_word' id='word_1_813' title='bbox 2028 5078 2209 5118; x_wconf 90' lang='lat' dir='ltr'><strong>mense</strong></span> <span class='ocrx_word' id='word_1_814' title='bbox 2234 5061 2522 5117; x_wconf 88' lang='lat' dir='ltr'><strong>Februario</strong></span> <span class='ocrx_word' id='word_1_815' title='bbox 2547 5060 2784 5130; x_wconf 90' lang='lat' dir='ltr'><strong>ejusdem</strong></span> <span class='ocrx_word' id='word_1_816' title='bbox 2814 5059 2936 5113; x_wconf 91' lang='lat' dir='ltr'><strong>anni</strong></span> <span class='ocrx_word' id='word_1_817' title='bbox 2963 5068 3195 5113; x_wconf 89' lang='lat' dir='ltr'><strong>statuere</strong></span> <span class='ocrx_word' id='word_1_818' title='bbox 3221 5060 3521 5128; x_wconf 88' lang='lat' dir='ltr'><strong>possumus,</strong></span> <span class='ocrx_word' id='word_1_819' title='bbox 3541 5068 3603 5113; x_wconf 92' lang='lat' dir='ltr'><strong>ut</strong></span> 
     </span>
    </p>
   </div>
   <div class='ocr_carea' id='block_1_114' title="bbox 2026 5150 2808 5223">
    <p class='ocr_par' dir='ltr' id='par_1_114' title="bbox 2026 5150 2808 5223">
     <span class='ocr_line' id='line_1_114' title="bbox 2026 5150 2808 5223; baseline -0.009 -13"><span class='ocrx_word' id='word_1_820' title='bbox 2026 5171 2092 5210; x_wconf 85' lang='lat' dir='ltr'><strong>cx</strong></span> <span class='ocrx_word' id='word_1_821' title='bbox 2118 5154 2456 5223; x_wconf 86' lang='lat' dir='ltr'><strong>sequentibus</strong></span> <span class='ocrx_word' id='word_1_822' title='bbox 2486 5153 2657 5221; x_wconf 89' lang='lat' dir='ltr'><strong>palam</strong></span> <span class='ocrx_word' id='word_1_823' title='bbox 2687 5150 2808 5205; x_wconf 89' lang='lat' dir='ltr'><strong>erit.</strong></span> 
     </span>
    </p>
   </div>
   <div class='ocr_carea' id='block_1_115' title="bbox 2098 5238 3600 5312">
    <p class='ocr_par' dir='ltr' id='par_1_115' title="bbox 2098 5238 3600 5312">
     <span class='ocr_line' id='line_1_115' title="bbox 2098 5238 3600 5312; baseline -0.003 -14"><span class='ocrx_word' id='word_1_824' title='bbox 2098 5245 2227 5299; x_wconf 83' lang='lat' dir='ltr'><strong>Post</strong></span> <span class='ocrx_word' id='word_1_825' title='bbox 2266 5244 2517 5298; x_wconf 89' lang='lat' dir='ltr'><strong>Antonini</strong></span> <span class='ocrx_word' id='word_1_826' title='bbox 2555 5241 2806 5312; x_wconf 87' lang='lat' dir='ltr'><strong>Ephesiui</strong></span> <span class='ocrx_word' id='word_1_827' title='bbox 2838 5238 3071 5309; x_wconf 90' lang='lat' dir='ltr'><strong>episcopi</strong></span> <span class='ocrx_word' id='word_1_828' title='bbox 3110 5247 3334 5295; x_wconf 85' lang='lat' dir='ltr'><strong>mortem</strong></span> <span class='ocrx_word' id='word_1_829' title='bbox 3369 5238 3600 5312; x_wconf 80' lang='lat' dir='ltr'><strong>(Pallad.</strong></span> 
     </span>
    </p>
   </div>
   <div class='ocr_carea' id='block_1_116' title="bbox 2030 5330 3596 5406">
    <p class='ocr_par' dir='ltr' id='par_1_116' title="bbox 2030 5330 3596 5406">
     <span class='ocr_line' id='line_1_116' title="bbox 2030 5330 3596 5406; baseline -0.003 -18"><span class='ocrx_word' id='word_1_830' title='bbox 2030 5353 2081 5406; x_wconf 86' lang='lat' dir='ltr'><strong>p.</strong></span> <span class='ocrx_word' id='word_1_831' title='bbox 2112 5336 2214 5390; x_wconf 76' lang='grc'><strong>155</strong></span> <span class='ocrx_word' id='word_1_832' title='bbox 2244 5345 2292 5389; x_wconf 88' lang='lat' dir='ltr'><strong>et</strong></span> <span class='ocrx_word' id='word_1_833' title='bbox 2327 5335 2489 5405; x_wconf 83' lang='lat' dir='ltr'><strong>seqq.)</strong></span> <span class='ocrx_word' id='word_1_834' title='bbox 2513 5374 2528 5399; x_wconf 91' lang='lat'><strong>,</strong></span> <span class='ocrx_word' id='word_1_835' title='bbox 2572 5334 2828 5403; x_wconf 83' lang='lat' dir='ltr'><strong>urgebant</strong></span> <span class='ocrx_word' id='word_1_836' title='bbox 2866 5330 3302 5402; x_wconf 82' lang='lat' dir='ltr'><strong>Chrysostomum</strong></span> <span class='ocrx_word' id='word_1_837' title='bbox 3359 5332 3596 5402; x_wconf 77' lang='lat' dir='ltr'><strong>episcopi</strong></span> 
     </span>
    </p>
   </div>
   <div class='ocr_carea' id='block_1_117' title="bbox 2028 5420 3595 5497">
    <p class='ocr_par' dir='ltr' id='par_1_117' title="bbox 2028 5420 3595 5497">
     <span class='ocr_line' id='line_1_117' title="bbox 2028 5420 3595 5497; baseline -0.005 -16"><span class='ocrx_word' id='word_1_838' title='bbox 2028 5428 2205 5493; x_wconf 89' lang='lat' dir='ltr'><strong>vicini,</strong></span> <span class='ocrx_word' id='word_1_839' title='bbox 2239 5427 2456 5497; x_wconf 87' lang='lat' dir='ltr'><strong>urgebat</strong></span> <span class='ocrx_word' id='word_1_840' title='bbox 2484 5425 2781 5494; x_wconf 87' lang='lat' dir='ltr'><strong>Ephesinus</strong></span> <span class='ocrx_word' id='word_1_841' title='bbox 2801 5420 2984 5477; x_wconf 88' lang='lat' dir='ltr'><strong>Clerus</strong></span> <span class='ocrx_word' id='word_1_842' title='bbox 3012 5429 3068 5474; x_wconf 90' lang='lat' dir='ltr'><strong>ut</strong></span> <span class='ocrx_word' id='word_1_843' title='bbox 3093 5430 3339 5491; x_wconf 87' lang='lat' dir='ltr'><strong>prompte</strong></span> <span class='ocrx_word' id='word_1_844' title='bbox 3362 5422 3595 5487; x_wconf 85' lang='lat' dir='ltr'><strong>veniret,</strong></span> 
     </span>
    </p>
   </div>
   <div class='ocr_carea' id='block_1_118' title="bbox 2032 5510 3600 5583">
    <p class='ocr_par' dir='ltr' id='par_1_118' title="bbox 2032 5510 3600 5583">
     <span class='ocr_line' id='line_1_118' title="bbox 2032 5510 3600 5583; baseline -0.007 -8"><span class='ocrx_word' id='word_1_845' title='bbox 2032 5535 2130 5575; x_wconf 91' lang='lat' dir='ltr'><strong>nec</strong></span> <span class='ocrx_word' id='word_1_846' title='bbox 2158 5534 2333 5573; x_wconf 87' lang='lat' dir='ltr'><strong>moras</strong></span> <span class='ocrx_word' id='word_1_847' title='bbox 2373 5516 2641 5583; x_wconf 87' lang='lat' dir='ltr'><strong>traheret,</strong></span> <span class='ocrx_word' id='word_1_848' title='bbox 2682 5515 2825 5583; x_wconf 88' lang='lat' dir='ltr'><strong>leges</strong></span> <span class='ocrx_word' id='word_1_849' title='bbox 2860 5510 3001 5582; x_wconf 87' lang='lat' dir='ltr'><strong>apud</strong></span> <span class='ocrx_word' id='word_1_850' title='bbox 3030 5526 3088 5565; x_wconf 89' lang='lat' dir='ltr'><strong>se</strong></span> <span class='ocrx_word' id='word_1_851' title='bbox 3126 5511 3493 5582; x_wconf 86' lang='lat' dir='ltr'><strong>pessumdatas</strong></span> <span class='ocrx_word' id='word_1_852' title='bbox 3519 5511 3600 5566; x_wconf 83' lang='lat' dir='ltr'><strong>di-</strong></span> 
     </span>
    </p>
   </div>
   <div class='ocr_carea' id='block_1_119' title="bbox 2027 5604 3595 5674">
    <p class='ocr_par' dir='ltr' id='par_1_119' title="bbox 2027 5604 3595 5674">
     <span class='ocr_line' id='line_1_119' title="bbox 2027 5604 3595 5674; baseline -0.008 -9"><span class='ocrx_word' id='word_1_853' title='bbox 2027 5626 2174 5674; x_wconf 89' lang='lat' dir='ltr'><strong>cens,</strong></span> <span class='ocrx_word' id='word_1_854' title='bbox 2204 5608 2489 5663; x_wconf 79' lang='lat' dir='ltr'><strong>Ecclesium</strong></span> <span class='ocrx_word' id='word_1_855' title='bbox 2517 5621 2665 5660; x_wconf 88' lang='lat' dir='ltr'><strong>suam</strong></span> <span class='ocrx_word' id='word_1_856' title='bbox 2690 5604 2959 5668; x_wconf 86' lang='lat' dir='ltr'><strong>afflictam,</strong></span> <span class='ocrx_word' id='word_1_857' title='bbox 2982 5610 3267 5656; x_wconf 87' lang='lat' dir='ltr'><strong>temeratas</strong></span> <span class='ocrx_word' id='word_1_858' title='bbox 3282 5615 3369 5656; x_wconf 90' lang='lat' dir='ltr'><strong>res</strong></span> <span class='ocrx_word' id='word_1_859' title='bbox 3392 5616 3595 5666; x_wconf 78' lang='lat' dir='ltr'><strong>sacras,</strong></span> 
     </span>
    </p>
   </div>
   <div class='ocr_carea' id='block_1_120' title="bbox 2030 5690 3589 5763">
    <p class='ocr_par' dir='ltr' id='par_1_120' title="bbox 2030 5690 3589 5763">
     <span class='ocr_line' id='line_1_120' title="bbox 2030 5690 3589 5763; baseline -0.008 -6"><span class='ocrx_word' id='word_1_860' title='bbox 2030 5715 2139 5758; x_wconf 91' lang='lat' dir='ltr'><strong>tum</strong></span> <span class='ocrx_word' id='word_1_861' title='bbox 2169 5702 2235 5755; x_wconf 90' lang='lat' dir='ltr'><strong>ab</strong></span> <span class='ocrx_word' id='word_1_862' title='bbox 2268 5701 2374 5754; x_wconf 89' lang='lat' dir='ltr'><strong>Arii</strong></span> <span class='ocrx_word' id='word_1_863' title='bbox 2404 5698 2621 5754; x_wconf 88' lang='lat' dir='ltr'><strong>asseclis</strong></span> <span class='ocrx_word' id='word_1_864' title='bbox 2644 5738 2658 5763; x_wconf 99' lang='lat'><strong>,</strong></span> <span class='ocrx_word' id='word_1_865' title='bbox 2704 5706 2813 5749; x_wconf 91' lang='lat' dir='ltr'><strong>tum</strong></span> <span class='ocrx_word' id='word_1_866' title='bbox 2839 5694 2905 5748; x_wconf 90' lang='lat' dir='ltr'><strong>ab</strong></span> <span class='ocrx_word' id='word_1_867' title='bbox 2933 5694 2999 5748; x_wconf 90' lang='lat' dir='ltr'><strong>iis</strong></span> <span class='ocrx_word' id='word_1_868' title='bbox 3027 5693 3115 5763; x_wconf 91' lang='lat' dir='ltr'><strong>qui</strong></span> <span class='ocrx_word' id='word_1_869' title='bbox 3142 5694 3379 5746; x_wconf 68' lang='lat' dir='ltr'><strong>avaritiae</strong></span> <span class='ocrx_word' id='word_1_870' title='bbox 3418 5701 3471 5746; x_wconf 86' lang='lat' dir='ltr'><strong>et</strong></span> <span class='ocrx_word' id='word_1_871' title='bbox 3498 5690 3589 5745; x_wconf 50' lang='lat' dir='ltr'><strong>do.</strong></span> 
     </span>
    </p>
   </div>
   <div class='ocr_carea' id='block_1_121' title="bbox 2029 5786 3595 5877">
    <p class='ocr_par' dir='ltr' id='par_1_121' title="bbox 2029 5786 3595 5877">
     <span class='ocr_line' id='line_1_121' title="bbox 2029 5786 3595 5877; baseline -0.008 -26"><span class='ocrx_word' id='word_1_872' title='bbox 2029 5793 2263 5851; x_wconf 89' lang='lat' dir='ltr'><strong>minandi</strong></span> <span class='ocrx_word' id='word_1_873' title='bbox 2299 5792 2544 5864; x_wconf 86' lang='lat' dir='ltr'><strong>cupidine</strong></span> <span class='ocrx_word' id='word_1_874' title='bbox 2568 5789 2710 5862; x_wconf 82' lang='lat' dir='ltr'><strong>capti</strong></span> <span class='ocrx_word' id='word_1_875' title='bbox 2736 5804 2795 5845; x_wconf 91' lang='lat' dir='ltr'><strong>se</strong></span> <span class='ocrx_word' id='word_1_876' title='bbox 2819 5786 3124 5877; x_wconf 75' lang='lat' dir='ltr'><strong>Catholicos</strong></span> <span class='ocrx_word' id='word_1_877' title='bbox 3149 5800 3269 5841; x_wconf 90' lang='lat' dir='ltr'><strong>esse</strong></span> <span class='ocrx_word' id='word_1_878' title='bbox 3294 5786 3595 5858; x_wconf 85' lang='lat' dir='ltr'><strong>gloriaban-</strong></span> 
     </span>
    </p>
   </div>
   <div class='ocr_carea' id='block_1_122' title="bbox 3179 5885 3251 5945">
    <p class='ocr_par' dir='ltr' id='par_1_122' title="bbox 3179 5885 3251 5945">
     <span class='ocr_line' id='line_1_122' title="bbox 3179 5885 3251 5945; baseline -0.014 0"><span class='ocrx_word' id='word_1_879' title='bbox 3179 5885 3251 5945; x_wconf 72' lang='lat'><strong>12</strong></span> 
     </span>
    </p>
   </div>
  </div>
