4122 6386
517 397 618 456 183

513 527 600 570 tur
633 534 647 570 :
685 514 875 584 quibus
901 513 1056 569 dictis
1085 515 1408 568 Antoninum
1449 513 1756 584 episcopum
1801 526 1970 582 nuper
1997 511 2092 566 de-

511 606 697 662 functu
715 622 764 659 m
806 605 1094 667 notabant,
1145 605 1282 673 apud
1330 619 1487 674 quem
1521 603 1740 659 venalia
1789 603 2096 674 prostabaut

511 712 664 753 sacra
719 697 918 752 omnia.
974 696 1250 751 Addebam
1293 711 1502 766 quoque
1547 696 1741 750 multos
1783 697 1979 749 instare
2017 695 2098 749 Iu-

510 801 608 853 pos
643 829 662 852 ,
705 789 794 855 qui
839 787 1059 859 pecunia
1089 786 1444 857 episcopalem
1479 785 1659 841 sedem
1696 785 1948 841 invadere
1976 794 2095 840 ten-

528 879 725 933 labant.

597 968 786 1022 Joauu.
819 969 1076 1040 Chrysost.
1105 969 1199 1023 iter
1233 970 1287 1024 in
1315 970 1489 1024 Asiam
1519 971 1746 1041 suscipit.
1772 999 1845 1012 —
1869 969 2098 1025 Joannes

528 1068 709 1114 noster
740 1069 861 1114 tunc
885 1061 1030 1130 gravi
1058 1068 1172 1115 erat
1199 1062 1437 1131 corporis
1475 1061 1783 1118 inﬁrmitate
1827 1061 2093 1125 detentus,

528 1149 748 1205 hiberna
800 1166 1010 1221 quoque
1055 1161 1342 1220 tempestas
1382 1168 1412 1207 a
1461 1162 1606 1207 tanto
1658 1153 1850 1208 itinere
1898 1167 2096 1222 :rgrum

527 1247 767 1294 avertere
801 1255 956 1308 posse
990 1241 1267 1296 videbatur
1287 1282 1304 1308 ,
1336 1257 1520 1297 verum
1551 1252 1695 1298 tanto
1720 1243 1806 1296 ille
1831 1243 2100 1312 religionis

526 1330 702 1384 studio
729 1330 1004 1400 ﬂagrabat,
1034 1341 1092 1386 ut
1114 1332 1290 1387 omnia
1318 1333 1655 1404 posthaberet
1678 1349 1781 1403 quo
1807 1343 1882 1388 tot
1911 1334 2098 1387 tantis-

527 1437 631 1491 que
667 1423 821 1476 malis
861 1439 1073 1478 manum
1117 1425 1374 1480 medicam
1403 1425 1596 1481 afferre
1625 1435 1870 1481 tentaret.
1918 1427 2098 1497 Neque

529 1515 671 1569 enim
717 1516 911 1585 Ephesi
954 1525 1153 1571 tantum
1176 1558 1192 1585 ,
1238 1518 1332 1573 sed
1358 1519 1516 1573 etiam
1543 1519 1595 1573 in
1629 1519 1746 1572 aliis
1776 1534 1880 1572 non
1920 1519 2099 1588 paucis

527 1606 670 1660 Asia:
692 1606 991 1662 civitatibus
1017 1608 1114 1676 ipsi
1138 1609 1390 1678 episc0pi,
1433 1619 1701 1679 pastorum
1729 1611 1942 1665 nomine
1971 1610 2100 1666 falso

528 1697 760 1766 insigniti
787 1739 802 1764 ,
846 1697 1146 1753 Christiano
1188 1701 1332 1769 gregi
1375 1701 1565 1755 damna
1610 1700 1907 1756 inferebant
1945 1701 2100 1754 inuu-

527 1801 695 1841 mera.
729 1786 819 1841 llis
856 1803 1112 1844 accensus
1149 1791 1200 1844 in
1228 1792 1403 1845 navim
1433 1792 1742 1862 ingreditur.
1779 1791 1969 1847 Verum
1999 1808 2098 1846 sm-

527 1879 702 1934 vieute
746 1880 1024 1956 aquilone,
1070 1898 1191 1938 eum
1231 1893 1529 1938 metuerent
1568 1894 1743 1938 nauta:
1779 1900 1847 1939 ne
1885 1885 1936 1938 in
1964 1883 2097 1938 Pro-

525 1993 815 2034 connesum
842 1981 1179 2048 ejicerentur,
1220 1977 1395 2048 posito
1421 1977 1559 2044 velo,
1591 1977 1823 2033 Tritonis
1847 1993 2098 2048 promou-

525 2071 719 2124 toriut'n
749 2071 1229 2139 pra:tervehuutur,
1253 2075 1308 2123 et
1340 2068 1408 2122 ibi
1431 2068 1586 2137 jactis
1609 2069 1856 2124 anchoris
1880 2083 2094 2123 manse-

523 2169 667 2225 runt,
699 2169 934 2216 austrum
963 2169 1334 2232 exspectantes
1353 2161 1711 2229 utApameam
1739 2163 2090 2230 appellercnt.

527 2251 662 2306 Cum
699 2266 826 2321 ergo
869 2252 1087 2306 biduum
1121 2249 1292 2323 jejuni
1336 2252 1721 2319 perstitissent,
1764 2251 1815 2305 in
1859 2253 2096 2306 navicula

522 2344 704 2413 agitati
729 2384 744 2411 ,
777 2345 931 2398 tertia
957 2344 1044 2400 dic
1071 2346 1360 2416 Apameam
1385 2344 1638 2413 appulere
1663 2387 1677 2412 ,
1723 2345 1813 2398 ubi
1838 2343 2096 2399 Joannem

525 2442 768 2488 nostrum
795 2435 1172 2504 exSpectabant
1196 2435 1390 2489 Paulus
1418 2473 1431 2497 ,
1473 2433 1698 2504 Cyrinus
1724 2446 1778 2488 et
1809 2433 2096 2488 Palladius.

525 2524 635 2579 llos
655 2525 795 2580 enim
817 2525 914 2580 viae
937 2527 1156 2582 comites
1179 2535 1545 2595 assumpserat
1561 2526 1988 2597 Chrysostomus,
2009 2543 2101 2597 pe-

521 2611 786 2684 dibusque
829 2615 1070 2670 confecto
1111 2616 1298 2672 itinere
1337 2614 1602 2686 Ephesum
1648 2617 1980 2686 perveniunt.
2035 2618 2101 2671 Et

525 2708 857 2777 congregatis
879 2707 1059 2778 Lydiae
1081 2748 1096 2774 ,
1127 2709 1268 2763 Asiae
1289 2751 1303 2776 ,
1337 2718 1493 2779 atque
1519 2706 1687 2762 Carite
1715 2708 1976 2778 episcopis
1998 2725 2098 2763 nu-

525 2814 678 2854 mero
706 2801 1034 2871 septuaginta
1053 2842 1070 2869 ,
1101 2801 1169 2856 de
1193 2800 1615 2856 ordinationibus
1638 2799 1893 2854 faciendis
1920 2802 2097 2856 statim

520 2898 701 2943 actum
745 2899 846 2946 est.
899 2891 1045 2946 Multi
1080 2882 1224 2947 tunc
1266 2893 1620 2954 advenerant,
1671 2893 2004 2962 maximeque
2031 2907 2099 2947 ex

525 2980 841 3052 Phrygibus,
864 2998 970 3036 uno
993 2982 1240 3037 audiendi
1268 2983 1631 3053 Chrysostomi
1653 2981 1826 3036 studio
1846 2981 2095 3052 permoti,

525 3082 638 3126 tum
668 3074 896 3130 maxime
921 3075 1038 3145 ejus
1065 3075 1321 3145 sapientia
1348 3075 1559 3129 fruituri
1579 3117 1593 3137 ,
1624 3090 1743 3129 cum
1771 3072 1979 3129 afﬂictis
2010 3089 2097 3129 re-

523 3163 625 3218 bus
650 3164 894 3220 Asiaticis
919 3205 935 3230 ,
966 3175 1018 3220 et
1045 3180 1075 3220 a
1100 3167 1279 3220 multis
1304 3165 1394 3234 qui
1423 3165 1622 3220 zizania
1670 3166 2004 3219 inserueraut
2042 3165 2095 3220 in

526 3254 845 3310 deteriorem
890 3265 1083 3309 statum
1130 3255 1360 3311 reductis
1398 3273 1410 3309 :
1455 3271 1577 3310 nam
1624 3256 1974 3324 profluentem
2025 3256 2096 3324 pii

525 3344 760 3399 doctoris
784 3345 1134 3416 eloquentiam
1160 3347 1320 3401 tantis
1343 3347 1494 3401 malis
1513 3346 1758 3402 solatium
1784 3347 2094 3402 afferentem

527 3437 805 3507 excepturi
831 3446 1002 3492 erant.

596 3526 801 3582 Interea
826 3527 1050 3582 accessit
1065 3527 1323 3584 Eusebius
1350 3520 1438 3584 ille
1457 3528 2094 3598 Valentinianopolitanus

525 3618 804 3688 episcopus
845 3618 1090 3690 (Pallad.
1134 3622 1341 3692 p.155.
1392 3621 1570 3693 156),
1614 3621 1682 3677 de
1721 3638 1827 3693 quo
1871 3624 2095 3693 plurima

528 3707 760 3764 diximus
788 3725 968 3778 supra,
998 3711 1085 3780 qui
1113 3727 1204 3764 sex
1234 3712 1512 3781 episc0pos
1541 3712 1671 3766 alios
1692 3713 1995 3779 accusabat,
2026 3713 2094 3767 ad

535 3801 960 3856 communionem
991 3803 1196 3856 admitti
1241 3819 1453 3872 rogans.
1505 3803 1700 3859 Contra
1729 3820 1855 3859 vero
1881 3805 2093 3875 quidam

526 3891 758 3960 episcopi
786 3907 888 3946 non
911 3893 1292 3947 admittendum
1313 3893 1578 3962 dicebant,
1601 3903 1780 3964 utpote
1801 3896 2108 3966 sycophan-'

529 3991 658 4034 tam.
710 3981 888 4051 Pergit
918 3983 1007 4037 ille
1032 3983 1365 4053 supplicans,
1398 3986 1518 4054 quia
1552 3989 1659 4054 jam
1697 3987 1911 4041 biennio
1937 4002 2095 4042 causa

527 4073 866 4138 examinata,
920 4085 974 4129 et
1021 4092 1124 4129 non
1175 4075 1576 4132 advenientibus
1623 4078 1844 4133 testibus
1888 4079 2094 4149 longius

526 4170 759 4216 extracta
805 4162 1012 4229 fuerat,
1062 4173 1118 4218 ut
1162 4173 1325 4220 testes
1371 4167 1770 4236 producantur:
1801 4171 1901 4224 etsi
1950 4172 2093 4225 enim

525 4255 858 4320 Antoninus,
887 4257 974 4325 qui
1001 4272 1244 4312 nummos
1266 4269 1542 4328 acceperat
1571 4272 1627 4314 ut
1653 4261 1959 4327 ordinaret,
1985 4262 2093 4330 jam

525 4358 772 4402 mortuus
792 4357 926 4414 erat,
951 4365 1230 4418 superesse
1260 4359 1434 4405 tamen
1464 4367 1576 4418 eos,
1605 4353 1696 4422 qui
1720 4355 1942 4422 pecunia
1974 4353 2095 4408 data

528 4441 754 4494 ordinati
767 4439 993 4497 fuerant.
1011 4442 1255 4514 Synodus
1269 4458 1393 4497 vero
1409 4459 1520 4498 rem
1545 4445 1955 4514 perquirendam
1978 4460 2096 4500 esse

527 4532 754 4585 censuit.
786 4531 965 4585 Primo
994 4532 1128 4586 lecta
1156 4543 1279 4586 sunt
1305 4544 1461 4598 acta;
1493 4532 1716 4604 ingressi
1744 4545 1867 4589 sunt
1897 4545 2092 4602 testes;

528 4635 731 4676 necnon
780 4635 874 4676 sex
913 4621 1026 4687 illi,
1066 4622 1157 4692 qui
1199 4624 1422 4693 pecunia
1451 4623 1572 4679 data
1598 4625 1826 4680 ordinati
1864 4625 2094 4682 fuerant.

529 4712 598 4766 Et
620 4713 767 4768 initio
793 4715 1003 4784 quidem
1032 4716 1323 4787 negabant;
1355 4717 1673 4773 instantibus
1698 4733 1826 4774 vero
1853 4719 2094 4786 teSIibus,

527 4821 750 4872 quorum
778 4807 988 4876 quidam
1009 4809 1126 4863 laici
1145 4819 1315 4878 erant,
1337 4818 1392 4866 et
1415 4810 1625 4880 quidam
1647 4812 1960 4884 presbyteri,
1984 4813 2100 4882 qui-

528 4897 628 4951 bus
657 4914 768 4977 rem
811 4899 1142 4955 conﬁdenter
1187 4903 1459 4971 aperuisse
1497 4902 1842 4970 videbantur,
1889 4918 2097 4958 necnon

523 4989 842 5044 mulieribus
863 4990 1151 5059 nonnullis,
1175 5007 1292 5062 quae
1317 5001 1371 5047 et
1391 4993 1667 5064 pignorum
1698 5007 1791 5048 seu
1815 5007 2096 5048 munerum

530 5081 797 5154 speciem,
835 5091 890 5137 et
924 5083 1037 5138 loca
1067 5091 1124 5139 et
1151 5092 1387 5156 tempora
1413 5095 1468 5140 et
1506 5089 1851 5156 quantitatem
1893 5087 2097 5142 indica-

529 5171 679 5240 bant,
707 5175 1028 5233 reclamante
1056 5177 1182 5233 item
1209 5179 1529 5235 conscientia
1550 5222 1564 5245 ,
1595 5181 1752 5244 ultro,
1785 5196 1882 5236 nec
1912 5182 2101 5250 majori

529 5269 848 5324 necessitate
880 5270 1172 5340 compulsi,
1213 5271 1444 5328 confessi
1485 5283 1608 5328 sunt
1644 5288 1703 5329 se
1731 5288 1952 5329 munera
1985 5274 2098 5328 sol-

444 5432 449 5437 ι
534 5357 677 5414 visse
703 5400 720 5426 ,
749 5361 909 5415 talem
947 5377 1065 5417 esse
1089 5364 1522 5419 consuetudinem
1550 5374 1796 5435 putantes
1817 5407 1832 5426 .
1878 5374 1931 5419 et
1956 5380 2096 5420 nunc

529 5463 688 5504 orare
706 5491 722 5516 ,
750 5451 794 5505 si
821 5451 897 5506 fas
924 5461 1096 5509 tamen
1118 5465 1278 5521 esset,
1313 5456 1364 5510 in
1393 5457 1644 5513 Ecclesiae
1664 5458 1960 5513 ministerio
1987 5473 2101 5512 ser-

527 5544 681 5608 vari;
725 5546 808 5600 sin
851 5546 1060 5622 minus,
1109 5557 1167 5604 ut
1208 5563 1426 5616 aurum,
1473 5550 1614 5619 quod
1651 5551 1953 5615 solverant,
1998 5549 2100 5604 sibi

530 5637 842 5694 redderetur
867 5658 880 5694 :
913 5643 1123 5712 quidam
1149 5644 1288 5698 enim
1317 5657 1383 5698 ex
1409 5643 1512 5698 illis
1539 5657 1762 5697 uxorum
1801 5641 2102 5711 supellecti-

525 5729 637 5787 lem
662 5732 939 5790 dederant.
982 5735 1117 5790 Tum
1144 5735 1375 5791 Joannes
1398 5735 1809 5808 Chrysostomus
1838 5750 1867 5789 e
1902 5749 1960 5788 re
1989 5731 2102 5788 fore

528 5825 634 5882 sibi
652 5827 814 5882 videri
833 5827 984 5896 dixit,
1004 5829 1043 5884 si
1062 5829 1269 5900 juberet
1285 5829 1526 5900 Synodus
1544 5827 1691 5884 reddi
1711 5827 1811 5884 illis
1831 5842 2015 5883 aurum
2033 5825 2100 5882 ab

1592 397 1648 452 S.
1691 394 1968 452 JOANNIS
2003 391 2476 451 CHRYSOSTOMI
2518 393 2699 460 VITA,

3681 395 3784 452 183

2208 509 2530 565 hmredibus.
2552 507 2810 578 Praecepit
2835 521 2963 578 ergo
2984 505 3249 578 Synodus,
3274 514 3332 562 ut
3351 506 3619 563 illicontra
3642 509 3782 582 leges

2205 616 2385 657 sacras
2409 599 2636 655 ordinati
2663 614 2850 655 aurum
2872 615 3024 654 suum
3054 599 3357 668 reciperent
3387 598 3456 654 ab
3481 598 3782 656 hmredibus

2205 692 2460 748 Antonini
2482 733 2496 758 ,
2525 702 2578 746 et
2603 691 3060 747 communicarent
3085 692 3221 746 intra
3247 691 3414 746 altare
3442 709 3455 745 :
3481 701 3662 747 essent
3689 706 3786 746 au-

2207 797 2313 841 tem
2339 786 2450 855 jam
2477 801 2584 839 non
2613 784 2921 839 sacerdotes
2939 825 2956 849 ,
2992 783 3085 838 sed
3113 799 3176 839 ex
3203 784 3568 839 sacerdotibus
3595 801 3608 836 :
3636 783 3712 838 Ne
3739 787 3783 838 si

2205 879 2306 934 ista
2321 877 2756 941 concederemus,
2780 891 2898 932 mos
2924 875 3074 932 ﬁeret
3100 876 3351 931 Judaieus
3375 875 3775 947 autASgyptius,

2205 968 2466 1022 vendendi
2489 977 2646 1037 atque
2671 966 2884 1022 emendi
2914 965 3295 1021 sacerdotium.
3333 966 3618 1021 Dicebatur
3639 967 3779 1024 enim

2207 1057 2511 1113 Judaeorum
2541 1057 2894 1128 patriarcham
2919 1056 3146 1127 singulis
3175 1058 3327 1111 annis
3352 1099 3366 1122 ,
3414 1067 3505 1112 aut
3531 1072 3671 1112 anno
3701 1053 3787 1111 in?

2207 1149 2428 1218 terjecto
2448 1189 2462 1213 ,
2504 1164 2534 1203 a
2559 1163 2841 1219 synagoga:
2867 1147 3191 1218 principibus
3231 1147 3462 1215 mutari,
3504 1148 3570 1203 ad
3602 1163 3780 1203 corra-

2209 1239 2434 1294 dendam
2464 1240 2765 1310 pecuniam.

2280 1334 2476 1388 Horum
2505 1337 2742 1388 omnium
2773 1334 3053 1389 exstabant
3079 1341 3193 1388 acta
3215 1342 3268 1389 et
3305 1334 3538 1404 judicum
3566 1333 3781 1390 nomina

2209 1423 2442 1493 (Pallad.
2482 1443 2534 1495 p.
2568 1425 2690 1494 1'57)
2724 1441 2737 1477 :
2774 1439 2837 1480 ac
2871 1425 2961 1495 qui
3005 1425 3213 1478 fuerant
3257 1424 3530 1494 depositi,
3581 1424 3779 1496 Synodi

2203 1517 2404 1586 judicio
2429 1519 2810 1587 acquieverunt
2833 1558 2848 1582 ,
2891 1532 3132 1588 unusque
3157 1534 3220 1572 ex
3249 1518 3350 1571 illis
3382 1517 3552 1573 factus
3577 1527 3658 1572 est
3683 1533 3781 1572 ue-

2206 1609 2470 1678 gotiorum
2496 1609 2820 1678 publicorum
2851 1608 3119 1664 defensor.
3145 1608 3198 1661 lu
3217 1609 3577 1679 depositorum
3605 1619 3779 1664 autem

2208 1699 2380 1753 locum
2402 1700 2590 1755 delecti
2614 1711 2734 1755 sunt
2755 1701 2841 1755 alii
2863 1717 2968 1756 non
2998 1703 3261 1772 conjugati
3289 1744 3304 1769 ,
3332 1704 3439 1757 vita
3471 1710 3524 1758 et
3544 1703 3780 1758 doctrina

2207 1792 2400 1846 ornati.
2449 1792 2780 1848 Heraclidem
2808 1809 2935 1848 vero
2970 1795 3022 1848 in
3052 1795 3304 1848 Antonini
3333 1795 3506 1850 locum
3534 1795 3782 1866 Synodus

2207 1884 2499 1949 constituit,
2518 1885 2687 1938 virum
2715 1885 3001 1956 eucyclicis
3025 1885 3320 1955 disciplinis
3340 1886 3538 1955 optime
3565 1887 3783 1941 institu-

2208 1984 2350 2043 tum,
2396 1987 2450 2030 et
2484 1977 2534 2030 in
2564 1976 2757 2032 divinis
2786 1977 3073 2046 Scripturis
3101 1979 3334 2046 peritum
3356 2019 3370 2042 ,
3398 1979 3488 2048 qui
3519 1980 3570 2032 in
3597 1993 3782 2034 eremo

2206 2069 2553 2123 monasticam
2581 2069 2738 2122 vitam
2766 2076 2980 2138 egerat,
3009 2077 3064 2123 et
3091 2069 3179 2138 qui
3214 2085 3306 2138 per
3337 2079 3444 2123 tres
3474 2085 3641 2124 annos
3664 2070 3783 2124 dia-

2207 2172 2374 2213 conus
2400 2157 2588 2212 fuerat.
2619 2159 2884 2213 Palladius
2910 2174 3040 2213 vero
3063 2200 3076 2222 ,
3104 2159 3192 2228 qui
3225 2159 3346 2214 huic
3371 2159 3586 2231 Synodo
3613 2161 3778 2215 inter-

2207 2248 2403 2314 fuerat,
2439 2249 2567 2304 dicit
2591 2249 2851 2303 Joannem
2893 2265 2993 2304 sex
3024 2251 3302 2318 episcopos
3345 2250 3399 2304 in
3441 2252 3538 2304 hac
3573 2251 3782 2306 scilicet

2206 2341 2476 2410 provincia
2511 2350 2710 2395 tantum
2746 2340 3093 2411 deposuisse,
3128 2357 3230 2395 non
3269 2351 3446 2395 autem
3487 2341 3780 2406 sexdecim,

2206 2441 2264 2486 ut
2289 2432 2642 2487 mentiebatur
2662 2431 3009 2502 The0philus,
3032 2431 3397 2502 Chrysostomi
3427 2440 3702 2486 accusator
3729 2443 3784 2487 et

2208 2522 2470 2577 inimicus.

2279 2611 2605 2666 Sozomenus
2647 2625 2775 2666 vero
2822 2611 2951 2667 dicit
2999 2613 3230 2684 (Sozam.
3262 2613 3298 2667 ι.
3334 2612 3388 2668 8.
3433 2629 3479 2666 c.
3511 2613 3570 2683 6)
3607 2613 3781 2682 ipsum

2208 2704 2461 2758 tredecim
2511 2704 2788 2774 episcopos
2828 2703 3141 2774 deposuisse
3187 2705 3376 2774 partim
3424 2705 3478 2758 in
3523 2703 3680 2775 Lycia
3728 2715 3784 2758 et

2206 2797 2432 2870 Phrygia
2454 2839 2468 2863 ,
2519 2799 2708 2866 partim
2738 2798 2790 2851 in
2820 2797 2943 2851 Asia
2969 2839 2984 2862 ,
3017 2798 3088 2850 ita
3125 2807 3182 2851 ut
3213 2812 3334 2851 cum
3377 2804 3513 2850 teste
3538 2795 3782 2850 Palladio

2209 2901 2334 2945 tune
2356 2899 2615 2960 praesente
2641 2905 2736 2946 sex
2766 2890 2816 2944 in
2851 2890 2974 2944 Asia
3005 2889 3337 2959 deposuerit,
3386 2899 3590 2958 septem
3617 2889 3776 2942 etiam

2206 2982 2259 3037 in
2288 2982 2445 3054 Lycia
2471 2994 2524 3037 et
2564 2982 2792 3053 Phrygia
2843 2998 2909 3036 ex
2950 2981 3166 3035 sedibus
3211 2979 3453 3035 moverit.
3497 2979 3641 3034 Inter
3679 2977 3781 3032 hos

2205 3083 2381 3128 autem
2406 3073 2718 3129 Gerontium
2747 3071 3203 3128 Nicomediensem
3231 3073 3537 3142 episcopum
3564 3086 3628 3126 ex
3651 3068 3780 3124 sede

2205 3165 2426 3235 expulit.
2457 3165 2555 3219 Hic
2588 3175 2764 3219 autem
2793 3180 2914 3219 cum
2949 3164 3229 3219 Mediolani
3254 3164 3509 3219 diaconus
3536 3172 3714 3225 esset,
3747 3177 3778 3216 a

2205 3254 2264 3311 S.
2306 3255 2588 3310 Ambrosio
2629 3256 2881 3326 episc0po
2918 3263 2975 3308 ut
3010 3269 3163 3309 sacro
3196 3254 3489 3308 ministerio
3530 3252 3779 3323 indignus

2205 3347 2455 3416 expulsus
2500 3345 2690 3400 fuerat.
2741 3345 2876 3400 Hinc
2903 3359 3022 3399 cum
3057 3343 3555 3413 Constantinopolin
3599 3345 3778 3398 venis-

2205 3448 2308 3506 set,
2346 3448 2405 3493 ut
2428 3447 2543 3494 erat
2567 3439 2713 3493 vafer
2740 3447 2794 3492 et
2821 3447 3026 3492 astutus
3051 3478 3065 3502 ,
3098 3435 3452 3506 quorumdam
3487 3449 3588 3504 ope
3616 3433 3776 3489 Nico-

2204 3531 2531 3585 mediensem
2557 3529 2909 3599 episc0palem
2936 3527 3118 3583 sedem
3143 3527 3364 3596 adeptus
3386 3535 3487 3581 est.
3520 3527 3598 3582 lle
3625 3541 3777 3581 com-

2205 3633 2356 3692 perta
2384 3623 2696 3677 Ambrosius
2723 3620 2967 3675 Nectario
2991 3621 3243 3690 episeopo
3285 3618 3778 3688 Constantinopoli-

2205 3723 2331 3769 tano
2391 3714 2644 3784 scripsit,
2691 3723 2749 3768 ut
2791 3712 3106 3768 Gerontium
3160 3727 3226 3767 ex
3278 3709 3564 3781 episcopali
3608 3709 3776 3779 gradu

2205 3806 2478 3876 dejiceret.
2523 3805 2662 3860 Nihil
2707 3820 2813 3860 non
2861 3804 2967 3875 egit
3011 3804 3326 3868 Nectarius,
3369 3810 3426 3857 ut
3462 3801 3774 3857 Gerontium

2205 3898 2528 3968 deponeret;
2571 3897 2667 3953 sed
2710 3897 2901 3951 frustra
2940 3911 3152 3951 cessere
3189 3904 3411 3950 conatus
3442 3912 3456 3948 :
3482 3893 3773 3948 Gerontius

2205 3991 2345 4045 enim
2363 3987 2851 4045 Nicomediensibus
2867 3988 3152 4042 admodum
3171 3995 3350 4057 gratus
3365 3995 3502 4053 erat,
3519 3984 3770 4055 quoniam

2203 4083 2256 4136 in
2270 4081 2530 4136 medicina
2551 4082 2771 4151 peritus,
2803 4081 2945 4134 illam
2965 4089 3132 4134 artem
3154 4078 3451 4142 exercebat,
3468 4092 3530 4132 ac
3544 4077 3776 4131 dexteri-

2204 4183 2312 4230 tate
2335 4184 2388 4229 et
2408 4175 2714 4241 sedulitate,
2755 4175 2924 4244 inquit
2950 4173 3276 4227 Sozomenus
3297 4212 3312 4237 ,
3338 4187 3462 4242 erga
3491 4184 3679 4226 omnes
3708 4185 3775 4225 ex

2204 4282 2377 4338 aequo,
2413 4277 2515 4321 tam
2538 4281 2796 4337 pauperes
2822 4281 2977 4336 quam
3005 4265 3217 4329 divites,
3251 4263 3512 4318 utebatur.
3541 4261 3777 4316 Joannes

2206 4376 2334 4414 vero
2365 4359 2511 4413 illum
2555 4357 2838 4427 deposuit,
2887 4365 2941 4411 et
2980 4357 3030 4410 in
3068 4355 3242 4411 locum
3269 4356 3384 4425 ejus
3414 4354 3773 4424 PanSOphium

2204 4449 2486 4505 ordinavit.
2509 4448 2636 4515 Qua:
2657 4463 2744 4502 res
2769 4447 3255 4502 Nicomediensibus
3279 4445 3562 4500 admodum
3592 4443 3782 4514 displi-

2203 4541 2334 4607 cuit,
2365 4555 2464 4594 nec
2489 4555 2640 4593 secus
2670 4553 2828 4608 quam
2862 4538 2914 4590 in
2943 4537 3261 4600 calamitate,
3303 4544 3393 4589 aut
3425 4545 3578 4589 terrae
3604 4545 3773 4598 motu,

2202 4632 2287 4687 vel
2312 4631 2568 4695 siccitate,
2597 4645 2691 4698 per
2712 4629 2911 4697 plateas
2940 4627 3165 4682 civitatis
3192 4641 3302 4680 suae
3327 4634 3381 4680 et
3401 4622 3778 4678 Constantino-

2204 4725 2311 4796 poli
2341 4725 2733 4779 circumeuntes
2775 4721 3104 4791 psallebant,
3152 4720 3365 4788 Deoque
3409 4715 3781 4787 supplicabant

2204 4825 2263 4872 ut
2288 4817 2433 4870 illum
2459 4815 2764 4884 episcopum
2789 4813 3064 4867 haberent.
3104 4809 3231 4864 liazc
3265 4824 3394 4864 vero
3417 4806 3655 4863 Gerontii
3679 4805 3782 4860 de-

2205 4908 2396 4979 positio
2434 4906 2534 4960 sub
2579 4906 2696 4959 lucc
2739 4903 2929 4961 Joanni
2969 4901 3352 4972 Chrysostomo
3395 4899 3605 4968 objecta
3654 4896 3774 4958 fuit,

2204 4998 2416 5070 quando
2444 4998 2532 5052 illa
2567 5006 2709 5051 tanta
2739 4995 2991 5050 adversus
3027 4994 3199 5064 ipsum
3229 5001 3515 5062 tempestas
3540 4999 3655 5044 orta
3695 4998 3782 5042 est

2208 5091 2381 5164 (Socr.
2414 5091 2452 5145 ι.
2484 5090 2536 5143 6.
2559 5105 2604 5141 c.
2635 5089 2721 5142 ll.
2751 5097 2798 5140 et
2826 5086 2937 5157 19).
2981 5085 3289 5139 Novatianis
3325 5091 3575 5137 autemet
3609 5081 3782 5147 Quar-

2207 5180 2552 5236 todecimanis
2577 5179 2799 5248 aliisque
2811 5177 3074 5232 haereticis
3091 5176 3282 5229 multas
3293 5173 3542 5229 ecclesias
3555 5171 3778 5228 ademit.

2205 5274 2381 5343 Atque
2407 5271 2600 5340 Ephesi
2622 5285 2742 5324 cum
2766 5277 2926 5337 esset,
2958 5268 3125 5337 inquit
3151 5265 3392 5330 Proclus,
3423 5265 3577 5320 Mida:
3605 5263 3785 5317 cultus

2205 5379 2458 5420 arcanum
2500 5377 2659 5416 omne
2694 5361 2925 5425 detexit;
2962 5369 3161 5414 etcum
3189 5358 3243 5412 in
3277 5357 3558 5428 Phrygiam
3596 5355 3780 5408 venis-

2207 5465 2320 5522 set,
2361 5453 2514 5508 Matri
2555 5453 2720 5508 Deum
2749 5449 2964 5522 Cybelae
2991 5447 3128 5503 ﬁlios
3155 5461 3344 5503 omnes
3371 5445 3588 5500 abstulit
3612 5485 3625 5510 ,
3655 5459 3783 5497 cum

2207 5560 2392 5600 eorum
2421 5543 2611 5614 templa
2639 5541 2922 5598 destruxit.

2279 5641 2546 5696 Reversus
2582 5638 2992 5711 Chrysostomus
3023 5635 3145 5706 (lo.
3171 5634 3354 5706 Chrys.
3385 5643 3422 5688 ι.
3453 5635 3507 5695 5.
3562 5650 3608 5687 c.
3638 5627 3789 5701 579)

2208 5743 2277 5786 ex
2306 5723 2432 5785 Asia
2469 5732 2620 5802 quasi
2649 5745 2716 5784 ex
2743 5729 2898 5801 longa
2945 5727 3399 5798 peregrinatione,
3431 5725 3484 5778 in
3525 5740 3627 5798 qua
3663 5722 3792 5794 plus

2208 5839 2366 5897 quam
2379 5834 2588 5883 centum
2607 5824 2720 5881 dies
2734 5821 3366 5895 insumpserat,postridic
3381 5819 3676 5875 orationem
3697 5815 3796 5871 ιω.-
