4122 6386
390 431 488 487 185

386 547 501 601 buit
523 544 589 600 ad
617 545 866 616 populum
894 562 1071 613 suum,
1098 563 1255 618 quem
1283 548 1505 605 summis
1528 549 1774 605 laudibus
1799 550 1971 604 extol-

388 637 448 691 lit
482 636 623 707 quod
652 652 770 691 cum
804 647 951 694 tanto
983 638 1175 709 gaudio
1217 640 1367 695 illum
1397 640 1709 695 redeuntem
1738 654 1967 709 excepe—

388 732 514 796 rint,
540 729 683 800 quod
707 731 973 786 civitatem
1000 740 1165 787 totam
1190 732 1243 787 in
1269 731 1554 787 ecclesiam
1582 734 1963 793 converterint,

385 821 528 889 quod
550 836 671 876 cum
694 821 958 877 haereticis
981 823 1247 879 colluctati
1269 824 1396 879 sint.
1420 823 1688 894 Nusquam
1708 837 1833 877 vero
1854 831 1971 876 tan-

387 918 498 966 tum
527 912 704 982 gaudii
733 913 1006 979 exhibuit,
1033 922 1288 983 quantum
1331 914 1383 969 in
1414 913 1515 968 hac
1552 914 1810 969 concione
1831 952 1848 977 ,
1879 911 1969 967 ubi

386 1012 532 1058 certe
556 1002 642 1059 vel
678 1005 851 1074 primo
877 1003 1070 1059 intuitu
1098 1005 1420 1076 percipitur,
1448 1020 1552 1059 non
1581 1005 1788 1059 minore
1816 1003 1967 1057 illum

386 1095 653 1151 desiderio
676 1096 745 1150 ad
775 1096 981 1165 plebem
1010 1097 1315 1152 revertendi
1354 1105 1567 1169 captum
1597 1097 1779 1163 fuisse,
1808 1112 1966 1166 quam

386 1186 613 1253 p0pulus
636 1195 775 1241 totus
797 1186 1023 1257 pastoris
1043 1186 1123 1241 sui
1149 1186 1392 1243 absentis
1414 1186 1701 1257 recipiendi
1721 1187 1967 1256 cupidine

387 1276 683 1330 tenebatur.

456 1367 752 1438 Regressus
779 1384 908 1425 vero
950 1368 1302 1441 deprehendit
1341 1370 1691 1426 Severianum
1735 1369 1964 1427 Gabalo-

384 1477 504 1515 rum
547 1462 877 1531 episcopum,
912 1463 997 1517 cui
1037 1463 1089 1517 in
1115 1462 1440 1532 profectione
1458 1479 1553 1519 sua
1578 1479 1793 1535 gregem
1810 1479 1962 1519 suum

386 1552 885 1618 commendaverat,
924 1552 1053 1607 nihil
1097 1568 1203 1608 non
1245 1554 1418 1624 egisse
1464 1564 1519 1607 ut
1562 1555 1849 1624 populum,
1879 1555 1966 1610 cui

387 1659 529 1712 saepe
549 1643 979 1710 concionabatur,
999 1645 1098 1701 sibi
1120 1647 1441 1711 conciliaret,
1464 1656 1516 1701 et
1540 1662 1567 1699 a
1586 1647 1965 1718 Chrysostomo

387 1746 687 1797 averteret;
715 1746 907 1808 atque,
942 1748 1000 1793 ut
1041 1740 1351 1807 putabatur,
1386 1748 1441 1793 ut
1481 1739 1626 1794 illum
1656 1756 1685 1793 a
1716 1754 1807 1792 sua
1836 1739 1964 1794 sede

387 1828 712 1893 deturbarat,
745 1846 907 1900 seque
936 1832 986 1885 in
1016 1832 1129 1901 ejus
1159 1833 1331 1905 locum
1360 1832 1723 1895 substitueret,
1747 1832 1963 1901 jamque

390 1936 419 1975 a
456 1920 747 1991 Serapione
790 1921 1013 1976 diacono
1069 1922 1302 1977 monitus
1346 1921 1758 1993 Chrysostomus
1782 1963 1797 1987 ,
1836 1922 1961 1976 dum

389 2012 580 2067 absens
596 2021 756 2077 esset,
776 2021 895 2081 post
915 2013 1138 2067 reditum
1162 2030 1272 2067 rem
1294 2014 1590 2069 accuratius
1610 2014 1961 2081 examinavit;

390 2117 452 2155 ac
468 2118 645 2157 veram
664 2118 783 2157 esse
810 2104 1075 2172 cognovit.
1106 2104 1231 2158 Erat
1248 2113 1422 2157 autem
1439 2103 1756 2161 Severianus
1770 2122 1964 2176 genere

390 2192 555 2263 Syrus
575 2236 590 2259 ,
620 2195 937 2263 eloquentiae
975 2195 1228 2261 studens,
1259 2197 1411 2264 cujus
1442 2195 1685 2250 homilias
1708 2198 1961 2267 quasdam

390 2283 664 2347 habemus,
680 2300 901 2354 quarum
917 2286 1086 2357 stylus
1100 2286 1295 2357 aliquid
1312 2287 1628 2341 inventionis
1643 2303 1751 2357 prae
1768 2304 1826 2343 se
1842 2289 1961 2355 fert,

389 2375 484 2429 sed
502 2376 758 2446 strigosus
785 2389 837 2431 et
861 2392 1017 2446 asper
1037 2387 1119 2433 est
1140 2394 1154 2443 ;
1184 2380 1252 2433 ita
1270 2389 1326 2434 ut
1351 2380 1703 2449 eloquentiam
1721 2381 1835 2449 ejus
1860 2381 1968 2436 fer-

390 2484 535 2523 ream
566 2478 719 2524 vocet
746 2470 991 2525 Savilius.
1020 2470 1068 2526 Is
1098 2474 1273 2543 itaque
1300 2482 1355 2529 et
1381 2474 1516 2529 alius
1539 2475 1817 2544 cpiscopus
1842 2474 1968 2529 Pto-

390 2558 631 2615 lctnaidis
653 2601 668 2625 ,
701 2561 990 2617 Antiochus
1034 2565 1284 2630 nomine,
1314 2565 1400 2634 qui
1445 2566 1762 2635 eloquentiae
1804 2568 1963 2620 etiam

388 2651 656 2716 studebat,
688 2653 823 2707 inter
852 2655 1201 2724 primipilares
1224 2656 1443 2712 Joannis
1479 2656 1841 2729 Chrysostomi
1867 2660 1965 2713 ini-

391 2742 560 2797 micos
594 2744 843 2815 deinceps
862 2747 1297 2802 numerabuntur.
1328 2748 1649 2805 Severianus
1672 2765 1774 2804 non
1796 2750 1964 2820 plebis

390 2837 550 2891 modo
567 2836 1166 2909 Constantinopolitanm
1188 2841 1433 2896 affectum
1464 2854 1517 2896 et
1541 2842 1963 2899 benevolentiam

390 2926 493 2981 sibi
518 2938 731 2997 captare
758 2930 1037 2997 studebat,
1070 2932 1163 2986 sed
1205 2934 1361 2987 etiam
1389 2932 1441 2987 in
1467 2932 1804 3003 lmperatoria
1843 2934 1965 2988 aula

390 3018 491 3072 sibi
521 3019 771 3073 Eudoxia:
793 3023 1043 3090 Augustae
1060 3023 1281 3092 gratiam
1299 3024 1692 3089 conciliaverat,
1721 3025 1967 3080 ambitio-

391 3109 475 3163 nis
494 3110 670 3165 studio
695 3122 985 3180 permotus.
1013 3113 1163 3168 Caeca
1184 3114 1324 3169 enim
1352 3124 1404 3170 et
1426 3117 1703 3171 temeraria
1729 3117 1968 3171 domina-

393 3202 523 3256 trice
547 3203 709 3257 animi
738 3204 1024 3274 cupiditate
1052 3206 1347 3261 stimulatus
1375 3207 1578 3262 nullum
1610 3208 1833 3279 lapidem
1859 3224 1966 3264 non

392 3303 651 3349 moverat.

462 3387 619 3440 Aliud
635 3386 703 3441 de
725 3386 1014 3443 Severiano
1034 3389 1193 3443 refert
1211 3388 1452 3445 Socrates
1472 3390 1647 3462 (Socr.
1671 3392 1708 3448 ι.
1733 3392 1784 3447 6.
1808 3410 1853 3449 c.
1880 3393 1965 3447 ii.

394 3477 600 3531 Sozam.
625 3480 664 3533 ι.
693 3478 746 3533 8.
773 3496 821 3533 c.
850 3478 973 3548 10),
1001 3481 1140 3549 quod
1167 3495 1359 3550 nempe
1383 3482 1603 3552 Serapio
1620 3523 1635 3549 ,
1659 3484 1726 3537 de
1751 3498 1857 3553 quo
1882 3499 1971 3537 su-

395 3587 508 3640 pra,
530 3586 650 3627 cum
677 3571 887 3627 sederet
912 3573 1214 3642 aliquando,
1241 3576 1531 3629 transeunti
1561 3575 1846 3630 Severiano
1870 3576 1967 3629 ho-

395 3678 576 3718 norem
604 3664 853 3733 episcopo
882 3664 1117 3719 debitum
1145 3680 1251 3720 non
1282 3668 1610 3736 praestiterit,
1640 3668 1731 3721 sed
1759 3668 1810 3721 in
1842 3668 1971 3724 sede

392 3769 486 3810 sua
510 3758 876 3826 permanserit.
908 3757 1019 3825 Qua
1050 3774 1107 3813 re
1134 3770 1401 3827 permotus
1428 3760 1761 3826 Severianus,
1791 3776 1971 3816 coram

392 3848 639 3903 omnibus
665 3847 796 3902 dixit
827 3866 839 3899 :
871 3847 931 3902 Si
963 3847 1176 3919 Serapio
1201 3850 1444 3903 moriatur
1466 3849 1800 3917 Christianus,
1825 3851 1973 3906 Chri-

391 3947 498 3991 stus
519 3938 666 3991 homo
692 3955 792 3992 non
821 3942 984 4009 factus
1013 3950 1105 3994 est.
1134 3941 1244 3996 Hoc
1262 3940 1459 3996 dictum
1484 3953 1627 3998 certe
1650 3943 1971 4014 impietatem

392 4030 563 4098 sapit;
590 4029 807 4098 Serapio
832 4039 1008 4085 autem
1044 4031 1289 4102 maligne,
1306 4033 1533 4103 demptis
1561 4035 1821 4102 prioribus
1850 4050 1971 4091 ver-

395 4121 496 4187 bis,
512 4121 808 4179 afﬁrmabat
831 4124 1173 4180 Severianum
1193 4127 1304 4181 haec
1325 4128 1608 4197 protulisse
1628 4130 1807 4197 verba,
1826 4129 1973 4184 Citri-

391 4224 499 4269 stus
525 4217 673 4269 homo
701 4218 865 4285 factus
893 4236 992 4271 non
1025 4228 1099 4272 est
1121 4261 1137 4287 ,
1166 4222 1465 4291 multosque
1494 4236 1603 4276 sua:
1629 4221 1870 4277 factionis
1897 4230 1973 4275 te-

393 4314 505 4360 stes
530 4307 875 4376 producebat,
907 4310 995 4379 qui
1022 4310 1124 4365 hoc
1150 4326 1208 4366 se
1235 4327 1264 4367 a
1289 4311 1574 4367 Severiano
1599 4313 1795 4368 dictum
1823 4315 1973 4368 audi-

396 4400 536 4455 visse
560 4400 907 4467 affirmarent,
938 4403 1251 4461 Severianus
1281 4420 1428 4471 vero,
1457 4422 1516 4462 se
1545 4422 1650 4461 non
1681 4408 1749 4461 ita
1774 4408 1974 4464 dixisse

393 4494 752 4559 asseverabat,
780 4496 873 4550 sed
899 4505 1059 4550 totam
1082 4500 1420 4565 sententiam,
1448 4509 1503 4554 ut
1526 4516 1685 4569 supra
1700 4501 1967 4555 diximus:

395 4598 513 4652 quae
534 4593 710 4640 tamen
730 4596 781 4640 et
801 4586 912 4655 ipsa
931 4588 1087 4658 impia
1109 4604 1227 4643 cum
1249 4602 1407 4653 esset,
1422 4591 1738 4646 Severianus
1756 4608 1783 4645 a
1806 4591 1973 4664 Chry-

396 4684 633 4730 sostomo
656 4691 720 4731 ex
759 4679 891 4733 urbe
922 4680 1100 4747 pulsus
1127 4682 1223 4735 fuit
1248 4723 1261 4745 ,
1290 4692 1349 4736 ut
1374 4682 1446 4736 ait
1471 4683 1736 4739 Socrates.
1776 4683 1971 4739 Verum

395 4782 462 4820 ex
488 4765 849 4839 Chrysostomi
866 4771 1019 4826 dictis
1041 4782 1184 4842 patet
1201 4773 1543 4830 Severianum
1568 4792 1596 4829 a
1621 4777 1811 4847 populo
1833 4777 1970 4832 indi-

394 4869 589 4929 gnante
611 4863 885 4929 expulsum
917 4864 1076 4919 fuisse
1103 4864 1306 4937 (Chrys.
1340 4875 1377 4920 t.
1405 4869 1458 4923 '5.
1497 4879 1595 4927 col.
1618 4875 1764 4943 426).

469 4952 768 5008 Severianus
793 4956 908 5023 ﬁcte
927 4974 1037 5009 cum
1063 4958 1417 5029 Clirysoslomo
1440 4962 1974 5020 reconciliatur.—Sic

394 5046 648 5115 expulsus
684 5046 1003 5102 Severianus
1036 5048 1429 5106 Chalcedonem
1455 5055 1839 5124 commigravit.
1875 5057 1974 5113 Ve-

394 5156 510 5194 rum
526 5140 760 5195 Eudoxia
783 5142 1166 5216 Augusta,apud
1176 5161 1333 5217 quam
1344 5145 1501 5217 gratia
1515 5146 1716 5203 valebat
1733 5150 1975 5205 Severia-

395 5247 516 5297 nus,
532 5230 865 5289 Chalcedone
884 5236 1054 5304 ipsum
1075 5239 1359 5293 revocavit.
1378 5239 1524 5294 Multi
1540 5239 1971 5312 Chrysostomum

396 5324 693 5392 rogabant,
728 5325 1069 5383 Severianum
1100 5339 1158 5384 ut
1200 5331 1346 5402 prius
1387 5333 1439 5386 in
1471 5332 1879 5390 familiaritatem
1921 5345 1976 5392 et

395 5417 717 5486 colloquium
746 5418 1065 5487 admitteret,
1095 5438 1265 5494 neque
1291 5424 1341 5478 id
1369 5426 1649 5494 impetrare
1670 5440 1972 5496 potuerunt.

397 5506 617 5579 Demum
649 5509 880 5565 Eudoxia
902 5513 1138 5583 Augusta
1162 5516 1333 5584 ipsum
1363 5516 1511 5583 adiit,
1542 5528 1596 5570 et
1620 5517 1974 5575 Theodosium

395 5602 647 5656 tenellum
679 5603 840 5657 [ilium
865 5605 1087 5674 genibus
1109 5607 1225 5676 ejus
1249 5608 1497 5673 admovit,
1530 5624 1625 5679 per
1654 5610 1797 5665 illius
1820 5621 1978 5680 caput

392 5694 685 5758 obtestans,
715 5704 772 5749 ut
815 5695 1153 5751 Severianum
1183 5699 1234 5753 in
1264 5700 1545 5755 amicitiam
1587 5716 1735 5755 suam
1782 5703 1973 5757 admit-

396 5792 567 5848 teret;
617 5785 773 5855 idque
817 5785 1070 5856 demum,
1112 5805 1257 5860 :egre
1302 5800 1476 5847 tamen
1520 5793 1838 5864 impetravit.
1887 5796 1977 5852 Sic

395 5874 556 5931 antibo
577 5875 651 5932 illi
678 5876 849 5947 palam
870 5880 1084 5950 quidem
1106 5882 1429 5939 reconciliati
1454 5895 1609 5951 sunt;
1637 5888 1777 5943 intus
1800 5897 1973 5945 tamen

1537 433 1715 490 NUNC
1755 433 2016 491 PRIMUM
2058 434 2447 491 ADORNATA.

3549 382 3651 488 iss

2077 552 2211 606 alter
2234 551 2492 608 adversus
2527 550 2753 606 alterum
2791 547 3095 605 exulcerato
3120 547 3295 602 animo
3321 548 3649 625 permansit,

2076 642 2242 712 inquit
2267 643 2532 699 Socrates.
2562 640 2618 697 id
2654 655 2817 705 vero,
2849 639 2991 712 quod
3032 649 3301 710 postremo
3334 638 3551 710 adjicit,
3583 639 3649 694 de

2073 732 2358 788 Severiano
2377 733 2589 803 quidem
2619 731 2769 786 facile
2794 728 3071 791 credatur;
3104 728 3243 799 quod
3264 744 3392 784 vero
3417 728 3651 799 Chryso-

2073 834 2277 879 stomus
2303 832 2423 893 post
2460 822 2950 880 reconciliationem
2976 820 3284 877 exulcerato
3321 821 3499 876 animo
3522 835 3647 889 per—

2070 914 2348 978 manserit,
2377 915 2496 984 quis
2524 913 2742 969 credere
2766 911 2973 985 possit?
2997 912 3097 965 nisi
3123 910 3256 965 forte
3284 910 3360 965 sic
3384 910 3647 980 intelliga-

2072 1016 2184 1070 tur,
2216 1008 2654 1079 Chrysostomum
2680 1048 2698 1075 ,
2745 1021 2938 1077 nempe
2980 1018 3100 1059 cum
3148 1012 3329 1058 nosset
3373 1002 3645 1058 Severiani

2071 1099 2275 1155 vafrum
2301 1109 2353 1155 et
2377 1097 2713 1153 ambitiosum
2741 1096 2997 1162 animum,
3028 1109 3134 1150 non
3163 1102 3376 1163 putasse
3405 1093 3553 1148 illum
3578 1108 3645 1147 ex

2068 1193 2278 1247 sincero
2304 1190 2465 1246 corde
2492 1189 2778 1244 amicitiam
2807 1202 2957 1242 suam
2984 1187 3285 1256 expetiissc,
3318 1201 3416 1241 nec
3436 1184 3642 1240 firmam

2069 1282 2182 1336 fore
2230 1281 2714 1336 reconciliationem
2761 1278 3165 1334 existimavisse.
3232 1275 3384 1330 Nulla
3429 1275 3643 1331 demum

2070 1383 2244 1444 potest
2262 1373 2644 1444 Chrysostomo
2664 1372 2895 1428 adscribi
2924 1371 3058 1426 ficta:
3087 1370 3441 1425 reconciliatae
3461 1371 3644 1440 gratia:

2069 1466 2321 1536 snSpicio.
2352 1465 2605 1521 Restabat
2631 1475 2807 1519 autem
2848 1473 2906 1519 ut
2932 1463 3148 1534 populi,
3179 1464 3266 1534 qui
3298 1463 3641 1519 Severianum

2069 1560 2362 1629 eitpulerat,
2383 1558 2656 1613 iracundia
2677 1558 2971 1614 sedaretur.
2992 1556 3050 1611 ld
3070 1565 3241 1612 autem
3262 1556 3646 1630 Chrysostmno

2068 1651 2213 1707 dicto
2247 1652 2550 1707 audientem
2590 1652 2843 1721 p0pulum
2882 1649 3096 1705 habenti
3127 1665 3232 1704 non
3270 1648 3485 1705 difficile
3525 1650 3640 1705 fuit.

2069 1744 2390 1800 Concionem
2423 1745 2629 1813 habuit,
2660 1745 2726 1799 ad
2765 1760 2947 1815 pacem
2978 1760 3098 1799 cum
3127 1744 3415 1800 Severiano
3444 1742 3641 1799 facien-

2069 1836 2189 1891 dam
2221 1837 2469 1907 populum
2498 1837 2817 1901 cohortans;
2843 1846 3001 1905 utque
3027 1851 3055 1889 a
3081 1834 3339 1905 principio
3362 1834 3515 1889 dictis
3534 1835 3643 1889 suis

2070 1930 2423 2000 obsequentes
2444 1929 2711 1985 auditores
2731 1930 3126 1995 animadvertit,
3156 1930 3209 1983 in
3233 1926 3441 1983 laudem
3459 1942 3641 1983 eorum

2069 2036 2378 2087 conversus,
2400 2021 2541 2091 quod
2567 2029 2738 2076 tantas
2766 2023 2962 2075 irarum
2988 2034 3174 2075 causas
3200 2033 3259 2074 se
3284 2018 3527 2073 hortante
3551 2016 3645 2072 de-

2071 2113 2391 2181 posuissent,
2411 2128 2597 2182 pacem
2618 2120 2923 2185 perpetuam
2945 2109 3211 2182 precando
3230 2108 3644 2166 clauditbrevis-

2070 2204 2257 2258 simam
2303 2206 2637 2259 concionem.
2686 2204 2814 2259 Post
2859 2204 3005 2258 illum
3047 2202 3367 2259 Severianus
3411 2201 3478 2256 de
3515 2216 3645 2271 pace

2068 2296 2431 2362 concionatur,
2453 2311 2611 2365 quam
2630 2304 2810 2364 postea
2840 2310 3021 2365 pacem
3046 2294 3158 2364 ipse
3183 2293 3529 2363 perturbavit,
3547 2307 3646 2347 nec

2068 2387 2234 2441 multo
2264 2396 2501 2457 tempore
2528 2401 2558 2441 a
2585 2387 2752 2442 turbis
2780 2386 3058 2441 movendis
3084 2385 3358 2439 abstinuit.

2140 2478 2219 2533 Ex
2242 2479 2305 2532 iis
2324 2518 2339 2544 ,
2372 2493 2490 2548 qua:
2518 2478 2678 2532 modo
2709 2477 2935 2532 diximus
2956 2519 2971 2543 ,
3001 2477 3154 2532 facile
3185 2475 3449 2544 conjicere
3472 2474 3645 2546 possis

2070 2586 2315 2641 magnam
2344 2578 2470 2626 tunc
2497 2568 2661 2625 fuisse
2685 2568 3137 2639 Constantinopoli
3158 2577 3211 2623 et
3235 2568 3288 2621 in
3308 2566 3495 2621 vicinis
3519 2566 3641 2620 civi-

2071 2664 2265 2718 tatibus
2286 2678 2493 2718 morum
2516 2662 2891 2731 corruptelam.
2921 2661 3109 2716 Vidisti
3130 2659 3408 2729 episcopos
3429 2658 3648 2728 presby-

2068 2764 2351 2825 terosque,
2384 2755 2474 2825 qui
2506 2755 2622 2809 auri
2661 2754 2830 2824 pretio
2870 2760 2924 2808 et
2959 2751 3071 2807 fere
3099 2752 3269 2821 palam
3300 2750 3365 2805 ad
3393 2750 3647 2806 ecclesia-

2071 2848 2232 2902 sticas
2261 2845 2544 2915 dignitates
2572 2844 2963 2908 convolabant,
2994 2843 3215 2911 aliisque
3241 2841 3380 2895 vitiis
3405 2840 3512 2894 imo
3537 2853 3646 2894 sce-

2068 2937 2267 2993 leribus
2304 2936 2519 2992 obnoxii
2560 2946 2751 3002 erant,
2792 2946 2845 2990 et
2882 2934 3096 3004 quidem
3141 2946 3332 3002 magno
3373 2944 3596 2985 numero
3629 2947 3645 2983 :

2072 3030 2213 3084 inter
2236 3028 2522 3083 saeculares
2546 3042 2675 3081 vero
2704 3026 2855 3080 multi
2887 3032 3041 3079 erant
3066 3023 3275 3089 divites,
3308 3021 3638 3076 adulatorum

2069 3121 2529 3191 parasitorumque
2558 3119 2769 3189 agmine
2807 3116 3048 3182 obsessi,
3076 3115 3163 3185 qui
3195 3114 3409 3182 inopum
3441 3119 3649 3179 egesta-

2071 3224 2179 3271 tem
2199 3214 2330 3269 nihil
2355 3220 2604 3269 curarent
2628 3230 2641 3266 :
2663 3211 2752 3265 alii
2778 3210 2889 3265 auri
2914 3208 3162 3283 cupidine
3182 3205 3327 3260 ducti
3351 3204 3521 3258 nullas
3540 3218 3646 3257 non

2071 3305 2367 3363 ditescendi
2398 3305 2508 3359 vias
2548 3302 2825 3358 tentabant
2856 3319 2869 3354 :
2903 3302 2972 3355 ita
3003 3308 3094 3364 ut,
3127 3296 3268 3368 quod
3310 3311 3471 3366 supra
3506 3294 3653 3351 dice-

2071 3400 2280 3462 bamus,
2304 3413 2423 3452 cum
2451 3407 2605 3451 teme
2626 3405 2801 3449 motus
2825 3394 3029 3463 ingens,
3058 3390 3249 3445 multos
3273 3386 3652 3442 Constantino-

2072 3492 2428 3563 polilanorum
2452 3497 2657 3543 terrore
2680 3493 2953 3554 correptos
2977 3483 3042 3537 ad
3067 3481 3243 3551 fugam
3270 3476 3648 3548 capessendam

2076 3584 2389 3654 impulisset,
2421 3590 2479 3635 ut
2507 3581 2559 3634 in
2590 3576 2891 3649 longinquis
2917 3574 3218 3646 regionibus
3244 3572 3363 3625 vitae
3391 3569 3650 3625 securita-

2078 3683 2181 3729 tem
2210 3672 2310 3728 sibi
2351 3679 2631 3742 pararent;
2656 3683 2776 3723 cum
2807 3674 2991 3737 postea
3021 3672 3162 3718 metu
3191 3670 3432 3717 cessante
3459 3659 3528 3715 ad
3555 3674 3650 3714 sua

2073 3766 2454 3829 revertissent,
2498 3777 2557 3818 se
2598 3761 2758 3817 rebus
2801 3757 3046 3815 omnibus
3081 3770 3272 3810 vacuos
3313 3768 3430 3809 esse
3474 3753 3651 3807 mirati

2074 3869 2196 3913 sunt
2228 3874 2242 3911 :
2275 3872 2393 3911 nam
2434 3855 2523 3924 qui
2561 3855 2616 3908 in
2658 3853 2791 3909 urbe
2831 3857 3225 3913 remanserant,
3253 3847 3387 3903 bona
3412 3846 3650 3902 omnium

2075 3953 2372 4007 absentium
2408 3949 2710 4003 invaserant
2737 3954 2790 3999 et
2827 3943 3024 4014 praedia
3062 3947 3467 4010 occupaverant.
3497 3937 3650 3992 Vidi-

2075 4060 2196 4098 mus
2232 4052 2410 4097 autem
2452 4054 2615 4109 supra
2648 4038 3082 4109 Chrysostomum
3125 4047 3265 4086 anno
3306 4030 3412 4086 598
3457 4029 3653 4084 acriter

2076 4146 2316 4192 orantem
2338 4137 2389 4189 in
2413 4148 2525 4199 eos,
2550 4133 2636 4202 qui
2668 4140 2892 4197 tantum,
2912 4137 3020 4183 tam
3041 4125 3353 4183 Christianis
3378 4122 3649 4193 indignum

2076 4228 2279 4284 facinus
2301 4231 2688 4296 perpetrarant.
2715 4222 2897 4291 Neque
2923 4219 3063 4275 enim
3091 4217 3135 4272 is
3162 4226 3276 4271 erat
3298 4214 3529 4271 Joannes
3550 4228 3651 4267 no-

2077 4330 2207 4383 ster,
2240 4318 2327 4387 qui
2354 4316 2604 4384 frequens
2632 4309 3065 4373 concionabatur,
3097 4315 3155 4362 ut
3178 4307 3291 4362 haec
3320 4314 3375 4362 et
3401 4304 3501 4359 alia
3526 4304 3652 4357 vitia

2076 4421 2310 4475 taceret;
2345 4409 2438 4465 sed
2479 4408 2672 4463 acriter
2697 4404 3056 4460 insectabatur
3081 4401 3301 4456 divitum
3335 4399 3608 4453 avaritiam
3634 4438 3649 4462 ,

2076 4508 2388 4576 optimatum
2410 4501 2786 4570 arrogantiam,
2806 4498 3120 4552 feminarum
3143 4493 3424 4548 illustrium
3446 4491 3651 4553 luxum,

2077 4597 2353 4651 viduarum
2382 4592 2659 4646 mollitiem
2686 4588 2954 4655 vitamque
2977 4587 3250 4649 lascivam,
3273 4581 3651 4637 monachorum

2078 4689 2290 4758 indigna
2312 4694 2461 4755 gesta
2487 4725 2501 4750 ,
2534 4696 2653 4752 quae
2683 4694 2789 4734 non
2825 4677 2990 4733 semel
3018 4676 3188 4744 carpit
3216 4675 3267 4727 in
3308 4671 3656 4729 concionibus

2078 4782 2131 4837 in
2160 4781 2449 4851 Epistolam
2476 4776 2540 4831 ad
2572 4773 2858 4829 Haebmcos.
2890 4768 3231 4837 Clericosque
3256 4775 3310 4822 et
3334 4765 3656 4851 ecclesiasuf

2077 4888 2170 4928 cos
2195 4847 2420 4925 maxime
2444 4865 2848 4939 perstringebat,
2872 4872 2998 4916 tunc
3017 4860 3261 4916 omnibus
3286 4856 3495 4913 deditos
3514 4847 3665 4909 vitiis'

2079 4975 2135 5022 et
2154 4963 2529 5033 voluptatibus.
2556 4959 2773 5014 Plebem
2803 4968 3013 5025 quoque
3041 4952 3299 5007 acerrime
3326 4942 3663 5019 increpabat,

2079 5056 2221 5127 quod
2250 5054 2576 5110 circensibus
2616 5060 2669 5106 et
2710 5046 3056 5103 theatralibus
3095 5043 3232 5099 ludis
3267 5042 3443 5098 dedita
3466 5082 3480 5104 ,
3510 5041 3561 5095 in
3592 5054 3654 5095 ea

2078 5162 2197 5218 quae
2217 5162 2280 5201 ex
2305 5145 2387 5198 his
2408 5140 2723 5213 spectaculis
2751 5137 3056 5193 oriebantur
3075 5141 3395 5204 erumperet.
3422 5132 3491 5186 At
3511 5131 3655 5202 quod

2079 5241 2274 5296 mirum
2311 5238 2536 5293 fortasse
2564 5235 2823 5299 videatur,
2853 5232 2968 5287 haec
2998 5231 3178 5285 infima
3201 5238 3255 5285 et
3300 5243 3523 5283 numero
3554 5243 3655 5281 me-

2075 5332 2164 5402 jor
2186 5346 2307 5401 pars
2328 5329 2648 5394 auditorum,
2670 5327 2815 5380 illum
2839 5340 2896 5379 se
2920 5324 3288 5394 obiurgantem
3310 5320 3657 5376 libentissime

2080 5422 2367 5487 audiebat,
2400 5432 2457 5473 ut
2483 5419 2713 5474 vidimus
2737 5459 2752 5482 ,
2780 5426 2902 5487 post
2942 5416 3143 5471 Pascha
3170 5414 3294 5469 anni
3322 5413 3425 5470 389
3449 5455 3464 5478 ,
3500 5421 3555 5467 et
3579 5412 3654 5466 illi

2082 5529 2295 5583 semper
2329 5512 2537 5567 addicta
2587 5511 2710 5574 fuit;
2756 5519 2915 5579 atque
2963 5506 3403 5563 invalescentibus
3440 5504 3654 5560 demum

2083 5604 2447 5677 Chrysostomi
2496 5604 2721 5657 inimicis
2743 5642 2760 5668 ,
2789 5600 2921 5656 nihil
2961 5613 3068 5655 non
3108 5598 3247 5670 egit,
3285 5606 3343 5653 ut
3379 5612 3447 5652 ne
3477 5606 3655 5667 patitor

2082 5714 2209 5754 suus
2240 5701 2290 5753 in
2321 5696 2562 5753 exsilium
2592 5696 2894 5765 pelleretur.

2154 5791 2466 5862 Thwphilus
2492 5790 2638 5844 Alex.
2668 5798 2715 5843 et
2740 5787 2830 5841 alii
2851 5787 2965 5841 dira
2991 5786 3267 5841 moliuntur
3290 5785 3342 5837 in
3364 5783 3651 5852 Clarywsloc

2086 5904 2239 5942 mum.
2267 5916 2337 5927 —
2363 5884 2594 5940 Joannes
2617 5897 2681 5938 ea
2718 5880 2945 5937 Asiatico
2972 5879 3162 5937 itinere
3195 5891 3473 5944 reversus,
3508 5883 3654 5945 post-
