4122 6386
514 461 610 517 187

508 586 662 644 quam
693 583 873 641 pacem
901 567 1098 623 fecerat
1124 581 1246 621 cum
1275 563 1588 632 Severiano,
1617 565 1899 636 tranquille
1916 566 2079 620 vitam

507 667 703 722 ducere
720 677 876 734 posse
895 661 1188 716 videbatur.
1215 659 1411 714 Verum
1436 673 1531 714 nec
1552 659 1717 714 multo
1737 668 1856 728 post
1870 660 2084 731 plurimi

511 757 802 829 perniciem
853 755 968 824 ejus
1011 753 1295 809 machinati
1342 761 1484 807 sunt.
1531 752 1889 822 Primipilares
1935 761 2086 807 erant

507 847 834 919 'l‘hcophilus
855 845 1264 908 Alexandrinus,
1292 843 1516 898 Aeacius
1541 843 1766 909 Beroeaa,
1793 840 2086 897 Antiochus

508 936 875 1004 Ptolomaidis,
908 945 962 991 et
1000 933 1316 990 Severianus
1344 932 1684 999 Gabalorum,
1713 933 1801 1002 qui
1828 948 1996 1003 nuper
2023 934 2087 988 si-

510 1030 710 1084 mulate
746 1043 867 1083 cum
913 1028 1028 1096 ipso
1073 1041 1255 1096 pacem
1303 1025 1512 1080 inierat.
1553 1024 1879 1094 Theophilus
1909 1033 2084 1078 autem

509 1122 920 1187 Alexandrinus,
955 1120 1041 1190 qui
1068 1119 1168 1172 sibi
1199 1117 1340 1173 dicto
1366 1117 1640 1173 audientes
1667 1119 1860 1188 ubique
1885 1118 2088 1188 episco-

514 1227 608 1282 pos
638 1227 759 1267 esse
783 1209 1046 1280 cupiebat,
1075 1207 1183 1280 jam
1211 1210 1325 1280 ejus
1361 1207 1680 1265 ordinationi
1703 1209 2002 1275 obstiterat,
2034 1217 2088 1262 et

516 1305 634 1358 loco
661 1303 879 1357 Joannis
905 1303 1070 1355 nostri
1099 1301 1353 1355 isidorum
1381 1299 1663 1370 quemdam
1705 1302 1756 1354 in
1782 1299 2086 1354 Constanti-

514 1396 876 1464 nopolitanum
903 1395 1207 1464 cpiscOpum
1234 1393 1486 1449 inducere
1514 1401 1822 1458 tcutaverat,
1846 1402 1905 1447 ut
1925 1407 2086 1462 supra

513 1485 762 1551 vidimus,
787 1500 884 1540 nec
905 1485 1062 1538 linem
1086 1485 1208 1539 fecit
1228 1493 1412 1555 postea
1442 1483 1748 1538 occasiones
1769 1483 2012 1552 captandi
2029 1491 2090 1536 ut

515 1576 659 1629 illum
681 1590 710 1628 a
731 1574 855 1629 sede
876 1573 1200 1628 deturbaret.
1228 1573 1449 1628 Aeacius
1471 1583 1644 1627 autem
1667 1574 1753 1641 qui
1776 1573 1865 1626 diu
1885 1573 2088 1627 Berteze

515 1669 873 1736 «apiscOpatum
898 1682 1017 1720 cum
1049 1666 1204 1721 laude
1247 1675 1503 1737 gesserat,
1529 1665 1663 1721 hanc
1700 1667 1802 1721 sibi
1830 1667 2089 1722 maculam

522 1758 743 1824 inussit,
773 1766 824 1813 et
851 1768 1151 1812 sanctorum
1181 1757 1451 1812 hominum
1477 1757 1654 1812 odium
1681 1758 1733 1810 in
1781 1771 1838 1812 se
1859 1759 2092 1812 concita-

517 1852 610 1915 vit,
641 1866 761 1906 cum
790 1850 855 1906 ad
885 1860 992 1905 tam
1021 1858 1260 1906 sanctum
1288 1849 1596 1904 Pontificem
1630 1864 1660 1904 a
1685 1851 1812 1906 sede
1836 1849 2093 1920 dejicien-

516 1942 642 1996 dum
672 1941 870 1996 nullam
897 1957 1002 1996 non
1032 1941 1330 1996 machinam
1369 1940 1613 1995 intendit.
1646 1940 1941 1996 Antiochus
1963 1957 2091 1996 vero

517 2031 877 2095 Ptolemaidis,
901 2032 980 2086 vir
1005 2031 1249 2102 petulans
1268 2037 1323 2086 et
1341 2045 1474 2086 nova
1502 2031 1678 2085 moliri
1698 2031 1936 2102 cupiens,
1955 2031 2093 2102 jam-

517 2121 606 2175 diu
633 2130 818 2176 contra
848 2120 1284 2194 Chrysostomum
1324 2123 1700 2176 insurrexerat.

588 2211 646 2265 in
671 2209 830 2267 Clero
856 2221 1032 2267 autem
1060 2213 1206 2267 multi
1246 2222 1431 2278 erant,
1461 2213 1550 2283 qui
1583 2212 1949 2284 Chrysostomi
1985 2228 2090 2268 non

519 2300 693 2355 minus
713 2301 872 2354 vitam
899 2311 1156 2366 sanctam,
1185 2311 1385 2357 arctam
1412 2311 1464 2358 et
1490 2303 1826 2372 inculpatam,
1845 2302 2087 2370 oderant,

519 2405 676 2459 quam
705 2390 821 2460 ejus
845 2391 1053 2447 dicendi
1083 2394 1403 2460 libertatem,
1431 2402 1489 2448 et
1515 2395 1710 2448 monita
1739 2393 1881 2449 Cleri
1909 2395 1990 2450 sui
2015 2397 2104 2451 vi-

520 2481 612 2535 tiis
637 2480 981 2536 emendandis
1006 2493 1301 2552 opportuna
1330 2483 1648 2548 volentibus,
1673 2483 1975 2555 importuna
2004 2485 2096 2540 ob-

521 2572 729 2626 stinatis
749 2583 920 2628 erant.
947 2573 1012 2628 lli
1033 2589 1162 2630 vero
1192 2576 1443 2644 postremi
1471 2575 1623 2646 longe
1644 2577 1844 2646 majore
1871 2593 2093 2633 numero

523 2661 668 2718 fuere
694 2661 926 2735 (Pallad.
952 2683 1007 2734 p.
1030 2665 1099 2720 35
1114 2665 1152 2735 ).
1176 2664 1317 2720 inter
1336 2665 1432 2719 hos
1453 2676 1628 2720 autem
1649 2665 1755 2720 duo
1774 2667 2090 2739 presbyteri.

523 2765 577 2808 et
601 2755 831 2826 quinque
864 2756 1072 2810 diaconi
1100 2765 1448 2810 numerantur
1469 2799 1484 2823 ,
1523 2757 1610 2826 qui
1651 2757 2014 2813 vehementius
2041 2760 2094 2814 in

521 2848 777 2903 Joannem
809 2848 1144 2904 insurrexere
1175 2846 1344 2921 (Anno
1368 2848 1494 2920 402)
1514 2891 1528 2915 ,
1563 2849 1652 2903 alii
1681 2865 1742 2904 ea:
1768 2851 2054 2920 impurilate
2077 2893 2092 2916 ,

523 2940 613 2994 alii
638 2956 702 2994 ex
731 2939 944 2995 obnoxio
969 2957 1174 2995 numero
1191 2941 1480 2994 consociati.
1510 2941 1632 2996 Haec
1646 2955 1807 3010 porro
1827 2943 1985 2996 verba
2013 2957 2096 2997 sa-

523 3031 589 3084 tis
618 3030 841 3087 obscure
880 3031 1016 3087 hanc
1057 3030 1248 3087 efferre
1289 3033 1605 3087 sententiam
1647 3032 1894 3086 videntur
1929 3051 1940 3086 :
1975 3033 2096 3086 illos

524 3137 713 3192 nempe
741 3137 807 3177 ex
831 3122 1008 3190 Clero,
1037 3123 1126 3193 qui
1154 3133 1338 3178 contra
1366 3123 1622 3179 Joannem
1647 3125 1953 3194 episcopum
1979 3124 2093 3178 dira

523 3211 808 3267 machinati
835 3224 978 3279 sunt,
1009 3216 1200 3284 partim
1231 3229 1298 3268 ex
1323 3229 1508 3268 eorum
1541 3230 1764 3270 numero
1791 3215 1972 3279 fuisse,
2005 3216 2092 3283 qui

523 3304 781 3373 impuram
807 3318 954 3358 suam
980 3305 1139 3359 vitam
1161 3304 1228 3358 ab
1252 3304 1343 3358 illo
1365 3305 1713 3359 concionaute
1738 3306 1882 3374 carpi
1903 3317 1957 3360 et
1977 3321 2096 3372 per-

522 3394 706 3464 stringi
733 3393 870 3449 ferre
897 3410 999 3449 non
1033 3404 1306 3464 poterant;
1338 3396 1528 3464 partim
1565 3411 1629 3449 ex
1659 3411 1841 3450 eorum
1865 3437 1880 3462 ,
1911 3397 1999 3466 qui
2029 3396 2095 3452 de

524 3497 670 3542 tanto
700 3497 910 3556 pastore
939 3488 1222 3557 malignam
1249 3497 1604 3557 conceperant
1626 3489 1950 3556 opinionem.

592 3577 674 3632 Ex
703 3579 1038 3648 lmperatoria
1063 3580 1180 3634 aula
1208 3579 1315 3634 duo
1337 3580 1422 3634 vel
1445 3590 1550 3636 tres
1572 3589 1775 3634 tantum
1797 3581 2094 3651 Theophilo

524 3679 723 3740 praesto
750 3671 897 3726 fuere
928 3669 1168 3741 (Pallad.
1201 3690 1253 3739 p.
1286 3671 1390 3740 55)
1419 3713 1432 3736 ,
1462 3686 1525 3727 ac
1567 3673 1815 3729 militaris
1857 3674 2096 3743 praesidis

523 3773 678 3827 opem
707 3759 805 3828 ipsi
831 3760 1016 3826 tulere,
1050 3775 1169 3815 cum
1195 3761 1260 3815 ad
1291 3761 1726 3833 Chrysostomum
1752 3778 1784 3818 e
1807 3763 1973 3833 gradu
1995 3764 2093 3818 de-

521 3849 804 3919 jiciendum
841 3865 1053 3906 onmem
1101 3851 1327 3920 lapidem
1371 3861 1629 3907 moveret.
1670 3853 1749 3907 Ex
1787 3855 2095 3910 mulieribus

522 3953 651 3995 vero
673 3980 688 4006 ,
722 3940 888 4011 inquit
931 3940 1227 4008 Palladius,
1259 3951 1453 4010 praeter
1479 3943 1594 3998 illas
1621 3959 1740 4014 qua:
1771 3944 1927 4014 vulgo
1955 3955 2095 4001 nota:

525 4047 670 4104 sunt,
697 4045 806 4092 tres
831 4037 1003 4092 viduae
1025 4079 1040 4106 ,
1071 4040 1220 4110 queis
1246 4040 1344 4094 viri
1374 4039 1605 4096 defuncti
1638 4043 1912 4111 pecuniam
1938 4059 2095 4112 gran-

518 4125 645 4182 dem
674 4141 740 4183 ex
765 4129 968 4198 rapinis
1005 4139 1209 4199 partam
1249 4131 1568 4202 reliquerant
1593 4173 1606 4196 ,
1635 4148 1756 4188 cum
1794 4135 1920 4204 ipsa:
1950 4136 2016 4189 iis
2041 4136 2094 4190 in

523 4217 750 4288 propriae
771 4218 954 4274 salutis
971 4221 1257 4289 perniciem
1279 4222 1466 4290 opibus
1483 4221 1547 4277 ad
1571 4237 1630 4279 se
1650 4239 1754 4278 non
1782 4226 2093 4295 pertinenti—

521 4307 620 4360 bus
642 4314 933 4374 uterentur,
957 4324 1055 4364 nec
1077 4308 1277 4365 ferrent
1300 4320 1565 4380 pastorem
1591 4327 1744 4368 suum
1767 4323 1950 4369 contra
1973 4330 2096 4369 usu-

522 4397 714 4466 rarios,
743 4413 932 4455 avaros
960 4409 1014 4456 et
1039 4410 1280 4470 raptores
1301 4403 1686 4460 declamantem
1707 4447 1723 4472 ,
1752 4409 2006 4464 tumultus
2031 4423 2094 4463 ac

522 4489 802 4546 seditionis
819 4492 945 4561 ipsze
961 4507 1167 4563 quoque
1185 4509 1360 4550 causa:
1379 4495 1781 4554 fuerunt.Erant
1795 4510 1972 4555 autem
1991 4500 2094 4556 illa:

526 4581 694 4635 Marsa
722 4581 953 4636 Promoti
983 4598 1147 4650 uxor,
1173 4583 1426 4640 Castricia
1456 4585 1727 4642 Saturnini
1780 4590 1972 4657 conjux
1998 4630 2012 4654 ,
2041 4600 2095 4644 et

523 4670 820 4740 Eugraphia
869 4672 1106 4741 qumdam
1126 4715 1142 4741 ,
1173 4690 1291 4744 qua:
1345 4674 1557 4732 furiosa)
1598 4679 1765 4733 instar
1791 4680 1998 4750 agebat.
2028 4681 2092 4734 lli

525 4776 731 4828 omnes,
759 4771 870 4817 tum
907 4764 1005 4819 viri
1037 4774 1144 4820 tum
1175 4767 1426 4823 mulieres
1450 4809 1464 4832 ,
1493 4785 1596 4823 una
1627 4772 1997 4840 conspirarunt
2035 4785 2094 4827 ut

525 4851 670 4906 illum
698 4853 909 4922 egradu
934 4853 1240 4924 dejicerent,
1269 4860 1383 4926 ejus
1421 4857 1751 4928 disciplinam
1783 4876 1887 4915 non
1917 4862 2090 4916 feren-

522 4950 624 4996 tes.
656 4941 836 5012 Neque
879 4944 1070 4999 mirum
1095 4955 1211 5012 est,
1253 4963 1372 5002 cum
1402 4956 1505 5002 tam
1535 4950 1778 5004 dissoluti
1809 4966 1985 5006 mores
2009 4967 2094 5008 es-

521 5042 659 5098 seut,
690 5041 796 5087 tam
822 5049 997 5090 acrem
1025 5051 1300 5092 censorem
1327 5039 1564 5108 plurimis
1589 5040 1940 5110 diSplicuisse.

586 5125 716 5193 Quae
739 5141 865 5181 vero
889 5137 1071 5182 contra
1106 5129 1251 5183 illum
1273 5130 1584 5198 jactitabant
1609 5134 1784 5188 aemuli
1811 5143 1866 5189 et
1895 5135 2091 5189 inimici

516 5216 632 5286 ejus
660 5217 961 5288 huiusmodi
986 5229 1156 5287 erant,
1185 5221 1326 5292 quod
1347 5223 1614 5278 neminem
1641 5224 1708 5278 ad
1731 5241 1968 5280 mensam
1994 5242 2093 5278 vo-

517 5318 681 5378 caret,
706 5311 800 5367 sed
826 5328 1037 5383 semper
1061 5315 1206 5370 solus
1244 5315 1446 5371 ederet.
1479 5316 1736 5372 Nimirum
1766 5319 1886 5387 quia
1916 5334 1981 5372 ex
2010 5319 2094 5373 iii-

519 5402 768 5459 ﬂrmitate
793 5406 1070 5471 stomachi,
1102 5407 1152 5460 in
1184 5407 1398 5462 morbos
1427 5423 1570 5478 smpe
1598 5408 1833 5464 incidere
1863 5410 2087 5476 solebat,

518 5503 576 5547 ut
602 5496 796 5564 passim
818 5495 926 5565 jam
952 5498 1211 5562 vidimus;
1242 5500 1387 5554 tenui
1417 5515 1599 5554 mensa
1628 5501 1701 5554 uti
1733 5501 1956 5564 solebat,
1990 5517 2088 5554 ne-

517 5598 618 5651 que
639 5584 780 5640 lauta
805 5586 906 5641 sibi
934 5588 1125 5657 apponi
1152 5589 1342 5642 fercula
1371 5589 1685 5658 patiebatur,
1711 5590 1762 5645 id
1786 5592 2088 5660 postulante

518 5685 628 5727 tum
667 5676 902 5744 corporis
943 5676 1157 5742 habitu,
1199 5686 1308 5732 tum
1350 5679 1546 5748 pietate
1591 5694 1694 5749 qua
1731 5681 1998 5749 apostolos
2035 5689 2090 5736 et

516 5763 713 5820 Christi
735 5766 1022 5837 discipulos
1050 5769 1284 5834 imitans,
1307 5768 1514 5824 modico
1535 5771 1777 5824 utebatur
1793 5771 1929 5826 cibo.
1955 5771 2087 5839 Qua-

519 5867 734 5925 propter
760 5859 936 5912 statim
965 5869 1122 5929 atque
1145 5859 1212 5914 ad
1239 5861 1872 5930 Cutastautiuopolitanam
1899 5869 2081 5918 sedem

1565 455 1621 510 S.
1661 453 1935 510 JOANNIS
1973 455 2441 514 CIIRYSOSTOMI
2487 461 2660 525 \‘lTA,

3666 467 3764 520 188

2185 581 2402 626 evectus
2425 582 2527 637 est,
2557 574 2762 644 amplos
2787 576 2914 629 tanti
2941 577 3275 644 episcopatus
3301 576 3500 632 reditus
3531 577 3582 631 in
3607 593 3766 642 noso-

2187 662 2357 716 eomia
2378 673 2431 718 et
2460 663 2511 718 in
2539 679 2828 735 pauperum
2859 667 3272 721 sustentaculum
3303 666 3482 722 inferri
3505 667 3685 737 jussit,
3711 680 3765 722 ct

2189 767 2324 806 nova
2351 752 2561 824 quoque
2587 756 2701 824 ipse
2747 758 3051 812 nosoeomia
3096 759 3418 823 construxit;
3453 759 3522 812 ita
3555 769 3612 813 ut
3644 775 3764 829 qua:

2189 843 2396 898 laudem
2426 854 2609 900 sancto
2637 847 2749 901 viro
2776 862 2963 917 parere
2988 850 3340 917 meruissent,
3371 847 3422 902 in
3451 851 3766 919 vituperium

2188 933 2288 1003 ipsi
2315 934 2383 988 ab
2401 935 2629 990 inimicis
2657 945 3006 991 verterentur.

2260 1026 2510 1080 Dicebant
2552 1027 2764 1098 insuper
2799 1029 2967 1096 ipsum
3009 1044 3128 1084 esse
3166 1029 3352 1082 durum
3391 1037 3447 1083 et
3489 1044 3759 1100 asperum,

2189 1131 2287 1170 nec
2325 1116 2469 1171 aditu
2516 1116 2746 1183 facilem,
2779 1120 2902 1188 quia
2946 1135 3135 1188 nempe
3175 1123 3318 1189 gregi
3350 1121 3630 1189 pascendo,
3671 1121 3767 1174 do-

2188 1207 2388 1275 cendo,
2441 1208 2765 1264 instituendo
2812 1226 3021 1280 semper
3077 1213 3346 1276 intentus,
3404 1228 3509 1267 non
3558 1212 3763 1268 facilem

2190 1300 2389 1354 aditum
2419 1301 2685 1371 praebebat
2712 1303 2983 1358 inutilibus
3009 1305 3321 1374 colloquiis;
3352 1320 3564 1374 semper
3593 1315 3765 1360 tamen

2190 1399 2406 1458 paratus
2433 1389 2498 1444 ad
2526 1406 2586 1444 ea
2617 1391 2877 1446 audienda
2916 1403 3073 1463 atque
3109 1393 3363 1458 curanda,
3402 1410 3518 1464 qum
3551 1396 3630 1450 vel
3664 1396 3765 1449 Eo-

2190 1480 2364 1535 clesitc
2389 1483 2624 1551 regimen
2656 1484 2738 1537 vel
2767 1499 3054 1552 pauperum
3083 1493 3136 1538 et
3165 1483 3439 1538 viduarum
3466 1501 3646 1539 curam
3676 1499 3762 1554 pe-

2192 1572 2580 1642 trociniumque
2615 1582 2932 1642 spectarent.
2975 1573 3154 1643 Neque
3200 1573 3422 1628 deerant
3463 1575 3550 1644 qui
3595 1575 3765 1644 ipsum

2191 1663 2535 1732 petulantem,
2563 1665 3030 1727 contumeliosum,
3063 1665 3372 1719 iracundum
3403 1673 3456 1719 et
3485 1666 3765 1734 superbum

2191 1753 2461 1820 dicerent;
2509 1763 2667 1825 atque
2712 1755 2910 1810 odiosis
2949 1757 3269 1821 nominibus,
3309 1756 3425 1825 ejus
3469 1756 3520 1810 in
3566 1756 3764 1826 prmiti-

2192 1845 2355 1900 canda
2382 1847 2575 1902 virtute
2597 1848 2966 1910 constantiam,
2991 1857 3174 1901 contra
3201 1847 3494 1912 avaritiam,
3533 1847 3764 1916 rapinas.

2191 1936 2446 1992 adulteria
2497 1947 2795 2009 casteraque
2844 1940 2966 1992 vitia
3010 1939 3421 1994 declamationes
3471 1939 3770 1994 detrectare

2193 2037 2530 2082 conarentur.

2263 2119 2510 2174 Socrates
2537 2134 2662 2174 vero
2682 2118 2828 2188 (Sac.
2851 2119 2887 2172 ι.
2906 2119 2958 2174 6.
2979 2136 3026 2173 c.
3050 2119 3127 2188 5),
3155 2120 3243 2190 qui
3266 2119 3329 2172 iis
3348 2135 3468 2190 qua:
3487 2119 3552 2174 de
3568 2118 3770 2174 Joaimo

2195 2218 2376 2263 nostro
2401 2209 2707 2266 ferebantur
2732 2225 2835 2265 non
2864 2210 3120 2265 absimilia
3145 2210 3405 2275 audierat,
3440 2210 3540 2263 hoc
3567 2209 3634 2263 de
3679 2209 3771 2262 illo

2195 2298 2398 2367 profert
2435 2300 2730 2369 judicium:
2769 2319 2787 2352 ‹
2817 2299 2937 2354 Fuit
2979 2309 3178 2364 autem,
3224 2309 3281 2352 ut
3324 2297 3520 2362 ferunt,
3561 2299 3630 2352 ob
3683 2299 3767 2350 ui-

2196 2390 2358 2444 mium
2397 2392 2759 2461 temperantia:
2787 2390 3017 2445 studium
3055 2391 3312 2455 acerbior,
3342 2399 3394 2445 et
3420 2389 3554 2443 sicut
3583 2389 3762 2443 aiebat

2195 2482 2429 2552 quidam,
2477 2483 2566 2553 qui
2605 2497 2726 2537 cum
2768 2483 2857 2538 illo
2895 2482 2963 2536 ab
2990 2484 3200 2536 ineunte
3241 2492 3394 2536 aetate
3431 2481 3762 2535 familiariter

2197 2577 2416 2641 vixerat,
2447 2575 2538 2628 iraa
2565 2576 2728 2644 magis
2753 2575 2980 2637 deditus,
3008 2591 3164 2644 quam
3191 2575 3546 2630 verecundiae.
3587 2575 3654 2628 Et
3694 2576 3765 2629 ob

2195 2667 2319 2720 vita:
2342 2666 2555 2736 quidem
2589 2666 2989 2720 sanctimoniam
3019 2667 3256 2720 incautus
3288 2666 3540 2720 adversus
3566 2665 3763 2729 futura,

2195 2759 2267 2813 ob
2299 2759 2687 2827 simplicitatem
2733 2774 2860 2812 vero
2903 2767 3118 2827 apertus
3160 2769 3212 2812 et
3253 2757 3440 2814 facilis.
3486 2757 3768 2812 lmmodica

2197 2851 2354 2905 etiam
2383 2851 2628 2920 loquendi
2659 2851 2899 2905 libertate
2925 2866 3046 2920 erga
3085 2865 3270 2905 omnes
3297 2851 3559 2906 utebatur.
3604 2851 3668 2905 Et
3713 2852 3763 2904 in

2196 2939 2438 2996 docendo
2482 2941 2694 3012 quidem
2743 2941 2795 2995 id
2841 2945 3103 3011 pra-cipue
3153 2943 3442 3011 spectabat,
3489 2953 3543 2997 ut
3591 2950 3768 2998 mores

2199 3031 2525 3085 audientium
2553 3031 2861 3086 emendaret
2890 3049 2904 3085 :
2935 3033 2986 3085 in
3012 3033 3382 3102 congressibus
3419 3043 3592 3087 autem
3619 3049 3769 3087 arro—

2199 3123 2404 3190 gantior
2425 3123 2698 3177 videbatur
2737 3123 2824 3188 iis,
2850 3123 2940 3193 qui
2967 3139 3144 3178 mores
3172 3125 3334 3193 ipsius
3377 3125 3705 3194 ignorabant.
3741 3143 3763 3175 ι

2201 3215 2276 3270 Ex
2304 3214 2387 3268 his
2413 3230 2539 3270 vero
2572 3214 2721 3284 argui
2753 3229 2908 3284 posse
2938 3215 3166 3278 videtur,
3208 3231 3273 3270 ex
3316 3223 3466 3284 gestu
3511 3225 3564 3270 et
3593 3232 3657 3270 ex
3687 3217 3767 3269 lo-

2196 3305 2390 3374 quendi
2421 3306 2598 3369 modo,
2627 3321 2690 3360 ex
2715 3305 2892 3360 vultus
2916 3305 3040 3370 situ,
3071 3315 3122 3360 et
3149 3306 3266 3360 aliis
3291 3321 3408 3375 qua:
3446 3316 3629 3360 natura
3657 3307 3768 3376 ipsa

2194 3397 2434 3462 dederat,
2476 3397 2910 3470 Chrysostomum
2949 3399 3212 3468 aliquibus
3248 3401 3405 3453 etiam
3443 3413 3509 3453 ex
3557 3401 3638 3464 iis,
3680 3399 3768 3467 qui

2197 3491 2381 3536 contra
2407 3482 2577 3552 ipsum
2607 3482 2908 3536 inimicitias
2935 3497 3038 3536 non
3062 3491 3420 3552 susceperant,
3447 3483 3768 3551 asperitatis,

2199 3574 2304 3630 imo
2351 3575 2665 3646 arrogantia:
2688 3573 2956 3644 quidpiam
2986 3590 3095 3644 prce
3137 3590 3195 3628 se
3227 3573 3431 3628 tulisse.
3463 3575 3534 3627 At
3558 3574 3764 3628 etiamsi

2198 3668 2250 3724 id
2281 3669 2457 3739 specie
2485 3677 2686 3722 tantum
2711 3677 2866 3723 tenus
2906 3667 3110 3731 fuisset,
3141 3665 3270 3719 nihil
3298 3666 3420 3720 hinc
3443 3675 3626 3720 contra
3653 3681 3767 3720 mo-

2197 3763 2521 3817 deratiouem
2547 3772 2599 3816 et
2626 3761 2972 3814 humilitatem
2993 3758 3356 3830 Chrysostomi
3377 3759 3619 3813 concludi
3647 3772 3769 3828 pos-

2198 3863 2299 3908 set.
2355 3852 2549 3907 Verum
2605 3851 2851 3906 Socrates
2905 3851 3216 3920 plerumque
3267 3850 3335 3904 de
3387 3849 3768 3922 Chrysostomo

2197 3944 2438 4015 quredam
2479 3944 2670 3999 similia
2713 3943 2897 4009 refert,
2929 3959 3044 4014 qua:
3073 3943 3330 4012 tantisper
3367 3943 3653 3998 alienatum
3698 3943 3768 3996 ab

2198 4036 2289 4090 illo
2318 4037 2550 4090 animum
2577 4035 2930 4101 subindiccnt,
2959 4050 3022 4090 ac
3047 4049 3167 4090 cum
3193 4036 3398 4090 caeteris
3421 4037 3766 4106 scriptoribus

2199 4143 2302 4182 non
2327 4127 2684 4182 consentiunt.

2268 4218 2594 4274 Sozomenus
2631 4232 2758 4272 vero
2787 4215 3019 4287 (Sozam.
3051 4217 3088 4270 Ι.
3129 4217 3183 4271 8.
3211 4233 3259 4270 c.
3291 4217 3350 4285 9)
3377 4217 3520 4271 illum
3546 4232 3764 4288 prorsus

2197 4309 2266 4362 ab
2316 4308 2398 4362 his
2448 4307 2904 4362 criminationibus
2964 4307 3224 4373 vindicat,
3279 4317 3561 4376 narralque
3616 4309 3763 4362 illum

2199 4399 2496 4471 Olympiadi
2539 4399 2735 4453 monita
2761 4399 2993 4465 dedisse,
3025 4413 3143 4468 qua:
3186 4399 3285 4454 etsi
3314 4399 3540 4454 salubria
3589 4409 3762 4466 erant,

2198 4492 2425 4546 inimicis
2452 4500 2628 4545 tamen
2651 4491 2766 4560 ejus
2791 4490 3146 4545 calumniandi
3185 4504 3366 4544 ansam
3392 4488 3607 4545 dedere.
3637 4490 3764 4544 Erat

2197 4582 2338 4636 enim
2391 4581 2662 4653 Olympias
2713 4590 2953 4635 matrona
3001 4581 3329 4635 nobilissimo
3371 4596 3566 4650 genere
3612 4592 3757 4644 orta,

2197 4675 2450 4744 piissima,
2479 4691 2597 4744 qua:
2627 4684 2902 4744 postquam
2933 4675 2984 4728 in
3007 4674 3225 4744 juvenili
3248 4683 3402 4729 aetate
3427 4673 3582 4728 vidua
3610 4690 3762 4729 man-

2196 4767 2371 4831 sisset,
2395 4781 2424 4820 a
2451 4763 2696 4821 Nectario
2720 4765 3019 4821 diaconissa
3047 4765 3285 4819 ordinata
3313 4766 3500 4830 funerat,
3529 4783 3646 4836 qua:
3683 4765 3761 4819 fa-

2196 4858 2417 4912 cultates
2466 4873 2588 4912 suas
2619 4857 2918 4926 petentibus
2967 4857 3182 4926 copiose
3218 4857 3555 4927 largiebatur,
3591 4859 3762 4914 omni-

2194 4949 2397 5018 busque
2442 4948 2898 5003 indiscriminatim
2929 4966 2942 5002 :
2970 4949 3164 5004 divinis
3205 4952 3346 5004 enim
3393 4950 3604 5006 addicta
3643 4960 3759 5007 stu—

2195 5040 2317 5105 diis,
2346 5049 2556 5096 terrena
2582 5039 2720 5095 bona
2746 5041 2816 5095 ita
2842 5055 3028 5110 parum
3058 5040 3297 5107 curabat,
3325 5050 3382 5096 ut
3411 5057 3476 5097 ne
3505 5042 3760 5114 cogitaret

2197 5132 2406 5201 quidem
2434 5147 2499 5184 an
2528 5130 2776 5185 divitibus
2804 5146 2870 5184 an
2894 5132 3215 5201 pauperibus
3240 5146 3299 5185 ea
3319 5133 3616 5202 largiretur.
3646 5131 3760 5199 Qua

2195 5223 2261 5277 de
2292 5239 2346 5277 re
2367 5223 2569 5276 monuit
2588 5237 2704 5277 eam
2725 5220 3135 5294 Chrysostomus
3154 5222 3384 5292 dixitque
3409 5222 3501 5285 illi,
3525 5223 3602 5276 sic
3621 5221 3761 5279 bona

2195 5316 2459 5385 epulentis
2495 5315 2644 5381 dare,
2673 5315 2893 5386 perinde
2919 5331 3039 5372 esse
3069 5327 3226 5386 atque
3253 5317 3296 5369 si
3331 5316 3382 5369 in
3424 5331 3568 5370 mare
3596 5315 3760 5370 effun-

2194 5409 2475 5472 derentur;
2503 5407 2596 5462 sed
2618 5408 2798 5477 egenis
2825 5407 2994 5461 solum
3016 5404 3302 5474 eroganda,
3339 5414 3394 5458 et
3417 5407 3493 5459 sic
3524 5405 3758 5472 pluribus

2194 5498 2336 5552 illam
2375 5497 2627 5552 beneficia
2657 5497 3007 5565 prtestituram
3045 5509 3184 5549 esse.
3208 5494 3495 5549 Consilium
3526 5493 3644 5563 ejus
3673 5508 3760 5546 se-

2193 5597 2354 5658 quuta
2385 5597 2468 5641 est
2509 5586 2796 5658 Olympias.
2836 5584 2915 5639 Illi
2955 5600 3102 5650 vero,
3131 5599 3355 5653 quorum
3386 5583 3579 5637 divitia:
3603 5583 3759 5649 donis

2192 5678 2514 5751 Olympiadis
2541 5675 2966 5740 cumulabantur,
2995 5675 3111 5744 ejus
3149 5682 3400 5728 mutatam
3443 5673 3759 5728 sententiam

2193 5771 2452 5832 videntes,
2496 5777 2678 5822 contra
2704 5765 3141 5837 Chrysostomum
3171 5766 3248 5820 rei
3274 5775 3540 5820 auctorem
3567 5763 3759 5817 debac-

2195 5861 2334 5916 chati
2361 5868 2499 5915 sunt.
