4122 6386
452 331 556 385 133

527 450 750 505 Maxime
792 449 1026 504 omnium
1056 457 1233 503 autem
1282 448 1333 502 in
1374 447 1521 501 illum
1563 457 1875 517 exasperata
1914 459 2031 503 erat

457 540 692 596 Eudoxia
734 543 988 611 Augusta,
1045 540 1394 594 referentibus
1431 539 1651 594 Socrate
1697 541 1866 609 (Socr.
1901 543 1938 595 l.
1975 542 2028 596 6.

454 650 500 685 τ.
544 631 636 702 5),
691 634 991 687 Sozomeno
1040 640 1095 686 et
1135 630 1348 685 Zosimo
1389 630 1619 702 (Sozam.
1663 632 1700 685 ι.
1744 632 1795 687 8.
1842 649 1888 685 c.
1940 633 2026 687 16.

456 723 577 779 Ζυε.
623 742 677 794 ρ.
708 722 856 795 799).
905 723 1195 778 Ambitiosa
1224 724 1365 778 enim
1404 738 1525 777 cum
1556 734 1697 778 esset
1722 736 1879 794 atque
1917 728 2031 781 auri

456 816 665 884 cupida,
696 831 800 869 non
828 824 1034 885 poterat
1056 831 1209 886 atquo
1230 817 1408 870 animo
1436 816 1574 871 ferre
1589 834 1710 871 eum
1738 822 1825 887 qui
1847 831 2031 874 contra

457 907 755 977 bojusmodi
784 910 905 962 vitia
938 918 1193 979 perpetuo
1214 909 1555 964 declamaret.
1585 910 1828 966 Zosimus
1852 923 2028 967 autem

454 1000 585 1053 dicit
620 1000 763 1053 illam
812 1001 863 1053 in
890 1000 1149 1056 Joannem
1190 1002 1577 1068 succensuisse,
1610 1002 1749 1072 quod
1788 1018 1904 1057 eam
1935 1020 2033 1074 pu-

456 1090 610 1145 blicis
642 1091 693 1146 in
735 1093 1087 1146 conventibus
1114 1093 1491 1163 perstringere,
1538 1097 1767 1148 mordere
1807 1110 2032 1150 consue-

454 1182 639 1236 visset.
682 1184 740 1236 In
783 1183 898 1236 Vita
936 1195 1111 1237 autem
1160 1184 1216 1237 S.
1269 1183 1547 1253 Porphyrii
1594 1182 1751 1253 (Ball.
1779 1185 1849 1239 9.6
1878 1185 2030 1241 Febr.

453 1289 507 1340 ρ.
538 1272 752 1343 651].)
795 1282 1041 1327 narratur
1081 1272 1340 1328 Joannem
1385 1273 1680 1328 Eudoxiam
1741 1275 2033 1343 reprehen-

451 1364 615 1429 disse,
656 1364 797 1434 quod
839 1372 1031 1418 terram
1064 1364 1343 1433 quamdam
1388 1365 1434 1417 vi
1476 1364 1782 1419 abstulisset
1826 1366 2033 1434 sibique

452 1458 721 1526 propriam
744 1454 972 1510 fecisset.
1001 1455 1265 1524 Additque
1293 1455 1577 1522 Palladius,
1608 1457 1850 1511 inimicos
1870 1458 2031 1513 Joan-

453 1549 537 1604 nis
576 1548 867 1603 Eudoxiam
896 1548 1147 1603 adversus
1178 1549 1325 1603 illum
1364 1551 1736 1618 concitavisse,
1780 1552 1912 1607 falsa
1944 1568 2030 1607 re-

453 1639 673 1694 ferendo
707 1640 773 1695 de
812 1641 1157 1695 concionibus
1200 1641 1383 1710 ipsius,
1432 1641 1503 1694 ita
1547 1650 1604 1695 ut
1629 1642 1867 1697 dicerent
1892 1645 2032 1713 quod

453 1731 568 1799 ipse
618 1730 914 1786 Eudoxiam
960 1732 1259 1787 Jezabelem
1313 1734 1657 1802 appellasset.
1718 1734 1774 1789 In
1827 1738 2029 1792 crimen

451 1822 617 1877 etiam
644 1824 935 1880 vocabatur
962 1839 990 1877 a
1017 1825 1285 1879 nonnullis
1313 1826 1484 1895 (Socr.
1518 1827 1557 1880 ι.
1594 1826 1650 1881 6.
1690 1842 1738 1879 c.
1778 1825 1857 1899 5),
1888 1828 2031 1896 quod

455 1913 767 1985 Eutropium
802 1914 1127 1983 eunuchum,
1155 1919 1243 1986 qui
1289 1916 1342 1970 in
1387 1917 1666 1972 ecclesiam
1710 1919 2031 1988 perquisitus

452 2005 747 2077 aufugerat,
789 2007 1133 2063 vehementer
1169 2008 1573 2078 objurgavisset,
1619 2011 1866 2081 quodque
1909 2012 2032 2067 Gai-

453 2111 575 2151 nam
617 2106 742 2152 tunc
772 2098 1078 2168 Magistrum
1122 2099 1346 2153 militum
1376 2101 1762 2156 contumeliose
1790 2102 2029 2173 alloquu-

456 2196 541 2241 tus
586 2186 776 2244 fuisset
816 2206 831 2241 :
874 2191 945 2244 ita
997 2206 1188 2261 nempe
1241 2192 1481 2247 solemne
1537 2195 1878 2264 syc0phantis
1925 2206 2026 2264 est,

450 2280 651 2348 optima
676 2296 902 2352 quaeque
926 2291 1095 2353 gesta,
1128 2297 1225 2337 suo
1270 2299 1420 2339 more
1458 2295 1863 2355 reprzeseutata,
1900 2288 2030 2344 vitio

452 2379 660 2426 vertere
692 2373 775 2439 iis,
807 2388 1032 2442 quorum
1058 2375 1347 2443 perniciem
1373 2377 1682 2431 moliuntur.

521 2463 707 2519 Refert
740 2465 1005 2521 Palladius
1034 2466 1269 2539 (Pallad.
1297 2486 1347 2539 p.
1380 2468 1495 2537 66.)
1517 2469 1884 2536 Severianum,
1915 2473 2027 2526 An-

448 2553 709 2621 tiochum,
744 2562 799 2609 et
834 2555 1085 2610 Acacium
1130 2557 1363 2613 infensos
1405 2559 1570 2614 fuisse
1592 2560 1781 2616 Joanni
1812 2573 2028 2634 propter

450 2645 719 2701 tnodestas
764 2648 881 2718 ejus
934 2649 1362 2716 admonitiones;
1415 2668 1587 2723 neque
1624 2654 1739 2710 hazc
1787 2671 1889 2710 una
1931 2656 2029 2712 fuit

449 2738 644 2793 Acacio
684 2739 883 2794 irarum
909 2756 1104 2808 causa;
1139 2742 1235 2796 sed
1263 2744 1423 2798 etiam
1448 2744 1591 2814 quod
1616 2761 1737 2801 cum
1766 2745 2028 2803 Constan-

449 2826 707 2896 tinopolin
735 2830 990 2899 venisset,
1020 2846 1123 2886 non
1152 2831 1350 2887 bonum
1376 2833 1683 2905 h05pitium,
1709 2838 1885 2893 aiebat
1912 2840 2022 2907 ille,

448 2918 588 2989 apud
619 2917 1060 2992 Chrysostomum
1100 2932 1288 2979 nactus
1326 2937 1487 2980 esset.
1519 2925 1854 2997 Quapropter
1893 2945 2025 2985 mte-

448 3025 572 3067 rens
610 3011 1001 3069 intumescebat
1043 3015 1194 3084 quasi
1230 3016 1504 3087 neglectus
1536 3032 1566 3071 a
1595 3017 1820 3084 Joanne,
1862 3031 2023 3091 atque

445 3118 567 3158 cum
589 3104 720 3159 iram
738 3104 951 3161 frenare
973 3122 1078 3161 non
1104 3117 1304 3177 posset,
1334 3111 1683 3178 prtesentibus
1706 3113 2021 3183 quibusdam

445 3196 666 3252 Joannis
691 3198 920 3264 clericis,
952 3199 1162 3270 dignam
1207 3214 1303 3255 suo
1340 3202 1521 3255 animo
1555 3204 1771 3271 protulit
1804 3214 2021 3260 senten-

448 3289 572 3342 tiam
602 3288 805 3357 dicens,
835 3289 946 3362 Ego
975 3292 1055 3345 illi
1081 3292 1235 3345 ollam
1260 3308 1511 3362 praepara.
1539 3292 1687 3349 Tunc
1706 3305 1881 3351 autem
1904 3312 2025 3354 sese

446 3381 689 3451 adjunxit
729 3383 1042 3451 Severiano,
1072 3386 1355 3451 Antiocho,
1382 3398 1435 3441 et
1460 3386 1639 3443 lsaaco
1669 3388 1805 3460 Syro
1832 3406 2023 3446 mona-

445 3472 669 3527 chorum
715 3476 1020 3545 praaposito,
1060 3477 1152 3547 qui
1197 3488 1457 3547 perpetuo
1500 3480 1709 3535 solebat
1744 3482 2023 3554 episcopos

443 3564 723 3620 calumniis
750 3566 1027 3637 impetere.

516 3655 581 3711 lli
611 3672 737 3727 ergo
766 3668 995 3729 quatuor
1017 3671 1200 3715 contra
1240 3660 1499 3717 Joannem
1526 3663 1839 3732 conSpirant
1866 3664 2020 3735 (Pal-

444 3748 549 3801 lad.
585 3765 638 3818 p.
667 3749 778 3820 49).
811 3750 1125 3820 Mittuntque
1168 3754 1396 3821 primum
1432 3755 1789 3822 Antiochiam,
1822 3758 1909 3827 qui
1954 3758 2021 3814 de

444 3840 802 3895 adolescentia
846 3843 963 3911 ejus
1000 3845 1374 3913 perquirerent
1400 3864 1413 3899 :
1439 3861 1623 3901 verum
1669 3849 1870 3903 inutilis
1900 3866 2022 3920 per-

444 3931 660 4000 quisitio
707 3932 825 4000 fuit,
869 3950 969 3989 nec
1007 3936 1296 4007 quidquam
1347 3938 1761 4006 reprehensione
1802 3942 2019 4012 dignum

443 4020 714 4077 inventum
737 4032 839 4079 est.
866 4025 1066 4081 Deinde
1085 4028 1301 4082 mittunt
1329 4027 1395 4082 ad
1419 4029 1769 4099 TheOphilum
1793 4034 2022 4088 Alexan-

442 4117 681 4181 drinum,
716 4120 804 4189 qui
836 4124 1107 4175 col/turnus
1141 4120 1448 4177 vocabatur.
1494 4122 1624 4189 Quis
1667 4133 1810 4179 esset
1848 4126 2022 4181 Theo-

444 4209 570 4277 phili
595 4210 802 4265 animus
821 4226 943 4281 erga
965 4211 1220 4267 Joannem
1238 4213 1346 4283 jam
1364 4213 1610 4282 vidimus,
1633 4231 1751 4270 cum
1773 4218 1839 4272 de
1860 4218 2021 4287 ipsius

441 4300 661 4355 Joannis
689 4302 1020 4358 ordinatione
1046 4305 1097 4358 in
1138 4305 1443 4375 episcopum
1484 4307 2020 4379 Constantinopolita-

442 4407 569 4446 num
608 4407 884 4463 ageremus
916 4411 929 4448 :
971 4395 1199 4450 vidimus
1245 4396 1394 4450 illum
1435 4398 1654 4451 invitum
1693 4397 2022 4455 ordinavisse

440 4484 723 4551 Joannem,
750 4484 899 4554 cujus
918 4495 972 4540 et
999 4488 1161 4542 animi
1185 4488 1484 4542 firmitatem
1507 4497 1561 4542 et
1590 4489 1834 4559 loquendi
1863 4491 2021 4545 liber-

443 4587 603 4631 tatem
640 4581 927 4645 metuebat,
960 4598 1131 4652 neque
1171 4598 1418 4652 umquam
1450 4583 1713 4638 destitisse
1741 4586 2021 4654 putabatur

441 4688 469 4723 a
498 4673 768 4741 proposito
789 4674 935 4729 illum
964 4690 993 4728 a
1024 4675 1150 4730 sede
1180 4675 1517 4742 deturbandi,
1545 4677 1709 4731 sicubi
1730 4693 1847 4732 sese
1866 4694 2019 4732 occa-

442 4764 521 4816 sio
547 4764 779 4819 offerret.

511 4856 717 4910 Accidit
736 4865 912 4912 autem
933 4858 1035 4913 hoc
1056 4858 1268 4915 circiter
1290 4869 1524 4931 tempore
1550 4862 1790 4917 Fratrum
1816 4865 2023 4935 Longo-

441 4960 557 4999 rum
603 4950 894 5017 negotium,
933 4949 1074 5019 quod
1121 4951 1374 5005 tumultus
1412 4967 1630 5022 magnos
1671 4954 1722 5007 in
1767 4956 2019 5011 Orientali

443 5039 682 5095 Ecclesia
705 5043 1008 5110 concitavit,
1038 5053 1092 5098 et
1110 5042 1232 5099 inde
1254 5044 1577 5113 Theophilus
1598 5062 1779 5101 ansam
1802 5049 2023 5117 arripuit

444 5142 499 5187 ut
536 5134 588 5187 in
630 5133 1065 5204 Chrysostomum
1108 5136 1337 5192 saeviret.
1376 5136 1570 5192 Verum
1611 5154 1697 5193 res
1738 5149 1820 5193 est
1863 5140 2021 5196 altius

442 5225 749 5293 repetenda.

510 5316 701 5372 Narrat
728 5317 993 5373 Palladius
1036 5318 1271 5387 (Pallad.
1303 5338 1355 5391 ρ.
1387 5321 1456 5377 50
1481 5331 1527 5375 et
1562 5323 1718 5393 δίη),
1762 5321 2018 5379 Isidorum

440 5410 723 5477 quemdam
763 5411 1129 5483 presbyterum
1175 5414 1604 5483 octogenarium,
1652 5430 1683 5469 a
1726 5414 2020 5485 Theophilo

443 5501 799 5555 Alexandrino
827 5504 1051 5571 pmsule
1088 5504 1266 5575 inique
1306 5515 1571 5569 vexatum,
1623 5506 1690 5560 ad
1731 5507 2020 5561 monachos

445 5596 639 5648 tuontis
680 5594 863 5651 Nitriae
908 5597 1228 5667 confugisse.
1270 5597 1622 5668 TbeOphilum
1669 5614 1815 5663 vero,
1862 5616 2019 5669 quem

445 5685 558 5753 ipse
585 5696 641 5740 ut
659 5688 897 5742 omnium
926 5690 1263 5744 vaferrimum
1295 5701 1347 5745 et
1373 5690 1803 5746 scelestissimum
1830 5691 2017 5761 depin-

445 5786 538 5844 ιςίι.
576 5776 627 5832 in
652 5778 942 5836 monachos
972 5782 1091 5837 illos
1117 5782 1372 5853 steviisse,
1410 5784 1734 5855 jussisseque
1760 5783 2015 5857 quosdam

1608 326 1789 383 NUNC
1819 324 2079 381 PRIMUM
2118 322 2513 380 ADORNATA.

3613 322 3715 380 Q90

2139 454 2169 494 e
2198 439 2462 509 primariis
2500 451 2563 492 ex
2606 436 2856 492 interiore
2881 449 3063 491 eremo
3091 434 3305 506 depelli.
3335 435 3410 491 Illi
3446 450 3575 491 vero
3599 453 3717 494 mo-

2139 528 2293 583 nachi
2328 544 2448 582 cum
2493 527 2775 582 Ammonio
2799 528 3049 597 quodam,
3083 527 3195 581 viro
3222 526 3505 597 grandtevo
3540 537 3595 583 et
3622 544 3714 585 ve-

2139 622 2385 686 nerabili,
2416 619 2763 689 Theophilum
2792 620 3006 681 adeunt,
3038 630 3091 673 et
3119 635 3220 688 qua
3242 617 3309 673 de
3330 634 3488 675 causa
3515 621 3717 690 pellan-

2140 722 2225 766 tur
2261 722 2483 782 rogant;
2528 722 2635 765 tum
2685 711 2774 765 ille
2820 711 3159 764 Ammonium
3204 710 3369 781 plagis
3411 721 3616 779 onerat,
3660 724 3715 768 et

2138 806 2427 859 monachos
2456 806 2606 875 quasi
2644 804 2885 874 Origenis
2926 804 3196 859 erroribus
3234 804 3455 859 infectos
3485 807 3714 875 repellit.

2142 898 2219 951 Illi
2250 913 2376 953 vero
2400 898 2466 952 ad
2496 898 2700 952 Montes
2739 897 2981 963 redeunt,
3011 907 3066 951 et
3093 898 3437 953 monasticam
3467 900 3627 953 vitam
3657 912 3715 954 ut

2139 990 2284 1059 prius
2327 999 2597 1045 exercent.
2644 990 2793 1044 Tunc
2839 989 3166 1059 Theophilus
3214 990 3484 1046 advocatis
3529 992 3715 1047 vicini..-

2138 1080 2400 1149 episcopis
2436 1078 2706 1151 Synodum
2746 1079 2998 1145 celebrat,
3039 1079 3328 1136 monachos
3370 1095 3472 1136 nec
3509 1082 3715 1137 auditos

2137 1169 2387 1236 damnat;
2431 1180 2536 1225 tres
2571 1186 2696 1225 vero
2731 1185 2794 1225 ex
2826 1173 3122 1241 pra-cipuis,
3162 1187 3387 1241 quorum
3426 1189 3562 1229 unus
3587 1178 3715 1229 Am-

2139 1263 2348 1317 monius
2374 1272 2508 1327 erat,
2542 1264 2982 1317 excommunicat.
3006 1263 3163 1317 Mittit
3182 1264 3269 1333 qui
3298 1266 3586 1320 monachos
3611 1270 3719 1337 pel-

2138 1354 2248 1409 lant
2273 1371 2337 1409 ex
2369 1355 2515 1409 cellis
2542 1364 2595 1408 et
2625 1357 2959 1410 monasteriis
2990 1357 3119 1411 suis.
3144 1355 3224 1411 Illi
3247 1371 3372 1413 vero
3400 1358 3454 1414 in
3483 1359 3719 1415 Palaesti-

2140 1462 2260 1499 nam
2292 1446 2518 1515 primum
2545 1446 2762 1516 profecti
2788 1456 2930 1501 sunt.

2210 1539 2335 1594 lude
2350 1555 2477 1595 vero
2503 1540 2997 1610 Constantinopolin
3025 1551 3306 1608 venerunt,
3341 1544 3429 1600 ubi
3458 1545 3712 1616 quinqua-

2136 1630 2280 1700 ginta
2326 1646 2548 1685 numero
2593 1631 2658 1685 ad
2688 1631 2907 1685 Joannis
2953 1634 3194 1702 episcopi
3242 1650 3409 1705 genua
3454 1639 3717 1705 provoluti

2136 1731 2344 1791 rogant,
2390 1739 2449 1779 se
2492 1740 2611 1778 cum
2658 1724 2955 1795 Theophila
2993 1726 3244 1796 episcopo
3290 1730 3617 1799 reconciliet,
3664 1742 3719 1787 ut

2136 1825 2346 1871 montes
2372 1825 2425 1871 et
2448 1816 2561 1871 loca
2588 1831 2681 1870 sua
2707 1825 2954 1887 repetere
2983 1819 3184 1888 possint
3211 1838 3222 1873 :
3246 1820 3476 1892 alioquin
3503 1839 3632 1879 vero
3661 1840 3719 1880 se

2136 1906 2513 1978 Imperatorem
2555 1910 2825 1976 adituros,
2877 1920 2933 1965 ut
2981 1927 3142 1981 prava
3187 1913 3327 1969 illius
3373 1915 3427 1969 in
3466 1916 3719 1973 Ecclesia:

2134 2000 2512 2054 contumeliam
2555 2000 2785 2054 facinora
2813 2013 3099 2071 exponant.
3140 2002 3273 2057 Tum
3303 2003 3717 2076 Chrysostomus

2136 2090 2258 2144 illos
2302 2091 2529 2146 libenter
2572 2092 2800 2162 excepit,
2850 2107 3012 2163 seque
3057 2093 3350 2165 'I‘beophilo
3397 2096 3717 2166 scripturum

2136 2184 2400 2253 pollicitus
2426 2194 2526 2239 est.
2562 2186 2639 2240 De
2667 2195 2862 2241 caetero
2890 2188 3181 2243 monachos
3212 2189 3351 2256 illos,
3384 2190 3473 2259 qui
3506 2189 3719 2245 Fratres

2136 2278 2303 2349 Longi
2332 2294 2361 2331 a
2386 2289 2585 2333 statura
2624 2288 2899 2343 vocantur,
2948 2282 3152 2336 monuit
3187 2290 3377 2337 utrem
3403 2283 3615 2339 silentio
3641 2292 3719 2340 te-

2133 2380 2339 2439 gerent,
2364 2370 2534 2425 donec
2560 2370 2685 2441 quid
2711 2373 2763 2425 in
2788 2380 2965 2427 mente
2986 2372 3203 2428 haberet
3227 2372 3554 2443 Theophilus
3573 2390 3722 2431 com-

2136 2461 2435 2530 perissent:
2469 2462 2755 2532 hospitium
2792 2472 2967 2518 autem
3000 2463 3104 2518 illis
3145 2464 3433 2534 assignavit
3461 2465 3517 2520 in
3544 2467 3718 2522 eccle-

2132 2553 2248 2618 sia,
2304 2569 2422 2624 qua:
2473 2554 2750 2609 Anastasio
2808 2555 3111 2609 vocabatur.
3164 2554 3246 2609 Ad
3298 2557 3490 2610 victum
3542 2566 3717 2613 autem

2136 2644 2436 2698 necessaria
2460 2644 2587 2713 ipsis
2604 2644 3014 2714 suppeditabant
3039 2644 3291 2701 mulieres
3315 2645 3557 2716 quaedam
3586 2648 3714 2703 reli-

2133 2738 2332 2805 giosae;
2385 2738 2485 2809 ipsi
2524 2753 2733 2808 queque
2772 2738 3013 2792 nonnihil
3060 2738 3405 2794 conferebant
3448 2755 3514 2794 ex
3558 2755 3719 2810 opere

2131 2844 2400 2883 manuum.
2454 2829 2620 2884 Erant
2646 2838 2769 2885 tunc
2806 2829 3264 2901 ConstantinOpoli
3302 2832 3513 2902 quidam
3543 2832 3719 2889 Theo-

2131 2920 2264 2991 phili
2291 2921 2496 2985 clerici,
2534 2921 2648 2991 ejus
2680 2923 2888 2991 negotia
2925 2932 3191 2992 gerentes.
3224 2922 3318 2978 His
3344 2924 3527 2978 accitis
3552 2923 3714 2978 Joan-

2129 3028 2225 3067 nes
2254 3022 2590 3083 percontatus
2612 3022 2713 3077 est,
2736 3028 2803 3067 an
2829 3012 3117 3068 monachos
3144 3013 3273 3068 istos
3297 3023 3533 3069 nossent.
3559 3013 3636 3069 Illi
3656 3030 3716 3070 se

2128 3104 2296 3175 probe
2326 3105 2443 3160 illos
2474 3106 2685 3159 novisse
2726 3103 2992 3169 dixerunt,
3037 3113 3093 3158 et
3122 3105 3427 3159 violentiam
3470 3119 3712 3175 magnam

2129 3212 2412 3267 perpessos
2448 3211 2567 3251 esse
2609 3196 2735 3250 fassi
2777 3206 2918 3250 sunt.
2952 3196 3028 3250 De
3069 3205 3263 3251 caetero
3302 3195 3558 3252 Joannem
3596 3212 3713 3251 mo-

2127 3303 2312 3353 nuere,
2348 3297 2406 3342 ut
2443 3302 2510 3342 ne
2550 3287 2671 3341 illos
2709 3286 2774 3340 ad
2816 3287 3244 3341 communionem
3276 3288 3598 3355 admitteret,
3644 3305 3713 3343 ne

2129 3378 2481 3447 Theophilum
2518 3378 2898 3443 exacerbaret;
2948 3393 3067 3433 cum
3115 3379 3219 3433 illis
3262 3389 3434 3435 tamen
3485 3380 3713 3451 benigno

2126 3484 2327 3544 ageret,
2356 3485 2415 3528 ut
2433 3473 2655 3529 decebat
2674 3473 3003 3542 episcopum.

2197 3566 2288 3621 Sic
2322 3566 2555 3621 Joannes
2592 3565 2713 3620 illos
2744 3564 2810 3620 ad
2854 3564 3283 3620 communionem
3321 3580 3429 3619 non
3463 3565 3709 3631 admisit;

2125 3660 2221 3716 sed
2269 3660 2335 3715 ad
2378 3659 2729 3730 Theophilum
2784 3660 3017 3729 scripsit,
3071 3675 3131 3715 se
3178 3659 3343 3714 ﬁlium
3393 3671 3449 3715 et
3496 3662 3710 3716 fratrem

2126 3752 2291 3822 ipsius
2318 3752 2522 3816 dicens,
2553 3767 2744 3822 rogans
2775 3752 2894 3805 illos
2920 3751 3136 3805 demum
3164 3752 3470 3807 admitteret
3509 3760 3565 3807 et
3605 3767 3713 3806 am-

2126 3843 2464 3912 plecteretur.
2489 3841 2544 3895 ld
2572 3843 2782 3912 negavit
2809 3841 3174 3911 TbeOphilus;
3204 3841 3299 3896 sed
3327 3841 3586 3911 quosdam
3615 3842 3715 3897 mi-

2125 3937 2195 3988 sit
2218 3935 2281 3988 ad
2312 3935 2673 3989 contentiosas
2699 3935 2985 3988 verborum
3022 3948 3222 4004 pugnas
3256 3935 3594 4002 exercitatos,
3623 3936 3712 4006 qui

2126 4028 2360 4083 libellum
2390 4042 2605 4097 precum
2630 4026 2819 4083 Joanni
2848 4025 3057 4091 darent,
3095 4026 3387 4082 mendaciis
3412 4035 3465 4081 et
3506 4027 3711 4082 calum-

2126 4120 2230 4174 niis
2246 4119 2500 4174 adversus
2527 4119 2817 4173 monachos
2851 4119 3236 4187 plenissimum,
3266 4129 3324 4172 ut
3351 4116 3597 4172 monachi
3637 4118 3712 4172 illi

2125 4213 2179 4267 in
2226 4212 2426 4268 Palatio
2452 4212 2603 4281 quasi
2633 4212 3044 4281 praestigiatores
3073 4210 3239 4281 digito
3265 4218 3708 4265 monstrarentur.

2126 4304 2369 4359 Monachi
2395 4318 2545 4369 vero,
2569 4312 2627 4357 ut
2654 4305 2901 4358 viderunt
2928 4302 3128 4357 nullam
3158 4303 3255 4357 sibi
3288 4302 3570 4372 Theophili
3598 4304 3709 4373 pla-

2125 4396 2279 4451 candi
2323 4396 2460 4450 viam
2511 4409 2813 4464 superesse,
2861 4409 2920 4448 se
2961 4404 3172 4463 paratos
3208 4408 3329 4447 esse
3366 4393 3602 4448 dicentes
3646 4395 3711 4447 ad

2125 4505 2339 4545 omnem
2367 4489 2555 4544 falsam
2586 4488 2881 4543 doctrinam
2909 4486 3467 4549 anathematizandam;
3507 4486 3711 4555 suppli-

2124 4597 2214 4636 ces
2261 4582 2470 4636 libellos
2507 4580 2700 4636 Joanni
2740 4578 2989 4644 offerunt,
3036 4580 3121 4634 ubi
3160 4578 3439 4649 Theophili
3478 4580 3712 4650 tyranni-

2126 4674 2246 4729 dem
2289 4674 2467 4729 ntultis
2504 4672 2896 4742 exprimebant,
2935 4672 3144 4741 aliaque
3185 4672 3559 4742 adjuugebant,
3591 4689 3709 4741 qua.

2127 4767 2328 4822 referre
2370 4767 2582 4836 pudeat.
2626 4766 2761 4821 Tum
2801 4765 3035 4820 Joannes
3061 4776 3114 4819 ct
3143 4780 3237 4833 per
3275 4781 3334 4819 se
3378 4776 3430 4819 et
3456 4781 3550 4835 per
3577 4767 3707 4821 alios

2126 4866 2402 4932 episcopos
2426 4861 2669 4916 hortatur
2691 4861 2812 4915 illos
2840 4869 2895 4914 ut
2924 4860 3046 4913 talia
3067 4858 3136 4913 de
3163 4858 3458 4929 Theophila
3478 4861 3708 4914 scribere

2127 4957 2391 5021 desinant,
2424 4964 2677 5026 quantum
2707 4954 2831 5007 hinc
2876 4953 3001 5007 mali
3036 4962 3485 5022 consequuturom
3520 4954 3590 5007 sit
3616 4954 3711 5007 de-

2127 5049 2336 5101 clarans
2360 5064 2372 5099 :
2402 5045 2801 5115 Theophiloque
2826 5043 3101 5113 rescripsit
3127 5059 3350 5097 narrans
3372 5044 3444 5097 illi
3468 5060 3708 5114 quaenam

2128 5141 2372 5196 monachi
2420 5141 2488 5195 de
2530 5141 2646 5210 ipso
2690 5138 3009 5209 proferrent,
3058 5136 3455 5206 testificansque
3496 5151 3555 5192 se
3595 5137 3702 5191 illor

2129 5233 2327 5287 frustra
2378 5231 2645 5287 hortatum
2696 5245 2817 5286 esse
2866 5240 2922 5285 ut
2964 5230 3421 5299 Constantinopoli
3468 5229 3702 5285 discedc-
3735 5294 3752 5316 ⁸,

2130 5335 2279 5391 rent;
2326 5337 2579 5382 caaterum
2621 5340 2739 5395 quae
2782 5323 2881 5379 sibi
2926 5324 3179 5395 expedire
3226 5322 3534 5378 viderentur
3580 5322 3712 5377 indi-

2125 5429 2288 5474 caret.

2197 5509 2522 5579 Theophilus
2542 5524 2691 5576 vero,
2721 5510 2809 5580 qui
2840 5508 3031 5564 Joanni
3061 5517 3164 5562 tam
3187 5508 3482 5573 moderato,
3508 5507 3632 5577 quin
3664 5518 3715 5562 ct

2125 5601 2297 5655 amico
2321 5601 2499 5655 animo
2523 5615 2703 5656 secum
2728 5600 2924 5671 agenti,
2953 5603 3174 5669 gratiam
3205 5598 3403 5653 habere
3429 5598 3630 5664 debuit,
3661 5600 3713 5652 in

2130 5691 2361 5746 furorem
2407 5702 2577 5758 actus,
2620 5693 2800 5746 statim
2844 5692 2912 5747 ab
2941 5692 3175 5747 Ecclesia
3222 5690 3454 5747 excludit
3494 5690 3713 5744 Diosco-

2130 5799 2248 5837 rum
2282 5784 2607 5855 episcopum,
2642 5798 2800 5854 quem
2834 5794 2983 5841 vocat
3024 5782 3312 5851 Palladius,
3344 5780 3563 5839 fratrem
3603 5796 3714 5836 nio-

3766 5222 3793 5255 Ι
