4122 6386
443 313 534 370 l9!

441 427 753 494 nachorum,
781 426 869 496 qui
911 428 963 481 in
1007 426 1244 484 Ecclesia
1282 435 1548 488 senuerat,
1585 435 1638 481 et
1661 425 1850 482 Joanni
1896 427 2006 496 epi-

441 534 605 590 scopo
631 518 744 574 hate
772 519 954 575 scribit
985 538 1000 576 :
1033 519 1259 574 Arbitror
1298 520 1525 591 equidem
1565 536 1664 572 non
1707 520 1941 590 ignorare
1964 527 2010 571 te

441 629 689 668 canonum
716 611 1040 667 Nicanorum
1069 613 1339 678 decretum,
1369 628 1465 682 quo
1508 611 1750 676 sancitur,
1798 627 1860 663 ne
1902 609 2009 678 epi—

442 721 622 774 scopus
646 702 782 758 [item
809 713 949 757 extra
974 705 1099 771 ﬁnes
1125 719 1242 756 suos
1261 704 1454 773 judicet
1481 717 1500 756 :
1517 702 1561 756 si
1589 711 1755 755 autem
1781 702 2005 770 ignoras,

443 792 596 860 disce,
626 803 672 847 et
695 809 728 847 a
757 793 934 848 libellis
959 793 1194 846 adversus
1219 809 1296 846 me
1318 792 1524 846 abstine.
1557 791 1693 844 Nam
1722 792 1766 846 si
1785 791 2011 860 judican’

441 904 521 942 sne
539 895 802 957 oporteret,
827 885 887 939 ab
905 884 1166 956 ﬂgyptiis
1186 886 1429 953 episcopis
1439 884 1746 955 judicandus
1763 900 1893 948 sum,
1911 900 2012 936 non

440 993 476 1031 ο
506 987 569 1042 te,
598 979 684 1049 qui
719 979 1030 1050 septuaginta
1055 978 1271 1048 quinque
1298 978 1490 1032 dierum
1525 978 1700 1032 itinere
1727 977 1843 1030 hinc
1873 974 2008 1030 abes.

512 1069 591 1124 Ex
623 1069 705 1123 his
728 1083 854 1124 vero
893 1070 1058 1124 literis
1085 1070 1257 1139 palam
1298 1080 1380 1125 est
1407 1085 1588 1124 verum
1631 1083 1750 1123 esse
1794 1067 1846 1122 id
1869 1067 2010 1137 quod

445 1159 690 1216 Socrates
733 1159 892 1214 refert
939 1159 1108 1231 (Socr.
1141 1159 1178 1214 ι.
1214 1160 1266 1215 6.
1295 1178 1341 1215 c.
1371 1160 1450 1231 9),
1483 1175 1670 1229 nempe
1709 1159 1895 1214 falsum
1924 1175 2014 1212 ru-

451 1266 656 1307 morem
703 1251 769 1306 ad
803 1267 958 1307 aures
1009 1252 1287 1322 Theophili
1339 1253 1593 1322 perlatum
1639 1251 1821 1317 fuisse,
1870 1250 2012 1322 quod

451 1358 640 1411 nempe
663 1342 894 1400 Joannes
921 1344 1040 1398 illos
1069 1343 1134 1397 ad
1163 1359 1310 1398 sacra
1339 1343 1656 1410 admisisset,
1685 1351 1740 1398 et
1764 1343 1830 1398 ad
1856 1357 2010 1412 opem

447 1435 550 1489 illis
580 1434 852 1489 ferendum
884 1445 1097 1504 paratus
1123 1443 1282 1489 esset.
1305 1434 1682 1501 Quamobrem,
1709 1433 1877 1502 pergit
1899 1432 2009 1497 ille,

441 1525 765 1595 Theophilus
809 1535 951 1582 totus
993 1527 1045 1580 in
1091 1525 1192 1582 hoc
1229 1527 1390 1595 cmpit
1437 1527 1759 1590 incumbere,
1807 1533 1863 1578 ut
1907 1539 2013 1578 non

439 1618 599 1674 modo
647 1619 954 1675 Dioscorum
1007 1626 1061 1673 et
1105 1618 1360 1673 lsidorum
1413 1618 1780 1684 ulcisceretur,
1825 1631 2014 1670 verum

442 1711 603 1766 etiam
627 1710 884 1767 Joannem
914 1725 979 1766 ex
1008 1711 1295 1782 episcOpali
1323 1710 1448 1766 sede
1469 1709 1747 1780 dejiceret.
1773 1709 2014 1779 Misitque

439 1804 688 1873 epistolas
717 1802 784 1858 ad
826 1803 1149 1873 singularum
1183 1805 1451 1858 civitatum
1491 1804 1790 1873 episcopos,
1831 1803 2013 1858 consi-

441 1895 570 1950 lium
598 1895 814 1965 quidem
862 1909 1015 1948 suum
1061 1894 1350 1962 occultans,
1390 1895 1566 1966 palam
1591 1911 1718 1950 vero
1748 1895 1798 1948 in
1839 1895 1902 1950 iis
1931 1909 2014 1950 re-

440 1987 778 2056 prehendens
799 1987 962 2042 libros
986 1987 1246 2058 Origenis,
1269 2002 1490 2057 quorum
1516 1996 1688 2041 tamen
1713 1987 2015 2042 testimonio

441 2080 530 2135 diu
557 2091 681 2136 ante
725 2081 869 2136 illum
901 2083 1219 2140 Athanasius
1256 2089 1439 2137 contra
1475 2082 1703 2136 Arianos
1744 2097 1872 2136 usus
1897 2080 2014 2136 fue-

442 2183 544 2228 rat.
583 2175 710 2230 Hzec
751 2175 1016 2239 Socrates,
1062 2174 1290 2244 idipsum
1332 2172 1444 2230 fere
1485 2173 1810 2230 Sozomenus
1858 2173 2016 2228 habet

442 2265 675 2335 (Sozam.
710 2266 746 2320 ι.
779 2266 833 2322 8.
861 2283 909 2322 c.
940 2266 1008 2320 12
1027 2275 1072 2319 et
1101 2267 1216 2337 15).

510 2356 740 2413 Joannes
768 2374 893 2413 vero
920 2367 1134 2427 accepta
1170 2358 1410 2428 lectaque
1438 2357 1718 2428 Theophili
1755 2355 1978 2429 epistola
1997 2397 2012 2423 ,

441 2465 560 2505 eam
587 2465 749 2520 penes
776 2465 834 2506 se
859 2451 1108 2506 servavit.
1139 2451 1209 2505 Et
1233 2451 1353 2520 quia
1379 2452 1702 2521 Theophilus
1729 2450 2017 2506 monachos

443 2543 576 2596 alios
604 2543 702 2597 sibi
732 2541 970 2597 addictos
994 2540 1486 2612 Constantinopolin
1521 2544 1740 2598 miserat
1765 2543 1854 2614 qui
1895 2556 2018 2597 suas

444 2643 621 2704 partes
650 2641 923 2689 tuerentur
941 2675 956 2697 ,
987 2633 1262 2688 monachis
1292 2634 1566 2704 utriusque
1601 2634 1768 2703 partis
1793 2632 2018 2690 suadere

443 2732 666 2780 conatus
688 2733 769 2780 est
792 2724 1205 2795 Chrysostomus
1239 2736 1295 2779 ut
1333 2740 1516 2796 pacem
1545 2727 1683 2781 inter
1705 2741 1763 2782 se
1800 2727 2015 2783 inirent.

444 2815 648 2884 Quibus
683 2815 877 2871 auditis
914 2817 988 2870 illi
1026 2817 1290 2886 utrimque
1329 2818 1495 2888 magis
1528 2819 1822 2888 exasperati
1853 2829 1978 2876 sunt
2001 2861 2016 2886 ,

443 2908 656 2964 Fratres
682 2909 895 2978 quidem
923 2909 1088 2980 Longi
1111 2918 1168 2964 ut
1193 2910 1472 2981 Theophili
1497 2911 1776 2983 tyrannide
1800 2927 2022 2982 oppres-

443 2998 524 3062 si;
551 2999 642 3052 alii
665 3014 791 3054 vero
815 2998 1094 3066 dicebant,
1126 3015 1184 3055 se
1216 3001 1415 3071 absque
1439 3001 1720 3072 The0phili
1757 3018 2020 3059 consensu

442 3097 498 3142 et
519 3088 674 3159 jussu
709 3087 1007 3146 facultatem
1040 3106 1144 3146 non
1172 3090 1368 3147 habere
1402 3092 1646 3148 ineundae
1677 3094 1842 3164 pacis.
1872 3093 2021 3150 Tunc

443 3179 676 3236 Joannes
703 3180 923 3253 hujusce
949 3183 1029 3238 rei
1057 3197 1237 3238 curam
1265 3183 1482 3239 omnino
1505 3183 1772 3255 deposuit.

513 3271 648 3326 Tum
687 3273 967 3336 monachi,
998 3273 1144 3344 quia
1174 3273 1469 3343 TheOphilo
1495 3275 1632 3346 pulsi
1671 3275 1914 3342 fuerant,
1953 3277 2022 3331 li-

445 3361 612 3417 belles
648 3363 881 3432 prolixos
909 3363 1223 3432 ediderunt,
1261 3365 1412 3434 queis
1455 3366 1746 3421 monachos
1784 3367 2022 3423 adversas

447 3454 611 3522 partis
644 3463 909 3524 tamquam
939 3456 1351 3512 calumniatores
1391 3457 1810 3528 pr0pulsabant;
1837 3469 2022 3515 contra

445 3545 796 3618 Theophilum
817 3547 980 3603 multa
1004 3548 1269 3615 dicebant,
1292 3565 1408 3620 quae
1429 3551 1674 3606 omnibus
1699 3561 1825 3605 nota
1846 3561 2017 3607 erant.

445 3639 677 3694 Libellos
718 3648 894 3695 autem
939 3641 1190 3711 Augustis
1235 3642 1577 3710 obtulerunt,
1625 3643 2024 3715 Eudoxiamque

445 3729 838 3797 imperatricem
866 3729 1146 3798 adierunt,
1174 3741 1300 3788 tunc
1338 3735 1392 3788 in
1433 3734 1689 3805 martyrio
1715 3734 1771 3790 S.
1800 3735 2022 3792 Joannis

443 3831 742 3878 versantem
777 3841 790 3878 :
820 3823 1092 3896 ipsamque
1116 3826 1319 3896 precati
1349 3834 1474 3879 sunt
1494 3866 1506 3888 .
1547 3834 1605 3881 ut
1641 3826 2022 3882 monachorum

443 3914 682 3970 adversas
709 3916 873 3984 partis
892 3916 1108 3972 libellus
1127 3917 1265 3986 apud
1292 3916 1575 3972 Prmfeclos
1595 3918 2019 3986 examinaretur;

443 4003 769 4075 Theophilus
788 4021 916 4062 vero
942 4007 1025 4063 vel
1053 4007 1247 4063 invitus
1271 4007 1505 4073 adesset,
1533 4009 1704 4080 deque
1728 4010 1819 4065 illo
1841 4025 2021 4066 coram

441 4095 647 4151 Joanne
667 4096 1016 4166 judicaretur.
1046 4097 1289 4153 Admissa
1318 4099 1688 4168 postulatione,
1718 4101 2022 4157 mandatum

443 4189 572 4257 fuit,
603 4197 663 4243 ut
690 4188 1017 4260 Theophilus
1040 4205 1223 4245 volens
1249 4190 1434 4246 nolens
1453 4231 1469 4258 ,
1499 4191 1763 4246 exhibilus
1793 4209 1888 4262 per
1911 4193 2022 4248 Ma-

441 4281 665 4351 gistrum
690 4295 869 4336 coram
899 4280 1105 4336 Joanne
1132 4281 1432 4349 sisteretur,
1459 4291 1517 4336 ut
1541 4298 1756 4338 causam
1785 4283 2020 4351 diceret;

441 4373 688 4428 monachi
730 4387 858 4428 vero
896 4373 1132 4428 adversa:
1173 4373 1339 4442 partis
1367 4375 1452 4430 vel
1492 4376 1782 4444 probarent
1813 4392 1875 4431 ea
1903 4393 2022 4447 quae

441 4467 696 4522 adversus
725 4474 941 4522 sanctos
967 4481 1128 4522 senes
1164 4467 1526 4536 protulerant,
1554 4467 1640 4523 vel
1668 4468 2021 4524 calumniato-

440 4571 560 4612 rum
586 4572 772 4628 pmnas
797 4559 1054 4614 subirent.

512 4648 567 4703 ln
594 4649 886 4705 monachos
913 4660 1092 4705 autem
1121 4665 1152 4703 a
1178 4649 1476 4720 Theophilo
1503 4650 1696 4705 missos
1732 4650 1878 4722 leges
1906 4651 2024 4721 qui-

438 4739 563 4795 dem
602 4740 905 4807 instabant,
948 4741 1268 4812 illorumque
1306 4757 1468 4797 causa
1506 4742 1856 4797 examinanda
1898 4758 2021 4797 mox

439 4843 556 4888 erat
585 4850 600 4886 :
632 4833 710 4888 illi
751 4847 881 4888 vero
919 4842 1169 4889 eventum
1213 4834 1398 4900 veriti,
1439 4849 1552 4890 rem
1591 4834 1790 4889 differri
1834 4843 2024 4905 rogant

439 4939 607 4994 usque
631 4924 697 4980 ad
724 4924 1008 4994 Theophili
1036 4927 1342 4990 adventum,
1371 4926 1460 4996 qui
1494 4925 1610 4979 illos
1639 4925 2024 4982 subornaverat

439 5028 496 5073 et
525 5017 736 5073 libellos
764 5017 1076 5073 dictaverat.
1107 5017 1350 5073 Praefecti
1376 5033 1501 5072 vero
1527 5018 1648 5073 illos
1674 5019 1723 5073 in
1751 5034 2020 5075 carcerem

437 5107 779 5177 coniecerunt
802 5125 972 5179 usque
991 5109 1056 5164 ad
1077 5108 1355 5178 Theophili
1376 5110 1683 5175 adventum,
1708 5110 1947 5166 nolentes
1969 5112 2020 5165 in

437 5201 529 5254 tali
556 5215 717 5254 causa
742 5201 907 5256 vades
933 5201 1192 5271 accipere.
1227 5201 1424 5257 Horum
1452 5201 1664 5271 quidam
1693 5204 1742 5256 in
1769 5219 1984 5258 carcere
2001 5244 2018 5266 ,

434 5294 506 5348 ob
531 5292 816 5361 Theophili
842 5293 1100 5349 venientis
1130 5293 1428 5348 tarditatem
1457 5294 1547 5348 diu
1577 5294 1793 5359 morati,
1828 5294 2020 5349 mortui

434 5392 594 5449 sunt;
625 5383 716 5438 alii
746 5398 872 5439 vero
901 5393 1020 5454 post
1043 5383 1324 5439 adventum
1347 5383 1645 5453 Theophili,
1673 5383 1726 5438 in
1755 5393 2019 5454 postrema

435 5474 890 5544 interrogatione,
927 5483 1193 5545 tamquam
1227 5474 1670 5542 calumniatores,
1712 5475 2020 5532 Proconne-

431 5583 549 5623 sum
577 5583 607 5623 a
635 5567 904 5638 judicibus
929 5567 1254 5639 relegantur.

503 5657 822 5729 Theophilus
846 5658 998 5712 libros
1022 5659 1252 5730 Origenis
1275 5659 1500 5714 damnat.
1524 5690 1593 5700 -—-
1618 5660 1825 5716 Interea
1847 5660 2020 5716 Theo—

434 5751 631 5822 philus,
660 5752 750 5823 qui
777 5751 892 5809 dira
921 5752 1237 5810 molienatur
1263 5755 1314 5809 in
1341 5752 1618 5820 Joannem,
1650 5753 1714 5810 ad
1741 5755 2018 5826 episcopos

1527 311 1582 364 S.
1621 311 1895 372 JOANNIS
1931 311 2400 372 CHRYSOSTOMI
2444 317 2622 390 νιτΑ,

3595 327 3694 386 i9!

2118 425 2311 496 ubique
2363 443 2555 484 omnes
2611 430 2854 502 scripsit.
2907 433 3072 490 libros
3115 433 3358 506 Origenis
3405 438 3691 505 incusans.

2115 517 2414 588 multosque
2436 519 2500 574 ad
2524 521 2839 577 sententiam
2869 537 3017 579 suam
3039 526 3300 595 pertraxit
3320 527 3549 599 (Sozam.
3575 531 3612 583 ι.
3635 531 3692 586 8.

2115 623 2161 659 c.
2194 607 2281 662 14.
2313 608 2458 663 Socr.
2489 610 2528 664 ι.
2557 610 2612 666 6.
2643 627 2690 664 c.
2720 612 2833 681 {0).
2864 613 3168 686 Putansque
3196 632 3388 687 magno
3415 619 3515 673 sibi
3542 635 3698 674 emov

2116 695 2352 752 iumento
2394 698 2542 766 fore,
2583 701 2627 755 si
2670 702 3059 772 Epiphaniam,
3100 705 3384 762 Salaminis
3427 710 3481 763 in
3517 710 3695 781 Cypro

2115 789 2452 859 episcopum,
2486 793 2658 847 virum
2696 795 3084 850 sanctissimum
3119 809 3174 852 et
3208 799 3557 855 clarissimum
3579 843 3593 867 ,
3625 801 3691 856 ad

2116 892 2239 932 suas
2265 888 2442 948 partes
2469 881 2681 939 allicere
2707 895 2904 953 posset,
2937 901 3003 940 eo
3033 903 3223 942 nervos
3253 889 3525 945 industria:
3555 902 3694 947 totos

2115 970 2373 1026 adhibuit.
2402 973 2552 1028 Illum
2580 990 2708 1031 vero
2737 976 2942 1046 pridem
2975 977 3332 1047 incusaverat,
3359 981 3499 1051 quod
3529 982 3691 1036 Deum

2116 1059 2347 1118 humana
2381 1063 2548 1119 forma
2583 1066 2862 1136 prarditum
2902 1084 3020 1125 esse
3061 1072 3388 1140 opinaretur,
3425 1089 3542 1143 qua:
3581 1083 3696 1128 erat

2117 1150 2336 1210 hmresis
2373 1155 3060 1230 Anthropomorphitarum.
3106 1161 3254 1216 Tunc
3291 1177 3452 1230 vero,
3483 1165 3526 1217 si
3563 1163 3696 1218 ﬁdes

2117 1247 2188 1300 sit
2211 1245 2413 1303 Socrati
2438 1259 2491 1304 et.
2514 1249 2812 1307 Sozomeno
2831 1293 2846 1318 ,
2875 1267 2934 1308 se
2959 1253 3187 1323 idipsum
3225 1269 3285 1308 ea
3322 1255 3387 1310 de
3413 1271 3470 1310 re
3498 1258 3696 1311 sentire

2116 1337 2412 1407 simulavit,
2441 1348 2499 1395 ut
2525 1341 2874 1412 Epiphanium
2907 1345 3005 1398 sibi
3037 1345 3364 1401 conciliaret.
3397 1345 3523 1401 Erat
3551 1347 3692 1401 enim

2117 1430 2443 1500 Epiphanius
2471 1432 2552 1487 vir
2578 1435 2771 1502 pietate
2796 1436 3134 1506 consmcuus,
3166 1437 3263 1492 sed
3291 1438 3380 1506 qui
3416 1453 3520 1493 non
3549 1455 3694 1493 sem-

2118 1536 2215 1591 per
2271 1523 2520 1577 tutiorem
2577 1526 2956 1596 melioremque
3013 1536 3216 1597 partem
3267 1529 3692 1599 amplecteretur.

2119 1613 2237 1668 Jam
2265 1614 2492 1670 vidimus
2521 1616 2573 1670 in
2605 1616 2721 1672 Vita
2748 1618 3054 1682 Athanasii,
3086 1635 3241 1690 quam
3269 1637 3410 1677 anno
3441 1622 3576 1678 i698
3601 1640 3699 1693 pu-

2117 1703 2309 1758 blicam
2334 1705 2572 1771 fecimus,
2598 1706 2950 1777 Epiphanium
2972 1725 3093 1765 cum
3111 1712 3176 1766 de
3195 1712 3403 1768 Meletio
3423 1715 3530 1785 agit
3551 1714 3700 1786 (Epi-

2119 1797 2275 1866 phan.
2298 1797 2495 1853 eresi
2521 1800 2631 1870 68),
2654 1801 2741 1870 qui
2767 1801 3032 1856 Meletiani
3060 1804 3358 1862 schismatis
3379 1818 3561 1862 auctor
3581 1808 3696 1875 fuit,

2117 1889 2315 1960 quique
2344 1905 2374 1944 a
2399 1889 2457 1945 S.
2486 1891 2643 1946 Petro
2664 1900 2917 1964 martyre,
2943 1893 3300 1950 Alexandrino
3326 1898 3569 1966 prmsule,
3592 1907 3645 1953 et
3669 1914 3700 1952 a

2118 1981 2336 2052 Synodo
2365 1983 2648 2039 multorum
2681 1986 2944 2040 scelerum
2981 2002 3142 2042 causa
3181 1989 3460 2045 damnatus
3488 1991 3701 2062 deposi-

2119 2081 2307 2142 tusque
2347 2072 2551 2142 fuerat,
2598 2074 2721 2131 facti
2769 2077 3020 2132 invidiam
3069 2079 3226 2134 Petro
3271 2082 3492 2154 martyri
3533 2085 3701 2152 magis

2118 2179 2275 2233 quam
2305 2164 2516 2220 Meletio
2543 2167 2790 2222 conferre
2823 2185 2837 2222 :
2871 2168 2941 2222 ita
2981 2178 3038 2224 ut
3081 2171 3252 2240 palam
3289 2172 3356 2226 sit
3386 2188 3506 2227 eum
3544 2173 3702 2228 Melc-

2121 2255 2246 2310 tiani
2273 2257 2545 2326 cujusdam
2573 2258 2758 2314 fraude
2798 2259 2901 2316 tale
2938 2273 3295 2316 commentum
3335 2263 3586 2328 edidisse,
3616 2264 3700 2319 cui

2118 2349 2412 2404 reclamant
2447 2365 2566 2405 cum
2604 2351 2896 2407 Athanasio
2933 2367 3122 2408 omnes
3167 2355 3524 2410 Ecclesiastici
3563 2355 3700 2410 scri-

2121 2450 2320 2512 ptores.

2192 2531 2256 2588 S.
2290 2532 2611 2603 Epiphanius
2639 2534 2792 2590 libros
2819 2534 3050 2607 Origenis
3079 2535 3178 2608 legi
3206 2537 3452 2608 prohibet.
3472 2568 3542 2579 ——
3569 2537 3699 2594 Cum

2121 2626 2282 2681 sciret
2308 2633 2482 2680 autem
2522 2626 2851 2696 Theophilus
2881 2627 3230 2697 Epiphanium
3271 2629 3434 2685 libros
3462 2629 3702 2701 Origenis

2120 2718 2374 2785 aversari,
2401 2718 2466 2773 ad
2495 2733 2616 2774 eum
2645 2734 2856 2790 quoque
2882 2719 3062 2774 literas
3090 2720 3251 2785 misit,
3280 2722 3432 2790 queis
3456 2721 3705 2778 hortaba-

2123 2818 2208 2863 tur
2232 2809 2399 2875 illum,
2425 2818 2482 2863 ut
2505 2819 2558 2864 et
2584 2811 2698 2880 ipse
2725 2819 2911 2865 contra
2935 2809 3178 2881 Origenis
3203 2811 3370 2867 libros
3390 2814 3701 2868 sententiam

2123 2899 2306 2956 ferret.
2333 2900 2663 2971 Epiphanius
2690 2918 2840 2968 vero,
2870 2913 3054 2959 coacta
3081 2903 3397 2976 Cypriorum
3423 2906 3704 2977 episcopo-

2123 3009 2241 3049 rum
2277 2993 2492 3066 Synodo
2512 3036 2526 3062 ,
2554 2995 2796 3066 Origenis
2833 2996 2995 3052 libros
3023 2997 3123 3068 legi
3165 2998 3433 3068 prohibuit
3459 3017 3473 3054 :
3503 2999 3702 3071 episto-

2125 3085 2307 3155 lasque
2336 3087 2480 3141 misit
2501 3097 2610 3140 tum
2642 3085 2709 3141 ad
2735 3087 2866 3142 alios
2893 3088 3192 3158 episcopos,
3221 3099 3329 3143 tum
3355 3088 3422 3144 ad
3448 3089 3681 3146 Constau

2125 3179 2530 3250 tinopolitanum
2557 3179 2860 3250 praesulem,
2883 3180 3008 3250 quid
3033 3196 3064 3235 a
3087 3180 3279 3252 Cypria
3306 3181 3522 3253 Synodo
3542 3192 3681 3239 statu

2125 3282 2235 3326 tum
2257 3272 2444 3328 fuisset
2461 3272 2762 3339 declarans,
2783 3273 3173 3344 cohortansque
3196 3275 3334 3340 illos,
3359 3285 3415 3330 ut
3435 3275 3704 3348 Synodum

2125 3371 2480 3419 convocarent
2508 3364 2803 3435 eademque
2829 3364 3194 3420 decernerent.
3217 3366 3544 3436 Theophilus
3569 3383 3704 3440 quo-

2124 3472 2230 3526 que
2252 3470 2372 3511 cum
2399 3453 2665 3526 Egyptiis
2699 3455 2960 3526 episcopis
2997 3457 3181 3512 eadem
3219 3467 3401 3512 contra
3427 3457 3705 3530 Origenem

2126 3550 2430 3618 constituit,
2462 3550 2750 3620 literasque
2775 3550 2921 3604 misit
2951 3548 3019 3604 ad
3044 3551 3324 3620 episcopos
3352 3561 3406 3606 et
3437 3552 3504 3606 ad
3541 3551 3705 3606 Joan-

2127 3658 2268 3710 nem,
2289 3651 2420 3698 utet
2439 3643 2513 3696 illi
2537 3642 2680 3712 paria
2705 3651 3036 3712 praestarent.
3058 3641 3290 3698 Joannes
3310 3658 3436 3697 vero
3457 3643 3570 3698 haec
3589 3659 3705 3713 quae

2126 3736 2227 3792 sibi
2265 3735 2700 3806 signiﬁcabantur
2739 3734 3126 3806 parvipendens
3149 3776 3164 3801 ,
3197 3751 3354 3788 unam
3398 3735 3705 3792 instituendi

2127 3837 2181 3882 et
2212 3826 2294 3896 pia
2324 3826 2564 3882 doctrina
2591 3825 2862 3882 imbuendi
2896 3826 3072 3897 populi
3099 3826 3200 3880 sibi
3231 3827 3498 3880 commissi
3526 3842 3704 3881 curam

2126 3917 2365 3985 gerebat,
2395 3927 2447 3970 et
2473 3932 2535 3972 ea
2566 3917 2618 3971 in
2649 3932 2709 3970 re
2733 3917 3015 3971 admodum
3042 3917 3283 3972 ﬂorebat.
3314 3915 3553 3981 Insidias,
3576 3933 3707 3988 quas

2128 4007 2226 4063 sibi
2252 4007 2424 4076 parari
2451 4007 2695 4077 ignorare
2724 4022 2828 4062 non
2855 4016 3082 4077 poterat,
3106 4016 3448 4063 contemnere
3468 4023 3526 4063 se
3553 4023 3707 4078 posse

2129 4099 2380 4167 putabat,
2407 4098 2732 4152 conscientia
2763 4099 2894 4152 ninil
2919 4098 3199 4154 adversum
3229 4099 3562 4155 testiﬁcante.

2197 4188 2538 4244 Tillemontio
2571 4189 2956 4259 adstipulamur
2979 4189 3077 4260 (T.
3107 4191 3161 4246 5.
3195 4207 3240 4243 c.
3269 4192 3409 4256 499)
3438 4191 3526 4261 qui
3558 4200 3703 4261 putat

2129 4281 2385 4335 Homilias
2422 4279 2556 4335 duas
2603 4281 2654 4334 in
2699 4281 2826 4335 illud
2868 4281 3064 4336 Psalmi
3096 4283 3201 4348 48,
3235 4280 3318 4335 Ne
3342 4283 3563 4337 timueris
3596 4299 3708 4336 cum

2127 4379 2264 4431 dives
2302 4378 2466 4448 factus
2505 4376 2655 4448 fuerit
2685 4375 2834 4429 homo
2858 4417 2874 4442 ,
2906 4386 3009 4430 etc.
3036 4417 3051 4440 ,
3082 4376 3183 4430 hoc
3218 4376 3433 4430 circiter
3471 4385 3708 4444 tempore

2128 4469 2335 4524 habitas
2372 4467 2555 4523 fuisse.
2603 4468 2658 4522 ln
2701 4467 2870 4537 prima
2909 4481 3036 4522 vero
3083 4477 3361 4537 postquam
3399 4467 3705 4521 divitiarum

2126 4560 2413 4613 vanitatem
2457 4556 2846 4627 descripserat,
2875 4557 3014 4611 dicta
3052 4571 3146 4611 sua
3181 4556 3438 4626 exemplis
3462 4571 3706 4626 compro-

2125 4653 2254 4708 bare
2295 4653 2500 4706 nititur.
2531 4649 2707 4705 Nostis
2732 4665 2817 4703 uos
2836 4691 2851 4716 ,
2882 4649 3079 4719 inquit,
3107 4649 3369 4703 innumera
3401 4651 3628 4719 exempta
3655 4649 3708 4703 in

2128 4745 2223 4796 hac
2249 4743 2369 4796 urbe
2395 4743 2529 4796 circa
2557 4741 2953 4812 intempestivam
2979 4740 3269 4810 hujusmodi
3298 4740 3586 4794 divitiarum
3615 4741 3707 4810 ja-

2127 4846 2323 4890 cturam
2355 4851 2373 4889 :
2401 4844 2445 4888 et
2483 4833 2764 4896 didicistis,
2804 4833 2994 4886 vivente
3031 4847 3311 4902 possessore
3351 4832 3708 4902 possessionem

2128 4928 2334 4999 periisse
2363 4942 2382 4980 :
2409 4926 2696 4980 diuitiarum
2721 4925 2850 4978 enim
2880 4924 2995 4993 ﬁnis
3022 4933 3092 4977 est
3118 4925 3326 4977 mutatio
3353 4925 3404 4977 in
3433 4934 3708 4995 pauperta-

2127 5031 2246 5074 tem.
2273 5019 2536 5090 Perpende
2559 5019 2711 5089 igitur
2729 5033 2881 5088 quam
2902 5017 3056 5071 brevis
3085 5018 3149 5070 sit
3176 5017 3412 5086 temporis
3443 5018 3705 5086 possessio.

2128 5111 2266 5166 Nam
2304 5127 2558 5182 possessor
2594 5111 2712 5165 uiuit
2747 5119 2857 5180 post
2884 5110 3144 5180 jacturam
3175 5109 3519 5179 possessionis.
3550 5110 3710 5177 Atque

2125 5205 2319 5256 utinam
2351 5202 2577 5272 periisset
2603 5191 2876 5270 'possessio,
2908 5216 3062 5269 neque
3089 5200 3140 5252 in
3171 5199 3440 5268 perniciem
3478 5202 3709 5255 traxisset

2125 5296 2290 5364 ipsum
2316 5294 2687 5366 possessorem!
2715 5291 2835 5346 Non
2861 5292 3100 5346 erraveris
3127 5292 3297 5362 igitur,
3328 5293 3372 5346 si
3409 5293 3596 5346 dixeris
3622 5293 3705 5345 di-

2124 5387 2268 5441 uitias
2293 5403 2397 5440 esse
2421 5385 2744 5440 domesticum
2768 5385 3038 5455 ingratum,
3065 5383 3446 5454 sanguinarium
3473 5393 3518 5436 et
3548 5383 3708 5435 homi-

2123 5479 2309 5544 cidam,
2337 5477 2680 5542 domesticum,
2706 5477 2793 5547 qui
2822 5477 2874 5529 in
2912 5476 3362 5530 remunerationem
3390 5478 3509 5529 hero
3539 5491 3706 5528 necem

2123 5569 2294 5638 infert.
2321 5567 2426 5624 .Ubi
2461 5568 2698 5638 Eutropii
2727 5568 2851 5623 olim
2881 5575 3142 5637 potestate
3168 5576 3222 5620 et
3248 5567 3440 5636 opibus
3467 5565 3706 5620 ﬂorentis

2123 5662 2475 5718 calamitatem
2501 5671 2556 5718 et
2583 5676 2769 5717 necem
2807 5674 3226 5714 commemorare
3265 5661 3480 5714 omnino
3524 5658 3704 5712 viden-

2129 5763 2213 5808 tur
2240 5771 2254 5808 :
2281 5768 2485 5810 necnon
2514 5754 2740 5810 aliorum
2766 5752 3077 5820 multorum,
3096 5753 3185 5824 qui
3211 5767 3308 5826 per
3333 5751 3445 5809 hmc
3467 5764 3700 5824 tempora
