4122 6386
383 386 485 446 135

382 499 839 572 Constantinopoli
877 497 1103 554 fortuna;
1137 490 1550 550 vicissitudinem
1585 489 1787 559 experti
1822 492 1963 542 sunt.

284 660 285 663 η
382 597 641 666 Quodque
681 587 1208 647 animadvertendum
1237 584 1334 655 (T.
1366 586 1419 639 ’5.
1458 599 1503 637 ε.
1535 582 1658 638 591.
1696 589 1741 636 et
1775 578 1958 649 seqq),

385 691 472 745 hic
502 703 635 758 pene
664 687 792 757 ipsis
818 682 997 738 verbis
1021 681 1184 736 multa
1218 678 1446 749 repetit,
1473 691 1591 746 quae
1620 675 1671 728 in
1701 672 1870 742 prima
1895 668 1964 726 de

390 779 643 850 Eutropio
668 774 884 831 homilia
912 772 1147 844 pluribus
1175 770 1438 831 dicuntur,
1468 781 1672 821 necnon
1700 764 1851 818 initio
1879 777 1964 817 se-

296 920 299 927 ,
384 870 595 941 quentis
622 867 851 922 homilim
885 864 952 919 de
987 861 1265 931 Eutropio.
1306 860 1435 914 Hinc
1467 858 1625 913 etiam
1661 865 1714 911 et
1746 870 1809 908 ex
1847 854 1963 907 aliis

385 976 595 1032 quoque
630 959 879 1029 probatur
910 955 1047 1010 hanc
1076 952 1347 1007 homiliam
1372 944 1825 1016 Constantinopoli
1860 944 1963 999 hoc

383 1052 596 1108 circiter
634 1058 872 1118 tempore
897 1046 1094 1102 dictam
1134 1043 1328 1107 fuisse,
1357 1049 1417 1096 ut
1446 1039 1625 1094 videas
1656 1039 1707 1091 in
1743 1036 1959 1090 Monito.

387 1146 443 1201 In
483 1146 585 1201 hac
623 1143 836 1198 homilia
878 1138 1213 1195 subindicare
1239 1134 1445 1189 videtur
1472 1132 1881 1201 Chrysostomus
1904 1142 1962 1182 se

383 1228 465 1295 bis
494 1238 547 1292 in
578 1233 906 1291 hebdomada
937 1228 1240 1286 concionari
1265 1226 1458 1282 solere.

455 1333 626 1387 Aliam
656 1343 865 1400 quoque
893 1327 944 1382 in
975 1325 1159 1381 eadem
1187 1320 1346 1377 verba
1378 1322 1428 1374 in
1458 1318 1722 1373 Psalmum
1744 1315 1813 1371 48
1835 1328 1966 1369 con-

382 1424 591 1479 cionem
619 1421 802 1476 habuit
830 1413 1287 1484 Constantinopoli
1318 1413 1369 1466 in
1399 1411 1583 1480 Magna
1622 1407 1846 1463 ecclesia
1866 1447 1880 1471 ,
1905 1413 1965 1459 ut

384 1517 439 1572 in
472 1515 625 1571 titulo
653 1513 838 1569 fertur.
880 1511 1010 1566 Erat
1049 1517 1225 1563 autem
1264 1506 1448 1575 Magna
1484 1501 1706 1557 ecclesia
1747 1500 1832 1553 illa
1855 1540 1869 1562 ,
1910 1498 1962 1551 in

382 1625 487 1681 qua
515 1605 839 1677 frequentius
871 1603 1150 1673 episcopus
1188 1596 1628 1659 concionabatur,
1656 1592 1840 1661 Magna
1866 1605 1963 1659 ap-

383 1701 577 1772 pellata
596 1741 611 1766 ,
638 1697 781 1769 quod
815 1695 1023 1751 eteteris
1051 1691 1275 1761 amplior
1309 1695 1466 1742 esset.
1498 1684 1852 1739 Conciouatus
1881 1689 1966 1736 est

384 1801 593 1857 autem,
627 1798 904 1860 postquam
943 1786 1075 1839 alius
1112 1799 1176 1837 ex
1223 1789 1436 1849 recepto
1480 1793 1629 1831 more
1670 1776 1962 1830 orationem

386 1884 676 1951 habuerat,
714 1881 1078 1939 brevissimam
1112 1877 1321 1949 quidem
1342 1918 1356 1941 ,
1388 1872 1480 1928 sed
1509 1888 1625 1942 quae
1663 1871 1962 1925 auditorum

386 1976 570 2032 laudes
607 1980 906 2035 meruerat,
935 1980 988 2027 et
1021 1985 1049 2024 a
1078 1969 1457 2039 Chrysostomo
1496 1972 1552 2017 nt
1592 1963 1768 2033 magni
1808 1961 1963 2030 pretii

382 2066 700 2123 celebratur.
728 2064 855 2119 Post
878 2060 1134 2117 tumultus
1159 2072 1287 2114 vero
1315 2055 1567 2126 quosdam
1594 2052 1965 2107 Constantino-

385 2158 649 2229 politanos
673 2154 1064 2225 pronuntiatam
1092 2150 1257 2205 fuisse
1280 2148 1418 2202 hanc
1441 2144 1708 2200 homiliam
1732 2143 1965 2213 Chryso-

385 2259 592 2307 otomus
614 2246 711 2302 sub
737 2246 941 2301 initium
962 2243 1136 2298 docet.
1165 2241 1270 2311 Age
1291 2255 1429 2309 ergo,
1454 2236 1640 2306 inquit.
1664 2250 1753 2287 nos
1772 2248 1966 2301 quoque

381 2340 689 2395 Cumultuum
711 2338 798 2408 qui
819 2338 931 2409 jam
959 2334 1300 2403 contigerunt,
1329 2331 1549 2399 procella
1578 2326 1802 2389 liberati,
1831 2334 1962 2377 tam-

378 2448 536 2501 quam
558 2428 844 2502 ﬂuvialibus
857 2426 1155 2498 quibusdam
1172 2423 1313 2494 aquis
1333 2438 1479 2475 aures
1508 2430 1705 2473 nostras
1731 2419 1966 2473 lectiones

382 2523 767 2592 Scripturarum
792 2519 1074 2573 abluamus.
1100 2516 1175 2570 De
1201 2528 1308 2586 quo
1335 2512 1562 2567 tumultu
1593 2518 1645 2564 et
1682 2508 1964 2580 perturba-

387 2614 618 2670 tionibus
656 2610 896 2683 qutedam
938 2609 1067 2663 dicit
1099 2607 1257 2662 etiam
1288 2604 1529 2660 inferius.
1562 2602 1830 2658 Putaverit
1859 2600 1966 2654 for-

387 2715 529 2760 tasse
557 2702 815 2774 quispiam
860 2700 946 2755 hic
983 2698 1066 2769 agi
1104 2698 1171 2753 de
1204 2697 1382 2767 priore
1411 2694 1597 2751 exsilio
1619 2736 1632 2759 ,
1661 2693 1800 2763 quod
1824 2708 1966 2746 anno

386 2798 492 2854 405
515 2796 771 2866 contigit:
798 2803 853 2849 at
877 2792 1124 2848 libentius
1153 2790 1425 2846 crederem
1455 2789 1540 2842 hic
1566 2788 1709 2856 loqui
1738 2785 1966 2857 Chryso-

386 2901 615 2945 stomum
646 2889 713 2943 de
749 2888 909 2942 rebus
938 2885 1195 2955 Eutropii,
1228 2884 1459 2952 itemque
1489 2880 1757 2960 Aureliani
1789 2890 1842 2935 et
1866 2877 1965 2934 Sa-

386 2981 584 3035 turnini
614 2979 925 3048 optimatum
946 3019 961 3044 ,
989 2976 1077 3047 qui
1102 2975 1284 3031 Gainae
1308 2987 1468 3044 opera
1495 2980 1549 3027 et
1574 2970 1798 3025 tumultu
1830 2968 1967 3039 pulsi

386 3081 510 3127 sunt
538 3072 589 3126 in
613 3070 880 3134 exsilium,
906 3068 1079 3137 deque
1102 3066 1285 3123 Gaina:
1312 3063 1607 3120 defectione
1630 3080 1644 3127 ;
1675 3063 1853 3132 sicque
1874 3076 1968 3115 an-

389 3179 458 3219 no
483 3164 605 3229 401,
634 3162 720 3218 vel
747 3160 872 3227 402,
902 3159 1083 3215 habita
1107 3156 1267 3213 fuerit
1292 3156 1407 3212 haec
1428 3155 1636 3221 concio,
1660 3154 1760 3209 etsi
1784 3153 1836 3207 id
1862 3166 1969 3206 non

389 3251 611 3306 omnino
633 3257 842 3304 certum
868 3254 973 3301 est.
1007 3244 1103 3298 Hic
1118 3258 1207 3298 res
1231 3255 1421 3295 omnes
1448 3240 1707 3293 humanas
1730 3237 1971 3292 umbram

390 3360 514 3400 esse
534 3342 683 3398 dicit.
713 3341 917 3396 Luxum
944 3351 1076 3393 vero
1102 3333 1823 3403 Constantinopolitanorum
1852 3344 1973 3385 nus-

389 3453 548 3510 quam
572 3437 644 3491 ita
661 3433 939 3506 speciatim
961 3431 1264 3500 descripsit,
1289 3437 1343 3484 et
1362 3436 1644 3498 postquam
1661 3424 1973 3481 ostenderat

388 3546 548 3602 quam
578 3528 812 3600 fugitiva:
837 3527 947 3582 sint
975 3538 1106 3593 opes
1134 3532 1190 3578 et
1214 3521 1434 3585 divitite,
1467 3518 1781 3574 concionem
1826 3516 1973 3572 clau-

387 3625 470 3679 dit
499 3622 585 3696 (T.
618 3622 672 3677 5.
696 3620 794 3675 col.
823 3619 927 3675 515
956 3627 1003 3671 et
1030 3614 1185 3687 δρψ).

462 3716 528 3773 S.
560 3713 881 3786 Epiphanius
905 3710 1375 3779 Constantinopolin
1402 3710 1556 3764 venit.
1582 3739 1653 3749 —
1673 3708 1768 3763 His
1794 3706 1877 3761 vel
1902 3706 1975 3761 si-

392 3809 605 3863 milibus
629 3804 973 3861 concionibus
999 3803 1176 3873 (Αηηο
1202 3801 1343 3871 405)
1365 3800 1609 3871 egregius
1634 3798 1719 3854 ille
1740 3798 1974 3854 Joannes

389 3902 534 3971 gregi
562 3915 659 3955 suo
688 3897 951 3968 pascendo
977 3893 1311 3964 advigilabat.
1340 3892 1668 3963 Theophilus
1695 3906 1822 3945 vero
1848 3891 1975 3945 Ale-

391 3984 682 4050 xandrinus
711 3990 914 4045 interea
941 4003 1150 4043 omnem
1175 3985 1403 4056 lapidem
1432 3985 1715 4048 movebat,
1746 3992 1803 4037 ut
1830 3982 1975 4037 illum

390 4102 423 4139 e
451 4083 579 4139 sedc
606 4098 701 4138 sua
731 4078 1015 4135 detrudere
1048 4085 1245 4146 posset.
1292 4074 1591 4144 Epiphanio
1628 4082 1813 4127 auctor
1850 4072 1974 4137 fuit,

393 4184 452 4230 ut
474 4166 595 4230 curn
622 4173 740 4227 aliis
776 4169 1038 4240 episcopis
1069 4166 1650 4235 Constantinopolinse
1675 4163 1975 4228 conferret,

392 4265 518 4320 dum
549 4265 663 4334 ipse
690 4262 755 4317 ad
792 4260 930 4315 idem
971 4259 1073 4314 iter
1106 4256 1499 4327 suscipiendum
1530 4271 1588 4311 se
1616 4255 1975 4325 comparabat.

396 4356 544 4413 llaud
583 4354 750 4409 multo
788 4361 911 4424 post
954 4350 1280 4421 Epiphanius
1312 4363 1377 4403 ex
1418 4347 1589 4401 insula
1626 4346 1802 4417 Cypro
1834 4344 1977 4401 Con-

393 4445 771 4516 stantinopolin
797 4444 961 4509 venit,
986 4441 1287 4511 exemplum
1315 4438 1540 4494 atl'erens
1558 4437 1839 4509 Synodalis
1859 4452 1980 4492 sen-

396 4539 574 4596 tentize
594 4577 611 4603 ,
644 4551 748 4607 qua
784 4534 950 4591 libros
988 4532 1230 4603 Origenis
1264 4531 1643 4594 damnaverat;
1674 4538 1731 4584 et
1766 4544 1885 4583 cum
1913 4528 1979 4583 ad

396 4628 709 4700 martyrium
736 4642 828 4682 seu
858 4625 1137 4681 ecclesiam
1163 4622 1219 4678 S.
1246 4620 1465 4677 Joannis
1490 4619 1779 4689 appulisset
1804 4618 1977 4687 (Socr.

396 4726 434 4778 l.
463 4724 516 4779 6.
563 4739 610 4777 ο.
643 4719 739 4789 12)
762 4762 777 4786 ,
807 4734 927 4789 quae
969 4725 1170 4787 septem
1211 4728 1462 4785 passuum
1496 4712 1730 4767 millibus
1759 4711 1825 4766 ab
1851 4711 1981 4766 urbe

396 4814 658 4877 distabat,
686 4828 717 4868 e
751 4810 873 4865 navi
911 4823 1157 4880 egressus
1178 4847 1192 4870 ,
1220 4806 1293 4861 ibi
1330 4804 1551 4876 synaxin
1579 4803 1900 4868 celebravit,
1927 4811 1983 4857 et

395 4906 645 4962 ordinato
661 4903 854 4959 ibidem
877 4901 1119 4961 diacono,
1139 4898 1193 4953 in
1214 4897 1398 4953 urbem
1420 4896 1691 4967 ingressus
1710 4902 1809 4950 est.
1830 4893 1984 4949 Joan-

397 5017 493 5057 nes
516 4999 615 5056 etsi
642 5006 827 5054 contra
854 4994 998 5065 leges
1024 4991 1412 5048 ecclesiasticas
1441 4989 1511 5044 ita
1541 4990 1735 5044 factum
1762 5002 1880 5042 esse
1904 4987 1984 5041 vi-

399 5092 561 5148 debat
582 5106 598 5156 ;
624 5089 675 5144 id
698 5099 872 5143 tamen
893 5093 1107 5157 propter
1125 5082 1225 5137 viri
1249 5079 1600 5137 reverentiam
1618 5079 1984 5145 dissimulans,

403 5181 757 5253 Epiphaniam
786 5187 844 5233 ut
870 5179 921 5232 in
948 5175 1148 5231 aedibus
1174 5174 1284 5229 suis
1319 5172 1677 5227 diversaretur
1709 5170 1980 5225 invitabat.

402 5277 495 5332 Ille
518 5290 663 5339 vero,
695 5283 753 5327 ut
777 5288 891 5327 rem
921 5268 1215 5339 Theophilo
1242 5273 1444 5337 gratam
1473 5264 1690 5331 faceret,
1716 5263 1858 5318 aliud
1884 5262 1984 5317 sibi

401 5368 729 5425 domicilium
775 5363 1001 5434 delegit,
1050 5360 1391 5429 collectisque
1437 5358 1685 5413 omnibus
1726 5357 1816 5425 qui
1862 5365 1986 5410 tunc

400 5456 860 5527 ConStantinopoli
905 5462 1057 5510 erant
1092 5451 1375 5523 episcopis,
1406 5448 1799 5505 damnationem
1826 5448 1988 5502 libro-

406 5569 523 5609 ram
548 5550 796 5622 Origenis
818 5548 886 5604 ab
902 5563 959 5603 se
979 5547 1236 5618 prolatam
1265 5544 1392 5612 ipsis
1410 5541 1641 5598 ostendit
1658 5556 1720 5595 ac
1740 5540 1885 5610 legit.
1913 5541 1989 5596 Ac

409 5642 651 5698 nonnulli
692 5640 909 5712 quidem
958 5638 1169 5693 illorum
1212 5634 1282 5689 ob
1321 5633 1601 5703 Epiphanii
1638 5632 1988 5687 reverentiam

409 5736 533 5791 huic
556 5735 772 5791 decreto
806 5732 1265 5800 subscripserunt;
1294 5726 1442 5781 multi
1472 5740 1599 5779 vero
1627 5724 1678 5778 id
1706 5723 1882 5779 facere
1908 5740 1990 5778 re-

410 5836 663 5884 cusarunt
692 5845 705 5881 :
735 5842 799 5883 ex
825 5840 1048 5895 quorum
1075 5835 1298 5878 numero
1323 5819 1419 5875 fuit
1448 5818 1756 5874 Theotimus
1787 5818 1990 5889 episco-

1573 371 1755 432 ΝυΝο
1793 366 2054 427 PRIMUM
2093 369 2478 431 ADORNATA.

3545 386 3643 440 (Ἦ

2072 506 2173 561 pus
2200 491 2451 564 Scythiae,
2475 493 2563 562 qui
2590 492 2884 564 Epiphanio
2910 496 3200 565 respondit,
3226 496 3367 553 nolle
3393 513 3451 554 se
3481 501 3649 557 virum

2063 581 2172 650 jam
2200 582 2289 637 diu
2318 584 2404 652 pie
2427 583 2735 639 defunctum
2757 587 3074 641 contumelia
3100 587 3329 656 afﬁcere,
3352 604 3513 660 seque
3534 607 3645 646 rem

2067 672 2281 741 impiam
2310 672 2567 729 facturum
2589 683 2796 743 putare,
2819 689 2863 730 sn
2884 690 2945 731 ea
2971 677 3368 743 condemnaret,
3397 696 3514 750 qua:
3539 697 3649 735 ma-

2062 763 2209 833 jores
2229 764 2308 819 sui
2330 779 2436 819 non
2462 766 2894 836 reprobaverant.
2918 767 3175 822 Nimirum
3202 769 3415 838 putabat
3435 781 3649 827 sanctus

2065 857 2148 911 vir
2172 872 2279 911 non
2303 858 2461 914 unius
2487 867 2687 913 tantum
2713 859 2949 930 episcopi
2976 875 3094 915 esse
3122 860 3198 915 sic
3225 870 3463 916 veterum
3487 862 3649 918 libros

2067 948 2420 1018 proscribere,
2449 949 2543 1005 sed
2573 950 2624 1005 id
2651 950 2717 1006 ad
2740 959 2899 1006 totam
2930 951 3219 1007 Ecclesiam
3248 954 3300 1008 in
3328 970 3488 1009 unum
3520 970 3649 1010 coa-

2067 1050 2207 1097 ctam
2238 1044 2521 1112 pertinere.

2136 1136 2370 1192 Joannes
2411 1153 2573 1205 vero,
2614 1138 2713 1193 etsi
2752 1148 2934 1193 contra
2964 1138 3374 1193 ecclesiasticam
3410 1140 3647 1212 regulam

2068 1227 2183 1284 hmc
2209 1229 2275 1285 ab
2300 1230 2595 1301 Epiphanio
2622 1231 2733 1285 ﬁeri
2761 1232 3007 1298 videbat,
3039 1231 3349 1287 hortabatur
3378 1242 3552 1288 tamen
3581 1236 3647 1289 il-

2068 1319 2175 1375 lum
2210 1330 2268 1376 ut
2312 1323 2363 1376 in
2407 1324 2691 1392 episc0pali
2721 1322 2879 1378 domo
2917 1335 3174 1379 maneret.
3208 1325 3400 1380 Verum
3433 1326 3518 1381 ille
3544 1342 3650 1381 non

2067 1430 2375 1469 mansurum
2405 1431 2463 1470 se
2490 1432 2611 1470 cum
2642 1416 2752 1480 illo.
2787 1432 2959 1487 neque
2993 1427 3329 1486 precaturum
3364 1418 3513 1485 dixit,
3548 1419 3651 1473 nisi

2070 1507 2379 1562 Dioscorum
2408 1506 2703 1577 fratresque
2728 1507 2842 1578 ejus
2868 1523 2898 1562 e
2926 1508 3135 1563 civitate
3175 1509 3423 1576 pelleret,
3453 1519 3506 1564 et
3538 1509 3651 1578 ipse

2066 1599 2494 1654 condemnationi
2534 1599 2788 1654 librorum
2819 1598 3062 1669 Origenis
3089 1616 3246 1653 manu
3279 1601 3488 1669 propria
3520 1602 3651 1655 sub-

2067 1693 2342 1748 scriberet.
2374 1693 2505 1748 Cum
2548 1703 2723 1748 autem
2767 1692 3000 1747 Joannes
3040 1692 3089 1745 id
3131 1692 3308 1747 facere
3337 1692 3531 1755 nollet,
3566 1695 3651 1747 ni-

2068 1785 2247 1855 hilque
2288 1793 2490 1839 temere
2530 1785 2789 1853 agendum
2831 1801 2949 1841 esse
2987 1787 3188 1841 diceret
3226 1797 3350 1842 ante
3386 1787 3651 1857 generalis

2067 1876 2287 1930 Concilii
2306 1876 2702 1939 deﬁnitionem;
2730 1875 2949 1931 Joannis
2972 1876 3167 1932 inimici
3194 1878 3331 1931 aliud
3355 1877 3650 1949 Epiphanio

2068 1977 2462 2038 suggesserunt.
2490 1967 2620 2023 Cum
2646 1968 2958 2022 celebranda
2985 1970 3201 2039 synaxis
3229 1980 3370 2024 esset
3400 1969 3451 2023 in
3481 1970 3652 2025 eccle-

2067 2060 2143 2112 sia
2174 2059 2548 2128 Apostolorum
2574 2101 2588 2125 ,
2636 2059 2928 2130 Epiphanio
2959 2068 3013 2113 ut
3053 2061 3105 2113 in
3141 2060 3373 2115 medium
3413 2060 3651 2129 prodiret

2068 2160 2381 2215 suaserunt,
2411 2160 2465 2205 et
2493 2166 2671 2205 coram
2700 2152 2946 2206 universo
2983 2152 3175 2221 populo
3205 2151 3446 2222 Origenis
3486 2152 3650 2206 libros

2066 2244 2480 2310 condemnaret,
2510 2245 2819 2299 Dioscorum
2845 2260 2966 2299 cum
2995 2245 3104 2298 suis
3133 2243 3614 2299 excommunicaret
3632 2283 3648 2308 ,

2067 2346 2120 2391 et
2145 2337 2400 2392 Joannem
2432 2347 2612 2407 utpote
2647 2338 2749 2392 illis
2788 2338 3051 2393 faventem
3094 2338 3493 2409 perstringeret.
3525 2338 3651 2392 llaec

2066 2427 2254 2483 Joanni
2295 2429 2527 2483 nuntiata
2557 2437 2714 2494 sunt,
2743 2430 2829 2498 qui
2861 2429 3115 2499 postridie
3144 2429 3439 2499 Epiphanio
3472 2428 3649 2484 eccle-

2068 2522 2199 2574 siam
2216 2521 2323 2590 jam
2347 2522 2588 2591 ingresso
2612 2537 2704 2590 per
2726 2522 3068 2591 Serapionem
3097 2522 3209 2577 haec
3234 2522 3517 2592 signiﬁcari
3534 2521 3651 2590 jus-

2068 2613 2138 2667 sit
2166 2630 2178 2666 :
2210 2613 2351 2681 quod
2377 2628 2565 2681 nempe
2591 2614 2677 2667 ille
2707 2614 2867 2667 multa
2893 2624 3077 2668 contra
3104 2614 3313 2683 regulas
3337 2622 3540 2683 ageret,
3562 2612 3651 2683 qui

2069 2703 2120 2757 in
2152 2704 2390 2758 ecclesiis
2418 2704 2558 2767 suis,
2587 2719 2645 2758 se
2671 2703 2869 2767 inscio,
2902 2703 3287 2758 ordinationem
3315 2703 3534 2769 fecerit;
3563 2705 3649 2773 qui

2070 2794 2275 2863 injussu
2317 2808 2414 2848 suo
2456 2795 2508 2848 in
2553 2794 2739 2849 iisdem
2787 2794 3026 2849 ecclesiis
3070 2795 3351 2850 missarum
3398 2795 3653 2849 solemnia

2069 2885 2387 2949 celebrarit;
2426 2885 2513 2953 qui
2556 2884 2683 2939 olim
2728 2884 2981 2939 invitatus
3026 2884 3115 2938 illo
3161 2886 3343 2939 venire
3390 2886 3652 2951 noluerit,

2071 2995 2211 3035 nunc
2243 2994 2372 3033 vero
2402 2979 2453 3034 id
2483 2979 2582 3034 sibi
2624 2978 2738 3049 ipse
2777 2978 3095 3047 permiserit.
3123 2978 3323 3033 Carere
3359 2986 3534 3033 autem
3564 2993 3654 3033 ro-

2070 3072 2227 3144 gabat
2251 3086 2320 3126 ne
2348 3070 2601 3125 tumultus
2636 3070 2909 3124 excitaret.

2145 3164 2208 3218 S.
2240 3161 2561 3233 Epiphanius
2586 3162 2817 3215 moritur.
2847 3192 2919 3202 ——
2949 3160 3041 3215 His
3064 3160 3255 3215 auditis
3285 3161 3500 3215 territus
3526 3160 3654 3230 Epi-

2074 3253 2301 3325 phanius
2324 3295 2338 3317 ,
2372 3252 2439 3306 ab
2466 3252 2692 3306 ecclesia
2720 3251 2995 3315 discessit,
3023 3260 3077 3306 et
3105 3251 3171 3305 de
3196 3251 3399 3306 Joanne
3427 3252 3657 3321 graviter

2074 3353 2395 3414 conquestus
2419 3386 2433 3411 ,
2463 3341 2695 3414 Cyprum
2725 3342 3077 3413 adnavigavit.
3111 3343 3275 3398 Erant
3303 3347 3390 3412 qui
3422 3343 3658 3397 dicerent

2075 3435 2426 3506 Epiphanium
2451 3475 2467 3501 ,
2513 3449 2634 3487 eum
2681 3434 2855 3487 navim
2898 3448 3288 3487 conscensurus
3326 3441 3505 3499 esset,
3544 3432 3658 3487 haec

2075 3526 2264 3583 Joanni
2303 3525 2643 3579 denuntiasse
2675 3542 2688 3577 :
2725 3524 2894 3595 Spero
2933 3534 2985 3579 te
3032 3539 3137 3578 non
3182 3524 3492 3579 moriturum
3539 3538 3660 3579 esse

2076 3618 2422 3688 episcopum;
2464 3616 2830 3686 Joannemque
2871 3616 3101 3669 vicissim
3146 3616 3220 3670 illi
3266 3616 3606 3685 respondisse
3644 3636 3657 3670 :

2080 3709 2249 3779 Spero
2279 3717 2331 3763 te
2368 3723 2472 3763 non
2504 3716 2878 3776 perventurum
2910 3720 3029 3761 esse
3063 3707 3115 3760 in
3155 3707 3401 3775 patriam.
3429 3707 3509 3760 An
3536 3722 3661 3761 vera

2081 3799 2312 3854 narratio
2339 3798 2407 3852 sit
2435 3797 2676 3852 dubitant
2703 3796 2950 3852 Socrates
2976 3804 3030 3851 et
3058 3796 3407 3853 Sozomenus.
3440 3796 3662 3867 Utrique

2080 3898 2225 3947 certe
2253 3888 2554 3957 huiusmodi
2585 3888 2759 3943 exitus
2786 3887 3006 3957 contigit
3035 3904 3047 3939 :
3076 3902 3197 3942 nam
3226 3902 3397 3957 neque
3428 3888 3661 3957 Epipha-

2080 3982 2201 4036 nius
2224 3981 2275 4035 in
2297 3980 2529 4052 Cyprum
2553 3978 2785 4048 appulit;
2808 3986 2929 4048 post
2948 3977 3237 4032 discessum
3260 3979 3398 4032 enim
3422 3986 3662 4032 mortuus

2082 4083 2165 4130 est
2192 4076 2243 4128 in
2279 4073 2400 4127 navi
2430 4091 2443 4127 :
2475 4071 2709 4127 Joannes
2734 4085 2863 4125 vero
2891 4079 3075 4138 postea
3115 4085 3179 4124 ex
3220 4069 3507 4140 episcopali
3537 4068 3663 4125 sede

2082 4166 2265 4236 pulsus
2296 4175 2413 4230 est,
2452 4172 2610 4234 atque
2642 4163 2696 4216 in
2732 4161 2903 4217 exsilii
2936 4162 3052 4216 loco
3088 4160 3228 4215 diem
3261 4160 3459 4225 clausit
3481 4169 3663 4216 extre-

2081 4272 2248 4312 mum.

2154 4346 2660 4402 AdditSozomenns
2688 4342 2933 4416 (Sozom.
2961 4342 2999 4396 ι.
3031 4342 3083 4397 8.
3116 4358 3164 4396 c.
3199 4340 3659 4413 15)Amm0niutn

2085 4446 2412 4506 cmterosque
2452 4436 2669 4491 Fratres
2707 4434 2919 4503 Longos
2954 4431 3307 4502 Epiphaniam
3351 4432 3577 4495 adiisse,
3603 4448 3665 4486 ac

2085 4528 2392 4600 quaesivisse
2422 4525 2489 4580 ab
2517 4526 2607 4579 illo
2625 4524 2755 4595 quid
2776 4538 2948 4578 causae
2968 4534 3109 4577 esset
3136 4537 3232 4577 cur
3256 4524 3400 4591 ipsos
3420 4533 3477 4577 ut
3496 4523 3663 4577 lucre-

2089 4622 2223 4676 ticos
2274 4619 2527 4683 haberet;
2577 4630 2697 4671 cum
2745 4613 3110 4684 respondisset
3149 4612 3475 4683 Epiphanius
3517 4628 3576 4668 se
3616 4613 3666 4668 id

2088 4711 2268 4767 auditu
2290 4709 2579 4780 accepisse,
2602 4706 2942 4762 Ammonium
2963 4720 3024 4761 ea
3051 4705 3103 4759 in
3128 4704 3490 4760 defensionem
3518 4720 3665 4760 suam

2087 4803 2390 4874 protulisse,
2421 4816 2540 4871 quae
2566 4799 2738 4870 ipsum
2768 4797 3027 4852 leniorem
3058 4795 3405 4862 reddiderint,
3434 4810 3496 4850 ac
3520 4796 3666 4850 brevi

2092 4903 2274 4967 postea
2301 4892 2532 4964 Cyprum
2562 4890 2859 4959 navigasse,
2890 4887 3002 4942 sive
3028 4887 3170 4958 quod
3195 4885 3649 4957 Constantinopoli

2089 4996 2229 5042 tante
2265 4981 2605 5054 profectionis
2644 4981 2814 5051 ipsum
2854 4979 3155 5049 paeniteret,
3199 4978 3311 5033 sive
3348 4978 3489 5047 quod
3532 4979 3671 5033 Deus

2089 5091 2316 5136 mortem
2343 5092 2494 5132 suam
2523 5075 2667 5130 brevi
2696 5072 2924 5127 futuram
2954 5072 3051 5141 ipsi
3080 5071 3506 5140 prmnuntiasset.
3538 5068 3669 5124 Cum

2092 5183 2265 5228 autem
2289 5170 2461 5225 navim
2483 5180 2872 5222 conscensurus
2897 5172 3059 5227 esset,
3082 5162 3365 5232 episcopis,
3389 5163 3479 5232 qui
3502 5163 3671 5232 ipsum

2093 5266 2158 5319 ad
2203 5265 2353 5318 littus
2390 5276 2559 5330 usque
2599 5257 2909 5329 prosequuti
2951 5256 3182 5321 fuerant,
3221 5255 3419 5310 dixisse
3466 5254 3673 5311 fertur:

2091 5354 2293 5412 Urbem
2316 5352 2465 5406 vobis
2491 5359 2545 5405 et
2571 5349 2826 5404 Palatium
2858 5356 2912 5402 et
2938 5361 3151 5401 scenam
3178 5346 3421 5416 relinquo
3446 5364 3457 5399 :
3493 5355 3671 5415 atque,

2094 5458 2152 5503 ut
2190 5446 2440 5507 diximus,
2477 5453 2759 5514 antequam
2795 5440 3024 5511 Cyprum
3063 5438 3396 5506 advenisset,
3436 5451 3676 5495 mortuus

2094 5550 2195 5598 est.

2166 5631 2407 5687 Eudoxio
2428 5628 2655 5699 Augusta
2674 5627 2726 5680 in
2754 5624 3168 5698 Cltrysostomum
3203 5624 3426 5677 incensa.
3453 5652 3526 5665 -—
3554 5624 3679 5680 Post

2098 5723 2377 5796 Epiphanii
2425 5721 2715 5776 discessum
2738 5762 2752 5781 ,
2798 5718 3018 5788 contigit
3047 5728 3103 5772 ut
3130 5717 3362 5774 Joannes
3396 5733 3493 5787 pro
3530 5731 3679 5772 more

2101 5834 2197 5875 suo
2235 5814 2580 5878 concionans,
2618 5824 2799 5871 contra
2848 5814 3098 5870 mulieres
3140 5813 3297 5866 multa
3338 5809 3671 5879 profunderet
