4122 6386
465 355 570 414 195

461 468 481 530 (
508 465 657 516 Socr.
685 495 723 515 ..
754 460 806 514 6.
848 458 1026 528 ο.15)
1057 475 1071 511 :
1103 465 1158 513 et
1193 470 1320 512 vero
1361 469 1503 525 saepe
1539 453 1687 508 illum
1719 453 1946 508 vidimus
1980 453 2036 508 in

460 553 812 611 concionihus
829 550 1108 607 mulierum
1137 549 1339 615 luxum,
1370 547 1561 602 fastum
1587 555 1884 616 caateraque
1911 544 2037 598 vitia

461 648 841 704 insectantem.
871 643 1176 702 Orationem
1207 645 1277 698 ita
1306 641 1494 713 vulgus
1517 642 1748 710 excepit,
1775 655 1838 695 ac
1857 639 1902 694 si
1928 638 2038 692 Au-

459 748 670 807 gustam
699 736 788 794 ille
815 735 1211 806 perstringeret.
1253 731 1400 788 Tunc
1436 732 1505 798 ii,
1543 732 1632 802 qui
1659 730 2038 811 Chrysostomo

461 827 657 884 infensi
683 836 868 894 erant,
903 841 1020 882 rem
1059 825 1126 880 ad
1163 826 1451 894 Augustam
1496 823 1752 879 referunt.
1781 823 1874 877 Illa
1899 819 2038 891 apud

463 919 841 989 Imperatorem
863 927 1172 988 conquesta,
1205 917 1554 988 Theophilum
1582 931 1771 987 urgere
1794 917 1956 986 ccepit
1980 923 2041 970 ut

461 1012 854 1080 quamprimum
879 1009 1084 1064 veniret
1107 1017 1159 1063 et
1183 1007 1454 1080 Synodum
1478 1016 1844 1078 congregaret.
1875 1006 1930 1061 ld
1955 1022 2041 1061 ne-

462 1102 592 1172 gotii
631 1105 790 1156 etiam
821 1099 1166 1170 promovebat
1208 1099 1526 1155 Severianus
1565 1099 1912 1164 Cabalensis,
1951 1097 2040 1168 qui

461 1208 585 1247 cum
615 1192 1000 1264 Chrysostomo
1025 1191 1270 1247 simulate
1306 1191 1677 1248 reconciliatus
1713 1190 1911 1245 nullam
1947 1205 2041 1246 ne-

460 1286 697 1356 gligebat
723 1286 823 1356 ipsi
855 1285 1080 1341 nocendi
1105 1284 1460 1341 occasionem.
1494 1284 1656 1338 Erant
1679 1284 1767 1338 alii
1797 1283 1946 1338 multi
1974 1298 2038 1338 ex

464 1377 624 1433 Clero
645 1392 769 1446 erga
793 1376 1052 1432 Joannem
1073 1376 1214 1432 male
1233 1375 1426 1439 affecti,
1452 1384 1508 1429 ut
1528 1375 1772 1437 vidimus,
1791 1374 1878 1444 qui
1903 1373 2042 1443 apud

465 1467 821 1538 Theophilum
869 1468 1170 1533 instabant,
1217 1476 1274 1522 ut
1308 1465 1621 1536 quantocius
1656 1465 1879 1520 veniret.
1927 1463 2044 1533 Ipse

467 1573 593 1614 vero
620 1557 832 1613 tandem
861 1558 1126 1626 profectus
1148 1565 1231 1610 est
1259 1555 1550 1626 (Cltrysoat.
1587 1557 1655 1609 ad
1688 1553 1868 1608 lnnoc.
1909 1563 1947 1607 ι.
1987 1554 2042 1608 5.

469 1668 518 1707 c.
545 1652 651 1708 550
683 1649 735 1721 ),
763 1657 963 1705 etcum
991 1649 1212 1718 jubente
1237 1648 1557 1718 imperatore
1583 1646 1726 1701 solus
1751 1646 1931 1701 venire
1953 1645 2047 1701 de-

469 1741 706 1807 buisset,
747 1755 868 1796 cum
909 1740 1090 1795 multis
1130 1748 1307 1794 tamen
1351 1738 1468 1793 aliis
1513 1737 1776 1808 episcopis
1799 1737 1963 1802 venit,
1993 1745 2048 1790 et

467 1832 667 1888 dixisse
692 1831 898 1888 fertur:
922 1831 979 1886 ln
1004 1830 1322 1886 Comitatutn
1355 1831 1682 1901 proﬁciscor,
1713 1840 1771 1886 ut
1789 1829 2044 1886 Joannem

467 1930 759 1999 deponam.
794 1923 965 1999 Quam
991 1943 1102 1986 rem
1131 1923 1186 1985 in
1213 1921 1374 2000 Lycia
1390 1943 1604 1998 quoque
1634 1925 1886 1997 repetiit;
1917 1937 2042 1977 nam

469 2026 702 2093 pedestri
728 2022 917 2077 itinere
949 2020 1342 2076 Chalcedonem
1367 2019 1529 2084 venit,
1558 2018 1837 2091 Egyptios
1869 2027 2046 2073 autem

469 2120 747 2184 episcOpos
768 2114 1260 2183 Constantinopolin
1285 2113 1532 2183 navigare
1547 2113 1726 2181 jussit.
1749 2111 2042 2166 Chalcedo-

470 2223 591 2261 ncm
632 2215 809 2260 autem
853 2220 974 2260 cum
1000 2207 1252 2271 venisset,
1293 2220 1359 2260 eo
1400 2220 1457 2259 se
1503 2203 1841 2258 contulerunt
1885 2203 2048 2257 etiam

470 2297 558 2351 alii
578 2296 835 2366 episcopi,
869 2305 979 2351 tum
1004 2311 1034 2350 a
1059 2296 1355 2366 TlteOphilo
1383 2306 1490 2350 tum
1520 2295 1588 2350 ah
1613 2296 1935 2364 lmperatore
1956 2309 2046 2348 ac-

468 2389 561 2445 citi
596 2407 610 2442 :
641 2405 838 2446 venere
887 2405 1096 2460 quoque
1140 2389 1371 2461 Egyptii
1418 2389 1662 2460 (Sozam.
1705 2390 1742 2442 Ι.
1782 2389 1835 2444 8.
1877 2405 1923 2442 c.
1957 2388 2045 2443 l6.

473 2482 620 2537 Socr.
652 2483 688 2536 ι.
719 2483 771 2538 6.
798 2499 844 2536 c.
873 2481 1001 2553 15).
1042 2481 1284 2551 Cumque
1309 2481 1538 2536 universi
1579 2481 1734 2536 simul
1773 2481 2051 2535 convenis-

469 2584 611 2640 sent,
639 2575 774 2630 inter
811 2589 872 2630 se
909 2573 1284 2628 consultabant
1309 2589 1412 2642 qua
1442 2574 1647 2630 ratione
1675 2573 1806 2643 ipsis
1829 2583 2051 2630 conatus

469 2662 728 2719 adversus
749 2663 1008 2720 Joannem
1034 2679 1102 2721 ex
1122 2675 1248 2720 voto
1271 2666 1602 2721 succederet.
1627 2666 1756 2720 Erat
1782 2675 1909 2720 tunc
1936 2667 2049 2737 epi-

470 2771 664 2826 scopus
690 2757 1039 2814 Chalcedonis
1077 2758 1303 2829 Cyrinus
1325 2800 1342 2825 ,
1382 2773 1578 2829 genere
1605 2758 1917 2830 Egyptius,
1957 2759 2050 2830 qui

473 2848 638 2902 multa
684 2857 870 2905 contra
909 2848 1170 2905 Joannem
1217 2849 1612 2916 deblaterabat,
1654 2851 1872 2920 impium
1902 2850 2049 2905 illum

472 2952 669 2994 vocans
685 2981 701 3004 ,
727 2949 1064 3011 arrogantem
1085 2949 1140 2996 et
1167 2940 1576 3006 inexorabilem,
1601 2957 1714 2996 rem
1743 2949 1946 3011 gratam
1972 2940 2050 2996 fa-

467 3031 617 3085 ciens
653 3031 773 3086 aliis
810 3031 1074 3104 episcopis
1109 3031 1328 3087 Joannis
1357 3031 1604 3086 inimicis.
1645 3031 1753 3087 Sed
1782 3031 2051 3088 Marulhas

467 3119 862 3191 Mesopotamiae
879 3122 1183 3193 episcopus,
1213 3121 1351 3178 forte
1376 3121 1704 3192 imprudens,
1735 3121 1922 3193 pedem
1952 3121 2054 3196 Cy-

467 3211 574 3267 rini
598 3212 839 3268 calcavit.
882 3213 973 3269 Ille
1013 3229 1079 3270 eo
1105 3213 1321 3269 vulnere
1357 3215 1589 3285 graviter
1625 3213 1881 3284 allectus,
1911 3214 2051 3270 Con-

465 3303 847 3374 stantinopolin
881 3319 1002 3360 cum
1029 3305 1250 3375 reliquis
1278 3304 1542 3376 episcopis
1573 3304 1918 3361 transfretare
1943 3322 2050 3362 non

467 3396 665 3464 potuit;
693 3396 788 3452 sed
809 3397 922 3466 ipse
947 3398 1144 3452 mansit
1168 3396 1529 3465 Chalcedone,
1560 3400 1741 3454 caeteri
1760 3415 1890 3455 vero
1909 3397 2053 3454 Con-

467 3487 848 3558 stantinopolin
873 3488 1212 3558 trajecerunt.
1243 3488 1359 3544 Etsi
1385 3504 1548 3560 porro
1573 3505 1638 3546 ex
1667 3490 1877 3546 clericis
1905 3492 2048 3545 Con-

467 3577 951 3648 stantinopolitanis
975 3577 1125 3633 multi
1145 3586 1301 3634 erant
1317 3579 1506 3634 Joanui
1530 3580 1742 3647 infensi,
1763 3579 1906 3652 quod
1925 3583 2051 3636 vitia

466 3682 656 3723 eorum
683 3668 1026 3740 redargueret
1046 3681 1102 3726 et
1129 3671 1417 3727 emendare
1436 3683 1733 3744 satageret;
1766 3674 1940 3729 nullus
1971 3683 2048 3729 ta-

464 3780 592 3820 men
614 3781 646 3820 e
665 3765 822 3821 Clero
843 3767 1056 3822 obviam
1083 3767 1378 3838 Theophilo
1399 3769 1563 3834 venit,
1593 3785 1765 3838 neque
1794 3769 2049 3825 honorem

465 3868 778 3914 consuetum
799 3859 899 3929 ipsi
918 3861 1186 3921 exhibuit;
1210 3861 1383 3931 palam
1403 3861 1544 3915 enim
1566 3861 1784 3916 Joannis
1805 3862 2052 3916 inimicus

465 3951 889 4019 agnoscebatur:
920 3950 1061 4006 unde
1085 3950 1327 4006 fortassis
1350 3951 1544 4015 evenit,
1567 3960 1624 4005 ut
1641 3951 1732 4021 qui
1759 3953 1903 4022 paria
1927 3967 2051 4007 cum

466 4040 560 4096 illo
579 4040 900 4107 sentiebant,
930 4057 1036 4096 non
1061 4041 1319 4096 auderent
1343 4056 1523 4097 coram
1549 4043 1762 4112 populo,
1783 4058 1908 4114 erga
1933 4059 2050 4098 san-

463 4140 611 4186 ctum
654 4132 938 4202 praesulem
977 4133 1178 4202 optime
1221 4132 1449 4200 affecto,
1496 4135 1740 4203 concepti
1794 4134 2050 4190 adversus

465 4223 615 4279 illum
665 4223 774 4278 odii
818 4223 966 4294 signa
1006 4223 1155 4278 dare.
1203 4224 1402 4279 Verum
1447 4234 1620 4279 nautae
1669 4225 2045 4293 Alexandrini,

463 4330 690 4384 quorum
715 4313 1072 4370 frumentaria:
1092 4329 1256 4370 naves
1273 4316 1409 4371 forte
1429 4317 1669 4384 aderant,
1696 4317 1879 4372 faustis
1901 4319 2048 4373 illum

463 4407 934 4462 acclamationibus
959 4422 1236 4477 excepere.

533 4497 845 4568 Theophilus
908 4499 1377 4569 ConsumtinOpolin
1423 4501 1574 4554 venit.
1612 4531 1682 4540 —
1722 4501 2050 4573 Theophilus

460 4602 610 4658 ergo,
648 4589 737 4659 qui
767 4603 898 4644 auro
927 4599 978 4642 et
1003 4590 1245 4657 pretiosis
1275 4593 1433 4644 rebus
1468 4591 1797 4663 Egyptiacis
1826 4604 1877 4647 et
1906 4595 2050 4648 ludi-

463 4681 544 4732 cis
563 4689 786 4734 onustns
801 4679 1070 4744 veniebat,
1098 4689 1154 4734 ut
1175 4681 1376 4736 amicos
1400 4682 1498 4736 sibi
1531 4692 1762 4752 pararet,
1795 4684 2052 4740 Constan-

474 4765 732 4834 tinopolin
755 4766 1028 4834 ingressus
1048 4776 1131 4820 est
1150 4783 1336 4821 mense
1359 4768 1574 4822 circiter
1593 4769 1778 4823 Junio.
1799 4771 2052 4827 llortatus

471 4870 556 4914 est
583 4860 733 4914 illum
755 4859 1011 4927 Joannes,
1037 4871 1095 4915 ut
1117 4861 1256 4931 apud
1277 4876 1337 4916 se
1360 4863 1727 4918 diversarctur
1755 4880 1877 4920 cum
1913 4869 2048 4932 suis,

471 4951 525 5005 in
557 4953 889 5008 domicilium
921 4969 1114 5024 nempe
1140 4966 1456 5025 apparatum
1486 4967 1542 5011 et
1582 4959 1900 5014 necessariis
1930 4977 2050 5015 om-

470 5043 627 5099 nibus
659 5049 974 5101 instructum
993 5048 1226 5120 (Pallad.
1245 5069 1298 5118 p.
1318 5051 1404 5106 64.
1428 5052 1541 5122 65).
1558 5051 1756 5107 Renuit
1780 5054 1889 5121 ille,
1914 5064 1968 5109 et
1985 5071 2052 5110 ne

470 5141 520 5191 in
551 5141 835 5194 ecclesiam
866 5141 1080 5210 quidem
1114 5143 1317 5212 ingredi
1349 5144 1542 5210 voluit;
1571 5147 1665 5201 sed
1695 5147 1746 5200 in
1764 5147 2048 5217 quamdam

468 5230 802 5299 Imperialetn
834 5233 1051 5288 domum
1069 5235 1289 5291 divertit
1311 5237 1596 5308 (C/trysosl.
1623 5240 1690 5291 ad
1714 5241 1900 5294 lnnoc.
1933 5251 1970 5294 ι.
1991 5242 2046 5298 3.

465 5340 508 5377 r.
527 5324 708 5379 550.1.
731 5325 766 5380 5
784 5335 830 5379 et
852 5327 1006 5398 ειμι),
1031 5345 1148 5399 qua:
1167 5329 1471 5385 Placidiana
1496 5332 1862 5401 appellabatur
1889 5350 1904 5386 :
1940 5335 2048 5391 imo

467 5421 726 5475 Juanttcut
775 5436 1061 5490 numquam
1110 5418 1290 5474 videre
1324 5418 1408 5473 vel
1451 5418 1644 5490 alloqui
1682 5419 1862 5473 voluit.
1893 5418 2048 5489 Saepe

469 5513 612 5568 illum
655 5511 886 5566 Joannes
931 5512 1103 5580 rogari
1147 5511 1351 5566 curavit
1393 5526 1460 5563 an
1505 5511 1628 5579 quid
1669 5509 1883 5564 fecisset
1912 5511 2045 5580 ipse,

467 5605 603 5672 quod
634 5605 704 5657 illi
735 5604 1080 5673 displiceret,
1111 5618 1171 5658 se
1211 5601 1279 5657 ad
1323 5603 1498 5656 omnia
1528 5601 1856 5656 emendanda
1887 5616 2042 5670 para-

465 5705 577 5750 tum
607 5711 727 5751 esse
755 5712 1096 5760 asseverans;
1146 5696 1238 5750 sed
1273 5695 1466 5749 obnixe
1493 5696 1804 5765 supplicanti
1845 5712 1912 5749 ne
1957 5712 2043 5750 re-

468 5787 734 5858 apondere
801 5783 1023 5854 quidem
1092 5781 1181 5838 illc
1230 5781 1482 5852 dignatus
1549 5790 1673 5847 cst;
1739 5797 1858 5854 quae
1907 5794 2040 5835 sane

1558 341 1616 396 S.
1653 340 1932 398 JOANNIS
1955 339 2094 398 CHR
2113 338 2442 398 YSOSTOMI
2480 335 2664 401 “TA,

3623 314 3721 366 1915

2144 453 2378 505 ferocem
2411 453 2681 506 hominem
2707 458 2762 506 et
2787 447 3174 506 intractabilem
3201 445 3366 505 fuisse
3391 454 3635 515 arguunt-

2221 541 2425 599 lnterea
2447 554 2704 615 urgebant
2730 546 3013 616 Theophili
3054 555 3410 614 accusatores,
3451 553 3539 617 qui
3580 547 3718 601 irru-

2147 638 2424 710 ptionem,
2480 639 2652 694 ca-des
2699 649 2755 695 et
2796 640 2901 694 alia
2946 641 3223 695 innumera
3268 640 3367 710 ipsi
3404 639 3719 708 objiciebant

2150 727 2384 801 (Pallad.
2417 749 2468 801 p.
2505 729 2596 785 12.
2630 732 2753 802 15).
2781 731 2894 797 Qua
2920 747 2979 788 re
3003 741 3274 802 comperta
3302 732 3594 801 Imperator
3618 733 3721 786 Ar-

2145 820 2330 876 cadius
2369 820 2626 877 Joannem
2669 823 2945 878 advocavit
2973 824 3264 895 (Chrysou.
3295 825 3362 877 ad
3389 822 3569 876 lnnoc.
3600 832 3636 875 ι.
3666 824 3720 878 3.

2153 929 2201 965 ο.
2230 911 2327 967 531
2352 912 2393 982 ),
2413 911 2674 983 jussitque
2701 913 2846 967 illum
2873 913 2940 968 de
2968 929 3126 969 causa
3157 913 3433 984 Theophili
3460 914 3717 984 judicare,

2144 1019 2302 1074 quem
2343 1014 2401 1059 ut
2440 1005 2723 1060 scelestum
2767 1007 2918 1061 multi
2967 1006 3297 1062 incusabant.
3337 1005 3570 1062 Joannes
3595 1023 3722 1061 vero

2147 1111 2254 1150 non
2283 1095 2348 1150 ad
2373 1110 2433 1151 se
2463 1099 2728 1167 pertinere
2753 1096 2884 1150 dixit
2902 1097 2970 1152 de
2990 1097 3270 1166 Theophili
3291 1097 3452 1168 gestis
3467 1097 3722 1166 judicium

2147 1187 2305 1250 ferre,
2342 1187 2438 1241 sed
2463 1187 2528 1241 ad
2558 1187 2925 1258 Egyptiorum
2964 1191 3246 1258 prtesulum
3273 1189 3546 1260 Synodum
3576 1207 3589 1242 :
3617 1205 3720 1244 non

2147 1279 2287 1348 quod
2315 1279 2584 1350 ignoraret
2613 1280 2700 1335 ille
2732 1295 2888 1349 posse
2922 1279 3291 1350 Theophilum,
3323 1281 3423 1336 etsi
3445 1280 3723 1350 przesulem

2148 1370 2562 1426 Alexandrinum
2587 1412 2602 1438 ,
2648 1387 2679 1426 a
2721 1369 2956 1426 Concilio
3006 1371 3350 1427 Orientalium
3397 1373 3631 1443 generali
3671 1373 3722 1428 in

2147 1477 2360 1516 causam
2385 1463 2559 1518 vocari
2581 1472 2635 1518 et
2655 1463 2924 1530 damnari;
2952 1463 3048 1519 sed
3071 1479 3138 1520 ex
3163 1465 3440 1534 Theophili
3461 1467 3638 1536 gestis,
3660 1481 3719 1524 cx

2150 1552 2215 1607 iis
2243 1569 2434 1624 nempe
2458 1569 2577 1624 qua:
2602 1565 3002 1624 prtecesserant,
3033 1572 3102 1610 ex
3125 1557 3354 1612 motibus
3381 1573 3514 1627 quos
3543 1557 3715 1612 hacte-

2149 1658 2250 1698 nus
2273 1646 2650 1710 concitaverat,
2671 1660 2738 1700 ex
2755 1645 2962 1702 vafritie
2985 1655 3039 1702 et
3065 1647 3352 1703 calliditate
3375 1663 3476 1718 qua
3495 1649 3578 1703 vel
3599 1663 3724 1704 auro

2149 1745 2205 1790 et
2233 1736 2574 1802 muneribus,
2603 1737 2688 1792 vel
2725 1738 2840 1793 aliis
2877 1739 3080 1794 artibus
3118 1741 3310 1794 multos
3343 1740 3442 1794 sibi
3472 1741 3726 1794 concilia-

2151 1840 2319 1894 verat,
2345 1830 2703 1901 prospiciebat
2729 1831 2960 1888 Joannes
2987 1833 3103 1887 fore
3129 1841 3186 1888 ut
3204 1875 3222 1900 ,
3249 1832 3295 1886 si
3323 1832 3649 1902 Theophilus
3673 1835 3724 1888 in

2151 1919 2370 1996 Synodo
2395 1921 2757 1988 damnaretur,
2781 1939 3066 1994 numquam
3096 1924 3184 1979 ille
3206 1925 3604 1995 acquiesceret,
3634 1925 3727 1982 scd

2152 2019 2394 2090 ingentes
2422 2019 2605 2078 turbas
2630 2020 2994 2076 concitaturus
3018 2025 3181 2071 esset.

2221 2112 2549 2183 Theophilus
2588 2121 2772 2167 contra
2810 2114 2944 2167 nihil
2986 2129 3092 2168 non
3137 2114 3327 2185 agebat
3370 2115 3431 2170 ut
3472 2107 3727 2170 Jmnnem

2153 2220 2258 2260 non
2299 2206 2458 2260 modo
2493 2206 2752 2275 pelleret,
2797 2207 2889 2262 sed
2936 2216 2989 2262 et
3027 2209 3140 2277 ipsa
3179 2210 3286 2262 vita
3334 2211 3598 2279 privaret,
3643 2210 3728 2264 in-

2151 2297 2264 2365 qttit
2308 2296 2573 2351 Palladius
2612 2297 2714 2367 (p.
2741 2298 2814 2352 65
2844 2295 2902 2369 ),
2948 2299 3137 2368 partim
3183 2299 3461 2368 largitione
3510 2301 3622 2354 auri
3677 2309 3729 2354 et

2153 2404 2432 2444 munerum
2460 2392 2783 2460 potentiores
2810 2392 2908 2446 sibi
2933 2393 3242 2454 concilians,
3275 2394 3464 2461 partim
3499 2393 3730 2447 lautiori-

2154 2483 2254 2536 bus
2281 2481 2451 2551 epulis
2474 2482 2610 2551 gulze
2634 2481 2843 2537 deditos
2865 2482 3136 2549 alliciens,
3165 2484 3358 2553 partim
3388 2483 3655 2537 blanditiis
3678 2494 3728 2538 et

2151 2587 2248 2644 Spe
2285 2573 2503 2642 majoris
2540 2573 2810 2642 dignitatis
2835 2574 3056 2628 clericos
3097 2573 3163 2626 ad
3199 2589 3322 2628 suas
3353 2584 3530 2640 partes
3554 2573 3723 2628 abdu-

2152 2681 2300 2722 cens.
2331 2665 2463 2722 Cum
2484 2667 2645 2721 sciret
2669 2675 2846 2721 autem
2875 2666 3128 2721 diaconos
3153 2666 3306 2731 duos,
3331 2667 3552 2721 alterum
3579 2666 3728 2721 adul-

2155 2758 2294 2824 terii,
2325 2758 2552 2812 alterum
2596 2757 2864 2812 homicidii
2907 2773 3066 2812 causa
3091 2773 3121 2812 a
3147 2759 3352 2815 Joanne
3387 2758 3455 2812 ab
3496 2758 3731 2812 Ecclesia

2153 2850 2354 2920 ejectos
2397 2849 2590 2915 fuisse;
2638 2850 2807 2904 suasit
2843 2849 2946 2903 illis
2977 2858 3035 2904 ut
3062 2849 3268 2904 libellos
3290 2849 3544 2904 adversus
3571 2849 3734 2904 Joan-

2155 2959 2277 2997 nem
2305 2940 2578 3008 ol'ferrent,
2602 2943 2868 3011 pollicitus
2894 2958 2953 2998 se
2980 2944 3100 2998 illos
3126 2943 3176 2997 in
3206 2945 3484 3014 pristinum
3512 2943 3731 3014 gradum

2153 3043 2206 3089 et
2225 3034 2574 3090 ministerium
2603 3035 2967 3089 restituturum
2990 3050 3127 3090 esse.
3149 3034 3225 3088 Illi
3255 3051 3364 3090 rem
3383 3035 3734 3090 libentissime

2155 3126 2385 3195 amplexi
2432 3135 2590 3192 sunt,
2630 3126 2942 3198 libellosque
2970 3127 3068 3197 ipsi
3095 3127 3423 3194 obtulerunt,
3450 3143 3584 3198 quos
3623 3129 3735 3199 ipse

2155 3219 2486 3290 TheOphilus
2522 3219 2830 3285 dictaverat,
2865 3221 2916 3274 in
2949 3221 3142 3290 quibus
3176 3234 3368 3275 cetera
3397 3221 3574 3274 omnia
3604 3220 3732 3275 falsa

2155 3320 2210 3365 et
2233 3312 2585 3381 supposititia,
2614 3327 2774 3365 unum
2799 3321 2974 3366 autent
3001 3320 3203 3366 tantum
3225 3327 3408 3366 verum
3435 3323 3570 3376 erat,
3593 3311 3730 3381 quod

2157 3418 2349 3474 nempe
2389 3402 2624 3458 Joannes
2663 3418 2850 3458 omnes
2892 3413 3149 3469 moneret,
3179 3412 3234 3458 ut
3264 3412 3382 3474 post
3404 3393 3732 3460 communio-

2156 3513 2298 3562 nem,
2322 3511 2512 3567 aquam
2533 3507 2625 3551 aut
2654 3497 2920 3567 pastillum
2949 3496 3309 3567 degustarent,
3333 3513 3401 3552 ne
3425 3513 3546 3552 cum
3571 3497 3731 3552 saliva

2156 3597 2247 3644 aut
2271 3589 2458 3659 pituita
2497 3603 2528 3643 e
2565 3588 2808 3659 symbolo
2833 3588 3159 3643 Sacramenti
3184 3588 3384 3658 aliquid
3409 3599 3603 3658 praeter
3630 3603 3726 3643 vo-

2155 3681 2409 3736 luntatem
2433 3689 2780 3750 exspueretur
2811 3696 2824 3732 :
2852 3679 2992 3749 quod
3017 3688 3070 3734 et
3091 3680 3204 3748 ipse
3227 3679 3468 3735 faciebat.
3495 3679 3626 3748 Qua:
3648 3695 3732 3735 res

2156 3781 2302 3828 certe
2327 3771 2457 3825 nulli
2486 3771 2655 3839 culpa:
2674 3770 2902 3825 obnoxia
2929 3770 3222 3825 videbatur.

2227 3863 2475 3932 Acceptis
2515 3861 2709 3916 libellis
2747 3859 3069 3929 TheOphilus
3108 3861 3160 3914 in
3197 3861 3511 3931 Eugraphia:
3534 3860 3728 3916 aedibus

2157 3952 2474 4022 colloquium
2494 3951 2675 4006 habuit
2694 3967 2814 4005 cum
2832 3950 3138 4015 Severiano,
3166 3951 3428 4005 Antiocho
3444 3959 3499 4006 et
3518 3951 3718 4008 Acacio.

2157 4043 2474 4112 caaterisque
2519 4042 2738 4097 Joannis
2793 4042 3058 4105 inimicis,
3107 4043 3196 4111 qui
3244 4057 3382 4111 pene
3430 4057 3618 4098 omnes
3667 4057 3729 4098 ex

2155 4133 2376 4190 Joannis
2403 4133 2619 4187 monitis
2643 4133 2785 4201 juste
2813 4132 3157 4202 modesteque
3180 4133 3317 4186 datis
3343 4174 3358 4197 ,
3387 4132 3643 4188 adversus
3672 4134 3728 4188 il-

2156 4227 2265 4282 lum
2292 4226 2578 4281 exulcerati
2607 4235 2780 4280 erant.
2824 4224 2974 4281 Unus
3000 4240 3129 4279 vero
3167 4241 3232 4280 ex
3268 4225 3330 4279 iis
3361 4227 3449 4296 qui
3479 4226 3726 4290 aderant,

2154 4320 2275 4374 aliis
2303 4318 2562 4390 suggessit
2590 4327 2645 4371 ut
2676 4317 2837 4371 libelli
2881 4317 3135 4371 darentur
3170 4315 3498 4386 imperatori,
3529 4328 3585 4372 ut
3614 4317 3726 4385 ipse

2155 4412 2414 4467 Joannem
2442 4411 2525 4465 vel
2553 4410 2772 4463 invitum
2801 4409 2868 4463 ad
2894 4408 3166 4480 Synodum
3203 4423 3262 4463 se
3291 4409 3478 4463 sistere
3499 4416 3730 4478 cogeret.

2158 4502 2292 4568 Quia
2318 4516 2465 4565 vero,
2493 4487 2764 4568 utsat'pius
2787 4500 3110 4569 experientia
3138 4510 3466 4568 compertum
3493 4498 3610 4565 fuit,
3640 4513 3732 4552 au-

2156 4608 2272 4646 rum
2295 4593 2469 4646 omnia
2501 4606 2663 4660 prona
2689 4591 2965 4660 faciliaque
2993 4590 3194 4655 reddit;
3230 4590 3329 4645 hac
3359 4591 3441 4644 via
3471 4590 3734 4660 Theophi-

2153 4687 2236 4741 lus
2264 4685 2507 4740 effecerat
2543 4696 2598 4738 ut
2623 4685 2778 4737 aulici
2807 4683 2957 4736 multi
2987 4699 3081 4752 pro
3117 4699 3176 4738 se
3213 4693 3430 4748 starent,
3471 4691 3630 4752 atque
3657 4681 3732 4737 sic

2153 4796 2271 4850 quae
2293 4779 2343 4833 in
2369 4779 2560 4848 Optatis
2586 4779 2681 4832 sibi
2711 4786 2864 4832 erant
2889 4777 3204 4847 impetravit.

2227 4871 2466 4941 Synodus
2486 4869 2554 4922 ad
2577 4869 2846 4936 Quercum.
2873 4899 2940 4908 —
2971 4867 3081 4923 Etsi
3105 4884 3229 4923 vero
3255 4868 3589 4938 imperatoris
3607 4883 3732 4922 con-

2154 4977 2316 5016 sensu
2342 4971 2395 5015 et
2417 4961 2568 5030 jussu
2599 4961 2711 5013 fulti
2737 4960 3065 5029 TheOphilus
3083 4970 3136 5014 et
3156 4961 3283 5014 socii
3309 4958 3593 5029 (C/trysost.
3617 4969 3654 5012 ι.
3678 4961 3729 5014 5.

2159 5068 2206 5104 c.
2235 5055 2340 5108 445
2363 5050 2380 5121 )
2403 5092 2416 5113 ,
2449 5068 2552 5106 non
2580 5051 2692 5105 ausi
2722 5061 2844 5104 sunt
2872 5061 3046 5104 tamen
3080 5052 3218 5105 intra
3249 5050 3431 5105 urbem
3468 5049 3730 5105 Constan-

2156 5143 2412 5211 tin0polin
2439 5141 2708 5213 Synodum
2737 5157 2954 5211 cogere,
2989 5152 3043 5194 ut
3080 5157 3147 5194 ne
3187 5141 3394 5210 plebem
3419 5142 3612 5210 pastori
3635 5156 3732 5193 suo

2153 5235 2566 5292 addictissimam
2592 5247 3017 5295 commovcrcnt,
3060 5244 3112 5288 et
3148 5234 3428 5288 adversum
3455 5250 3511 5288 se
3541 5233 3706 5288 tumul

2155 5337 2265 5382 tum
2298 5328 2623 5392 excitarent;
2673 5343 2844 5397 neque
2883 5338 3051 5381 tutum
3095 5327 3192 5380 sibi
3235 5327 3345 5381 fore
3392 5327 3660 5396 putabant,
3689 5326 3730 5379 si

2154 5418 2466 5478 calumnias,
2493 5432 2624 5490 quas
2651 5416 2766 5471 falsi
2795 5417 3110 5471 convincere
3133 5415 3285 5470 facile
3316 5425 3452 5480 erat,
3480 5415 3533 5470 in
3559 5415 3733 5470 medio

2153 5508 2516 5576 Imperatoris:
2556 5508 2702 5562 urbis
2730 5507 3049 5578 proferrent.
3094 5506 3419 5575 Theophilus
3457 5507 3614 5576 igitur
3641 5521 3730 5575 per

2153 5610 2266 5656 tres
2313 5600 2674 5656 hebdomadas
2714 5599 3171 5669 Constantinopoli
3215 5610 3572 5654 commoratus
3611 5596 3732 5665 (So-

2152 5709 2285 5746 zam.
2318 5694 2355 5746 Ι.
2387 5692 2440 5746 8.
2470 5710 2498 5745 c
2552 5694 2679 5762 l7),
2724 5709 2845 5746 cum
2894 5692 3012 5746 aliis
3058 5707 3236 5746 secum
3277 5686 3736 5745 consentientibus

2155 5785 2418 5854 episcopis
2459 5785 2842 5841 Cltalccdnncut
2885 5787 3126 5844 perrexit
3194 5785 3428 5855 indeque
3455 5778 3522 5834 ad
3555 5777 3732 5844 ρυεῖ-
