4122 6386
449 372 550 429 197

444 504 585 552 cum,
609 486 957 545 Chalcedonis
980 488 1357 554 suburbanum,
1389 490 1441 545 in
1480 493 1703 546 ecclesia
1741 492 1835 548 SS.
1866 494 2012 563 Apo-

443 581 701 637 stolorum
726 580 868 636 Petri
893 590 947 636 et
975 580 1144 648 Pauli,
1174 597 1330 651 quam
1360 582 1578 639 Ruﬁnus
1606 594 2013 649 construxerat,

442 672 713 744 Synodum
734 673 960 743 collegit,
981 682 1179 728 etcum
1207 675 1422 741 Acacio,
1444 674 1730 731 Severiano
1759 686 1815 732 et
1839 677 2017 733 Antio-

441 763 543 817 cho
565 764 801 831 iniquum
825 765 1150 834 propositum
1176 764 1426 834 explevit.

509 855 650 911 Nihil
695 856 766 910 ibi
809 857 877 911 de
918 856 1158 926 Origenis
1188 857 1397 926 scriptis
1441 857 1491 910 in
1532 857 1710 912 medio
1751 858 2011 928 prolatum

438 948 556 1013 fuit,
583 949 710 1003 nihil
736 948 802 1003 de
827 948 1097 1003 Fratribus
1121 949 1315 1019 Longis
1340 951 1621 1004 Ammonio
1650 960 1704 1006 et
1729 952 1866 1016 aliis,
1894 968 2011 1022 quae

438 1049 612 1094 tamen
652 1055 752 1093 una
797 1039 1052 1095 hactenus
1092 1039 1389 1108 Theophili)
1430 1041 1639 1096 fuerant
1676 1043 2010 1111 querelarum

435 1145 635 1186 causa:
668 1145 767 1199 pax
801 1129 938 1185 facta
982 1146 1102 1186 cum
1147 1131 1252 1186 illis
1292 1140 1423 1186 erat.
1470 1131 1856 1188 Consceleratis
1891 1150 2011 1190 sese

434 1222 675 1292 adjunxit
702 1222 945 1293 Cyrinus,
977 1221 1328 1278 Chalcedonis
1363 1226 1664 1294 episcopus,
1695 1242 1851 1295 quem
1876 1226 2009 1280 vidi-

434 1329 554 1369 mus
593 1330 659 1369 ex
698 1316 982 1385 improviso
1028 1315 1283 1370 Maruthzc
1318 1332 1503 1386 gressu
1545 1317 1691 1385 pedis
1735 1318 2009 1373 doloribus

433 1406 784 1473 laborantem,
810 1409 899 1477 qui
921 1416 1045 1463 tunc
1070 1424 1167 1462 nec
1196 1408 1364 1463 morbi
1390 1409 1573 1463 dolore
1597 1410 1932 1478 praepeditus,
1954 1411 2006 1464 in

430 1495 686 1552 Joannem
715 1513 811 1552 ceu
840 1498 1007 1552 hostis
1047 1498 1331 1554 insurrexit
1374 1498 1393 1571 (
1416 1499 1618 1554 Sozam.
1647 1502 1683 1554 ι.
1714 1500 1766 1555 8.
1798 1518 1845 1555 c.
1876 1501 2002 1573 16).

434 1588 564 1642 Illud
589 1606 736 1654 vero,
763 1599 817 1644 ut
842 1589 1064 1659 carptim
1092 1590 1284 1654 dicam,
1309 1607 1413 1646 non
1438 1592 1651 1660 impune
1675 1592 1799 1647 fecit
1826 1610 1838 1645 :
1869 1602 2006 1662 post-

430 1694 493 1733 ea
532 1680 672 1733 enim
715 1695 837 1734 cum
876 1681 1013 1735 male
1058 1680 1310 1744 haberet,
1336 1697 1458 1736 crus
1486 1684 1533 1737 ei
1566 1698 1710 1752 saepe
1732 1699 1761 1737 a
1787 1684 2006 1739 medicis

430 1770 715 1827 dissectum
743 1780 843 1827 est.
870 1773 1259 1842 Superveniens
1285 1773 1426 1829 enim
1451 1776 1670 1843 putredo
1696 1786 1864 1831 totum
1887 1792 2003 1832 cor-

431 1876 530 1930 pus
552 1861 964 1931 depascebatur;
992 1864 1126 1919 adeo
1161 1874 1218 1919 ut
1245 1865 1380 1921 alter
1396 1882 1607 1935 quoque
1632 1884 1726 1938 pes
1749 1869 1885 1923 idem
1911 1886 2004 1940 pa-

432 1960 632 2007 teretur
655 1969 714 2007 ex
746 1962 923 2007 mutua
953 1954 1152 2009 doloris
1178 1958 1676 2025 communicatione,
1704 1969 1867 2029 atque
1893 1978 2001 2017 non

425 2044 593 2097 multo
630 2053 749 2113 post
782 2046 831 2098 in
857 2045 1127 2102 doloribus
1150 2048 1441 2105 exstinctus
1467 2061 1567 2105 est.
1609 2051 1689 2106 Ad
1737 2052 2001 2123 TheOphi-

426 2133 535 2188 lum
566 2134 691 2189 item
719 2135 911 2190 defecit
938 2137 1133 2192 Paulus
1164 2139 1534 2206 Heracleotes,
1577 2142 1666 2211 qui
1697 2158 1799 2198 non
1836 2146 2000 2201 semel

425 2242 456 2280 a
491 2225 693 2282 Joanne
733 2229 784 2281 in
825 2229 1048 2298 negotiis
1087 2230 1352 2286 adhibitus
1392 2231 1580 2288 fuerat.
1625 2234 1760 2302 Quid
1786 2236 1829 2289 si
1859 2235 2000 2289 dica-

425 2332 562 2382 mus,
605 2333 725 2371 cum
771 2317 1064 2387 TheOphilo
1105 2328 1291 2387 patruo
1335 2337 1433 2374 suo
1474 2321 1703 2377 adfuisse
1745 2323 1998 2395 Cyrillum

422 2407 686 2477 juvenem.
716 2409 804 2478 qui
834 2420 1011 2479 postea
1038 2409 1334 2478 TheOpbilo
1360 2413 1633 2482 successit,
1661 2429 1722 2469 ac
1759 2413 1996 2470 doctrina

421 2500 873 2571 sanctimoniaque
897 2502 1123 2557 celebris
1152 2504 1281 2557 fuit?

491 2588 876 2647 Criminatioucs
922 2602 1098 2646 contra
1140 2590 1549 2662 Cltrysostomum
1589 2594 1788 2649 oblatte.
1819 2626 1889 2635 —
1931 2596 1993 2651 lli

420 2684 578 2737 simul
599 2683 824 2753 jndices,
856 2694 1189 2739 accusatores
1217 2694 1270 2740 et
1308 2695 1470 2739 testes
1506 2696 1655 2739 erant
1676 2729 1689 2752 ,
1719 2687 1803 2740 vel
1834 2698 1995 2741 testes

422 2777 581 2832 falsos
613 2777 930 2831 advocarant
972 2776 1228 2849 (Pliotius
1267 2775 1508 2833 Biblioth.
1537 2779 1648 2832 cod.
1683 2778 1825 2848 Lux).
1865 2779 1997 2834 Tre-

420 2868 588 2922 dccim
620 2868 733 2922 lucc
756 2868 1050 2923 actionibus
1078 2878 1283 2936 peracta
1315 2880 1438 2923 sunt
1462 2888 1475 2924 :
1501 2871 1776 2926 duodecim
1802 2887 1993 2944 nempe

418 2968 603 3012 contra
631 2958 889 3013 Joannem
930 2958 1147 3028 prolatre
1188 2969 1344 3027 sunt,
1391 2963 1543 3015 tertia
1573 2961 1781 3017 decima
1808 2973 1991 3019 contra

422 3050 735 3105 llcracliden
763 3060 895 3115 erat,
925 3066 1081 3120 quem
1116 3050 1362 3119 Ephesiis~
1381 3052 1469 3106 ille
1489 3052 1759 3108 ordinarat
1782 3055 1992 3125 episco-

419 3156 539 3209 pum
572 3158 585 3193 :
616 3140 764 3208 cujus
794 3150 966 3194 tamen
994 3141 1377 3210 depositionem
1408 3143 1689 3198 invalidam
1725 3145 1949 3199 reddere
1972 3186 1987 3209 ,

417 3230 535 3284 aliis
561 3231 826 3284 nonnullis
857 3230 1275 3300 prohibentibus,
1306 3232 1521 3288 minime
1547 3242 1848 3303 potuerunt.
1880 3236 1987 3290 lle-

418 3321 629 3375 raclidzc
647 3330 820 3374 autem
842 3333 1116 3376 accusator
1139 3322 1236 3377 fuit
1259 3322 1535 3388 Macarius,
1557 3323 1852 3394 Magnetum
1873 3327 1988 3395 epi-

414 3426 625 3480 scopus.
688 3410 906 3466 Joannis
951 3427 1079 3466 vero
1141 3412 1501 3485 Chrysostomi
1563 3424 1839 3471 accusator
1894 3416 1991 3471 fuit

413 3502 643 3557 Joannes
674 3503 951 3569 Diaconos,
983 3504 1215 3574 episc0pi
1255 3504 1336 3559 sui
1375 3506 1544 3575 palam
1571 3506 1760 3574 hostis,
1783 3508 1872 3578 qui
1902 3524 1989 3565 se-

412 3606 635 3664 quentes
662 3596 1057 3652 criminationes
1090 3597 1142 3651 in
1184 3596 1440 3653 Joannem
1467 3598 1771 3669 episcopum
1791 3601 1984 3655 attulit.

488 3686 563 3740 1°.
604 3687 754 3754 Quod
782 3704 839 3743 se
864 3704 894 3743 e
922 3689 1201 3743 diaconatu
1229 3690 1535 3756 amovisset,
1563 3692 1687 3761 quia
1716 3692 1831 3761 ipse
1858 3708 1985 3762 pue-

414 3793 528 3831 rum
553 3792 704 3831 snutn
735 3779 1080 3835 domesticum
1104 3781 1491 3835 verberaverat.

482 3866 561 3921 2°.
590 3868 738 3935 Quod
766 3868 998 3923 Joannes
1021 3871 1231 3939 quidam
1260 3870 1545 3925 Monachus
1569 3871 1718 3939 jussu
1749 3872 1863 3942 ejus
1888 3889 1976 3927 va-

416 3958 673 4025 pulasset,
724 3968 1093 4029 raptatuSque,
1144 3975 1206 4013 ac
1249 3975 1370 4015 cum
1418 3960 1758 4018 dmmoniacis
1798 3976 1983 4019 catena

412 4048 579 4101 ferrea
602 4048 921 4102 constrictus
950 4048 1154 4103 fuisset.

483 4138 560 4193 3°.
589 4139 739 4205 Quod
759 4140 1087 4194 cimcliorum
1118 4140 1414 4213 (Ecclesize)
1448 4157 1691 4212 magnam
1720 4143 1826 4196 vim
1853 4159 1984 4198 ven-

410 4232 647 4286 didisset.

480 4324 557 4379 4⁹.
588 4322 735 4389 Quod
784 4337 1069 4387 marmora,
1111 4338 1226 4392 quae
1269 4322 1543 4377 Nectarius
1582 4324 1868 4391 reliquerat
1912 4324 1976 4378 ad

409 4420 699 4472 ornandam
737 4426 933 4470 sancta:
972 4414 1264 4470 Anastasicc
1309 4415 1587 4470 ecelesiam
1611 4458 1624 4481 ,
1655 4416 1765 4485 ipse
1792 4417 1977 4472 vendi-

409 4512 566 4563 tlerit.

479 4602 559 4657 5°.
608 4601 755 4667 Quod
801 4600 1024 4656 clericos
1066 4599 1357 4670 appellaret
1384 4601 1536 4666 viles,
1568 4610 1864 4671 corruptos,
1894 4601 1977 4654 in-

409 4696 583 4758 utiles,
618 4695 947 4748 triobolares.

481 4786 558 4839 6°.
604 4785 753 4853 Quod
796 4786 851 4839 S.
887 4783 1238 4854 Epiphanium
1266 4783 1489 4839 delirum
1530 4785 1891 4855 appellaverit,
1926 4795 1980 4839 ct

410 4891 624 4945 parvum
652 4875 990 4929 dmmoninm.

481 4967 557 5020 7'.
581 4967 730 5034 Quod
758 4966 1045 5020 Severiano
1072 4966 1285 5020 insidias
1310 4966 1591 5027 struxerit,
1624 4966 1851 5020 incitatis
1887 4966 1978 5020 ad-

410 5074 595 5112 versus
625 5058 769 5111 illum
795 5058 1028 5111 decanis.

478 5150 555 5204 8°.
600 5148 748 5216 Quod
777 5156 959 5202 contra
994 5147 1194 5202 clerum
1238 5147 1423 5201 librum
1461 5146 1821 5219 schphantiis
1864 5147 1976 5216 ple-

411 5258 532 5295 num
558 5241 848 5310 scripserit.

480 5334 557 5388 9°.
586 5333 735 5399 Quod
765 5333 924 5387 totius
952 5332 1080 5386 cleri
1106 5343 1366 5386 conventu
1396 5331 1564 5397 facto,
1595 5342 1701 5387 tres
1726 5332 1977 5388 diaconos

408 5424 613 5489 citarit,
658 5424 929 5490 Acacium,
976 5421 1268 5492 Edaphium
1308 5434 1360 5476 ct
1398 5422 1689 5487 Joannem,
1732 5432 1787 5477 et
1830 5424 1976 5491 quasi

411 5516 680 5570 lnnnerale
732 5532 885 5570 suum
937 5514 1094 5570 furati
1147 5526 1358 5581 essent,
1401 5517 1698 5581 accusarit,
1734 5532 1977 5586 qumrens

410 5619 581 5662 utrum
611 5609 676 5663 ad
704 5610 861 5663 alium
888 5610 1114 5678 aliquem
1138 5624 1287 5663 usum
1322 5609 1447 5662 illud
1476 5610 1763 5678 cepissent.

480 5701 589 5755 10°.
621 5699 768 5767 Quod
797 5700 1104 5764 Antonium,
1134 5701 1495 5767 sepulcrorum
1519 5698 1823 5755 violatorem
1852 5714 1979 5755 con-

411 5794 628 5861 victum,
658 5793 961 5861 episcopum
993 5790 1333 5846 ordinaverit.

1604 376 1786 435 NUNC
1823 379 2088 437 PRIMUM
2127 383 2398 440 ADORNA
2408 387 2516 442 TA.

3599 408 3696 465 193

2197 496 2307 552 11°.
2338 501 2487 568 Quod
2513 502 2769 561 Joannem
2794 510 3042 565 comitem
3091 514 3141 568 in
3181 506 3405 572 militum
3436 520 3696 577 seditione

2124 589 2434 656 prodiderit.

2194 679 2304 774 12°.
2356 682 2505 749 Quod
2554 701 2724 756 neque
2762 690 2814 743 in
2854 691 3131 749 ecclesiam
3169 696 3489 768 ingrediens,
3526 718 3696 774 neque

2121 770 2323 838 exiens,
2350 786 2673 841 precaretur.

2190 862 2303 956 15°.
2326 863 2479 930 Quod
2505 868 2618 921 sine
2642 870 2793 925 altari
2818 871 3158 931 diaconorum
3187 889 3240 934 et
3260 883 3693 956 presbyterorum

2118 952 2480 1011 ordinationes
2508 959 2709 1015 fecerit.

2187 1043 2299 1098 14°.
2326 1046 2478 1111 Quod
2508 1065 2606 1102 una
2634 1052 2965 1112 ordinatione
2990 1069 3216 1129 quatuor
3232 1063 3390 1120 simul
3412 1068 3693 1139 episcopos

2114 1138 2331 1191 crearit.

2186 1227 2296 1281 15°.
2325 1227 2473 1295 Quod
2494 1233 2744 1289 mulieres
2764 1238 3073 1309 susciperet,
3097 1244 3240 1299 solus
3259 1260 3377 1300 cum
3406 1249 3553 1315 solis,
3576 1254 3692 1307 aliis

2113 1319 2359 1374 omnibus
2386 1320 2529 1377 foras
2557 1326 2783 1381 emissis.

2185 1410 2298 1465 lluc
2343 1415 2608 1483 respicere
2651 1418 2858 1473 videtur
2899 1422 3037 1491 quod
3081 1425 3154 1479 ait
3194 1425 3604 1499 Chrysostomus
3637 1436 3692 1488 in

2112 1501 2347 1571 Epistola
2398 1507 2464 1561 ad
2508 1508 2809 1578 Cyriacum,
2844 1523 2986 1568 tomo
3023 1520 3225 1574 tertio:
3275 1521 3403 1586 Quin
3445 1541 3523 1577 me
3565 1544 3692 1595 qiu-

2109 1611 2205 1664 que
2258 1612 2374 1649 cum
2439 1598 2645 1655 muliere
2710 1605 3034 1661 concubuisse
3100 1610 3445 1666 criminantur.
3508 1615 3691 1672 Exuite

2111 1700 2297 1754 corpus
2349 1705 2554 1754 meum,
2592 1702 2641 1746 et
2700 1696 3031 1750 membrorum
3085 1703 3516 1771 mortiﬁcationem
3575 1726 3692 1779 repe

2107 1779 2261 1831 rietis.

2179 1870 2288 1923 16'.
2318 1870 2466 1938 Quod
2495 1873 2853 1932 hrereditatem
2875 1894 2902 1931 a
2925 1879 3117 1935 Thecla
3141 1885 3375 1939 relictam
3401 1904 3493 1957 per
3514 1890 3689 1945 Theo-

2112 1958 2292 2013 dulum
2324 1962 2636 2018 vendiderit.

2178 2048 2287 2103 17°.
2325 2051 2474 2119 Quod
2534 2054 2786 2112 Ecclesia:
2842 2059 3045 2116 reditus
3103 2080 3259 2121 nemo
3323 2072 3525 2124 noverit
3584 2089 3690 2142 quo

2108 2147 2318 2202 abeant.

2176 2239 2287 2293 18°.
2320 2240 2470 2306 Quod
2492 2244 2854 2314 Serapionem.
2876 2248 2926 2303 in
2953 2252 3151 2307 crimen
3180 2266 3439 2321 vocatum,
3470 2262 3689 2332 presby-

2106 2336 2275 2383 terum
2302 2331 2643 2389 ordinaverit.

2179 2421 2287 2477 19'.
2319 2424 2468 2489 Quod
2498 2442 2611 2491 eos,
2638 2430 2724 2497 qui
2755 2445 2873 2484 cmn
2901 2442 3013 2487 toto
3041 2436 3170 2491 orbe
3189 2442 3647 2499 communicabant
3667 2488 3683 2511 ,

2102 2512 2265 2580 ipsius
2292 2518 2550 2571 sententia
2586 2518 2821 2576 inclusos
2844 2531 2898 2576 et
2924 2524 2974 2577 in
3003 2540 3217 2581 carcere
3244 2531 3519 2585 defunctos
3549 2549 3681 2589 con-

2103 2607 2417 2674 tempscrit;
2449 2610 2518 2662 ita
2563 2621 2618 2664 ut
2649 2628 2716 2667 ne
2744 2628 2964 2684 corpora
3006 2618 3214 2687 quidem
3248 2622 3477 2691 ipsorum
3508 2629 3686 2696 sepul-

2104 2705 2237 2750 turm
2265 2701 2517 2756 mandare
2544 2702 2786 2773 dignatus
2813 2708 2902 2762 sit.

2171 2786 2284 2842 20°.
2316 2790 2465 2855 Quod
2496 2797 2885 2851 sanctissimum
2916 2800 3165 2857 Acacium
3199 2804 3384 2875 injuria
3411 2808 3644 2865 affecerit
3664 2853 3678 2878 ,

2098 2887 2152 2931 ct
2180 2893 2247 2931 ne
2274 2879 2337 2933 ad
2367 2882 2688 2951 colloquium
2719 2889 2931 2957 quidem
2965 2891 3132 2961 ipsum
3177 2896 3469 2953 admiserit.

2165 2970 2278 3026 21°.
2323 2972 2473 3039 Quod
2524 2977 2871 3050 Porphyrium
2917 2985 3287 3057 presbyterum
3317 2990 3591 3063 Eutropio,
3626 3006 3682 3051 ut

2096 3061 2149 3115 in
2179 3064 2417 3119 exsilium
2451 3067 2756 3138 pelleretur,
2800 3074 3091 3129 tradiderit.

2166 3153 2277 3208 22⁸.
2309 3156 2458 3222 Quod
2489 3158 2772 3215 Venerium
2819 3165 2942 3218 item
2982 3168 3347 3240 presbyterum
3388 3188 3506 3227 cum
3546 3192 3676 3231 con-

2099 3246 2313 3298 tumclia
2347 3249 2507 3303 multa
2541 3251 2832 3307 tradiderit.

2165 3333 2280 3390 25⁸.
2330 3337 2480 3403 Quod
2525 3341 2601 3394 illi
2648 3344 2743 3396 soli
2790 3344 3035 3400 balneum
3083 3352 3451 3417 succendatur,
3493 3369 3545 3411 et
3590 3362 3677 3414 ubi

2093 3423 2319 3494 laverit,
2367 3428 2623 3500 Serapion
2681 3436 2880 3490 aditum
2943 3441 3169 3509 claudat,
3230 3454 3284 3498 ut
3335 3448 3470 3502 alius
3518 3468 3677 3509 neruo

2092 3514 2251 3571 lavet.

2160 3609 2276 3666 24°.
2305 3610 2453 3677 Quod
2483 3614 2598 3669 sine
2628 3618 2847 3672 testibus
2874 3621 3067 3676 multos
3093 3625 3365 3681 ordinarit.

2164 3702 2281 3757 25°.
2314 3706 2464 3772 Quod
2493 3708 2636 3762 solus
2672 3710 2793 3764 edat
2821 3712 3251 3785 intemperanter,
3278 3721 3563 3792 Cyclopum
3596 3728 3676 3779 vi-

2092 3801 2197 3846 tam
2226 3810 2409 3864 agens.

2158 3885 2269 3938 26°.
2304 3887 2451 3951 Quod
2498 3890 2608 3958 ipse
2632 3902 2862 3955 accuset,
2891 3895 3061 3961 sitque
3091 3900 3237 3951 testis
3272 3912 3320 3952 et
3344 3902 3505 3969 judcx
3559 3906 3674 3959 Pla-

2094 3988 2326 4044 numque
2353 3977 2402 4031 id
2433 3993 2551 4034 esse
2577 3995 2641 4035 ex
2684 3982 2767 4047 iis,
2797 4000 2915 4051 quae
2961 4002 3079 4041 cum
3125 3989 3372 4060 Martyrio
3403 3998 3669 4061 prolmliu-

2090 4079 2246 4129 c0no,
2287 4076 2339 4121 et
2378 4067 2730 4138 Prohaeresio,
2761 4073 2933 4144 Lycia:
2960 4077 3227 4148 episcopo,
3257 4095 3401 4150 gesta
3435 4087 3671 4141 referun-

2090 4163 2188 4208 tur.

2157 4245 2272 4299 27°.
2332 4248 2483 4313 Quod
2537 4248 2866 4307 Memnonem
2912 4256 2962 4308 in
3007 4259 3232 4314 ecclesia
3295 4264 3669 4332 Apostolorum

2085 4349 2260 4403 pugno
2290 4341 2623 4405 percusserit,
2656 4351 2710 4396 et
2749 4347 3002 4414 sanguine
3026 4362 3091 4400 ex
3121 4364 3214 4404 ore
3252 4364 3516 4421 manante,
3547 4375 3661 4430 my~

2085 4426 2245 4478 steria
2279 4436 2453 4481 tamen
2483 4429 2751 4484 obtulerit.

2156 4517 2273 4571 28⁸.
2309 4520 2459 4585 Quod
2511 4522 2561 4574 in
2612 4525 2802 4577 throno
2844 4538 3127 4581 execretur
3167 4540 3221 4583 et
3259 4532 3580 4603 inducrctur,
3612 4553 3663 4593 et

2086 4607 2352 4674 pastillum
2381 4610 2580 4663 ederet.

2153 4697 2266 4752 “29°.
2296 4700 2444 4765 Quod
2473 4702 2732 4769 episeopis
2771 4705 2838 4757 ah
2863 4722 2919 4759 se
2947 4709 3202 4765 ordinatis
3230 4715 3477 4781 pecunias
3508 4717 3633 4789 largi

2084 4797 2249 4852 retur,
2277 4798 2331 4841 ut
2356 4804 2450 4858 per
2480 4791 2597 4845 illos
2622 4792 2830 4846 Clerum
2859 4799 3202 4866 opprimeret.

2156 4878 2538 4947 C/irysostomua
2556 4883 2627 4935 ad
2652 4881 2917 4951 Synodum
2970 4897 3156 4941 vocatu
3202 4890 3500 4947 abnuit.—
3569 4899 3661 4954 llis

2083 4969 2273 5021 oblatis
2311 4974 2703 5026 acCusatinnum
2735 4978 3013 5044 capitibus,
3044 4979 3366 5051 Theophilus
3392 4997 3446 5041 ct
3482 4996 3659 5047 caeteri

2083 5061 2315 5131 episcopi
2346 5063 2619 5134 Synodum
2644 5070 3045 5133 constituentes,
3075 5073 3331 5129 Joannem
3354 5079 3584 5135 cilarunt
3604 5095 3659 5137 ut

2082 5152 2148 5203 ad
2174 5151 2442 5221 Synodum
2472 5168 2801 5224 compareret
2847 5158 3083 5224 (Pliotius
3108 5181 3159 5232 p.
3188 5167 3256 5221 55
3283 5177 3327 5220 et
3352 5186 3489 5239 seqq.
3521 5171 3649 5227 Pal-

2084 5243 2185 5296 (ad.
2244 5242 2492 5315 Dialog.).
2543 5245 2708 5301 Erant
2746 5258 2870 5305 tunc
2909 5268 3027 5307 cmn
3066 5254 3271 5312 Joanne
3313 5263 3657 5334 quadraginta

2083 5335 2333 5403 episcopi,
2381 5337 2628 5394 sedentes
2671 5341 2723 5394 in
2775 5344 3004 5400 triclinio
3052 5349 3337 5421 episcopii,
3386 5365 3661 5426 stupentes

2082 5425 2349 5492 quomodo
2388 5443 2528 5491 reus,
2560 5438 2614 5483 ct
2645 5443 2860 5501 prepler
2901 5437 3119 5491 crimina
3160 5441 3305 5495 solus
3332 5444 3398 5498 ad
3426 5425 3659 5502 comita-

2085 5525 2192 5569 tntn
2221 5525 2275 5570 et
2316 5515 2641 5587 lmperialem
2680 5522 2944 5580 civitatem
2987 5530 3168 5585 venire
3204 5532 3405 5601 jussus,
3433 5553 3552 5593 cum
3584 5549 3658 5595 tot

2082 5610 2344 5679 episcopis
2370 5611 2669 5668 advenisset
2698 5632 2711 5668 :
2743 5632 2848 5685 quo
2892 5630 3044 5688 pacto
3075 5624 3366 5695 principum
3392 5638 3445 5683 et
3488 5636 3654 5702 magi-

2082 5710 2339 5754 stratuum
2388 5704 2675 5757 sententias
2715 5708 2891 5763 subito
2933 5723 3349 5784 commutasset,
3394 5720 3655 5793 plerisque

2084 5791 2149 5845 de
2177 5792 2332 5847 Clero
2364 5795 2457 5863 ipsi
2487 5797 2856 5853 annuentibus.
2893 5801 3081 5858 Verum
3130 5820 3259 5861 auro
3289 5811 3462 5864 omnia
3490 5791 3653 5882 prona
