4122 6386
398 333 505 391 I99

393 467 446 510 et
473 450 646 508 facilia
684 447 996 504 redduntur.
1031 445 1234 501 Interea
1277 457 1407 499 vero
1450 441 1684 497 Joannes
1709 455 1737 492 a
1764 437 1980 508 Synotlo

391 548 458 601 ad
489 546 754 614 Quereum
785 542 976 597 eitatur
1000 549 1056 598 ct
1075 552 1385 608 comparere
1404 535 1638 606 jubetur.
1679 531 1987 603 Respondet

394 639 482 692 ille
510 655 526 690 :
559 636 622 692 Si
645 647 846 704 apertos
874 634 1041 698 hostes
1062 648 1125 687 ea:
1155 629 1392 702 judicum
1420 627 1598 682 ordine
1616 625 1981 690 submovet-itis,

394 739 580 800 privato
628 745 761 794 sum,
815 743 991 798 meque
1035 725 1247 787 sistam;
1276 730 1350 786 ut,
1382 721 1428 776 si
1471 721 1582 791 quis
1632 736 1711 773 me
1738 727 1981 784 accuset,

393 836 603 874 causam
621 819 788 874 dicam
813 835 833 872 :
858 821 936 873 eiu
973 816 1029 870 id
1055 816 1222 883 facere
1244 812 1651 877 detrectaveritis,
1681 813 1870 881 quoties
1909 810 1984 863 ci-

396 912 584 977 tnbitis,
612 911 738 965 nihil
767 909 1056 979 proﬁcietis.
1091 908 1167 961 Illi
1206 920 1334 961 vero
1360 919 1494 976 quos
1529 903 1739 958 excludi
1771 902 1984 956 volebat

394 1014 550 1059 erant
609 1002 968 1073 TheOphilus,
1013 997 1368 1064 Severianus,
1415 995 1641 1050 Aeacius
1699 1001 1754 1048 et
1797 992 1984 1047 Antio-

395 1097 549 1152 chus.

470 1189 650 1245 Primo
686 1185 1056 1242 examinarunt
1097 1190 1256 1252 caput
1299 1180 1527 1251 primum
1565 1187 1620 1233 et
1648 1175 1982 1240 secundnmi,

397 1299 519 1356 qum
557 1281 815 1337 Joannem
843 1279 1123 1333 diaconum
1151 1285 1205 1332 et
1228 1270 1831 1330 JoannemMonachum
1861 1284 1986 1338 spe-

397 1378 633 1434 ctabant.
663 1373 796 1429 Hinc
823 1377 1102 1441 coeperunt
1122 1376 1308 1422 contra
1333 1363 1652 1420 Heracliden
1681 1361 1895 1431 Ephesi,
1934 1367 1989 1414 et

401 1470 694 1527 Palladium
723 1465 1114 1534 llelenopoleos
1139 1465 1418 1530 episcopos
1442 1457 1729 1528 inquirere.
1755 1454 1987 1510 Joannes

397 1577 528 1618 vero
570 1558 881 1624 Monachus,
922 1556 1012 1627 qui
1059 1555 1110 1608 in
1141 1550 1376 1608 secundo
1399 1550 1570 1618 capite
1596 1561 1756 1616 supra
1782 1558 1987 1600 memo-

400 1667 579 1716 ratur,
622 1651 858 1707 libellum
909 1647 1119 1712 obtulit,
1165 1657 1421 1699 accusans
1466 1638 1801 1702 Heracliden,
1847 1634 1988 1706 quod

397 1742 702 1816 Origenista
727 1749 888 1804 esset,
916 1748 968 1793 et
1008 1737 1147 1808 quod
1174 1734 1429 1789 Caesarea:
1453 1731 1748 1787 Palmstinze
1775 1728 1826 1782 in
1851 1727 1990 1781 furto

400 1834 768 1906 deprehensus
795 1831 1003 1895 fuisset,
1035 1825 1266 1898 Aquilini
1295 1822 1502 1878 diaconi
1542 1823 1858 1875 vestimenta
1905 1817 1989 1870 fu-

400 1935 592 1981 ratus:
624 1933 672 1979 et
713 1921 938 1995 quamvis
986 1920 1103 1973 talis
1150 1925 1308 1981 esset,
1357 1914 1549 1984 inquit,
1579 1911 1804 1966 Joannes
1846 1908 1991 1962 illum

406 2015 597 2086 Ephesi
623 2015 914 2086 episcOpum
933 2009 1200 2065 ordinavit.
1228 2005 1524 2061 Aecusabat
1551 2010 1806 2073 praeterea
1830 1999 1992 2054 Joan-

402 2123 547 2174 nem,
579 2105 721 2177 quod
752 2103 914 2159 multa
946 2101 1083 2155 mala
1137 2097 1287 2169 (Haec
1324 2097 1496 2150 vitiata
1523 2093 1776 2162 videntur)
1803 2091 1991 2159 Orige-

403 2203 660 2258 nistarum
687 2212 846 2254 causa
874 2207 1060 2265 passus
1089 2199 1252 2256 esset,
1283 2204 1378 2259 per
1427 2187 1794 2256 Serapionem,
1824 2181 2012 2260 quodﬁ

399 2310 506 2364 que
565 2293 712 2347 illum
779 2290 1031 2344 misisset.
1102 2285 1305 2340 Horum
1370 2281 1643 2352 przemisso
1702 2278 1989 2344 examine,

403 2383 707 2456 inquisitum
734 2391 816 2436 est
839 2379 1031 2435 deinde
1061 2378 1112 2432 in
1145 2383 1303 2445 caput
1326 2387 1525 2428 nonum
1553 2370 1947 2426 accusationum
1971 2409 1988 2435 ,

402 2474 542 2546 quod
570 2482 680 2528 tres
707 2471 960 2526 diaconos
988 2469 1057 2524 de
1087 2467 1227 2521 furto
1254 2463 1545 2518 bumeralis
1571 2461 1652 2516 sui
1689 2458 1992 2516 accusavis-

403 2575 518 2630 set;
550 2573 604 2620 et
626 2563 938 2635 vigesimum
966 2561 1271 2631 septimum,
1297 2557 1436 2628 quod
1462 2554 1794 2610 Memnonem
1817 2567 1993 2624 pugno

403 2657 774 2728 percussisset,
806 2664 911 2710 etc.

478 2750 606 2804 Alite
624 2750 677 2802 in
711 2747 1119 2818 Clirysostomum
1146 2741 1538 2797 criminationes.
1565 2769 1638 2780 —
1665 2739 1854 2794 Postea
1878 2753 1994 2792 rur-

401 2859 518 2896 sum
549 2840 778 2896 Isaacius
802 2839 1107 2908 episcopum
1135 2832 1450 2889 Heracliden
1478 2829 1744 2885 accusavit
1770 2837 1830 2884 ut
1870 2828 1993 2883 Ori-

399 2936 696 3006 genistam,
746 2931 835 3002 qui
889 2945 919 2984 a
971 2928 1307 2984 sanctissimo
1362 2922 1662 2994 Epiphanio
1719 2934 1891 2990 neque
1940 2918 1994 2972 in

405 3026 744 3097 precationis,
790 3037 964 3093 neque
1004 3011 1070 3075 ad
1121 3033 1321 3074 mensae
1365 3016 1691 3072 consortium
1731 3012 1994 3067 admissus

406 3118 614 3173 fuisset.
647 3116 872 3171 Protulit
896 3114 1036 3168 idem
1066 3111 1294 3166 lsaacius
1316 3107 1552 3163 libellum
1595 3113 1781 3161 contra
1817 3103 1994 3175 Chry-

402 3218 720 3274 sostomum,
747 3205 862 3260 haec
903 3204 1288 3259 continentem.

475 3301 553 3355 1°.
588 3300 661 3353 De
687 3297 892 3353 Joanne
920 3293 1177 3350 Monaeho
1203 3293 1311 3360 jam
1341 3297 1659 3355 memorato,
1689 3287 1830 3358 quod
1867 3300 1994 3359 pro-

403 3401 523 3464 pter
547 3389 875 3460 Origenistas
899 3386 1203 3456 vapulasset
1225 3393 1278 3438 et
1304 3383 1444 3438 ferro
1474 3383 1682 3436 vinctus
1718 3379 1922 3434 fuisset.

470 3485 549 3539 2°.
577 3483 727 3551 Quod
756 3484 817 3536 Il.
865 3479 1196 3549 Epiphanius
1241 3485 1459 3547 propter
1501 3476 1600 3530 hos
1626 3473 1951 3544 Origenistas
1975 3514 1990 3537 ,

403 3575 770 3636 Ammonium,
814 3571 1181 3643 Euthyminm,
1225 3568 1537 3633 Eusebium,
1586 3564 1900 3622 Heracliden
1942 3573 1997 3619 et

404 3665 715 3728 Palladium,
747 3679 868 3718 eum
895 3663 986 3717 illo
1017 3662 1274 3716 noluisset
1298 3660 1710 3714 communicare.

467 3755 552 3812 5°.
582 3753 736 3823 Quod
779 3752 1220 3824 hospitalitatem,
1251 3750 1396 3806 solus
1421 3749 1660 3821 quotidie
1685 3747 1992 3814 comedens,

402 3847 725 3916 despiceret.

472 3940 554 3995 4°.
584 3938 737 4007 Quod
768 3938 820 3992 in
845 3935 1068 3992 ecclesia
1092 3935 1313 3991 dixisset
1334 3933 1567 3988 Mensam
1593 3946 1714 3988 esse
1741 3930 1996 3987 furiarum

405 4033 637 4102 plenam.

475 4124 552 4180 5°.
581 4121 735 4189 Quod
779 4121 831 4175 in
874 4119 1097 4179 ecclesia
1137 4116 1413 4190 gloriando
1450 4115 1672 4172 dixisset
1703 4132 1818 4170 amo
1845 4125 1892 4170 et
1919 4117 1998 4170 in-

475 4308 572 4364 llie
598 4315 783 4362 notare
809 4306 1016 4361 videtur
1053 4304 1259 4360 initium
1292 4303 1521 4358 homilia:
1549 4303 1686 4357 illius
1714 4301 1997 4372 singularis

404 4413 561 4457 antea
591 4401 822 4463 ineditaa,
874 4415 1031 4470 quam
1066 4399 1267 4462 habuit,
1302 4407 1578 4468 postquam
1627 4395 1864 4451 Eudoxia
1896 4397 1998 4450 lm-

406 4491 674 4562 pcratrice
695 4490 986 4545 comitante
1015 4499 1067 4544 et
1109 4489 1329 4558 pedibus
1372 4490 1474 4542 iter
1514 4497 1702 4556 agente
1729 4486 1997 4556 Reliquias

411 4591 703 4654 martyrum
734 4581 1076 4636 transtulerat
1118 4581 1169 4634 in
1209 4580 1490 4635 ecclesiam
1537 4594 1725 4633 novem
1755 4579 1996 4633 milliari-

407 4675 506 4730 hus
544 4674 1003 4743 Constantinopoli
1031 4673 1338 4728 distantem.
1378 4671 1466 4726 Sic
1509 4672 1650 4726 enim
1681 4672 1730 4724 in
1773 4670 1995 4726 ecclesia

407 4766 494 4820 illa
541 4764 814 4820 homiliam
858 4764 1058 4833 incipit,
1113 4763 1245 4829 Quid
1297 4763 1482 4826 dicunt,
1526 4771 1574 4816 et
1614 4761 1736 4832 quid
1776 4761 1999 4832 loquar?

411 4855 631 4912 Exsulta
699 4860 749 4907 et
802 4852 1030 4907 insanio.
1065 4851 1141 4922 (Id
1170 4857 1488 4922 sequentem
1517 4849 1676 4904 etiam
1714 4853 1994 4908 articulum

406 4944 667 5018 respicit.)

476 5037 554 5092 6°.
583 5038 733 5104 Quod
759 5039 1028 5108 explicare
1067 5037 1279 5102 debeat,
1320 5054 1438 5110 qua:
1481 5037 1586 5092 sint
1615 5039 1719 5092 illze
1750 5037 1919 5104 furize,
1943 5047 1998 5093 et

405 5128 534 5199 quid
586 5129 688 5183 sibi
730 5131 857 5184 velit
904 5130 1053 5195 illud,
1103 5129 1316 5185 Exsulta
1357 5139 1405 5184 et
1452 5130 1650 5183 insanio
1683 5145 1702 5184 :
1729 5129 1824 5186 has
1853 5131 1994 5185 enim

409 5219 647 5276 Ecclesia
673 5235 832 5275 voces
861 5221 1087 5291 ignorat.

479 5312 556 5366 7°.
596 5311 749 5380 Quod
779 5312 1042 5368 licentiam
1075 5313 1440 5382 peccatoribus
1470 5311 1734 5380 praeberet
1774 5312 1993 5366 dicens:

417 5401 473 5457 Si
498 5403 678 5457 iterum
709 5404 944 5474 peccasti,
975 5406 1157 5458 iterum
1193 5406 1534 5476 paenitentiam
1558 5422 1672 5474 age,
1721 5416 1766 5460 et
1807 5405 1998 5475 quoties

407 5497 708 5566 peccaveris,
740 5497 852 5551 veni
878 5497 946 5551 ad
972 5514 1050 5551 me
1076 5514 1096 5553 :
1119 5507 1167 5553 et
1198 5516 1288 5571 ego
1327 5509 1375 5553 te
1401 5499 1608 5553 sanabo.

482 5589 561 5645 8°.
594 5590 747 5657 Quod
789 5591 844 5646 in
883 5592 1113 5647 ecclesia
1156 5592 1580 5664 blasphemasset
1620 5591 1824 5660 dicens,
1847 5591 1999 5648 Chri-

409 5689 549 5734 stum
583 5691 887 5749 precantem
913 5682 1032 5738 ideo
1053 5699 1156 5737 non
1187 5685 1494 5742 exauditam
1520 5684 1700 5752 fuisse,
1730 5683 1871 5757 quod
1892 5699 1998 5742 non

409 5780 469 5825 ut
489 5773 768 5842 oportebat
795 5784 1040 5846 precatus
1061 5785 1200 5831 esset

1465 325 1522 381 S.
1563 321 1842 380 JOANNiS
1879 317 2354 379 CIIIiYSOSTOIII
2403 323 2578 392 VITA,

2161 436 2240 492 9'.
2285 438 2439 509 Quod
2467 440 2533 496 ad
2562 439 2878 498 seditionem
2919 441 3172 514 populum
3215 441 3491 507 excitaret,
3527 444 3678 498 etizun

2088 533 2343 589 adversus
2375 535 2676 606 Synodum.

2161 625 2273 681 10°.
2304 626 2456 694 Quod
2508 627 2766 696 gentiles,
2815 618 2905 698 qui
2956 627 3121 682 multa
3170 625 3308 680 mala
3364 625 3683 681 Christianis

2091 716 2398 784 intulerant,
2431 719 2772 789 suscepisset,
2806 728 2860 774 et
2883 719 2934 773 in
2959 717 3184 774 ecclesia
3225 717 3482 773 retineret
3526 729 3684 786 atque

2089 806 2416 863 defenderet.

2163 899 2278 952 11°.
2322 898 2472 964 Quod
2505 898 2708 954 alienas
2752 898 3026 953 invaderet
3050 897 3371 968 provincias,
3403 907 3457 952 et
3486 898 3680 952 ibidem

2090 989 2374 1060 episc0pos
2410 990 2704 1044 ordinaret.

2164 1082 2277 1136 12°.
2309 1083 2461 1148 Quod
2489 1083 2771 1152 episcopos
2795 1083 3113 1137 contumelia
3148 1083 3404 1147 afficeret,
3431 1089 3486 1136 et
3522 1088 3684 1146 imq-

2090 1178 2258 1238 γάτους
2301 1171 2458 1241 (Haec
2507 1190 2606 1227 vox
2654 1175 2829 1228 vitiata
2883 1173 3121 1244 ridetur)
3170 1173 3380 1244 juberet
3431 1173 3621 1242 expelli
3651 1188 3683 1226 e

2091 1263 2252 1318 domo
2281 1279 2397 1319 sua.

2169 1358 2284 1412 15°.
2342 1358 2495 1424 Quod
2546 1359 2772 1414 clericos
2818 1360 3083 1416 inusitatis
3126 1359 3460 1415 contumeliis
3507 1358 3684 1414 allice-

2092 1459 2196 1506 ret.

2166 1544 2280 1599 14°.
2310 1544 2460 1612 Quod
2489 1544 2715 1598 aliorum
2743 1543 2984 1614 deposita
3019 1545 3070 1598 vi
3098 1555 3328 1614 raperet.

2169 1638 2281 1691 15°.
2313 1637 2463 1704 Quod
2493 1637 2608 1693 sine
2649 1647 2914 1694 conventu
2957 1647 3011 1694 et
3050 1649 3242 1709 prauer
3271 1639 3407 1694 Cleri
3437 1639 3680 1694 volunta-

2095 1737 2200 1783 tem
2233 1728 2592 1784 ordinationes
2617 1727 2834 1784 faceret.

2167 1820 2278 1876 16°.
2315 1821 2466 1888 Quod
2511 1820 2838 1891 Origenistas
2883 1821 3185 1890 reciperet,
3229 1820 3682 1876 communicantes

2095 1928 2226 1969 vero
2268 1929 2388 1968 cum
2435 1912 2696 1978 Ecclesia,
2743 1912 2952 1966 etiamsi
2997 1911 3456 1966 eommendatitias
3504 1912 3684 1966 literas

2097 2005 2372 2071 afferrent,
2405 2004 2456 2058 in
2499 2019 2771 2060 carcerem
2815 2004 3087 2073 conjectos
3129 2019 3233 2058 non
3283 2005 3533 2074 eriperet,
3577 2004 3683 2058 imo

2095 2095 2217 2151 illos
2262 2097 2317 2152 in
2343 2111 2559 2152 carcere
2601 2096 2890 2152 morientes
2920 2111 3024 2150 non
3056 2095 3326 2150 inviseret.

2166 2191 2280 2244 17".
2334 2189 2486 2256 Quod
2528 2189 2730 2244 alienos
2776 2203 2962 2244 servos
3013 2189 3248 2243 nondum
3289 2188 3681 2254 manumissos,

2095 2281 2204 2337 imo
2228 2282 2386 2336 etiam
2413 2292 2709 2347 accusatos,
2743 2283 3024 2352 episcopos
3053 2279 3370 2336 ordinasset.

2169 2374 2281 2430 18°.
2308 2373 2462 2440 Quod
2493 2374 2664 2443 ipsum
2683 2372 2937 2427 lsaaeium
2957 2373 3096 2427 male
3121 2387 3262 2441 saepe
3288 2373 3610 2427 muletasset.

2168 2466 2402 2521 Primmn
2431 2481 2558 2520 vero
2584 2475 2743 2535 caput
2767 2465 2834 2518 de
2861 2464 3065 2520 Joanne
3090 2463 3367 2530 Monacho,
3411 2464 3549 2533 quod
3573 2463 3683 2533 jam

2098 2569 2254 2613 antea
2285 2558 2641 2612 examinatum
2670 2557 2860 2624 fuerat,
2888 2557 3064 2612 denuo
3100 2566 3355 2611 excutere
3380 2556 3681 2611 noluerunt.

2097 2651 2199 2706 Sed
2242 2651 2309 2704 de
2335 2649 2572 2728 secundo
2599 2649 2741 2720 quod
2773 2665 2962 2718 nempe
3003 2649 3060 2704 S.
3087 2648 3416 2718 Epiphanius
3453 2665 3518 2703 eo
3543 2648 3684 2718 quod

2097 2743 2413 2814 Origcnistis
2440 2743 2662 2811 faveret,
2709 2758 2828 2798 eum
2857 2744 2948 2798 illo
2989 2744 3383 2798 communicare
3407 2742 3684 2806 noluisset,

2097 2838 2446 2910 perquisitunt
2496 2837 2624 2902 fuit;
2679 2838 3028 2907 similiterque
3075 2837 3141 2892 de
3183 2837 3430 2906 septimo,
3479 2837 3531 2890 in
3581 2849 3688 2904 quo

2099 2942 2244 2989 certe
2274 2931 2404 2987 nihil
2427 2947 2456 2985 a
2487 2931 2785 2986 Christiana
2817 2931 3093 3000 disciplina
3136 2930 3366 2985 alienum
3393 2928 3689 2999 deprehen-

2098 3025 2262 3080 ditur.
2309 3025 2384 3079 De
2439 3024 2598 3080 tertio
2641 3032 2826 3094 postea
2866 3034 3040 3079 actum
3087 3021 3205 3089 fuit,
3251 3023 3306 3077 in
3351 3037 3457 3093 quo
3500 3022 3690 3076 dicitur

2098 3117 2562 3190 (lhrysostomum,
2587 3117 2676 3188 qui
2703 3117 2851 3172 solus
2876 3116 3116 3187 quotidie
3153 3116 3476 3178 eomederet,
3506 3114 3689 3184 hospi-

2103 3209 2357 3264 talitatem
2389 3208 2663 3278 despicere
2691 3208 3003 3263 videretur:
3031 3217 3296 3277 testesque
3320 3206 3540 3262 adhibiti
3567 3216 3691 3261 sunt

2102 3299 2353 3354 Arsacias
2394 3299 2693 3371 presbyter,
2725 3299 2813 3369 qui
2845 3307 3027 3368 postea
3065 3298 3444 3369 Chrysostomo
3472 3312 3689 3352 succes-

2101 3390 2173 3445 sit
2222 3408 2236 3445 :
2285 3391 2521 3461 itemque
2577 3391 2784 3445 Atticus
2838 3398 2892 3444 et
2942 3389 3181 3458 Elpidius
3231 3388 3545 3458 presbyteri,
3598 3389 3689 3457 qui

2099 3483 2283 3537 nescio
2303 3482 2428 3551 quid
2457 3481 2580 3536 inde
2604 3480 2988 3536 criminationis
3012 3495 3200 3534 eruere
3222 3487 3522 3549 potuerunt,
3547 3478 3687 3546 quod

2101 3589 2294 3644 nempe
2321 3575 2516 3644 praesul
2547 3581 2655 3627 tam
2695 3571 3060 3642 frequentibus
3095 3570 3334 3640 corporis
3359 3569 3688 3639 aegritudini-

2101 3665 2200 3720 bus
2233 3665 2485 3720 laborans
2515 3663 2663 3718 solus
2687 3661 3009 3718 comederet.
3042 3662 3144 3731 Ipsi
3171 3676 3378 3730 quoque
3407 3676 3526 3714 cum
3554 3663 3691 3716 Aca-

2101 3755 2186 3810 cio
2216 3754 2532 3826 presbytero
2557 3753 2625 3808 de
2653 3763 2842 3822 quarto
2869 3753 3297 3806 criminationum
3325 3752 3518 3820 capite,
3546 3752 3688 3822 quod

2102 3861 2297 3916 nempe
2340 3845 2574 3900 Joannes
2616 3844 2668 3898 in
2723 3843 2946 3898 ecclesia
2995 3843 3242 3909 dixisset,
3288 3842 3524 3898 Mensam
3571 3859 3691 3899 esse

2103 3937 2364 3993 furiarum
2414 3937 2659 4006 plenam,
2705 3943 2868 3990 testes
2911 3934 3143 3990 fuerunt.
3187 3935 3474 4004 Postquam
3513 3946 3689 3989 autent

2104 4031 2221 4085 lucc
2245 4043 2465 4085 excussa
2498 4027 2666 4091 fuere,
2695 4026 2934 4096 praedicti
2965 4027 3281 4099 presbyteri,
3319 4038 3372 4081 et
3399 4043 3518 4082 cum
3561 4027 3688 4096 ipsis

2103 4122 2261 4177 etiam
2289 4118 2581 4174 Eudzrmon
2611 4126 2665 4173 et
2701 4117 3005 4186 Onesimus,
3038 4119 3355 4173 sententiam
3397 4118 3688 4174 accelerari

2102 4211 2454 4284 postularunt.

2173 4305 2300 4359 Hrec
2335 4314 2453 4359 aeta
2481 4319 2511 4358 a
2540 4301 2732 4359 Photio
2758 4301 2913 4356 allata
2959 4309 3018 4356 ut
3045 4312 3290 4371 suspecta
3323 4301 3498 4371 rejicit
3526 4302 3689 4356 Baro-

2103 4399 2254 4463 nius;
2287 4414 2474 4453 verum
2499 4413 2530 4453 a
2559 4397 2900 4464 Tillemontio
2934 4396 3158 4466 aliisque
3198 4396 3324 4450 viris
3366 4395 3689 4450 doctissimis

2097 4491 2220 4560 jure
2264 4489 2586 4560 exploditur.
2638 4491 2769 4544 Acta
2816 4487 2957 4542 enim
3003 4487 3090 4542 illa
3135 4503 3221 4543 res
3271 4495 3327 4541 ut
3371 4503 3494 4542 vere
3525 4495 3690 4557 gesta:

2102 4589 2227 4636 sunt
2253 4583 2549 4646 enuntiant,
2579 4592 2776 4635 etcum
2807 4579 3041 4634 Palladio
3067 4580 3117 4633 in
3147 4581 3393 4633 omnibus
3418 4579 3528 4634 fere
3557 4594 3687 4634 con-

2102 4673 2340 4729 sentiunt
2385 4690 2400 4728 :
2443 4674 2498 4727 in
2545 4673 2860 4744 quibusdam
2907 4672 3047 4726 enim
3099 4671 3258 4726 etiam
3308 4670 3526 4725 Palladii
3575 4684 3690 4724 arvo

2103 4766 2243 4820 circa
2270 4779 2360 4819 res
2387 4773 2443 4819 et
2481 4773 2596 4819 acta
2642 4763 2882 4833 qumdam
2910 4763 3072 4816 variae
3111 4770 3264 4815 erant
3305 4762 3601 4831 opiniones,
3634 4769 3691 4814 ut

2104 4858 2156 4912 in
2200 4857 2547 4928 sequentibus
2588 4857 2872 4911 videbitur.
2923 4858 3178 4910 Actorum
3228 4855 3388 4909 etiam
3432 4870 3459 4907 a
3501 4852 3691 4910 Photio

2105 4949 2494 5020 descriptorum
2525 4949 2806 5003 veritatem
2850 4949 3044 5019 probat.
3071 4948 3338 5002 accusatio
3369 4947 3454 5002 illa
3483 4948 3688 5018 quinta,

2103 5057 2207 5112 qua
2229 5040 2425 5095 dicitur
2456 5042 2508 5094 in
2537 5041 2798 5095 concione
2829 5041 3054 5110 quadam
3083 5039 3184 5092 hoc
3218 5039 3522 5108 protulisse.
3553 5040 3694 5093 insa-

2103 5135 2207 5187 m'o.
2255 5135 2384 5200 Qua:
2411 5148 2514 5187 vox
2561 5131 2786 5187 habetur
2810 5133 2959 5188 initio
2987 5131 3277 5195 concionis,
3309 5147 3465 5200 quam
3513 5131 3692 5186 habuit

2109 5223 2346 5278 Eudoxia
2391 5227 2628 5294 Augusta
2676 5233 2958 5292 prmsente,
3001 5239 3155 5294 quam
3196 5222 3510 5277 concionem
3555 5237 3690 5279 nunc

2105 5315 2335 5385 primum
2363 5315 2623 5369 edidimus
2649 5315 2710 5369 'I‘.
2738 5314 2851 5369 XII.

2176 5407 2257 5463 Ex
2283 5409 2416 5462 actis
2444 5409 2574 5477 ipsis
2619 5417 2887 5463 mutuatus
2928 5407 3146 5461 Pbotius
3191 5405 3472 5474 episcopos
3517 5403 3694 5476 Sync.

2105 5501 2231 5556 dum
2263 5501 2402 5555 illam
2433 5501 2819 5556 constituentes
2845 5499 3188 5570 quadraginta
3217 5498 3450 5568 quinque
3474 5513 3700 5554 numero

2106 5592 2272 5648 fuisse
2319 5593 2464 5647 dicit.
2516 5592 2712 5648 Verum
2762 5593 2896 5647 lides
2945 5594 3120 5662 potius
3175 5589 3413 5646 habenda
3461 5589 3704 5646 Palladio

2109 5683 2342 5757 (Pallad.
2373 5682 2565 5754 Dial.)',
2598 5684 2686 5753 qui
2718 5683 2927 5754 triginta
2949 5697 3040 5738 sex
3070 5692 3272 5737 tantum
3293 5679 3457 5735 fuisse
3484 5694 3604 5736 asse
3617 5699 3703 5738 ve-

2110 5781 2229 5843 rat;
2262 5775 2331 5831 ita
2371 5783 2428 5830 ut
2470 5774 2638 5844 major
2682 5783 2804 5830 tunc
2848 5774 3219 5846 episcoporum
3265 5785 3518 5847 numerus
3578 5788 3702 5830 cum
