4096 6392
445 389 550 445 205

446 478 1035 557 citlim’e'reconciliatus
1057 504 1176 558 est;
1205 501 1346 547 tanta
1371 491 1513 545 enim
1535 488 1841 544 eliminandi
1864 487 2026 542 Joan-

447 595 529 648 nis
553 588 802 662 cupidine
841 586 1150 650 tenebatur,
1191 593 1249 639 ιιι
1277 593 1469 638 ett-tera
1509 583 1686 636 oumia
1719 594 1902 652 parum
1931 593 2023 634 cu-

444 693 604 739 l’ilfOl.

517 771 779 828 Arcadius
816 769 1034 843 Synodo
1070 767 1347 836 rescripsit
1383 775 1438 821 et
1477 765 1696 820 Joannis
1734 763 2023 834 depositio-

445 879 569 920 nem
596 862 934 918 confirmavit
963 859 1160 934 (Phot.
1192 874 1279 912 ιιι
1299 900 1313 923 ,
1339 874 1404 912 1.x
1429 858 1468 928 ).
1493 857 1686 910 Verum
1715 855 1854 925 quod
1881 855 2022 909 lzeste

444 953 736 1023 majestatis
759 953 962 1008 crimen
991 958 1215 1019 spectat,
1247 965 1352 1003 nou
1377 947 1666 1002 attendisse
1693 945 1898 999 videtur
1919 944 2022 998 lm-

444 1055 692 1116 perator;
743 1044 871 1110 sed,
904 1043 1075 1113 inquit
1119 1042 1384 1097 Palladius
1433 1040 1452 1111 (
1482 1039 1690 1094 Pallad.
1729 1038 1931 1109 Dialog.
1963 1037 2018 1107 ),

446 1139 587 1193 Deus
619 1151 714 1192 cor
747 1135 865 1205 ejus
893 1135 1152 1190 emollivit
1179 1175 1195 1200 ,
1239 1142 1298 1188 ut
1331 1149 1424 1189 cor
1449 1133 1660 1187 leonum
1693 1132 2023 1186 emollivcrat

441 1243 565 1299 erga
595 1226 888 1282 Danielem.
930 1227 1056 1282 Haec
1081 1226 1301 1282 Joannis
1326 1225 1589 1296 depositio
1618 1225 1716 1279 sub
1744 1239 2019 1294 vesperam

439 1321 676 1377 nuntiata
717 1321 924 1376 fuerat:
951 1336 1058 1391 quo
1095 1329 1366 1388 comperto
1403 1320 1626 1389 populus
1659 1318 1725 1371 ad
1765 1317 2018 1387 gravissi-

439 1429 582 1469 mam
621 1414 938 1470 seditionem
976 1414 1235 1469 excitatus
1263 1421 1343 1465 est
1375 1429 1386 1464 :
1422 1421 1633 1482 totaque
1670 1419 1826 1464 nocte
1853 1425 2018 1464 excu-

438 1507 626 1561 bantes
650 1547 666 1572 ,
709 1520 832 1560 eum
858 1503 927 1559 ab
945 1503 1170 1560 ecclesia
1201 1502 1389 1557 adduci
1421 1518 1524 1556 non
1556 1502 1697 1570 passi
1725 1509 1853 1556 sunt
1875 1543 1890 1567 ,
1921 1500 2017 1556 sed

437 1612 650 1652 causam
673 1597 790 1665 ejus
816 1596 867 1650 in
896 1597 1095 1665 majore
1115 1595 1340 1650 concilio
1360 1593 1750 1662 dijudicaudam
1771 1608 1890 1648 esse
1910 1594 2020 1648 cla-

437 1689 670 1743 mabant.
701 1687 768 1742 Et
791 1703 912 1742 cum
942 1695 1188 1757 urgerent
1212 1688 1280 1752 ii,
1311 1687 1504 1756 quibus
1527 1685 1578 1740 id
1604 1686 1670 1740 ab
1699 1687 2019 1755 Imperatore

438 1777 742 1833 mandatum
779 1777 972 1841 fuerat,
996 1789 1053 1832 ut
1073 1793 1195 1832 eum
1223 1779 1274 1831 in
1295 1777 1542 1832 exsilium
1574 1777 1915 1842 abducerent,
1942 1777 2018 1831 illi

438 1869 852 1924 reluctabantur.

508 1961 895 2032 Chrysostomus
932 1962 984 2014 in
1027 1961 1259 2016 exsilium
1297 1960 1518 2014 ducitur.
1545 1991 1616 2003 --
1639 1960 1824 2031 Neque
1847 1961 2017 2030 jussui

443 2052 783 2122 Imperatoris
812 2052 910 2108 sibi
939 2052 1116 2106 statim
1143 2051 1586 2121 acquiescendum
1626 2053 1829 2121 putavit
1850 2050 2018 2122 Chry-

435 2152 706 2197 sostomus
732 2141 751 2213 (
774 2141 1034 2212 Chrysost.
1053 2147 1090 2192 t.
1119 2141 1171 2196 '5.
1202 2161 1250 2198 c.
1278 2141 1440 2209 £51);
1479 2141 1694 2196 nonnisi
1735 2142 1878 2198 enim
1900 2149 2018 2208 post

437 2235 656 2290 biduum
684 2249 744 2289 se
771 2235 834 2288 iis
863 2234 1074 2288 tradidit
1098 2274 1114 2298 ,
1151 2234 1244 2304 qui
1286 2250 1346 2289 se
1385 2235 1440 2288 in
1465 2234 1709 2290 exsilium
1736 2235 2016 2304 deportare

435 2325 708 2380 curabant.
739 2324 1036 2379 Excubanti
1063 2335 1240 2380 autem
1267 2334 1323 2379 et
1341 2340 1400 2380 se
1423 2327 1554 2382 tueri
1581 2328 1793 2380 conanti
1823 2327 2016 2396 populo

434 2416 728 2470 orationem
754 2415 954 2482 habuit,
979 2417 1154 2485 inqua
1176 2416 1365 2470 mirum
1389 2425 1638 2485 quantam
1658 2418 1817 2470 animi
1847 2417 2013 2471 lirmi-

435 2513 598 2561 tatem
622 2505 891 2572 exhibeat,
919 2521 1017 2561 nec
1043 2515 1268 2561 mortem
1303 2522 1361 2561 se
1387 2516 1623 2562 metuere
1646 2507 1774 2562 dicit
1805 2525 1818 2560 :
1850 2524 2017 2578 popu-

433 2596 650 2666 lumque
674 2597 914 2650 hortatur
934 2597 1000 2650 ad
1024 2597 1329 2666 patientiam
1358 2598 1408 2650 in
1432 2597 1672 2652 adversis
1695 2617 1708 2652 :
1728 2598 2014 2668 hostesque

434 2702 560 2740 suos
587 2687 795 2741 mordet
818 2687 1030 2741 acriter.
1056 2685 1176 2740 Non
1196 2688 1349 2752 enim,
1375 2687 1561 2757 inquit,
1586 2697 1789 2757 propter
1814 2689 2014 2744 divitias

437 2777 610 2830 mundi
643 2777 853 2831 insidias
879 2778 1044 2848 patior
1069 2793 1088 2830 :
1113 2777 1247 2847 quod
1265 2779 1309 2832 si
1333 2787 1456 2832 esset
1477 2819 1491 2846 ,
1523 2781 1692 2849 utique
1726 2780 2012 2836 contristari

433 2869 658 2922 deberent
682 2884 700 2923 :
729 2885 816 2922 nec
840 2879 1040 2939 prapter
1057 2869 1264 2939 aliquod
1288 2880 1562 2938 peccatum,
1586 2872 1673 2924 sed
1694 2881 1896 2940 propter
1919 2889 2010 2926 ca-

431 2961 632 3014 ritatem
654 3001 668 3024 ,
695 2977 846 3030 quant
884 2977 1002 3030 erga
1039 2975 1125 3013 nos
1149 2959 1304 3014 habeo
1335 2975 1352 3014 :
1381 2962 1498 3029 quia
1526 2963 1696 3015 omnia
1723 2979 1818 3033 ago
1843 2972 1898 3016 ut
1925 2979 2012 3018 vos

430 3051 707 3121 proﬁciatis
725 3094 738 3114 ,
765 3062 808 3104 et
836 3068 898 3106 ne
918 3053 1028 3122 quis
1053 3053 1358 3106 subintroeat
1387 3053 1454 3105 ad
1473 3055 1871 3108 conturbandum
1892 3072 2008 3126 gre-

429 3159 538 3213 gem
561 3144 680 3197 bene
699 3144 997 3208 institutum,
1023 3145 1109 3197 sed
1140 3153 1194 3196 ut
1228 3146 1562 3214 permaneatis
1601 3146 1655 3198 in
1693 3147 2010 3216 simplicitate

430 3233 567 3298 ﬁdei.
598 3232 721 3286 llarc
747 3244 821 3286 est
841 3249 997 3287 causa
1027 3234 1365 3304 periculorum
1390 3251 1614 3288 meorum
1638 3277 1652 3298 ,
1676 3245 1720 3287 et
1748 3239 1855 3291 Ιιωσ
1873 3239 2008 3307 suﬁi-

428 3322 564 3376 ciunt
589 3323 713 3375 ntihi
736 3325 802 3374 ad
821 3338 1078 3376 coronam.
1107 3324 1344 3378 Tandem
1374 3324 1604 3380 Joannes
1628 3326 1813 3380 videns
1839 3326 2008 3399 Impe-

429 3423 682 3480 ratorem,
705 3428 764 3468 se
791 3415 842 3466 in
863 3414 1109 3467 exsilium
1132 3415 1318 3468 abduci
1336 3415 1633 3484 jubentem,
1659 3417 1710 3469 in
1737 3419 2008 3487 proposito

428 3503 712 3573 persistere
732 3544 746 3568 ,
778 3505 935 3559 tertio
970 3514 1087 3574 post
1125 3505 1514 3560 damnationem
1545 3507 1632 3562 die
1659 3510 1798 3562 circa
1841 3511 2004 3564 meri-

429 3595 570 3648 diem
595 3594 736 3648 ultro
760 3609 819 3649 se
849 3596 962 3665 ipse
992 3595 1226 3660 tradidit,
1247 3598 1410 3652 inscia
1430 3599 1611 3667 populi
1635 3600 2003 3656 multitudine:

425 3687 646 3742 cavebat
682 3687 824 3742 enim
863 3703 931 3743 ne
970 3688 1136 3758 ipsius
1161 3704 1323 3744 causa
1369 3693 1621 3746 tumultus
1663 3694 2002 3748 excitaretur.

429 3779 519 3834 Sic
547 3779 612 3834 ab
643 3779 879 3834 Ecclesia
903 3781 1160 3849 expulsus
1194 3779 1426 3836 Joannes
1449 3821 1464 3847 ,
1507 3782 1697 3838 ductus
1735 3794 1816 3838 est
1842 3800 1873 3839 a
1901 3784 2008 3840 Co-

430 3871 560 3924 mite
599 3884 720 3924 cum
765 3871 978 3924 militari
1007 3887 1167 3925 manu
1193 3871 1258 3926 ad
1298 3873 1485 3928 navale
1509 3875 1560 3928 in
1587 3876 1724 3929 ostio
1747 3875 1900 3932 Ponti
1926 3877 2002 3931 si-

430 3971 540 4014 tum
566 4002 580 4025 ,
622 3961 761 4029 quod
795 3961 986 4015 Hieron
1016 3962 1275 4015 vocabant
1304 3977 1319 4026 ;
1367 3962 1493 4017 hinc
1533 3980 1659 4018 vero
1695 3966 1760 4019 ad
1785 3981 2003 4036 campos

431 4051 654 4106 l'rteneti
683 4051 944 4123 Bithynia:
966 4051 1225 4106 adductus
1253 4060 1356 4118 est,
1380 4054 1522 4123 quod
1559 4064 1676 4110 erat
1713 4071 1746 4112 e
1787 4058 2003 4128 regione

426 4140 768 4195 Nicomediaa.

499 4234 573 4287 Ita
612 4234 795 4303 pulsus
821 4234 1053 4291 Joannes
1085 4235 1282 4306 gratias
1321 4237 1510 4306 agebat
1552 4239 1698 4303 Deo,
1750 4240 1836 4295 illa
1881 4239 2000 4297 Jobi

426 4327 585 4383 verba
601 4337 845 4397 repetens
867 4328 884 4401 (
914 4328 1097 4400 Chrys.
1121 4339 1158 4383 t.
1178 4331 1230 4385 3.
1254 4347 1300 4383 c.
1319 4330 1444 4385 459.
1463 4329 1592 4398 441)
1608 4349 1621 4385 :
1638 4331 1886 4387 Dominus
1911 4334 2001 4387 de-

428 4422 500 4473 dit
531 4462 546 4485 ,
602 4420 851 4476 Dominus
874 4421 1118 4478 abstulit:
1147 4425 1273 4477 sicut
1301 4422 1518 4478 Domino
1547 4425 1770 4493 placuit,
1803 4428 1876 4479 ita
1919 4429 2001 4496 [a-

426 4523 563 4563 ctum
597 4520 672 4565 est
703 4527 722 4565 :
768 4513 833 4566 sit
879 4527 1061 4566 nomen
1101 4512 1306 4566 Domini
1347 4513 1654 4568 benedictum
1695 4516 1750 4570 in
1791 4519 1997 4571 swcula.

424 4600 594 4669 Quem
625 4601 677 4655 in
708 4602 881 4656 locum
911 4603 1170 4658 adductus
1197 4612 1342 4658 esset
1371 4605 1682 4673 ignorabant
1706 4607 1792 4661 vel
1817 4621 1998 4662 sacer-

421 4689 576 4745 dotes
603 4690 679 4746 illi
709 4690 903 4746 invidia
943 4693 1226 4757 excaecati,
1257 4693 1345 4762 qui
1389 4694 1488 4763 ipsi
1533 4694 1752 4750 insidias
1787 4707 1999 4751 struxe-

423 4790 576 4836 rant:
599 4781 738 4852 quod
766 4789 988 4837 curante
1012 4782 1308 4853 Theophilo
1333 4782 1528 4838 factum
1567 4801 1686 4842 esse
1715 4787 2000 4844 verisimile

419 4881 523 4929 est.
554 4871 882 4942 TheOphilus
909 4888 1055 4938 vero,
1086 4875 1177 4944 qui
1217 4873 1489 4946 Synodum
1518 4892 1666 4930 suam
1697 4877 1998 4933 Constanti-

425 4964 605 5034 nopoli
639 4965 912 5020 celebrare
951 4980 1114 5020 ausus
1156 4981 1262 5020 non
1305 4975 1418 5029 est,
1461 4977 1742 5038 postquam
1767 4969 2000 5026 Joannes

421 5057 606 5125 pulsus
631 5055 801 5111 fuerat
829 5056 848 5127 (
877 5055 1071 5110 Ibidem
1099 5058 1136 5126 ),
1167 5057 1218 5112 in
1259 5058 1443 5114 urbem
1498 5059 1712 5114 intravit
1738 5071 1897 5132 atque
1942 5063 1999 5118 in

419 5147 697 5202 ecclesiam
727 5148 874 5203 venit
893 5163 1014 5202 cum
1040 5150 1259 5204 asseclis
1283 5150 1413 5204 suis.
1436 5151 1492 5205 Si
1520 5151 1652 5207 tides
1678 5153 1746 5206 sit
1771 5152 1998 5224 Georgio

419 5236 780 5292 Alexandrino
803 5279 818 5301 ,
862 5237 1211 5293 barbarorum
1238 5239 1330 5294 ille
1354 5255 1504 5296 more
1532 5256 1652 5295 cum
1682 5243 1997 5299 satellitibus

419 5331 530 5384 suis
555 5330 786 5384 intravit.
808 5327 942 5396 Quia
970 5345 1095 5386 vero
1121 5331 1279 5386 minae
1300 5334 1492 5400 szepius
1532 5332 1749 5388 intenta:
1776 5349 1878 5388 non
1905 5350 1999 5404 po-

419 5430 594 5476 terant
634 5421 885 5490 populum
915 5421 1104 5477 sedare
1129 5461 1144 5486 ,
1173 5422 1308 5491 pulsi
1336 5422 1554 5478 Joannis
1578 5439 1860 5480 maerorem
1891 5441 1998 5481 non

417 5513 697 5578 ferentem,
721 5513 914 5567 violata
941 5513 1038 5567 fuit
1061 5515 1356 5569 reverentia
1379 5516 1619 5571 ccclesiis
1637 5516 1835 5572 debita.
1861 5517 1997 5575 Cum

416 5607 562 5660 enim
602 5605 955 5675 Imperatores
993 5608 1045 5661 in
1087 5608 1199 5663 tunc
1231 5618 1411 5663 sancta
1437 5610 1583 5678 pacis
1607 5611 1719 5666 loca
1739 5654 1755 5678 ,
1786 5614 1996 5669 nonnisi

423 5697 610 5764 positis
639 5699 801 5752 armis
828 5713 891 5752 ac
916 5698 1213 5755 diademate
1251 5701 1453 5770 ingredi
1492 5701 1759 5770 solerent;
1793 5714 1916 5758 tunc
1944 5705 1996 5760 in

419 5789 670 5847 ecclesias
693 5790 915 5864 ingrcssi
943 5803 1064 5847 sunt
1091 5793 1420 5851 inimicorum
1451 5795 1634 5864 instar,
1664 5798 1850 5853 armati
1882 5798 1996 5854 telis

1498 322 1554 432 Si.
1587 373 1864 431 JOANNIS
1900 369 2366 427 CHRYSOSTOMI
2411 370 2590 439 Vl’l‘A,

3610 373 3716 430 90}

2129 492 2183 537 et
2214 483 2392 538 clavas
2424 493 2713 554 gestantes,
2746 482 3106 553 populumque
3129 498 3195 538 ex
3225 483 3467 540 ecclesiis
3489 483 3711 553 depule-

2129 584 2289 640 runt,
2320 574 2410 644 qui
2439 575 2686 644 patientia
2712 584 2767 629 et
2808 576 3053 645 precibus
3079 585 3278 630 tantum
3315 576 3528 630 illorum
3565 577 3704 630 furo-

2127 679 2243 719 rem
2260 679 2601 736 compescere
2618 666 2918 735 studebant,
2936 676 2990 723 et
3011 675 3184 722 tamen
3203 669 3567 739 baptisterium
3591 685 3708 724 san-

2126 754 2285 825 guine
2314 755 2390 809 illi
2415 755 2836 826 compleverunt.

2197 846 2327 900 Cum
2371 848 2449 902 sic
2486 849 2835 904 abduceretur
2871 849 3140 918 Joannes,
3181 851 3271 906 ubi
3305 866 3417 907 rem
3456 853 3685 922 cognovi

2127 939 2351 1006 p0pulus
2370 979 2385 1004 ,
2415 940 2719 995 tumultuari
2745 943 2928 1011 οωρίι,
2954 954 3007 997 et
3035 942 3412 1012 Imperatorem
3441 953 3700 1015 totamque

2126 1030 2396 1100 Synodum
2416 1073 2432 1098 ,
2470 1034 2838 1103 praecipueque
2868 1034 2908 1088 Τ
2913 1034 3222 1102 bc0philum
3252 1044 3306 1090 ct
3335 1036 3701 1101 Severianum,

2126 1123 2420 1179 maledictis
2463 1126 2681 1195 appetiit
2729 1124 2748 1199 (
2788 1125 2936 1181 Socr.
2981 1128 3018 1180 Ι.
3051 1126 3104 1181 6.
3151 1144 3197 1180 c.
3228 1129 3312 1182 l7.
3347 1128 3552 1184 Sozam.
3583 1129 3622 1182 l.
3649 1129 3702 1184 8.

2124 1231 2171 1268 c.
2199 1216 2267 1271 l8
2291 1214 2332 1288 ).
2360 1218 2532 1272 Ambo
2559 1219 2702 1273 enim
2733 1219 3039 1274 insidiarum
3072 1221 3123 1274 in
3154 1231 3393 1276 sanctum
3424 1223 3701 1291 praesulem

2123 1317 2367 1363 auctores
2411 1326 2530 1364 esse
2583 1309 2910 1366 ferebantur.
2964 1312 3284 1367 Severianus
3329 1329 3456 1370 vero
3491 1330 3611 1368 cum
3649 1315 3701 1369 iu

2123 1401 2346 1456 ecclesia
2381 1416 2478 1473 per
2516 1401 2570 1457 id
2609 1411 2815 1472 tempus
2845 1419 3146 1458 sermonem
3185 1404 3443 1474 haberet,
3487 1415 3700 1462 senten-

2126 1495 2274 1562 tiam,
2309 1511 2412 1566 qua
2437 1495 2670 1552 Joannes
2697 1497 2968 1567 depositus
2998 1497 3186 1562 fuerat,
3219 1498 3469 1562 laudavit,
3497 1510 3555 1553 ut
3577 1514 3704 1554 con-

2123 1593 2204 1641 tra
2231 1585 2498 1642 hominem
2545 1599 2882 1658 arrogantem
2923 1588 3084 1643 latam
3111 1628 3126 1655 ,
3164 1590 3372 1644 etiamsi
3414 1605 3521 1644 non
3557 1591 3698 1646 aliud

2121 1677 2326 1732 crimen
2352 1677 2509 1746 objici
2538 1687 2738 1747 posset.
2766 1679 2970 1735 Caetera
2995 1679 3137 1734 enim
3164 1679 3376 1746 delicta,
3409 1681 3697 1751 inquiebat,

2124 1769 2264 1824 Deus
2296 1769 2601 1826 hominibus
2632 1773 2873 1837 remittit,
2897 1773 3141 1842 superbis
3170 1781 3346 1828 autem
3377 1775 3597 1830 resistit.
3625 1775 3697 1828 Ea

2122 1876 2248 1915 vero
2268 1861 2334 1916 de
2353 1877 2510 1918 causa
2536 1865 2758 1933 populus
2783 1864 3081 1934 indignatus
3105 1867 3157 1919 in
3181 1867 3543 1937 majoremque
3567 1867 3698 1922 iram

2119 1953 2415 2008 concitatus
2452 1961 2553 2008 est.
2597 1954 2778 2024 Neque
2820 1956 3041 2010 ulterius
3080 1971 3111 2010 a
3157 1957 3417 2012 seditione
3463 1959 3698 2014 revocari

2123 2055 2348 2115 poterat,
2369 2045 2461 2100 sed
2480 2056 2534 2101 et
2559 2047 2611 2101 in
2640 2048 2878 2103 ecclesiis
2903 2049 3030 2118 ipsis
3046 2058 3099 2104 et
3132 2050 3184 2102 in
3203 2048 3320 2104 foro
3351 2051 3702 2106 tumultuaba-

2119 2144 2226 2191 tur.
2253 2136 2443 2206 lugens
2467 2153 2595 2193 vero
2625 2140 2801 2209 populi
2827 2140 2980 2194 turba
3006 2141 3074 2196 ad
3099 2141 3354 2209 Palatium
3380 2144 3619 2212 perrexit
3644 2153 3698 2199 et

2120 2226 2498 2297 Imperatorem
2538 2229 2819 2300 deprecata
2868 2241 3030 2289 estut
3070 2232 3172 2288 sibi
3217 2245 3484 2303 pastorem
3542 2251 3696 2291 suum

2118 2321 2442 2374 restitueret.

2187 2409 2272 2464 Ea:
2295 2421 2440 2466 terra:
2463 2423 2600 2466 motu
2625 2412 3007 2484 Chrysostomus
3033 2427 3313 2471 revocatur.
3330 2449 3397 2457 —
3414 2418 3558 2474 Inter
3581 2418 3696 2476 btec

2115 2509 2292 2554 autem
2317 2501 2502 2557 Palatii
2527 2503 2827 2558 cubiculum
2857 2520 3173 2560 concussum
3201 2517 3300 2572 est,
3327 2517 3380 2562 et
3401 2517 3557 2564 terra:
3581 2525 3697 2565 mo-

2118 2599 2202 2644 tus
2237 2607 2459 2662 magnus
2491 2594 2673 2647 urbem
2703 2598 2976 2663 quassavit
3014 2595 3254 2668 (Pallad.
3286 2597 3426 2653 Dial.
3457 2597 3691 2653 Theodo-

2114 2691 2209 2734 ret.
2231 2680 2269 2736 ι.
2295 2683 2348 2736 ὃ.
2377 2700 2420 2736 c.
2437 2681 2550 2755 3i).
2573 2685 2688 2752 Quo
2715 2685 2908 2740 factum
2933 2696 2987 2741 ut
3012 2690 3289 2756 perterrita
3309 2690 3562 2758 Eudoxia,
3587 2690 3692 2745 ltu-

2114 2782 2360 2840 peratore
2387 2775 2546 2830 etiam
2570 2785 2858 2843 annuente,
2885 2779 3082 2847 populo
3107 2781 3488 2848 conclamante,
3511 2783 3578 2838 de
3603 2800 3690 2838 re-

2115 2867 2352 2922 vocando
2385 2865 2591 2921 Joanne
2629 2875 2883 2922 statutum
2921 2869 3098 2925 fuerit.
3141 2869 3340 2926 Eadem
3384 2873 3494 2940 ipsa
3538 2885 3692 2930 nocte

2113 2959 2352 3014 Eudoxia
2376 2959 2581 3014 litteras
2604 2959 2672 3014 ad
2695 2959 2951 3014 Joannem
2981 2962 3143 3025 misit,
3166 2978 3388 3031 quarum
3415 2966 3686 3019 exordium

2113 3050 2201 3105 ille
2230 3049 2392 3105 refert
2416 3050 2435 3121 (
2461 3050 2646 3122 Chrys.
2671 3061 2709 3105 t.
2737 3051 2792 3106 5.
2813 3066 2861 3105 ε.
2889 3051 3554 3125 445.ι.40);Νεατὸὶενειιιν
3582 3073 3690 3109 san.

2110 3143 2256 3195 ctitas
2285 3150 2389 3207 tua,
2414 3141 2600 3211 inquit,
2632 3159 2711 3196 me
2735 3142 2827 3197 illa
2847 3143 3040 3197 novisse
3057 3159 3170 3213 qua:
3194 3153 3332 3215 gesta
3356 3154 3473 3199 sunt
3497 3160 3517 3199 :
3545 3149 3690 3199 inuo-

2112 3250 2226 3286 ceus
2243 3249 2332 3304 ego
2349 3249 2458 3287 sum
2480 3250 2511 3284 a
2527 3233 2772 3304 sanguine
2795 3243 2902 3288 tuo.
2933 3233 2958 3287 1
2967 3235 3163 3303 mprobi
3190 3245 3235 3289 et
3262 3237 3447 3306 perditi
3466 3237 3688 3290 homines

2111 3325 2240 3378 hanc
2265 3334 2493 3379 struxere
2511 3325 2816 3378 machinam.
2847 3325 2900 3378 Μ
2906 3342 3078 3378 earum
3102 3325 3443 3396 lacrymarum
3464 3327 3597 3382 testis
3616 3337 3687 3380 est

2110 3414 2266 3479 Deus,
2283 3417 2364 3468 cui
2379 3432 2524 3468 sacra
2539 3416 2692 3486 facio.
2709 3417 2887 3486 Pergit
2908 3431 3033 3471 vero
3054 3417 3463 3487 Chrysostomus
3485 3434 3498 3470 :
3521 3418 3686 3486 Quam

2109 3505 2396 3560 libationem
2420 3505 2644 3572 eﬂ‘udit?
2673 3507 2913 3576 lacryma:
2939 3509 3048 3578 ejus
3079 3507 3250 3561 libatio
3279 3519 3438 3561 erant.
3466 3506 3561 3563 Cui
3596 3525 3686 3562 sa-

2107 3610 2198 3650 cra
2224 3593 2380 3649 facio.
2410 3595 2662 3650 Sacerdos
2691 3597 2781 3650 illa
2813 3613 2991 3667 nempe
3009 3637 3024 3660 ,
3062 3614 3150 3667 per
3175 3598 3388 3667 seipsant
3411 3599 3643 3652 ordinata
3667 3641 3682 3665 ,

2106 3701 2220 3756 qua:
2249 3684 2357 3739 Deo
2391 3685 2627 3752 oﬁ'erebat
2661 3687 2910 3756 lacrymas
2933 3728 2948 3752 ,
2979 3688 3340 3759 confessionem
3368 3697 3414 3742 et
3441 3689 3684 3758 paeniten-

2107 3777 2248 3843 tiam,
2278 3793 2378 3831 non
2407 3794 2498 3846 pro
2531 3778 2819 3842 sacerdote,
2845 3779 2933 3831 sed
2958 3795 3050 3847 pro
3080 3777 3343 3844 Ecclesia,
3380 3796 3471 3850 pro
3497 3783 3684 3851 populo

2107 3871 2350 3938 disperso.
2389 3867 2586 3922 Memor
2624 3879 2755 3922 certe
2791 3879 2898 3923 erat
2933 3881 2981 3924 et
3023 3871 3245 3939 ﬁliorum
3271 3881 3318 3925 et
3347 3873 3682 3943 baptismatis.
3735 3911 3740 3916 ς

2106 3959 2379 4014 Recordor
2407 3973 2503 4028 per
2527 3974 2716 4013 manus
2747 3968 2861 4014 tuas
2890 3960 3028 4014 lilios
3053 3975 3202 4015 meos
3241 3959 3404 4016 fuisse
3442 3962 3680 4032 baptiza-

2107 4059 2209 4105 tos.
2246 4049 2372 4104 Haec
2413 4049 2746 4119 Imperalrix.
2785 4049 2920 4104 Hinc
2957 4050 3044 4104 illa
3089 4051 3468 4120 Imperatorem
3510 4053 3676 4120 adiit,

2104 4141 2325 4212 ejusque
2353 4150 2525 4218 genua
2562 4141 2813 4210 tangebat
2841 4158 2963 4196 eum
2995 4143 3242 4212 lacrymis
3273 4143 3593 4213 obsecrans,
3625 4159 3679 4200 ut

2105 4232 2433 4288 sacerdotem
2463 4241 2736 4288 revocaret
2767 4250 2782 4286 :
2815 4231 2976 4286 Nulla
3006 4234 3147 4288 nobis
3167 4274 3184 4301 ,
3223 4234 3526 4304 inquiebat,
3567 4253 3681 4307 spes

2103 4323 2315 4395 Imperii
2341 4335 2585 4395 superest,
2617 4325 2713 4379 nisi
2737 4326 2904 4395 ipsum
2930 4324 3246 4379 reducamus.
3272 4325 3419 4380 Illam
3442 4341 3568 4381 vero
3587 4343 3659 4381 vo

2102 4426 2189 4471 cat
2213 4413 2622 4487 Cltrysostomus
2647 4425 2867 4469 matrem
2895 4415 3271 4483 Ecclesiarum,
3300 4417 3538 4472 altricem
3565 4433 3664 4472 mo

2103 4508 2414 4576 nachorum,
2444 4515 2748 4563 sanctorum
2776 4515 3070 4576 patronam,
3103 4521 3389 4577 pauperum
3414 4508 3678 4567 baculum.

2103 4600 2212 4656 llas
2234 4616 2392 4671 porro
2409 4599 2592 4654 laudes
2611 4598 3006 4664 Tillemontius,
3024 4615 3055 4654 a
3077 4598 3305 4670 Georgio
3319 4601 3678 4656 Alexandrino

2102 4691 2356 4762 deceptus
2377 4731 2394 4758 ,
2423 4690 2571 4761 quasi
2601 4690 2670 4744 ab
2695 4689 2935 4744 Eudoxia
2961 4689 3130 4746 dictas
3170 4691 3222 4746 in
3258 4690 3478 4746 Joannis
3508 4694 3677 4748 hono-

2101 4797 2236 4848 rem,
2267 4781 2366 4852 ipsi
2393 4780 2588 4836 Joanni
2616 4781 2818 4848 tribuit,
2841 4797 2946 4836 non
2970 4780 3398 4838 animadvertens
3421 4783 3488 4838 ad
3513 4783 3676 4840 Joan-

2102 4888 2224 4928 nem
2251 4889 2356 4926 non
2377 4871 2642 4942 quadrare
2669 4871 2820 4940 illud,
2852 4871 3071 4927 Matrem
3099 4871 3440 4928 Ecclesiarum
3463 4873 3675 4946 (Chrys.

2102 4973 2141 5019 ι.
2172 4967 2227 5021 3.
2253 4980 2301 5018 c.
2328 4963 2453 5022 446.
2476 4963 2513 5018 ι.
2541 4961 2651 5034 t5).

2174 5057 2506 5127 Theophilus
2520 5074 2666 5126 vero,
2685 5059 2796 5130 qui,
2819 5067 2954 5115 teste
2973 5059 3206 5115 Palladio
3229 5057 3471 5132 (Pallad.
3486 5060 3676 5132 Dial.),

2101 5147 2355 5205 diaconos
2376 5148 2532 5217 duos,
2561 5165 2786 5220 quorum
2813 5151 2950 5205 alter
2980 5151 3280 5217 homicidii,
3309 5151 3447 5207 alter
3464 5151 3676 5208 adulte-

2102 5242 2166 5296 rii
2195 5256 2352 5296 causa
2376 5239 2600 5310 depositi
2629 5239 2857 5306 fuerant,
2889 5241 2940 5295 in
2969 5241 3248 5311 pristinum
3271 5242 3489 5312 gradum
3517 5243 3677 5298 restio

2103 5344 2296 5401 tuerat,
2314 5335 2423 5405 jam
2447 5343 2578 5390 teste
2594 5333 2822 5405 Georgio
2846 5333 3205 5388 Alexandrino
3233 5335 3285 5388 in
3314 5335 3486 5392 locum
3511 5335 3673 5391 Joan-

2103 5427 2185 5480 nis
2213 5425 2280 5479 ab
2318 5439 2377 5480 se
2419 5423 2658 5494 improbe
2685 5423 2912 5493 depositi
2937 5464 2952 5488 ,
2983 5425 3143 5477 alium
3171 5426 3477 5496 episc0pum
3507 5426 3673 5482 dt'Sli-

2103 5525 2322 5574 naverat
2368 5524 2421 5572 et
2450 5517 2817 5572 nominaverat
2834 5557 2851 5584 ,
2881 5524 2938 5571 et
2971 5517 3283 5586 rescriptum
3310 5532 3374 5572 ea
3398 5517 3466 5572 de
3490 5533 3549 5573 re
3576 5518 3674 5572 ha-

2103 5611 2260 5666 bebat
2286 5625 2451 5682 penes
2473 5624 2552 5676 se,
2577 5609 2661 5665 cui
2688 5608 3118 5680 subscripserunt
3139 5609 3348 5679 plurimi
3372 5610 3674 5667 Constanti-

2103 5703 2392 5773 nopolitani
2418 5701 2671 5772 episcopi.
2698 5702 2767 5756 At
2785 5717 2889 5756 non
2917 5701 3154 5771 permisit
3181 5703 3320 5760 Deus
3341 5745 3354 5769 ,
3375 5703 3671 5775 improbum

2103 5795 2402 5868 hujusmodi
2432 5795 2745 5867 rescriptum
2775 5794 2826 5851 in
2853 5795 3025 5852 lucem
3056 5795 3285 5866 prodire.
