4096 6392
396 407 499 462 205

468 525 710 592 negante
726 522 901 591 itaque
922 518 1176 584 Eudoxia,
1192 519 1484 587 Imperator
1499 517 1697 585 legatos
1718 515 1860 568 misit
1884 515 1974 583 qui

402 611 659 666 Joannem
690 611 1041 675 reducerent,
1071 618 1125 664 et
1141 609 1406 663 civitatem
1433 606 1665 676 periculo
1693 605 1977 659 liberarent

402 702 569 775 (Socr.
595 702 632 756 ι.
660 702 711 757 6.
736 719 783 757 c.
808 702 893 756 16.
928 701 1190 757 SozomJ.
1208 700 1260 755 8.
1280 716 1326 752 c.
1346 700 1459 769 18).
1486 698 1613 751 Post
1641 697 1736 751 hos
1758 696 1976 751 secundi

398 793 540 846 missi
556 801 697 858 sunt,
722 800 777 846 et
816 801 935 861 post
962 790 1223 846 secundos
1259 789 1421 853 tertii,
1442 790 1511 842 ita
1538 797 1595 841 ut
1614 787 1880 856 Bosporus
1900 786 1976 839 le-

396 895 634 951 gatorum
693 881 1030 935 multitudine
1097 880 1413 952 operiretur.
1468 878 1557 933 Sic
1610 875 1976 931 Theodoretus

396 973 466 1043 (ι.
500 973 554 1027 5.
574 989 621 1027 c.
655 972 769 1043 51).
790 972 981 1026 Verum
1014 971 1260 1026 Socrates
1294 980 1349 1025 et
1381 971 1705 1023 Sozomenus
1733 967 1977 1022 hzectan-

398 1075 506 1117 tum
525 1062 704 1117 dicunt
730 1081 741 1115 :
766 1062 1056 1131 Imperator
1075 1077 1195 1115 eum
1215 1060 1493 1115 celerrime
1514 1060 1750 1113 revocari
1791 1058 1969 1126 jussit.

396 1154 584 1207 Missus
615 1154 771 1221 igitur
799 1154 950 1207 Briso
978 1156 1227 1222 Augustae
1262 1150 1553 1216 eunuchus,
1604 1149 1824 1204 offendit
1851 1164 1973 1203 eum

397 1244 639 1303 Prteneti,
658 1244 797 1313 quod
820 1244 1112 1313 emporium
1135 1251 1299 1297 estex
1322 1241 1544 1295 adverso
1565 1238 1883 1293 Nicomedize
1904 1238 1974 1291 si-

395 1342 593 1400 tum,et
612 1332 1100 1401 ConstantinOpolin
1128 1332 1301 1385 redire
1323 1331 1488 1399 jubet.
1518 1330 1575 1383 Id
1597 1345 1714 1382 cum
1740 1329 1975 1382 novisset

396 1425 641 1494 populus,
666 1435 721 1478 ut
742 1425 947 1478 obviam
972 1425 1043 1477 illi
1068 1422 1396 1494 procederet,
1417 1422 1607 1475 ostium
1630 1420 1968 1488 Propontidis

412 1519 631 1588 navigiis
661 1518 879 1571 obtexit.
910 1518 995 1571 Sic
1026 1516 1285 1569 innumeri
1306 1516 1355 1568 in
1378 1528 1654 1568 occursum
1674 1513 1786 1581 ejus
1813 1526 1972 1565 vene-

396 1616 537 1673 runt,
565 1622 748 1661 cereas
802 1608 942 1661 faces
986 1607 1346 1676 prteferentes.
1377 1604 1449 1656 lta
1494 1602 1657 1657 redux
1702 1601 1966 1663 Joannes,

392 1698 566 1750 statim
585 1700 808 1766 negabat
830 1712 886 1750 se
906 1698 954 1749 in
976 1697 1157 1749 urbem
1178 1696 1534 1763 ingressurum
1553 1708 1690 1754 esse,
1707 1693 1805 1745 nisi
1828 1692 1970 1759 prius

395 1787 445 1840 in
473 1788 672 1855 majore
721 1787 955 1856 judicum
979 1802 1237 1841 consessu
1272 1788 1524 1838 innocens
1564 1784 1965 1837 deelararetur:

393 1879 445 1931 in
469 1878 795 1943 suburbano,
820 1876 957 1946 quod
980 1875 1226 1929 Mariana:
1242 1875 1436 1929 dicitur
1458 1874 1811 1943 (Sozomenus
1829 1873 1970 1926 Ana-

393 1970 535 2037 plum
551 1971 747 2038 vocat),
765 1969 1016 2030 substitit,
1033 1968 1209 2036 ibique
1230 1966 1576 2019 mansit.Cnm
1593 1974 1769 2018 autem
1792 1977 1968 2017 moras

392 2067 648 2125 necteret,
678 2074 849 2128 neque
878 2058 1076 2127 ingredi
1103 2059 1280 2117 vellet,
1306 2056 1455 2125 plebs
1479 2056 1529 2109 in
1554 2055 1965 2125 indignationem

393 2151 647 2220 prorupit,
687 2152 971 2220 statimque
998 2151 1048 2203 in
1094 2150 1236 2219 ipsos
1286 2150 1639 2217 Imperatores
1686 2147 1966 2201 maledicta

392 2242 681 2311 congessit.
713 2241 939 2310 Ideoque
981 2240 1391 2309 Chrysostomus
1437 2240 1488 2293 in
1536 2240 1717 2293 urbem
1764 2238 1967 2307 ingredi

391 2342 604 2386 coactus
625 2341 726 2396 est,
752 2332 960 2384 obviam
1004 2330 1076 2383 illi
1110 2331 1251 2384 venit
1276 2329 1554 2383 multitudo
1584 2329 1741 2398 vulgi,
1769 2337 1822 2381 et
1846 2343 1965 2381 cum

389 2439 595 2476 summa
632 2424 923 2477 reverentia
957 2422 1007 2475 in
1036 2422 1315 2475 ecclesiam
1341 2420 1575 2481 deducit,
1607 2434 1766 2473 orans
1794 2427 1849 2472 ut
1870 2432 1967 2487 pro

392 2530 537 2568 more
581 2528 678 2568 suo
725 2514 776 2566 in
824 2511 1109 2582 epise0pali
1157 2511 1405 2565 eathedra
1446 2511 1648 2573 sedeat,
1692 2520 1745 2563 et
1782 2522 1966 2577 pacem

391 2604 583 2674 populo
609 2613 944 2673 apprecetur.
974 2601 1102 2655 Cum
1146 2611 1415 2655 recusaret
1460 2602 1547 2656 ille
1572 2615 1633 2654 ac
1661 2600 1883 2665 diceret,
1912 2599 1964 2653 id

391 2697 627 2765 judicum
669 2696 883 2750 decreto
929 2695 1040 2747 ﬁeri
1077 2709 1207 2762 opus
1240 2708 1388 2757 esse,
1417 2701 1469 2745 et
1505 2702 1751 2761 oportere
1780 2699 1838 2745 ut
1885 2691 1966 2745 iia

391 2788 579 2859 quibus
614 2787 995 2842 condemnatus
1019 2784 1208 2847 fuerat,
1234 2784 1401 2852 ipsum
1433 2782 1768 2836 absolverent
1797 2799 1809 2833 :
1840 2792 1966 2834 tunc

393 2883 615 2949 populus
645 2881 809 2949 magis
838 2879 1106 2946 magisque
1127 2877 1420 2929 concitatus
1446 2876 1614 2941 ipsum
1648 2872 1966 2925 concinnan-

395 2985 496 3024 tctn
542 2971 718 3024 videre
770 2970 985 3023 omnino
1027 2967 1225 3032 voluit,
1272 2975 1326 3019 et
1348 2966 1578 3018 Joannes
1620 2964 1719 3032 ipsi
1760 2977 1963 3015 morem

394 3080 579 3133 gerere
601 3073 814 3118 οοεοιυε
839 3072 939 3117 est.

463 3156 641 3211 Redua:
666 3156 1042 3225 Chrysostomus
1065 3152 1311 3205 orationes
1330 3151 1457 3202 duas
1482 3149 1780 3203 Imbet.—-ln
1799 3149 1967 3203 eccle-

392 3251 468 3302 εἰη
493 3260 667 3303 autem
698 3248 1091 3317 Apostolorum,
1125 3245 1175 3298 in
1202 3259 1357 3312 quam
1399 3252 1522 3296 tunc
1555 3244 1821 3312 ingressus
1860 3250 1961 3308 est,

393 3340 701 3394 concionem
742 3337 1150 3407 extemporalem
1179 3344 1232 3388 et
1262 3334 1626 3387 brevissimam
1673 3333 1855 3385 habuit
1899 3332 1964 3386 ad

395 3433 659 3501 populum,
686 3431 773 3484 ubi
805 3431 910 3483 Deo
937 3427 1202 3481 multoties
1230 3426 1516 3485 benedixit,
1535 3435 1586 3478 et
1604 3424 1737 3478 hanc
1758 3440 1962 3489 vocem,

394 3521 689 3575 Benedictus
740 3519 902 3585 Deus,
951 3518 1253 3586 frequenter
1293 3515 1649 3585 pronuntiavit
1678 3515 1961 3585 (Chrysosf.

395 3621 434 3662 t.
474 3623 519 3666 ί.
560 3610 707 3676 459)
765 3629 778 3663 z
829 3611 1058 3679 dicitque
1102 3609 1344 3661 inimicos
1385 3623 1510 3661 suos
1552 3618 1815 3659 amatores
1864 3607 1963 3660 sibi

395 3705 588 3757 multos
634 3703 999 3758 conciliavisse
1037 3704 1301 3769 etiamque
1329 3699 1560 3763 Judaeos,
1592 3699 1729 3767 quod
1760 3707 1811 3751 et
1833 3699 1965 3751 infra

398 3795 603 3861 repetit.
634 3795 709 3847 Ac
740 3794 807 3847 de
836 3802 981 3846 tanta
1013 3792 1347 3845 multitudine
1374 3790 1627 3860 gaudens,
1648 3790 1824 3841 laztitia
1845 3804 1966 3857 per-

399 3888 541 3942 fusus
584 3888 749 3943 dicit:
788 3888 952 3940 Hodie
995 3888 1240 3940 circenses
1280 3895 1413 3949 sunt,
1441 3893 1484 3936 et
1511 3899 1655 3936 nemo
1700 3883 1856 3943 adest,
1884 3881 1970 3933 sed

397 3998 564 4034 omnes
604 3982 655 4033 in
696 3982 954 4033 ecclesiam
1001 3996 1088 4033 ceu
1142 3989 1380 4032 torrentes
1422 3978 1789 4046 conﬂuxerunt.
1820 3974 1888 4028 Se
1918 3975 1967 4026 in

399 4075 622 4128 ecclesia
649 4074 742 4128 SS.
776 4072 1145 4141 Apostolorum
1193 4071 1490 4125 concionari
1524 4067 1845 4130 testificatur,
1882 4066 1967 4118 ubi

398 4176 548 4221 erant
572 4167 629 4220 S.
658 4166 918 4220 Timothei
961 4163 1217 4232 reliquim.
1249 4161 1304 4215 lu
1332 4163 1435 4215 fine
1474 4175 1599 4213 vero
1628 4160 1781 4227 lupos
1820 4156 1971 4210 aufu-

399 4260 537 4328 gisse
562 4257 831 4329 dicit,qquo
848 4255 1178 4308 subindieare
1193 4253 1401 4305 videtur
1425 4251 1593 4319 ipsum
1615 4246 1969 4317 Theophilum

399 4353 503 4419 jam
535 4367 598 4404 ex
624 4350 836 4404 civitate
865 4361 1134 4417 egressum
1162 4359 1278 4397 esse
1312 4362 1322 4395 :
1356 4358 1471 4411 quce
1498 4350 1671 4394 tamen
1715 4353 1801 4392 res
1827 4336 1969 4390 diffi-

400 4445 594 4497 t'ullale
620 4458 722 4496 non
754 4449 921 4494 vacat.
951 4440 1265 4509 lnsequente
1291 4437 1376 4489 die
1411 4434 1568 4488 aliam
1616 4432 1799 4486 habuit
1838 4446 1969 4483 con-

401 4539 604 4589 cionem
640 4535 931 4604 longiorem
965 4550 977 4588 :
1011 4533 1062 4584 in
1090 4545 1190 4600 qua
1221 4529 1392 4597 primo
1434 4527 1762 4580 PharaOnem
1802 4519 1967 4593 Egy-

406 4628 566 4695 ptium
588 4633 858 4692 comparat
881 4638 999 4677 cum
1043 4622 1147 4674 alio
1186 4618 1456 4688 IEgyptio,
1496 4616 1585 4687 qui
1635 4614 1773 4668 haud
1814 4614 1971 4668 dubie

404 4727 479 4769 est
511 4715 856 4783 TheOphilus,
900 4714 1176 4781 cpiscopus
1226 4707 1633 4770 Alexandrinus,
1669 4706 1899 4772 dicitque
1919 4704 1971 4755 in

406 4809 504 4861 bac
534 4805 782 4859 Ecclesia:
824 4802 1123 4856 calamitate
1156 4798 1434 4852 luereticos
1462 4797 1525 4849 ad
1553 4795 1708 4849 fidem
1754 4808 1974 4847 conver-

404 4914 492 4949 sos
536 4896 716 4949 fuisse.
743 4893 952 4947 Jud:cos
996 4890 1240 4944 meliores
1264 4889 1517 4950 evasisse,
1541 4896 1697 4954 atque
1726 4884 1789 4936 ad
1817 4882 1974 4936 Chri—

406 4989 605 5042 stianos
647 4984 974 5046 accurrisse;
1021 4983 1071 5033 in
1117 4977 1419 5047 ltujUsntOdi
1474 4986 1646 5028 autem
1677 4974 1975 5028 calamitate

405 5079 767 5150 hptisterium
796 5076 1047 5144 sanguine
1076 5072 1335 5141 repletum
1372 5069 1553 5122 fuisse.
1580 5066 1782 5120 Laudat
1808 5080 1973 5134 popu—

408 5174 514 5226 lum
542 5187 572 5223 a
614 5170 715 5223 fide
750 5175 804 5220 et
844 5166 1161 5220 constantia.
1216 5162 1514 5228 Deindeque
1554 5157 1880 5212 convertitur
1922 5157 1975 5208 in

410 5261 591 5316 laudes
618 5258 866 5314 Eudoxia:
892 5257 1158 5323 Augustae,
1182 5252 1332 5320 cujus
1357 5249 1592 5318 epistola:
1619 5247 1682 5300 ad
1710 5262 1769 5300 se
1800 5246 1976 5299 missa:

412 5364 614 5425 partem
676 5348 879 5411 adfert,
931 5347 1179 5413 illamque
1242 5341 1499 5396 encomiis
1539 5338 1789 5393 celebrat.
1838 5335 1973 5388 Dicit

409 5458 583 5501 autem
611 5444 715 5511 hic,
752 5451 809 5495 ut
834 5455 1011 5508 supra,
1044 5437 1284 5491 inimicos
1313 5436 1364 5488 in
1396 5432 1568 5502 fugam
1610 5443 1792 5484 versos
1835 5443 1972 5483 esse.

412 5538 644 5591 Alteram
668 5542 788 5604 post
825 5530 1049 5584 reditum
1090 5543 1240 5580 suum
1268 5525 1534 5577 homiliam
1567 5521 1748 5575 habuit
1775 5520 1980 5587 longio-

414 5645 545 5689 rem,
574 5640 689 5697 qua:
714 5624 779 5679 de
807 5622 1100 5674 Chananzea
1131 5616 1454 5680 inscribitur,
1478 5613 1544 5667 de
1570 5628 1670 5682 qua
1693 5610 1975 5665 videndum

415 5722 661 5776 hinnitum
690 5725 923 5776 nostrum
954 5712 1015 5764 Τ.
1042 5712 1098 5779 5,
1136 5714 1186 5756 C.
1214 5704 1337 5758 J47.

468 5811 626 5864 Aiunt
639 5808 880 5863 Socrates
895 5801 1065 5875 (Socr.
1082 5800 1228 5853 l.6.c.
1246 5794 1335 5869 17)
1347 5793 1729 5851 etSozomenus
1746 5790 1973 5864 (Sozam.

1578 400 1754 456 NUNC
1795 399 2051 455 PRIMUM
2095 402 2132 453 A
2145 402 2482 457 DORNATA.

3482 394 3661 471 ,ἑοῦ

2083 516 2120 568 ι.
2141 515 2192 569 8.
2210 532 2254 567 c.
2275 516 2385 585 l9),
2402 526 2671 584 postquam
2690 517 2917 573 Joannes
2937 519 2987 573 in
3009 519 3186 574 sedem
3210 536 3359 575 suam
3385 524 3657 578 restitutus

2084 606 2254 661 fuerat
2268 608 2618 678 Theophilum
2641 610 2932 664 Heraclidis
2948 626 3159 665 causam
3186 622 3241 666 et
3268 612 3657 668 ordinationem

2082 698 2349 768 inquirere
2385 700 2637 765 voluisse,
2682 709 2739 755 ut
2782 701 2905 756 inde
2930 702 3262 756 Occasionem
3307 704 3564 772 arriperet
3590 705 3656 758 ad

2080 786 2337 843 Joannem
2383 788 2759 845 damnandum.
2807 790 3112 846 Heraclides
3154 808 3281 847 vero
3315 808 3418 847 non
3450 793 3653 859 aderat,

2084 890 2364 950 tamenqne
2393 881 2461 935 de
2491 882 2579 936 illo
2605 881 2823 936 absente
2844 883 3197 952 judicabatur,
3228 884 3375 954 quasi
3398 885 3654 954 quosdam

2083 971 2279 1039 injuste
2324 970 2666 1038 damnasset,
2704 982 2759 1027 et
2808 974 3009 1027 catenis
3052 975 3256 1027 vinctos
3299 989 3394 1044 per
3428 974 3656 1029 mediam

2078 1060 2429 1130 Ephesiorum
2480 1063 2663 1117 urbem
2714 1062 3316 1133 traduxisset.Cumque
3336 1064 3566 1119 Joannes
3602 1074 3657 1120 et

2078 1152 2168 1221 qui
2214 1167 2332 1207 cum
2382 1153 2472 1206 illo
2517 1153 2739 1207 aderant
2781 1152 3021 1207 dicerent
3057 1152 3124 1207 de
3166 1154 3474 1209 absentibus
3512 1154 3655 1222 judi-

2077 1243 2217 1296 cium
2261 1242 2384 1297 ferrt
2429 1259 2533 1296 non
2573 1243 2788 1307 debere,
2819 1242 3160 1298 Alexandrini
3207 1253 3391 1297 contra
3432 1253 3649 1298 contem

2077 1334 2304 1395 debant,
2350 1334 2705 1389 admittendos
2743 1349 2864 1388 esse
2921 1343 3260 1387 accusatores
3321 1333 3651 1399 Heraclidis,

2038 1438 2039 1441 ‘
2078 1429 2201 1482 licet
2224 1443 2344 1481 eum
2374 1428 2645 1481 absentem
2691 1438 3023 1480 accusarent.
3075 1426 3263 1480 Gravis
3303 1427 3425 1481 inde
3467 1426 3656 1481 seditio

2079 1518 2220 1572 inter
2248 1517 2862 1586 Constantinopolitanos
2890 1524 2944 1570 et
2973 1516 3366 1569 Alexandrinos
3392 1528 3505 1570 orta
3532 1528 3647 1572 est:

2075 1610 2464 1678 commissaque
2507 1624 2705 1678 pugna,
2738 1609 2887 1663 multi
2915 1609 3196 1673 vulnerati,
3230 1608 3441 1677 quidam
3490 1610 3650 1661 etiam

2075 1700 2373 1769 interempti
2402 1710 2544 1753 sunt.
2579 1700 2701 1754 Haec
2742 1715 2862 1753 cum
2887 1700 3093 1753 videret
3122 1700 3477 1768 TheOpltilus,
3510 1700 3650 1753 illico

2073 1792 2450 1846 Alexandriam
2492 1791 2713 1861 aufugit.
2746 1790 2886 1844 Idem
2917 1792 3005 1844 alii
3036 1806 3245 1859 quoque
3284 1791 3651 1859 feceruntepi-

2073 1884 2238 1949 5e0pi,
2268 1892 2459 1950 prwter
2501 1896 2696 1950 paucos
2726 1883 2813 1951 qui
2843 1880 3061 1934 Joannis
3106 1891 3279 1949 partes
3327 1881 3645 1934 tuebantur:

2073 1976 2351 2041 cunctique
2378 1980 2584 2039 arrepta
2610 1971 2726 2041 fuga
2750 1971 2813 2024 ad
2846 1986 2966 2023 suas
2988 1971 3141 2024 sedes
3170 1981 3523 2024 reverterunt.

2142 2064 2283 2128 Hme,
2301 2073 2577 2132 postquam
2590 2063 2820 2116 Joannes
2836 2063 2886 2115 in
2900 2061 3242 2116 sedem'suam
3260 2062 3531 2115 restitutus
3545 2060 3668 2127 [αθ-ε

2071 2163 2171 2214 rat,
2195 2163 2340 2221 gesta
2372 2152 2536 2206 fuisse
2568 2151 2801 2206 referunt
2829 2151 3074 2206 Socrates
3097 2160 3150 2205 et
3173 2150 3532 2212 Sozomenus,
3555 2153 3642 2221 qui

2074 2254 2371 2311 postrenms
2400 2245 2547 2297 illum
2576 2244 2682 2312 jam
2710 2244 3011 2298 restitutum
3038 2244 3198 2298 fuisse
3222 2252 3503 2311 antequam
3533 2243 3646 2297 haec

2039 2347 2351 2404 _agercntnr
2379 2345 2559 2404 aperte
2589 2335 2734 2388 dicit.
2773 2334 3021 2389 Socrates
3051 2350 3178 2388 vero
3218 2334 3445 2403 idipsum
3489 2350 3644 2403 prore

2071 2441 2161 2481 sus
2204 2426 2455 2480 insinuat.
2485 2425 2615 2479 Nam
2665 2439 2943 2495 postquam
2966 2426 3223 2480 Joannem
3247 2428 3355 2494 jam
3380 2427 3431 2479 in
3462 2426 3642 2479 sedem

2070 2532 2219 2572 suam
2258 2516 2535 2570 reductum
2584 2516 2745 2569 fuisse
2790 2526 3134 2581 narraverat,
3179 2524 3338 2585 caput
3380 2516 3642 2570 decimum

2071 2610 2352 2677 septimum
2399 2608 2621 2672 orditur,
2674 2607 2761 2661 ubi
2807 2607 2920 2660 haec
2959 2617 3320 2671 recensentur,
3349 2617 3406 2660 ut
3429 2621 3642 2660 causam

2069 2699 2372 2753 certaminis
2396 2698 2533 2752 inter
2554 2697 3165 2765 Constantinopolitanos
3185 2706 3238 2751 et
3259 2696 3643 2751 Alexandrinos

2069 2799 2121 2843 et
2148 2788 2320 2858 fugam
2353 2788 2633 2858 The0phili
2655 2787 2872 2842 referat.
2900 2788 2955 2843 Si
3001 2800 3175 2841 autem
3220 2789 3333 2842 haec
3377 2790 3447 2842 ita
3494 2797 3641 2858 gesta

2070 2881 2194 2941 sint,
2229 2879 2508 2932 dicendum
2539 2894 2658 2933 esse
2685 2879 2899 2933 videtur
2920 2879 3271 2947 Theophilum
3314 2879 3493 2947 paucis
3529 2879 3644 2933 die-

2071 2969 2168 3022 bus
2213 2977 2331 3038 post
2374 2970 2674 3023 restitutum
2700 2968 2957 3023 Joannem
2987 2969 3271 3036 aufugisse,
3305 2979 3357 3023 et
3380 2969 3499 3022 ideo
3528 2980 3643 3022 tan-

2073 3061 2241 3112 tillum
2273 3061 2531 3112 mansisse
2551 3058 3031 3128 ConstantinOpoli,
3080 3060 3199 3127 quia
3243 3074 3362 3111 eum
3409 3058 3644 3114 Joannes

2071 3162 2347 3204 revocatus
2374 3150 2576 3214 fuisset,
2606 3165 2710 3202 non
2738 3149 3127 3202 contradixerat
3154 3149 3365 3217 quidem
3397 3150 3515 3213 ille;
3548 3150 3641 3203 sed

2070 3256 2188 3293 eum
2230 3240 2525 3293 Heraclidis
2564 3254 2781 3293 causam
2808 3240 2860 3291 in
2892 3240 3121 3292 medium
3152 3241 3475 3307 protulisset,
3503 3255 3640 3308 quo-

2071 3333 2209 3385 niam
2239 3332 2323 3385 hic
2348 3347 2376 3383 a
2404 3331 2607 3385 Joanne
2654 3330 2929 3383 ordinatus
2970 3329 3159 3393 fuerat,
3194 3330 3245 3382 in
3284 3329 3639 3396 suspicionem

2069 3424 2315 3485 venisse,
2362 3421 2501 3490 quod
2549 3436 2758 3474 rursum
2807 3419 3024 3474 Joannis
3066 3434 3281 3473 eausam
3342 3418 3642 3487 disquirere

2070 3515 2246 3578 vellet,
2295 3523 2349 3566 ut
2394 3515 2540 3567 illum
2593 3513 2802 3566 tandem
2834 3528 2862 3565 a
2892 3512 3018 3565 sede
3059 3509 3639 3578 Constantinopolitana

2070 3606 2392 3659 deturbaret.
2427 3604 2619 3658 Verum
2665 3614 2840 3657 tamen
2870 3612 2951 3656 est
2975 3602 3410 3671 Chrysostomum
3440 3604 3490 3654 in
3530 3602 3645 3669 epi-

2070 3698 2203 3750 stola
2231 3697 2295 3748 ad
2318 3696 2678 3749 Innocentium
2706 3694 2886 3747 dicere
2936 3707 2997 3748 se
3026 3693 3043 3761 (
3067 3691 3128 3747 T.
3147 3691 3436 3750 5.col.552.
3457 3690 3490 3743 ι.
3522 3688 3635 3760 ’58)

2072 3797 2345 3857 postquam
2390 3787 2440 3838 in
2480 3785 2660 3839 sedem
2707 3798 2854 3837 suam
2882 3784 3155 3836 restitutus
3180 3790 3284 3846 est,
3317 3782 3384 3833 ab
3414 3780 3646 3847 Impera-

2074 3890 2186 3931 tore
2208 3877 2518 3945 postulasse,
2549 3885 2604 3927 ut
2624 3872 2893 3942 Syuodum
2916 3879 3151 3940 cogeret,
3175 3870 3264 3924 ubi
3283 3870 3351 3923 de
3365 3884 3459 3922 sua
3482 3882 3642 3921 causa

2066 3967 2389 4035 judicaretur
2418 3982 2430 4017 :
2463 3975 2516 4018 et
2541 3978 2661 4018 cum
2706 3962 2772 4016 ad
2818 3962 2958 4014 illam
2985 3959 3274 4029 cogendam
3301 3957 3646 4027 Imperatorin

2074 4059 2238 4111 literae
2267 4058 2317 4109 in
2351 4056 2528 4109 omnia
2569 4054 2683 4107 loca
2728 4053 3084 4114 mitterentur,
3116 4050 3469 4117 The0philum
3505 4049 3644 4102 male

2072 4151 2172 4204 sibi
2201 4149 2492 4212 consciunt,
2527 4147 2699 4201 media
2725 4155 2901 4209 nocte,
2922 4159 3209 4197 conscensa
3242 4143 3359 4195 navi
3386 4157 3504 4196 cum
3535 4141 3645 4195 suis

2073 4238 2355 4308 aufugisse.
2387 4236 2536 4292 Unde
2564 4234 2819 4304 consequi
2851 4234 3081 4297 videtur,
3133 4231 3483 4300 The0pliilum
3527 4241 3646 4297 post

2074 4331 2298 4386 reditum
2325 4329 2544 4384 Joannis
2579 4328 2781 4396 aliquot
2799 4326 2985 4379 diebus
3013 4322 3467 4391 CoristantinOpoli
3493 4336 3646 4373 man-

2074 4422 2225 4485 sissc,
2254 4421 2421 4473 donec
2447 4418 2692 4472 videlicet
2736 4425 2955 4484 rogante
2989 4414 3192 4468 Joanne
3240 4412 3536 4481 Imperator
3579 4410 3644 4462 li-

2074 4524 2215 4567 teras
2246 4512 2436 4579 ubique
2465 4510 2608 4562 misit
2632 4508 2696 4562 ad
2720 4506 2990 4577 Synodum
3020 4502 3331 4572 cogendam.
3352 4502 3484 4556 Cum
3512 4516 3644 4569 ergo

2075 4603 2127 4655 in
2151 4600 2509 4661 concioaibus,
2533 4613 2665 4667 quas
2696 4598 2748 4650 in
2770 4596 2855 4649 die
2878 4594 3077 4648 reditus
3093 4605 3145 4647 et
3160 4591 3411 4661 postridie
3434 4592 3638 4655 habuit,

2074 4693 2213 4747 dicat
2230 4691 2470 4746 inimicos
2485 4704 2610 4743 suos
2628 4688 2913 4756 aufugisse,
2929 4686 3006 4739 sic
3024 4683 3393 4753 intelligendus
3410 4682 3642 4736 videtur.

2147 4785 2429 4852 Postquam
2457 4780 2688 4849 episcopi
2708 4779 2801 4843 illi,
2820 4775 3195 4847 quiSynodum
3223 4776 3274 4829 in
3294 4773 3504 4841 Quercu
3517 4786 3646 4827 coo-

2077 4876 2374 4935 stituerant,
2417 4886 2537 4924 cum
2564 4870 2730 4939 gloria
2768 4868 3017 4921 reducem
3052 4866 3290 4918 videntes
3321 4863 3643 4934 Chrysosto-

2079 4980 2243 5028 mum,
2275 4964 2658 5025 discesserant;
2688 4958 3009 5027 Theophilus
3028 4998 3042 5020 ,
3067 4957 3153 5025 qui
3188 4954 3643 5023 Constantinopoli

2080 5067 2202 5111 tunc
2220 5066 2357 5119 erat,
2372 5053 2698 5123 quiescebat,
2729 5064 2828 5104 nec
2847 5058 3027 5103 contra
3051 5048 3197 5100 illum
3218 5046 3484 5116 quidpiam
3517 5061 3638 5114 pro-

2080 5148 2219 5202 ferre
2242 5147 2375 5200 ultra
2394 5144 2621 5198 audebat
2643 5159 2657 5196 :
2688 5144 2802 5195 htec
2820 5150 2964 5195 certe
2982 5139 3149 5207 potuit
3166 5138 3454 5208 generatim
3468 5137 3646 5190 dicere

2078 5238 2504 5308 Chrysostomus.
2542 5233 2786 5301 Alioquin
2822 5245 2952 5286 vero
2991 5229 3107 5283 hzec
3162 5224 3642 5283 Alexandrinorum

2078 5347 2195 5385 cum
2212 5324 2810 5395 Constantinopolitanis
2828 5321 3097 5376 contentio
3111 5328 3167 5375 et
3182 5336 3351 5388 pugna
3373 5333 3479 5372 non
3492 5318 3645 5375 vide-

2080 5431 2163 5474 tur
2177 5434 2330 5489 posse
2341 5415 2838 5486 anterrysostomi
2853 5412 3078 5467 reditum
3101 5408 3378 5466 accidisse.
3409 5408 3644 5464 Severia-

2082 5526 2181 5565 nus
2206 5523 2415 5579 quoque
2440 5506 2761 5560 Gabalorum
2788 5505 2980 5573 aliique
2999 5518 3188 5557 omnes
3210 5501 3424 5557 Joannis
3445 5500 3641 5553 inimici

2082 5603 2251 5672 fugam
2286 5601 2541 5655 fecerunt.
2568 5598 2725 5653 Addit
2767 5612 2894 5651 vero
2931 5595 3195 5649 Palladius
3224 5592 3465 5662 (Pallad.
3506 5590 3644 5645 Dial.

2080 5692 2689 5761 Conslantinopolitanos
2705 5688 3054 5759 Theophilum
3075 5686 3398 5756 quaesivisse,
3422 5688 3480 5737 ht
3499 5682 3647 5738 illum

2082 5787 2136 5842 in
2167 5800 2311 5841 mare
2340 5784 2728 5853 demergerent.
