4096 6392
398 369 506 425 907

477 491 604 542 Post
625 485 908 557 TheOphili
938 484 1113 558 fugam
1140 501 1248 542 non
1296 488 1526 542 cessavit
1569 488 1984 561 Chrysostomus

401 595 420 649 ι
460 582 523 636 Τ.
549 583 602 636 5.
628 597 677 634 c.
704 579 827 636 552.
849 596 904 636 η.
931 579 966 634 5
993 578 1012 649 )
1039 578 1419 648 Imperatorem
1455 580 1684 648 precari,
1721 587 1776 634 ut
1815 581 1988 653 Syno-

403 674 505 724 dus
535 671 724 725 iterum
751 678 1032 740 cogeretur
1059 669 1125 724 ad
1155 685 1371 725 causam
1395 685 1544 726 suam
1574 673 1985 740 retractandum,

405 775 569 835 utque
609 764 936 833 The0philus
974 765 1185 820 adesset
1222 765 1460 836 rogabat.
1489 766 1628 820 Ilisit
1671 765 1985 836 Imperator,

403 856 494 924 qui
539 854 891 924 Theophilum
937 855 1115 911 redire
1157 855 1406 925 juberent
1468 871 1591 911 cum
1651 857 1989 912 consortibus

405 946 516 1001 suis
541 947 809 1012 omnibus,
837 958 895 1002 ut
921 958 1195 1017 gestorum
1221 962 1438 1002 suorum
1490 949 1753 1004 rationem
1797 949 1989 1004 redde-

407 1047 545 1092 rent.
575 1039 671 1094 Ille
695 1055 823 1094 vero
850 1041 1188 1109 Imperatoris
1231 1040 1404 1111 jussui
1448 1058 1553 1096 non
1581 1043 1986 1113 obtemperavit,

409 1140 705 1198 przetexens
750 1134 930 1204 populi
972 1133 1308 1195 seditionem,
1338 1135 1427 1202 qui
1464 1135 1844 1206 Chrysostomo
1873 1145 2020 1189 ειη-ε

407 1219 586 1275 debat.
613 1222 794 1292 Neque
825 1233 999 1278 tamen
1028 1225 1257 1278 cessavit
1283 1223 1696 1296 Chrysostomus
1720 1227 1786 1281 ab
1815 1226 1988 1295 Impe-

408 1319 586 1366 ratore
628 1314 894 1381 postulare
933 1325 991 1368 ut
1032 1314 1280 1386 Synodus
1326 1327 1624 1386 cogeretur,
1649 1317 1700 1371 in
1727 1333 1827 1387 qua
1875 1318 1990 1387 ipse

407 1417 622 1458 causam
653 1420 804 1460 suam
837 1418 1214 1478 propugnaret.
1264 1409 1590 1478 Supererant
1633 1409 1804 1464 adhuc
1848 1410 1990 1464 Con-

408 1496 750 1565 stantinopoli
779 1499 983 1568 aliquot
1008 1501 1242 1570 episcopi
1270 1501 1408 1572 Syri,
1431 1502 1520 1571 qui
1555 1517 1674 1555 cum
1694 1501 1990 1571 Theophilo

408 1584 462 1638 in
491 1584 706 1656 Synodo
731 1587 798 1642 ad
821 1589 1082 1654 Quercum
1128 1601 1311 1646 contra
1353 1590 1613 1646 Joannem
1661 1593 1982 1646 sententiam

408 1676 686 1733 dixerant:
716 1679 814 1734 hos
843 1681 1001 1735 etiam
1029 1682 1244 1753 Synodo
1273 1692 1398 1736 tunc
1436 1682 1688 1753 cogendae
1733 1685 1991 1739 interesse

407 1771 629 1842 rogabat
651 1770 905 1827 Joannes.
936 1773 1127 1828 Narrat
1163 1789 1291 1829 vero
1318 1773 1646 1829 Sozomenus
1689 1775 1920 1845 (Sozam.
1949 1774 1986 1831 ι.

407 1862 462 1918 8.
507 1878 554 1917 c.
599 1861 720 1934 I9),
769 1874 888 1934 post
946 1880 1246 1936 regressum
1305 1865 1671 1937 Chrysostomi
1719 1867 1989 1936 sexaginta

407 1950 622 2008 circiter
645 1955 924 2025 episcopos
944 1997 959 2020 ,
983 1955 1072 2026 qui
1113 1957 1575 2028 Constantinopoli
1592 1966 1952 2013 convenerant
1971 1999 1986 2024 ,

407 2056 522 2100 acta
568 2046 768 2118 Synodi
806 2049 859 2102 in
902 2049 1111 2116 Quercu
1149 2051 1293 2104 nulla
1339 2065 1460 2105 esse
1499 2051 1887 2116 deelaravisse,
1935 2059 1992 2106 et

409 2145 537 2192 tunc
575 2136 1012 2210 Chrysostomum
1059 2141 1383 2211 episcopalia
1405 2142 1582 2197 munia
1612 2145 1986 2220 resurnjisisse.

415 2226 722 2283 Reclamant
744 2245 872 2284 vero
901 2231 1086 2302 nuperi
1127 2233 1417 2301 scriptores
1465 2233 1562 2286 hac
1592 2232 1738 2287 ducti
1763 2233 1988 2286 ratione.

409 2317 466 2372 Si
494 2317 596 2373 hoc
626 2319 696 2373 ita
722 2330 931 2391 gestum
972 2320 1179 2386 fuisset,
1210 2321 1312 2377 hoc
1336 2333 1482 2377 certe
1510 2323 1730 2377 dixisset
1757 2323 1990 2393 Chryso-

410 2418 617 2466 stomus
644 2410 949 2466 Innocentio
974 2413 1152 2484 Papae,
1181 2428 1300 2483 quae
1333 2421 1479 2482 gesta
1501 2411 1710 2467 fuerant
1733 2412 1987 2468 referens.

407 2499 604 2556 Verum
625 2500 954 2559 Sozomenus
982 2519 1087 2558 non
1116 2504 1246 2559 dicit
1275 2504 1372 2558 hos
1409 2505 1689 2574 episcopos
1715 2503 1988 2575 Synodum

407 2592 794 2660 celebravisse;
840 2595 932 2649 sed
983 2596 1154 2650 solum
1203 2595 1504 2650 declarasse
1549 2596 1990 2667 Chrysostomum

410 2682 604 2752 injuste
623 2684 922 2754 depositum
953 2686 1152 2752 fuisse;
1176 2696 1356 2741 etlam
1386 2688 1546 2742 multa
1566 2687 1799 2743 Joannes
1827 2697 1984 2755 tacet,

409 2781 468 2826 ut
496 2774 728 2828 nesciam
757 2789 822 2828 an
853 2774 969 2845 ejus
994 2776 1205 2830 silentio
1243 2776 1438 2846 aliquid
1481 2787 1666 2832 contra
1707 2777 1990 2834 Sozomeni

409 2865 765 2920 narrationem
790 2865 970 2920 inferri
999 2867 1189 2937 possit.

481 2955 597 3012 Non
646 2957 895 3013 diuturna
939 2958 1173 3014 Joannes
1221 2960 1600 3030 tranquillitate
1645 2961 1747 3016 frui
1797 2963 1987 3032 potuit.

411 3046 687 3103 Postduos
728 3064 955 3119 namque
995 3059 1210 3104 exactos
1251 3065 1280 3103 a
1325 3051 1497 3105 reditu
1540 3067 1773 3117 menses,
1819 3052 1989 3122 inquit

410 3137 673 3194 Palladius
697 3154 750 3208 p.
782 3141 869 3203 75,
893 3155 1070 3194 rerum
1120 3142 1341 3195 mutatio
1381 3151 1552 3212 erepta
1594 3151 1678 3198 est
1717 3159 1730 3196 :
1771 3143 1990 3200 Joannis

407 3231 549 3285 enim
575 3230 773 3286 inimici
808 3230 940 3286 nihil
980 3247 1086 3286 non
1113 3233 1400 3288 movebant
1425 3241 1484 3288 ut
1507 3234 1727 3304 pristina
1755 3245 1871 3289 acta
1897 3251 1989 3291 re-

410 3333 670 3393 peterent.
719 3323 975 3378 Arcadius
1018 3340 1148 3379 vero
1191 3325 1485 3395 Imperator
1527 3327 1671 3383 mitis
1717 3326 1989 3398 facilisque

408 3423 541 3480 erat,
567 3415 660 3470 sed
688 3430 751 3469 ex
783 3415 977 3486 ingenii
1004 3415 1218 3471 levitate
1245 3415 1313 3470 ad
1338 3417 1656 3473 sententiam
1682 3419 1987 3474 mutandam

411 3521 630 3577 pronus.
655 3506 894 3562 Eudoxia
937 3523 1066 3563 vero
1103 3509 1342 3580 Augusta
1380 3509 1551 3576 illum,
1579 3519 1638 3565 ut
1673 3521 1905 3582 putatur,
1930 3523 1989 3569 ut

407 3608 593 3654 contra
618 3599 876 3655 Joannem
902 3599 1080 3656 denuo
1107 3603 1322 3656 saeviret
1358 3603 1660 3658 concitavit.
1691 3603 1872 3674 Neque
1898 3620 1988 3660 re-

411 3689 514 3746 fert
538 3689 824 3757 Palladius,
856 3707 956 3762 qua
985 3693 1052 3748 de
1081 3707 1239 3748 causa
1283 3694 1370 3749 illa
1397 3693 1654 3750 Joannem
1679 3694 1857 3750 denuo
1886 3697 1986 3752 im-

411 3784 642 3854 petierit,
675 3793 838 3856 atque
866 3794 925 3840 ut
974 3801 1094 3840 eum
1139 3785 1446 3842 deturbaret
1483 3801 1669 3843 omnes
1714 3787 1986 3843 machinas

408 3879 674 3932 moverit:
705 3893 890 3934 verum
925 3877 1174 3934 Socrates
1200 3888 1256 3934 et
1293 3878 1622 3935 Sozomenus
1646 3880 1786 3935 hanc
1810 3879 1986 3936 denuo

410 3967 548 4039 pulsi
569 3967 788 4023 Joannis
815 3971 1150 4024 occasionem
1177 3969 1468 4040 proferunt.

481 4059 824 4132 Chrysostomi
864 4061 1061 4116 dicendi
1103 4062 1306 4116 libertas
1360 4060 1648 4116 Eudoxiam
1687 4063 1849 4118 denuo
1894 4079 1984 4118 ea:-

407 4151 966 4222 asperat.-—Argentea
985 4160 1157 4206 statua
1177 4151 1431 4207 Eudoxize
1452 4157 1720 4223 Augustae,
1741 4154 1984 4210 muliebri

409 4242 546 4296 stola
568 4243 798 4309 amicta},
820 4258 976 4313 supra
999 4244 1165 4298 basim
1183 4254 1237 4298 et
1259 4244 1555 4299 columnam
1585 4255 1763 4302 erecta
1791 4245 1981 4315 fuerat,

408 4333 653 4402 proxime
682 4333 963 4388 ecclesiam
983 4333 1041 4388 S.
1069 4332 1312 4402 Sophim;
1340 4334 1408 4388 ita
1435 4344 1493 4388 ut
1536 4335 1672 4390 inter
1706 4344 1985 4406 utramque

409 4424 581 4479 media
609 4423 882 4478 dumtaxat
909 4423 1096 4493 plateae
1117 4425 1197 4478 via
1218 4424 1495 4494 interjecta
1513 4435 1655 4482 esset
1674 4424 1844 4497 (Socr.
1870 4427 1902 4480 l.
1928 4427 1982 4482 6.

409 4532 456 4568 ι,
487 4515 572 4570 I8.
600 4514 809 4570 Sozam.
836 4515 874 4570 ι.
905 4515 960 4570 8.
987 4531 1034 4568 c.
1079 4514 1196 4584 20).
1243 4516 1379 4570 Ante
1426 4516 1567 4570 illam
1613 4525 1837 4572 statuam
1887 4532 1984 4588 pro

410 4616 624 4676 recepto
647 4621 797 4660 more
823 4605 1102 4676 populares
1128 4605 1234 4660 ludi
1260 4607 1512 4662 celebrati
1539 4616 1680 4662 sunt.
1719 4608 1874 4678 Saepe
1903 4609 1984 4663 vi-

411 4697 586 4752 dimus
622 4695 1060 4768 Chrysostomum
1103 4706 1286 4753 contra
1338 4697 1640 4766 hujusmodi
1685 4702 1983 4770 spectacula

409 4787 958 4858 declamantem,quia
994 4802 1186 4856 nempe
1214 4788 1267 4841 in
1293 4786 1596 4857 hujusmodi
1640 4789 1855 4845 ludicris
1894 4807 1984 4846 re-

413 4877 512 4932 bus
536 4893 749 4946 scmper
767 4877 1008 4948 quaedam
1033 4878 1464 4944 admittebantur,
1493 4894 1612 4948 quae
1658 4879 1985 4936 Christiano-

412 4984 530 5022 rum
561 4967 798 5022 moribus
841 4977 896 5023 et
920 4983 1060 5022 vera:
1085 4969 1264 5038 pietati
1286 4968 1713 5024 adversarentur.
1754 4972 1984 5042 Quapro-

409 5068 528 5128 pter
550 5058 988 5130 Chrysostomus,
1026 5073 1150 5114 cum
1193 5058 1308 5113 hzec
1349 5067 1476 5113 ante
1518 5059 1700 5115 valvas
1745 5061 1984 5119 ecclesia:

409 5149 546 5206 facta
559 5151 1100 5220 cerneret,pristinam
1117 5150 1364 5221 loquendi
1378 5151 1674 5207 libertatem
1687 5168 1982 5222 resumens,

409 5250 599 5296 contra
622 5255 714 5296 eos
730 5242 819 5312 qui
845 5240 1103 5310 ejusmodi
1125 5241 1278 5296 ludos
1302 5241 1578 5308 curabant,
1597 5243 1681 5299 vel
1702 5245 1804 5298 illis
1831 5247 1986 5302 inter-

412 5341 602 5400 erant,
633 5347 754 5386 cum
785 5332 1113 5388 vehementia
1136 5332 1290 5387 solita
1332 5334 1678 5390 concionatus
1704 5347 1804 5392 est.
1835 5337 1985 5394 lianc

412 5433 470 5480 ut
509 5425 887 5480 contumeliam
926 5440 957 5479 a
995 5424 1201 5480 Joanne
1249 5425 1348 5480 sibi
1377 5425 1574 5481 illatam
1603 5426 1764 5485 fuisse
1795 5439 1986 5499 putans

413 5514 674 5581 Eudoxia,
700 5515 750 5569 iu
781 5515 912 5570 iram
937 5516 1220 5578 concitata,
1256 5531 1442 5572 rursus
1475 5519 1846 5590 episcoporum
1887 5521 1986 5594 Sy-

412 5607 608 5662 nodum
635 5607 891 5662 adversus
918 5606 1068 5662 illum
1089 5608 1399 5678 congregari
1424 5611 1648 5665 curavit.

483 5697 579 5752 llic
604 5712 766 5770 porro
789 5697 1035 5753 Socrates
1063 5712 1124 5754 se
1149 5697 1368 5754 Joannis
1391 5709 1540 5771 gesta
1561 5703 1859 5772 improbare
1881 5718 1983 5758 non

415 5787 731 5846 dissimulat.
759 5788 1034 5846 Debuisset
1054 5790 1221 5861 enim,
1254 5792 1444 5866 inquit,
1473 5797 1620 5868 prius
1642 5796 1829 5852 hlauda
1855 5796 1980 5853 hor-

1467 372 1524 427 S.
1564 372 1843 428 JOANNIS
1882 371 2352 432 CIlIIYSOSTOSII
2399 375 2578 444 VITA,

3575 379 3682 436 εοε

2093 491 2294 547 tatione
2321 491 2654 563 Principibus
2681 492 2927 560 suadere,
2955 501 3014 548 ut
3042 494 3109 549 ab
3137 493 3436 564 hujusmodi
3463 497 3677 554 ludicris

2092 580 2447 649 abstinerent,
2477 597 2646 653 neque
2669 584 2877 652 probris
2905 585 3160 654 impetere
3185 601 3299 648 eos,
3327 589 3416 657 qui
3447 588 3544 643 ista
3568 589 3676 644 ﬁeri

2092 682 2476 742 praeceperant.
2501 673 2696 728 Verum
2719 675 2837 744 quis
2865 677 2966 730 scit
2992 691 3059 730 an
3086 678 3375 746 Augustam
3406 694 3509 732 non
3534 681 3677 748 prius

2093 764 2364 816 monuerit
2390 773 2604 818 sanctus
2626 763 2888 819 antistes?
2907 765 3088 827 Certe,
3113 767 3374 821 referente
3397 767 3674 838 TheOpha-

2093 868 2181 917 ne,
2213 839 2626 924 Chrysostomus
2657 855 2968 910 Praefectum
2995 857 3171 922 urbis,
3206 856 3342 911 ludis
3378 856 3674 926 hujusmodi

2093 945 2455 1014 praepositum,
2486 944 2586 1000 hac
2613 945 2681 1000 de
2711 962 2770 1001 re
2799 947 3022 1001 monuit.
3047 945 3140 1000 Ille
3171 961 3331 1011 vero,
3381 945 3471 1016 qui
3509 947 3674 1001 Mani-

2093 1036 2273 1090 chteus
2299 1046 2432 1104 erat,
2467 1037 2766 1092 Eudoxiam
2799 1039 2924 1093 adiit
2959 1039 3256 1093 nuntiatum
3287 1039 3359 1095 illi
3391 1055 3493 1092 non
3525 1055 3676 1108 posse

2092 1127 2348 1183 Joannem
2381 1129 2537 1194 ferre,
2569 1138 2625 1183 ut
2645 1138 2836 1185 statua:
2857 1146 2968 1185 sua:
2989 1130 3160 1185 honor
3184 1129 3546 1198 exhiberetur,
3571 1147 3676 1201 quo

2093 1221 2261 1290 magis
2287 1222 2523 1276 animum
2549 1222 2666 1292 ejus
2694 1233 3057 1292 exasperaret.

2163 1312 2400 1368 Eudoxia
2443 1314 2602 1385 igitur
2651 1313 2703 1368 id
2750 1314 2803 1368 in
2845 1314 3220 1369 contumeliam
3270 1329 3421 1368 suam
3473 1312 3673 1368 dictum

2049 1446 2062 1457 .
2093 1413 2365 1472 reputans,
2400 1420 2584 1459 rursus
2615 1405 2837 1460 Joannis
2863 1405 3149 1475 perniciem
3177 1405 3474 1460 machinata
3499 1415 3600 1470 est,
3623 1416 3678 1460 ct

2093 1493 2365 1566 Synodum
2391 1496 2764 1565 episcoporqu
2796 1497 3050 1551 adversus
3075 1497 3220 1550 illum
3250 1498 3556 1567 congregari
3583 1513 3676 1551 cu-

2094 1589 2250 1642 ravit.
2289 1589 2344 1642 Id
2389 1589 2474 1643 ubi
2521 1590 2737 1643 rescivit
2764 1589 3031 1654 Joannes,
3061 1590 3106 1643 si
3148 1587 3278 1643 fides
3303 1590 3372 1642 sit
3395 1589 3597 1645 Socrati
3623 1597 3677 1641 et

2093 1679 2390 1734 Sozomeno
2413 1721 2425 1742 ,
2457 1681 2598 1734 illam
2648 1679 2920 1734 homiliam
2961 1679 3175 1745 habuit,
3203 1695 3321 1750 quae
3347 1681 3424 1734 sic
3453 1681 3631 1747 incipit
3656 1696 3674 1733 :

2098 1771 2321 1824 Rursum
2348 1770 2598 1826 Herodias
2623 1771 2767 1841 furit.
2799 1771 3085 1825 llomiliam
3115 1786 3244 1826 vero
3275 1770 3358 1825 his
3386 1770 3565 1826 verbis
3592 1769 3673 1824 in-

2094 1863 2374 1932 cipientem
2401 1865 2452 1918 in
2476 1874 2664 1919 octavo
2684 1865 2853 1919 Tomo
2878 1865 3016 1918 inter
3036 1860 3498 1933 spuriasedidimus
3508 1876 3552 1916 c.

2094 1956 2243 2011 Putat
2259 1963 2432 2012 autem
2445 1957 2974 2013 SaviliusGrarculum
2989 1956 3286 2026 quempiam
3301 1956 3532 2024 ineptum
3545 1954 3675 2009 etin-

2093 2046 2306 2101 doctum
2319 2088 2334 2114 ,
2351 2063 2470 2102 cum
2483 2048 2620 2117 apud
2634 2048 2903 2104 Socratem
2917 2057 2969 2103 et
2982 2049 3333 2104 Sozomenum
3360 2045 3460 2101 hoc
3470 2045 3674 2101 concio-

2093 2140 2178 2194 nis
2193 2140 2507 2210 principium
2522 2140 2739 2195 vidisset
2759 2182 2776 2206 ,
2800 2139 2938 2194 hanc
2955 2141 3264 2195 concionem
3290 2139 3671 2208 ineptissimam

2092 2232 2368 2299 praemisso
2385 2230 2684 2300 hujusmodi
2709 2231 2968 2302 principio
2989 2231 3238 2285 edidisse.
3261 2232 3330 2285 At
3347 2245 3464 2284 eum
3491 2229 3672 2298 hujus-

2093 2322 2236 2375 modi
2259 2323 2498 2392 opusculi
2527 2332 2712 2377 auctor
2738 2321 3138 2391 antiquissimus
3168 2321 3238 2374 sit
3264 2321 3412 2390 (uam
3437 2319 3503 2374 ab
3527 2320 3669 2373 Ana-

2093 2415 2256 2468 stasio
2281 2414 2480 2470 Sinaita
2509 2413 2760 2486 citatur),
2795 2415 3045 2470 libentius
3083 2413 3356 2468 crederem
3403 2412 3506 2466 hoc
3543 2428 3672 2486 opu-

2093 2506 2297 2562 sculum
2339 2523 2370 2561 a
2417 2507 2660 2563 Graeculo
2695 2508 2924 2578 quodam
2951 2549 2967 2575 ,
3014 2515 3301 2577 antequam
3346 2505 3590 2561 Socrates
3619 2517 3676 2560 et

2093 2595 2420 2652 Sozomenus
2449 2598 2775 2663 scriberent,
2809 2599 3126 2654 adornatum
3157 2598 3335 2652 fuisse.
3363 2597 3478 2651 Non
3507 2612 3668 2667 pauca

2093 2688 2237 2741 enim
2284 2687 2539 2743 habemus
2586 2691 2862 2758 Opuscula,
2903 2690 3066 2744 etiam
3107 2687 3471 2760 Chrysostomi
3518 2695 3670 2742 actate

2092 2777 2253 2844 edita,
2284 2778 2400 2847 ejus
2432 2779 2648 2834 nomine
2673 2780 2957 2849 publicata.

2163 2867 2234 2925 Ut
2259 2879 2315 2925 ut
2343 2885 2429 2925 res
2453 2879 2568 2937 est,
2595 2871 2814 2926 Joannis
2858 2871 3088 2938 inimici,
3143 2887 3256 2927 rem
3304 2871 3405 2925 sibi
3444 2886 3509 2925 ex
3548 2878 3670 2924 voto

2092 2959 2284 3015 cedere
2313 2960 2586 3026 videntes,
2640 2960 2706 3015 ad
2735 2961 3087 3031 Theophilum
3139 2961 3510 3017 Alexandriam
3551 2960 3671 3013 mit-

2093 3060 2240 3118 tunt,
2272 3051 2548 3107 hortantes
2579 3061 2638 3107 ut
2663 3051 3162 3122 Constantinopolin
3205 3053 3447 3117 veniret,
3475 3060 3592 3115 aut,
3622 3051 3668 3105 si

2091 3143 2301 3214 plebem
2329 3143 2730 3207 reformidaret,
2776 3143 2854 3199 rei
2884 3145 3132 3214 gerenda:
3161 3143 3375 3199 modum
3404 3143 3500 3197 sibi
3531 3157 3666 3211 pra:-

2091 3235 2368 3291 scriberet.
2412 3233 2742 3303 Theophilus
2772 3249 2901 3289 vero
2931 3249 3138 3290 memor
3164 3233 3306 3289 haud
3346 3235 3419 3288 ita
3463 3231 3665 3303 pridem

2092 3327 2346 3383 transacti
2391 3326 2646 3396 periculi.
2698 3325 2873 3380 denuo
2919 3327 3053 3380 istuc
3100 3326 3202 3381 iter
3247 3325 3518 3393 suscipere
3559 3337 3666 3376 non

2090 3433 2252 3474 ausus
2275 3428 2391 3484 est;
2414 3417 2507 3473 scd
2531 3417 2674 3472 misit
2704 3425 2812 3471 tres
2832 3417 3108 3488 episcopos
3127 3458 3141 3479 ,
3169 3416 3388 3470 Paulum
3411 3455 3424 3478 ,
3452 3414 3663 3469 Pteme-

2089 3527 2212 3566 nem
2238 3519 2292 3566 et
2317 3511 2477 3565 alium
2500 3523 2686 3564 recens
2710 3509 3028 3572 ordinatum;
3053 3508 3196 3562 misit
3229 3508 3389 3563 etiam
3411 3507 3665 3577 quosdam

2089 3617 2344 3665 canones,
2364 3617 2498 3671 quos
2519 3600 2774 3655 adversus
2796 3600 3009 3655 beatum
3027 3598 3372 3653 Athanasium
3398 3597 3571 3652 Ariani
3590 3595 3667 3650 fe-

2093 3700 2307 3759 cerant,
2343 3700 2402 3744 ut
2445 3691 2508 3745 iis
2544 3698 2824 3745 uterentur
2869 3690 3126 3745 adversus
3153 3679 3432 3744 Joannem.
3471 3688 3534 3742 lli
3571 3702 3665 3740 au-

2090 3792 2197 3837 tem
2225 3797 2458 3838 canones
2498 3782 2551 3835 in
2578 3781 2913 3837 Antiocheno
2939 3781 3166 3836 concilio
3193 3780 3323 3834 anni
3362 3780 3458 3834 5M
3489 3779 3663 3848 publi-

2088 3872 2192 3927 cati
2215 3871 2446 3927 fuerant.
2473 3871 2531 3926 In
2554 3872 2618 3926 iis
2637 3887 2768 3927 vero
2788 3872 3144 3936 statuebatur,
3166 3879 3225 3927 ut
3246 3871 3292 3926 si
3319 3870 3440 3941 quis
3458 3870 3664 3939 episco-

2089 3979 2188 4034 pus
2217 3979 2248 4018 a
2291 3964 2524 4018 concilio
2566 3963 2795 4034 quodam
2826 3963 3103 4034 depositus
3129 3962 3219 4018 vel
3257 3977 3324 4018 ex
3373 3976 3460 4026 se,
3487 3961 3570 4015 vel
3597 3976 3661 4015 ex

2088 4056 2348 4127 imperiali
2377 4056 2694 4112 auctoritate
2716 4056 2900 4112 sedem
2927 4071 3083 4112 suam
3120 4063 3418 4127 repeteret,
3458 4058 3510 4108 in
3540 4069 3661 4123 per-

2088 4160 2311 4218 petuum
2335 4147 2445 4218 jam
2475 4147 2751 4219 depositus
2782 4159 3061 4214 maneret,
3086 4162 3185 4203 nec
3211 4157 3389 4216 posset
3415 4160 3660 4214 umquam

2088 4239 2153 4294 ad
2177 4254 2396 4294 causam
2424 4239 2704 4295 dicendam
2748 4239 2978 4293 admitti.
3025 4237 3134 4294 Nec
3177 4237 3528 4305 The0philum
3568 4251 3663 4305 pu-

2087 4329 2203 4385 duit
2251 4331 2566 4385 Arianorum
2621 4344 2896 4394 canones,
2948 4329 3016 4384 ad
3069 4327 3374 4398 pellendum
3424 4337 3658 4381 sanctum

2087 4421 2433 4476 Athanasium
2481 4421 2772 4486 conﬂatos,
2825 4421 2893 4475 ad
2922 4420 3135 4475 beatum
3179 4418 3440 4474 Joannem
3479 4433 3510 4474 e
3535 4417 3661 4472 sede

2088 4511 2433 4582 rejiciendum
2463 4511 2735 4566 adhibere.
3056 4493 3062 4504 ’

2156 4605 2391 4662 Joannes
2415 4620 2543 4659 vero
2577 4603 2642 4658 ad
2663 4603 2923 4673 synodum
2963 4616 3021 4657 se
3047 4609 3328 4656 venturum
3357 4609 3412 4654 et
3445 4613 3657 4653 causam

2087 4697 2353 4752 dicturum
2397 4711 2516 4751 esse
2544 4695 2808 4764 pollicitus
2851 4692 3021 4748 fuerat
3061 4710 3074 4745 :
3118 4691 3407 4746 dummodo
3455 4691 3519 4753 ii,
3571 4689 3658 4758 qui

2087 4796 2272 4857 aperte
2296 4787 2494 4841 inimici
2518 4786 2617 4840 sibi
2642 4795 2815 4847 erant,
2842 4800 2906 4839 ex
2928 4784 3163 4852 judicum
3185 4782 3401 4838 sedibus
3429 4795 3662 4835 remove-

2087 4888 2316 4933 rentur:
2350 4893 2453 4931 non
2503 4877 2712 4931 auditus
2765 4886 2939 4929 tamen
2976 4874 3256 4929 damnatus
3299 4871 3489 4926 fuerat.
3535 4870 3661 4924 Tale

2088 4984 2216 5023 vero
2245 4967 2438 5040 synodi
2464 4983 2628 5037 genus
2661 4967 2759 5021 hoc
2788 4966 3004 5020 nomine
3030 4963 3404 5034 appellandum
3423 4975 3526 5015 non
3543 4976 3661 5015 esse

2087 5059 2433 5129 conspicuum
2460 5067 2560 5112 est.
2603 5056 2713 5113 Nec
2753 5057 2855 5111 nisi
2905 5055 3238 5125 imperatoris
3275 5054 3425 5122 jussu
3454 5066 3483 5104 a
3534 5050 3662 5104 sede

2089 5151 2275 5222 pulsus
2294 5193 2309 5217 ,
2332 5151 2680 5222 ejusdemque
2715 5150 2866 5220 jussu
2909 5151 2961 5204 in
2989 5149 3170 5204 sedem
3194 5162 3440 5202 reversus
3469 5145 3659 5199 fuerat.

2087 5246 2171 5300 Ab
2201 5245 2468 5314 episcopis
2493 5244 2825 5314 congregatis
2844 5285 2858 5307 ,
2903 5241 3106 5310 majore
3149 5254 3372 5294 numero
3399 5253 3559 5309 quam
3589 5240 3622 5291 ii
3644 5281 3658 5299 .

2088 5339 2178 5408 qui
2219 5337 2495 5410 Synodum
2551 5336 2620 5392 ad
2666 5337 2930 5403 Quercum
2975 5331 3396 5398 constituebant,
3447 5346 3658 5386 causam

2089 5445 2238 5485 suam
2261 5438 2641 5500 propugnatam
2665 5428 2826 5483 fuisse
2845 5426 3072 5482 dicebat.
3095 5424 3400 5494 Eodemque
3424 5433 3662 5492 tempore

2089 5520 2438 5590 The0philus,
2472 5521 2561 5591 qui
2593 5520 2645 5574 in
2675 5519 2774 5574 hac
2803 5514 3221 5588 Pseudosynodo
3247 5516 3546 5585 praecipuus
3577 5513 3662 5579 jn-

2087 5613 2192 5669 dex
2231 5613 2484 5677 sedebat,
2533 5613 2586 5667 in
2615 5627 2829 5667 causam
2874 5619 3091 5664 vocatus
3121 5608 3322 5673 fuerat,
3365 5617 3424 5662 ut
3451 5618 3662 5674 septua-

2091 5707 2234 5776 ginta
2273 5706 2699 5765 criminationum
2728 5704 2898 5774 capita
2925 5702 3219 5773 depelleret
3243 5739 3259 5764 ,
3286 5710 3339 5754 et
3369 5698 3496 5752 falsa
3541 5711 3660 5750 csso

2095 5799 2496 5870 comprobaret,
2527 5801 2596 5854 ita
2624 5807 2682 5853 ut
2703 5799 2876 5854 omnia
2903 5806 3088 5854 contra
3112 5795 3196 5866 jus
3227 5793 3408 5865 fasque
3428 5791 3481 5847 in
3503 5805 3566 5844 ea
3592 5788 3658 5844 ad
