4096 6392
365 379 470 437 209

366 494 633 561 Quercum
659 492 878 567 Synodo
903 503 1020 551 acta
1050 506 1267 565 essent,
1316 498 1361 553 si
1411 508 1589 555 tamen
1630 500 1828 572 Synodi
1860 517 1956 558 ro-

369 602 491 642 men
517 598 835 643 mereretur.
863 588 997 644 Cum
1023 604 1153 645 vero
1180 591 1378 645 Natalis
1398 592 1514 647 dies
1546 594 1755 648 Domini
1781 593 1955 649 adve-

368 678 536 733 nisset
571 677 763 750 (Socr.
795 679 833 732 l.
860 678 914 733 6.
947 695 994 732 c.
1031 680 1169 749 18),
1197 679 1492 751 Imperator
1517 682 1585 737 ad
1626 684 1912 739 ecclesiam
1935 724 1952 750 ,

369 769 444 823 uti
469 779 853 836 consueverat,
889 784 995 825 non
1036 772 1262 828 accessit
1291 813 1306 837 ,
1335 774 1427 828 sed
1456 773 1647 830 Joanni
1685 777 1956 832 mandavit

368 874 428 916 se
455 875 562 915 non
609 862 756 930 prius
787 877 909 916 cum
941 862 1032 917 illo
1060 865 1579 921 communicaturum
1608 882 1760 936 esse,
1792 850 1954 939 quam

369 952 512 1007 illata
538 953 638 1007 sibi
669 954 893 1008 crimina
921 954 1182 1009 diluisset.

460 1043 704 1114 Synodus
733 1046 972 1100 adversus
1016 1046 1428 1117 Clirysostomum
1448 1048 1613 1102 denuo
1639 1050 1858 1120 cogitur.
1881 1080 1954 1093 -—

369 1133 513 1189 Multi
544 1151 703 1204 porro
725 1137 962 1205 episcopi
985 1153 1200 1193 venere.
1226 1138 1304 1192 Ex
1330 1138 1483 1208 Syria
1510 1154 1660 1205 vero,
1684 1138 1955 1210 Cappado-

368 1226 448 1280 cia
474 1267 489 1289 ,
533 1227 702 1282 Ponto
727 1237 782 1283 et
812 1228 1039 1300 Phrygia
1073 1229 1303 1285 universi
1344 1230 1734 1300 metropolitani
1762 1242 1816 1287 et
1842 1232 1955 1302 epi-

370 1319 514 1389 scopi
545 1321 847 1391 congregati
877 1331 1038 1390 sunt,
1070 1338 1240 1392 exque
1284 1322 1403 1377 aliis
1430 1323 1615 1378 vicinis
1641 1325 1947 1394 regionibus

371 1409 607 1479 (Pallad.
652 1411 908 1483 Dialog.).
937 1412 1078 1467 Inter
1101 1413 1220 1467 illos
1240 1423 1415 1468 autem
1456 1414 1543 1468 isti
1567 1425 1944 1483 memorantur,

371 1505 597 1559 Aeacius
627 1504 829 1559 Beroeaa
849 1547 863 1572 ,
893 1505 1143 1559 Leontius
1182 1508 1437 1578 Ancyrai,
1467 1507 1782 1561 Ammonius
1805 1507 1944 1562 Lao-

371 1596 537 1652 diceze
589 1598 641 1651 in
695 1598 887 1669 Syria,
935 1615 1052 1669 quae
1101 1599 1297 1655 Adusta
1347 1601 1753 1667 nominabatur,
1800 1601 1953 1657 Briso

372 1690 754 1760 Philippopolis
784 1694 834 1746 in
886 1692 1112 1746 Thracia
1136 1733 1152 1759 ,
1180 1693 1495 1748 Theodorus
1521 1694 1748 1765 Tyanm,
1797 1693 1951 1763 Cyri-

377 1800 475 1838 nus
504 1784 855 1841 Chalcedonis
873 1828 889 1852 ,
923 1787 1161 1855 Elpidius
1185 1786 1461 1841 Laodicea:
1488 1787 1539 1841 in
1566 1787 1716 1858 Syria
1737 1829 1753 1855 ,
1782 1787 1953 1842 Tran-

371 1877 565 1946 quillus
612 1887 667 1931 et
708 1879 797 1932 alii
841 1879 1233 1948 quamplurimi.
1280 1879 1413 1933 Dum
1469 1880 1583 1934 hrec
1639 1888 1950 1949 agerentur,

370 1971 603 2027 Joannes
626 1972 886 2042 adjunctis
926 1973 1273 2043 quadraginta
1309 1972 1515 2027 duobus
1541 1971 1806 2043 episcopis
1826 1987 1955 2026 con-

374 2074 560 2119 ventus
599 2065 823 2135 agebat,
855 2074 910 2120 et
951 2064 1179 2135 populus
1204 2079 1393 2133 magna
1423 2080 1541 2118 cum
1576 2064 1739 2119 animi
1765 2063 1955 2119 alacri-

374 2164 481 2211 tate
506 2156 620 2226 ejus
663 2155 900 2210 doctrina
935 2156 1224 2211 fruebatur.
1253 2156 1401 2211 Solet
1428 2156 1568 2210 enim
1595 2171 1743 2210 vana:
1770 2155 1955 2225 gloria:

378 2262 569 2318 expers
614 2250 825 2303 animus
864 2250 917 2302 in
944 2248 1331 2303 calamitatibus
1352 2248 1722 2317 jncundiorem
1761 2258 1814 2303 et
1853 2262 1953 2317 po-

374 2339 654 2394 tentiorem
683 2354 984 2394 sermonem
1010 2338 1305 2395 effundere.
1335 2338 1478 2393 Inter
1520 2354 1615 2394 eos
1641 2339 1731 2409 qui
1759 2338 1953 2394 Joanni

374 2430 651 2497 favebant,
697 2438 851 2485 erant
893 2430 1169 2500 Elpidius,
1228 2430 1604 2500 Tranquillus,
1647 2429 1951 2484 Alexander

373 2522 794 2593 BasilinOpOIeos
837 2523 890 2576 in
935 2522 1178 2591 Bithynia
1206 2564 1222 2588 ,
1252 2521 1566 2578 Theodorus
1590 2521 1787 2593 Tyana:
1807 2564 1821 2589 ,
1873 2523 1955 2575 vir

375 2613 569 2683 probus
602 2632 614 2667 :
648 2614 737 2684 qui
766 2629 885 2669 cum
914 2629 978 2668 ex
1010 2613 1074 2669 iis
1093 2655 1108 2681 ,
1139 2629 1259 2684 qua:
1285 2622 1410 2668 tunc
1437 2614 1488 2668 in
1510 2613 1785 2683 colloquiis
1814 2612 1955 2669 fere-

374 2708 562 2760 bantur
584 2747 600 2773 ,
628 2706 914 2777 Theophili
944 2706 1388 2776 conspirationem
1431 2705 1818 2771 intellexisset,
1868 2720 1955 2760 re-

374 2800 507 2854 lictis
536 2800 780 2854 omnibus
823 2798 1137 2865 insalutatis,
1184 2798 1471 2853 Ecclesiam
1515 2811 1666 2852 suam
1704 2798 1951 2867 repetiit,

375 2899 590 2970 longum
620 2899 923 2955 valedicens
948 2899 1232 2955 Comitatui
1259 2899 1369 2955 sive
1397 2900 1531 2953 aulae
1572 2895 1951 2968 Imperatoriaa,

370 3005 624 3060 suamque
642 2991 990 3061 provinciam,
1007 2993 1171 3062 inquit
1188 2991 1449 3046 Palladius
1468 2989 1694 3060 Dialog.,
1709 2988 1775 3043 ad
1793 2988 1954 3043 tinem

372 3097 537 3154 usque
559 3084 608 3137 in
638 3083 739 3138 fide
765 3082 1123 3138 Romanorum
1151 3092 1577 3153 perseverantem
1601 3080 1951 3137 conservavit.

442 3175 689 3245 Episcopi
719 3184 898 3230 autem
929 3190 1113 3229 omnes
1144 3190 1265 3229 cum
1305 3174 1578 3229 venissent
1609 3172 1777 3245 (Anno
1804 3170 1951 3241 404),

372 3267 753 3337 cujuscumque
781 3268 947 3337 partis
975 3277 1153 3322 essent
1171 3309 1187 3335 ,
1219 3282 1338 3321 cum
1366 3266 1566 3321 Joanne
1594 3264 1955 3321 communica-

372 3376 499 3417 vere
522 3403 537 3426 ,
576 3378 644 3437 ne
671 3362 855 3417 eadem
883 3363 1026 3432 ipsa,
1058 3378 1176 3432 quae
1219 3362 1366 3432 prius
1386 3404 1399 3425 ,
1442 3363 1765 3417 acciderent.
1796 3360 1950 3427 Quod

372 3467 492 3507 cum
511 3453 578 3507 ad
604 3469 760 3509 aures
792 3454 1130 3524 Imperatoris
1157 3463 1210 3509 et
1238 3457 1489 3524 Augusta:
1515 3454 1783 3518 venisset,
1815 3466 1957 3523 aegre

374 3548 605 3603 tulerunt
642 3548 714 3603 illi
758 3564 875 3603 eam
914 3563 1035 3603 cum
1084 3548 1289 3603 Joanne
1334 3549 1783 3602 communionem.
1820 3547 1954 3601 Cum

376 3652 537 3709 porro
565 3638 799 3693 Joannes
824 3640 877 3693 in
907 3638 1178 3710 Synodum
1210 3640 1473 3702 venisset,
1500 3639 1716 3693 adfuere
1741 3652 1957 3693 accusa-

375 3740 517 3786 tores
534 3732 679 3801 ejus:
699 3733 786 3801 qui
808 3747 927 3786 cum
952 3733 1214 3803 egregiam
1235 3732 1348 3802 ejus
1374 3732 1535 3785 animi
1556 3730 1959 3785 fiduciamvide-

378 3831 517 3887 rent,
536 3822 716 3877 animo
742 3822 1023 3886 cadebant,
1045 3825 1113 3877 ita
1136 3834 1193 3877 ut
1213 3825 1298 3877 vix
1320 3824 1460 3893 loqui
1476 3823 1749 3878 auderent.
1770 3822 1823 3877 Id
1844 3823 1957 3880 ani-

378 3915 770 3970 madvertentes
794 3916 1027 3985 episcopi
1057 3916 1244 3986 reliqui
1268 3915 1437 3985 (Socr.
1469 3916 1506 3968 Ι.
1535 3914 1587 3969 6.
1628 3932 1673 3968 c.
1698 3914 1786 3985 I8)
1810 3954 1823 3977 ,
1852 3929 1959 3968 cm-

377 4014 518 4059 teras
542 4004 752 4076 quidem
774 4006 1170 4061 criminationes
1211 4006 1496 4060 mittendas
1524 4020 1643 4061 esse
1670 4006 1954 4072 duxerunt,

377 4096 445 4150 de
474 4097 573 4150 hoc
620 4107 795 4151 autem
841 4112 947 4151 uno
975 4098 1325 4166 quaestionem
1370 4097 1669 4151 habendam
1716 4112 1835 4152 esse
1858 4096 1956 4151 de—

376 4185 745 4253 claraverunt,
784 4186 924 4257 quod
955 4197 1072 4256 post
1109 4187 1490 4257 depositiOnem
1522 4187 1722 4257 absque
1756 4186 1958 4258 Synodi

379 4278 693 4331 auctoritate
716 4317 731 4342 ,
776 4292 874 4331 suo
906 4277 1070 4344 ipsius
1108 4278 1329 4332 arbitrio
1370 4279 1723 4348 episcopalem
1776 4278 1957 4333 sedem

381 4364 682 4422 invasisset.
726 4365 980 4421 Leontius
1027 4384 1154 4423 vero
1192 4371 1504 4439 Aneyranus
1552 4379 1607 4423 et
1645 4370 1960 4424 Ammonius

381 4457 711 4513 Laodicenus
738 4459 1014 4531 TheOphili
1039 4461 1340 4531 Opinionem
1368 4471 1681 4531 sequentes,
1705 4461 1842 4518 hanc
1867 4479 1967 4533 so-l

384 4550 490 4605 lam
532 4552 881 4618 quarstionem
920 4553 1232 4608 movendam
1272 4569 1389 4609 esse
1418 4555 1663 4609 dixerunt
1707 4554 1957 4627 (Pallad.

382 4641 524 4695 Dial.
552 4642 702 4697 Socr.
735 4644 772 4698 ι.
795 4643 847 4698 6.
869 4660 916 4698 c.
942 4644 1051 4713 I8).
1070 4644 1366 4715 Respondit
1382 4660 1507 4699 vero
1534 4644 1788 4713 Joannes,
1810 4646 1965 4716 quin-

380 4747 485 4801 que
513 4740 567 4787 et
617 4734 886 4803 sexaginta
911 4734 1187 4805 episcopos
1230 4736 1319 4805 qui
1345 4750 1464 4791 cum
1509 4736 1623 4805 ipso
1667 4737 1964 4792 communi-

382 4835 674 4892 caverant,
715 4826 815 4881 hoc
847 4826 1145 4883 decrevisse
1170 4871 1188 4898 ,
1236 4839 1296 4883 ut
1343 4830 1543 4884 scilicet
1595 4830 1775 4885 sedem
1811 4847 1962 4887 suam

383 4927 668 4985 repeteret.
698 4917 949 4974 Leontius
973 4930 1179 4987 contra,
1202 4921 1303 4975 hoc
1330 4921 1661 4976 mendacium
1684 4922 1964 4992 impuden-

387 5019 469 5063 ter
496 5010 711 5078 protulit
738 5028 751 5064 :
790 5009 998 5079 Plures,
1026 5012 1223 5083 inquit,
1250 5016 1388 5085 fuere
1408 5055 1422 5079 ,
1450 5031 1480 5067 0
1514 5012 1737 5068 Joannes
1756 5057 1771 5082 ,
1807 5016 1893 5086 qui
1921 5024 1967 5069 te

386 5103 440 5156 in
468 5103 678 5173 Synodo
703 5105 1178 5160 condemnaverunt.
1207 5108 1263 5162 Id
1308 5108 1447 5178 quod
1492 5124 1557 5161 ne
1597 5109 1686 5163 alii
1716 5110 1927 5180 quidem
1947 5150 1964 5178 ,

394 5198 476 5266 qui
512 5200 561 5251 in
588 5197 803 5269 Synodo
823 5200 891 5253 ad
915 5201 1178 5269 Quercum
1208 5202 1438 5268 fuerant,
1483 5203 1660 5257 dicere
1687 5204 1801 5258 ausi
1842 5202 1970 5257 fuis-

390 5300 527 5344 sent.
560 5291 639 5345 Ad
679 5289 793 5345 hmo
820 5305 948 5345 vero
977 5291 1186 5347 dicebat
1225 5292 1456 5347 Joannes
1496 5310 1752 5348 cauonem
1784 5295 1931 5349 illum
1951 5335 1967 5361 ,

392 5397 497 5451 quo
544 5383 641 5452 ipsi
695 5382 1035 5449 nitebantur,
1081 5400 1187 5439 non
1231 5385 1484 5440 Ecclesia:
1513 5385 1831 5451 Catholicze,
1875 5386 1968 5441 sed

393 5476 710 5531 Arianorum
739 5491 861 5533 esse
893 5495 905 5531 :
934 5478 1211 5547 episcopos
1240 5480 1380 5533 enim
1415 5480 1709 5533 Antiochia:
1750 5495 1973 5549 congre-

394 5583 544 5638 gatos
592 5570 658 5624 ad
707 5571 1047 5627 evertendam
1085 5572 1562 5628 Consubstantialis
1608 5572 1802 5637 ﬁdem,
1852 5588 1974 5629 cum

396 5662 523 5715 odio
550 5662 834 5735 ﬂagrarent
857 5663 1111 5720 adversus
1138 5663 1517 5728 Athanasium,
1552 5663 1691 5719 hunc
1712 5679 1971 5719 canouem

395 5767 659 5809 CIIIISISSC.

468 5845 706 5912 Synodus
728 5846 1139 5917 Chrqwstomum
1162 5865 1192 5903 a
1216 5848 1332 5903 sede
1377 5847 1664 5923 pellendum
1704 5865 1809 5903 esse
1846 5866 1970 5921 pro-

1528 386 1713 446 ΠΙ]Νο
1749 386 2011 448 PRIMUM
2052 390 2447 447 ADORNATA.

3542 385 3651 447 2m

2066 506 2283 560 nuntiat.
2309 535 2381 547 --
2400 504 2651 573 Aeacius,
2678 505 2993 573 Antiochus,
3039 504 3289 578 Cyrinus,
3330 504 3649 562 Severianus

2062 610 2183 649 cum
2226 598 2511 653 Ammonio
2557 606 2613 654 et
2668 598 2895 654 Leontio
2943 598 3322 670 Imperatorem
3361 599 3643 663 adierunt,

2061 690 2414 761 dixeruntque
2455 692 2754 748 evocandos
2782 708 2900 748 esse
2935 708 3000 748 ex
3029 703 3178 763 parte
3218 692 3436 749 Joannis
3459 692 3646 749 decem

2072 786 2352 854 episc0p05
2376 826 2391 849 ,
2437 785 2503 840 ad
2532 786 2913 841 conciliandam
2945 787 3239 842 canonibus
3274 788 3643 843 auctoritatem

2063 873 2318 943 (Pallad.
2357 875 2413 929 in
2464 874 2741 947 Dialogo).
2796 875 3021 947 Ingressi
3075 887 3250 931 autem
3304 876 3543 947 Elpidius
3593 886 3649 931 et

2061 966 2404 1038 Tranquillus
2439 969 2734 1024 suadebant
2758 970 3107 1039 Imperatori,
3147 986 3252 1024 non
3284 979 3531 1040 Oportere
3558 970 3641 1025 in-

2060 1058 2202 1114 dicta
2226 1074 2385 1115 causa
2410 1060 2531 1130 ejici
2553 1062 2834 1116 Joannem.
2856 1060 2986 1114 Cum
3017 1069 3194 1115 autem
3223 1060 3441 1116 Joannis
3461 1060 3648 1115 adver.

2061 1152 2187 1206 sarii
2236 1152 2654 1221 altercarentur,
2696 1153 2935 1224 Elpidius
2985 1152 3295 1222 Imperatori
3338 1154 3649 1224 pr0posnit,

2063 1252 2124 1298 ut
2163 1244 2390 1300 Aeacius
2426 1254 2481 1301 et
2523 1246 2819 1302 Antiochus
2861 1246 3260 1302 subseriberent
3307 1262 3366 1302 se
3409 1246 3653 1316 ejusdem

2061 1350 2181 1391 esse
2210 1336 2331 1391 fidei
2356 1346 2513 1407 atque
2556 1353 2649 1393 eos
2669 1340 2759 1408 qui
2789 1352 3023 1393 canones
3060 1339 3374 1403 ediderunt,
3404 1353 3539 1407 quos
3566 1338 3641 1392 illi

2000 1477 2013 1485 .
2060 1429 2372 1483 orthodoxis
2410 1430 2796 1499 proponebant.
2862 1430 3153 1500 Imperator
3198 1445 3326 1484 vero
3368 1429 3650 1484 subridens

2061 1518 2194 1573 dixit
2214 1521 2479 1575 Antiocho
2501 1540 2513 1575 :
2537 1521 2675 1575 Nihil
2697 1521 2825 1575 mihi
2845 1521 3024 1576 utilius
3041 1520 3271 1576 videtur.
3294 1521 3372 1575 Illi
3398 1536 3525 1575 vero
3549 1536 3649 1576 ceu

2060 1610 2318 1681 vertigine
2342 1613 2503 1681 capti,
2534 1627 2594 1667 se
2617 1613 3010 1683 subscripturos
3029 1612 3241 1678 dixere,
3266 1627 3438 1682 neque
3472 1620 3650 1666 tamen

2062 1713 2242 1771 postea
2264 1703 2650 1774 subscripsere.
2670 1706 2991 1776 Interimque
3016 1706 3249 1761 Joannes
3275 1720 3393 1760 cum
3420 1704 3651 1776 quadra-

2062 1795 2207 1865 ginta
2230 1796 2439 1852 duobus
2454 1798 2717 1868 episcopis
2731 1798 3035 1868 frequenter
3048 1798 3395 1854 conveniebat
3413 1804 3469 1853 et
3480 1797 3650 1852 collo-

2059 1890 2179 1959 quia
2205 1890 2481 1957 miscebat,
2511 1891 2807 1961 p0puloque
2852 1905 2948 1945 suo
2971 1906 3153 1945 sanam
3184 1890 3481 1945 doctrinam
3510 1905 3652 1960 prai-

2059 1978 2238 2035 dicare
2260 1996 2367 2035 non
2394 1981 2700 2036 desistebat.
2724 1981 2861 2049 Quid
2882 1994 3057 2037 autem
3089 1983 3174 2037 illa
3206 1980 3654 2053 Pseudosynodus

2059 2080 2242 2126 contra
2263 2071 2702 2142 Cbrysostomum
2725 2073 3099 2142 pronuntiarit,
3124 2088 3230 2128 non
3247 2073 3494 2127 convenit
3512 2072 3654 2126 inter

2061 2164 2347 2232 scriptores
2372 2182 2385 2219 :
2409 2174 2720 2235 certumque
2744 2177 2917 2220 tamen
2959 2166 3170 2221 videtur
3190 2168 3332 2236 ipsos
3364 2166 3497 2219 hanc
3520 2180 3648 2234 pro-

2060 2255 2247 2310 tulisse
2267 2258 2581 2312 sententiam
2601 2300 2616 2322 ,
2639 2272 2669 2312 a
2696 2257 2822 2313 sede
2847 2258 3151 2327 pellendum
3183 2272 3302 2313 esse
3327 2272 3448 2312 eum
3465 2298 3478 2320 ,
3500 2255 3590 2326 qui
3615 2270 3648 2308 a

2059 2346 2274 2418 Synodo
2306 2348 2587 2403 damnatus
2626 2359 2680 2404 et
2722 2348 2996 2419 depositus
3020 2391 3035 2415 ,
3078 2348 3261 2404 sedem
3307 2363 3457 2403 suam
3489 2361 3648 2417 repe-

2060 2440 2238 2495 tierat.

2132 2533 2334 2589 Deinde
2360 2548 2488 2590 vero
2529 2533 2825 2590 Antiochus
2853 2533 3161 2604 Imperatori
3206 2532 3373 2588 suasit
3398 2539 3458 2587 ut
3478 2571 3495 2597 ,
3521 2545 3647 2586 cum

2055 2623 2165 2695 jam
2207 2625 2411 2681 Pascha
2454 2626 2788 2691 immineret,
2819 2626 3031 2697 juberet
3059 2626 3354 2695 Imperator
3379 2612 3671 2680 Joannem'

2060 2734 2126 2774 ex
2156 2719 2393 2775 Ecclesia
2418 2720 2600 2789 egredi
2634 2719 2652 2787 (
2671 2718 2811 2774 Pall.
2844 2738 2897 2789 ρ.
2928 2719 3052 2790 8|).
3096 2719 3178 2774 Illi
3204 2734 3407 2774 morem
3446 2733 3640 2790 gerens

2060 2810 2349 2877 Arcadius,
2396 2810 2587 2866 Joanni
2634 2810 2905 2865 mandavit
2956 2819 3015 2865 ut
3056 2810 3293 2865 Ecclesia
3338 2809 3641 2864 excederet.

2062 2901 2360 2971 Respondit
2386 2901 2643 2969 Joannes,
2692 2917 2750 2956 se
2778 2917 2807 2955 a
2836 2902 2946 2956 Deo
2976 2901 3267 2957 Ecclesiam
3298 2900 3567 2969 accepisse
3590 2908 3647 2954 et

2060 2994 2128 3048 ab
2177 2995 2270 3049 illo
2321 2996 2439 3050 solo
2484 2995 2604 3064 ejici
2644 3009 2823 3064 posse.
2864 2994 2953 3049 Ait
2988 3009 3149 3064 porro
3178 2993 3426 3049 Socrates
3464 2993 3542 3062 (ι.
3586 2991 3641 3047 6.

2060 3102 2105 3140 c.
2135 3083 2241 3159 18)
2286 3086 2546 3141 Joannem
2596 3088 2951 3157 obsequutum
2977 3100 3098 3141 esse
3125 3084 3374 3140 mandato
3404 3084 3640 3153 Impera-

2060 3179 2211 3232 toris.
2259 3177 2457 3233 Contra
2502 3194 2630 3234 vero
2670 3178 2940 3233 Palladius
2971 3187 3151 3232 narrat
3199 3176 3421 3232 sabbato
3460 3186 3650 3231 sancto

2061 3283 2182 3323 cum
2209 3268 2311 3338 ipsi
2354 3268 2667 3323 mandatum
2692 3268 2760 3323 ab
2806 3269 3129 3338 imperatore
3168 3268 3389 3324 missum
3416 3266 3645 3331 fuisset,

2061 3360 2322 3415 Joannem
2389 3359 2578 3415 eadem
2625 3375 2746 3430 quae
2790 3368 2946 3415 antea
3001 3359 3343 3429 respondisse
3383 3356 3645 3427 (Pallad.

2060 3449 2318 3522 Dialog.).

2133 3542 2404 3597 Instabant
2424 3557 2637 3613 semper
2660 3543 2886 3598 Aeacius
2914 3549 2969 3598 et
3009 3541 3301 3597 Antiochus
3324 3583 3340 3609 ,
3367 3550 3423 3596 et
3449 3539 3646 3611 deponi

2060 3636 2319 3692 Joannem
2376 3637 2606 3708 ejicique
2654 3636 3017 3707 postulabant.
3067 3635 3307 3706 Cumque
3358 3635 3649 3704 Imperator

2062 3729 2289 3784 haereret
2315 3744 2377 3784 ac
2404 3741 2681 3785 vereretur
2700 3770 2715 3795 ,
2750 3738 2863 3783 tum
2893 3728 2995 3783 diei
3037 3716 3373 3782 sanctitatem
3395 3767 3410 3790 ,
3443 3734 3553 3779 tum
3581 3741 3649 3780 ne

2062 3832 2239 3877 motus
2280 3822 2460 3893 populi
2489 3823 2847 3888 excitaretur,
2881 3821 3067 3877 dixere
3115 3822 3341 3875 Aeacius
3367 3828 3422 3874 et
3460 3818 3650 3873 Antio-

2062 3916 2195 3971 chus
2227 3932 2241 3968 :
2274 3915 2329 3968 In
2358 3923 2518 3985 caput
2557 3923 2799 3969 nostrum
2839 3915 2909 3969 sit
2948 3913 3168 3969 Joannis
3196 3912 3479 3981 depositio.
3510 3910 3647 3965 Tum

2062 4005 2409 4076 quadraginta
2438 4006 2516 4060 illi
2541 4005 2776 4076 episcopi
2798 4046 2815 4073 ,
2841 4004 2931 4074 qui
2958 4019 3082 4059 cum
3121 4003 3326 4059 Joanne
3349 4002 3651 4057 consentie-

2063 4098 2227 4163 bant,
2254 4100 2633 4168 imperatorem
2667 4105 2722 4152 et
2762 4097 3053 4167 Augustam
3094 4096 3381 4162 adierunt,
3409 4094 3499 4165 qui
3537 4104 3648 4147 tum

2063 4192 2318 4264 martyria
2345 4207 2442 4248 seu
2468 4191 2727 4247 ecclesias
2756 4201 3018 4262 matyrum
3049 4189 3353 4244 invisebant
3374 4230 3390 4255 ,
3419 4186 3650 4241 obnixe-

2063 4298 2168 4354 que
2192 4283 2390 4352 precati
2412 4292 2536 4337 sunt
2559 4323 2574 4349 ,
2623 4290 2681 4336 ut
2709 4281 3000 4336 Ecclesiam
3026 4280 3115 4334 Dei
3149 4280 3200 4334 in
3222 4293 3354 4350 pace
3379 4277 3650 4347 relinque-

2067 4380 2226 4440 rent,
2254 4374 2593 4442 maximeque
2621 4381 2841 4443 propter
2869 4371 3071 4427 Pascha
3101 4379 3157 4426 et
3199 4378 3418 4440 propter
3437 4384 3530 4424 eos
3558 4368 3648 4437 qni

2069 4465 2424 4537 regenerandi
2462 4473 2637 4521 erant.
2667 4467 2746 4520 Ac
2773 4480 2894 4519 cum
2918 4464 3046 4517 nihil
3075 4464 3362 4533 impetrare
3390 4471 3647 4531 possent,

2068 4558 2283 4625 Paulus,
2305 4558 2587 4629 episc0pus
2626 4556 2840 4621 Cratini,
2869 4555 3117 4611 clamavit
3144 4572 3158 4609 :
3187 4553 3445 4617 Eudoxia,
3482 4552 3647 4606 Deum

2070 4654 2197 4708 time
2216 4693 2231 4719 ,
2260 4661 2469 4706 tuorum
2498 4650 2787 4706 liberorum
2816 4648 3107 4703 miserere:
3140 4661 3313 4717 neque
3337 4645 3504 4699 violes
3525 4658 3651 4698 san-

2069 4755 2207 4800 ctam
2234 4744 2433 4798 Christi
2472 4743 2865 4798 solemnitatem
2896 4740 3169 4811 sanguinis
3199 4738 3480 4795 ell‘usione.
3516 4737 3649 4792 Tum

2070 4837 2145 4892 illi
2173 4835 2518 4907 quadraginta
2548 4835 2784 4907 episcopi
2812 4834 2991 4890 maesti
3016 4833 3083 4888 ad
3103 4832 3396 4888 diversoria
3419 4845 3478 4886 se
3498 4845 3652 4886 rece-

2072 4942 2200 4999 pere
2226 4941 2342 4982 sua.

2144 5018 2334 5074 Milites
2349 5018 2609 5073 ecclesiam
2625 5014 3327 5085 invadunt.—Primipilares
3343 5028 3471 5068 vero
3485 5010 3655 5084 Chry-

2075 5114 2297 5169 sostomi
2335 5112 2519 5168 hostes
2585 5111 2736 5167 illum
2782 5108 3067 5166 detrudere
3114 5108 3406 5178 cogitantes
3445 5105 3657 5176 (Chrys.

2079 5205 2188 5259 ιλ).
2212 5220 2259 5259 c.
2283 5202 2530 5261 552.n.5
2562 5202 2581 5275 )
2609 5246 2625 5271 ,
2665 5218 2787 5259 cum
2832 5201 3172 5272 Imperatoris
3206 5201 3389 5271 copias
3430 5199 3497 5254 ad
3543 5215 3657 5255 nia-

2078 5313 2207 5352 num
2235 5296 2502 5352 haberent
2523 5338 2538 5363 ,
2560 5295 2841 5351 collectam
2872 5294 3098 5349 militum
3127 5303 3352 5347 turmam
3377 5292 3660 5347 miserunt.

2079 5386 2134 5442 In
2160 5388 2277 5458 ipso
2305 5387 2527 5442 sabbato
2558 5396 2746 5442 sancto
2790 5384 2857 5440 ad
2887 5400 3165 5455 vesperam
3211 5384 3263 5439 in
3300 5383 3555 5439 ecclesias
3583 5382 3664 5435 in-

2078 5481 2246 5551 gressi
2285 5480 2505 5547 milites,
2538 5480 2752 5535 Clerum
2783 5494 2998 5533 omnem
3032 5479 3121 5548 qui
3151 5493 3273 5532 cum
3315 5476 3521 5532 Joanne
3549 5487 3666 5530 erat

2078 5573 2352 5640 ejecerunt
2374 5613 2390 5635 ,
2419 5579 2474 5626 et
2498 5571 2662 5625 armis
2678 5570 3037 5625 sanctuarium
3058 5568 3290 5637 undique
3310 5566 3657 5621 obsederunt.

2080 5664 2328 5719 Mulieres
2355 5678 2567 5733 quoque
2595 5676 2865 5716 sacrarum
2896 5660 3087 5716 tedium
3110 5701 3124 5727 ,
3156 5676 3275 5730 qua:
3317 5674 3375 5713 se
3402 5666 3662 5712 exuerant

2080 5767 2139 5812 ut
2168 5755 2582 5827 baptizarentur,
2613 5763 2758 5809 metu
2782 5754 3078 5823 perterrita:
3098 5791 3115 5817 ,
3149 5750 3303 5805 nuda:
3326 5748 3663 5820 aufugerunt;

2084 5864 2256 5911 neque
2286 5848 2427 5905 enim
2467 5846 2861 5904 concedebatur
2889 5845 2992 5902 illis
3020 5853 3076 5900 ut
3104 5859 3163 5900 se
3212 5843 3484 5908 velareut,
3533 5841 3664 5897 sicut
