4096 6392
405 400 503 458 9H

398 519 648 572 mulieres
687 517 936 571 honestas
963 515 1135 572 decet.
1175 515 1351 572 Multa:
1385 517 1545 572 etiam
1589 516 1820 586 acceptis
1848 514 1960 568 vul—

396 608 612 663 neribus
633 607 1006 679 cjiciebantur,
1037 617 1092 665 et
1125 609 1380 679 sanguine
1419 607 1774 679 implebantur
1800 605 1960 676 pisci-

393 714 473 751 nae
495 739 510 764 ,
540 713 833 768 cruoreque
861 701 996 754 sacri
1027 699 1211 756 latices
1249 699 1619 754 rubescebant.
1667 698 1848 768 Neque
1877 697 1964 752 hic

397 808 570 845 rerum
613 793 731 846 linis
757 791 854 846 fuit
883 810 896 846 :
929 793 980 846 in
1009 793 1182 847 locum
1212 793 1372 848 etiam
1403 793 1454 846 in
1495 806 1600 862 quo
1628 801 1810 846 sancta
1833 804 1964 845 eon-

395 883 504 937 dita
525 869 1124 954 servabanturingressi
1159 893 1283 938 sunt
1324 884 1520 938 milites
1581 897 1808 954 quorum
1859 882 1960 937 ali-

399 984 530 1044 quot
586 976 748 1028 nullis
797 975 982 1029 initiati
1042 983 1194 1029 erant
1245 975 1512 1046 mysteriis
1546 1014 1561 1040 ,
1611 973 1964 1039 videruntque

393 1076 569 1120 tamen
596 1066 771 1120 omnia
806 1082 922 1137 quae
949 1066 1089 1120 intus
1117 1066 1497 1121 servabantur:
1521 1065 1645 1135 quin
1667 1074 1720 1118 et
1739 1056 1963 1118 sanctis-

392 1157 558 1212 simus
577 1156 773 1212 Christi
807 1158 1018 1227 sanguis
1035 1167 1091 1211 ut
1112 1158 1162 1212 in
1197 1158 1284 1212 tali
1312 1157 1540 1211 tumultu
1561 1156 1801 1211 accidere
1821 1163 1965 1226 pote-

395 1259 498 1317 rat,
533 1252 584 1304 in
607 1251 833 1306 militum
863 1246 1041 1307 v'estcs
1063 1251 1264 1306 effusus
1286 1262 1387 1307 est.
1416 1252 1566 1308 Tunc
1593 1253 1768 1306 omnia
1783 1267 1880 1306 ceu
1909 1251 1962 1306 in

395 1339 668 1396 barbarica
700 1343 994 1412 irruptione
1025 1352 1228 1412 patrata
1255 1343 1478 1398 vidisses
1509 1361 1521 1396 :
1550 1343 1803 1412 vulgusin
1833 1341 1964 1397 soli-

395 1433 630 1488 tudinem
668 1435 972 1505 fugabatur;
1001 1435 1284 1491 multitudo
1317 1435 1489 1490 omnis
1519 1443 1666 1490 extra
1695 1433 1963 1490 civitatem

394 1525 741 1592 versabatur;
763 1538 1021 1598 erantque
1047 1528 1288 1582 ecclesia:
1310 1529 1362 1582 in
1382 1537 1524 1582 tanta
1543 1525 1825 1582 festivitate
1843 1541 1962 1580 om-

396 1616 524 1670 nino
563 1633 764 1671 vacuzc.
799 1618 1044 1688 EpiscOpi
1069 1620 1189 1690 plus
1219 1617 1563 1688 quadraginta
1583 1659 1598 1684 ,
1629 1617 1718 1688 qui
1745 1615 1965 1672 Joannis

394 1709 662 1762 consortio
694 1707 1021 1775 fruebantur,
1043 1725 1164 1763 cum
1186 1709 1343 1764 Clero
1369 1718 1423 1763 et
1443 1710 1634 1778 populo
1662 1709 1778 1762 sine
1806 1721 1964 1762 causa

399 1799 454 1852 in
483 1795 656 1867 fugam
704 1799 842 1852 versi
891 1809 1033 1851 sunt.
1084 1799 1373 1854 Horrendis
1422 1798 1719 1868 hujusmodi
1756 1797 1966 1866 ﬂagitiis

397 1888 572 1942 omnia
601 1887 760 1942 mixta
793 1889 1107 1958 turbataque
1133 1898 1284 1943 erant
1315 1907 1328 1942 :
1363 1889 1556 1958 ubique
1583 1904 1678 1957 per
1703 1889 1813 1941 fora
1833 1928 1847 1952 ,
1873 1902 1967 1956 per

395 1979 585 2034 domos
608 2019 622 2043 ,
645 1994 740 2047 per
764 1979 1078 2033 Solitudines
1098 2020 1113 2045 ,
1141 1995 1237 2049 per
1276 1995 1462 2033 omnes
1490 1980 1718 2033 civitatis
1755 1986 1930 2048 partes
1948 2018 1963 2041 ,

397 2070 572 2122 omnia
614 2069 856 2122 lamentis
878 2111 893 2135 ,
921 2069 1234 2139 ejulatibus,
1265 2078 1319 2123 et
1349 2068 1580 2123 fontibus
1614 2069 1964 2138 lacrymarum

404 2159 554 2225 plena
579 2174 594 2222 ;
624 2167 806 2212 utnon
835 2159 992 2212 modo
1012 2160 1099 2230 qui
1132 2160 1182 2213 in
1205 2161 1452 2214 aerumnis
1472 2159 1846 2222 versabantur,
1873 2156 1968 2211 sed

396 2258 450 2301 et
477 2248 569 2316 qui
599 2247 725 2302 nihil
750 2250 853 2302 tale
879 2250 1242 2318 patiebantur;
1267 2266 1371 2304 non
1391 2249 1647 2304 Catholici
1673 2247 1849 2312 modo,
1873 2247 1968 2302 sed

395 2339 555 2392 etiam
586 2339 839 2405 hmretici,
862 2339 1050 2406 Judaei,
1071 2340 1361 2395 idololatrae
1381 2355 1501 2394 cum
1522 2338 1806 2394 Catholicis
1824 2337 1970 2393 dole-

401 2436 520 2484 rent
549 2445 562 2483 :
597 2439 651 2483 et
671 2431 820 2500 quasi
842 2441 1138 2501 expugnata
1160 2431 1225 2486 ab
1250 2431 1490 2486 hostibus
1517 2432 1757 2496 civitate,
1782 2430 1970 2484 tumul-

398 2529 488 2588 tu,
521 2521 871 2589 trepidatione
897 2531 951 2576 et
972 2523 1184 2591 planctu
1215 2522 1369 2592 plena
1413 2531 1565 2576 erant
1591 2522 1790 2576 omnia.

467 2611 630 2667 Addit
652 2627 780 2666 vero
816 2613 1229 2684 Chrysostomus
1271 2615 1393 2668 talia
1433 2627 1591 2667 ausos
1632 2628 1751 2667 esse
1795 2613 1970 2666 inimi-

397 2719 492 2759 cos
514 2713 708 2774 praeter
728 2707 1043 2760 sententiam
1072 2707 1292 2776 piissimi
1318 2705 1678 2776 Imperatoris.
1708 2706 1967 2760 Nimirum

400 2797 570 2850 bonus
595 2810 660 2852 ac
688 2797 829 2850 mitis
854 2796 1139 2862 Arcadius,
1170 2797 1261 2866 qui
1281 2797 1349 2851 ab
1389 2797 1705 2851 adversariis
1734 2798 1968 2868 Chryso-

396 2886 555 2940 stomi
574 2885 855 2954 deceptus,
881 2887 1180 2955 pellendum
1201 2887 1350 2941 illum
1376 2901 1496 2941 esse
1521 2895 1833 2948 censuerat,
1859 2901 1966 2939 non

399 2977 616 3046 putabat
640 2993 876 3048 eousque
916 2994 1261 3047 processuros
1303 2993 1423 3034 esse
1457 2979 1867 3033 consceleratos.
1913 2976 1970 3032 Id

402 3080 558 3125 nocte
599 3070 794 3135 multa,
825 3072 994 3140 inquit
1033 3070 1301 3136 Joannes,
1332 3072 1527 3124 factum
1553 3079 1668 3136 est,
1707 3069 1969 3139 cpiscOpis

403 3162 516 3216 haec
543 3161 926 3218 instruentibus
943 3203 958 3225 ,
991 3172 1044 3216 et
1071 3163 1248 3216 multis
1271 3163 1320 3215 in
1353 3162 1484 3216 locis
1500 3161 1715 3215 ordines
1735 3159 1973 3215 ducenti-

400 3254 532 3319 bus,
562 3269 658 3308 nec
685 3254 1122 3310 erubescentibus
1146 3295 1160 3317 ,
1192 3253 1330 3323 quod
1358 3268 1456 3322 pro
1495 3252 1733 3307 diaconis
1770 3250 1970 3320 campi—

399 3345 648 3401 ductores
672 3346 928 3400 baberent
952 3353 1271 3415 prmeuntes.

470 3437 585 3491 Alia
605 3438 840 3491 violenter
860 3438 1193 3492 (λειω-ΗΜ
1210 3437 1638 3508 Chrysostomus,
1663 3435 1748 3489 ubi
1775 3434 1972 3488 adver-

401 3537 481 3581 tas
504 3529 672 3596 ipsum
694 3527 875 3582 dicere
903 3528 1074 3596 primo
1099 3527 1212 3580 haec
1235 3528 1286 3579 iu
1313 3541 1532 3595 veSpera
1561 3526 1764 3580 sabbati
1803 3526 1971 3580 sancti

399 3630 572 3690 empta
597 3660 612 3682 ,
641 3630 696 3674 et
714 3619 953 3689 qutedam
977 3619 1138 3673 multa
1166 3629 1324 3673 nocte
1349 3620 1481 3672 facta
1500 3659 1514 3681 ,
1539 3618 1589 3672 in
1612 3618 1850 3673 ecclesiis
1873 3633 1969 3671 au-

403 3721 506 3764 tem
533 3709 850 3778 quibusdam
879 3709 992 3764 haec
1037 3718 1236 3779 patrata
1278 3707 1439 3763 fuisse
1479 3708 1626 3763 dicit.
1653 3707 1785 3762 Cum
1814 3723 1972 3777 porro

400 3815 462 3852 ex
491 3798 731 3853 ecclesiis
759 3800 828 3852 ita
863 3800 995 3868 pulsi
1037 3799 1264 3854 fuissent
1301 3799 1519 3853 Joannis
1565 3799 1886 3869 presbyteri,
1920 3799 1971 3853 in

402 3889 614 3958 publico
657 3889 867 3944 lavacro
890 3931 903 3953 ,
936 3890 1078 3957 quod
1107 3891 1518 3944 Coustantiauas
1549 3890 1786 3944 thermas
1812 3904 1972 3944 voca-

402 3982 528 4033 bant
569 3980 875 4035 convocatis
918 3981 1126 4050 populis
1174 3981 1380 4049 vigilias
1420 3981 1674 4050 agebant,
1707 3982 1793 4035 alii
1825 3981 1971 4036 Scri-

402 4082 582 4141 pturas
595 4072 802 4127 divinas
821 4073 1076 4142 legentes,
1093 4072 1178 4126 alii
1197 4072 1606 4128 catechumenos
1625 4073 1970 4143 baptizantes,

403 4176 460 4221 ot
503 4168 664 4221 moris
710 4177 825 4222 erat
874 4167 926 4220 in
973 4167 1227 4222 Pascbate
1276 4167 1520 4240 (Pallad.
1566 4167 1772 4239 Dialog.
1823 4168 1972 4224 Socr.

400 4261 438 4311 ι.
462 4259 547 4313 I6.
568 4275 616 4311 ε.
645 4258 730 4313 18.
762 4259 966 4313 Sozam.
993 4261 1031 4314 ι.
1060 4260 1112 4314 8.
1141 4275 1188 4314 c.
1217 4259 1278 4313 2|
1310 4261 1349 4329 ).
1375 4260 1522 4314 Tunc
1545 4261 1852 4319 Antiochus.
1879 4261 1976 4316 Sc-

401 4351 648 4405 verianus
676 4359 731 4403 et
755 4352 978 4405 Aeacius
1008 4351 1264 4405 Patronos
1289 4361 1506 4421 rogant,
1539 4361 1595 4404 ut
1626 4353 1799 4421 populi
1825 4368 1855 4406 a
1886 4353 1974 4406 tali

399 4454 664 4499 conventu
693 4454 1016 4498 arcerentur.
1046 4443 1287 4514 Magister
1305 4458 1504 4506 autem,
1532 4444 1616 4498 vir
1641 4446 1853 4514 probus.
1885 4445 1977 4498 ab-

403 4536 599 4591 nuebat
611 4548 662 4591 et
681 4545 822 4591 tanta
840 4546 995 4590 noctu
1019 4537 1213 4591 inferre
1234 4538 1371 4591 mala
1388 4537 1582 4606 popqu
1594 4537 1826 4593 nolebat.
1841 4539 1974 4592 Tum

402 4628 630 4682 Aeacius
660 4627 846 4682 timere
874 4643 934 4682 se
960 4626 1118 4692 dixit,
1149 4644 1215 4682 ne
1239 4628 1284 4681 si
1309 4628 1597 4698 Imperator
1620 4629 1671 4683 in
1697 4630 1976 4684 ecclesiam

401 4719 620 4775 veniens
641 4717 784 4774 illam
803 4735 1019 4774 vacuam
1050 4721 1322 4786 inveniret,
1345 4730 1468 4776 tunc
1485 4722 1661 4791 populi
1676 4737 1799 4791 erga
1819 4720 1978 4776 Joan-

403 4826 522 4866 nem
545 4811 964 4868 benevolentiam
991 4813 1323 4883 intelligerct,
1354 4829 1484 4868 neve
1510 4828 1569 4868 se
1589 4824 1644 4869 ut
1661 4814 1866 4868 invidos
1885 4813 1978 4867 ha-

401 4902 568 4956 beret.
589 4902 906 4973 Urgentibus
925 4903 1048 4965 illis,
1069 4904 1286 4958 Lucium
1307 4905 1394 4959 ille
1411 4904 1690 4974 quemdam
1707 4906 1975 4960 etlmicum

397 4995 552 5062 jussit
577 5009 696 5048 cum
720 4995 1082 5049 Scutariorum
1115 5009 1270 5047 manu
1293 4994 1384 5047 illo
1412 5009 1470 5048 se
1492 4994 1754 5050 conferre.
1786 4984 1978 5050 Lucius

401 5101 527 5140 vero
545 5101 665 5140 cum
685 5087 932 5155 populum
952 5085 1072 5138 inde
1091 5085 1346 5139 excedere
1365 5085 1506 5140 nolle
1527 5086 1765 5150 vidisset,
1793 5101 1976 5142 rever-

401 5192 491 5230 sus
518 5187 617 5230 est.
647 5176 795 5230 Tunc
819 5176 1043 5230 Aeacius
1075 5186 1128 5230 et
1152 5175 1278 5230 socii
1307 5175 1476 5244 ipsum
1517 5175 1780 5244 deprecati
1821 5186 1974 5240 sunt,

404 5265 678 5334 promissis
705 5265 862 5319 etiam
899 5265 1113 5331 additis,
1145 5276 1199 5319 ut
1229 5266 1477 5335 pupulum
1508 5267 1555 5319 vi
1588 5266 1808 5335 pelleret
1831 5276 1886 5321 et
1908 5267 1976 5322 ad

400 5357 676 5411 ecclesiam
695 5357 999 5411 adduceret.
1016 5357 1160 5412 Tunc
1187 5357 1272 5411 ille
1289 5359 1572 5425 assumptis
1595 5373 1774 5411 secum
1802 5359 1977 5413 Acacii

399 5447 608 5503 clericis
638 5448 864 5503 secunda
894 5448 1068 5518 vigilia
1094 5450 1267 5504 noctis
1293 5449 1381 5504 illo
1407 5465 1465 5504 se
1491 5451 1729 5512 confert,
1777 5459 1976 5504 etcum

401 5541 656 5594 militibus
697 5541 893 5594 strictis
921 5541 1141 5610 gladiis,
1191 5541 1242 5594 in
1283 5540 1667 5598 multitudinem
1713 5541 1973 5610 irrumpit,

404 5643 649 5700 penetrat
677 5646 839 5701 usque
864 5632 930 5685 ad
973 5643 1183 5687 sanctas
1209 5647 1372 5701 aquas
1395 5672 1409 5692 ,
1443 5641 1497 5684 ut
1538 5632 1841 5701 prohiberet
1884 5647 1976 5686 eos

403 5724 492 5791 qni
547 5723 889 5778 initiabantur
922 5724 1278 5778 Sacratnentis
1307 5725 1590 5778 Dominiczc
1617 5725 1976 5779 Resurrectio-

305 5847 310 5854 .
400 5813 480 5866 nis
500 5824 580 5869 :ct
605 5816 877 5870 diaconum
902 5817 1224 5871 truculcnter
1245 5817 1493 5870 invadens
1513 5817 1749 5888 symbolo
1774 5815 1952 5870 effudit

1463 402 1518 456 S.
1557 398 1836 458 JOANNIS
1871 397 2344 456 CIIBYSOSTOMI
2385 400 2565 464 VITA,

3554 397 3654 455 21‘]

2067 515 2408 584 presbyteros
2435 529 2563 569 vero
2585 512 2898 584 grandtcvos
2915 511 3138 568 fustibus
3157 513 3212 566 in
3241 521 3413 582 capite
3437 511 3647 576 feriens,

2064 617 2270 659 sacrum
2292 604 2487 661 fontem
2505 620 2694 661 cruore
2712 607 3024 676 conspersit.
3046 606 3194 660 Tunc
3212 620 3322 660 rem
3343 605 3651 674 stupendam

2064 695 2243 749 videre
2271 705 2404 749 erat.
2431 695 2597 750 Nudae
2617 696 2759 751 enim
2785 697 3034 751 mulieres
3053 711 3174 753 cum
3199 697 3322 753 viris
3349 699 3480 762 suis,
3507 707 3650 752 metu

2064 787 2251 841 mortis
2272 795 2328 842 et
2356 801 2421 841 ex
2447 788 2764 842 verecundia
2785 789 2924 857 turpi
2947 802 3006 844 se
3030 786 3168 858 fugte
3192 787 3414 842 dabant:
3438 787 3648 857 quidam

2064 895 2222 934 manu
2264 881 2524 936 vulnerati
2556 881 2770 936 abibant
2813 882 3102 951 plorantes.
3133 882 3210 936 Ex
3239 881 3493 936 militibus
3525 896 3650 936 vero

2064 972 2300 1024 nonnulli
2347 971 2576 1041 virgines
2603 971 2814 1026 trahere
2853 972 3138 1027 conscissis
3166 971 3332 1027 sacris
3375 969 3646 1026 vestibus:

2063 1077 2250 1120 omnes
2280 1074 2455 1119 autem
2479 1079 2629 1119 sacra
2657 1080 2778 1120 vasa
2809 1064 3136 1134 deprtcdare,
3162 1066 3262 1121 sibi
3287 1081 3494 1135 rapere.
3518 1065 3646 1120 Pre-

2064 1157 2262 1229 sbyteri
2294 1158 2573 1213 etdiaconi
2600 1157 2652 1212 in
2679 1173 2947 1214 carcerem
2978 1159 3346 1214 trudebantur.
3377 1159 3432 1212 In
3457 1159 3649 1228 populo

2063 1248 2150 1317 qui
2182 1247 2549 1304 honoratiores
2575 1257 2743 1314 erant,
2777 1264 2841 1304 ex
2865 1265 3053 1320 magna
3080 1250 3168 1304 illa
3191 1250 3320 1305 urbe
3343 1252 3478 1320 pulsi
3506 1260 3644 1306 sunt.

2064 1340 2248 1396 Edicta
2277 1338 2552 1396 confertim
2581 1341 2982 1412 publicabantur
3003 1382 3018 1408 ,
3049 1357 3168 1396 cum
3197 1341 3358 1396 minis
3381 1345 3650 1398 intentatis

2064 1429 2123 1484 in
2147 1445 2259 1495 eos,
2287 1431 2375 1501 qui
2404 1448 2434 1486 a
2462 1430 2681 1486 Joannis
2711 1433 3085 1488 communione
3114 1447 3218 1487 non
3247 1433 3576 1490 recederent.

2141 1521 2232 1576 Illa
2268 1538 2400 1578 vero
2431 1525 2608 1578 omnia
2647 1523 3000 1579 moliebantur
3027 1525 3250 1580 Aeacius
3293 1533 3353 1580 et
3373 1526 3648 1582 conscele-

2063 1611 2209 1677 rati,
2236 1621 2297 1667 ut
2324 1628 2387 1669 ex
2422 1614 2485 1668 iis
2530 1614 2661 1669 locis
2707 1614 2906 1684 ejectus
2933 1614 3158 1684 populus
3183 1615 3235 1668 in
3271 1615 3548 1670 ecclesiam
3591 1630 3648 1669 se

2064 1702 2349 1770 conferret,
2375 1705 2425 1758 in
2454 1720 2555 1774 qua
2584 1706 2681 1774 ipsi
2711 1706 2862 1775 pulso
2885 1705 3086 1761 Joanne
3122 1705 3435 1760 celebraturi
3466 1715 3638 1763 erant.

2067 1796 2260 1851 Verum
2285 1796 2520 1851 ecclesia:
2549 1812 2683 1866 pene
2708 1812 2896 1852 omnes
2933 1812 3112 1850 vacua:
3140 1805 3485 1852 manserunt:
3514 1812 3648 1866 pau-

2065 1887 2262 1942 cissimi
2292 1888 2432 1942 enim
2460 1897 2611 1942 crant
2629 1930 2643 1956 ,
2673 1889 2761 1958 qui
2789 1904 2821 1943 a
2846 1887 3067 1943 Joannis
3095 1887 3470 1944 communione
3497 1904 3644 1944 rece-

2066 1979 2274 2034 derent.

2137 2073 2310 2126 Clarus
2336 2081 2380 2126 et
2407 2073 2624 2142 papulas
2650 2073 2703 2125 in
2732 2088 2855 2142 agro
2887 2072 3121 2127 collectus
3164 2073 3435 2127 invaditur.
3457 2103 3526 2113 —
3545 2071 3646 2128 Ubi

2068 2179 2197 2218 vero
2223 2165 2392 2219 illuxit
2417 2165 2686 2220 Paschatis
2710 2165 2845 2231 dies,
2872 2166 3044 2220 omnis
3071 2167 3255 2222 civitas
3283 2176 3429 2221 extra
3459 2182 3639 2221 muros

2071 2258 2122 2311 in
2147 2257 2320 2311 locum
2350 2260 2564 2311 nomine
2586 2258 2841 2327 Pempton
2879 2257 3218 2329 demigravit:
3257 2259 3432 2328 ibique
3470 2258 3646 2327 populi

2072 2349 2411 2404 festivitatem
2439 2351 2772 2405 celebravere
2797 2351 2945 2420 quasi
2972 2366 3098 2405 oves
3118 2351 3372 2420 dispersa:
3392 2350 3636 2422 (Pallad.

2071 2440 2326 2512 Dialog.).
2348 2442 2635 2510 Imperator
2662 2451 2837 2498 autem
2867 2456 3113 2513 egressus
3137 2451 3238 2510 est,
3259 2451 3316 2497 ut
3341 2457 3461 2498 sese
3489 2457 3648 2498 exer-

2075 2539 2220 2586 ceret
2247 2532 2299 2585 in
2325 2531 2501 2586 vicino
2526 2548 2732 2602 campo,
2766 2533 2999 2604 viditque
3021 2549 3205 2604 agrum
3232 2549 3338 2588 non
3363 2535 3642 2598 consitum,

2074 2631 2355 2692 tamenque
2382 2623 2717 2689 candentem,
2747 2627 2866 2692 quia
2887 2641 3078 2696 nempe
3098 2626 3132 2680 ii
3163 2640 3348 2681 omnes
3366 2626 3455 2697 qui
3475 2642 3643 2695 nuper

2073 2713 2322 2782 baptizati
2355 2713 2589 2780 fuerant,
2617 2715 2856 2772 candidis
2880 2719 3117 2773 vestibus
3155 2718 3321 2773 induti
3359 2727 3528 2773 erant.
3556 2717 3646 2773 Ait

2071 2819 2230 2874 porro
2257 2805 2582 2861 Sozomenus
2617 2807 2792 2862 locum
2823 2808 2968 2864 illum
3007 2807 3172 2864 fuisse
3201 2826 3356 2880 quem
3388 2810 3648 2866 Constan-

2071 2895 2173 2949 tius
2196 2895 2260 2950 ad
2287 2896 2442 2951 ludos
2483 2898 2752 2953 circenses
2794 2900 3257 2968 complanaverat,
3289 2910 3343 2957 et
3385 2903 3649 2958 asseribus

2067 2986 2692 3056 circumsepserat.Erant
2706 2998 2880 3043 autem
2899 2990 2970 3045 illi
2986 2991 3223 3046 candidis
3241 2991 3403 3046 induti
3421 2993 3651 3046 vestibus

2071 3084 2152 3128 ter
2179 3076 2322 3130 mille
2345 3077 2558 3132 circiter
2585 3093 2825 3134 numero.
2855 3080 3188 3149 Stupefactus
3207 3081 3463 3136 Arcadius
3485 3084 3650 3138 inter-

2068 3168 2287 3237 rogabat
2311 3170 2552 3238 quisnam
2573 3169 2660 3225 ille
2673 3179 2842 3226 coetus
2865 3180 3024 3226 esset.
3048 3173 3121 3226 Illi
3144 3188 3294 3240 vero,
3324 3189 3354 3228 a
3381 3175 3651 3228 conscele-

2069 3261 2200 3313 ratis
2226 3258 2444 3314 Joannis
2474 3261 2699 3316 inimicis
2727 3262 2949 3316 instituti
2975 3304 2988 3327 ,
3016 3264 3402 3332 responderunt
3441 3265 3652 3320 Inereti.

2070 3365 2254 3404 corum
2297 3360 2491 3405 emtum
2522 3365 2657 3406 esse.
2692 3351 2800 3406 Nec
2827 3368 2974 3407 mora
3004 3353 3078 3407 illi
3111 3356 3360 3409 saeviores
3387 3371 3452 3412 ex
3491 3356 3648 3410 satel-

2071 3444 2250 3498 litibus
2276 3445 2488 3498 mittunt
2508 3459 2536 3496 a
2569 3453 2715 3513 tergo
2735 3483 2751 3509 ,
2781 3444 2869 3513 qui
2893 3444 3160 3501 auditores
3187 3446 3447 3516 dissipent
3470 3456 3523 3501 et
3547 3447 3644 3500 do-

2071 3544 2248 3589 ctores
2272 3533 2744 3603 comprehendant.
2773 3535 2904 3588 Tum
2933 3537 3108 3590 clerici
3130 3539 3268 3606 capti
3290 3547 3432 3604 sunt,
3456 3546 3508 3591 et
3526 3552 3644 3591 cum

2073 3625 2174 3680 illis
2205 3625 2320 3680 laici
2357 3625 2604 3696 quidam:
2633 3626 3034 3695 comprehensa:
3077 3637 3201 3681 sunt
3228 3629 3387 3682 etiam
3417 3643 3645 3684 virorum

2073 3716 2328 3771 nobilium
2353 3717 2627 3785 conjuges,
2659 3733 2881 3786 quarum
2908 3718 3025 3773 aliis
3055 3720 3187 3788 rapti
3218 3717 3470 3774 mafortes
3493 3731 3645 3786 sunt,

2072 3806 2192 3860 aliis
2220 3807 2431 3860 inaures
2473 3821 2594 3860 cum
2628 3815 2867 3863 extrema
2891 3810 3034 3863 auris
3060 3809 3337 3878 particula.
3378 3811 3502 3865 [huc
3527 3827 3644 3866 cum

2075 3897 2275 3952 videret
2319 3897 2589 3954 Eleutheri
2617 3899 2891 3967 cujusdam
2929 3915 3064 3953 uxor
3088 3900 3512 3970 opulentissima,
3560 3919 3643 3957 re-

2074 3988 2201 4043 licto
2220 3989 2460 4055 maforte,
2484 3999 2538 4044 et
2561 3998 2709 4044 veste
2723 3989 2962 4044 ancillari
2980 4001 3270 4060 assumpta,
3289 4006 3448 4046 cursu
3468 3992 3647 4047 civita-

2077 4088 2182 4133 tem
2215 4079 2384 4148 petiit,
2432 4089 2488 4133 ut
2517 4079 2818 4148 pudicitiam
2847 4091 3122 4144 servaret;
3149 4090 3264 4135 erat
3287 4082 3428 4136 enim
3456 4083 3645 4138 decora

2075 4169 2209 4222 facie
2238 4179 2290 4223 et
2309 4169 2535 4238 eleganti
2560 4168 2746 4223 forma.
2775 4169 2863 4224 Sic
2880 4185 3122 4226 carceres
3166 4172 3366 4241 impleti
3395 4182 3518 4227 sunt
3543 4188 3644 4228 non

2076 4262 2180 4315 reis
2204 4271 2257 4314 et
2277 4261 2533 4327 scelestis,
2554 4261 2645 4316 sed
2665 4261 3090 4317 confessoribns:
3119 4273 3278 4333 atque
3303 4266 3380 4319 sic
3406 4264 3457 4319 in
3478 4266 3648 4320 eccle-

2078 4351 2182 4405 sias
2209 4345 2392 4403 mutati
2415 4360 2556 4404 sunt.
2581 4352 2647 4405 Et
2663 4351 2803 4421 quod
2825 4352 3017 4406 mirum
3039 4353 3298 4421 videatur,
3320 4354 3443 4408 dum
3467 4356 3644 4426 hymni

2076 4451 2131 4495 et
2158 4441 2452 4496 oblationes
2480 4441 2534 4496 in
2564 4443 2864 4498 carceribus
2884 4443 3290 4512 peragebantur,
3319 4443 3500 4514 ﬂagra,
3523 4460 3643 4500 cru-

2077 4533 2245 4585 ciatus
2272 4540 2328 4585 et
2351 4531 2623 4587 horribilia
2645 4534 2944 4602 juramenta
2973 4535 3024 4587 in
3050 4536 3288 4590 ecclesiis
3309 4551 3432 4606 erga
3457 4539 3646 4592 multos

2079 4622 2485 4689 adhibebantur,
2521 4635 2578 4676 ut
2601 4623 2860 4678 Joannem
2903 4624 3239 4680 anathemate
3278 4625 3527 4681 damnare
3555 4643 3646 4682 co-

2077 4723 2345 4783 gerentur.
2380 4714 2458 4767 Ex
2486 4713 2576 4767 illo
2603 4724 2778 4768 autem
2807 4724 3044 4784 tempore
3071 4716 3231 4770 variis
3263 4717 3314 4770 in
3343 4717 3471 4771 locis
3493 4717 3646 4772 modo

2080 4805 2218 4868 istic,
2243 4804 2401 4858 modo
2433 4805 2541 4858 illic
2570 4805 2987 4870 conveniebant;
3033 4814 3086 4860 et
3129 4807 3248 4874 quia
3275 4805 3461 4860 Joauni
3504 4821 3645 4861 sem-

2080 4913 2177 4967 per
2218 4897 2412 4951 addicti
2460 4907 2648 4962 erant,
2701 4897 2963 4952 Joannitze
3009 4898 3255 4967 appellati
3297 4908 3420 4953 sunt
3461 4899 3644 4968 (Socr.

2079 4989 2165 5044 lib.
2194 4990 2245 5042 6.
2273 5005 2318 5042 ο.
2351 4989 2438 5044 19.
2470 4988 2672 5044 Sozam.
2706 4989 2742 5042 ι.
2774 4989 2827 5044 8.
2857 5006 2902 5042 c.
2933 4989 2995 5043 2|

2155 5083 2242 5136 Jo.
2271 5082 2651 5152 Chrysostomus
2677 5083 2743 5135 ad
2774 5081 3122 5136 Innocentium
3154 5082 3350 5148 Papam
3379 5084 3558 5136 scribit.
3579 5113 3646 5124 ——

2082 5175 2194 5231 Iloc
2211 5176 2262 5229 in
2285 5185 2421 5229 statu
2440 5191 2524 5228 res
2543 5183 2714 5241 erant,
2738 5189 2857 5228 cum
2877 5175 3155 5244 epistolam
3175 5175 3394 5243 primam
3413 5175 3617 5245 Chryso

2081 5277 2287 5320 stomns
2333 5266 2545 5334 scripsit
2583 5265 2650 5318 ad
2699 5266 3061 5320 Innocentium
3092 5266 3322 5335 Papam,
3369 5276 3644 5334 antequam

2083 5359 2197 5428 ipse
2225 5360 2276 5411 in
2299 5359 2588 5412 secundum
2620 5357 2865 5416 exsilium
2891 5367 3150 5427 pergeret,
3179 5373 3210 5412 a
3240 5373 3344 5427 quo
3365 5374 3646 5427 numquam

2083 5449 2256 5502 rediit.
2287 5447 2454 5514 Quam
2495 5449 2748 5518 temporis
2775 5460 2952 5501 notam
2979 5447 3104 5503 hinc
3128 5457 3459 5512 mutuamur,
3510 5449 3644 5517 quod

2081 5539 2491 5610 Chrysostomus
2510 5548 2784 5608 postquam
2810 5540 2984 5592 omnia
3014 5539 3296 5602 recensuit,
3327 5554 3444 5609 quae
3466 5539 3534 5591 ab
3559 5537 3650 5588 ad-

2083 5641 2245 5684 ventu
2262 5630 2536 5700 Theophili
2548 5627 3037 5699 Constantinopolin
3054 5639 3202 5699 gesta
3216 5639 3356 5693 sunt,
3376 5639 3647 5698 postquam

2083 5723 2149 5777 de
2175 5723 2389 5793 Synodo
2416 5722 2501 5776 ubi
2532 5723 2646 5792 ipse
2668 5722 2941 5792 depositus
2971 5721 3139 5776 fuerat
3165 5722 3289 5790 egit,
3321 5731 3374 5776 et
3404 5736 3460 5774 se
3488 5719 3649 5772 desti-

2085 5825 2250 5870 tutum
2284 5815 2689 5885 restitutumque
2713 5814 2876 5868 fuisse
2919 5815 3384 5877 commemoravit;
3428 5811 3632 5865 deinde-
