4096 6392
373 393 474 449 SIT.

367 524 471 577 que
498 506 687 562 iterum
711 514 1029 569 exagitatum
1059 515 1111 553 et
1137 507 1457 559 accusatum,
1491 504 1647 563 atque
1676 509 1739 546 ex
1764 492 1943 545 Eccle-

374 600 451 649 sia
475 594 720 665 pulsum;
751 604 1027 662 postquam
1065 590 1347 643 violentam
1394 586 1736 654 irruptionem
1765 584 1816 635 in
1852 596 1945 635 ec-

366 687 581 741 clesiam
615 694 671 739 et
696 685 746 737 in
777 682 1137 752 baptisterium
1168 679 1354 734 factam
1398 677 1697 732 enarravit:
1727 672 1943 743 gradum

369 778 550 842 sistit,
586 770 756 845 neque
785 790 846 829 ea
874 789 991 843 quae
1021 782 1203 842 postea
1238 781 1387 840 gesta
1432 778 1592 829 sunt,
1638 776 1692 822 et
1733 764 1943 834 quidem

368 866 718 932 atrocissima,
765 872 1162 919 commemorat.
1194 862 1289 916 Hic
1334 871 1510 914 autem
1542 860 1792 927 plurimos
1828 856 1944 923 epi-

369 972 558 1025 scopos
578 956 879 1025 alloquitur,
908 954 1139 1023 dicitque
1167 952 1431 1007 Palladius
1449 953 1501 1004 in
1520 950 1676 1011 Dial.,
1698 947 1834 1001 hanc
1860 946 1942 1013 ip-

371 1061 485 1101 sam
515 1047 794 1115 epistolam
825 1045 1074 1113 scriptam
1101 1043 1262 1097 fuisse
1282 1040 1513 1095 Venerio
1543 1037 1940 1097 Mediolanensi,

369 1147 423 1189 et
469 1136 774 1189 Chromatio
822 1135 1152 1203 Aquileicnsi
1215 1132 1496 1201 episcopis.
1554 1130 1711 1184 Addit
1768 1137 1942 1181 autem

369 1227 779 1296 Chrysostomus
803 1266 820 1292 ,
852 1228 1045 1280 malum
1074 1226 1175 1279 hoc
1204 1224 1501 1295 pervasisse
1538 1224 1589 1277 in
1633 1222 1899 1275 Orientem
1927 1237 1939 1271 :

376 1318 601 1371 clericos
651 1319 792 1373 enim
824 1320 873 1371 in
903 1319 1181 1387 episcopos
1211 1319 1479 1386 insurgere
1505 1356 1520 1380 ,
1564 1316 1840 1383 episcopos
1874 1310 1942 1363 ab

381 1409 665 1477 episc0pis,
698 1409 920 1477 populos
948 1424 978 1462 a
1006 1408 1214 1477 pepulis
1240 1422 1434 1461 seissos
1461 1420 1610 1469 esse,
1641 1405 1942 1471 instareque

373 1498 686 1566 periculum,
715 1514 780 1553 ne
810 1498 1070 1552 dissensio
1099 1508 1276 1551 manet
1303 1497 1353 1551 in
1384 1496 1497 1550 dies
1527 1495 1703 1548 latius.
1749 1493 1944 1561 Rogat-

369 1604 471 1656 que
500 1589 615 1642 illos
636 1589 733 1642 sibi
754 1591 1069 1644 subveniant
1088 1598 1138 1645 et
1155 1589 1498 1658 opitulentur.
1520 1587 1575 1641 Si
1603 1602 1726 1639 vero
1746 1586 1944 1639 instent

369 1677 657 1731 adversarii
674 1679 892 1734 crimina
921 1680 1019 1734 sibi
1041 1679 1373 1749 objicientes,
1398 1688 1633 1746 paratum
1662 1688 1720 1729 se
1740 1689 1856 1728 esse
1874 1674 1941 1727 ad

369 1781 581 1821 causam
612 1782 789 1821 coram
832 1769 1150 1839 incorruptis
1172 1769 1437 1837 judicibus
1458 1766 1758 1831 dicendam,
1790 1766 1943 1835 queis

370 1857 628 1924 significat
654 1873 712 1912 se
739 1858 790 1912 id
818 1870 1021 1928 optare,
1048 1870 1106 1913 ut
1135 1860 1186 1913 in
1213 1859 1436 1913 concilio
1463 1858 1693 1928 legitime
1722 1871 1944 1926 congre-

370 1959 512 2015 gato,
546 1949 657 2002 hare
682 1964 841 2003 causa
873 1959 1125 2004 tractetur
1152 1960 1206 2004 et
1234 1949 1537 2005 definiatur.

446 2041 578 2093 Iluic
603 2042 838 2105 epistolae
864 2042 1039 2096 addita
1064 2051 1145 2097 est
1169 2043 1331 2096 altera
1360 2042 1589 2110 (Pallad.
1624 2040 1788 2111 Dial.)
1830 2041 1939 2109 epi-

370 2146 646 2202 se0porum
675 2133 1017 2204 quadraginta
1041 2177 1056 2200 ,
1078 2136 1165 2204 qui
1193 2150 1312 2188 eum
1355 2134 1556 2188 Joanne
1584 2133 1942 2188 communica.

371 2222 526 2287 bant;
552 2224 703 2277 tertia
721 2238 927 2293 quoque
952 2224 1089 2279 Cleri
1115 2223 1699 2291 Constantinopolitani,
1728 2224 1815 2292 qui
1845 2237 1941 2293 pro

371 2312 579 2366 Joanne
609 2313 799 2367 stabat.
824 2314 931 2368 IIas
956 2330 1081 2369 vero
1112 2315 1291 2369 literas
1313 2316 1365 2368 in
1392 2314 1596 2368 Italiam
1622 2314 1935 2368 deferendas

368 2419 646 2473 suscepere
674 2406 1050 2475 religiosissimi
1093 2406 1325 2476 episcopi
1352 2449 1366 2473 ,
1397 2407 1713 2471 Demetrius,
1742 2405 1940 2459 Panso-

371 2496 543 2564 phius,
564 2497 770 2565 Pappus
794 2506 847 2551 ct
875 2498 1159 2567 Eugenius,
1185 2499 1274 2567 qui
1301 2498 1495 2551 relictis
1526 2497 1779 2552 Ecclesiis
1805 2496 1935 2560 suis,

372 2589 555 2658 pelago
578 2603 634 2643 se
658 2590 1002 2657 commisere,
1029 2600 1083 2645 et
1108 2606 1226 2644 cum
1256 2591 1359 2644 illis
1384 2590 1581 2645 Paulus
1611 2599 1666 2645 et
1688 2589 1943 2659 Cyriacus

369 2678 577 2733 diaconi
609 2678 788 2751 (Pall.
822 2679 1008 2749 Dial.).
1056 2681 1351 2750 Antequam
1395 2695 1521 2735 vero
1565 2680 1677 2733 haec
1718 2678 1938 2748 epistola

369 2770 435 2822 ad
469 2769 827 2824 Innocentium
872 2772 1225 2840 pervenisset,
1253 2780 1528 2840 acceperat
1553 2771 1640 2824 ille
1662 2770 1938 2838 epistolam

378 2862 654 2931 Theophili
681 2864 1019 2918 Alexandrini
1037 2906 1051 2929 ,
1101 2880 1218 2934 quae
1250 2866 1320 2917 ita
1347 2874 1601 2933 concepta
1626 2874 1771 2927 erat,
1799 2871 1857 2916 ut
1885 2863 1937 2915 in

376 2970 435 3006 ca
467 2954 711 3009 Pontifex
744 2958 1054 3011 temeritatis
1079 2966 1133 3011 et
1161 2958 1421 3026 superbiae
1450 2966 1627 3011 notam
1649 2956 1940 3026 deprehen-

370 3046 554 3111 deret;
583 3047 723 3115 qcod
745 3049 889 3102 solus
914 3050 1215 3118 scripsisset
1253 3063 1351 3104 nec
1374 3050 1570 3104 claram
1599 3051 1712 3119 ejus
1733 3050 1809 3103 rei
1838 3065 1933 3102 no—

374 3136 539 3189 titiam
568 3137 819 3205 misisset,
867 3153 966 3193 nec
990 3138 1188 3193 diceret
1215 3149 1303 3192 aut
1329 3154 1423 3193 cur
1444 3180 1461 3205 ,
1507 3148 1597 3193 aut
1637 3139 1826 3208 quibus
1852 3153 1938 3191 as-

371 3228 593 3296 sumptis
610 3228 766 3283 sociis
785 3228 1040 3283 Joannem
1062 3229 1410 3298 deposuisset.
1424 3228 1552 3283 Cum
1576 3243 1731 3298 porro
1746 3228 1938 3283 dubius

372 3319 538 3371 animi
564 3328 725 3383 esset,
770 3334 867 3373 nec
896 3320 964 3374 ob
992 3320 1068 3374 rei
1094 3332 1253 3389 gesta:
1279 3320 1543 3374 levitatem
1568 3360 1583 3384 ,
1631 3320 1799 3388 inquit
1822 3320 1937 3373 Pal-

373 3409 559 3473 iadius,
593 3411 885 3465 rescribere
910 3411 1088 3476 vellet,
1116 3412 1374 3465 Eusebius
1402 3412 1613 3480 quidam
1638 3410 1937 3464 Constanti-

373 3499 706 3567 nopolitanus
721 3500 989 3565 diaconus,
1014 3502 1102 3569 qui
1125 3510 1249 3555 tunc
1270 3502 1453 3555 Roma:
1480 3509 1596 3555 erat
1620 3500 1937 3555 ecclesiasti-

371 3605 549 3642 carum
576 3604 749 3643 rerum
780 3605 955 3655 causa,
991 3592 1350 3646 Innocentium
1390 3593 1553 3656 adiit,
1595 3602 1649 3646 et
1674 3592 1936 3661 supplices

372 3680 577 3733 libellos
602 3679 784 3745 dedit,
836 3681 1087 3750 adjurans
1132 3697 1251 3736 eum
1285 3692 1341 3736 ut
1368 3683 1634 3735 modicum
1684 3682 1936 3751 temporis

370 3780 727 3839 exspectaret,
779 3780 832 3825 et
873 3772 1311 3841 conspirationem
1338 3772 1650 3842 patefactam
1695 3771 1931 3825 videret:

368 3876 429 3913 ac
457 3872 573 3927 post
600 3862 826 3915 triduum
856 3863 1183 3918 advenerunt
1209 3864 1439 3933 episcopi
1466 3879 1625 3934 supra
1670 3878 1932 3917 memora-

372 3962 451 4005 tas
477 3952 655 4005 literas
681 3952 983 4008 afferentes.

436 4042 729 4098 Secundum
753 4044 865 4099 hzec
886 4047 1218 4101 Innocentius
1234 4048 1372 4117 Papa
1388 4050 1593 4119 utrique
1615 4052 1743 4119 parti
1769 4050 1931 4121 (Pall.

368 4131 572 4203 Dialog.
598 4134 646 4202 ),
678 4134 864 4189 Joanni
893 4137 1051 4191 simul
1083 4146 1137 4190 et
1178 4138 1506 4207 Theophila,
1532 4139 1712 4193 literas
1762 4141 1931 4205 misit,

366 4226 638 4294 utriusque
662 4228 1085 4283 communionem
1114 4244 1173 4283 se
1193 4229 1471 4284 admittere
1492 4229 1702 4300 quidem
1729 4230 1929 4295 dicens,

366 4330 434 4368 ne
462 4315 751 4370 Ecclesiam
778 4316 1063 4381 scinderet,
1086 4320 1340 4387 judicium
1378 4330 1550 4374 tamen
1579 4336 1610 4374 a
1636 4320 1933 4391 TbeOphilo

366 4410 528 4463 latum
581 4410 920 4480 improbans,
971 4413 1299 4481 addebatque
1324 4413 1482 4466 aliam
1508 4415 1623 4483 cogi
1661 4414 1930 4483 Synodum

364 4512 611 4571 oportere
638 4502 1051 4558 Occidentalium
1100 4514 1153 4558 et
1175 4506 1544 4571 Orientalium,
1573 4508 1708 4574 ξιξηαί
1746 4521 1929 4559 aman-

364 4604 491 4659 tem,
520 4610 635 4663 qua:
658 4594 782 4649 nulli
806 4597 1028 4663 partium
1048 4596 1253 4651 addicta
1276 4606 1437 4652 esset.
1456 4597 1545 4650 llis
1563 4597 1740 4663 adjicit
1761 4597 1800 4649 Τ
1807 4597 1929 4650 heo—

363 4684 563 4752 phanes
591 4683 948 4739 Innocentium
970 4698 1023 4741 et
1044 4686 1347 4741 Flavianum
1373 4686 1752 4741 Antioehcnnm
1778 4685 1930 4740 Clero

363 4776 947 4846 ConstantinOpolitano
960 4780 1255 4848 scripsisse,
1274 4789 1331 4834 ut
1347 4780 1494 4833 illum
1507 4780 1923 4845 consolarentur,

359 4878 413 4921 et
428 4868 839 4939 indignationem
852 4885 999 4924 suam
1012 4886 1073 4925 ex
1082 4870 1527 4940 primerent,quod
1540 4879 1719 4924 contra
1735 4870 1929 4937 episco-

361 4973 483 5024 pum
510 4974 661 5013 suum
685 4970 789 5014 tam
822 4962 1030 5030 indigna
1053 4970 1253 5029 patrata
1282 4970 1459 5014 essent
1482 4958 1711 5029 (Pallad.
1738 4959 1925 5030 Dial.).

360 5049 439 5102 Ex
455 5050 724 5119 episc0pis
750 5067 895 5116 vero,
919 5052 1006 5119 qui
1030 5052 1208 5106 literas
1228 5052 1445 5105 Joannis
1472 5051 1538 5106 ad
1566 5051 1926 5107 Innocentium

358 5140 677 5207 detulerunt,
688 5143 1008 5196 Demetrium
1020 5142 1315 5198 Pesinuntis
1326 5142 1592 5198 Orientem
1607 5145 1927 5214 percurrisse

358 5242 575 5286 narrant
592 5234 1319 5301 pra-dicantemRomanorum
1343 5252 1460 5291 cum
1472 5235 1672 5291 Joanne
1688 5251 1926 5291 commu-

358 5325 591 5388 nionem,
612 5326 699 5395 qui
725 5328 881 5380 etiam
916 5328 1094 5382 literas
1110 5328 1393 5383 Innocentii
1429 5330 1581 5398 Papae
1602 5330 1919 5399 proferebat,

358 5431 560 5469 necnon
586 5418 951 5487 episcoporum
972 5419 1160 5486 Cariae,
1189 5422 1280 5491 qui
1305 5438 1424 5476 cum
1457 5423 1657 5477 Joanne
1686 5440 1924 5477 commu-

356 5506 622 5561 nicabant.

427 5597 614 5651 Paucis
643 5602 842 5655 exactis
867 5602 1051 5656 diebus
1095 5614 1213 5671 post
1234 5606 1383 5660 datas
1423 5607 1490 5661 ab
1524 5607 1829 5666 Innocentio
1860 5610 1923 5663 li-

358 5692 520 5755 teras,
550 5688 769 5746 Romam
792 5693 1003 5748 advenit
1026 5696 1210 5751 Petrus
1237 5700 1469 5767 quidam,
1496 5700 1773 5771 Theophili
1803 5717 1920 5771 pre-

355 5786 557 5857 sbyter,
576 5795 633 5845 et
662 5787 972 5857 Martyrius,
1006 5786 1618 5859 Constantinopolitanus
1640 5792 1911 5861 diaconus,

666 5884 939 5945 Puncta
985 5886 1102 5948 Gn.
1145 5884 1396 5945 XLVII.

1523 382 1701 437 NUNC
1742 374 2003 435 PRIMUM
2040 377 2431 437 ADORNATA.

3519 376 3623 432 εει

2057 490 2146 555 qui
2166 491 2344 544 literas
2356 490 2632 560 Theophili
2660 490 2961 551 Innocentio
2976 486 3265 543 attulerunt
3288 487 3455 557 (Pall.
3478 488 3616 542 Dial.

2052 582 2156 651 24)
2176 623 2191 647 ,
2222 592 2276 637 et
2304 583 2541 651 qumdam
2570 595 2687 638 acta
2710 584 2931 637 Concilii
2960 583 3025 637 d
3054 583 3341 650 Quercum,
3372 583 3427 638 in
3466 582 3619 651 queis

2053 674 2317 727 ferebatur
2341 674 2572 729 Joannes
2596 690 2625 729 a
2654 676 2864 744 triginta
2894 689 2988 730 sex
3013 674 3278 745 episcopis
3301 674 3579 727 damnatus
3602 715 3620 737 ,

2052 780 2274 835 quorum
2302 767 2653 836 undetriginta
2673 767 2906 838 Egyptii
2925 777 3093 833 erant,
3117 776 3317 836 septem
3342 780 3471 820 vero
3491 764 3624 819 alia-

2052 874 2166 911 rum
2199 860 2491 928 regionum.
2535 860 2738 925 Quibus
2780 861 2912 914 aetis
2955 860 3199 929 perlectis
3241 858 3579 913 Innocentius
3604 899 3621 922 ,

2050 962 2169 1001 cum
2197 951 2541 1018 comperisset
2563 951 2733 1005 nullas
2761 966 2947 1020 graves
2967 966 3087 1005 esse
3112 950 3495 1013 accusationes,
3520 965 3617 1003 ne-

2052 1056 2154 1105 que
2179 1040 2434 1095 Joannem
2462 1043 2691 1097 adfuisse
2713 1085 2727 1108 ,
2756 1044 2843 1112 qui
2867 1058 3077 1097 causam
3108 1058 3255 1096 suam
3285 1041 3616 1106 defenderet,

2050 1131 2327 1200 Theophili
2375 1132 2601 1188 furorem
2653 1134 2933 1189 exsibilare
2979 1135 3223 1203 perstitit,
3272 1134 3411 1202 quod
3436 1144 3621 1188 contra

2048 1221 2319 1276 absentem
2344 1232 2446 1276 tam
2469 1224 2785 1292 praecipitem
2803 1226 3114 1279 sententiam
3128 1223 3620 1279 emisisset.Literas

2048 1321 2222 1364 autem
2250 1311 2395 1365 dedit
2415 1312 2491 1365 illi
2510 1312 2573 1365 ad
2601 1313 2969 1382 Theophilum,
2996 1329 3172 1383 quem,
3197 1323 3252 1367 ut
3275 1314 3432 1368 etiam
3454 1313 3618 1368 Joan-

2048 1417 2169 1456 nem
2214 1403 2282 1457 ad
2323 1406 2749 1460 communionem
2779 1421 2837 1460 se
2879 1405 3158 1460 admittere
3201 1405 3617 1470 testificabatur,

2048 1509 2219 1563 neque
2246 1509 2304 1549 se
2328 1510 2356 1547 a
2387 1494 2604 1550 Joannis
2631 1497 2999 1551 communione
3019 1496 3331 1551 destiturum
3352 1511 3470 1551 esse
3495 1511 3618 1565 pro-

2047 1594 2166 1653 pter
2186 1601 2248 1639 ea
2274 1601 2390 1655 quae
2411 1602 2505 1655 per
2525 1587 2805 1642 ludibrium
2827 1598 2976 1657 gesta
3016 1587 3240 1642 fuerant.
3266 1588 3621 1656 Hortaturque

2050 1674 2196 1728 illum
2223 1685 2279 1729 ut
2302 1677 2368 1730 ad
2390 1675 2677 1731 Concilium
2700 1694 2821 1732 mox
2845 1680 3270 1749 congregandum
3290 1688 3616 1750 compareat.

2049 1766 2227 1834 ibique
2251 1782 2315 1821 ex
2341 1768 2631 1821 canonibus
2656 1768 2883 1823 Niemnis
2904 1813 2918 1834 ,
2947 1786 3051 1823 non
3092 1770 3209 1824 aliis
3242 1770 3466 1841 (notans
3496 1771 3619 1826 illos

2046 1858 2408 1912 Antiochenos
2428 1858 2447 1927 )
2471 1900 2484 1922 ,
2517 1862 2831 1915 sententiam
2862 1861 3130 1915 ferendam
3159 1877 3276 1916 esse
3302 1862 3449 1916 dicit.

2124 1946 2449 2001 Innocentius
2489 1948 2639 2019 Papa
2676 1961 2733 2004 et.
2771 1949 3029 2005 Honorius
3073 1949 3212 2019 Imp.
3259 1953 3617 2005 mcumenicam

2051 2040 2318 2110 Synodum
2342 2042 2451 2112 cogi
2477 2043 2646 2096 volunt
2666 2044 3066 2097 .—Concilium
3104 2054 3280 2097 autem
3302 2042 3429 2097 illud
3457 2042 3613 2113 quasi

2050 2146 2176 2185 mox
2222 2130 2456 2185 futurum
2487 2143 2746 2187 memorat
2772 2133 3136 2197 Innocentius,
3182 2132 3303 2201 quia
3332 2132 3615 2198 Ilonorius,

2046 2221 2348 2279 Occidentis
2376 2224 2667 2294 Imperator
2684 2226 2970 2295 Augustus,
3001 2225 3147 2279 fratri
3171 2240 3269 2280 suo
3291 2225 3518 2280 Arcadio
3546 2226 3617 2279 li-

2046 2323 2192 2368 teras
2217 2315 2473 2379 miserat,
2505 2316 2658 2384 queis
2705 2314 3014 2370 hortabatur
3056 2317 3200 2369 illum
3249 2324 3307 2370 ut
3346 2316 3619 2385 utriusque

2045 2423 2307 2462 consensu
2335 2448 2349 2473 ,
2398 2408 2745 2463 Orientalium
2771 2420 2823 2463 et
2862 2408 3279 2464 Occidentalium
3321 2408 3615 2463 Concilium

2047 2498 2441 2552 Thessalonicze
2470 2500 2846 2561 celebraretur,
2876 2514 2982 2569 quo
3010 2498 3215 2553 facilius
3243 2506 3463 2568 utraque
3494 2513 3616 2568 pars

2044 2598 2222 2660 posset
2246 2590 2526 2646 convenire
2550 2590 2779 2654 (Pallad.
2808 2590 2995 2659 Diali).
3017 2591 3205 2644 Verum
3232 2598 3349 2644 astu
3380 2588 3617 2643 inimico-

2044 2696 2159 2734 rum
2191 2681 2411 2736 Joannis
2435 2723 2449 2744 .
2478 2691 2531 2737 et
2558 2681 2628 2735 ita
2653 2693 2873 2736 curante
2904 2681 3169 2745 Eudoxia,
3200 2696 3317 2750 qua:
3341 2681 3407 2734 ad
3433 2690 3616 2734 nutum

2042 2787 2193 2825 suum
2210 2772 2419 2825 Arcadii
2438 2771 2658 2827 consilia
2677 2772 3065 2835 moderabatur,
3092 2770 3282 2825 factum
3308 2780 3389 2824 est
3410 2780 3465 2824 ut
3482 2770 3620 2825 Con-

2042 2864 2217 2917 cilium
2245 2864 2548 2933 hujusmodi
2569 2904 2586 2930 ,
2632 2864 2699 2918 ab
2720 2864 3023 2919 Innocentio
3050 2863 3191 2932 Papa
3216 2872 3269 2917 et
3292 2862 3359 2917 ab
3385 2861 3617 2917 Ilonorio

2044 2953 2367 3023 Imperatore
2398 2963 2675 3024 tantopere
2701 2955 2989 3024 expetitum
3015 2995 3030 3018 ,
3057 2968 3163 3007 non
3187 2953 3564 3007 celebraretur.

2114 3047 2301 3102 Sicarii
2320 3046 2571 3101 Joannem
2597 3048 2875 3113 inter/icere
2913 3055 3121 3100 tentant.
3149 3075 3222 3087 —-
3249 3046 3451 3101 Interea
3487 3060 3615 3099 vero

2040 3136 2450 3208 Chrysostomus
2463 3138 2918 3206 Constantinopoli
2947 3137 3123 3192 adhuc
3148 3138 3199 3191 in
3229 3136 3615 3207 episcopalibus

2040 3229 2241 3283 aidibus
2261 3230 2505 3283 manebat
2525 3229 2695 3298 (Socr.
2726 3228 2763 3281 l.
2789 3227 2841 3282 6.
2870 3244 2916 3280 c.
2947 3226 3032 3282 18.
3057 3226 3262 3282 Sozam.
3287 3226 3322 3280 ι.
3351 3227 3404 3282 8.
3428 3242 3473 3279 c.
3497 3226 3609 3297 2f),

2038 3334 2101 3373 ac
2122 3328 2238 3388 post
2258 3319 2456 3374 Pascha
2479 3319 2714 3374 bimestri
2738 3319 2909 3387 spatio
2930 3318 3120 3373 ibidem
3141 3318 3389 3387 perstitit.
3413 3317 3612 3372 Eodem

2040 3420 2281 3479 tempore
2305 3411 2385 3464 vir
2410 3410 2622 3479 quidam
2667 3410 3021 3465 dazmoniacus
3045 3453 3060 3476 ,
3088 3421 3180 3463 aut
3202 3411 3291 3479 qui
3320 3425 3379 3465 se
3406 3409 3610 3464 daemo-

2041 3503 2250 3555 niaeum
2281 3502 2579 3568 simulabat,
2612 3500 3042 3571 deprehenditur,
3064 3502 3343 3571 pugionem
3379 3499 3601 3563 habens.

2045 3600 2309 3661 tamquam
2337 3592 2403 3646 ad
2424 3593 2681 3647 Joannem
2728 3592 3073 3647 occidendum
3111 3601 3341 3662 paratus,
3373 3592 3609 3648 nondum

2038 3692 2216 3737 tamen
2244 3682 2295 3736 id
2317 3684 2516 3737 facinus
2541 3698 2838 3752 aggressus.
2866 3683 2966 3749 Qui
2992 3683 3406 3752 comprehensus
3425 3698 3454 3736 a
3476 3682 3611 3737 mut-

2038 3774 2277 3837 titudine,
2296 3774 2513 3843 perinde
2525 3783 2681 3843 atque
2693 3775 2735 3828 si
2755 3775 2922 3843 pretio
2935 3775 3225 3829 conductus
3238 3774 3420 3830 fuisset
3435 3775 3501 3831 ad
3514 3791 3611 3830 cai-

2038 3864 2159 3919 dem
2182 3866 2513 3934 patrandam,
2536 3865 2602 3919 ad
2630 3864 2939 3920 Praefectum
2985 3867 3128 3922 urbis
3154 3866 3346 3922 ductus
3371 3876 3471 3923 est.
3502 3868 3608 3923 Sed

2035 3955 2285 4022 Joannes,
2304 3956 2479 4011 missis
2494 3956 2803 4025 quibusdam
2817 3958 3076 4027 episcopis
3092 3974 3154 4013 ex
3170 3974 3390 4014 numero
3400 3975 3606 4024 eorum,

2036 4064 2170 4120 quos
2198 4064 2375 4104 secum
2422 4050 2685 4117 habebat,
2715 4049 2985 4105 hominem
3014 4052 3257 4106 liberavit
3302 4054 3607 4121 priusquam

2038 4142 2314 4197 tormentis
2355 4141 2719 4212 subjiceretur.
2746 4143 2992 4199 Posthtec
3036 4158 3223 4198 servus
3259 4144 3451 4213 Elpidii
3484 4158 3607 4213 pre-

2036 4234 2231 4304 sbyteri
2262 4232 2429 4288 effuso
2449 4249 2606 4288 cursu
2633 4235 2685 4287 in
2714 4235 2856 4289 azdes
2881 4235 3208 4304 episc0pales
3238 4236 3442 4304 irrupit.
3463 4234 3609 4303 Quo-

2034 4325 2154 4379 dam
2192 4334 2367 4379 autem
2396 4340 2501 4395 quo
2526 4342 2747 4381 currens
2771 4337 3014 4396 pergeret
3032 4328 3390 4396 interrogante
3412 4369 3427 4391 ,
3457 4327 3604 4381 illum

2038 4432 2227 4470 servus
2257 4417 2404 4471 nullo
2432 4418 2556 4471 dato
2581 4432 2870 4487 responso,
2901 4419 3007 4471 sica
3040 4420 3327 4487 percussit:
3355 4418 3601 4483 alterum,

2032 4507 2120 4576 qui
2145 4508 2318 4577 priore
2334 4522 2584 4577 percusso
2610 4509 3001 4574 inclamaverat,
3025 4508 3263 4562 similiter
3286 4507 3602 4569 vulneravit;

2035 4601 2245 4654 tertium
2271 4615 2476 4669 quoque
2500 4599 2778 4653 transfixit.
2807 4599 2937 4653 Cum
2966 4614 3151 4652 omnes
3175 4599 3261 4669 qui
3286 4598 3503 4653 aderant
3522 4598 3605 4651 in-

2034 4703 2245 4762 gentem
2274 4692 2560 4747 clamorem
2584 4692 2939 4754 sustulissent,
2969 4692 3058 4745 ille
3086 4691 3264 4761 fugere
3287 4690 3470 4760 cdzpit.
3498 4691 3601 4758 Qui

2039 4797 2167 4836 vero
2211 4780 2359 4835 illum
2390 4782 2819 4851 insequebantur,
2864 4780 3046 4848 procul
3075 4781 3259 4849 positis
3302 4780 3602 4835 clamabant

2032 4885 2089 4928 ut
2110 4874 2391 4944 fugientem
2414 4874 2942 4943 comprehenderent.
2967 4874 3188 4940 Quidam
3214 4890 3279 4929 ex
3305 4874 3493 4929 balneo
3515 4890 3599 4931 re-

2030 4966 2180 5021 diens
2202 4966 2467 5021 hominem
2488 4966 2870 5036 apprehendit,
2894 4967 3176 5038 lethalique
3196 4968 3264 5023 ab
3289 4982 3355 5023 eo
3377 4970 3596 5023 vulnere

2028 5059 2326 5123 confossus,
2351 5069 2587 5113 mortuus
2607 5060 2813 5115 cecidit.
2835 5062 2875 5113 Α
2900 5061 3093 5128 populo
3117 5060 3328 5115 demum
3350 5077 3488 5130 aegre
3508 5076 3597 5115 ca—

2029 5159 2169 5220 ptus,
2184 5150 2371 5207 ductus
2390 5162 2470 5204 est
2490 5151 2541 5204 in
2563 5150 3188 5206 Palatium.’l‘estabantur
3202 5153 3343 5205 cives
3365 5152 3457 5205 has
3477 5167 3597 5206 esse

2032 5243 2247 5297 insidias
2277 5244 2607 5297 inimicorum
2632 5243 2879 5309 Joannis,
2909 5243 3310 5312 clamabantque
3336 5243 3593 5305 dicentes,

2027 5343 2081 5386 et
2109 5333 2353 5386 sicarium
2378 5342 2432 5387 et
2454 5348 2547 5388 eos
2572 5334 2660 5402 qui
2684 5335 2950 5387 misissent
2974 5348 3156 5402 pmnas
3179 5332 3306 5387 dare
3326 5342 3591 5401 Oportere.

2026 5421 2313 5477 Praefectus
2339 5432 2512 5477 autem
2544 5424 2719 5487 urbis,
2752 5438 2869 5477 cum
2894 5439 3014 5477 eum
3043 5434 3307 5492 tamquam
3337 5423 3593 5493 judicium

2030 5514 2331 5581 prolaturus
2371 5523 2513 5567 esset
2535 5516 2824 5583 accepisset
2849 5557 2863 5579 ,
2895 5516 3072 5583 populi
3119 5513 3348 5568 furorem
3370 5528 3589 5581 compe-

2027 5604 2163 5658 Scnit
2187 5622 2201 5667 ;
2234 5604 2326 5658 sed
2359 5614 2541 5672 postea
2563 5605 2709 5657 illum
2734 5604 2950 5657 dimisit.
2979 5601 3111 5658 Rem
3137 5604 3292 5673 paulo
3320 5618 3473 5657 secus
3500 5618 3589 5655 re-

2030 5699 2133 5753 fert
2172 5698 2457 5753 Palladius.
2498 5696 2727 5766 Elpidii,
2770 5698 2978 5767 inquit,
3024 5697 3317 5767 presbyteri
3361 5696 3589 5749 famulus

2031 5793 2404 5864 quinquaginta
2454 5802 2508 5847 ut
2532 5792 2695 5859 aiunt,
2724 5793 2897 5847 aureis
2920 5792 3231 5847 conductus.
3262 5800 3318 5845 ut
3341 5790 3397 5846 S.
3429 5789 3589 5847 Joan-

3167 5877 3240 5936 13
