4096 6392
432 367 538 424 $15

437 497 560 536 nem
589 478 713 533 dolo
758 476 1116 543 interficeret,
1146 491 1265 531 eum
1312 475 1675 545 deprehensus
1715 484 1859 530 esset
1901 485 2011 529 tres

433 569 645 639 gladios
672 566 892 632 habere,
915 577 1119 637 septem
1145 583 1214 623 ex
1246 568 1307 623 iis
1335 568 1425 637 qui
1446 568 1615 637 ipsum
1641 564 2016 637 apprehende-

432 670 575 727 rant,
599 660 876 729 percussit,
900 675 1123 730 quorum
1138 668 1363 730 quatuor
1383 660 1635 714 continuo
1655 659 1847 728 sepulti
1868 666 2016 725 sunt,

436 760 546 806 tres
574 766 701 806 vero
720 752 808 805 alii
833 763 950 820 post
974 751 1275 806 diuturnam
1297 752 1624 806 curationem
1651 751 1780 806 salvi
1802 765 2020 805 evasere

439 843 460 913 (
482 843 690 897 Pallad.
713 842 902 915 Dial.).

511 932 664 987 Plebs
690 934 881 988 Joanni
907 934 1110 987 addicta
1135 933 1299 1004 ipsum
1329 935 1564 989 custodit.
1583 964 1655 975 —-
1677 934 1770 989 llis
1795 948 2021 1003 conspe-

436 1024 555 1089 ctis,
591 1025 679 1095 qui
708 1024 1057 1080 ferventiores
1086 1033 1241 1080 erant
1264 1040 1330 1081 ex
1351 1026 1528 1097 plebe,
1553 1025 1813 1081 Joannem
1834 1036 2019 1081 custo-

437 1116 556 1172 dire
584 1126 882 1188 coeperunt,
913 1127 1072 1171 noetu
1094 1126 1147 1173 et
1178 1120 1404 1172 interdiu
1434 1117 1653 1172 alternis
1677 1116 1881 1172 vicibus
1901 1116 2019 1188 epi-

437 1212 679 1283 sc0pa1es
698 1214 843 1266 aedes
868 1210 1307 1267 circumsidentes
1331 1211 1476 1284 (Soz.
1506 1210 1543 1264 ι.
1569 1210 1621 1266 8.
1660 1227 1707 1264 c.
1753 1209 1869 1278 22).
1899 1209 2023 1263 Haec

438 1319 546 1359 non
571 1319 722 1374 aequo
752 1305 930 1359 animo
963 1303 1197 1360 ferentes
1224 1304 1482 1373 episcopi,
1511 1307 1598 1372 qui
1643 1312 1828 1357 contra
1854 1301 2020 1357 Joan—

438 1412 562 1452 nem
602 1407 984 1462 convenerant,
1027 1396 1417 1451 ecclesiasticas
1468 1396 1612 1466 leges
1657 1395 1850 1450 calcari
1889 1409 2022 1450 con-

440 1498 758 1557 querentes,
814 1488 881 1543 de
936 1488 1031 1542 illo
1081 1502 1300 1558 prorsus
1346 1488 1610 1557 ejiciendo
1656 1487 2025 1543 deliberabant

440 1579 724 1650 (Chrysost.
759 1579 927 1650 Epist.
958 1578 1105 1649 125).
1151 1579 1348 1647 Quinto
1375 1589 1551 1634 autem
1601 1589 1721 1649 post
1763 1579 2022 1634 Penteco-

438 1679 557 1724 steu
588 1670 695 1734 die,
731 1670 975 1735 Aeacius,
999 1670 1341 1736 Severianus,
1370 1670 1662 1725 Antiochus
1683 1680 1842 1741 atque
1868 1669 2024 1743 Cyri-

346 1774 349 1777 '
440 1776 543 1815 nus
572 1761 952 1831 Imperatorem
999 1761 1216 1826 adeunt,
1260 1761 1679 1832 adulatoriisque
1724 1778 1787 1818 ac
1832 1762 2024 1818 fucatis

438 1854 734 1920 praemissis
761 1856 959 1920 verbis,
992 1865 1200 1926 rogant,
1230 1854 1489 1911 Joannem
1519 1856 1782 1926 episcopis
1803 1855 2025 1927 presby—

440 1947 674 2016 terisque
708 1964 955 2019 perosum
983 1949 1102 2018 ejiei
1131 1950 1336 2019 jubeat,
1369 1946 1507 2020 quod
1531 1949 1640 2020 jam
1670 1949 1918 2005 dixerant
1939 1948 2023 2004 ef-

440 2037 693 2107 ferentes,
727 2057 938 2111 nempe,
970 2042 1023 2096 in
1055 2051 1213 2112 caput
1233 2058 1387 2097 suum
1418 2041 1534 2096 fore
1553 2041 1777 2097 Joannis
1802 2041 2021 2112 deposi-

441 2132 661 2198 tionem,
693 2134 737 2187 si
768 2149 960 2204 nempe
1007 2134 1202 2205 injusta
1244 2144 1405 2191 esset.
1436 2134 1530 2189 His
1556 2150 1620 2189 ex
1652 2135 1899 2189 facilitate
1942 2134 2025 2189 ni-

440 2223 547 2276 mia
571 2222 726 2278 fidem
749 2224 952 2279 habens
969 2225 1283 2294 Imperator,
1303 2227 1535 2281 instante
1554 2240 1767 2296 quoque
1782 2225 2023 2280 Eudoxia

442 2314 695 2383 Augusta,
740 2315 1024 2370 Patricium
1060 2316 1334 2371 Notarium
1376 2316 1540 2383 misit,
1572 2310 1662 2387 qui
1688 2315 1805 2371 haec
1829 2316 2023 2371 Joanni

442 2407 728 2469 nuntiaret,
760 2422 951 2476 nempe
997 2408 1271 2473 Acacium,
1312 2407 1654 2474 Antiochum,
1676 2408 2022 2464 Severianum

440 2509 495 2550 et
523 2496 776 2567 Cyrinum
798 2498 1182 2567 depositionem
1206 2499 1370 2569 ipsius
1386 2499 1604 2555 Joannis
1621 2501 1675 2553 in
1688 2508 1848 2569 caput
1867 2515 2022 2555 suum

440 2590 771 2658 conjecisse:
804 2602 1129 2663 quapropter
1157 2611 1215 2649 se
1243 2595 1355 2650 Deo
1394 2595 1796 2662 commendans,
1836 2592 2025 2649 Eccle—

440 2682 519 2735 sia
551 2682 853 2739 excederet.
897 2685 1030 2739 'l‘um
1072 2684 1307 2741 Joannes
1352 2686 1618 2756 episcopis
1664 2687 1755 2756 qui
1801 2686 2024 2741 aderant

440 2773 574 2828 dixit
594 2792 607 2826 :
638 2773 810 2830 Venite
829 2772 1106 2847 precemur,
1132 2788 1180 2832 et
1199 2779 1376 2850 angelo
1394 2778 1640 2834 Ecclesia:
1658 2779 2021 2845 valedicamus;

443 2863 590 2918 fretus
608 2865 807 2945 quidem
834 2866 894 2919 ob
913 2883 1187 2935 aerumnas,
1210 2870 1299 2924 sed
1318 2870 1494 2927 dolens
1514 2870 1579 2927 de
1598 2871 1771 2941 papuli
1790 2886 2021 2926 maerore.

442 2952 594 3010 Tune
620 2971 748 3011 vero
771 2957 984 3028 quidam
1013 2974 1080 3015 ex
1108 2962 1437 3031 proceribus,
1469 2964 1552 3017 vir
1593 2964 1816 3033 probus,
1861 2963 2024 3019 Joan-

444 3062 567 3104 nem
610 3051 848 3105 monuit:
878 3051 1121 3119 Lucium,
1164 3054 1421 3110 audacem
1457 3056 1651 3123 virum,
1691 3071 1811 3111 cum
1843 3056 2025 3111 militi-

440 3140 544 3195 bus
569 3141 620 3195 in
651 3152 898 3212 promptu
928 3159 1069 3209 esse,
1098 3146 1220 3200 utsi
1244 3147 1632 3202 contradiceret
1657 3148 1741 3202 vel
1761 3147 2020 3213 dill‘erret,

441 3231 529 3288 ille
543 3234 711 3303 ipSum
730 3236 962 3293 traheret
980 3245 1138 3307 atque
1153 3238 1473 3307 expelleret;
1493 3254 1555 3293 ac
1571 3239 1864 3309 perieulum
1881 3255 2017 3307 esse,

439 3340 509 3380 ne
524 3320 786 3380 commuia
808 3328 955 3397 plebs
972 3343 1090 3383 cum
1113 3330 1368 3385 militibus
1388 3347 1616 3402 pugnam
1637 3333 2019 3388 committeret.

441 3418 591 3472 'I‘unc
608 3419 840 3476 Joannes
858 3436 978 3476 cum
1006 3422 1255 3495 lacrymis
1281 3425 1484 3494 aliquot
1499 3442 1564 3481 ex
1584 3427 1849 3498 episcopis
1868 3442 2025 3483 oscu-

442 3508 601 3576 latus,
633 3511 869 3582 reliquos
904 3513 1048 3568 enim
1071 3516 1301 3570 osculari
1331 3532 1435 3570 non
1464 3518 1810 3587 permittebat
1846 3519 2021 3587 dolor,

440 3600 651 3654 caeteris
678 3601 818 3657 intus
846 3603 899 3657 in
929 3605 1164 3660 sacrario
1188 3605 1439 3660 valedixit
1464 3624 1477 3658 :
1511 3607 1734 3676 Manete,
1753 3608 2017 3679 inquiens,

442 3691 523 3744 hic
551 3692 767 3759 interim,
790 3704 849 3748 ut
877 3695 1133 3749 modicum
1160 3698 1432 3766 quiescam.
1461 3697 1734 3770 Ingressus
1762 3712 1942 3756 autem
1968 3703 2021 3757 in

441 3783 829 3854 baptisterium,
861 3786 1231 3859 Olympiadem
1275 3800 1449 3855 vocat,
1497 3806 1616 3862 quae
1665 3792 1732 3846 ab
1781 3793 2022 3849 Ecclesia

440 3890 548 3931 non
575 3876 902 3946 discedebat,
932 3882 1203 3950 etiamque
1233 3882 1541 3937 Pentadiam
1564 3892 1618 3938 et
1641 3884 1887 3939 Proclam
1908 3886 2022 3940 dia-

442 3966 683 4021 conissas
706 4009 722 4032 ,
771 3967 1030 4025 Silvinam
1075 3972 1236 4026 etiam
1268 3973 1326 4026 B.
1357 3972 1590 4027 Nebridii
1624 3990 1868 4041 uxorem,
1903 3992 2022 4046 quae

439 4055 749 4112 viduitatem
793 4073 944 4113 suam
977 4060 1259 4117 honestate
1297 4077 1361 4116 ac
1403 4065 1658 4118 modestia
1702 4065 2020 4134 decorabat;

441 4149 690 4221 ipsasque
714 4150 793 4207 sic
816 4152 1123 4223 alloquutus
1147 4163 1230 4209 est
1251 4173 1264 4208 :
1302 4153 1495 4219 Venite,
1518 4173 1548 4210 ο
1569 4157 1709 4226 ﬁlice,
1733 4158 1903 4213 audite
1922 4176 2021 4214 me.

445 4240 575 4307 Quae
600 4241 670 4294 ad
698 4259 775 4297 me
820 4245 1054 4312 attinent,
1101 4245 1252 4315 ﬁnem
1296 4257 1350 4300 ut
1396 4248 1538 4302 video
1579 4248 1795 4315 habent;
1821 4228 2049 4305 cursum:

439 4349 606 4388 meum
630 4337 990 4399 consummavi,
1023 4347 1071 4391 et
1097 4338 1225 4404 forte
1248 4337 1437 4393 vultum
1475 4356 1641 4394 meum
1678 4357 1779 4396 non
1805 4342 2025 4413 amplius

438 4426 684 4482 uidebitis.
718 4426 833 4481 Hoc
861 4445 1016 4482 unum
1040 4439 1112 4485 est
1135 4431 1270 4500 quod
1291 4448 1434 4502 rogo,
1467 4449 1528 4486 ne
1553 4450 1585 4485 a
1610 4434 1760 4488 solita
1782 4451 1902 4506 erga
1922 4435 2023 4490 Ec-

440 4518 640 4573 clesiam
664 4519 1001 4574 benevolentia
1027 4537 1112 4576 vos
1139 4522 1387 4591 ocellatis,
1436 4535 1482 4578 et
1520 4535 1574 4578 ut
1601 4526 1666 4589 ei,
1704 4528 1792 4598 qui
1816 4528 2020 4593 invitus,

439 4625 530 4662 nec
557 4611 800 4676 ambiens,
833 4628 896 4666 ea:
919 4630 1163 4668 consensu
1188 4618 1434 4685 omnium,
1464 4619 1517 4671 in
1545 4619 1673 4673 hanc
1701 4620 1867 4676 sedem
1887 4622 2026 4676 ordi-

439 4709 588 4754 natus
614 4709 660 4755 et
700 4701 932 4757 inductus
978 4705 1147 4773 fuerit,
1196 4715 1451 4777 tamquam
1497 4709 1847 4766 mihinloanni
1874 4722 2024 4784 caput

438 4799 658 4845 vestrum
682 4793 1005 4849 submittatis.
1036 4795 1157 4851 Non
1181 4807 1339 4864 potest
1366 4801 1499 4854 enim
1527 4800 1759 4858 Ecclesia
1786 4821 1892 4865 esse
1918 4806 2026 4860 sine

390 4952 395 4965 ἡ
438 4884 693 4955 episcopo.
725 4884 808 4939 Ita
834 4887 1228 4944 misericbrdiam
1256 4895 1622 4961 consequemini
1650 4911 1669 4950 :
1698 4906 1747 4950 et
1780 4914 2024 4954 memores

390 4968 393 4971 λ
437 4985 592 5030 estote
607 4978 703 5031 mei
726 4978 781 5032 in
804 4981 1112 5036 orationibus
1125 4984 1316 5037 vestris.
1346 4984 1451 5038 Illae
1476 5002 1606 5040 vero
1635 4987 1886 5060 lacrymis
1905 5005 2024 5059 per-

437 5066 593 5132 fusae,
624 5068 692 5123 ad
713 5069 830 5139 ejus
858 5069 1022 5141 pedes
1051 5073 1486 5130 advolvebantur.
1511 5077 1661 5133 Tunc
1689 5079 1924 5136 Joauues
1946 5084 2025 5136 in-

440 5174 631 5221 nuens.
659 5161 866 5215 cuidam
907 5177 939 5216 e
980 5164 1301 5219 venerandis
1344 5167 1671 5239 presbyteris
1708 5171 2026 5228 ait:Amove

439 5265 524 5303 eas
551 5251 688 5318 hinc,
711 5269 773 5306 ne
796 5254 1037 5324 papulum
1063 5256 1371 5323 perturbent.

508 5339 734 5397 Joannes
771 5344 1011 5401 militibus
1036 5363 1089 5401 se
1114 5350 1267 5401 tradit
1289 5350 1343 5402 in
1367 5349 1599 5404 exsilium
1629 5351 1933 5408 ducendum.
1953 5383 2025 5394 —

439 5430 532 5486 Ille
571 5448 697 5486 vero
726 5448 821 5503 per
856 5445 1061 5506 partem
1091 5437 1413 5495 Orientalem
1452 5436 1696 5511 egressus
1733 5453 1842 5508 est;
1871 5454 2022 5515 post-

439 5540 595 5594 quam
620 5525 849 5595 jusserat
872 5543 1064 5598 equum
1093 5544 1246 5585 suum
1270 5533 1338 5586 ad
1377 5542 1582 5602 partem
1625 5534 2022 5591 Occidentalem

438 5620 648 5685 adduci,
673 5631 729 5675 ut
752 5624 978 5692 populus
1003 5639 1067 5677 eo
1093 5639 1152 5680 se
1180 5625 1476 5681 conferret:
1509 5627 1689 5699 sicque
1715 5629 1805 5682 illo
1826 5628 1911 5699 pie
1929 5628 2025 5684 de-

438 5708 578 5777 Iuso,
610 5711 883 5781 profectus
922 5724 1025 5780 est,
1073 5724 1127 5770 et
1167 5732 1226 5773 se
1270 5717 1527 5774 militibus
1555 5719 1786 5782 tradidit,
1820 5719 1871 5774 id
1901 5729 2021 5772 lan-

444 5804 718 5862 tummodo
744 5815 984 5878 questus,
1013 5808 1157 5880 quod
1195 5819 1379 5865 contra
1422 5810 1564 5885 leges
1590 5812 1894 5883 ejiceretur,
1922 5813 2021 5873 de-

1517 363 1574 419 S.
1614 358 1894 419 JOANNIS
1930 354 2411 415 CHRYSOSTOMI
2455 357 2635 424 VITA,

3608 361 3717 420 256

2129 480 2314 541 negata
2334 472 2435 527 sibi
2456 471 2702 528 facultate
2723 487 2936 526 causam
2958 472 3167 529 dicendi
3188 483 3311 530 ante
3337 475 3600 547 legitimos
3625 482 3712 548 ju-

2126 562 2295 625 dices,
2327 563 2469 634 quod
2497 573 2674 618 tamen
2700 563 2984 621 homicidis
3006 575 3060 620 et
3087 566 3345 623 adulteris
3377 567 3713 626 concedeba-

2127 664 2244 709 tur:
2271 671 2538 727 parvoque
2564 657 2843 728 impositus
2867 658 3097 730 navigio,
3135 661 3312 716 statim
3340 662 3389 716 in
3416 661 3714 733 Bithyniam

2127 757 2521 818 transportatur
2546 748 2776 812 (Sozam.
2801 751 2837 805 ι.
2867 752 2920 807 8.
2951 769 2997 807 c.
3025 751 3141 824 22).
3162 753 3605 812 Testilicaturille
3620 770 3715 811 eos

2118 841 2243 914 (Ep.
2265 843 2696 916 IO,t.5.c.608),
2720 843 2809 913 qui
2845 858 2903 899 se
2928 845 2981 899 in
3017 845 3257 899 exsilium
3283 845 3587 913 ducebant,
3616 862 3719 901 cu—

2126 948 2241 987 ram
2264 947 2478 988 omnem
2515 927 2569 989 ét
2592 935 2827 989 sttfdium
2855 936 3179 1000 adhibuisse,
3211 937 3369 992 etiam
3407 938 3524 1008 plus
3552 953 3710 1008 quam

2125 1024 2241 1094 ipse
2295 1024 2549 1092 volebat,
2609 1034 2669 1081 ut
2722 1026 2892 1097 ipsum
2948 1039 3256 1083 recrearent
3311 1044 3375 1084 ac
3430 1029 3715 1085 reﬁcerent

2126 1114 2317 1185 (Epist.
2350 1117 2500 1189 22!).
2533 1117 2811 1173 Profectus
2835 1128 2916 1174 est
2941 1128 3119 1175 autem
3148 1120 3219 1174 20
3241 1120 3383 1175 Junii
3414 1123 3537 1174 anni
3564 1122 3673 1176 404
3697 1140 3708 1174 :

2125 1215 2180 1259 et
2207 1205 2437 1261 Nicmam
2468 1207 2519 1261 in
2562 1207 2809 1279 Bithynia
2846 1209 3105 1265 adductus
3152 1219 3254 1276 est,
3300 1211 3386 1264 ubi
3432 1226 3597 1281 usque
3643 1214 3715 1266 ad

2126 1306 2369 1365 quartam
2393 1297 2517 1352 Julii
2544 1300 2756 1353 mansit.
2790 1299 2921 1354 Cum
2951 1300 3041 1353 illo
3070 1311 3222 1355 erant
3245 1300 3436 1368 Nicmae
3461 1302 3714 1373 (Syriacus

2124 1388 2372 1446 Sinnadze
2398 1392 2449 1444 in
2478 1392 2726 1464 Phrygia,
2753 1401 2809 1447 et
2837 1393 3082 1464 Eulysius
3107 1395 3360 1464 Apamea:
3387 1395 3439 1449 in
3469 1395 3713 1467 Bithynia

2126 1484 2386 1554 episcopi,
2414 1485 2501 1555 qui
2530 1501 2596 1541 eo
2626 1486 2785 1541 vincti
2828 1487 3042 1542 adducti
3072 1499 3255 1553 erant;
3302 1489 3398 1544 sed
3441 1500 3621 1559 postea
3652 1499 3709 1545 ut

2127 1576 2377 1648 inculpati
2403 1578 2607 1634 dimissi
2629 1580 2774 1635 fuere
2795 1578 3031 1651 (Pallad.
3061 1582 3115 1635 in
3139 1579 3329 1651 Dial.).

2196 1668 2420 1736 Quidam
2447 1678 2625 1725 autem
2655 1686 2723 1726 ex
2750 1670 2970 1727 Joannis
2996 1673 3244 1739 inimicis,
3274 1674 3522 1728 timentes
3547 1687 3632 1738 ne,
3660 1674 3711 1729 si.

2126 1763 2352 1834 populus
2380 1763 2469 1833 qui
2514 1763 2567 1818 in
2594 1764 2820 1819 ecclesia
2849 1774 2964 1820 erat
2991 1765 3286 1820 discessum
3313 1766 3429 1835 ejus
3456 1780 3686 1836 agnoseo

2124 1865 2227 1919 ret,
2257 1855 2402 1909 illum
2432 1854 2801 1926 insequeretur
2822 1871 2885 1911 ac
2906 1856 3079 1912 redire
3103 1868 3339 1927 cogeret,
3368 1857 3510 1913 fores
3533 1858 3717 1914 eccleu

2125 1945 2219 1999 sine
2238 1946 2579 2001 occluserunt
2604 1945 2836 2019 (Sozam.
2885 1948 2924 2002 ι.
2959 1949 3013 2003 8.
3044 1965 3090 2002 c.
3139 1948 3253 2019 22).
3278 1948 3357 2003 Ex
3382 1949 3446 2003 iis
3471 1964 3599 2004 vero
3620 1959 3714 2020 qut

2126 2037 2177 2089 in
2201 2036 2388 2105 plateis
2409 2045 2584 2104 erant,
2605 2039 2695 2093 alii
2715 2038 2781 2092 ad
2809 2054 2956 2094 mare
2975 2049 3322 2095 accurrerunt
3340 2049 3397 2095 ut
3412 2056 3534 2096 eum
3560 2055 3682 2097 asse
3697 2070 3711 2083 -

2124 2136 2435 2198 querentur,
2465 2128 2553 2183 alii
2579 2137 2722 2184 metu
2745 2130 3016 2185 conterriti
3060 2130 3237 2202 fugam
3281 2133 3573 2203 arripuere,
3605 2133 3711 2187 Im-

2126 2220 2390 2290 peratoris
2419 2222 2551 2277 iram
2577 2224 2731 2277 veriti
2754 2240 2768 2279 :
2791 2223 2823 2277 ii
2849 2239 2975 2280 vero
2992 2225 3080 2295 qui
3123 2227 3175 2280 in
3210 2227 3435 2282 ecclesia
3461 2238 3635 2295 erant,
3660 2229 3712 2282 vi

2125 2326 2313 2381 magna
2343 2319 2525 2383 portas
2548 2313 2891 2384 effregerunt.

2198 2400 2441 2458 Ecclesia:
2467 2404 2771 2459 incendium.
2789 2436 2862 2445 —
2886 2405 3029 2461 Inter
3054 2405 3167 2463 haec
3194 2406 3406 2463 flamma
3430 2410 3486 2465 in
3504 2411 3593 2466 illa
3618 2426 3708 2467 se-

2124 2493 2213 2560 de,
2240 2496 2291 2548 in
2321 2511 2424 2565 qua
2462 2497 2668 2552 solebat
2691 2497 2925 2554 Joannes
2953 2500 3279 2567 concionari,
3309 2503 3503 2559 emissa
3531 2514 3632 2570 est,
3654 2513 3713 2561 et

2125 2599 2404 2655 progressa
2422 2586 2488 2641 ad
2513 2596 2706 2642 tectum
2729 2604 2894 2659 usque
2915 2591 3155 2659 pervenit
3176 2601 3443 2663 totamque
3462 2595 3712 2650 combus-

2106 2675 2196 2729 -sit
2220 2675 2499 2732 ecclesiam
2524 2677 2756 2750 (Pallad.
2773 2696 2829 2749 p.
2857 2679 2945 2735 9i.
2970 2681 3061 2752 92)
3085 2700 3098 2734 :
3122 2682 3246 2739 inde
3262 2700 3387 2737 vero
3405 2687 3709 2742 transiliens

2125 2766 2339 2822 ﬂamma
2379 2768 2510 2823 nihil
2538 2770 2662 2825 mali
2692 2772 3016 2843 interpositae
3046 2774 3224 2846 populi
3266 2776 3600 2833 multitudine
3628 2778 3712 2833 in-

2125 2857 2323 2925 ferens,
2368 2860 2434 2916 ad
2461 2861 2604 2917 aedes
2627 2874 2843 2919 senatus
2870 2866 3118 2922 transiliit
3146 2867 3326 2922 multis
3354 2870 3596 2938 passibus
3620 2870 3709 2925 di-

2128 2961 2358 3018 smntes;
2379 2955 2626 3025 quodque
2647 2957 2838 3012 mirum
2867 2958 3131 3027 videatur,
3153 2959 3347 3015 mdium
3369 2961 3576 3017 illarum
3598 2979 3708 3017 non

2127 3060 2242 3100 eam
2271 3055 2472 3116 partem
2498 3063 2616 3118 quae
2637 3050 2914 3105 ecclesiam
2948 3050 3286 3120 respiciebat,
3314 3051 3407 3107 sed
3430 3053 3711 3109 adversam

2126 3148 2356 3207 partem,
2384 3153 2504 3209 quae
2531 3139 2731 3193 l’alatio
2757 3139 3023 3210 lmperiali
3052 3140 3295 3210 proxima
3322 3152 3458 3209 erat,
3495 3144 3710 3209 invasit,

2122 3238 2282 3299 atque
2308 3230 2385 3284 sic
2411 3230 2555 3285 aedes
2582 3230 2699 3285 illas
2726 3231 2777 3286 in
2804 3232 3036 3287 cinerem
3061 3232 3286 3303 redegit,
3306 3248 3515 3305 necnon
3540 3235 3713 3290 eccle-

2125 3321 2258 3376 siam
2289 3331 2345 3376 et
2371 3321 2559 3377 domos
2579 3323 2991 3394 circumquaque
3021 3325 3241 3393 positas,
3271 3334 3326 3380 et
3351 3326 3451 3380 soli
3471 3325 3711 3381 aediculae

2124 3413 2379 3482 pepercit,
2410 3414 2462 3468 in
2486 3429 2591 3485 qua
2619 3430 2768 3471 sacra
2795 3431 2915 3470 vasa
2942 3418 3171 3486 reposita
3199 3427 3370 3473 erant.
3389 3418 3505 3474 Non
3521 3436 3712 3475 aurum

2126 3505 2387 3560 reveritus
2430 3516 2514 3560 est
2540 3506 2696 3576 ignis,
2742 3522 2842 3563 nec
2864 3520 3164 3579 argentum,
3190 3509 3362 3579 inquit
3400 3511 3709 3575 Palladius;

2125 3597 2220 3651 sed
2267 3607 2325 3651 ut
2369 3614 2437 3653 ne
2483 3598 2633 3653 locus
2679 3598 2899 3654 daretur
2952 3601 3421 3658 calumniatoribus
3468 3603 3709 3659 Joannis.

2126 3688 2456 3760 Theophilus
2475 3693 2618 3747 enim
2645 3692 2853 3748 dicebat
2873 3694 3044 3764 ipsum
3068 3696 3310 3752 ecclesiae
3335 3697 3549 3754 mobilia
3576 3714 3711 3754 ven-

2126 3781 2348 3838 didisse.
2379 3782 2575 3838 Verum
2616 3798 2731 3839 rem
2774 3783 2963 3839 falsam
3008 3801 3128 3842 esse
3172 3787 3369 3843 clarius
3407 3789 3597 3844 enituit
3640 3804 3709 3844 ex

2126 3874 2398 3931 brevicqu
2426 3876 2539 3943 illo,
2573 3892 2728 3946 quem
2759 3878 3057 3935 Germanus
3098 3880 3378 3953 presbyter
3406 3891 3461 3937 et
3500 3883 3709 3939 Cassia-

2126 3983 2227 4022 nus
2251 3968 2509 4022 diaconus
2558 3967 2818 4036 obtulere,
2864 3970 3121 4026 etl‘erente
3148 3973 3290 4041 quod
3319 3975 3548 4043 pretiosa
3581 3988 3709 4028 vasa

2126 4058 2470 4114 tradidissent
2491 4074 2670 4115 coram
2691 4059 2977 4129 judicibus,
3018 4062 3207 4119 Studio
3236 4064 3493 4120 Przefecto
3538 4065 3706 4128 urbis,

2127 4150 2460 4222 Eutychiano
2484 4150 2743 4206 Praefecto
2769 4152 3010 4207 Prmtorii
3031 4194 3046 4220 ,
3096 4153 3303 4210 Joanne
3328 4155 3533 4211 Comite
3562 4155 3706 4211 The-

2126 4255 2441 4307 saurorum,
2498 4241 2778 4297 Eustathio
2822 4244 3132 4311 Quaestore,
3182 4253 3236 4300 et
3275 4244 3607 4313 Tabulariis,
3654 4245 3709 4301 in

2126 4348 2278 4401 auro,
2307 4344 2526 4404 argento
2553 4345 2607 4390 et
2633 4336 2886 4392 vestibus.
2912 4337 2969 4392 In
3001 4346 3147 4393 tanto
3165 4346 3343 4394 autem
3369 4349 3425 4394 et
3449 4349 3552 4393 tam
3573 4355 3711 4410 pra!-

2127 4427 2273 4498 cipiti
2293 4429 2538 4484 incendio
2565 4445 2725 4485 nemo
2763 4430 2937 4501 periit.
2975 4431 3125 4487 Circa
3152 4430 3268 4501 ejus
3296 4442 3541 4488 auctores
3565 4434 3709 4487 varia

2126 4535 2156 4574 a
2181 4521 2529 4591 scriptoribus
2564 4522 2903 4577 referuntur:
2933 4522 3203 4578 Palladius
3253 4537 3367 4577 rem
3406 4533 3619 4591 narrat,
3653 4536 3712 4579 ut

2127 4612 2381 4668 divinitus
2408 4614 2629 4668 omnino
2652 4615 2841 4670 factam
2875 4632 2888 4668 :
2922 4616 3249 4669 Sozomenus
3273 4614 3420 4678 dicit,
3452 4618 3707 4685 populum

2126 4707 2317 4763 Joanni
2345 4706 2613 4762 addictum
2643 4708 2695 4761 id
2735 4708 2786 4762 in
2826 4708 2943 4777 ejus
2980 4708 3223 4763 inimicos
3264 4708 3547 4773 retulisse;
3588 4708 3710 4763 illos

2126 4815 2256 4855 vero
2289 4799 2341 4854 id
2368 4799 2589 4855 Joannis
2631 4800 2818 4855 amicis
2850 4800 3197 4869 adseripsisse
3219 4841 3233 4865 ,
3281 4800 3528 4857 Socrates
3557 4819 3569 4853 :
3600 4801 3708 4854 Zu-

2127 4891 2294 4946 simus
2322 4900 2378 4947 et
2403 4891 2758 4962 Theophanes
2806 4892 2999 4962 populo
3041 4891 3234 4947 Joanni
3277 4891 3493 4948 addicto
3539 4903 3707 4947 totum

2126 4982 2383 5038 referunt.

2201 5073 2256 5127 In
2285 5073 2407 5128 aula
2449 5088 2573 5128 vero
2602 5073 2939 5142 Imperatoria
2972 5071 3228 5144 ﬂagitium
3259 5073 3388 5129 illud
3417 5089 3448 5129 a
3480 5073 3671 5130 Joanni

2127 5166 2196 5218 tis
2233 5173 2497 5233 patratum
2548 5163 2710 5219 fuisse
2744 5165 2828 5218 vel
2866 5165 3183 5234 putabatur.
3231 5164 3312 5219 vel
3356 5164 3708 5219 simulabatur

2128 5254 2300 5327 (Socr.
2343 5255 2381 5308 ι.
2417 5254 2471 5329 6.
2520 5271 2568 5308 c.
2604 5256 2687 5312 I8.
2715 5255 2928 5310 Pallad.
2955 5257 3010 5309 in
3039 5254 3232 5327 Dial.).
3263 5256 3413 5311 Tunc
3449 5256 3707 5325 Optatus,

2128 5347 2275 5401 urbis
2314 5346 2604 5402 Prtefectus
2624 5388 2641 5414 ,
2683 5347 2939 5418 religione
2964 5347 3196 5418 gentilis,
3226 5349 3277 5401 iu
3304 5348 3580 5403 Joannitas
3605 5364 3701 5403 seu

2127 5438 2348 5493 Joannis
2375 5437 2611 5494 fautores
2634 5438 2920 5493 admodum
2949 5439 3142 5493 saeviit.
3189 5443 3230 5492 Α
3256 5440 3400 5493 nqu
3431 5447 3606 5493 tamen
3640 5455 3707 5493 ex

2131 5534 2235 5588 illis
2260 5534 2310 5587 vi
2341 5543 2724 5589 tormentorum
2753 5532 2805 5587 id
2831 5531 3048 5588 efficere
3077 5532 3271 5602 potuit,
3302 5541 3357 5587 ut
3382 5546 3441 5587 se
3468 5532 3549 5586 Vel
3577 5546 3707 5587 suos

2130 5626 2289 5696 hujus
2317 5627 2545 5683 incendii
2568 5636 2817 5682 auctores
2837 5641 2955 5681 esse
2987 5626 3342 5692 declararent,
3371 5626 3485 5696 ipso
3507 5625 3710 5681 fatente

2129 5721 2344 5776 Zosimo
2372 5738 2385 5775 :
2423 5721 2474 5775 id
2502 5719 2641 5790 quod
2664 5720 2823 5774 etiam
2850 5719 3161 5774 testilieatur
3180 5718 3413 5774 Joannes
3437 5719 3592 5788 epist.
3617 5718 3709 5774 94.

2131 5816 2243 5871 Imo
2282 5814 2455 5885 ipsum
2498 5813 2758 5870 Joannem
2803 5822 2861 5868 ut
2906 5811 3138 5868 incendii
3181 5823 3454 5868 auctorem
3495 5827 3705 5867 accusa-
