4096 6392
290 498 396 552 21⁸⁷

290 628 458 679 vere;
492 609 735 680 ideoque,
760 616 813 662 ut
841 606 913 660 ait
943 603 1209 659 Palladius
1249 603 1301 655 in
1333 600 1555 670 Dialog,
1590 600 1795 652 vinctus
1819 596 1870 651 in

296 706 540 779 Bithynia
566 704 814 759 detentus
839 701 935 755 fuit
952 715 1071 754 cum
1094 697 1314 769 Cyriaco
1340 703 1392 749 et
1416 693 1633 765 Eulysio
1657 691 1864 760 episco—

298 798 377 867 pis
400 838 413 860 ,
444 794 532 865 qui
560 792 817 865 postremi
844 806 962 845 cum
993 789 1112 844 aliis
1146 785 1535 841 Chalcedonem
1578 782 1785 835 adducti
1817 789 1871 834 et

292 885 547 941 custodire
569 882 852 952 mancipati
879 888 1001 937 sunt
1030 898 1042 933 :
1072 888 1229 947 atque
1258 892 1323 931 eo
1343 890 1510 944 usque
1534 872 1874 943 impudentia:

295 989 349 1031 et
376 976 621 1045 nequitia:
646 971 1285 1045 processeruntAcacius,
1308 967 1519 1031 Paulus,
1552 963 1869 1027 Antiochus,

295 1068 635 1129 Severianus,
666 1075 721 1121 et
749 1066 837 1119 alii
861 1064 1075 1133 quidam
1099 1105 1113 1127 ,
1144 1070 1201 1117 ut
1229 1063 1281 1115 in
1304 1060 1472 1115 literis
1493 1059 1602 1113 suis
1626 1057 1690 1111 ad
1718 1057 1873 1110 luno-

295 1161 526 1216 centium
576 1160 811 1228 Papam,
861 1156 1118 1212 Joannem
1164 1155 1313 1224 quasi
1363 1151 1643 1207 ecclesiam
1692 1151 1874 1203 incen-

296 1252 498 1315 disset,
527 1250 1001 1305 calumniarentur.
1054 1247 1287 1301 Joannes
1326 1259 1457 1298 vero
1486 1242 1699 1310 scripsit
1741 1240 1869 1305 illis,

296 1342 399 1397 etsi
422 1342 473 1396 in
505 1341 623 1395 aliis
652 1341 748 1396 sibi
784 1337 1102 1394 defendendi
1143 1338 1225 1390 sui
1254 1336 1427 1390 locum
1454 1350 1558 1387 non
1590 1333 1868 1394 dederant,

300 1434 353 1486 in
397 1433 497 1487 hoc
525 1432 713 1487 saltem
742 1431 932 1485 darent
963 1438 1021 1483 ut
1049 1427 1117 1482 de
1150 1424 1455 1495 hujusmodi
1484 1422 1726 1477 incendio
1753 1435 1871 1475 sese

298 1532 567 1595 purgaret.

368 1616 473 1670 Alii
522 1630 730 1685 quoque
768 1628 862 1683 per
908 1613 1091 1667 urbem
1139 1606 1718 1675 circumeuntes(Soz.
1748 1606 1783 1657 ι.
1816 1604 1869 1659 8.

298 1726 346 1763 c.
374 1708 498 1779 22),
542 1723 634 1763 eos
673 1707 763 1777 qui
800 1706 962 1761 delati
991 1704 1201 1759 fuerant
1228 1702 1366 1772 quod
1393 1700 1579 1754 Joanni
1612 1700 1869 1761 faverent,

299 1798 819 1869 comprehenderunt
839 1840 852 1861 ,
880 1806 933 1851 et
961 1796 1013 1850 in
1044 1794 1337 1850 custodiam
1370 1792 1522 1845 datos
1548 1832 1563 1854 ,
1596 1799 1654 1843 ut
1681 1788 1871 1844 Joanui

304 1885 585 1937 anathema
604 1881 1125 1950 dicerenteogebant
1146 1880 1338 1950 (Epist.
1361 1879 1484 1934 H8.
1510 1890 1548 1931 t.
1577 1880 1628 1932 5.
1660 1897 1705 1931 c.
1726 1878 1876 1945 075).

307 1975 413 2029 Illis
441 1989 570 2029 vero
596 1975 882 2044 episcopis,
905 1974 1235 2046 presbyteris
1255 1973 1481 2042 aliisque
1502 1972 1591 2043 qui
1618 1973 1699 2025 sui
1720 1985 1879 2024 causa

308 2068 359 2121 in
390 2082 658 2122 carcerem
703 2066 835 2121 trusi
881 2066 1111 2132 fuerant,
1155 2064 1434 2134 epistolam
1465 2064 1879 2118 consolatoriam

304 2161 452 2215 misit
474 2158 889 2233 Chrysostomus
922 2158 1027 2231 (Ib.
1070 2176 1118 2214 c.
1166 2159 1316 2229 541),
1367 2157 1455 2212 ubi
1488 2158 1668 2226 paucis
1701 2157 1881 2211 horta-

301 2266 389 2310 tur
416 2256 533 2309 illos
556 2253 623 2308 ad
658 2252 965 2324 patientiam
990 2292 1005 2318 ,
1056 2250 1287 2319 dicitque
1316 2261 1581 2302 aerumnas
1606 2252 1661 2298 et
1688 2257 1873 2313 pmnas

301 2344 605 2417 hujusmodi
632 2387 647 2411 ,
685 2359 783 2415 pro
813 2343 1007 2413 pietate
1047 2348 1324 2411 susceptas
1346 2380 1359 2402 ,
1406 2351 1722 2393 coronarum
1752 2348 1871 2389 esse

296 2439 704 2495 ooneiliatrices.

368 2530 606 2585 Arsacias
633 2528 719 2583 Jo.
751 2527 1105 2597 Cltrysostomo
1132 2524 1466 2578 substituitur.
1497 2516 1567 2561 +—
1588 2521 1872 2587 Postquam

297 2623 376 2677 sic
396 2621 655 2676 abductus
677 2619 847 2673 fuerat
870 2616 1102 2671 Joannes
1125 2656 1140 2680 ,
1171 2624 1393 2669 curante
1422 2611 1663 2667 Eudoxia
1696 2611 1871 2678 Impe-

300 2715 491 2769 ratrice
517 2714 569 2767 in
610 2711 789 2766 sedem
828 2709 945 2779 ejus
986 2708 1300 2763 substitutus
1328 2705 1424 2759 fuit
1452 2704 1702 2757 Arsacius
1724 2702 1871 2770 vige-

298 2808 431 2862 sima
479 2806 701 2874 septima
746 2803 833 2857 die
871 2801 1067 2856 mensis
1106 2800 1244 2854 Junii
1293 2812 1433 2852 anno
1460 2796 1582 2851 404.
1629 2796 1758 2849 Erat
1786 2793 1873 2847 ille

299 2897 549 2952 Arsacius
574 2895 736 2949 frater
773 2892 1035 2957 Nectarii,
1064 2890 1152 2960 qui
1196 2891 1247 2943 in
1291 2888 1472 2943 sedem
1500 2885 1874 2941 Constantino-

299 2990 607 3059 politanam,
647 2985 904 3056 Gregorio
929 2982 1264 3037 Nazianzeno
1291 2979 1592 3043 secedente,
1625 2976 1872 3030 inductus

301 3081 474 3135 fuerat
519 3077 841 3149 (Chronicon.
874 3076 1054 3139 Alcm;
1081 3072 1337 3142 Chrysost.
1371 3070 1535 3139 Epist.
1579 3070 1727 3137 125).
1764 3069 1873 3121 An-

297 3186 487 3226 norum
514 3169 779 3239 octoginta
807 3176 922 3221 erat
952 3166 1223 3230 Arsacius,
1254 3178 1411 3233 quem
1442 3162 1689 3225 delirum,
1720 3170 1875 3215 vocat

296 3263 728 3335 Chrysostomus,
755 3269 809 3315 et
834 3260 1014 3330 lupum
1035 3268 1192 3327 atque
1223 3257 1539 3322 adulterum,
1572 3256 1710 3325 quod
1743 3254 1873 3308 alie-

298 3369 419 3409 nam
447 3352 625 3408 sedem
650 3353 725 3407 sic
755 3351 1053 3405 invasisset.
1078 3349 1165 3403 Ait
1183 3348 1395 3417 quidem
1420 3347 1668 3401 Socrates
1699 3347 1870 3415 ipsum

296 3446 367 3500 ob
391 3445 710 3515 singularem
757 3441 1219 3497 mansuetudinem
1248 3439 1544 3495 Ecclesiam
1587 3438 1873 3506 tranquille

295 3540 621 3609 gubernasse
669 3536 852 3610 (Socr.
894 3536 930 3588 ι.
959 3535 1012 3590 6.
1049 3552 1095 3588 c.
1129 3532 1250 3605 l9).
1301 3533 1499 3587 Verum
1543 3532 1871 3587 Sozomenus

296 3638 478 3684 narrat
508 3628 655 3681 illum
681 3626 893 3697 quidem
919 3632 1253 3679 mansuetum
1278 3623 1439 3677 fuisse
1464 3631 1519 3677 et
1546 3637 1668 3692 erga
1700 3623 1863 3675 Deum

293 3722 599 3791 religiosum
620 3736 633 3785 ;
656 3719 749 3773 sed
766 3717 972 3773 laudem
993 3717 1159 3780 illam,
1181 3732 1337 3785 quam
1355 3716 1590 3770 omnium
1608 3730 1871 3770 consensu

294 3811 518 3881 adeptus
543 3810 713 3865 fuerat
737 3810 1014 3881 presbyter
1033 3851 1047 3875 ,
1079 3809 1405 3863 imminuisse
1431 3808 1685 3879 quosdam
1714 3809 1871 3862 cleri-

244 3934 251 3939 ι
294 3916 417 3967 cos,
452 3902 541 3971 qui
567 3902 741 3955 omnia
770 3916 865 3970 pro
895 3900 1062 3955 lubito
1088 3915 1185 3955 suo
1212 3900 1467 3989 agebant,
1504 3908 1559 3954 et
1585 3910 1734 3969 gesta
1775 3913 1868 3952 sua

295 3992 373 4047 illi
400 3993 746 4062 imputabant.
775 3992 1005 4063 Anysius
1026 4006 1172 4057 vero,
1215 4006 1377 4046 senex
1398 3991 1678 4061 episcopus
1704 3991 1871 4044 Thcs-

296 4086 644 4141 salonicensis
664 4126 678 4149 ,
706 4100 763 4141 se
793 4085 1047 4140 Ecclesia:
1074 4083 1327 4139 Romana:
1358 4084 1638 4138 sententia:
1666 4084 1869 4137 lizerere

295 4180 480 4233 dicens
502 4220 518 4244 ,
553 4194 581 4231 a
610 4178 829 4233 Joannis
868 4176 1107 4247 partibus
1145 4185 1289 4231 stare
1333 4191 1391 4229 se
1430 4176 1603 4230 dixit:
1636 4176 1870 4245 episc0pi

296 4286 505 4339 quoque
560 4269 731 4324 Carire
774 4284 834 4325 se
878 4268 1096 4322 Joannis
1141 4268 1571 4321 communionem
1623 4266 1869 4334 amplecti

296 4362 479 4417 dixere
504 4360 747 4432 (Pallad.
793 4363 849 4414 in
890 4359 1088 4429 Dialog.
1116 4360 1153 4429 ).
1184 4358 1323 4412 Infra
1364 4358 1660 4413 videbimus
1703 4358 1871 4411 Palm-

296 4455 489 4509 stinam
519 4463 573 4508 et
603 4454 924 4509 thniciam
954 4469 1047 4523 pro
1068 4453 1271 4508 Joanne
1299 4452 1518 4506 fecisse:
1545 4452 1725 4506 Cilicia
1743 4467 1869 4506 vero

296 4546 462 4601 divisa
494 4546 608 4601 fuit.

367 4639 569 4694 Arsacii
601 4640 813 4705 famam,
837 4639 1004 4710 inquit
1025 4641 1371 4705 Sozomenus,
1394 4642 1643 4695 lzeserunt
1667 4656 1726 4694 ea
1752 4657 1869 4710 qurc

296 4740 443 4799 gesta
470 4741 592 4785 sunt
623 4731 787 4803 (Sos.
808 4732 918 4787 (.8.
947 4748 993 4785 c.
1013 4732 1127 4791 25).
1158 4733 1289 4787 Nam
1328 4749 1448 4788 cum
1485 4733 1703 4789 Joannis
1756 4733 1870 4787 fau-

296 4834 440 4878 tores
466 4839 563 4879 nec
587 4839 706 4877 cum
731 4825 948 4879 Arsacio
974 4867 988 4891 ,
1014 4840 1111 4879 nec
1135 4840 1253 4879 cum
1282 4825 1398 4893 ejus
1423 4825 1715 4879 fautoribus
1739 4841 1866 4896 syn-

295 4928 424 4969 axes
462 4929 619 4984 agere
642 4916 725 4969 vel
762 4930 945 4983 preces
976 4915 1196 4969 fundere
1232 4916 1446 4982 vellent,
1478 4915 1703 4983 ideoque
1722 4932 1869 4969 seor-

296 5005 394 5059 sim
416 5014 470 5059 et
498 5006 547 5058 in
577 5006 828 5059 extremis
853 5005 1079 5060 civitatis
1102 5006 1340 5075 partibus
1359 5006 1613 5062 collectas
1627 5016 1865 5075 agerent,

296 5111 408 5151 rem
441 5097 553 5166 ipse
574 5096 639 5151 ad
667 5096 1047 5165 Imperatorem
1076 5098 1274 5151 retulit.

368 5188 636 5243 Tribunus
689 5189 866 5257 itaque
913 5203 1035 5242 cum
1098 5188 1356 5243 militibus
1410 5189 1463 5243 in
1518 5197 1866 5259 congregatos

294 5277 569 5334 Joannitas
614 5280 865 5347 impetum
916 5278 1091 5334 facere
1132 5279 1309 5348 jussus
1363 5279 1381 5350 (
1415 5278 1620 5333 Sozam.
1653 5278 1792 5333 Ibid.
1826 5281 1865 5349 ),

301 5371 508 5439 plebem
556 5369 782 5423 fustibus
832 5378 886 5423 et
925 5370 1067 5424 saxis
1109 5370 1318 5425 caedetis
1357 5370 1536 5440 fugere
1580 5371 1865 5438 compulit;

299 5461 587 5515 nobiliores
615 5476 742 5514 vero
768 5468 821 5514 et
849 5475 942 5514 eos
979 5461 1067 5529 qui
1106 5460 1325 5514 Joannis
1358 5470 1537 5529 partes
1566 5462 1867 5523 tuebantur,

298 5552 551 5607 custodite
573 5552 805 5607 tradidit.
836 5552 983 5605 Tunc
1005 5562 1179 5605 autem
1203 5595 1217 5617 ,
1263 5553 1335 5605 uti
1364 5552 1500 5606 solet
1528 5553 1737 5622 quando
1769 5554 1869 5605 mi-

299 5643 479 5699 litibus
506 5644 712 5698 licentia
743 5643 918 5709 datur,
953 5644 1199 5697 mulieres
1220 5654 1410 5697 ornatu
1441 5659 1537 5697 suo
1563 5645 1612 5696 vi
1636 5643 1870 5697 adhibita

301 5738 591 5805 spoliantur
614 5754 627 5799 ;
652 5736 769 5789 aliis
796 5736 1027 5797 monilia,
1052 5752 1199 5789 zouze
1219 5753 1397 5789 aurem
1418 5747 1469 5790 et
1498 5746 1712 5805 torques
1732 5737 1873 5789 abri-

304 5831 532 5897 piuntur,
574 5830 694 5884 aliis
727 5828 939 5883 inaures
970 5829 1128 5884 simul
1165 5844 1283 5883 cum
1310 5830 1526 5883 auribus
1576 5828 1867 5883 detrahun-

307 5930 409 5975 tur.
461 5919 696 5991 Cumque
742 5920 928 5994 ingens
968 5919 1296 5992 perturbatio
1342 5929 1396 5976 et
1437 5920 1608 5976 luctus
1644 5921 1696 5976 in
1740 5922 1871 5976 urbe

1492 480 1673 538 NUNC
1710 476 1974 535 PRIMUM
2014 479 2407 537 ADORNATA.

3437 494 3543 549 filii

1978 605 2151 660 esset,
2181 613 2248 652 ne
2277 598 2353 651 sic
2382 599 2592 668 quidem
2637 600 2784 668 plebs
2828 601 3098 670 pristinam
3142 619 3263 674 erga
3293 605 3549 662 Joannem

1979 689 2402 745 benevolentiam
2432 692 2642 761 abjecit.

2052 780 2127 833 Illi
2157 796 2283 835 vero
2311 781 2518 849 publice
2552 783 2761 850 quidem
2792 785 3075 839 convenire
3099 801 3203 840 non
3235 787 3367 842 ultra
3393 788 3553 842 aude-

1979 871 2106 926 bant
2131 872 2273 941 (Soz.
2299 874 2334 925 l.
2364 874 2418 927 8.
2447 891 2493 926 c.
2520 874 2611 944 25)
2637 918 2651 941 ,
2701 877 2845 929 multi
2892 892 2989 930 nec
3019 879 3067 930 in
3107 877 3277 932 forum
3300 923 3314 947 ,
3350 896 3445 933 nec
3487 881 3553 934 ad

1980 963 2165 1017 balnea
2208 966 2527 1034 procedere;
2562 966 2872 1034 quibusdam
2912 968 3068 1021 etiam
3102 978 3269 1025 tutum
3307 987 3410 1025 non
3438 982 3555 1026 erat

1978 1054 2123 1108 domi
2166 1070 2419 1119 manere;
2475 1057 2569 1111 sed
2618 1058 2831 1126 plurimi
2876 1059 2974 1112 viri
3028 1060 3152 1113 boni
3207 1060 3552 1131 bonestzeque

1978 1147 2229 1201 mulieres
2260 1148 2388 1202 urbe
2429 1150 2754 1203 excedebant
2784 1169 2795 1202 :
2826 1166 2889 1204 ex
2932 1166 3156 1220 quorum
3205 1169 3423 1207 numero
3457 1153 3552 1207 fuit

1976 1239 2219 1294 Nicarcte
2244 1240 2467 1311 Bithyna
2488 1281 2501 1303 ,
2550 1241 2712 1294 nobili
2751 1258 2943 1309 genere
2969 1242 3287 1296 Nicomedia:
3316 1256 3450 1308 orta,
3484 1244 3551 1297 oh

1979 1342 2283 1403 perpetuam
2314 1335 2663 1402 virginitatem
2708 1344 2760 1388 et
2800 1335 2920 1387 vita:
2967 1336 3368 1388 sanctimoniam
3409 1337 3552 1389 cele-

1976 1424 2205 1479 berrima
2237 1426 2403 1493 (Anno
2432 1426 2559 1494 404)
2584 1467 2598 1490 ,
2634 1416 2884 1479 virtutum
2916 1427 3148 1479 omnium
3179 1427 3432 1481 exercitio
3456 1427 3551 1480 ad-

1977 1516 2136 1577 dicta.
2166 1504 2238 1569 ita
2271 1527 2326 1569 ut
2357 1532 2474 1570 cum
2500 1517 2827 1585 amplissimo
2864 1519 3179 1587 patrimonio
3210 1519 3402 1589 injuste
3428 1533 3552 1588 spo-

1976 1609 2097 1663 liata
2128 1609 2328 1674 fuisset,
2372 1625 2481 1662 rem
2511 1610 2889 1678 patientissime
2916 1610 3127 1673 tulerit;
3158 1610 3250 1664 sed
3277 1626 3343 1664 ex
3372 1611 3551 1680 paucis

1981 1701 2081 1754 sibi
2112 1701 2343 1763 relictis;
2378 1701 2624 1769 prudenti
2649 1717 2736 1755 usa
2766 1700 3237 1765 administratione,
3269 1718 3370 1755 non
3396 1703 3550 1755 modo

1977 1793 2076 1847 sibi
2102 1800 2156 1847 et
2178 1793 2481 1848 domesticis
2502 1795 2799 1849 necessaria
2819 1795 3249 1864 suppeditaverit,
3277 1795 3367 1849 sed
3391 1796 3547 1849 etiam

1976 1885 2093 1939 aliis
2120 1885 2620 1953 subministraverit,
2645 1887 2975 1958 maximeque
3002 1888 3403 1954 medicamenta,
3431 1904 3550 1958 quae

1976 1976 2088 2046 ipsa
2112 1978 2379 2047 ingeniose
2416 1978 2480 2033 ad
2508 1994 2793 2048 pauperum
2822 1980 3182 2048 :rgrotantium
3208 1994 3359 2032 usum
3386 1994 3551 2047 appa-

1975 2069 2145 2124 tabat.
2178 2069 2391 2125 Certum
2417 2079 2591 2124 tamen
2621 2080 2701 2124 est
2725 2112 2738 2130 ,
2783 2071 2939 2124 etiam
2983 2080 3103 2124 tunc
3138 2071 3273 2124 clam
3300 2112 3315 2137 ,
3344 2080 3399 2124 et
3437 2070 3548 2124 for-

1976 2168 2117 2216 tasse
2157 2162 2291 2215 intra
2320 2162 2508 2217 domos
2534 2178 2759 2233 synaxes
2789 2162 3077 2217 celebratas
3109 2162 3290 2217 fuisse.
3320 2163 3551 2217 Joannes

1978 2254 2118 2309 enim
2153 2254 2502 2324 Theophilum
2548 2266 2601 2309 et
2629 2255 2913 2311 Salustium
2968 2255 3304 2327 presbyteros
3345 2255 3545 2324 culpat,

1975 2344 2116 2414 quod
2156 2345 2443 2415 synaxibus
2481 2344 2692 2398 assidue
2739 2360 2841 2398 non
2886 2346 3223 2399 interessent.
3266 2344 3376 2399 lmo
3401 2354 3551 2400 extra

1976 2438 2159 2491 urbem
2188 2452 2398 2508 quoque
2428 2439 2477 2491 in
2509 2439 2775 2493 montibus
2805 2448 2859 2493 et
2897 2440 3061 2510 sylvis
3084 2455 3309 2510 synaxes
3341 2440 3546 2493 habitas

1978 2526 2140 2583 fuisse
2165 2570 2178 2591 ,
2223 2528 2573 2583 testificantur
2609 2530 2896 2598 scriptores
2920 2530 3132 2599 quidam
3159 2532 3179 2594 ,’
3205 2542 3253 2584 et
3286 2531 3337 2585 in
3365 2530 3548 2585 codice

1975 2618 2344 2674 Theodosiano
2368 2620 2628 2689 ejusmodi
2657 2636 2885 2692 synaxcs
2910 2622 3243 2677 severissime
3268 2622 3549 2693 punienda:

1976 2711 2226 2765 dicuntur
2247 2710 2489 2782 (Niccplt.
2522 2712 2757 2782 C/tron.).

2048 2802 2322 2871 Eutropius
2369 2802 2545 2855 Lector
2582 2805 2633 2856 in
2682 2805 2979 2857 cruciatibus
3022 2806 3231 2857 moritur
3271 2815 3317 2857 et
3361 2815 3551 2875 martyr

1978 2894 2202 2947 habetur.
2254 2925 2326 2935 ——
2370 2896 2502 2949 Cum
2543 2896 2726 2965 ingens
2768 2905 2942 2949 metus
2991 2897 3241 2965 populum
3272 2911 3301 2950 a
3328 2898 3550 2951 tumultu

1975 2988 2325 3053 coercuisset,
2361 2987 2648 3041 Prazfectus
2675 2989 2817 3041 urbis
2855 2988 2921 3042 de
2964 2988 3207 3042 inccndio
3231 2988 3470 3043 ecclesire
3498 2999 3551 3043 et

1975 3078 2137 3131 eurize
2160 3078 2503 3147 qumstionetn
2552 3078 2733 3132 habuit
2755 3120 2768 3141 ,
2814 3078 3114 3148 multosque
3150 3079 3397 3148 gravibus
3425 3095 3549 3148 sup-

1975 3171 2145 3241 pliciis
2165 3171 2358 3224 affecit.
2389 3169 2518 3224 Cum
2548 3172 2686 3225 enim
2712 3171 2985 3225 idololatra
3012 3181 3171 3235 esset,
3207 3172 3272 3224 de
3299 3172 3549 3225 Ecclesia:

1974 3262 2358 3315 calamitatibus
2408 3262 2768 3315 delectabatur
2816 3262 2980 3333 (Sos.
3024 3264 3061 3315 ι.
3106 3262 3159 3315 8.
3198 3279 3244 3315 c.
3288 3260 3377 3316 25.
3418 3262 3544 3331 24).

1978 3352 2262 3422 Eutropius
2292 3353 2461 3407 lector
2488 3353 2554 3408 ad
2594 3353 2900 3408 iudicandos
2922 3370 3033 3417 eos,
3066 3355 3154 3423 qui
3188 3355 3359 3425 ignem
3379 3356 3550 3409 eccle-

1975 3445 2066 3497 siae
2098 3445 2385 3513 injecerant
2410 3486 2424 3507 ,
2469 3445 2519 3498 in
2557 3444 2813 3514 judicium
2859 3445 3149 3508 adductus,
3190 3446 3393 3499 etiamsi
3425 3445 3550 3499 loris

1975 3546 2029 3591 et
2049 3536 2273 3591 fustibus
2298 3553 2486 3601 caesus,
2529 3538 2733 3591 etiamsi
2762 3538 2807 3591 ei
2839 3538 3000 3592 latera
3028 3547 3082 3593 et
3109 3554 3257 3607 genae
3288 3538 3550 3608 unguibus

1976 3626 2337 3682 lacerarentur
2357 3670 2371 3690 ,
2400 3628 2753 3697 ardentesque
2794 3628 2935 3681 faces
2957 3629 3164 3697 corpori
3201 3628 3550 3683 admoveren-

1976 3728 2092 3782 tur,
2139 3719 2235 3772 etsi
2272 3718 2444 3773 adhuc
2485 3719 2794 3773 adolescens
2837 3728 2889 3773 et
2925 3734 3147 3789 corpore
3187 3729 3369 3783 tener,
3418 3719 3549 3773 nihil

1974 3825 2223 3880 umquam
2269 3809 2544 3863 confessus
2587 3821 2665 3863 est
2695 3828 2707 3863 :
2736 3826 2797 3864 ac
2834 3820 2951 3879 post
2990 3820 3248 3866 tormenta
3281 3812 3331 3865 in
3370 3827 3550 3865 carce-

1973 3916 2085 3955 rem
2112 3901 2381 3969 coujectus
2405 3944 2419 3967 ,
2466 3902 2571 3956 illic
2609 3902 2837 3956 animam
2883 3902 3020 3957 haud
3050 3905 3214 3957 multo
3244 3912 3425 3972 postea
3456 3920 3549 3957 ex-

1974 3993 2190 4046 halavit.
2244 3993 2373 4060 Ejus
2410 3995 2689 4048 occasione
2729 3995 3055 4049 Sozomenus
3094 3997 3355 4049 somnium
3387 3995 3549 4050 refert

1974 4083 2189 4138 Sisinnii
2215 4084 2527 4153 cujusdam,
2559 4084 2967 4139 Novatianorum
3007 4088 3239 4156 episcopi
3264 4129 3278 4150 ,
3309 4086 3389 4140 cui
3421 4086 3550 4139 dor-

1974 4178 2156 4231 mienti
2187 4176 2383 4232 dictum
2426 4178 2520 4231 fuit
2547 4178 2859 4246 Eutropium
2898 4179 3067 4231 solum
3112 4180 3334 4246 probum
3374 4178 3544 4231 virum

1976 4271 2027 4324 in
2054 4271 2264 4325 civitate
2290 4270 2471 4325 fuisse.
2498 4271 2781 4339 Eutropius
2808 4279 2983 4323 autem
3012 4269 3099 4323 hic
3124 4272 3259 4323 inter
3285 4279 3545 4339 martyres

1976 4362 2027 4415 in
2054 4361 2428 4432 Martyrologio
2463 4362 2703 4415 Romano
2731 4362 3036 4416 celebratur
3062 4403 3076 4427 ,
3121 4362 3435 4416 duodecimo
3462 4361 3548 4415 die

1975 4454 2210 4509 Januarii
2241 4456 2461 4508 mensis.

2044 4544 2247 4615 Tigrius
2282 4544 2549 4615 Presbyter
2596 4546 2866 4598 cruciatur.
2889 4575 2960 4583 —
2979 4544 3124 4598 Tunc
3150 4544 3308 4599 etiam
3342 4545 3550 4615 Tigrius

1975 4637 2251 4705 presbyter
2269 4677 2284 4702 ,
2322 4637 2647 4691 vestimentis
2676 4648 2864 4690 exutus
2886 4646 2940 4690 et
2966 4646 3111 4705 tergo
3140 4634 3315 4705 flagris
3336 4652 3504 4690 caesus
3526 4679 3540 4697 ,

1974 4730 2267 4798 vinetisque
2305 4728 2522 4798 pedibus
2546 4738 2600 4782 et
2628 4729 2869 4782 manibus
2914 4730 2964 4782 in
3005 4729 3229 4797 cquuleo
3257 4738 3508 4782 extensus
3532 4770 3545 4790 ,

1976 4821 2227 4874 membris
2255 4821 2541 4875 dissolutus
2567 4829 2648 4875 est
2668 4820 2815 4889 (Soz.
2847 4820 2882 4873 l.
2910 4822 2963 4874 8.
2990 4837 3037 4875 c.
3067 4820 3177 4889 24).
3219 4821 3343 4874 Erat
3372 4830 3545 4875 autem

1975 4913 2061 4967 hic
2090 4914 2301 4967 natione
2330 4913 2583 4967 barbarus
2603 4922 2656 4967 et
2676 4912 2967 4977 eunuchus,
2989 4913 3080 4967 sed
3110 4914 3291 4967 nonab
3310 4914 3546 4980 origine:

1974 5004 2062 5072 qui
2088 5018 2207 5057 eum
2252 5004 2304 5057 in
2348 5002 2507 5057 domo
2535 5003 2806 5073 cujusdam
2838 5004 3065 5072 petentis
3100 5018 3283 5058 servus
3323 5003 3542 5067 fuisset,

1975 5094 2191 5147 domino
2234 5108 2330 5148 suo
2363 5094 2610 5163 probatus
2641 5134 2654 5158 ,
2705 5095 2999 5148 libertatem
3038 5104 3325 5149 meruerat.
3360 5095 3545 5148 Postea

1972 5199 2101 5240 vero
2126 5186 2189 5239 ad
2210 5186 2520 5257 presbyterii
2542 5187 2758 5255 gradum
2784 5198 3072 5255 promotus,
3091 5188 3323 5241 moribus
3347 5198 3545 5257 gratus,

1974 5279 2140 5332 comis
2162 5321 2175 5343 ,
2218 5285 2375 5346 atque
2392 5294 2512 5347 erga
2541 5293 2801 5348 pauperes
2829 5289 2882 5332 et
2910 5280 3214 5347 peregrinos
3237 5279 3550 5348 benignissi-

1976 5385 2093 5422 mus
2121 5369 2233 5421 fuit.
2268 5368 2361 5422 llic
2400 5370 2556 5422 etiam
2602 5372 2903 5423 enuntiatur
2940 5370 2990 5422 iu
3023 5369 3396 5439 Martyrologio
3440 5370 3549 5422 Ro—

1977 5477 2134 5515 mano
2180 5461 2491 5515 duodecimo
2532 5461 2618 5515 die
2666 5461 2919 5515 Januarii.
2974 5462 3027 5515 lu
3085 5472 3285 5531 partem
3340 5476 3550 5531 quoque

1978 5567 2329 5606 aerumnarum
2358 5562 2616 5606 venerunt
2650 5553 2894 5607 monachi
2936 5554 3325 5622 Mesopotamia:
3355 5565 3405 5608 et
3432 5554 3549 5605 dia-

1977 5648 2200 5699 conissre
2222 5645 2277 5698 (ἒ.
2313 5645 2395 5706 Ρ.,
2426 5662 2542 5713 (μιτο
2573 5647 2895 5715 cogebantur
2921 5649 3003 5701 vel
3021 5664 3138 5701 cum
3164 5648 3377 5701 Arsacia
3398 5659 3546 5701 eom-

1981 5738 2273 5799 muuicare,
2297 5736 2379 5790 vel
2404 5737 2516 5789 auri
2542 5736 2647 5791 200
2672 5738 2829 5791 libras
2851 5739 2998 5792 dare.

2053 5828 2315 5897 Olympias
2370 5824 2686 5883 Diacom’ssa.
2735 5857 2801 5870 —
2865 5835 3133 5908 Olympias
3165 5840 3461 5897 diaeonissa
3498 5843 3551 5895 in

1983 5921 2083 5976 hoc
2130 5938 2304 5977 rerum
2352 5920 2658 5978 discrimine
2706 5928 3073 5983 fortitudinem
3106 5930 3271 5987 animi
3307 5931 3550 5989 exhibuit
