4096 6392
474 474 590 533 919

490 591 636 661 (8οι.
672 591 715 645 ι.
743 588 794 645 8.
824 607 870 644 c.
897 588 1010 663 24).
1033 588 1161 644 Nam
1181 604 1300 645 cum
1325 590 1377 644 in
1397 590 1890 661 judiciumadducta
1906 602 2048 649 esset

496 688 861 753 interrogante
893 682 1150 738 Praefecto
1176 698 1272 737 cur
1294 683 1573 737 ecclesiam
1603 684 1941 751 incendisset,
1982 700 2070 739 re.

490 775 709 845 spondit
744 793 758 829 :
784 774 905 830 Non
937 785 1009 829 est
1037 775 1132 830 Itoc
1157 776 1271 830 vitae
1294 792 1417 829 mete
1452 776 1751 831 institutum.
1781 777 1890 846 Ego
1936 779 2069 832 enim

491 867 759 936 facultates
789 883 923 921 meas
946 882 1059 936 quae
1080 869 1253 920 multa:
1275 877 1418 921 erant
1456 877 1504 922 et
1546 885 1781 924 maxima:
1803 912 1817 936 ,
1872 871 2070 938 templis

493 957 591 1012 Dei
627 958 971 1013 instaurandis
1020 959 1260 1028 impendi.
1306 959 1438 1014 Cum
1488 970 1663 1014 autem
1708 960 1909 1015 diceret
1943 962 2069 1027 ille,

492 1050 659 1119 probe
683 1048 783 1105 sibi
804 1057 982 1103 notam
1007 1063 1127 1105 esse
1152 1051 1292 1103 illius
1327 1051 1534 1106 vivendi
1575 1053 1833 1106 rationem
1857 1095 1872 1120 ,
1903 1068 2071 1123 appo.

493 1142 595 1195 site
623 1140 894 1209 respondit
915 1140 1033 1195 illa:
1059 1140 1138 1194 Tu
1158 1157 1276 1211 ergo
1295 1142 1347 1195 in
1373 1143 1678 1196 accusatoris
1704 1144 1868 1197 locum
1892 1145 2073 1210 transi,

494 1241 541 1284 et
571 1231 705 1285 alius
734 1230 798 1284 de
825 1231 966 1285 nobis
984 1231 1202 1301 judicet.
1246 1232 1529 1286 Praefectus
1560 1232 1689 1287 nihil
1710 1232 1908 1288 habens
1932 1234 2075 1303 quod

497 1322 715 1388 culpare
746 1330 944 1391 posset,
969 1321 1035 1376 ad
1056 1321 1198 1376 aliud
1231 1338 1290 1377 se
1319 1324 1599 1391 convertit,
1629 1333 1786 1394 atque
1806 1325 2076 1397 Olympia-

499 1411 554 1465 di
609 1413 922 1482 czeterisque
990 1414 1304 1469 mulieribus
1366 1415 1656 1469 amentiam
1703 1419 2075 1486 exprobravit,

500 1504 642 1575 quod
685 1506 916 1576 episc0pi
960 1506 1078 1570 sui,
1132 1506 1336 1560 Arsacii
1377 1522 1606 1577 nempe,
1652 1510 2077 1565 communionem

502 1607 893 1651 aversarentur.
927 1597 1216 1653 Praefectus
1243 1613 1370 1653 vero
1417 1607 1543 1653 tunc
1587 1599 1797 1669 quidem
1830 1601 1972 1654 illam
1999 1598 2081 1657 di-

500 1689 648 1742 misit
675 1705 690 1752 ;
723 1690 892 1745 altero
916 1698 1093 1745 autem
1120 1690 1205 1745 die
1249 1700 1526 1747 evocatam
1559 1693 1701 1746 illam
1741 1708 1935 1763 magno
1968 1696 2082 1749 auri

502 1782 739 1852 pondere
759 1784 1047 1838 mulctavit.
1075 1783 1327 1851 Quaedam
1356 1793 1533 1840 autem
1559 1785 1678 1840 aliae
1706 1795 1850 1845 metu
1870 1788 2078 1857 percul-

504 1887 579 1928 διε
611 1915 626 1938 ,
658 1874 861 1929 Arsacii
891 1876 1317 1931 communionem
1339 1878 1420 1932 vel
1446 1878 1622 1933 invitae
1648 1878 1908 1948 amplexa:
1939 1892 2080 1935 sunt.

575 1961 828 2019 Pentadia
852 1966 1154 2021 diaconissa.
1180 1997 1253 2006 —
1279 1967 1529 2024 Pentadia
1561 1983 1771 2040 quoque
1790 1970 2086 2027 diaconissa

507 2055 663 2111 vidua
684 2097 699 2123 ,
732 2057 861 2112 olim
892 2058 1109 2113 Timasii
1148 2058 1392 2114 Consulis
1423 2075 1557 2115 uxor
1583 2100 1598 2127 ,
1625 2070 1842 2116 strenue
1865 2071 1920 2117 et
1953 2077 2083 2117 con-

510 2149 838 2203 stantissime
881 2164 1094 2205 causam
1139 2149 1359 2206 Joannis
1400 2150 1654 2207 defendit.
1701 2150 1929 2222 Ideoque
1956 2152 2044 2207 illa
2070 2194 2082 2218 ,

510 2237 880 2308 qute'nonnisi
917 2240 1198 2295 ecclesiam
1242 2240 1650 2311 cubiculumque
1691 2256 1843 2297 suum
1870 2253 2088 2297 noverat

517 2330 804 2402 (Chrysast.
839 2329 1003 2402 Epist.
1032 2332 1145 2402 94),
1172 2336 1224 2388 in
1250 2332 1424 2388 forum
1458 2343 1716 2403 pcrtracta
1739 2335 1835 2389 fuit
1858 2376 1873 2403 ,
1912 2350 1941 2388 a
1972 2334 2088 2389 foro

509 2423 575 2478 ad
604 2425 907 2486 tribunalia.
929 2426 1014 2480 ubi
1032 2426 1299 2481 firmitatis
1311 2426 1579 2496 animique
1605 2426 1928 2482 fortitudinis
1953 2442 2088 2481 nova

510 2514 662 2583 signa
704 2515 1019 2584 egregiaque
1056 2515 1236 2579 dedit;
1287 2525 1467 2585 postea
1511 2530 1638 2571 vero
1677 2532 1706 2571 a
1751 2516 1994 2587 tribunali
2024 2516 2087 2571 ad

510 2618 781 2659 carcerem
833 2605 1097 2671 deducta,
1148 2608 1259 2676 pari
1302 2608 1682 2677 tranquillitate
1736 2608 2089 2679 ﬁmitathue

512 2696 690 2749 omnia
729 2696 974 2765 pertulit;
1013 2697 1236 2767 ideoque
1277 2697 1398 2766 jure
1426 2713 1456 2752 a
1482 2698 1863 2770 Chrysostomo
1899 2700 1951 2753 in
1996 2716 2089 2754 sua

515 2787 582 2841 ad
634 2787 776 2841 illam
820 2787 1045 2857 epistola
1093 2788 1377 2843 admodum
1423 2789 1741 2845 celebratur.
1796 2790 1975 2845 Voluit
2004 2791 2090 2846 illa

516 2878 693 2933 hieme
733 2889 990 2949 sequente
1015 2880 1207 2948 (Epist.
1230 2881 1375 2951 104),
1406 2880 1865 2952 Constantinopoli
1884 2882 2091 2944 relicta,

515 2970 624 3024 alio
650 2984 931 3039 peragrare
958 2988 970 3023 :
1017 2986 1202 3024 verum
1237 2970 1469 3026 Joannes
1496 2972 1638 3025 illam
1662 2971 1904 3026 hortatus
1931 2982 2014 3028 est
2039 2981 2095 3025 ut

517 3063 570 3114 iu
594 3061 722 3114 urbe
752 3068 1016 3125 maneret,
1044 3061 1130 3114 ubi
1155 3060 1461 3115 concivibus
1477 3061 1633 3116 variis
1658 3061 1830 3116 modis
1858 3061 2095 3117 subsidio

516 3165 637 3204 esse
675 3162 871 3220 posset.
912 3151 966 3204 ln
1001 3152 1119 3206 illos
1146 3153 1306 3207 etiam
1338 3154 1624 3207 smvierunt
1654 3154 1743 3224 qui
1790 3153 2095 3208 vexationes

518 3240 716 3295 vitandi
746 3256 903 3295 causa
931 3242 1068 3310 apud
1097 3242 1386 3297 monachos
1400 3257 1457 3297 se
1475 3252 1783 3312 receperant
1803 3242 1992 3316 (Epist.
2014 3244 2093 3314 2):

519 3332 644 3400 quin
671 3332 829 3385 etiam
862 3332 1005 3400 ipsos
1034 3333 1321 3388 monachos
1346 3343 1401 3388 et
1428 3333 1657 3404 virgines
1678 3335 1730 3388 in
1752 3333 1948 3390 famem
1967 3348 2097 3390 con-

519 3420 697 3488 jecere
725 3431 780 3475 et
808 3421 1040 3477 vestibus
1067 3422 1353 3495 nudavere.
1376 3420 1660 3477 Monachos
1679 3434 1855 3478 autem
1872 3422 2097 3483 Gotthos

521 3511 714 3583 (Epist.
733 3511 890 3581 207),
930 3513 1021 3583 qui
1047 3513 1099 3567 in
1130 3521 1269 3569 terra
1292 3513 1529 3567 Promoti
1558 3513 1860 3583 degebant,
1902 3528 2097 3569 conso-

520 3604 661 3658 latus
702 3614 783 3659 est
813 3603 1230 3675 Chrysostomus
1253 3648 1267 3671 ,
1296 3605 1509 3675 quando
1535 3606 1617 3660 sui
1645 3621 1805 3663 causa
1829 3606 2097 3661 molestias

525 3695 719 3750 multas
742 3705 797 3749 et
816 3712 1085 3752 arrumnas
1110 3699 1349 3768 perpessi
1372 3707 1515 3753 sunt.

593 3785 835 3856 Episcopi
866 3788 1070 3856 quidam
1098 3788 1250 3858 pulsi.
1278 3818 1349 3828 —
1375 3790 1545 3844 Tanto
1591 3789 1868 3846 fervebant
1902 3790 1977 3855 ii,
2007 3792 2098 3861 qui

526 3885 649 3929 tunc
673 3877 844 3928 aulam
886 3876 1280 3946 Imperatoriatn
1301 3879 1734 3946 moderabantur,
1766 3881 1817 3934 in
1839 3880 2098 3937 Joannem

524 3974 579 4021 et
626 3966 741 4035 ejus
795 3981 1069 4023 consortes
1124 3969 1278 4034 odio,
1324 3983 1379 4024 ut
1428 3986 1534 4025 non
1563 3972 1715 4041 pauci
1745 3983 1868 4028 tunc
1894 3974 2100 4043 episco—

528 4060 620 4127 pi,
649 4060 736 4130 qui
778 4061 941 4130 probe
979 4077 1092 4116 rem
1145 4063 1555 4118 ecclesiasticam
1604 4064 1866 4139 gerebant
1901 4107 1917 4133 ,
1957 4067 2098 4135 quod

524 4152 713 4208 Joanni
766 4153 958 4208 addicti
999 4163 1213 4217 essent.
1255 4155 1388 4225 puLsi
1426 4155 1679 4228 (Pat'lad.
1711 4158 1967 4229 p.195);
2009 4157 2101 4212 alii

523 4257 673 4308 vero,
697 4259 803 4298 non
831 4244 1029 4314 indigni
1057 4245 1234 4309 modo,
1254 4246 1345 4300 sed
1369 4247 1524 4301 etiam
1544 4249 1850 4318 plerumque
1866 4249 2097 4315 scelesti,

529 4334 585 4389 in
611 4334 817 4389 illorum
836 4335 1009 4389 locum
1039 4335 1457 4392 intruderentur.

596 4426 941 4496 Serapionem
987 4427 1144 4496 igitur
1172 4469 1186 4492 ,
1241 4444 1396 4498 quem
1465 4429 1699 4485 Joannes
1748 4430 2014 4486 Heracleae
2046 4431 2100 4485 in

534 4516 758 4572 Thracia
806 4517 1109 4586 episc0pum
1145 4520 1492 4575 constituerat
1546 4519 1873 4592 (Episl.H)
1903 4561 1918 4587 ,
1983 4530 2101 4590 post

528 4608 834 4663 innumeras
902 4609 1102 4679 absque
1185 4610 1288 4664 ulla
1366 4611 1679 4680 probatione
1759 4611 2096 4677 calumnias,

527 4713 733 4753 summa
777 4697 1084 4754 crudelitate
1135 4714 1331 4755 cassum
1401 4716 1569 4770 usque
1619 4700 1684 4755 ad
1733 4701 2097 4755 excussiouem

524 4789 761 4844 dentium
806 4788 856 4840 in
905 4790 1126 4857 patriam
1178 4805 1327 4845 suam
1367 4793 1668 4861 rclegarunt
1713 4791 1943 4860 (Pallad.
1974 4791 2101 4845 Dia-

526 4882 685 4951 log.)
735 4898 747 4931 :
792 4879 880 4934 ille
927 4895 1052 4933 vero
1088 4880 1154 4933 ad
1201 4881 1490 4935 monachos
1537 4882 1738 4936 Marsos
1782 4891 1836 4937 et
1875 4882 2099 4937 Gotthos

525 4973 836 5040 aufugerat,
868 4969 1043 5039 ibique
1065 4969 1153 5025 diu
1178 4970 1458 5047 delituerat
1484 4984 1769 5042 antequam
1796 4982 2094 5042 caperetur.

525 5060 586 5115 ln
613 5060 729 5129 ejus
759 5074 882 5113 vero
906 5059 1078 5112 locum
1108 5060 1424 5116 substitutus
1451 5063 1545 5116 fttit
1570 5062 1835 5131 Eugenius
1857 5062 2093 5132 quidam,

527 5154 581 5208 in
610 5153 912 5209 mercedem
936 5152 1361 5221 conSpirationis,
1387 5170 1542 5224 quam
1563 5153 1819 5209 adversus
1838 5153 2096 5209 Joannem

527 5244 836 5314 episcopum
864 5260 1017 5301 suum
1057 5256 1382 5314 susceperat.
1437 5245 1541 5300 Sex
1587 5245 1664 5298 illi
1704 5245 1939 5314 episcopi
1964 5286 1978 5305 ,
2007 5244 2099 5313 qui

528 5335 770 5391 simonim
799 5352 956 5392 causa
996 5354 1025 5391 a
1055 5338 1259 5393 Joanne
1287 5336 1509 5406 depositi
1544 5335 1752 5390 fuerant
1782 5334 2013 5407 (Pallad.
2045 5336 2099 5389 in

527 5426 725 5497 Dial.),
747 5437 806 5481 ut
827 5445 982 5498 supra
1010 5429 1258 5492 diximus,
1287 5427 1496 5499 rejectis
1526 5428 1589 5481 iis
1615 5428 1791 5497 probis
1816 5427 2096 5495 episcopis,

527 5531 663 5588 quos
687 5518 921 5573 Joannes
952 5518 1000 5573 in
1032 5535 1214 5573 eorum
1245 5520 1417 5574 locum
1456 5519 1830 5581 ordinaverat,
1860 5518 1911 5571 in
1939 5516 2100 5572 sedes

527 5627 653 5667 suas
682 5622 808 5667 tunc
835 5613 1059 5667 restituti
1081 5623 1202 5666 sunt
1226 5654 1241 5678 ,
1274 5612 1367 5666 sed
1399 5619 1673 5681 postquam
1703 5608 2099 5664 restituentibus

529 5704 589 5758 se
615 5705 853 5773 pecunia:
872 5717 1131 5757 summam
1159 5712 1564 5757 numeraveram
1591 5721 1603 5756 :
1644 5717 1747 5771 quo
1775 5709 1918 5755 certe
1944 5699 2101 5754 modo

532 5796 810 5851 simoniam
849 5795 1194 5850 renovabam.
1244 5792 1550 5848 ilex-aclides
1602 5804 1778 5848 autem
1822 5794 2101 5863 cpiscopus

534 5885 728 5952 lipucst
755 5900 786 5939 a
841 5884 1046 5942 Joanne
1069 5896 1404 5955 consumtus,
1433 5896 1500 5941 ab
1538 5887 1761 5942 inimicis
1791 5886 1905 5955 ejus
1932 5885 2099 5956 depo-

1581 475 1638 532 S.
1673 477 1952 536 JOANNIS
1978 478 2449 537 CHRYSOSTOMI
2491 479 2669 546 Vl’l‘A.

3640 482 3745 540 2'10

2173 593 2331 657 situs,
2359 608 2454 662 per
2482 592 2888 663 quadriennium
2907 591 3095 648 saltem
3115 592 3436 648 Nicomedia}
3461 593 3515 649 iu
3533 608 3750 652 carcere

2174 684 2410 739 inclusus
2439 683 2634 737 mansit
2689 680 2946 753 (Pallad.
2990 682 3198 754 Dialag.
3227 683 3271 753 ).
3317 681 3375 736 ln
3419 683 3536 753 ejus
3573 695 3748 740 autem

2173 776 2347 830 locum
2374 774 2695 829 substituere
2719 773 2949 829 Victoris
2971 773 3166 829 tribuni
3191 772 3513 838 eunuchum,
3542 775 3749 830 manci-

2175 869 2340 937 pium,
2363 868 2535 937 inquit
2561 867 2846 929 Palladius,
2874 866 3145 921 ebriosum
3166 906 3182 933 ,
3213 865 3595 933 meretricium,
3625 881 3752 921 ava-

2175 974 2329 1022 rum;
2361 968 2554 1013 caetera
2580 972 2706 1012 vero
2735 956 2938 1013 referre
2959 955 3140 1025 pudet.

2246 1049 2356 1104 Sub
2408 1049 2522 1104 hmc
2562 1059 2739 1103 autem
2806 1048 3145 1103 Theotecnus
3195 1047 3476 1119 presbyter
3528 1048 3752 1103 Romam

2178 1141 2357 1201 venit,
2405 1141 2587 1194 literas
2609 1139 2837 1194 atferens
2864 1139 3047 1209 viginti
3077 1138 3310 1209 quinque
3338 1140 3706 1209 episc0porum
3735 1181 3751 1205 ,

2179 1232 2268 1301 qui
2303 1247 2421 1285 cum
2452 1231 2656 1286 Joanne
2682 1231 2746 1285 ad
2778 1230 3048 1301 Synodum
3089 1230 3462 1286 celebrandam
3489 1246 3755 1286 convene-

2181 1330 2300 1375 rant
2323 1320 2340 1390 (
2366 1320 2577 1375 Pallad.
2609 1319 2816 1392 Dialog.
2851 1322 2871 1391 )
2896 1339 2909 1375 :
2937 1323 3088 1391 queis
3119 1321 3426 1377 Innocentio
3454 1322 3610 1392 Papa:
3635 1338 3758 1377 nar-

2181 1412 2370 1467 rabant
2404 1430 2508 1484 quo
2553 1423 2705 1483 pacto
2737 1414 2968 1469 Joannes
3014 1429 3044 1468 a
3089 1415 3314 1470 militum
3359 1431 3518 1469 manu
3550 1416 3755 1486 pulsus,

2181 1502 2448 1557 Cucusum
2475 1504 2527 1558 in
2555 1505 2799 1559 exsilium
2829 1505 3022 1558 missus
3042 1503 3247 1559 fuisset.
3286 1505 3450 1560 Paulo
3468 1516 3589 1575 post
3613 1511 3761 1561 venit

2184 1594 2441 1651 Paternus
2468 1637 2484 1662 ,
2531 1597 2700 1666 quise
2727 1596 3331 1665 Constantinopolitanae
3356 1598 3611 1653 Ecclesia:
3636 1613 3759 1667 prc-

2184 1689 2457 1758 sbyterum
2485 1687 2713 1753 dicebat,
2738 1687 3063 1758 Joannisque
3089 1688 3335 1742 inimicus
3369 1707 3382 1741 :
3423 1688 3602 1744 literas
3629 1687 3761 1745 affe-

2184 1781 2336 1835 rebat
2363 1779 2579 1845 Acacii,
2634 1779 2826 1844 Pauli,
2873 1778 3116 1833 Antiochi
3144 1788 3198 1834 et
3217 1779 3489 1835 Severiani
3513 1780 3762 1834 aliorum-

2184 1886 2289 1940 que
2312 1912 2327 1937 ,
2382 1870 2474 1940 qui
2512 1871 2769 1926 Joannem
2812 1871 3271 1927 calumniabantur
3297 1872 3447 1942 quasi
3474 1873 3762 1927 ecclesiam

2187 1962 2532 2018 incendisset.
2563 1963 2908 2018 Innocentius
2938 1978 3063 2017 vero
3088 1964 3192 2017 illis
3217 1962 3547 2033 respondere
3577 1964 3765 2034 digna-

2187 2063 2276 2110 tus
2300 2070 2404 2110 non
2433 2064 2535 2110 est.
2598 2055 2724 2110 Post
2761 2055 2961 2124 aliquot
2995 2056 3111 2110 dies
3148 2055 3371 2111 Romam
3424 2056 3569 2111 venit
3605 2057 3764 2113 etiam

2189 2147 2439 2220 Cyriacus
2458 2148 2739 2219 episcopus
2763 2164 2829 2203 ex
2857 2147 3096 2215 Oriente,
3120 2149 3302 2217 pulsus
3326 2163 3420 2217 per
3444 2164 3563 2202 eam
3590 2149 3762 2218 legem

2188 2254 2309 2309 quae
2338 2239 2570 2295 ferebat:
2595 2239 2656 2294 Si
2682 2239 2794 2309 quis
2809 2255 2909 2293 non
2956 2240 3290 2293 communicat
3313 2256 3427 2293 cum
3454 2238 3761 2310 Theophila,

2191 2331 2401 2385 Arsacia
2427 2341 2472 2385 et
2502 2330 2812 2401 Parphyria,
2843 2331 2929 2385 ille
2955 2332 3156 2401 quidem
3175 2332 3466 2401 episcopatu
3486 2342 3721 2386 arceatur
3746 2372 3763 2398 ,

2190 2422 2343 2475 simul
2370 2422 2520 2475 etiam
2545 2423 2745 2474 amittat
2774 2461 2788 2484 ,
2819 2421 2865 2475 si
2904 2438 3054 2491 quam
3087 2424 3222 2475 visus
3259 2422 3411 2490 fuerit
3439 2422 3622 2478 habere
3644 2424 3768 2476 sub-

2192 2514 2429 2568 stantiam
2469 2514 2799 2584 pecuniarum
2840 2523 2926 2566 aut
2969 2513 3293 2581 praediorum.
3322 2513 3447 2567 Post
3488 2513 3765 2584 Cyriacum

2192 2606 2405 2661 advenit
2449 2606 2585 2677 Euly
2617 2604 2697 2659 i‘ts
2721 2646 2735 2669 ,
2777 2614 2831 2659 et
2869 2605 2959 2659 alii
2998 2620 3208 2674 quoque
3238 2645 3254 2670 ,
3293 2605 3359 2659 de
3396 2605 3589 2674 quibus
3632 2604 3767 2660 infra

2195 2697 2565 2751 narrabimus:
2595 2713 2717 2750 nam
2765 2696 3018 2767 Cyriacus
3061 2697 3271 2751 nonnisi
3317 2711 3460 2752 anno
3484 2697 3589 2752 £05
3610 2698 3770 2754 adve-

2193 2786 2337 2842 uisse
2365 2788 2554 2857 potuit.
2586 2785 2726 2843 Ante
2753 2786 3134 2856 profectionem
3162 2802 3289 2842 vero
3311 2803 3463 2842 suam
3495 2788 3769 2860 aliquanto

2194 2892 2434 2952 tempore
2460 2882 2916 2951 Constantinopoli
2941 2881 3134 2936 occulti
3168 2896 3432 2937 mansere.

2266 2972 2484 3027 Honorii
2504 2972 2643 3042 Imp.
2673 2973 2740 3025 ad
2762 2972 3040 3025 Arcadium
3062 2971 3241 3026 literae.
3257 3001 3329 3011 —
3351 2971 3463 3026 lloc
3487 2973 3603 3043 ipso
3627 2987 3770 3027 anno

2198 3066 2323 3133 404,
2358 3080 2460 3120 nec
2492 3065 2659 3119 multo
2674 3073 2793 3134 post
2817 3064 3025 3133 pulsum
3047 3063 3328 3127 Joannem,
3353 3063 3641 3130 Honorius,
3667 3066 3771 3119 0c-

2197 3157 2424 3212 cidentis
2461 3155 2773 3227 Imperator,
2805 3154 3033 3210 Arcadio
3059 3153 3209 3209 fratri
3234 3169 3331 3209 suo
3354 3154 3565 3223 scripsit
3583 3196 3599 3218 ,
3625 3170 3689 3210 ac
3711 3170 3772 3210 se

2198 3262 2367 3317 nuper
2398 3247 2668 3315 accepisse
2694 3245 2823 3301 dicit
2846 3246 2897 3300 in
2926 3244 3011 3300 die
3037 3245 3097 3299 S.
3128 3243 3344 3299 Paschze
3381 3243 3586 3316 (Chrys.
3622 3251 3662 3296 t.
3698 3250 3752 3302 5.

2204 3354 2253 3391 c.
2281 3337 2430 3406 559),
2456 3340 2663 3395 clausas
2708 3338 2882 3393 subito
2929 3337 3094 3393 fuisse
3138 3336 3437 3392 Cstholicas
3481 3337 3768 3395 ecclesias.

2196 3439 2373 3485 trusos
2399 3430 2452 3483 in
2481 3429 2778 3485 custodiam
2825 3428 3166 3492 sacerdotes,
3207 3427 3387 3482 omnia
3435 3426 3681 3482 bellicum
3716 3426 3770 3480 in

2197 3520 2413 3576 modum
2443 3520 2650 3575 turbata
2675 3520 2925 3591 mysteria
2948 3560 2964 3586 ,
2990 3517 3272 3573 nonnullos
3298 3516 3355 3571 in
3376 3517 3503 3585 ipsis
3531 3516 3773 3572 ecclesias

2198 3612 2445 3668 sacrariis
2466 3613 2811 3681 interemptos
2828 3611 3010 3673 fuisse,
3029 3610 3416 3680 episcoposque
3439 3609 3491 3662 in
3518 3608 3767 3663 exsilium

2200 3705 2401 3773 pulsos.
2442 3703 2497 3758 ln
2524 3706 2638 3757 haec
2667 3712 2842 3757 autem
2865 3702 2954 3756 ille
2982 3700 3378 3755 vehementiore
3402 3699 3562 3770 stylo,
3596 3708 3650 3753 ut
3674 3712 3772 3767 par

2198 3805 2333 3861 erat,
2363 3795 2662 3856 invehitur;
2688 3794 2787 3848 sub
2813 3794 2970 3848 finem
2996 3807 3125 3847 vero
3151 3792 3322 3846 innuit
3352 3791 3765 3859 exspectandam

2200 3887 2365 3942 fuisse
2394 3887 2549 3957 Papae
2575 3886 2941 3940 auctoritatem
2969 3926 2985 3950 ,
3007 3884 3096 3953 qui
3145 3882 3419 3951 pacificam
3441 3879 3630 3936 Joanni
3659 3881 3777 3951 epi-

2202 3995 2363 4050 scopo
2409 3980 2747 4035 concordiam
2779 3978 3013 4040 miserat,
3071 3990 3168 4030 nec
3207 3988 3526 4044 quemquam
3557 3973 3779 4041 putabat

2201 4084 2323 4127 ante
2343 4072 2597 4143 judicium
2623 4070 2987 4140 repellendum
3014 4083 3153 4123 esse.
3187 4066 3493 4121 Periculum
3529 4081 3657 4120 vero
3685 4065 3776 4118 di-

2201 4161 2275 4216 cit
2312 4176 2431 4217 esse
2453 4201 2469 4228 ,
2508 4176 2576 4215 ne
2603 4160 2655 4215 id
2684 4161 2736 4214 in
2763 4159 2978 4214 humani
3007 4157 3220 4228 generis
3256 4156 3544 4226 perniciem
3574 4154 3775 4210 factum

2202 4251 2292 4306 sit.

2273 4339 2508 4395 Eudoxia
2530 4338 2755 4408 Augusta
2777 4335 3219 4393 maritum—Nihil
3240 4335 3291 4389 in
3325 4334 3441 4389 aula
3467 4333 3775 4389 Constanti-

2203 4433 2503 4503 nopolitana
2515 4431 2634 4486 boni
2648 4438 2969 4500 pepererunt
2980 4429 3194 4485 Honorii
3212 4427 3627 4483 literaArcadio
3642 4440 3781 4478 sem-

2202 4540 2296 4595 per
2323 4524 2500 4578 uxoris
2523 4532 2572 4577 et
2602 4522 2891 4576 aulicorum
2913 4529 3088 4589 optata
3119 4527 3372 4589 sequente
3400 4516 3631 4588 (Sozam.
3657 4516 3695 4569 l.
3716 4515 3777 4571 8.

2202 4617 2345 4672 c.25.
2371 4616 2490 4672 Zas.
2519 4617 2557 4670 l.
2586 4616 2667 4684 5).
2696 4613 2895 4669 Verum
2915 4614 2992 4666 ira
3014 4611 3346 4680 vindictaque
3368 4608 3546 4662 divina
3571 4608 3736 4661 saeviit
3755 4647 3777 4673 ,

2202 4723 2231 4760 a
2275 4707 2555 4777 multisque
2580 4705 2855 4760 observata
2877 4705 3006 4758 fuit:
3032 4702 3271 4755 namhoc
3298 4713 3437 4753 anno
3464 4697 3688 4752 Thracia
3719 4705 3783 4751 et

2203 4797 2465 4868 Illyricum
2502 4795 2570 4848 ab
2597 4794 2801 4849 Hunnis
2821 4793 3087 4847 devastata
3123 4789 3303 4845 fuere:
3332 4797 3515 4855 etquo
3537 4795 3781 4856 tempore

2202 4889 2430 4944 Joannes
2443 4887 2752 4955 pellebatur,
2780 4884 3073 4939 Isaurorum
3093 4882 3311 4937 rebellio
3322 4878 3781 4947 Constantinopoli

2178 4971 2186 4977 ’
2205 4981 2434 5033 nuntiata
2463 4977 2577 5044 fuit,
2615 4977 2704 5047 qui
2727 4978 2778 5030 in
2810 4975 2987 5029 Asiam
3003 4973 3258 5027 Minorem
3274 4972 3395 5035 etin
3415 4970 3619 5041 Syriam
3635 4968 3778 5022 mala

2203 5070 2477 5124 innumera
2508 5068 2748 5122 intulere.
2775 5065 3020 5137 Cyrinus,
3048 5061 3402 5117 Chalcedonis
3444 5061 3726 5130 episcopus
3757 5097 3772 5112 .

2205 5175 2340 5214 unus
2363 5175 2429 5213 ex
2452 5157 2840 5213 ardentioribus
2866 5155 3084 5210 Joannis
3128 5153 3386 5217 inimicis,
3435 5152 3523 5222 qui
3541 5151 3594 5204 iu
3613 5157 3770 5217 caput

2203 5265 2388 5313 suum,
2415 5259 2470 5302 ut
2507 5262 2663 5317 supra
2709 5246 2933 5301 vidimus
2963 5285 2978 5306 ,
3032 5244 3339 5314 sanguinem
3367 5241 3586 5297 Joannis
3629 5254 3766 5294 oon-

2206 5340 2418 5406 tulerat,
2442 5355 2505 5394 ex
2536 5339 2721 5393 dolore
2760 5352 2881 5391 crus
2919 5337 3017 5390 sibi
3048 5334 3282 5390 exscindi
3329 5332 3513 5404 jubere
3551 5339 3772 5386 coactus

2206 5440 2327 5498 est,
2367 5439 2424 5483 ut
2448 5439 2631 5500 postea
2660 5429 2710 5481 in
2748 5426 3010 5481 diuturnis
3041 5424 3358 5481 cruciatibus
3386 5423 3528 5476 lente
3558 5421 3779 5490 periret.

2207 5521 2501 5591 Trigesimo
2520 5520 2605 5574 die
2620 5518 2944 5589 Septembris
2972 5513 3457 5584 ConstantinOpolis
3477 5522 3530 5566 et
3547 5510 3784 5564 circum-

2205 5614 2376 5683 posita
2413 5612 2561 5681 regio
2599 5611 2855 5682 grandine
2908 5609 3105 5679 ingenti
3134 5606 3327 5661 afflicta
3356 5606 3485 5659 luit:
3529 5613 3583 5658 et
3625 5609 3782 5656 sexto

2206 5702 2448 5758 Octobris
2487 5701 2668 5756 infelix
2697 5700 2930 5755 Eudoxia
2962 5700 3014 5752 in
3042 5698 3228 5754 abortu
3259 5696 3431 5766 periit.
3474 5693 3597 5747 llaec
3623 5690 3782 5745 multi

2205 5795 2554 5850 observavere
2577 5835 2594 5860 ,
2635 5802 2688 5847 et
2714 5793 2807 5848 has
2845 5805 3032 5862 poenas
3046 5790 3115 5845 ob
3136 5789 3378 5859 injustam
3407 5796 3462 5841 et
3488 5785 3780 5839 violentam

2205 5884 2426 5941 Joannis
2477 5884 2842 5956 expulsionem
2867 5897 2898 5940 a
2927 5882 3036 5938 Deo
3066 5880 3293 5936 inﬂictas
3323 5888 3573 5950 putavere
3595 5873 3774 5944 (Socr.
