4096 6392
393 295 490 354 921

398 413 434 462 ι.
464 410 516 463 6.
546 423 591 459 c.
621 404 744 473 l9).
780 401 1039 457 Arcadius
1080 409 1254 452 tamen
1287 440 1302 463 ,
1344 407 1435 450 aut
1477 395 1652 465 potius
1688 393 1778 464 qui
1825 393 1966 446 illius

395 500 610 555 nomine
659 496 837 549 omnia
877 492 1291 546 moderabantur
1317 532 1330 554 ,
1372 491 1423 542 in
1468 498 1644 557 coepto
1668 486 1966 556 perstitere.

464 589 696 644 Joannes
717 601 843 640 vero
864 584 1050 639 Nicaea:
1078 584 1129 636 in
1157 581 1399 652 Bithynia
1437 580 1704 649 aliquanto
1733 589 1971 647 tempore

396 681 647 735 detentus
672 721 686 742 ,
717 693 781 732 ex
817 677 954 730 aeris
983 674 1295 729 salubritate
1320 670 1674 725 valetudinem
1700 682 1752 724 et
1777 685 1970 739 corpo-

396 773 470 826 ris
511 772 672 824 robur
711 775 1072 836 consequutus
1105 775 1186 818 est
1210 805 1226 829 ,
1268 773 1326 817 ut
1355 764 1467 832 ipse
1491 763 1618 816 dicit
1651 762 1702 814 in
1734 760 1972 829 Epistola

395 865 601 918 decima
628 861 692 915 ad
729 858 1115 931 Olympiadem,
1139 871 1296 926 quam
1332 855 1544 924 scripsit
1569 853 1822 923 postridie
1845 867 1969 920 pro-

395 955 632 1011 fecturus
658 953 949 1015 Cucusum,
976 950 1148 1004 exsilii
1179 950 1376 1002 locum.
1408 947 1600 1001 Milites
1624 953 1800 999 autem
1829 943 1973 997 Prte-

399 1046 539 1108 fecti,
572 1044 660 1114 qui
687 1044 835 1096 illum
867 1043 919 1095 in
947 1041 1192 1095 exsilium
1220 1038 1511 1100 ducebant,
1556 1036 1685 1090 nihil
1715 1051 1820 1089 non
1843 1048 1970 1103 age-

397 1137 525 1190 bant
555 1146 613 1188 ut
642 1135 791 1188 illum
822 1140 1131 1188 recrearent
1151 1146 1211 1184 ac
1242 1129 1551 1192 reficerent,
1580 1128 1783 1195 ipsique
1813 1126 1971 1179 etiam

397 1228 549 1299 plura
577 1240 734 1296 quam
766 1223 926 1279 vellet
971 1220 1144 1275 officia
1191 1221 1534 1290 praestabant.
1568 1217 1770 1271 Rumor
1794 1216 1970 1270 statim

399 1333 614 1388 sparsus
639 1317 806 1372 fuerat
839 1318 1010 1386 ipsum
1034 1315 1086 1368 in
1114 1313 1387 1384 Scythiam
1417 1310 1803 1381 deportandum
1830 1323 1967 1363 esse.

405 1409 587 1462 Primo
617 1417 868 1461 statutum
912 1405 1078 1460 fuisse
1104 1404 1309 1458 videtur
1352 1405 1402 1457 in
1445 1401 1786 1471 imperatoria
1828 1399 1970 1466 aula,

398 1499 526 1554 dicit
567 1499 656 1552 ille
694 1499 744 1550 in
774 1496 1005 1567 Epistula
1046 1495 1250 1548 decima
1297 1494 1484 1558 tertia,
1521 1501 1579 1546 ut
1620 1491 1928 1546 Sebasteam
1954 1529 1969 1554 ,

400 1589 667 1644 Armenia:
690 1587 896 1652 urbem,
922 1587 1223 1641 exsulatum
1252 1585 1585 1637 mitteretur:
1617 1581 1739 1644 sed,
1772 1589 1973 1633 mutato

399 1681 622 1735 consilio
645 1723 660 1746 ,
702 1679 963 1734 Cucusum
993 1677 1183 1732 missus
1222 1684 1303 1730 est
1323 1717 1338 1741 ,
1385 1675 1558 1728 locum
1588 1672 1852 1726 Armeniae
1881 1670 1975 1724 de-

399 1772 772 1826 sertissimum.
808 1769 926 1838 Ipse
955 1783 1081 1823 vero
1121 1769 1412 1820 amicorum
1447 1764 1730 1818 multorum
1757 1775 1973 1830 operam

399 1866 748 1931 adhibuerat,
796 1865 925 1918 utin
951 1863 1213 1916 mitiorem
1249 1868 1304 1914 et
1339 1857 1768 1928 propinquiorem
1798 1856 1972 1908 locum

397 1958 713 2010 mitteretur.
745 1954 962 2020 Verum,
989 1967 1084 2006 nec
1111 1952 1225 2004 sine
1251 1949 1487 2020 querela,
1517 1947 1645 2002 dicit
1665 1947 1808 2016 ipsos
1834 1959 1970 2010 rem,

397 2061 554 2116 quam
585 2045 828 2100 scelerati
855 2044 1017 2097 etiam
1058 2041 1304 2095 homines
1341 2040 1627 2107 impetrant
1657 2078 1671 2104 ,
1713 2033 1970 2104 consequi

398 2151 502 2190 non
535 2136 789 2205 potuisse.
831 2132 1222 2202 lmperatricem
1248 2144 1376 2184 vero
1406 2128 1698 2182 Eudoxiam
1717 2142 1774 2180 se
1798 2123 1973 2180 Cucu-

400 2243 517 2282 sum
551 2226 928 2296 mittijussisse
973 2223 1101 2278 dicit
1143 2223 1196 2276 in
1241 2221 1473 2291 Epistula
1529 2221 1630 2274 155
1681 2219 1749 2273 ad
1792 2217 1975 2288 Cyria-

397 2333 541 2372 cum.
1809 2363 1816 2369 .

467 2409 768 2478 Insequenti
798 2409 959 2479 igitur
985 2407 1070 2462 die
1099 2406 1511 2476 Chrysostomus
1530 2447 1544 2466 ,
1575 2403 1790 2458 Panemi
1818 2417 1972 2455 men-

396 2502 470 2556 sis
485 2509 692 2570 quarto,
707 2500 796 2569 qui
821 2499 1017 2552 mensis
1033 2498 1299 2552 Panemus
1311 2496 1484 2552 Julius
1503 2505 1585 2549 est
1611 2494 1803 2563 (Epist.
1817 2492 1968 2562 221),

397 2602 453 2647 ut
481 2592 661 2646 videas
690 2591 828 2660 apud
857 2590 1087 2645 Selidam
1115 2599 1169 2644 et
1197 2589 1491 2648 Usserium,
1519 2587 1693 2640 Nicaea
1717 2587 1766 2639 in
1784 2585 1973 2655 Bithy-

399 2685 483 2736 nia
512 2683 776 2749 profeetus
801 2690 904 2736 est.
937 2682 1245 2750 Eodemque
1265 2679 1352 2734 dic
1374 2679 1649 2747 epistolam
1667 2677 1879 2747 scripsit
1903 2675 1971 2730 ad

396 2773 763 2826 Constantium
792 2772 1180 2842 presbyterum,
1211 2770 1499 2824 cohortans
1539 2767 1686 2821 illum
1727 2777 1782 2820 ut
1809 2781 1876 2820 ne
1903 2781 1970 2820 ex

401 2862 672 2935 praesentis
701 2861 948 2930 procellae
979 2868 1292 2928 tempestate
1318 2865 1658 2911 amoveretur
1686 2855 1754 2909 ab
1797 2855 1972 2909 ofﬁcio

399 2963 454 3007 et
479 2968 507 3006 a
534 2968 591 3008 re
620 2961 862 3022 suscepta
888 2991 903 3016 ,
935 2951 1027 3004 sed
1065 2965 1163 3020 pro
1184 2964 1332 3004 more
1361 2963 1458 3003 suo
1485 2963 1577 3002 eos
1605 2989 1618 3012 ,
1663 2947 1749 3016 qui
1797 2945 1972 3000 adhuc

397 3043 703 3100 Graecorum
727 3043 1110 3113 superstitioni,
1138 3056 1230 3096 seu
1253 3040 1583 3105 idololatriae,
1606 3038 1769 3092 dediti
1795 3046 1968 3101 erant,

397 3137 465 3190 ad
491 3136 648 3190 fidem
664 3133 1015 3188 Christianam
1039 3142 1349 3188 convertere
1381 3139 1640 3201 pergeret,
1670 3139 1724 3186 et
1753 3129 1970 3198 impiam

399 3228 705 3294 religionem
725 3226 1122 3289 exterminaret,
1149 3233 1307 3293 atque
1334 3224 1650 3287 Phteniciae,
1683 3221 1891 3275 Arabiae
1917 3227 1973 3274 ct

398 3319 628 3372 Orientis
652 3317 1005 3372 Ecciesiarum
1033 3331 1212 3370 curam
1233 3325 1444 3385 gereret
1471 3333 1483 3367 :
1515 3315 1746 3383 dicitque
1780 3328 1838 3366 se
1865 3327 1971 3366 non

400 3407 744 3474 Sebasteam,
792 3415 848 3461 ut
883 3407 1133 3477 putabat,
1178 3407 1272 3460 sed
1314 3405 1580 3460 Cucusum
1627 3405 1678 3458 in
1724 3403 1972 3458 exsilium

400 3500 554 3553 mitti.
588 3499 643 3552 in
686 3499 792 3553 fine
822 3514 951 3552 vero
979 3500 1080 3562 ait,
1115 3498 1214 3553 sibi
1254 3508 1376 3551 ante
1416 3496 1798 3566 profectionem
1829 3482 1972 3550 curae

401 3588 582 3654 fuisse,
615 3597 672 3642 ut
696 3603 726 3642 e
757 3588 1023 3643 Salamina
1048 3589 1207 3658 Cypri
1231 3587 1458 3640 hatresin
1490 3586 1967 3646 Marcionistarum,

400 3696 518 3749 quze
566 3680 636 3734 ibt
675 3679 1012 3749 grassabatur
1039 3721 1053 3742 ,
1085 3679 1400 3732 eliminaret.
1451 3677 1507 3732 Si
1547 3693 1676 3732 vero
1722 3677 1972 3747 Cyriacus

401 3772 679 3839 episc0pus
711 3771 881 3824 adhuc
919 3769 1378 3837 ConstantinOpoli
1418 3769 1524 3834 sit,
1571 3767 1769 3821 scribat
1813 3768 1884 3820 illi
1917 3777 1973 3820 ut

400 3869 585 3931 pergat
607 3875 668 3914 ea
697 3860 952 3930 periicere
978 3902 992 3926 ,
1039 3875 1157 3929 qua:
1199 3860 1312 3928 ipse
1357 3874 1637 3928 aggressus
1660 3858 1848 3912 fuerat.
1884 3859 1973 3913 Sic

402 3951 767 4005 sanctissimus
790 3950 875 4004 ille
904 3951 1004 4015 vir,
1030 3950 1279 4004 aerumnis
1310 3949 1539 4017 undique
1569 3949 1930 4018 prementibus
1953 3991 1968 4014 ,

402 4041 654 4111 augendae
684 4043 735 4094 in
763 4041 989 4094 diversis
1024 4041 1326 4108 regionibus
1350 4039 1666 4094 Christiana:
1692 4041 1768 4094 rei
1789 4055 1972 4094 curam

403 4147 670 4202 nunquam
702 4131 1024 4201 deponebat.
1058 4131 1349 4200 Epistulam
1377 4146 1505 4186 vero
1524 4131 1592 4186 ad
1621 4132 1972 4200 Theophilum

403 4225 679 4292 scripsisse
725 4233 938 4292 putatur
967 4222 1158 4291 (Epist.
1189 4222 1336 4293 119),
1367 4238 1486 4277 cum
1512 4223 1681 4276 Nicaea
1709 4223 1973 4292 profectus

403 4324 567 4381 esset,
600 4325 656 4367 ut
675 4313 938 4369 Cucusum
961 4314 1306 4368 contenderet
1327 4356 1342 4380 ,
1367 4315 1710 4384 hortaturque
1741 4315 1886 4367 illum
1917 4324 1973 4368 ut

405 4415 592 4475 pergat
624 4406 854 4475 pericula
895 4407 1073 4459 subire
1113 4415 1166 4458 et
1210 4415 1425 4460 strenue
1463 4421 1662 4475 agere:
1705 4420 1804 4459 nec
1833 4406 1974 4460 clare

405 4496 531 4551 dicit
564 4497 756 4565 quibus
789 4497 877 4550 ille
905 4496 1062 4549 rebus
1100 4506 1221 4548 tunc
1261 4512 1475 4564 cperam
1513 4496 1680 4549 daret.
1735 4497 1973 4550 Alteram

405 4589 520 4655 ejus
561 4587 627 4640 ad
662 4587 1012 4654 Theophilum
1064 4586 1340 4655 epistolam
1384 4585 1639 4641 habemus
1669 4628 1683 4651 ,
1725 4589 1973 4656 scriptam

405 4688 680 4748 postquam
705 4678 965 4732 Cucusum
995 4678 1316 4732 advenisset.

477 4769 607 4823 Cum
636 4768 934 4822 Cmsaream
969 4769 1020 4820 in
1057 4767 1386 4836 Cappadocia
1410 4810 1424 4831 ,
1470 4767 1642 4822 Nicma
1672 4769 1938 4838 profectus
1957 4809 1971 4830 ,

406 4861 707 4925 duceretur,
736 4860 1033 4930 Olympiadi
1060 4861 1272 4929 scripsit
1317 4859 1508 4930 (Epist.
1539 4858 1650 4932 11),
1679 4870 1728 4914 et
1759 4861 1972 4930 quidem

409 4953 566 5022 paulo
593 4960 868 5021 postquam
901 4951 1000 5004 iter
1020 4951 1144 5003 illud
1173 4961 1513 5020 susceperat,
1541 4967 1660 5006 cum
1684 4952 1855 5007 adhuc
1882 4967 1974 5006 va-

409 5043 642 5098 letudine
668 5043 756 5096 illa
782 5083 796 5107 ,
828 5056 984 5110 quam
1015 5041 1201 5096 Nicaea:
1227 5053 1632 5110 recuperaverat
1654 5083 1668 5106 ,
1716 5052 1772 5097 et
1812 5044 1974 5097 animi

409 5136 671 5190 hilaritate
696 5134 976 5189 frueretur.
1012 5133 1086 5187 Ea
1117 5150 1243 5188 vero
1263 5175 1278 5198 ,
1317 5151 1436 5204 qua:
1465 5135 1529 5189 de
1554 5134 1792 5189 Prtefecti
1831 5136 1976 5188 mili-

413 5230 573 5292 tibus,
601 5227 692 5297 qui
715 5243 772 5282 se
799 5228 850 5281 in
873 5227 1115 5281 exsilium
1138 5228 1399 5281 ducebant
1418 5267 1434 5292 ,
1466 5227 1551 5282 hic
1578 5239 1809 5292 enarrat,
1843 5243 1976 5298 prato

413 5319 745 5373 termittenda
768 5335 872 5373 non
896 5319 1140 5372 duximus
1174 5338 1186 5372 :
1235 5337 1253 5368 ι
1295 5321 1465 5388 Atque
1487 5319 1723 5374 Praefecti
1755 5320 1972 5384 milites,

323 5403 326 5406 ’
413 5412 600 5480 inquit,
626 5411 661 5464 ii
686 5411 774 5479 qui
811 5412 1081 5464 nobiscum
1107 5411 1504 5479 peregrinantur
1526 5452 1541 5473 ,
1575 5412 1643 5464 ita
1669 5426 1766 5464 nos
1790 5413 1978 5466 officiis

413 5511 834 5570 prosequuntur,
875 5511 931 5554 ut
972 5517 1036 5554 ne
1075 5499 1388 5554 famulorum
1414 5500 1623 5570 quidem
1651 5517 1864 5571 operam
1887 5517 1978 5557 re-

411 5590 622 5658 quirere
651 5605 748 5646 nos
771 5592 945 5645 sinant
965 5631 980 5655 ,
1023 5607 1145 5645 cum
1173 5591 1269 5660 ipsi
1290 5592 1602 5645 famulorum
1633 5593 1809 5646 munia
1835 5607 1979 5648 exse-

415 5691 665 5747 quantur.
703 5682 909 5738 Etenim
940 5699 1034 5754 pro
1058 5700 1153 5739 suo
1187 5699 1310 5754 erga
1336 5699 1430 5738 nos
1455 5698 1634 5739 amore
1663 5683 1762 5740 hoc
1789 5699 1978 5742 munus

1586 275 1764 330 NUNC
1803 274 2063 332 PRIMUM
2101 278 2494 335 ADORNATA.

3531 287 3641 346 229

2079 399 2133 444 et
2157 390 2451 460 jussioncm
2482 393 2884 461 praeripuerunt.
2915 402 3087 464 atque
3126 395 3321 467 ubique
3347 399 3639 456 satellitum

2075 499 2234 537 manu
2265 484 2556 553 cingimur,
2589 499 2908 555 unoquoque
2936 486 3185 543 videlicet
3225 489 3448 560 hujusce
3487 494 3646 548 mini-

2076 575 2221 627 sterii
2254 576 2466 629 nomine
2486 590 2544 629 se
2573 575 2781 630 beatum
2804 576 3145 646 praedicante.
3179 599 3198 632 ι

2151 663 2533 734 Cltrysostomus
2555 665 2834 720 Caesaream
2862 669 2914 722 in
2935 667 3258 740 Cappadocia
3281 675 3430 727 venit.
3455 705 3527 715 —
3545 675 3648 729 Va-

2077 754 2310 810 letudine
2337 757 2473 812 bona
2503 757 2778 814 fruebatur
2801 761 2890 815 ille
2911 761 3099 832 (Epist.
3129 763 3275 837 120),
3306 768 3517 837 quando
3552 768 3651 823 Ni-

2076 861 2184 899 caea
2213 850 2476 916 profectus
2503 859 2585 905 est
2609 868 2623 917 ;
2653 853 2744 907 sed
2767 869 2887 907 cum
2915 855 3027 909 dies
3052 867 3336 928 noctesque
3357 861 3457 914 iter
3478 860 3651 917 facere

2075 951 2354 1010 Cogeretur
2374 983 2388 1006 ,
2422 944 2492 997 ita
2519 953 2576 999 ut
2600 955 2653 999 et
2680 956 2811 1000 testu
2849 963 3136 1018 oppressus
3157 992 3172 1016 ,
3202 961 3257 1006 et
3297 954 3490 1023 vigiliis
3519 971 3650 1010 con-

2076 1029 2278 1098 fectus,
2311 1043 2364 1086 et
2390 1050 2565 1088 rerum
2599 1039 3020 1093 necessariarum
3055 1045 3269 1109 penuria
3293 1060 3528 1112 pressus,
3559 1049 3652 1101 illo

2077 1133 2358 1192 pergeret,
2387 1140 2486 1179 nec
2512 1126 2761 1182 adessent
2803 1131 2890 1197 qui
2923 1143 3135 1199 possent
3167 1134 3310 1188 illum
3334 1136 3525 1205 juvare
3552 1142 3648 1203 ;.in

2077 1213 2263 1266 febrim
2308 1215 2540 1269 incidit:
2588 1226 2745 1286 atque
2793 1220 2878 1285 iis,
2924 1220 3128 1289 inquit,
3185 1227 3271 1294 qui
3323 1226 3390 1280 ad
3440 1230 3648 1283 metalla

2078 1306 2400 1362 damnantur
2421 1351 2435 1372 ,
2468 1310 2549 1365 vel
2579 1311 2668 1380 qui
2712 1311 2764 1364 in
2813 1312 3039 1367 vinculis
3089 1325 3332 1372 tenentur
3358 1357 3372 1383 ,
3403 1322 3647 1388 graviora

2077 1408 2131 1452 et
2181 1401 2442 1454 atrociora
2490 1403 2708 1470 pertulit
2732 1402 2920 1473 (Epist.
2951 1407 3060 1476 14).
3085 1409 3380 1479 Antequam
3429 1429 3554 1467 vero
3596 1416 3648 1470 in

2075 1489 2463 1558 Cappadociam
2492 1495 2817 1562 perveniret,
2856 1496 3110 1553 liberatus
3136 1499 3233 1554 fuit
3261 1516 3290 1554 a
3312 1503 3492 1558 Galata
3519 1545 3533 1570 ,
3565 1506 3648 1559 in-

2076 1580 2222 1664 quit,
2251 1582 2338 1650 qui
2372 1593 2594 1636 mortem
2627 1585 2727 1638 sibi
2754 1586 3131 1654 minitabatur;
3160 1589 3405 1646 videlicet
3424 1608 3452 1644 a
3480 1593 3652 1648 Leon-

2080 1671 2187 1736 tio,
2220 1674 2443 1743 Ancyrae
2474 1674 2525 1728 in
2553 1674 2757 1730 Galatia
2799 1680 3053 1748 episcopo
3074 1723 3088 1746 ,
3119 1681 3206 1750 qui
3247 1683 3384 1737 inter
3407 1685 3649 1755 primipi-

2079 1765 2216 1819 larcs
2244 1766 2610 1836 Chrysostomi
2648 1769 2890 1826 inimicos
2932 1773 3177 1842 princeps
3210 1783 3346 1830 erat.
3374 1776 3476 1831 Sed
3516 1794 3652 1833 nun-

2079 1858 2262 1910 tiatum
2313 1859 2388 1914 illi
2439 1861 2537 1913 fuit
2583 1860 2952 1930 Pharetrium,
2994 1864 3249 1921 C.esare:e
3302 1870 3648 1940 episcopum,

2080 1953 2252 2013 ipsum
2283 1960 2593 2018 exspectare
2613 1993 2627 2015 ,
2656 1960 2713 2005 ut
2743 1953 2858 2021 ipse
2896 1969 3055 2010 omne
3099 1958 3335 2013 caritatis
3379 1961 3649 2028 specimen

2078 2039 2374 2094 exhiberet.
2404 2040 2496 2096 Ille
2521 2056 2650 2096 vero
2701 2043 2765 2096 iis
2805 2044 2960 2099 fidem
2994 2061 3098 2100 non
3130 2047 3345 2113 habuit,
3377 2050 3482 2106 imo
3520 2067 3649 2108 con-

2079 2131 2238 2184 traria
2301 2132 2400 2185 sibi
2449 2145 2701 2188 eventura
2757 2137 2990 2204 putabat.
3061 2138 3400 2212 Tandemque
3465 2143 3650 2199 Caesa-

2079 2238 2224 2276 ream
2267 2224 2318 2276 in
2343 2223 2677 2294 Cappadocia
2704 2268 2717 2292 ,
2750 2228 2970 2296 perinde
2999 2241 3157 2301 atque
3197 2249 3226 2286 a
3256 2242 3567 2300 tempestate
3596 2239 3651 2294 in

2078 2315 2421 2382 tranquillum
2463 2326 2672 2385 portum
2713 2321 2974 2388 pervenit.
3003 2320 3182 2392 Neque
3202 2324 3386 2382 statim
3413 2329 3585 2398 potuit
3621 2345 3652 2383 a

2079 2405 2238 2457 tantis
2267 2405 2421 2460 malis
2448 2408 2677 2462 recreari
2701 2425 2714 2460 :
2747 2409 2839 2464 sed
2869 2420 3043 2465 tamen
3083 2413 3315 2469 animum
3343 2419 3648 2487 resumpsit,

2079 2497 2200 2565 quia
2247 2513 2432 2566 puram
2477 2514 2666 2569 aquam
2715 2500 2885 2568 bibit,
2925 2519 3115 2572 panem
3160 2520 3264 2558 non
3314 2505 3551 2564 fcetidum
3598 2523 3652 2566 et

2077 2589 2266 2643 durum
2293 2633 2308 2656 ,
2337 2600 2393 2645 ut
2429 2599 2572 2659 ante,
2600 2593 2864 2659 comedit,
2897 2595 3102 2650 balucis
3147 2609 3418 2654 recreatus
3446 2611 3527 2655 est
3551 2643 3566 2664 .
3598 2609 3652 2657 et

2078 2683 2130 2735 in
2161 2683 2300 2737 lecto
2349 2685 2690 2739 recumbendi
2745 2696 3060 2756 potesmtem
3110 2688 3295 2743 habuit
3325 2690 3648 2764 (Epist.M).

2034 2830 2041 2837 _
2077 2771 2310 2843 Eratque
2340 2775 2390 2827 in
2418 2775 2533 2843 ipso
2564 2777 2805 2831 tertiana-3
2829 2777 2994 2832 febris
3020 2779 3230 2846 ardore,
3259 2783 3652 2854 hospitiumque

2077 2864 2260 2920 habuit
2305 2866 2357 2920 in
2405 2876 2646 2922 extremo
2689 2868 2835 2923 urbis
2866 2872 3254 2927 recessu.Tum
3293 2889 3417 2928 vero
3464 2875 3647 2930 clerici

2075 2970 2282 3020 omnes,
2315 2957 2542 3026 populus
2561 2999 2577 3025 ,
2607 2959 2892 3024 monachi,
2921 2962 3223 3029 monachae,
3253 2964 3442 3018 medici
3467 2965 3652 3021 adfue-

2076 3055 2219 3111 runt,
2247 3061 2274 3099 a
2305 3048 2496 3116 quibus
2523 3063 2776 3118 perquam
2801 3049 3040 3107 officiose
3059 3064 3312 3124 exceptus
3335 3055 3451 3121 fuit,
3478 3058 3653 3111 omni-

2075 3135 2174 3190 bus
2202 3137 2574 3193 famulantibus
2597 3150 2649 3193 et
2680 3143 2976 3196 necessaria
3007 3159 3228 3214 qumque
3270 3146 3369 3215 ipsi
3398 3148 3646 3202 submini-

2081 3228 2394 3282 strantibus.
2424 3229 2571 3284 Tunc
2599 3240 2775 3286 autem
2805 3233 3002 3302 iungenti
3033 3235 3258 3291 flammae
3283 3237 3471 3292 ardore
3494 3239 3653 3293 defla-

2079 3332 2266 3384 grans,
2301 3318 2352 3372 in
2385 3333 2624 3374 extremo
2653 3323 2887 3390 periculo
2915 3325 3224 3379 versabatur
3252 3344 3264 3378 :
3292 3326 3503 3382 demum
3527 3345 3654 3398 pau-

2078 3408 2223 3461 latim
2255 3409 2526 3465 remittere
2556 3426 2619 3465 ac
2653 3413 2827 3466 sedari
2871 3416 3088 3469 morbus
3128 3418 3306 3485 erepit.
3350 3417 3653 3474 Pharetrius

2075 3505 2237 3564 vero,
2265 3502 2354 3570 qui
2384 3511 2461 3556 tot
2487 3505 2718 3557 venienti
2748 3505 2968 3559 officiosi
2995 3507 3154 3560 animi
3183 3509 3327 3578 signa
3354 3509 3467 3564 dari
3494 3526 3652 3564 cura-

2075 3604 2244 3659 verat,
2273 3610 2555 3664 numquam
2586 3598 2900 3665 comparuit,
2927 3599 3032 3652 imo
3057 3599 3171 3652 dira
3202 3600 3572 3668 meditabatur,
3594 3610 3653 3656 ut

2075 3685 2390 3740 videbimus.
2424 3687 2896 3743 Praestantissimos
2925 3701 3098 3744 autem
3130 3691 3200 3744 ibi
3244 3692 3653 3747 celeberrimos-

2076 3794 2179 3847 que
2205 3779 2437 3833 medicos
2460 3780 2639 3832 habuit
2671 3781 2856 3850 (Epist.
2879 3781 2990 3850 12),
3013 3798 3043 3835 a
3062 3782 3250 3850 quibus
3267 3799 3371 3837 non
3397 3793 3501 3838 tam
3524 3786 3652 3840 artis

2077 3869 2325 3923 subsidiis
2348 3912 2362 3930 .
2385 3887 2542 3939 quam
2581 3873 3044 3926 commiseratione
3073 3883 3124 3925 et
3161 3873 3393 3928 amicitia
3435 3877 3653 3930 euraba~

2078 3966 2181 4012 tur.
2205 3960 2442 4026 Quorum
2471 3961 2630 4014 etiam
2679 3977 2814 4016 unus
2835 4003 2849 4026 ,
2888 3977 2992 4031 quo
3023 3963 3109 4017 ille
3151 3973 3334 4032 postea
3362 3980 3572 4034 semper
3601 3979 3654 4022 et

2077 4050 2284 4104 medico
2325 4061 2379 4105 et
2407 4051 2576 4106 amico
2623 4067 2747 4105 usus
2775 4062 2889 4116 est,
2921 4069 3100 4107 secum
3145 4055 3502 4123 profecturum
3533 4072 3652 4114 esse

2077 4141 2378 4209 spepondit,
2411 4142 2641 4212 itemque
2693 4143 2781 4196 alii
2821 4145 3121 4214 complures
3150 4161 3332 4200 eorum
3356 4148 3446 4216 qui
3485 4148 3652 4218 digni-

2077 4242 2184 4286 tate
2209 4233 2497 4301 pollebant.

2149 4325 2299 4380 Illum
2329 4327 2591 4380 visitatum
2623 4328 2766 4380 venit
2787 4327 2948 4382 frater
2978 4328 3188 4382 Maximi
3210 4330 3466 4399 episcopi,
3495 4346 3523 4384 a
3547 4347 3653 4400 quo

2079 4433 2136 4470 se
2176 4418 2422 4485 sperabat
2464 4418 2646 4471 literas
2688 4428 3028 4487 accepturum
3059 4420 3383 4490 Olympiadis
3409 4431 3460 4476 et
3491 4422 3654 4492 Tigrii

2080 4508 2395 4577 presbyteri.
2429 4508 2619 4562 Verum
2648 4509 2918 4576 respondit
2957 4509 3080 4573 ille,
3111 4526 3169 4564 se
3207 4511 3387 4566 literas
3418 4515 3656 4582 posmla-

2080 4599 2237 4664 vissc,
2269 4598 2362 4652 sed
2396 4598 2642 4653 abnuisse
2681 4599 2818 4654 illos.
2849 4600 2993 4653 Binis
3035 4602 3360 4671 interpositis
3400 4616 3517 4672 post
3557 4606 3655 4660 ad-

2078 4699 2292 4742 ventum
2324 4689 2464 4743 illius
2489 4689 2674 4742 diebus
2695 4689 2970 4757 epistolam
3004 4691 3145 4746 misit
3172 4692 3236 4746 ad
3261 4691 3647 4764 Olympiadem,

2079 4794 2234 4848 quam
2269 4780 2436 4847 primo
2459 4779 2525 4832 de
2552 4780 2790 4832 restituta
2815 4780 3114 4835 valetudine
3141 4797 3233 4838 sua
3262 4783 3542 4837 certiorem
3577 4783 3654 4836 fa-

2079 4873 2170 4936 cit,
2203 4870 2372 4938 deque
2398 4869 2623 4923 adventu
2653 4872 2826 4924 fratris
2848 4871 2908 4926 B.
2935 4872 3145 4926 Maximi
3177 4875 3442 4945 episcopi,
3470 4877 3651 4946 objur-

2078 4971 2268 5031 gatque
2293 4962 2433 5014 illam
2458 4963 2596 5031 quod
2627 4963 2801 5016 literas
2823 4963 2886 5016 ad
2918 4979 2976 5018 se
3001 4981 3103 5018 non
3137 4966 3356 5032 miserit,
3387 4978 3440 5020 et
3468 4968 3534 5022 de
3560 4969 3651 5022 Ti-

2079 5053 2194 5120 grio
2235 5067 2442 5121 quoque
2481 5053 2665 5106 eadem
2715 5055 2781 5107 de
2825 5069 2980 5108 causa
3020 5059 3379 5125 conqueritur.
3417 5061 3490 5113 De
3538 5063 3655 5114 loco

2082 5144 2253 5204 exsilii
2284 5144 2363 5196 sui
2396 5144 2645 5198 mutando
2673 5161 2739 5198 ne
2767 5147 2900 5199 ultra
2927 5159 3106 5212 curet,
3139 5159 3193 5204 et
3231 5167 3300 5204 ne
3338 5152 3468 5207 alios
3505 5155 3569 5207 ad
3606 5155 3656 5209 id

2081 5232 2450 5301 postulandum
2482 5233 2728 5288 adhibeat
2771 5235 2951 5299 edicit,
2984 5240 3268 5309 paucisque
3295 5241 3359 5294 de
3398 5243 3654 5312 Pergamii

2079 5324 2349 5377 sororibus
2372 5365 2386 5388 ,
2419 5335 2470 5378 et
2500 5326 2567 5379 de
2591 5326 2814 5394 Cyriaeo
2838 5329 3086 5397 epise0po
3116 5331 3305 5384 additis
3329 5375 3345 5397 ,
3377 5335 3653 5401 epistolam

2080 5415 2295 5469 claudit.
2324 5416 2582 5470 Ctesarea:
2621 5433 2739 5470 cum
2769 5429 2948 5483 esset,
2988 5421 3052 5472 ad
3078 5421 3407 5476 Theodoram
3448 5441 3657 5494 quoque

2081 5506 2295 5574 scripsit
2320 5505 2510 5575 (Epist.
2543 5505 2687 5578 120),
2721 5518 2774 5562 et
2817 5525 2935 5579 quae
2972 5511 3070 5563 sibi
3121 5513 3171 5566 in
3221 5513 3301 5566 via
3357 5517 3658 5569 acciderant

2081 5597 2259 5663 paucis
2287 5596 2530 5666 patefecit
2554 5616 2566 5652 :
2597 5599 2664 5653 de
2691 5600 2776 5653 illa
2803 5603 2958 5655 etiam
2989 5606 3329 5672 conqueritur
3350 5607 3512 5676 quod,
3539 5626 3655 5660 ('tnn

2079 5688 2188 5757 jam
2217 5700 2456 5757 quartam
2485 5691 2566 5744 vel
2594 5693 2827 5762 quintam
2859 5696 3131 5763 epistolam
3165 5696 3226 5750 ad
3262 5699 3423 5767 ipsam
3453 5701 3654 5756 miserit
