4096 6392
429 246 534 304 Ξῖδ

427 365 620 438 (Epist.
647 361 790 434 121),
811 375 966 416 unam
990 366 1192 412 tantum
1215 354 1279 408 ab
1301 353 1386 408 illa
1407 352 1670 420 acceperit
1686 348 1992 420 (Ερὶει.1ἓ).

497 461 752 514 Caesareae
789 454 946 508 etiam
975 451 1212 520 recipere
1257 446 1424 516 potuit
1469 443 1743 512 epistolam
1782 439 1994 504 Arabii,

430 550 524 602 viri
553 548 651 602 sibi
684 541 1050 607 addictissimi,
1078 540 1228 608 cujus
1267 551 1398 590 uxor
1419 531 1717 605 Olympiadi
1753 530 1918 584 amica
1945 539 2000 583 et

429 639 707 696 familiaris
733 645 864 689 eral.
893 633 942 687 Is
963 649 1081 687 cum
1109 638 1316 700 putaret
1341 628 1488 681 illum
1517 627 1568 678 in
1599 623 1838 677 exsilium
1863 620 1997 674 mitti

424 734 702 797 Sebasten,
727 728 1038 784 obsecrabat
1071 727 1218 779 illum
1268 733 1322 778 ut
1362 723 1414 776 in
1436 720 1642 775 tedibus
1692 717 1802 772 suis
1840 716 1998 770 inilla

422 825 553 878 urbe
582 824 698 878 sitis
729 822 882 876 sedes
904 825 1142 890 poneret.
1172 814 1463 885 Respondit
1491 813 1563 866 illi
1584 811 1997 882 Chrysostomus

423 917 594 971 exsilii
624 916 705 969 sui
752 915 924 968 locum
967 927 1068 965 non
1113 909 1367 964 Sebasten
1393 949 1406 970 ,
1440 905 1534 960 sed
1575 904 1838 958 Cucusum
1879 915 1997 954 esse

425 1009 619 1079 (Epist.
648 1007 792 1077 121).

494 1101 625 1153 Cum
656 1114 782 1167 ergo
825 1096 1055 1150 Joannes
1097 1092 1340 1146 morbum
1380 1089 1577 1144 sensim
1629 1085 1906 1140 remissum
1945 1091 1999 1136 et

424 1191 659 1245 sedatum
703 1203 822 1242 esse
861 1186 1063 1239 videret
1089 1225 1103 1249 ,
1135 1183 1203 1236 de
1233 1182 1472 1236 discessu
1519 1177 1784 1247 cogitabat
1812 1183 1870 1228 ut
1893 1174 1997 1228 Cu-

423 1297 609 1349 cusum
656 1289 887 1350 peteret,
928 1287 1085 1347 atque
1129 1276 1195 1330 ab
1251 1273 1457 1328 itineris
1485 1270 1735 1325 mrumnis
1785 1266 1997 1322 tandem

421 1375 740 1445 quiesceret.
770 1370 968 1425 Verum
1008 1368 1183 1423 subito
1224 1365 1496 1420 nuntiatur
1525 1363 1734 1417 Isauros
1765 1375 1885 1415 cum
1911 1359 1996 1413 in-

423 1479 641 1520 numera
669 1462 941 1516 hominum
990 1474 1150 1513 manu
1177 1456 1559 1512 Caesariensem
1599 1468 1782 1522 agrum
1825 1465 1997 1519 popu-

424 1557 554 1622 lari,
597 1564 754 1624 atque
791 1567 1036 1621 magnum
1084 1548 1346 1620 quoddam
1393 1545 1642 1615 oppidum
1700 1542 2000 1598 incendisse

421 1664 540 1704 cum
571 1647 765 1717 ingenti
791 1645 959 1699 clade.
990 1643 1102 1710 Qua
1129 1657 1188 1696 re
1215 1639 1391 1694 audita
1435 1639 1674 1692 tribunus
1703 1650 1823 1690 cum
1853 1635 1997 1688 mili-

423 1740 564 1794 tibus
589 1737 833 1791 omnibus
861 1735 972 1788 suis
1013 1733 1141 1787 urbe
1179 1731 1444 1786 excessit:
1476 1727 1731 1784 timebant
1757 1728 1900 1782 enim
1931 1741 1998 1779 ne

423 1831 609 1884 urbem
631 1842 842 1898 quoque
863 1825 1218 1879 adorirentur.
1251 1821 1448 1876 Omnes
1479 1821 1530 1873 in
1571 1828 1712 1873 metu
1741 1826 1814 1872 et‘
1837 1817 1998 1886 trepi-

423 1920 637 1975 datione
665 1927 854 1981 erant,
887 1915 953 1971 de
995 1915 1109 1984 ipso
1153 1927 1361 1983 quoque
1405 1912 1574 1980 patrio
1613 1910 1728 1964 solo
1774 1908 1988 1978 pericli-

426 2021 635 2076 tantes;
668 2009 801 2064 adeo
831 2016 888 2062 ut
916 2022 1072 2062 senes
1092 2007 1248 2060 etiam
1281 2003 1379 2074 ipsi
1409 2017 1680 2058 murorum
1701 2001 1995 2056 custodiam

425 2104 772 2172 susciperent.

500 2194 794 2247 Pharetrius
819 2191 1065 2246 Joannem
1097 2207 1185 2258 per
1210 2190 1480 2243 monachos
1502 2185 1731 2243 Cmarea
1762 2185 1880 2256 pelli
1895 2185 1996 2255 ju-

425 2287 519 2340 bet.
549 2315 618 2324 —
648 2285 949 2338 Pharetrius
977 2299 1125 2348 vero,
1155 2282 1243 2350 qui
1275 2279 1478 2349 pridem
1509 2278 1890 2334 benevolentite
1919 2277 1995 2330 si-

423 2394 526 2447 gna
551 2377 738 2432 Joanni
764 2376 983 2430 dederat
1006 2373 1196 2444 (Epist.
1225 2375 1310 2443 14)
1331 2415 1346 2439 ,
1378 2387 1536 2441 quem
1576 2371 1998 2440 proﬁciscentem

426 2471 776 2532 invitaverat,
802 2467 909 2537 jam
949 2467 1095 2520 illum
1129 2466 1366 2519 Caesarea
1403 2464 1601 2533 pellere
1634 2462 1992 2526 moliebatur;

425 2560 613 2614 mutati
637 2567 812 2614 autem
838 2558 999 2612 animi
1020 2573 1231 2612 causam
1257 2557 1416 2610 fuisse
1442 2556 1738 2624 suspicatur
1762 2555 1997 2610 Joannes

427 2651 673 2706 invidiam
726 2665 906 2703 unam.
951 2647 1084 2702 Cum
1140 2647 1339 2702 videret
1393 2661 1578 2701 omnes
1629 2645 1694 2700 ad
1741 2645 2000 2700 Joannem

425 2741 730 2807 conﬂuere,
777 2741 1091 2810 optimates,
1145 2738 1460 2802 monachos,
1523 2737 1755 2808 virgines
1786 2780 1800 2804 ,
1861 2754 2001 2807 pra:-

427 2837 622 2900 fectos,
672 2835 903 2900 milites,
955 2833 1191 2889 medicos
1247 2849 1538 2902 omnesque
1592 2835 1832 2888 certatim
1901 2834 2001 2902 ipsi

425 2927 628 2994 ofﬁcia,
657 2927 966 2992 ministeria,
993 2925 1270 2980 facultates
1296 2924 1508 2986 offerre,
1527 2933 1684 2995 atque
1714 2925 1766 2978 in
1797 2934 2000 2994 partem

426 3021 744 3075 calamitatis
780 3021 992 3086 venire;
1025 3019 1139 3074 hzec
1182 3034 1286 3072 non
1333 3018 1403 3072 ita
1453 3018 1682 3072 libenter
1713 3017 1875 3084 vidit,
1906 3017 2001 3072 sed

429 3113 593 3166 livore
620 3111 806 3169 ductus
833 3153 848 3178 ,
878 3111 1048 3180 ipsum
1074 3125 1104 3164 e
1126 3109 1318 3163 ﬁnibus
1354 3109 1464 3163 suis
1490 3109 1691 3178 pellere
1725 3108 1958 3163 decrevit.
1983 3125 1999 3164 :

428 3204 493 3258 ad
516 3218 738 3273 eamque
762 3217 874 3256 rem
902 3201 1197 3255 ministerio
1220 3215 1346 3254 usus
1366 3208 1446 3255 est
1470 3199 1849 3257 monachorum
1870 3215 2002 3270 quo-

429 3295 701 3360 rumdam,
735 3295 823 3364 qui
872 3310 938 3347 ex
983 3309 1039 3347 re
1064 3302 1211 3362 gesta
1261 3292 1327 3346 ad
1379 3293 1744 3360 expeditiones
1792 3293 1995 3348 similes

429 3387 700 3442 exercitati
730 3385 892 3438 fuisse
917 3383 1258 3438 videbantur.
1291 3384 1418 3436 Cum
1460 3398 1589 3451 ergo
1631 3397 1717 3436 res
1761 3397 1826 3437 eo
1851 3425 1864 3446 ,
1895 3397 2000 3452 quo

429 3480 678 3544 diximus,
713 3479 763 3531 in
791 3487 930 3532 statu
960 3485 1138 3530 essent
1159 3475 1384 3546 quadam
1412 3475 1497 3530 die
1527 3476 1866 3529 illucescente
1903 3491 2000 3528 au-

431 3585 571 3634 rora,
594 3571 972 3623 monachorum
1006 3583 1192 3636 agmen
1219 3607 1232 3630 ,
1265 3566 1499 3629 domum,
1524 3567 1576 3619 in
1623 3582 1724 3634 qua
1772 3565 2001 3620 Joannes

429 3661 584 3716 sedes
637 3660 864 3714 habebat
908 3660 1252 3724 invaserunt,
1301 3673 1360 3712 se
1407 3673 1524 3711 eam
1577 3658 1921 3721 incensuros,
1950 3665 2004 3711 et

431 3752 616 3806 Joanni
649 3764 884 3807 extrema
933 3767 1155 3821 quaeque
1210 3749 1343 3803 mala
1402 3749 1640 3802 illaturos
1686 3763 1805 3803 esse
1843 3748 2002 3802 mini-

432 3852 602 3897 tantes
621 3885 635 3910 ,
667 3843 765 3897 nisi
793 3843 968 3896 statim
991 3840 1318 3895 abscederet.
1347 3839 1452 3893 Nec
1482 3838 1780 3893 Isaurorum
1805 3848 1998 3905 metus,

431 3952 529 3990 nec
559 3935 771 3988 morbus
797 3950 901 4004 quo
932 3943 1057 3988 tunc
1084 3933 1315 3988 Joannes
1361 3933 1731 4001 premebatur,
1776 3932 1894 3985 illos
1919 3932 2001 3985 vel

431 4029 770 4085 humaniores
830 4029 912 4082 vel
976 4025 1359 4080 moderatiores
1405 4024 1678 4079 reddebat.
1733 4024 2004 4078 Instabam

432 4135 605 4178 autem
637 4123 996 4192 urgebantque
1025 4135 1145 4174 cum
1179 4118 1358 4172 furore
1386 4125 1554 4184 tanto,
1579 4127 1638 4172 ut
1665 4117 1765 4186 ipsi
1793 4132 2004 4186 quoque

434 4212 671 4267 l’rzetorii
725 4211 918 4264 milites
952 4219 1095 4263 metu
1141 4208 1518 4262 afﬁcerentur:
1548 4223 1679 4276 quos
1718 4216 1775 4260 ut
1816 4207 2003 4276 majori

433 4304 620 4354 timore
645 4300 1016 4372 percellerent,
1037 4298 1406 4368 gloriabantur
1434 4313 1492 4352 se
1513 4297 1622 4366 jam
1651 4298 1843 4352 multos
1871 4312 2004 4367 prm-

434 4395 598 4448 torios
621 4393 812 4446 milites
839 4391 976 4446 ftede
1006 4391 1336 4444 verberasse.

501 4485 596 4541 llis
643 4484 836 4538 auditis
881 4482 1121 4536 Prmtorii
1163 4482 1358 4534 milites
1392 4479 1456 4534 ad
1505 4479 1763 4534 Joannem
1814 4480 2004 4534 eonfuo

430 4582 610 4647 giuut,
647 4578 922 4648 ipsumque
959 4584 1145 4645 rogant
1191 4583 1244 4628 et
1291 4575 1571 4629 obsecrant
1613 4584 1689 4640 ut,
1715 4575 1919 4628 etlamsi
1952 4575 2003 4628 in

433 4673 730 4725 Isaurorum
758 4682 945 4721 manus
983 4665 1316 4720 incidendum
1343 4666 1446 4728 sit,
1481 4665 1562 4718 his
1604 4673 1779 4719 tamen
1816 4665 2006 4719 belluis

435 4765 578 4831 ipsos
603 4761 873 4815 liberaret.
907 4758 1012 4812 Res
1038 4755 1293 4811 I’rwfccto
1339 4757 1483 4810 urbis
1514 4756 1802 4820 nuntiatur,
1830 4756 1918 4824 qui
1951 4764 2007 4808 ut

431 4854 622 4910 Joanni
661 4850 1006 4922 opitularetur
1038 4849 1303 4912 occurrit,
1340 4845 1732 4915 monachosque
1763 4855 2007 4915 precatur

432 4945 692 4999 absistant
721 4961 735 4996 :
766 4942 858 4997 sed
891 4942 1080 4995 frustra
1129 4949 1588 5012 cessere_conatus
1628 4939 1744 5008 ejus
1775 4955 2001 5005 omnes;

433 5036 503 5089 ita
533 5042 590 5088 ut
635 5049 831 5102 anceps
859 5031 1020 5085 animi
1053 5033 1282 5086 nesciret
1327 5039 1501 5083 utrum
1544 5029 1736 5084 Joanni
1776 5031 2006 5100 Optatius

435 5136 616 5192 esset,
647 5142 766 5181 eum
792 5125 951 5179 caedis
977 5125 1214 5194 periculo
1259 5138 1325 5177 ex
1369 5123 1498 5177 urbe
1529 5123 1823 5192 proﬁcisci,
1847 5139 2005 5192 quam

436 5216 743 5286 urgentibus
789 5215 1215 5285 pellentibusque
1260 5214 1472 5266 furiosis
1501 5213 1602 5267 illis
1633 5213 1907 5268 monachis
1952 5215 2004 5268 in

440 5309 570 5362 urbe
600 5323 836 5360 manere.
868 5305 1010 5360 Misit
1034 5307 1190 5376 igitur
1217 5306 1282 5359 ad
1313 5306 1647 5360 Pharetrium
1676 5307 2003 5380 episcopum,

439 5398 684 5468 precibus
709 5398 774 5452 ab
805 5398 893 5454 illo
921 5396 1245 5451 contendens
1269 5405 1328 5450 ut
1353 5395 1541 5450 Joanni
1560 5439 1574 5460 ,
1610 5405 1720 5451 tum
1760 5398 1828 5452 ob
1861 5414 2007 5452 mor-

445 5492 566 5543 bum
599 5504 702 5558 quo
729 5487 1084 5550 detinebatur,
1117 5497 1224 5541 tum
1252 5487 1320 5540 ob
1349 5487 1634 5542 imminens
1676 5489 1966 5557 periculum
1991 5530 2006 5554 ,

445 5595 636 5646 pauens
678 5579 851 5632 adhuc
885 5579 998 5632 dies
1040 5578 1374 5633 concederet.
1431 5576 1538 5632 Nec
1577 5579 1860 5648 quidquam
1907 5580 2006 5632 im-

447 5682 652 5738 petrare
682 5670 848 5740 potuit
876 5689 886 5720 :
913 5669 1017 5723 imo
1040 5668 1289 5738 postridie
1319 5669 1558 5724 monachi
1585 5670 1786 5724 acriore
1809 5673 2006 5741 impetu

1513 237 1569 292 S.
1601 235 1877 292 JOA‘NNKS
1914 234 2382 292 CIIRYSOSTOMI
2409 236 2589 304 VITA,

3569 243 3674 302 92‘

2105 362 2228 406 sunt
2273 353 2374 408 usi.
2433 353 2615 422 Neque
2657 353 2953 426 presbyteri
2980 356 3206 426 illi,qui
3248 356 3436 412 Joanni
3483 359 3676 418 addicti

2101 454 2287 510 erant,
2315 460 2470 514 opem
2515 446 2590 499 illi
2630 445 2767 501 ferre
2805 448 2918 501 ausi
2947 456 3090 512 sunt,
3116 447 3211 503 sed
3237 464 3357 503 cum
3385 450 3498 505 haec
3536 451 3676 506 Pha-

2103 536 2248 589 retrii
2276 536 2428 604 jussu
2460 537 2572 591 ﬁeri
2601 552 2706 590 non
2739 538 3064 608 ignorarent,
3096 554 3195 594 nec
3231 555 3352 595 cum
3399 556 3430 595 a
3473 541 3679 599 Joanne

2101 637 2522 690 accerserentur,
2555 629 2808 683 accedere
2833 629 3118 684 audebant.

2171 716 2302 771 Cum
2343 719 2393 772 in
2443 719 2532 773 tali
2586 735 2759 774 rerum
2805 721 3109 777 conditione
3159 737 3266 776 non
3317 732 3498 791 posset
3541 725 3676 783 ultra

2101 808 2331 864 Joannes
2361 811 2410 864 in
2447 811 2576 865 urbe
2600 813 2893 868 consistere
2917 854 2931 875 ,
2958 813 3056 868 etsi
3098 813 3232 870 febri
3249 814 3552 879 laborabat,
3580 817 3677 870 etsi

2104 901 2402 956 Isaurorum
2433 902 2661 958 instabat
2679 913 2853 958 metus
2876 904 3008 959 hora
3042 905 3154 974 ipsa
3194 906 3505 972 meridiana,
3528 922 3584 962 se
3624 909 3678 962 in

2103 995 2343 1050 lecticam
2366 997 2656 1066 conjiciens
2687 997 2954 1066 profectus
2983 1007 3063 1052 est
3083 1039 3099 1065 ,
3127 999 3377 1054 universa
3404 999 3555 1069 plebe
3604 1005 3678 1054 la-

2101 1098 2375 1158 crymante
2398 1130 2413 1152 ,
2453 1089 2680 1158 ejulante
2704 1131 2719 1156 ,
2749 1099 2907 1159 atque
2941 1091 3018 1144 rei
3060 1101 3329 1146 auctorem
3368 1101 3679 1146 exsecrante

2102 1193 2166 1232 ac
2207 1179 2336 1233 diris
2360 1179 2672 1235 devovente.
2707 1181 2996 1252 Postquam
3025 1192 3202 1237 autem
3231 1182 3474 1237 Cresarea
3499 1197 3679 1252 egres-

2103 1284 2196 1324 sus
2223 1270 2344 1337 fuit,
2375 1270 2589 1340 quidam
2629 1271 2811 1326 clerici
2835 1281 3098 1327 venerunt
3118 1315 3133 1337 ,
3165 1287 3228 1328 ac
3253 1273 3493 1344 lugentes
3532 1272 3678 1328 lento

2101 1360 2267 1430 gradu
2290 1361 2461 1430 ipsum
2491 1363 2864 1432 sequebantur.
2898 1363 2976 1417 Ex
3007 1363 3111 1419 illis
3142 1378 3268 1419 vero
3296 1363 3507 1434 quidam
3536 1363 3678 1419 dice-

2100 1454 2230 1509 bant
2261 1473 2273 1510 :
2301 1454 2542 1518 Quonam
2596 1454 2740 1509 illum
2799 1455 2866 1509 ad
2922 1465 3147 1511 mortem
3187 1455 3488 1511 adducitis?
3531 1454 3678 1512 Unus

2101 1553 2308 1609 autem,
2339 1545 2429 1614 qui
2473 1544 2730 1599 Joannem
2779 1545 3065 1601 admodum
3116 1547 3362 1612 amabat,
3403 1547 3553 1617 quasi
3601 1547 3678 1602 ira

2103 1645 2408 1704 permotus,
2440 1636 2790 1697 Abi,obsecro
2813 1679 2827 1701 ,
2852 1638 3020 1707 inquit
3051 1655 3064 1691 :
3095 1638 3148 1693 in
3179 1637 3386 1693 Isauros
3411 1639 3571 1694 etiam
3600 1640 3680 1694 in-

2102 1726 2238 1791 cide,
2270 1727 2428 1781 modo
2457 1742 2487 1780 a
2519 1727 2670 1783 nobis
2703 1728 2955 1785 elabaris.
3001 1729 3135 1784 Nam
3169 1744 3505 1800 quocumque
3543 1731 3678 1786 inci-

2101 1817 2264 1884 deris,
2286 1828 2400 1873 tuto
2422 1819 2643 1887 incides,
2675 1819 2963 1876 dummodo
2987 1837 3176 1878 manus
3206 1832 3414 1878 nostras
3439 1822 3677 1893 effugias.

2173 1909 2407 1964 Seleucia
2447 1921 2676 1966 matrona
2710 1912 2814 1984 pia.
2839 1943 2910 1952 -——
2934 1912 3059 1968 Hinc
3103 1913 3326 1970 audiens
3367 1929 3430 1969 ac
3474 1916 3681 1984 perspi-

2101 2002 2248 2057 ciens
2288 2003 2497 2074 egregia
2541 2014 2786 2061 matrona
2835 2005 3076 2061 Seleucia
3099 2048 3112 2072 ,
3140 2007 3317 2061 Ruﬁni
3367 2024 3531 2074 uxor,
3563 2023 3681 2078 qua:

2102 2095 2338 2153 ofﬁciose
2396 2097 2656 2154 Joannem
2709 2099 2996 2155 admodum
3046 2101 3288 2165 colebat,
3319 2101 3566 2172 precibus
3613 2101 3681 2156 ab

2104 2188 2196 2243 illo
2224 2189 2560 2260 impetravit,
2593 2201 2650 2246 ut
2677 2194 2727 2246 in
2752 2192 2915 2260 ipsius
2938 2194 3298 2248 suburbanam
3337 2194 3541 2262 villam,
3563 2209 3681 2264 qua:

2103 2281 2334 2350 quinque
2374 2295 2622 2350 passuum
2669 2283 2902 2338 millibus
2930 2285 2996 2338 ab
3038 2284 3167 2339 urbe
3193 2285 3439 2351 distabat,
3469 2285 3680 2355 hospitii

2102 2386 2260 2426 causa
2289 2387 2349 2428 se
2373 2372 2672 2440 conferret,
2701 2375 2948 2446 misitque
2976 2377 3062 2446 qui
3107 2385 3347 2432 sanctum
3379 2380 3548 2433 virum
3590 2379 3681 2435 illo

2104 2463 2376 2521 ducerent.
2421 2470 2489 2521 At
2533 2483 2705 2538 neque
2754 2468 2858 2524 illic
2907 2471 2958 2524 in
2999 2485 3127 2538 pace
3169 2471 3442 2540 quiescere
3490 2473 3680 2530 licuit:

2103 2571 2226 2610 nam
2260 2573 2318 2612 re
2337 2567 2612 2627 comperta
2642 2557 2951 2614 Pharetrius
2991 2560 3183 2615 multas
3219 2563 3475 2618 Seleucia:
3511 2563 3683 2618 minas

2103 2649 2397 2703 intentavit.
2423 2649 2511 2704 llla
2533 2665 2658 2705 vero
2683 2667 2787 2704 non
2812 2651 2986 2705 minus
3009 2652 3240 2721 prudens
3267 2670 3421 2724 quam
3447 2654 3681 2710 ofliciosa

2103 2740 2330 2803 femina,
2357 2740 2613 2796 Joannem
2656 2742 2807 2809 adiit,
2853 2758 2916 2798 ac
2951 2742 3018 2797 de
3055 2743 3317 2800 Pharetrii
3361 2747 3518 2800 minis
3552 2746 3681 2800 nihil

2106 2831 2220 2896 ipse
2248 2830 2446 2897 retulit,
2470 2831 2564 2886 sed
2594 2832 2931 2887 Procuratori
2959 2848 3056 2887 suo
3082 2842 3249 2888 totam
3294 2851 3405 2890 rem
3437 2837 3675 2904 aperuit,

2104 2922 2310 2993 ipsique
2336 2923 2624 2987 mandavit,
2659 2934 2713 2978 ut
2741 2923 2932 2978 Joanni
2975 2940 3136 2980 omne
3179 2924 3336 2980 ollicii
3376 2942 3542 2996 genus
3580 2926 3680 2980 im-

2106 3013 2359 3082 pertiret,
2393 3029 2456 3068 ac
2481 3015 2524 3068 si
2552 3015 2642 3084 qui
2667 3014 2911 3069 monachi
2945 3016 3222 3081 venirent,
3255 3027 3311 3070 ut
3350 3017 3520 3086 ipsqu
3551 3031 3682 3071 cou-

2107 3105 2339 3160 tumeliis
2360 3105 2684 3160 incesserent
2709 3114 2799 3160 aut
2822 3106 2960 3161 male
2979 3105 3252 3160 allicerent
3270 3149 3284 3172 ,
3313 3122 3376 3162 ex
3405 3106 3523 3162 aliis
3544 3107 3683 3161 villis

2105 3199 2216 3251 suis
2235 3197 2494 3267 agricolas
2527 3205 2762 3267 cogeret,
2790 3208 2950 3268 atque
2987 3199 3055 3253 ita
3093 3213 3213 3253 cum
3259 3200 3532 3254 monachis
3570 3214 3683 3252 ma-

2105 3305 2232 3342 num
2262 3299 2571 3344 consereret
2602 3309 2614 3342 :
2642 3288 2900 3343 Joannem
2933 3304 3060 3343 vero
3091 3287 3352 3359 rogabat,
3378 3289 3430 3343 in
3466 3289 3683 3344 domum

2105 3381 2261 3434 aliam
2304 3395 2454 3434 suam
2502 3395 2620 3449 qua:
2667 3395 2844 3435 arcem
2903 3379 3152 3446 habebat,
3182 3395 3282 3434 nec
3322 3381 3442 3434 ullis
3481 3381 3682 3436 viribus

2106 3472 2394 3540 expugnari
2426 3479 2661 3538 poterat,
2692 3471 3036 3540 confugeret,
3067 3479 3124 3524 ut
3156 3481 3338 3525 contra
3367 3471 3598 3542 episc0pi
3628 3481 3684 3526 et

2106 3563 2487 3616 monachorum
2534 3563 2765 3617 furorem
2813 3563 2864 3617 in
2914 3571 3027 3616 tuto
3056 3572 3243 3618 esset:
3271 3580 3452 3618 verum
3495 3564 3683 3618 abnuit

2109 3655 2361 3710 Joannes.
2403 3655 2606 3710 Interea
2657 3670 2785 3709 vero
2823 3656 3081 3724 acerrime
3129 3655 3419 3711 Seleuciam
3463 3657 3684 3726 urgebat

2108 3746 2439 3812 Pharetrius,
2467 3762 2581 3802 rem
2629 3762 2847 3817 prorsus
2894 3747 3170 3817 ignorante
3204 3746 3406 3802 Joanne
3435 3765 3446 3801 :
3473 3748 3684 3802 nolebat

2108 3839 2250 3901 enim
2276 3838 2574 3893 verecunda
2604 3838 2794 3892 mulier
2823 3837 3082 3894 Pharetrii
3106 3839 3330 3892 insultus
3356 3848 3540 3893 sancto
3569 3839 3684 3894 viro

2109 3931 2427 3999 patefacere.
2458 3931 2694 3986 Instante
2727 3931 2940 3986 demum
2970 3932 3279 3999 Pharetrio,
3306 3933 3475 3987 minas
3512 3933 3686 3989 inten-

2108 4034 2253 4080 taute
2281 4034 2438 4095 atque
2456 4035 2696 4095 cogente,
2721 4035 2780 4079 ut
2807 4025 3060 4081 Joannem
3088 4042 3152 4079 ex
3174 4026 3424 4081 suburbio
3444 4027 3682 4098 ejiceret,

2109 4116 2340 4172 hominis
2388 4117 2838 4187 importunitatem
2890 4132 2994 4170 non
3040 4117 3216 4172 ferens
3253 4117 3515 4185 Seleucia,
3547 4119 3683 4174 dixit

2109 4209 2296 4265 Joanni
2345 4210 2546 4264 instare
2589 4209 2846 4265 barbaros
2886 4225 2981 4264 seu
3020 4209 3228 4264 Isauros
3253 4252 3268 4274 ,
3308 4209 3533 4280 ideoque
3577 4213 3686 4266 alio

2111 4302 2209 4370 ipsi
2262 4301 2363 4355 iter
2415 4300 2798 4370 capessendum
2844 4314 2962 4354 esse
3003 4317 3014 4353 :
3057 4315 3121 4355 ex
3170 4301 3486 4355 verecundia
3541 4301 3685 4356 enim

2110 4391 2372 4446 Pharetrii
2404 4391 2710 4445 violentiam
2747 4391 3049 4460 exprimere
3089 4406 3194 4445 non
3239 4391 3484 4446 audebat.
3515 4391 3685 4446 Media

2109 4493 2286 4538 autem
2317 4494 2468 4538 nocte
2497 4484 2637 4538 venit
2664 4483 2918 4537 Evethius
2939 4484 3215 4553 presbyter
3237 4499 3301 4537 ex
3334 4483 3684 4540 familiaribus

2109 4573 2332 4630 Joannis
2354 4615 2368 4640 ,
2399 4589 2696 4644 magnoque
2735 4575 2970 4629 clamore
3008 4573 3176 4629 dixit:
3206 4575 3374 4644 Surge
3393 4617 3408 4641 ,
3437 4575 3682 4638 obsecro,

2109 4665 2393 4718 adventant
2416 4665 2661 4730 barbari,
2694 4679 2791 4719 nec
2813 4665 2971 4734 longe
2999 4666 3210 4718 absunt.
3241 4666 3374 4719 Tum
3403 4667 3527 4735 quid
3553 4683 3685 4722 eon-

2111 4755 2212 4809 silii
2235 4765 2448 4824 caperet
2479 4755 2712 4810 Joannes
2740 4758 3027 4810 nesciebat.
3062 4756 3174 4810 Nox
3202 4757 3378 4811 illunis
3415 4769 3469 4812 et
3505 4759 3685 4828 ealigi-

2111 4861 2240 4901 nosa
2261 4856 2392 4912 erat,
2417 4847 2470 4900 in
2495 4848 2676 4902 urbem
2703 4863 2760 4901 se
2789 4849 3022 4916 recipere
3045 4864 3147 4901 non
3171 4859 3396 4916 poterat,
3417 4865 3515 4905 nec
3536 4852 3684 4920 quis-

2112 4954 2266 5008 quam
2318 4946 2511 5007 prazsto
2565 4947 2680 4994 erat
2725 4939 2815 5008 qui
2868 4955 3020 5008 tpCIn
3065 4938 3265 4993 ferret:
3308 4950 3450 4994 metu
3509 4951 3684 4996 tamen

2108 5031 2436 5099 compulsus,
2481 5011 2733 5084 {erumnis
2784 5031 3052 5086 confectus
3090 5042 3144 5087 et
3166 5032 3274 5102 jam
3325 5044 3551 5089 mortem
3593 5051 3687 5089 ex-

2111 5133 2358 5191 spectans
2383 5164 2398 5188 ,
2427 5124 2678 5177 surrexit.
2707 5121 2777 5178 Ut
2803 5133 2979 5179 autem
3013 5126 3112 5179 iter
3139 5125 3404 5181 conﬁcere
3445 5138 3681 5198 possent,

2115 5213 2170 5268 in
2197 5213 2432 5267 lecticam
2461 5214 2735 5278 ascendit,
2770 5229 2833 5269 ac
2876 5213 3020 5270 faces
3063 5219 3324 5271 accendit.
3358 5217 3552 5273 Verum
3588 5219 3684 5274 has

2113 5304 2367 5359 Evethius
2391 5307 2564 5360 socius
2589 5307 2856 5376 exstingui
2881 5309 3106 5373 curavit,
3137 5325 3203 5364 ne
3225 5310 3459 5378 barbari,
3483 5312 3685 5380 inquie-

2114 5394 2221 5458 bat,
2265 5397 2394 5451 lucis
2439 5397 2720 5465 Splendore
2747 5398 2904 5452 exciti
2943 5399 2992 5451 in
3028 5415 3125 5454 nos
3166 5400 3422 5470 impetum
3468 5401 3680 5459 faciant.

2184 5489 2520 5560 Chrysostomi
2577 5505 2816 5543 (erumna:
2871 5491 2922 5544 in
2961 5491 3156 5544 via.'—-
3183 5493 3469 5548 Exstinetis
3508 5494 3683 5562 itaque

2115 5580 2335 5644 facibus,
2355 5596 2420 5635 ex
2446 5581 2603 5634 nmlis
2630 5596 2764 5634 unus
2791 5581 2878 5651 qui
2908 5582 3148 5636 lecticam
3177 5585 3418 5653 gestabat
3439 5586 3488 5639 in
3517 5584 3679 5637 ardua

2115 5684 2166 5728 et
2211 5683 2422 5744 petrosa
2453 5673 2532 5726 via
2573 5672 2623 5726 in
2665 5688 2802 5742 genu
2846 5673 3057 5742 lapsus,
3091 5673 3348 5732 Joannem
3400 5677 3449 5730 in
3496 5676 3680 5731 lectica
