4096 6392
350 415 449 445 Ιηνῖ

352 439 451 467 ἳιιλ)

360 532 623 585 inclusum
648 529 792 582 humi
824 528 1108 598 prostravit
1136 570 1149 592 ,
1180 542 1472 597 parumque
1494 525 1658 579 abfuit
1688 525 1813 594 quin
1843 524 1933 578 ille

359 623 624 678 interiret.
655 623 885 690 Sui-gens
913 622 1103 675 deinde
1130 621 1338 673 tractim
1365 620 1586 689 pedibus
1634 617 1929 683 incedebat,

355 717 615 781 I'Jvethio,
670 716 757 787 qui
817 732 884 769 ex
932 731 1067 784 equo
1118 714 1413 776 desilierat,
1464 714 1708 765 manibus
1759 711 1934 778 ipsum

353 817 716 862 sustentante:
749 808 831 861 vix
870 807 1011 861 enim
1044 806 1151 869 ille,
1181 821 1242 859 ac
1278 821 1344 859 ne
1372 804 1459 857 vix
1488 803 1721 873 quidem,
1746 803 1797 855 in
1823 810 1932 854 tam

358 917 538 969 aspera
580 901 835 952 momium
876 900 959 953 via
1010 899 1111 952 iter
1160 913 1338 967 agere,
1369 897 1470 950 nisi
1515 904 1841 949 sustentatus
1880 902 1935 946 et

355 990 509 1055 quasi
534 1000 754 1052 tractus,
788 1000 1017 1059 poterat.
1049 991 1251 1043 Praeter
1282 990 1381 1043 has
1405 997 1581 1042 autem
1610 986 1935 1040 calamitates

354 1080 588 1133 instabat
619 1080 782 1133 febris
807 1122 820 1141 ,
858 1079 997 1133 haud
1027 1080 1191 1133 dubie
1238 1088 1389 1133 aucta
1433 1078 1664 1132 motibus
1699 1076 1936 1130 casibus—

351 1187 495 1241 que;
526 1174 747 1241 urgebat
779 1173 939 1226 etiam
968 1173 1316 1226 barbarorum
1344 1180 1516 1224 metus
1548 1187 1559 1221 :
1588 1185 1709 1223 nam
1741 1177 1934 1222 ecetera

352 1264 553 1330 onunia,
581 1280 700 1333 qu;e
749 1274 1019 1333 pnsll‘elnt)
1063 1263 1374 1318 Pharetrius
1411 1270 1594 1316 contra
1638 1260 1934 1316 Seleuciam

350 1354 739 1423 designaverat,
778 1357 1051 1425 ignorabat
1078 1356 1185 1410 ille.
1772 1414 1786 1434 .

422 1446 624 1500 Similia
653 1447 813 1500 multa
842 1448 1019 1517 gravia
1047 1457 1250 1501 tantum
1279 1446 1485 1501 itineris
1527 1459 1688 1516 agens
1720 1460 1936 1514 perpes-

350 1554 443 1592 sus
483 1552 563 1593 est
585 1582 599 1604 ,
634 1555 753 1609 quae
794 1539 1091 1610 Olympiadi
1135 1554 1239 1592 non
1287 1539 1562 1608 speciatim
1585 1579 1599 1603 ,
1628 1547 1685 1590 ut
1715 1538 1890 1605 priora
1918 1578 1932 1601 ,

352 1632 516 1686 refert
545 1649 558 1685 :
585 1644 837 1687 ca-terum
866 1633 1113 1687 obsecrat
1158 1632 1323 1696 illam,
1356 1642 1411 1685 ut
1438 1647 1499 1686 ea
1527 1646 1645 1700 qua:
1689 1629 1935 1698 superius

353 1734 643 1779 memorata
676 1734 797 1778 sunt
823 1725 1020 1778 nemini
1059 1725 1329 1786 enuntiet,
1356 1722 1451 1777 sed
1480 1721 1621 1791 apud
1643 1737 1702 1775 se
1732 1730 1931 1774 tantum

352 1817 641 1870 contineat.
672 1816 839 1869 Tanta
867 1830 997 1869 vero
1026 1824 1141 1869 erat
1172 1813 1537 1884 Chrysostomi
1586 1812 1721 1866 fama
1744 1854 1757 1877 ,
1790 1821 1934 1865 tanta

352 1907 419 1961 de
445 1906 634 1961 exsilio
662 1916 715 1961 et
753 1907 1006 1960 aerumnis
1051 1906 1150 1975 ipsi
1206 1906 1401 1973 injuste
1444 1905 1604 1958 illatis
1647 1903 1933 1957 commise-

354 2001 489 2054 ratio
512 2041 526 2064 ,
557 2010 613 2053 ut
641 2000 834 2068 ubique
864 2009 1039 2053 cmtus
1080 1997 1354 2051 hominum
1387 1997 1618 2065 cujusvis
1660 1994 1934 2064 dignitatis

354 2092 406 2144 in
436 2106 715 2144 occursum
742 2091 857 2161 ejus
883 2091 1207 2145 venientium
1248 2089 1492 2144 vidisses.
1525 2089 1623 2143 Ubi
1654 2098 1829 2142 autem
1878 2088 1931 2141 in

350 2180 741 2250 Cappadociam
772 2178 892 2232 etin
924 2178 1348 2244 Taurociliciam,
1372 2186 1600 2234 utvocat
1626 2178 1741 2246 ipse
1767 2175 1853 2231 (Τ.
1874 2177 1927 2231 5.

351 2289 396 2325 c.
425 2266 548 2326 685.
575 2272 613 2325 ι.
641 2269 754 2341 26),
787 2271 1052 2339 pervenit,
1083 2287 1276 2342 magno
1306 2274 1519 2341 agmine
1548 2271 1718 2325 sancti
1754 2279 1931 2339 patres

355 2369 410 2411 et
458 2360 701 2413 monachi
723 2401 737 2424 ,
768 2361 1104 2429 virginesque
1128 2361 1337 2415 obviam
1368 2360 1467 2429 ipsi
1495 2360 1777 2430 prodiere,
1808 2359 1931 2414 infi-

352 2454 515 2507 nitam
544 2453 905 2524 lacrymarum
934 2454 1043 2507 vim
1083 2451 1484 2522 profundentes.
1513 2452 1755 2522 Cumque
1784 2453 1929 2507 illum

353 2544 403 2597 in
431 2545 685 2598 exsilium
718 2556 933 2599 euntem
962 2553 1266 2610 cernerent,
1319 2545 1372 2598 in
1421 2543 1577 2598 fletus
1619 2559 1933 2613 prorumpe-

349 2637 498 2699 bant,
522 2637 603 2690 his
626 2646 810 2690 mutuo
837 2636 1018 2691 verbis
1052 2646 1261 2691 utentes
1297 2655 1309 2691 :
1336 2636 1515 2691 Satius
1547 2636 1733 2693 fuisset
1759 2638 1928 2692 solem

349 2726 528 2782 radios
559 2744 687 2782 suos
716 2728 1036 2783 contrahere
1060 2772 1074 2794 ,
1106 2745 1261 2799 quam
1304 2728 1526 2783 Joannis
1557 2744 1618 2783 os
1639 2729 1927 2783 conticere.

351 2821 665 2891 llujusmodi
689 2839 818 2877 vero
849 2824 1149 2892 spectacula
1177 2824 1345 2893 magis
1373 2824 1543 2893 ipsum
1568 2823 1851 2878 turbabant
1877 2834 1931 2878 et

347 2916 678 2982 cruciabant,
712 2932 870 2985 quam
898 2919 1027 2987 ipsa:
1054 2933 1307 2971 mrumnre
1332 2927 1387 2973 et
1412 2918 1764 2985 calamitates,
1796 2933 1929 2987 quas

346 3008 609 3060 constanti
649 3022 862 3076 semper
901 3010 1080 3062 animo
1118 3010 1354 3079 pertulit.
1383 3010 1620 3064 Tandem
1650 3025 1780 3065 vero
1817 3010 1928 3063 Cu-

345 3112 565 3162 cusum,
610 3100 788 3153 exsilii
846 3100 1021 3154 locum
1046 3143 1059 3164 ,
1094 3100 1329 3154 advenit.
1362 3101 1487 3155 Erat
1520 3117 1649 3155 vero
1687 3101 1927 3155 Cucusus

345 3205 567 3259 parvum
613 3202 774 3262 atque
818 3192 1240 3247 dcsertissimum
1270 3194 1545 3262 oppidum,
1571 3204 1625 3247 ut
1655 3208 1794 3263 saepe
1821 3210 1924 3247 s:e-

343 3282 463 3351 pius
499 3282 663 3337 refert
704 3285 817 3352 ipse
841 3284 1255 3357 Chrysostomus
1282 3327 1295 3349 ,
1326 3287 1379 3339 in
1428 3288 1682 3341 Armenia
1729 3286 1923 3340 minori

342 3375 545 3428 situm:
577 3374 791 3444 quidam
838 3392 967 3431 vero
1006 3378 1057 3430 in
1098 3377 1466 3447 Cappadocia,
1510 3378 1596 3431 alii
1647 3378 1697 3431 in
1742 3377 1923 3432 Cilicia

343 3467 551 3532 locant,
585 3470 833 3539 quoniam
882 3472 932 3524 in
962 3470 1149 3525 harum
1178 3473 1456 3542 regionum
1487 3472 1734 3527 confiniis
1764 3474 1921 3526 situm

340 3570 475 3615 erat.
500 3560 629 3614 Tam
657 3561 927 3616 desertum
956 3574 1134 3617 autem
1164 3564 1472 3633 oppidulum
1495 3573 1631 3631 erat,
1668 3575 1723 3618 ut
1751 3580 1923 3633 neque

339 3653 514 3707 forum
546 3655 811 3709 venalium
844 3656 1085 3710 haberet.

410 3747 633 3813 Quidam
674 3764 835 3818 porro
874 3749 954 3801 vir
991 3764 1055 3802 ex
1100 3747 1364 3817 primariis
1401 3747 1601 3817 oppidi,
1632 3748 1921 3801 Dioscorus

338 3842 576 3905 nomine,
606 3841 695 3910 qui
724 3841 982 3895 Joannem
1013 3850 1251 3895 nostrum
1279 3840 1519 3909 apprime
1546 3841 1916 3905 venerabatur,

340 3932 428 3985 ubi
455 3932 653 3986 audivit
682 3932 830 3984 illum
860 3930 1124 3986 Cucusum
1155 3932 1291 3984 mitti
1329 3932 1382 3984 in
1412 3932 1677 3997 exsilium,
1705 3942 1758 3985 et
1785 3930 1921 3985 istuc

339 4030 644 4092 pergentem
669 4037 845 4075 moras
874 4022 1125 4091 quasdam
1166 4022 1421 4077 Caesarea:
1453 4021 1625 4076 facere
1645 4062 1660 4086 ,
1694 4023 1782 4075 illo
1822 4023 1922 4075 mi-

336 4117 408 4171 sit
447 4126 685 4184 rogatum
725 4125 777 4169 et
819 4114 1183 4182 obsecratum,
1216 4131 1282 4169 ne
1318 4115 1551 4170 Joannes
1592 4117 1770 4170 domui
1809 4132 1919 4169 sua:

339 4200 562 4254 alteram
592 4197 904 4253 anteferret.
955 4199 1059 4252 Alii
1111 4214 1324 4269 quoque
1373 4200 1604 4270 idipsum
1638 4201 1915 4257 fecerant:

341 4306 524 4344 verum
558 4290 793 4343 Dioscori
821 4290 1038 4342 domum
1067 4291 1185 4346 aliis
1233 4292 1615 4361 perferendam
1648 4308 1766 4346 esse
1793 4308 1920 4347 cen-

339 4382 445 4437 suit
469 4382 905 4453 Chrysostomus,
929 4392 1089 4451 atque
1106 4383 1247 4451 apud
1283 4386 1425 4437 illum
1450 4385 1604 4439 sedes
1626 4384 1802 4453 posuit
1825 4384 1914 4457 (Τ-

331 4477 390 4529 5.
412 4494 455 4529 ε.
474 4477 599 4530 619..
620 4476 657 4528 ι.
676 4477 791 4535 47).
811 4476 979 4530 Tanta
999 4492 1125 4531 vero
1142 4478 1382 4547 largitate
1398 4494 1459 4530 ac
1478 4478 1795 4533 liberalitate
1812 4489 1917 4536 ute-

329 4569 493 4621 batur
530 4569 835 4635 Dioscorus,
871 4579 927 4623 ut
964 4584 1027 4623 ea
1070 4569 1137 4624 de
1177 4586 1333 4623 causa
1374 4581 1627 4641 perpetuo
1665 4588 1784 4626 cum
1827 4572 1917 4625 illo

334 4667 554 4713 sanctus
595 4670 777 4714 noster
813 4660 1195 4729 expostularet.
1236 4661 1305 4716 Ut
1334 4678 1459 4716 vero
1502 4664 1657 4717 latius
1687 4665 1914 4733 spatium

335 4752 722 4823 Chrysostomo
768 4753 1095 4823 relinqueret
1136 4771 1199 4809 ex
1244 4756 1447 4810 :edibus
1486 4758 1597 4811 suis
1640 4759 1692 4811 in
1737 4758 1913 4811 villam

336 4846 580 4914 migravit
638 4865 649 4898 :
703 4851 829 4915 quin
872 4846 1030 4900 etiam
1075 4847 1289 4900 domum
1336 4848 1432 4915 ipsi
1476 4848 1541 4902 ad
1588 4850 1913 4903 tolerandam

336 4937 564 4992 hiemem
608 4938 853 4992 idoneam
881 4941 1179 4993 construxit
1206 4957 1218 4992 :
1250 4951 1408 5010 atque
1440 4941 1511 4995 ita
1540 4957 1786 5012 magnum
1818 4944 1911 4998 bc-

335 5031 580 5085 nclieimu
611 5046 802 5099 magno
824 5032 1037 5085 cumulo
1065 5033 1228 5085 auxit.

434 5124 816 5193 C/u'ysostomus
860 5123 1109 5177 Cucusum
1147 5126 1309 5179 exsilii
1350 5125 1513 5179 locum
1563 5128 1803 5196 pervenit.
1842 5158 1913 5167 ~—

337 5218 465 5273 Cum
493 5219 758 5272 Cucusum
781 5218 1013 5285 advenit,
1047 5221 1358 5289 gravissimo
1386 5221 1650 5275 laborarat
1680 5222 1864 5274 morbo
1896 5240 1908 5275 :

334 5325 362 5362 a
395 5310 580 5364 diebus
622 5311 762 5364 enim
796 5312 914 5380 plus
953 5327 1110 5381 quam
1144 5313 1353 5381 triginta
1382 5312 1749 5367 ardentissima
1780 5313 1911 5367 febri

335 5402 689 5467 cruciabatur,
708 5403 928 5473 aliisque
945 5404 1203 5459 stomachi
1225 5403 1618 5459 infirmitatibus
1639 5405 1908 5459 maximis:

335 5510 452 5563 quae
482 5495 615 5547 mala
640 5496 776 5547 hami
801 5495 959 5551 dubie
992 5497 1120 5550 tanti
1149 5497 1350 5551 itineris
1387 5498 1663 5561 molestia},
1690 5498 1913 5566 alizeque

335 5603 499 5656 curre,
531 5590 933 5653 sollicitudines,
966 5590 1267 5644 Isaurorum
1299 5601 1490 5655 metus,
1519 5599 1677 5659 atque
1709 5590 1913 5643 incom-

335 5682 491 5737 moda
513 5681 656 5735 varia
682 5690 1014 5752 pepererant.
1045 5682 1326 5751 Postquam
1353 5698 1481 5735 vero
1508 5681 1770 5735 Cucusum
1794 5695 1913 5749 per-

337 5778 506 5835 venit,
535 5775 623 5831 ubi
652 5791 771 5829 cum
800 5784 942 5828 tanta
971 5774 1298 5829 humanitate
1322 5783 1576 5844 exceptus
1603 5774 1698 5827 fuit
1718 5813 1731 5837 ,
1765 5772 1911 5829 brevi

332 5866 581 5922 morbum
609 5884 820 5925 omnem
850 5867 1115 5937 deposuit,
1150 5869 1220 5923 ita
1248 5875 1305 5922 ut
1334 5868 1492 5924 etiam
1529 5868 1732 5936 integra
1759 5865 1905 5920 vale-

1519 408 1700 466 NUNC
1740 406 2001 464 PRIMUM
2039 407 2443 467 ADOR‘KATA;

3519 418 3622 474 226

2046 523 2229 577 tudine
2258 523 2539 579 frueretur.
2570 524 2685 582 Non
2725 527 2882 582 modo
2922 537 3098 584 autem
3131 527 3437 597 Dioscorus,
3481 538 3620 605 apud

2041 631 2197 685 quem
2228 616 2615 683 diversabatur,
2655 620 2882 675 ubertim
2924 623 2997 677 illi
3038 626 3214 679 omnia
3246 628 3620 686 subministra-

2040 707 2151 775 bat,
2196 710 2288 765 sed
2327 712 2485 765 etiam
2532 714 2770 783 plerique
2811 714 2897 769 alii
2935 729 3307 785 procuratores
3346 731 3401 776 et
3442 739 3620 779 rerum

2041 801 2525 868 administratores,
2565 804 2709 858 heris
2751 805 2801 859 id
2844 822 2939 875 per
2985 807 3165 862 literas
3210 811 3617 881 imperantibus,

2042 891 2268 947 subinde
2289 892 2435 947 illum
2458 894 2673 949 adibant
2693 896 2757 949 ad
2780 898 2950 951 officia
2976 902 3176 968 quaevis
3208 906 3504 971 prmstanda
3529 922 3622 975 pa-

2043 985 2143 1036 rati
2172 1000 2185 1035 :
2216 984 2358 1052 quod
2384 986 2674 1038 amicorum
2712 988 3002 1043 subsidium
3032 1006 3217 1046 omnes
3246 1010 3380 1062 pene
3417 997 3622 1051 abster-

2041 1075 2198 1146 gcbat
2224 1077 2394 1130 exsilii
2422 1079 2711 1133 molestias.

2111 1166 2347 1221 Cucusus
2376 1170 2474 1222 etsi
2500 1184 2602 1222 non
2625 1171 2855 1239 amplum
2878 1173 3128 1242 oppidum
3152 1187 3287 1244 erat,
3310 1178 3618 1250 episcopum

2042 1264 2219 1311 tamen
2259 1258 2507 1325 habebat,
2540 1261 2628 1329 qui
2655 1260 3090 1332 Chrysostomum
3128 1283 3247 1322 cum
3288 1272 3431 1325 omni
3472 1273 3622 1327 beni-

2041 1348 2242 1417 gnitate
2267 1351 2493 1419 excepit,
2525 1366 2698 1421 exque
2731 1355 2859 1407 tanti
2890 1357 2988 1409 viri
3028 1360 3420 1417 existimatione
3448 1374 3498 1417 et
3538 1382 3624 1419 re-

2041 1442 2277 1496 verentia
2306 1457 2370 1495 eo
2393 1458 2558 1512 usque
2582 1447 2864 1513 processit,
2881 1454 2938 1500 ut
2963 1448 3318 1519 episc0palem
3344 1454 3417 1507 illi
3440 1457 3620 1509 sedem

2041 1533 2233 1588 cedere
2265 1535 2511 1589 voluerit.
2543 1535 2740 1591 Verum
2772 1537 3180 1610 Chrysostomus
3223 1559 3251 1596 a
3282 1545 3371 1599 tali
3401 1562 3623 1601 munere

2041 1626 2381 1695 suscipiendo
2436 1628 2592 1697 longe
2643 1630 2846 1685 aberat.
2904 1632 3105 1687 Eodem
3158 1634 3272 1704 ipso
3334 1637 3461 1702 die,
3515 1654 3622 1708 quo

2042 1727 2255 1770 sanctus
2318 1718 2400 1770 vir
2456 1716 2718 1773 Cucusum
2780 1720 3036 1788 advenit,
3093 1724 3259 1779 adfuit
3316 1728 3413 1796 ipsi
3464 1728 3620 1783 Sabi-

2040 1810 2196 1862 niana
2223 1810 2519 1865 diaconissa
2544 1855 2556 1876 ,
2595 1824 2869 1869 senectute
2904 1817 3117 1885 quidem
3155 1829 3208 1873 et
3243 1822 3494 1877 aerumnis
3526 1838 3621 1893 pe-

2041 1917 2107 1955 ne
2143 1902 2349 1965 obruta,
2392 1904 2485 1957 sed
2546 1914 2687 1959 tanta
2745 1907 2905 1961 animi
2946 1909 3218 1965 alacritate
3246 1953 3259 1975 ,
3300 1922 3446 1967 tanto
3493 1932 3621 1987 erga

2039 1992 2478 2064 Chrysostomum
2514 1996 2704 2051 affectu
2746 2000 2964 2066 prmdita
2986 2043 2999 2065 ,
3030 2011 3088 2055 ut
3121 2018 3180 2057 se
3226 2015 3459 2074 paratam
3500 2023 3622 2062 esse

2038 2083 2240 2139 diceret
2282 2086 2440 2139 etiam
2479 2088 2531 2140 in
2568 2088 2835 2159 Scythiam
2882 2094 3145 2159 proficisci
3190 2114 3203 2149 :
3249 2112 3432 2151 rumor
3475 2098 3617 2153 enim

2038 2184 2154 2231 erat
2182 2178 2619 2248 Cbrysostomum
2651 2183 2739 2234 illo
2768 2185 3157 2240 amandandum
3196 2204 3335 2243 esse.
3370 2190 3456 2243 Illa
3494 2207 3621 2246 vero

2037 2270 2273 2338 cognatis
2300 2272 2543 2325 omnibus
2568 2274 2783 2340 relictis,
2806 2277 2974 2344 ipsum
3001 2278 3192 2348 ubique
3213 2281 3361 2350 sequi
3389 2282 3622 2337 destina-

2035 2370 2184 2415 verat
2207 2379 2219 2414 :
2237 2372 2559 2432 quapropter
2572 2364 2638 2419 ab
2654 2367 2898 2420 omnibus
2912 2367 3166 2424 Ecclesia:
3187 2372 3414 2426 alumnis
3432 2390 3620 2442 magno

2036 2466 2156 2505 cum
2192 2452 2384 2507 affectu
2412 2455 2793 2523 excipiebatur.
2838 2458 2991 2512 Putat
3030 2469 3209 2515 autem
3251 2462 3619 2519 Tillemontius

2035 2558 2151 2597 eam
2189 2544 2355 2613 ipsam
2387 2546 2727 2601 Sabinianam
2759 2564 2878 2604 esse
2904 2550 3146 2607 fortassis
3167 2596 3181 2619 ,
3214 2570 3372 2623 quam
3401 2557 3616 2611 amitam

2035 2635 2403 2707 Chrysostomi
2432 2638 2595 2696 fuisse
2628 2651 2810 2697 narrat
2837 2643 3105 2700 Palladius
3131 2646 3183 2700 in
3228 2646 3448 2703 historia
3477 2648 3589 2704 Lau

2033 2724 2201 2794 διερῇ(
2218 2722 2276 2775 Τ.
2299 2726 2350 2779 5.
2373 2728 2469 2780 col.
2495 2728 2615 2782 611.
2645 2725 2682 2779 ι.
2710 2725 2777 2781 59
2796 2737 2842 2780 et
2861 2729 2992 2795 sqq.)

2105 2818 2424 2875 Constantius
2461 2822 2717 2893 presbyter
2762 2824 3173 2896 Clirysostomum
3210 2831 3336 2883 adit.
3366 2861 3437 2870 —
3472 2831 3608 2886 Cone

2027 2916 2262 2967 stantius
2288 2928 2417 2967 vero
2447 2916 2745 2985 presbvter,
2777 2919 2864 2987 qui
2896 2920 3261 2991 Chrysostomi
3293 2924 3486 2993 ubique
3526 2942 3607 2981 se-

2031 3004 2227 3068 quendi
2265 3004 2553 3074 cupiditate
2594 3006 2872 3077 flagrabat,
2911 3010 3019 3080 jam
3065 3014 3133 3066 ab
3175 3014 3263 3068 illo
3312 3015 3613 3073 facultatem

2034 3110 2128 3166 per
2164 3098 2342 3152 literas
2387 3100 2614 3168 petierat
2652 3102 2913 3156 Cucusum
2960 3106 3226 3167 veniendi.
3272 3120 3325 3161 ut
3369 3111 3511 3165 illum
3543 3113 3615 3167 ibi

2031 3198 2385 3256 exspectaret,
2409 3200 2462 3243 et
2497 3193 2645 3245 lateri
2683 3193 2796 3261 ejus
2823 3210 3035 3264 semper
3066 3198 3310 3252 mereret.
3345 3201 3450 3255 Sed
3491 3213 3615 3273 post

2028 3278 2393 3348 Chrysostomi
2422 3282 2705 3336 adventum
2729 3284 2991 3339 Cucusum
3020 3303 3083 3341 eo
3112 3304 3170 3341 se
3200 3293 3490 3348 contulisse
3511 3310 3609 3364 pu-

2030 3379 2191 3423 tatur.
2222 3372 2408 3425 Omnia
2439 3384 2585 3427 certe
2615 3375 2679 3428 ad
2711 3386 2896 3430 nutum
2928 3378 3025 3446 ipsi
3058 3382 3449 3450 succedebant,
3483 3402 3604 3441 cum

2028 3476 2214 3516 omnes
2236 3462 2286 3516 in
2313 3472 2418 3517 tota
2448 3465 2644 3518 circum
2677 3467 2892 3534 regione
2913 3468 3095 3522 solatia
3123 3472 3335 3536 afferre,
3361 3484 3413 3527 et
3437 3474 3611 3529 ofﬁcia

2028 3554 2335 3624 impendere
2379 3565 2648 3611 curarent.
2698 3558 3034 3628 Quapropter
3070 3564 3254 3616 amicis
3293 3566 3607 3633 quibusdam

2028 3644 2217 3713 (Epist.
2240 3646 2361 3716 146)
2392 3661 2452 3700 ea
2478 3647 2627 3701 de're
2652 3648 2729 3703 sic
2750 3650 3060 3717 loquebatur
3083 3671 3095 3705 :
3128 3652 3194 3707 Ut
3222 3671 3386 3707 rerum
3412 3669 3611 3710 nostra-

2025 3756 2139 3791 rum
2173 3748 2308 3791 statu
2351 3741 2548 3810 cognito
2592 3741 2855 3808 lwtemini,
2898 3744 3087 3813 ingenti
3128 3746 3289 3814 quiete
3326 3759 3472 3815 atque
3511 3751 3611 3805 otio

2025 3831 2244 3900 fruimur
2272 3850 2293 3884 :
2321 3848 2597 3901 corpusque
2623 3841 2867 3899 nostrum,
2896 3836 2988 3887 etsi
3024 3836 3181 3888 multa
3215 3849 3328 3890 sum
3363 3856 3475 3909 qua:
3500 3841 3610 3910 ejus

2024 3924 2359 3978 valetudinem
2381 3925 2703 3993 labefactent,
2729 3928 2851 3979 satis
2867 3930 3125 3981 commode
3145 3946 3196 3983 se
3222 3930 3385 3983 liabet.
3408 3931 3609 3985 Etiam-

2024 4018 2069 4069 si
2108 4018 2237 4070 ettint
2276 4018 2405 4070 nihil
2445 4018 2647 4083 venale,
2699 4029 2745 4071 et
2783 4020 3142 4073 medicamenta
3171 4022 3312 4075 nulla
3359 4024 3438 4077 hic
3474 4025 3573 4077 sint
3592 4042 3611 4089 ,'

2024 4110 2219 4163 etiamsi
2250 4110 2363 4163 mali
2400 4110 2715 4179 intemperies
2742 4120 2966 4164 (estatem
2996 4129 3094 4165 non
3120 4113 3284 4167 minus
3321 4132 3471 4185 quam
3500 4116 3599 4168 Ilie-

2023 4216 2152 4253 mem
2180 4200 2437 4253 molestam
2468 4200 2699 4262 reddant,
2726 4202 2836 4253 licet
2861 4202 3027 4271 gravis
3057 4211 3102 4255 et
3128 4212 3366 4273 perpetua
3391 4205 3599 4262 obsidio,

2023 4293 2305 4361 frequentes
2348 4310 2524 4361 nempe
2561 4291 2855 4345 Isaurorum
2893 4295 3221 4357 incursiones,
3256 4309 3441 4349 metum
3480 4299 3600 4367 infw

2021 4395 2156 4449 rant,
2198 4386 2397 4454 aliaque
2433 4386 2607 4453 gravia
2648 4384 2900 4448 accidant,
2939 4402 3071 4437 nunc
3108 4397 3273 4439 tamen
3311 4404 3342 4439 a
3379 4389 3604 4457 graviore

2022 4479 2247 4546 periculo
2276 4492 2425 4547 atque
2443 4496 2473 4529 a
2500 4477 2668 4530 morbo
2694 4478 2886 4530 liberati
2915 4494 3109 4531 sumus.

2094 4568 2352 4643 Epistolas
2382 4569 2564 4621 utullus
2594 4569 2763 4621 scribit
2793 4568 3180 4639 Chrysostomus
3199 4612 3210 4631 ,
3240 4581 3285 4623 et
3316 4573 3499 4625 multas
3528 4590 3580 4625 re

2020 4664 2239 4732 cipit.—
2257 4662 2311 4715 ln
2342 4662 2567 4731 epistola
2594 4677 2721 4715 vero
2743 4662 2945 4715 decima
2970 4662 3121 4714 tertia
3149 4663 3212 4714 ad
3236 4663 3607 4733 Olympiadem

2020 4754 2093 4806 ait
2126 4755 2210 4807 ille
2243 4769 2322 4816 se,
2354 4753 2515 4806 biduo
2547 4763 2822 4821 postquam
2850 4751 3115 4807 Cucusum
3148 4754 3459 4819 advenerat,
3494 4770 3581 4807 mo

2019 4847 2225 4901 lestiam
2254 4862 2465 4899 omnem
2506 4862 2570 4900 ex
2604 4855 2749 4899 tanto
2779 4846 2967 4900 itinere
3006 4858 3211 4915 partam
3253 4847 3602 4916 deposuisse,

2020 4950 2077 4995 et
2101 4940 2209 5008 jam
2240 4938 2379 4993 bene
2417 4939 2613 4992 valere.
2645 4938 2776 5004 Quia
2807 4954 2935 4991 vero
2971 4954 3075 4991 non
3111 4939 3259 5005 pauci
3305 4948 3428 4991 tunc
3465 4937 3604 4991 Con-

2020 5031 2364 5100 stantinopoli
2404 5040 2558 5085 erant
2604 5029 2970 5101 Chrysostomi
3020 5031 3198 5093 amici,
3246 5030 3334 5101 qui
3388 5030 3438 5083 in
3478 5031 3602 5083 aula

2022 5123 2363 5194 Imperatoris
2387 5123 2676 5193 impetrare
2698 5120 2977 5183 curabant,
3009 5131 3063 5173 ut
3090 5121 3239 5173 locus
3262 5122 3431 5173 exsilii
3463 5121 3600 5174 assi-

2019 5226 2273 5285 gnaretur
2307 5216 2392 5270 vel
2435 5216 2681 5279 vicinior,
2712 5214 2794 5268 vel
2832 5213 3195 5277 commodior;
3234 5212 3603 5281 Olympiadem

2020 5319 2201 5363 monet
2230 5318 2281 5360 ut
2313 5323 2431 5360 cum
2462 5308 2567 5361 illis
2595 5308 2664 5359 ita
2690 5322 2799 5360 rem
2823 5305 3108 5374 prudenter
3128 5314 3267 5373 agat,
3293 5315 3349 5358 ut
3378 5306 3419 5357 si
3450 5305 3601 5361 illum

2020 5404 2072 5457 in
2098 5405 2268 5457 locum
2289 5400 2751 5468 Constantinopoli
2780 5400 2865 5452 vel
2891 5398 3079 5453 eodem
3108 5398 3188 5451 vel
3218 5398 3403 5467 majori
3431 5398 3604 5465 Spatio

2019 5495 2302 5549 distantem
2335 5494 2519 5547 adduci
2551 5493 2767 5555 vellent,
2798 5492 2848 5544 id
2877 5508 2942 5545 ne
2971 5491 3278 5544 admitteret
3306 5507 3319 5554 ;
3348 5490 3391 5543 si
3423 5502 3602 5545 autem

2018 5588 2103 5642 vel
2129 5587 2403 5658 Cyzicum,
2433 5586 2516 5639 vel
2547 5587 2769 5638 alteram
2802 5585 2987 5639 urbem
3021 5601 3124 5638 non
3164 5585 3346 5653 procul
3376 5600 3403 5636 a
3446 5584 3604 5638 Nico-

2019 5681 2194 5735 media
2216 5680 2501 5735 distantem
2529 5677 2812 5747 impetrare
2832 5687 3073 5748 possent,
3104 5694 3291 5737 manus
3320 5678 3406 5730 illa
3430 5678 3601 5732 daret.

2020 5771 2227 5825 Brisoni
2258 5785 2467 5839 quoque
2497 5770 2710 5837 scripsit
2737 5770 2909 5823 amico
2943 5768 3070 5839 (Ep.
3102 5768 3253 5839 254),
3281 5768 3517 5839 dicitque
3537 5782 3607 5826 se

2022 5874 2141 5922 eost
2170 5880 2442 5920 emensum
2475 5862 2806 5934 septuaginta
2836 5861 3007 5919 ferme
3035 5862 3242 5919 dierum
3272 5861 3392 5929 iter,
3420 5860 3606 5917 Cucu-
