4096 6392
457 367 562 425 227

459 503 576 542 sum
612 485 826 540 tandem
873 481 1171 548 advenisse,
1214 480 1596 548 iunumeraque
1635 477 1772 532 mala
1812 490 2026 546 passum

457 592 599 644 esse,
630 585 741 630 tum
778 588 844 628 ex
874 572 1179 629 Isaurorum
1221 579 1368 625 metu
1388 611 1403 636 ,
1436 578 1546 622 tum
1575 583 1642 623 ex
1684 565 2032 622 intolerandis

458 667 713 722 febribus.
735 663 941 720 Obnixe
970 671 1120 732 rogat
1139 671 1338 723 autem,
1363 669 1419 716 ut
1447 661 1545 714 sibi
1574 659 1786 714 assidue
1814 658 2031 723 scribat,

459 757 602 814 haud
641 757 759 812 leve
795 755 1042 809 solatium
1072 769 1138 810 ex
1168 753 1284 823 ejus
1325 752 1493 806 literis
1529 759 1864 821 percepturo.
1900 749 2033 816 Quia

459 865 588 906 vero
626 864 693 904 ex
717 863 941 904 numero
969 862 1152 902 eorum
1183 857 1300 901 erat
1337 845 1519 910 Briso,
1552 845 1640 914 qui
1668 845 1829 899 alium
1859 843 2031 900 exsilii

456 941 634 996 locum
657 940 1012 1010 postulabant,
1040 947 1099 992 ut
1119 953 1186 993 ne
1217 937 1268 992 id
1298 937 1525 1007 amplius
1553 947 1723 1000 curet,
1747 934 2030 990 admonet:

458 1048 582 1087 nam
606 1047 666 1088 se
690 1047 750 1087 re
777 1032 1013 1086 omnium
1039 1029 1371 1100 gravissima,
1401 1030 1501 1083 via:
1530 1044 1723 1098 nempe
1750 1014 2030 1090 molestiis,

453 1123 566 1193 jam
608 1122 940 1192 perfunctum
989 1136 1129 1175 esse.
1179 1120 1293 1175 Non
1342 1121 1664 1174 scribentem
1709 1129 1884 1174 autem
1932 1117 2034 1172 sibi

456 1213 735 1268 Brisonem
766 1213 819 1266 in
846 1212 946 1265 alia
970 1213 1195 1280 epistola
1217 1209 1356 1266 haud
1387 1211 1574 1266 leviter
1593 1209 1856 1279 objurgat.

528 1304 675 1358 Alias
695 1318 905 1373 quoque
931 1311 1052 1372 post
1077 1301 1359 1356 adventum
1382 1298 1646 1356 Cucusum
1667 1301 1846 1355 literas
1867 1299 2032 1366 misit,

461 1397 676 1452 Pacuuio
724 1411 918 1464 nempe
957 1395 1058 1450 sibi
1105 1395 1451 1460 amicissimo,
1503 1394 1742 1450 Gemello
1790 1392 1936 1465 (194)
1983 1403 2037 1447 et

464 1489 621 1543 Aetio
651 1487 796 1558 (I96)
829 1507 841 1541 :
873 1487 1167 1543 Gemellum
1199 1502 1324 1543 vero
1353 1487 1535 1542 laudat
1571 1503 1600 1542 a
1639 1486 1975 1550 fortitudine,
2006 1501 2035 1540 a

462 1581 714 1652 loquendi
755 1581 1030 1643 libertate,
1072 1595 1101 1632 a
1156 1580 1360 1633 sincera
1407 1579 1794 1634 benevolentia.
1837 1577 1895 1632 In
1933 1574 2036 1631 alta

458 1688 587 1730 qtero
617 1672 869 1746 epistola,
898 1687 1018 1727 cum
1045 1671 1318 1727 Gemellus
1353 1685 1381 1723 a
1413 1670 1726 1738 quibusdam
1753 1668 1878 1722 dira
1911 1683 2035 1738 per-

458 1778 648 1836 pessus
691 1777 845 1816 sacro
889 1777 948 1816 se
1000 1761 1211 1815 lavacro
1268 1760 1474 1830 tingere
1526 1759 1735 1824 vellet,
1795 1758 2038 1814 laudibus

459 1855 670 1909 extollit
707 1853 854 1909 illum
892 1851 1308 1924 Chrysostomus
1334 1853 1400 1907 ab
1434 1852 1597 1906 animi
1638 1850 1954 1914 constantia,
1983 1859 2039 1905 et

461 1955 520 1999 ut
555 1943 945 2015 quamprimum
975 1957 1096 1997 sese
1135 1956 1286 1996 saera
1320 1941 1651 2010 baptismatis
1692 1940 1831 1994 unda
1861 1940 2040 1994 abluat

461 2035 726 2089 hortatur.
758 2034 892 2089 Cum
921 2033 1157 2089 audisset
1181 2042 1361 2088 autem
1397 2031 1692 2090 Gemellum
1717 2032 1783 2086 ad
1807 2032 2038 2101 aliquem

459 2126 825 2195 magistratum
854 2133 1094 2178 evectum
1125 2123 1287 2178 fuisse
1306 2168 1318 2188 ,
1351 2139 1413 2179 ea
1437 2124 1504 2178 de
1531 2139 1593 2179 re
1621 2124 1720 2193 ipsi
1747 2124 2041 2194 gratulatur

459 2219 513 2272 in
541 2218 645 2272 alia
673 2217 899 2287 epistola
927 2217 1098 2289 (124);
1117 2218 1358 2287 queritur
1390 2231 1518 2271 vero
1548 2225 1729 2285 postea
1760 2215 1885 2287 (Ep.
1921 2215 2036 2286 79),

459 2309 600 2379 quod
627 2309 694 2364 ad
721 2309 825 2364 tale
853 2323 1045 2363 munus
1065 2316 1389 2377 assumptus,
1409 2308 1509 2363 sibi
1542 2323 1646 2363 non
1676 2307 2032 2376 rescripserit.

459 2399 704 2456 Nescitur
727 2407 903 2454 autem
928 2409 1105 2454 utrum
1125 2398 1388 2454 Cucusum
1411 2400 1519 2467 jam
1543 2399 1842 2467 pervenerit
1873 2396 1956 2468 (T.
1983 2399 2037 2453 ὅ.

463 2502 513 2544 ο.
541 2489 665 2546 546.
703 2498 749 2542 et
774 2488 878 2559 Ep.
901 2488 1050 2559 HS),
1072 2488 1284 2559 quando
1313 2489 1563 2557 epistolas
1582 2491 1715 2542 duas
1741 2489 1954 2557 scripsit
1973 2489 2038 2542 ad

460 2579 739 2649 episcopos
763 2588 816 2634 et
837 2579 1175 2648 presbyteros
1205 2580 1412 2648 pietatis
1439 2595 1596 2634 causa
1626 2580 1677 2634 in
1707 2595 1922 2635 carcere
1953 2581 2036 2634 in-

458 2671 654 2735 clusos,
680 2686 812 2740 quos
847 2671 912 2725 ad
949 2673 1256 2741 patientiam
1284 2673 1543 2733 hortatur.
1576 2674 1861 2743 repositam
1896 2687 2037 2728 teru-

457 2762 598 2817 mnis
640 2762 829 2816 talibus
862 2777 1113 2816 coronam
1153 2775 1596 2825 commemorans,
1635 2762 1793 2831 idque
1830 2763 2039 2831 egregie

457 2850 512 2905 in
561 2851 729 2920 prima
772 2851 1064 2920 praesertim
1112 2852 1353 2921 epistola.
1400 2851 1617 2922 Polybio
1661 2851 1786 2905 item
1829 2854 2040 2922 scripsit

459 2952 588 3000 tunc
626 2931 1086 3014 Constantinopoli
1115 2944 1368 3008 versanti,
1409 2957 1472 2998 ac
1514 2943 1580 2999 de
1620 2942 1918 3000 Isaurorum
1960 2945 2040 2997 in-

461 3034 800 3090 cursionibus
825 3033 986 3089 verba
1016 3033 1140 3089 facit
1169 3033 1296 3104 (Ep.
1323 3033 1468 3106 145),
1499 3035 1584 3104 qui
1608 3033 1871 3089 Cucusum
1901 3051 2037 3107 pene

460 3125 738 3181 obsessum
776 3125 1046 3193 tenebant,
1073 3135 1127 3180 et
1153 3125 1344 3180 famem
1387 3127 1439 3180 in
1470 3127 1738 3197 regionem
1770 3127 1911 3182 illam
1953 3128 2036 3181 in-

456 3214 738 3271 duxerant.
758 3217 923 3270 Aliam
941 3231 1151 3286 quoque
1167 3217 1385 3288 Polybio
1401 3217 1680 3288 epistolam
1702 3218 1844 3272 misit
1862 3218 2034 3288 (1527),

457 3319 511 3364 et
533 3309 745 3379 quidem
781 3309 973 3364 hiemis
1003 3319 1258 3379 tempore.
1287 3310 1354 3364 de
1382 3324 1484 3380 qua
1517 3307 1736 3365 inferius
1763 3322 1970 3381 agetur.

528 3401 596 3456 Iis
622 3402 803 3464 etiam,
830 3402 917 3471 qui
948 3416 1006 3455 se
1043 3399 1297 3456 Caesareae
1325 3400 1562 3456 ofﬁciose
1593 3412 1933 3471 exceperant,
1966 3403 2033 3456 li-

457 3503 600 3549 teras
623 3494 766 3548 misit
793 3494 811 3562 (
842 3493 1006 3562 Epist.
1035 3494 1150 3562 81).
1189 3493 1328 3547 Inter
1357 3509 1449 3548 eos
1486 3494 1800 3564 Hymnetius
1825 3495 2031 3549 emine-

459 3585 568 3648 bat,
609 3601 766 3656 quem
805 3586 1132 3640 medicorum
1170 3587 1458 3658 principem
1499 3595 1682 3653 vocat;
1710 3601 1938 3657 eumque
1976 3597 2034 3643 ut

456 3674 557 3730 sibi
594 3677 820 3730 amicum
853 3718 867 3740 ,
903 3677 1054 3745 cujus
1094 3686 1149 3730 et
1185 3677 1430 3730 amicitiae
1471 3687 1524 3731 et
1567 3679 1766 3747 peritiae
1806 3693 2030 3732 summa:

455 3767 747 3838 periculum
794 3767 1022 3832 fecerat,
1073 3768 1256 3822 videre
1301 3768 1584 3822 admodum
1637 3777 1886 3836 exoptat;
1933 3769 2030 3824 sed

454 3862 573 3932 quia
597 3861 896 3915 Isaurorum
924 3861 1251 3916 incursiones
1272 3861 1461 3916 Cucusi
1487 3860 1684 3914 aditum
1707 3861 2030 3917 interclude-

453 3951 600 4015 bant,
629 3951 678 4004 id
700 3951 878 4005 damni
909 3959 967 4005 ut
1011 3951 1283 4006 literarum
1313 3951 1610 4021 frequentia
1641 3953 1871 4016 sarciat,
1901 3969 2027 4022 pre-

451 4049 618 4095 catur.
653 4041 707 4094 ln
735 4041 835 4094 alia
862 4056 987 4095 vero
1016 4042 1234 4110 epistola
1265 4041 1378 4112 (58)
1413 4041 1690 4097 Seleucum
1717 4045 2024 4114 episc0pum

452 4132 551 4201 ipsi
579 4131 935 4197 commendat,
968 4133 1274 4202 gravissima
1307 4133 1439 4188 tussi
1477 4133 1803 4188 laborantem
1831 4134 2022 4205 (Epist.

452 4224 546 4293 37)
575 4241 586 4276 :
611 4223 699 4294 qui
726 4223 1001 4290 Seleucus,
1019 4224 1383 4296 Chrysostomi
1413 4224 1624 4279 videndi
1651 4225 1918 4282 desiderio
1943 4228 2022 4282 in-

449 4313 661 4381 ductus,
687 4313 950 4369 Cucusum
981 4315 1140 4380 venit,
1169 4323 1224 4370 et
1256 4316 1442 4370 tussim
1474 4325 1529 4370 et
1556 4317 1762 4370 itineris
1794 4317 2023 4373 difficul-

451 4411 610 4457 tatem
654 4413 710 4457 et
749 4403 976 4459 hiemem
1039 4421 1156 4473 qua:
1200 4406 1432 4460 instabat
1469 4405 1784 4474 despiciens.
1839 4407 2024 4463 Profe-

447 4501 626 4548 cturus
663 4502 837 4548 autem
884 4495 1200 4560 Caesaream,
1235 4495 1655 4565 Tranquillinum
1686 4499 2017 4568 episcopum,

445 4584 558 4654 qui,
587 4595 643 4639 ut
675 4601 740 4640 ex
767 4584 1129 4658 Chrysostomi
1168 4588 1323 4643 dictis
1353 4589 1610 4658 arguitur,
1648 4604 1812 4658 prope
1845 4591 2024 4645 Caesa-

445 4690 593 4730 ream
621 4676 774 4731 sedes
796 4676 1039 4744 habebat,
1071 4679 1300 4734 invisere
1327 4680 1510 4733 voluit.
1545 4680 1677 4734 Huic
1700 4697 1824 4736 vero
1845 4683 2022 4740 literas

443 4766 512 4822 ad
544 4766 958 4836 Tranquillinum
989 4767 1133 4822 dedit
1159 4768 1389 4823 Joannes
1419 4780 1621 4838 noster,
1650 4788 1807 4842 quem
1837 4773 2019 4828 horta-

441 4867 530 4912 tur
556 4867 612 4912 ut
638 4858 912 4913 Seleucum
943 4859 1168 4928 benigne
1194 4862 1440 4930 excipiat.
1468 4863 1862 4934 Tranquillinus
1889 4881 2020 4920 vero

443 4947 798 5019 Eupsychium
828 4948 894 5002 ad
915 4948 1349 5020 Chrysostomum
1380 4954 1620 5019 miserat,
1650 4957 1738 5024 qui
1769 4956 1834 5010 de
1859 4958 2017 5012 rebus

444 5037 685 5108 plurimis
719 5039 866 5093 illum
899 5039 1095 5096 laceret
1124 5043 1426 5098 certiorem.
1464 5046 1533 5098 At
1562 5046 1891 5118 Eupsychius
1929 5049 2018 5103 ille

441 5130 676 5185 nondum
711 5132 1018 5186 advenerat.
1060 5133 1313 5188 Hortatur
1336 5151 1463 5190 vero
1500 5137 1921 5208 Tranquillinum
1961 5150 2017 5194 ut

440 5237 501 5276 ea
524 5264 539 5288 ,
568 5238 686 5292 qua:
729 5225 828 5279 sibi
856 5224 1187 5296 Eupsychius
1216 5237 1523 5284 narraturus
1549 5240 1682 5297 erat,
1711 5248 1808 5303 per
1837 5233 2016 5289 literas

438 5315 664 5369 nunﬁeL

510 5407 675 5461 Paulo
697 5416 814 5476 post
844 5422 996 5463 suum
1025 5410 1076 5463 iu
1108 5413 1279 5467 exsilii
1303 5413 1474 5467 locum
1503 5413 1806 5483 adventum,
1833 5417 2013 5473 literas

437 5500 580 5554 misit
604 5500 668 5555 ad
691 5501 820 5554 alios
849 5517 952 5554 non
983 5518 1197 5572 paucos,
1223 5505 1312 5574 qui
1335 5505 1433 5559 sibi
1459 5507 1715 5562 Cresarea:
1738 5509 1818 5563 vel
1847 5511 2010 5565 bene-

437 5592 553 5646 ticia
582 5593 972 5661 prmstiterant,
1003 5595 1086 5650 vel
1122 5597 1366 5652 amicitia:
1407 5599 1629 5654 sincerae
1673 5603 1816 5670 signa
1846 5603 2009 5660 dede-

365 5679 374 5700 '
436 5692 577 5748 rant,
623 5684 688 5739 ad
741 5685 1032 5740 Firminum
1079 5703 1287 5757 nempe,
1333 5687 1662 5761 Cytherium,
1707 5693 2006 5760 Leontium,

422 5773 770 5835 Faustinum,
797 5775 1088 5833 Hclladium
1121 5789 1173 5834 et
1211 5778 1519 5845 Evethium;
1550 5803 1680 5856 quos
1703 5829 1715 5852 ,
1747 5798 1803 5839 ut
1843 5786 2001 5839 etiam

1507 362 1565 418 S.
1601 360 1876 420 JOANNIS
1911 356 2387 417 CHRYSOSTOMI
2426 362 2600 434 VITA,

3617 365 3720 421 9'18

2139 490 2276 546 pene
2297 477 2428 531 alios
2453 492 2640 533 omnes
2658 478 2858 533 amicos
2887 487 2940 534 et
2960 487 3135 542 notos,
3163 478 3425 545 hortatur,
3448 492 3508 536 ut
3526 497 3585 538 se
3613 483 3719 539 fre-

2138 577 2362 638 quenter
2401 569 2568 623 literis
2607 569 2867 623 solentur.
2896 570 3134 624 Carterio
3161 585 3392 641 quoque,
3435 572 3718 642 Cappado-

2138 661 2236 716 ciae
2264 662 2497 730 praesidi,
2533 663 2715 717 literas
2753 662 2900 734 (256)
2930 664 3074 717 misit
3105 663 3518 734 Chrysostomus
3539 707 3554 730 ,
3594 683 3718 737 gra-

2140 754 2344 823 tiasque
2374 753 2445 807 illi
2484 753 2610 823 egit,
2638 753 2779 824 quod
2815 755 3066 808 tumultus
3107 755 3391 820 sedaverit,
3425 765 3480 811 et
3506 774 3717 812 onmem

2141 843 2370 914 lapidem
2401 847 2643 911 moverit,
2677 855 2736 900 ut
2759 847 2870 915 ipse
2899 847 2949 898 in
2972 849 3261 902 securitate
3283 859 3605 903 versaretur.
3635 850 3723 904 Ait

2139 950 2267 989 vero
2313 951 2393 1002 se,
2436 936 2561 991 licet
2604 938 2655 989 in
2700 935 3066 990 desertissimo
3109 937 3244 1002 loco,
3278 938 3469 992 Cucusi
3509 956 3717 1008 nempe,

2141 1025 2440 1094 degentem,
2465 1027 2516 1080 in
2537 1027 2622 1080 illa
2643 1027 2928 1083 solitudine
2951 1035 3214 1098 tamquam
3240 1029 3288 1082 in
3319 1040 3471 1098 portu
3499 1033 3717 1097 versari,

2139 1133 2204 1173 ac
2246 1119 2417 1171 morbi
2465 1121 2833 1188 malorumque
2883 1119 3134 1188 reliquias
3188 1124 3384 1174 sensim
3431 1121 3716 1190 depellere.

2142 1209 2446 1265 Amicorum
2494 1209 2752 1278 siquidem
2800 1225 2895 1279 per
2936 1211 3119 1265 literas
3158 1213 3482 1266 consortium
3535 1228 3721 1269 omnes

2140 1298 2442 1366 abstergere
2471 1298 2746 1352 videbatur
2767 1299 2939 1353 exsilii
2968 1300 3256 1354 molestias.

2211 1390 2484 1460 Episcopis
2512 1393 2668 1447 etiam
2691 1393 2900 1462 scripsit
2927 1393 3116 1463 (Epist.
3148 1396 3238 1450 85.
3269 1395 3358 1451 86.
3390 1396 3480 1452 87.
3509 1397 3598 1452 88.
3626 1398 3717 1453 89.

2141 1481 2256 1552 90),
2288 1484 2374 1553 qui
2408 1499 2503 1550 pro
2525 1499 2621 1538 sua
2655 1495 2708 1540 et
2737 1485 2990 1540 Ecclesiae
3017 1502 3175 1541 causa
3213 1489 3441 1552 stabant,
3474 1489 3720 1544 nimirum

2143 1573 2324 1640 Lucio,
2354 1573 2505 1640 Mari,
2536 1575 2759 1646 Eulogio
2798 1578 2850 1630 in
2889 1577 3168 1632 Palaestina
3208 1581 3460 1649 episcopo
3482 1622 3498 1646 ,
3528 1581 3716 1636 Joanni

2141 1665 2605 1738 Jerosolymitano,
2636 1668 2936 1724 Theodosio
2964 1669 3418 1741 Scythopolitano,
3442 1681 3496 1726 et
3521 1673 3715 1744 Moysi;

2141 1771 2274 1827 quos
2305 1757 2546 1812 hortatur
2585 1769 2642 1813 ut
2682 1761 2733 1813 in
2777 1761 2963 1816 eadem
3001 1763 3161 1816 animi
3193 1762 3442 1819 firmitate
3473 1781 3720 1833 perseve-

2143 1857 2260 1902 rent
2293 1847 2536 1919 (Pallad.
2579 1849 3102 1923 Dialog.)Eulogium
3144 1869 3302 1918 vero,
3349 1855 3399 1908 in
3445 1855 3723 1911 Palzestiua

2143 1941 2470 2011 episcopum,
2499 1957 2836 2014 summopere
2856 1944 3114 2010 celebrat,
3139 1947 3230 2014 qui
3253 1947 3437 2015 quavis
3467 1949 3588 2002 tuba
3614 1949 3723 2002 cla-

2142 2032 2250 2087 rius
2288 2033 2426 2100 apud
2455 2048 2640 2088 omnes
2668 2034 2967 2092 Orientales
2997 2045 3052 2090 et
3088 2052 3244 2106 quam
3278 2038 3583 2108 longissime
3611 2040 3721 2093 dis-

2144 2124 2278 2178 sitos
2314 2124 2554 2180 homines
2590 2127 2667 2180 rei
2705 2128 2978 2182 veritatem
3020 2131 3398 2200 promulgaret.
3445 2133 3720 2203 Eulogium

2144 2223 2354 2280 tamen,
2407 2215 2666 2273 Caesarem
2714 2219 2765 2272 in
2812 2219 3090 2275 Palmstina
3130 2223 3474 2293 episcopum,
3523 2227 3724 2282 inducit

2143 2305 2429 2374 Palladius,
2453 2310 2603 2377 quasi
2626 2309 2906 2379 Theophili
2937 2313 3280 2368 Alexandrini
3315 2324 3487 2383 partes
3514 2326 3724 2371 sectan-

2143 2403 2250 2448 tem
2280 2403 2332 2450 et
2356 2410 2542 2464 aspera
2579 2414 2802 2468 quaeque
2847 2401 3173 2456 molientem.
3205 2404 3309 2459 Sed
3341 2406 3421 2460 vel
3459 2407 3596 2462 alius
3625 2409 3722 2462 Pa-
3770 2434 3775 2438 -

2146 2483 2654 2558 lzestinteepiscopus
2682 2489 2766 2543 hic
2788 2491 3037 2560 Eulogius
3063 2492 3244 2559 fuerit,
3273 2496 3354 2549 vel
3378 2500 3420 2550 si
3444 2497 3581 2552 idem
3611 2498 3722 2568 ipse

2142 2573 2231 2638 sit,
2266 2575 2317 2628 in
2345 2575 2619 2631 adversam
2655 2589 2854 2648 partem
2887 2592 3066 2650 poSIea
3101 2585 3372 2639 transiisse
3402 2596 3630 2657 oportet.

2213 2664 2295 2718 Ad
2333 2663 2655 2723 Theodorum
2697 2669 3106 2740 MOpsuestenum
3145 2675 3334 2729 scribit.
3356 2707 3427 2715 —
3452 2679 3496 2731 A-
3528 2680 3722 2734 teneris

2143 2756 2295 2810 annis
2346 2759 2575 2813 amicum
2628 2760 2853 2816 habebat
2900 2762 3312 2834 Chrysostomus
3358 2768 3716 2838 Theodorum,

2141 2846 2228 2914 qui
2272 2854 2398 2902 tunc
2443 2848 2780 2918 Mapsuestia:
2824 2853 3105 2922 episcopus
3151 2866 3286 2926 erat,
3335 2861 3573 2930 nihilque
3613 2877 3718 2917 non

2142 2937 2349 3008 agebat,
2383 2949 2439 2992 ut
2465 2939 2830 3011 Chrysostomi
2859 2959 3072 3000 causam
3102 2947 3414 3005 defenderet
3439 2967 3500 3006 ac
3527 2969 3718 3022 prepo-

2141 3039 2345 3097 gnaret.
2369 3030 2504 3086 Huic
2537 3033 2814 3103 epistolam
2842 3035 2987 3107 (“2)
3017 3039 3160 3093 misit
3192 3040 3622 3112 Chrysostomus,
3654 3046 3717 3100 il-

2143 3120 2282 3188 lique
2311 3129 2369 3176 ut
2389 3123 2496 3190 jam
2522 3125 2722 3193 pridem
2744 3136 2796 3181 et
2822 3127 2889 3182 ab
2921 3129 3070 3184 initio
3095 3131 3193 3185 sibi
3225 3142 3350 3186 noto
3371 3137 3568 3203 gratias
3588 3139 3713 3209 agit,

2142 3211 2487 3283 hortaturque
2511 3224 2565 3270 et
2593 3217 2838 3271 obsecrat
2859 3219 3007 3273 illum
3039 3231 3095 3274 ut
3119 3223 3363 3278 eamdem
3390 3241 3514 3296 erga
3542 3241 3599 3282 se
3624 3243 3715 3282 ca-

2143 3303 2347 3358 ritatem
2389 3315 2644 3376 perpetuo
2677 3309 2940 3379 vigentem
2976 3312 3220 3367 retineat.
3251 3313 3401 3369 Circa
3444 3316 3579 3372 hanc
3608 3321 3714 3389 epi-

2140 3396 2327 3448 stolam
2359 3397 2550 3467 aliquaa
2592 3398 2935 3470 insurgebant
2961 3401 3335 3471 difﬁcultates,
3365 3423 3497 3477 quas
3529 3409 3714 3464 videsis

2140 3485 2190 3538 iu
2221 3489 2358 3541 notis
2377 3488 2442 3541 ad
2470 3488 2624 3542 Tam.
2663 3492 2718 3556 5,
2735 3509 2783 3548 c.
2803 3493 2906 3548 668
2927 3501 2978 3546 et
2999 3492 3120 3554 669.
3142 3495 3261 3551 etin
3276 3496 3427 3551 Tom.
3449 3497 3502 3559 6,
3522 3497 3708 3552 c.5l'5.

2211 3578 2474 3646 Epistolas
2494 3580 2652 3632 etiam
2673 3579 2739 3632 ad
2768 3581 2900 3634 alios
2927 3583 3071 3635 misit
3091 3583 3392 3652 CPISCOPOS,
3414 3586 3712 3639 Anatolium

2137 3668 2356 3734 Adamn,
2403 3670 2648 3722 Rufinum
2691 3672 2815 3725 item
2858 3673 3199 3740 episcopum,
3247 3674 3401 3741 cujus
3440 3689 3568 3728 vero
3608 3675 3711 3729 luci

2138 3761 2387 3826 nescitur,
2411 3761 2476 3814 ad
2507 3759 2774 3816 Urbicium
2802 3772 2854 3815 et
2884 3761 3124 3827 Bassum,
3162 3764 3385 3832 perinde
3415 3765 3711 3833 ignotorum

2136 3849 2369 3903 locorum
2401 3851 2696 3920 episcopos,
2727 3851 2792 3904 ad
2815 3851 3168 3922 Porphyrium
3196 3854 3357 3907 Ithosi
3381 3857 3710 3924 episcopum.

2135 3941 2384 3994 Anatolio
2411 3941 2538 3996 dicit
2565 3942 2716 4013 (111)
2743 3958 2800 3997 se
2829 3945 3152 4012 comperisse
3183 3945 3354 4014 ipsum
3385 3962 3464 4011 se,
3493 3947 3614 4001 licet
3642 3947 3709 4003 de

2134 4033 2269 4086 faeie
2295 4032 2394 4088 sibi
2425 4049 2528 4088 non
2560 4045 2764 4098 notum,
2800 4035 3006 4090 ardenti
3038 4052 3220 4091 amore
3251 4041 3530 4108 prosequi,
3559 4051 3708 4110 opta-

2133 4141 2296 4194 reque
2324 4141 2663 4195 congressum
2700 4143 2878 4180 secum
2912 4143 2928 4178 :
2955 4128 3077 4195 quia
3117 4142 3245 4182 vero
3275 4129 3412 4182 nulla
3442 4146 3565 4198 spes
3587 4140 3706 4185 erat

2133 4217 2185 4270 id
2208 4218 2322 4271 fieri
2354 4234 2604 4288 umquam
2632 4233 2809 4288 posse,
2839 4217 3081 4273 hortatur
3111 4221 3255 4274 illum
3284 4232 3340 4275 ut
3363 4225 3708 4291 epistolarum

2132 4307 2426 4377 frequentia
2447 4324 2785 4378 congressum
2812 4309 3112 4378 hnjusmodi
3132 4325 3462 4381 compenset.
3487 4314 3705 4370 Bassum

2131 4397 2304 4471 (3l0),
2347 4415 2503 4468 quem
2543 4399 2994 4468 Constantinopoli
3037 4402 3265 4455 amicum
3309 4402 3587 4471 habuerat,
3629 4407 3708 4462 Ie-

2129 4492 2270 4546 niter
2290 4492 2550 4562 objurgat,
2574 4493 2711 4560 quod
2737 4509 2858 4546 eum
2883 4493 3016 4546 adeo
3034 4495 3238 4548 vicinus
3259 4505 3422 4562 esset,
3442 4513 3507 4552 ne
3524 4499 3704 4556 literas

2128 4583 2343 4652 quidem
2389 4583 2487 4636 sibi
2539 4584 2750 4637 mittere
2790 4583 3120 4652 dignaretur.
3169 4585 3519 4658 Porphyrium
3554 4605 3701 4656 vero,

2127 4690 2284 4742 quem
2325 4673 2486 4727 Rhesi
2519 4673 2822 4742 episcopum
2861 4674 3022 4728 fuisse
3054 4676 3182 4728 nihil
3218 4675 3328 4744 jam
3367 4677 3698 4744 dubitamus,

2127 4779 2222 4833 pro
2253 4779 2402 4818 more
2429 4765 2493 4817 ad
2522 4766 2703 4819 literas
2729 4765 2827 4818 sibi
2857 4764 3163 4834 frequenter
3196 4767 3484 4822 mittendas
3512 4769 3702 4823 cohor-

2129 4866 2285 4910 tatur.
2319 4859 2409 4912 llis
2436 4858 2697 4929 iungenda
2722 4857 2946 4927 epistola
2972 4859 3085 4930 (30)
3112 4859 3176 4913 ad
3207 4860 3476 4915 lleortium
3497 4864 3700 4932 episco-

2125 4966 2272 5021 pum,
2306 4951 2456 5018 cujus
2481 4950 2637 5005 sedes
2661 4965 2765 5004 non
2802 4951 2982 5018 procul
3013 4949 3219 5005 Cucuso
3244 4961 3376 5005 erat.
3406 4951 3454 5006 Is
3481 4955 3702 5008 intirmi-

2127 5051 2234 5097 tate
2272 5044 2511 5112 corporis
2556 5043 2870 5098 laborabat:
2915 5052 3109 5113 atque,
3141 5055 3197 5098 ut
3224 5061 3288 5099 ex
3331 5046 3697 5116 Chrysostomi

2122 5134 2278 5189 dictis
2316 5135 2462 5204 argui
2507 5135 2734 5202 videtur,
2779 5135 3024 5190 lleortius
3069 5137 3270 5191 amicus
3316 5139 3552 5193 scribere
3599 5141 3698 5195 sibi

2122 5229 2344 5289 solebat,
2387 5227 2526 5295 quod
2574 5235 2750 5283 tamen
2793 5229 3013 5282 adversa
3058 5229 3359 5283 valetudine
3410 5231 3695 5298 laboraret,

2122 5336 2228 5373 non
2260 5321 2326 5372 ah
2355 5321 2444 5372 illo
2464 5321 2740 5374 didicerat.
2780 5320 2963 5374 Verum
2983 5322 3121 5389 quia,
3155 5322 3323 5390 inquit
3345 5322 3452 5388 ille,
3486 5323 3696 5376 tabella-

2120 5415 2308 5466 riorum
2340 5413 2551 5482 fortasse
2580 5414 2788 5481 penuria
2815 5430 2915 5466 non
2951 5414 3145 5477 scribis,
3174 5414 3287 5466 ideo
3325 5415 3578 5478 homines,
3611 5418 3697 5485 qui

2120 5506 2186 5558 ad
2211 5516 2256 5559 te
2282 5505 2664 5573 proﬁciscantur
2691 5515 2885 5569 nactus,
2918 5505 3071 5558 literis
3093 5515 3140 5558 te
3161 5505 3371 5570 lacesso,
3394 5523 3515 5577 rogo
3536 5517 3579 5559 et
3605 5509 3708 5559 ob:

2116 5615 2274 5662 secro,
2299 5608 2354 5650 ttt
2380 5598 2569 5668 quoties
2601 5598 2814 5669 facultas
2842 5598 3061 5663 dabitur,
3087 5598 3226 5652 nobis
3252 5616 3403 5668 quant
3424 5601 3707 5668 saepissime-

2118 5693 2329 5756 scribas,
2358 5702 2402 5744 et
2429 5709 2528 5761 qua
2552 5693 2834 5745 valetudine
2855 5694 2922 5745 sis
2951 5710 3194 5760 exponas.
3222 5694 3537 5762 Quamquam
3563 5697 3694 5748 enim

2117 5785 2167 5836 in
2217 5785 2550 5838 desertissima
2597 5784 2728 5838 orbis
2781 5786 2889 5837 loco
2941 5785 3242 5853 habitamus,
3283 5814 3346 5850 me
3374 5795 3675 5864 prmi-[onum
