  <div class='ocr_page' id='page_1' title='image "/cluster/home/n/w/nwhite01/storage/ocr_20150623/47/nnc1.0046978321/212.png"; bbox 0 0 4096 6392; ppageno 0'>
   <div class='ocr_carea' id='block_1_1' title="bbox 387 394 491 448">
    <p class='ocr_par' dir='ltr' id='par_1_1' title="bbox 387 394 491 448">
     <span class='ocr_line' id='line_1_1' title="bbox 387 394 491 448; baseline 0 0"><span class='ocrx_word' id='word_1_1' title='bbox 387 394 491 448; x_wconf 78' lang='grc'>229</span> 
     </span>
    </p>
   </div>
   <div class='ocr_carea' id='block_1_2' title="bbox 387 500 1956 575">
    <p class='ocr_par' dir='ltr' id='par_1_2' title="bbox 387 500 1956 575">
     <span class='ocr_line' id='line_1_2' title="bbox 387 500 1956 575; baseline -0.008 -12"><span class='ocrx_word' id='word_1_2' title='bbox 387 520 520 563; x_wconf 84' lang='lat' dir='ltr'><strong><em>metu</em></strong></span> <span class='ocrx_word' id='word_1_3' title='bbox 540 508 841 571; x_wconf 70' lang='lat' dir='ltr'><strong><em>obsidemur,</em></strong></span> <span class='ocrx_word' id='word_1_4' title='bbox 864 504 1140 575; x_wconf 81' lang='lat' dir='ltr'><strong><em>multasque</em></strong></span> <span class='ocrx_word' id='word_1_5' title='bbox 1163 503 1215 557; x_wconf 91' lang='lat' dir='ltr'><strong><em>in</em></strong></span> <span class='ocrx_word' id='word_1_6' title='bbox 1242 512 1344 556; x_wconf 89' lang='lat' dir='ltr'><strong><em>tam</em></strong></span> <span class='ocrx_word' id='word_1_7' title='bbox 1370 509 1508 555; x_wconf 70' lang='lat' dir='ltr'><strong><em>vasta</em></strong></span> <span class='ocrx_word' id='word_1_8' title='bbox 1527 500 1798 555; x_wconf 87' lang='lat' dir='ltr'><strong><em>solitudine</em></strong></span> <span class='ocrx_word' id='word_1_9' title='bbox 1816 500 1956 552; x_wconf 87' lang='lat' dir='ltr'><strong><em>cala-</em></strong></span> 
     </span>
    </p>
   </div>
   <div class='ocr_carea' id='block_1_3' title="bbox 388 590 1962 669">
    <p class='ocr_par' dir='ltr' id='par_1_3' title="bbox 388 590 1962 669">
     <span class='ocr_line' id='line_1_3' title="bbox 388 590 1962 669; baseline -0.008 -15"><span class='ocrx_word' id='word_1_10' title='bbox 388 603 585 654; x_wconf 85' lang='lat' dir='ltr'><strong><em>mitates</em></strong></span> <span class='ocrx_word' id='word_1_11' title='bbox 614 597 939 669; x_wconf 78' lang='lat' dir='ltr'><strong><em>perpetimur,</em></strong></span> <span class='ocrx_word' id='word_1_12' title='bbox 964 606 1127 649; x_wconf 88' lang='lat' dir='ltr'><strong><em>tamen</em></strong></span> <span class='ocrx_word' id='word_1_13' title='bbox 1154 595 1197 648; x_wconf 86' lang='lat' dir='ltr'><strong><em>si</em></strong></span> <span class='ocrx_word' id='word_1_14' title='bbox 1218 596 1496 665; x_wconf 82' lang='lat' dir='ltr'><strong><em>frequentes</em></strong></span> <span class='ocrx_word' id='word_1_15' title='bbox 1524 607 1556 644; x_wconf 90' lang='lat' dir='ltr'><strong><em>a</em></strong></span> <span class='ocrx_word' id='word_1_16' title='bbox 1588 599 1654 655; x_wconf 93' lang='lat' dir='ltr'><strong><em>te,</em></strong></span> <span class='ocrx_word' id='word_1_17' title='bbox 1692 591 1771 643; x_wconf 84' lang='lat' dir='ltr'><strong><em>cui</em></strong></span> <span class='ocrx_word' id='word_1_18' title='bbox 1797 590 1962 643; x_wconf 88' lang='lat' dir='ltr'><strong><em>caris-</em></strong></span> 
     </span>
    </p>
   </div>
   <div class='ocr_carea' id='block_1_4' title="bbox 387 683 1967 756">
    <p class='ocr_par' dir='ltr' id='par_1_4' title="bbox 387 683 1967 756">
     <span class='ocr_line' id='line_1_4' title="bbox 387 683 1967 756; baseline -0.008 -9"><span class='ocrx_word' id='word_1_19' title='bbox 387 693 503 747; x_wconf 81' lang='lat' dir='ltr'><strong><em>simi</em></strong></span> <span class='ocrx_word' id='word_1_20' title='bbox 530 707 719 756; x_wconf 86' lang='lat' dir='ltr'><strong><em>sumus,</em></strong></span> <span class='ocrx_word' id='word_1_21' title='bbox 752 690 921 743; x_wconf 75' lang='lat' dir='ltr'><strong><em>literas</em></strong></span> <span class='ocrx_word' id='word_1_22' title='bbox 946 687 1253 755; x_wconf 77' lang='lat' dir='ltr'><strong><em>accipiamus</em></strong></span> <span class='ocrx_word' id='word_1_23' title='bbox 1273 727 1286 749; x_wconf 91' lang='lat'><strong><em>,</em></strong></span> <span class='ocrx_word' id='word_1_24' title='bbox 1309 701 1419 753; x_wconf 70' lang='lat' dir='ltr'><strong><em>qua</em></strong></span> <span class='ocrx_word' id='word_1_25' title='bbox 1451 701 1541 738; x_wconf 93' lang='lat' dir='ltr'><strong><em>nos</em></strong></span> <span class='ocrx_word' id='word_1_26' title='bbox 1570 684 1632 737; x_wconf 88' lang='lat' dir='ltr'><strong><em>de</em></strong></span> <span class='ocrx_word' id='word_1_27' title='bbox 1662 693 1747 736; x_wconf 89' lang='lat' dir='ltr'><strong><em>tua</em></strong></span> <span class='ocrx_word' id='word_1_28' title='bbox 1777 683 1967 736; x_wconf 85' lang='lat' dir='ltr'><strong><em>valetu-</em></strong></span> 
     </span>
    </p>
   </div>
   <div class='ocr_carea' id='block_1_5' title="bbox 390 775 1965 852">
    <p class='ocr_par' dir='ltr' id='par_1_5' title="bbox 390 775 1965 852">
     <span class='ocr_line' id='line_1_5' title="bbox 390 775 1965 852; baseline -0.006 -15"><span class='ocrx_word' id='word_1_29' title='bbox 390 784 507 837; x_wconf 89' lang='lat' dir='ltr'><strong><em>dine</em></strong></span> <span class='ocrx_word' id='word_1_30' title='bbox 528 784 764 836; x_wconf 84' lang='lat' dir='ltr'><strong><em>certiores</em></strong></span> <span class='ocrx_word' id='word_1_31' title='bbox 793 782 1006 852; x_wconf 79' lang='lat' dir='ltr'><strong><em>faciant,</em></strong></span> <span class='ocrx_word' id='word_1_32' title='bbox 1041 781 1287 849; x_wconf 83' lang='lat' dir='ltr'><strong><em>ingentem</em></strong></span> <span class='ocrx_word' id='word_1_33' title='bbox 1324 778 1459 840; x_wconf 79' lang='lat' dir='ltr'><strong><em>hinc,</em></strong></span> <span class='ocrx_word' id='word_1_34' title='bbox 1490 786 1560 829; x_wconf 92' lang='lat' dir='ltr'><strong><em>tot</em></strong></span> <span class='ocrx_word' id='word_1_35' title='bbox 1596 777 1708 830; x_wconf 87' lang='lat' dir='ltr'><strong><em>licet</em></strong></span> <span class='ocrx_word' id='word_1_36' title='bbox 1729 775 1965 830; x_wconf 76' lang='lat' dir='ltr'><strong><em>wrumnis</em></strong></span> 
     </span>
    </p>
   </div>
   <div class='ocr_carea' id='block_1_6' title="bbox 390 863 1966 945">
    <p class='ocr_par' dir='ltr' id='par_1_6' title="bbox 390 863 1966 945">
     <span class='ocr_line' id='line_1_6' title="bbox 390 863 1966 945; baseline -0.007 -18"><span class='ocrx_word' id='word_1_37' title='bbox 390 868 636 945; x_wconf 74' lang='lat' dir='ltr'><strong><em>oppressi,</em></strong></span> <span class='ocrx_word' id='word_1_38' title='bbox 666 872 1055 925; x_wconf 75' lang='lat' dir='ltr'><strong><em>consolationem</em></strong></span> <span class='ocrx_word' id='word_1_39' title='bbox 1083 868 1400 937; x_wconf 76' lang='lat' dir='ltr'><strong><em>accipiemus.</em></strong></span> <span class='ocrx_word' id='word_1_40' title='bbox 1435 869 1635 931; x_wconf 79' lang='lat' dir='ltr'><strong><em>Quanta</em></strong></span> <span class='ocrx_word' id='word_1_41' title='bbox 1665 867 1795 919; x_wconf 85' lang='lat' dir='ltr'><strong><em>enim</em></strong></span> <span class='ocrx_word' id='word_1_42' title='bbox 1834 863 1966 917; x_wconf 89' lang='lat' dir='ltr'><strong><em>cari-</em></strong></span> 
     </span>
    </p>
   </div>
   <div class='ocr_carea' id='block_1_7' title="bbox 392 958 1967 1032">
    <p class='ocr_par' dir='ltr' id='par_1_7' title="bbox 392 958 1967 1032">
     <span class='ocr_line' id='line_1_7' title="bbox 392 958 1967 1032; baseline -0.006 -14"><span class='ocrx_word' id='word_1_43' title='bbox 392 968 510 1019; x_wconf 88' lang='lat' dir='ltr'><strong><em>tatis</em></strong></span> <span class='ocrx_word' id='word_1_44' title='bbox 538 966 609 1019; x_wconf 76' lang='lat' dir='ltr'><strong><em>vis</em></strong></span> <span class='ocrx_word' id='word_1_45' title='bbox 645 967 711 1019; x_wconf 86' lang='lat' dir='ltr'><strong><em>sit</em></strong></span> <span class='ocrx_word' id='word_1_46' title='bbox 736 964 1053 1032; x_wconf 74' lang='lat' dir='ltr'><strong><em>exploratum</em></strong></span> <span class='ocrx_word' id='word_1_47' title='bbox 1090 961 1259 1025; x_wconf 85' lang='lat' dir='ltr'><strong><em>habes,</em></strong></span> <span class='ocrx_word' id='word_1_48' title='bbox 1291 959 1520 1029; x_wconf 85' lang='lat' dir='ltr'><strong><em>quodque</em></strong></span> <span class='ocrx_word' id='word_1_49' title='bbox 1553 974 1653 1011; x_wconf 91' lang='lat' dir='ltr'><strong><em>non</em></strong></span> <span class='ocrx_word' id='word_1_50' title='bbox 1692 958 1967 1009; x_wconf 89' lang='lat' dir='ltr'><strong><em>amicorum</em></strong></span> 
     </span>
    </p>
   </div>
   <div class='ocr_carea' id='block_1_8' title="bbox 392 1047 1966 1124">
    <p class='ocr_par' dir='ltr' id='par_1_8' title="bbox 392 1047 1966 1124">
     <span class='ocr_line' id='line_1_8' title="bbox 392 1047 1966 1124; baseline -0.006 -15"><span class='ocrx_word' id='word_1_51' title='bbox 392 1057 653 1109; x_wconf 81' lang='lat' dir='ltr'><strong><em>dumtaxat</em></strong></span> <span class='ocrx_word' id='word_1_52' title='bbox 696 1054 996 1124; x_wconf 72' lang='lat' dir='ltr'><strong><em>prtesentia,</em></strong></span> <span class='ocrx_word' id='word_1_53' title='bbox 1031 1052 1119 1106; x_wconf 87' lang='lat' dir='ltr'><strong><em>sed</em></strong></span> <span class='ocrx_word' id='word_1_54' title='bbox 1156 1051 1304 1105; x_wconf 87' lang='lat' dir='ltr'><strong><em>etiam</em></strong></span> <span class='ocrx_word' id='word_1_55' title='bbox 1341 1050 1501 1104; x_wconf 79' lang='lat' dir='ltr'><strong><em>litera:</em></strong></span> <span class='ocrx_word' id='word_1_56' title='bbox 1528 1049 1702 1117; x_wconf 88' lang='lat' dir='ltr'><strong><em>ingens</em></strong></span> <span class='ocrx_word' id='word_1_57' title='bbox 1731 1047 1966 1101; x_wconf 82' lang='lat' dir='ltr'><strong><em>solatium</em></strong></span> 
     </span>
    </p>
   </div>
   <div class='ocr_carea' id='block_1_9' title="bbox 390 1144 626 1212">
    <p class='ocr_par' dir='ltr' id='par_1_9' title="bbox 390 1144 626 1212">
     <span class='ocr_line' id='line_1_9' title="bbox 390 1144 626 1212; baseline -0.004 -14"><span class='ocrx_word' id='word_1_58' title='bbox 390 1144 626 1212; x_wconf 71' lang='lat' dir='ltr'><strong><em>aﬂ&#39;erant.</em></strong></span> 
     </span>
    </p>
   </div>
   <div class='ocr_carea' id='block_1_10' title="bbox 467 1227 1964 1306">
    <p class='ocr_par' dir='ltr' id='par_1_10' title="bbox 467 1227 1964 1306">
     <span class='ocr_line' id='line_1_10' title="bbox 467 1227 1964 1306; baseline -0.007 -16"><span class='ocrx_word' id='word_1_59' title='bbox 467 1235 785 1306; x_wconf 84' lang='lat' dir='ltr'><strong><em>Hesychium</em></strong></span> <span class='ocrx_word' id='word_1_60' title='bbox 814 1248 1024 1303; x_wconf 89' lang='lat' dir='ltr'><strong><em>quoque</em></strong></span> <span class='ocrx_word' id='word_1_61' title='bbox 1044 1232 1143 1286; x_wconf 88' lang='lat' dir='ltr'><strong><em>sibi</em></strong></span> <span class='ocrx_word' id='word_1_62' title='bbox 1173 1229 1577 1294; x_wconf 81' lang='lat' dir='ltr'><strong><em>amicissimum,</em></strong></span> <span class='ocrx_word' id='word_1_63' title='bbox 1607 1228 1836 1282; x_wconf 91' lang='lat' dir='ltr'><strong><em>vicinum</em></strong></span> <span class='ocrx_word' id='word_1_64' title='bbox 1866 1227 1964 1280; x_wconf 87' lang='lat' dir='ltr'><strong><em>ha-</em></strong></span> 
     </span>
    </p>
   </div>
   <div class='ocr_carea' id='block_1_11' title="bbox 392 1317 1965 1394">
    <p class='ocr_par' dir='ltr' id='par_1_11' title="bbox 392 1317 1965 1394">
     <span class='ocr_line' id='line_1_11' title="bbox 392 1317 1965 1394; baseline -0.01 -10"><span class='ocrx_word' id='word_1_65' title='bbox 392 1327 504 1384; x_wconf 86' lang='lat' dir='ltr'><strong><em>buit</em></strong></span> <span class='ocrx_word' id='word_1_66' title='bbox 530 1329 636 1394; x_wconf 87' lang='lat' dir='ltr'><strong><em>;ita</em></strong></span> <span class='ocrx_word' id='word_1_67' title='bbox 653 1336 727 1389; x_wconf 90' lang='lat' dir='ltr'><strong><em>ut,</em></strong></span> <span class='ocrx_word' id='word_1_68' title='bbox 760 1327 803 1380; x_wconf 90' lang='lat' dir='ltr'><strong><em>si</em></strong></span> <span class='ocrx_word' id='word_1_69' title='bbox 833 1326 1031 1379; x_wconf 91' lang='lat' dir='ltr'><strong><em>licitum</em></strong></span> <span class='ocrx_word' id='word_1_70' title='bbox 1064 1324 1162 1392; x_wconf 89' lang='lat' dir='ltr'><strong><em>ipsi</em></strong></span> <span class='ocrx_word' id='word_1_71' title='bbox 1205 1321 1409 1386; x_wconf 83' lang='lat' dir='ltr'><strong><em>luisset,</em></strong></span> <span class='ocrx_word' id='word_1_72' title='bbox 1462 1319 1631 1388; x_wconf 81' lang='lat' dir='ltr'><strong><em>inquit</em></strong></span> <span class='ocrx_word' id='word_1_73' title='bbox 1660 1320 1711 1375; x_wconf 88' lang='lat' dir='ltr'><strong><em>in</em></strong></span> <span class='ocrx_word' id='word_1_74' title='bbox 1742 1317 1965 1386; x_wconf 87' lang='lat' dir='ltr'><strong><em>epistola</em></strong></span> 
     </span>
    </p>
   </div>
   <div class='ocr_carea' id='block_1_12' title="bbox 392 1409 1967 1488">
    <p class='ocr_par' dir='ltr' id='par_1_12' title="bbox 392 1409 1967 1488">
     <span class='ocr_line' id='line_1_12' title="bbox 392 1409 1967 1488; baseline -0.007 -13"><span class='ocrx_word' id='word_1_75' title='bbox 392 1421 481 1485; x_wconf 66' lang='lat'><strong><em>74,</em></strong></span> <span class='ocrx_word' id='word_1_76' title='bbox 510 1434 683 1488; x_wconf 90' lang='lat' dir='ltr'><strong><em>neque</em></strong></span> <span class='ocrx_word' id='word_1_77' title='bbox 708 1418 1005 1472; x_wconf 83' lang='lat' dir='ltr'><strong><em>Isaurorum</em></strong></span> <span class='ocrx_word' id='word_1_78' title='bbox 1037 1424 1231 1480; x_wconf 89' lang='lat' dir='ltr'><strong><em>metus,</em></strong></span> <span class='ocrx_word' id='word_1_79' title='bbox 1272 1428 1443 1483; x_wconf 88' lang='lat' dir='ltr'><strong><em>neque</em></strong></span> <span class='ocrx_word' id='word_1_80' title='bbox 1467 1411 1705 1480; x_wconf 88' lang='lat' dir='ltr'><strong><em>corporis</em></strong></span> <span class='ocrx_word' id='word_1_81' title='bbox 1732 1409 1967 1464; x_wconf 82' lang='lat' dir='ltr'><strong><em>imbecil-</em></strong></span> 
     </span>
    </p>
   </div>
   <div class='ocr_carea' id='block_1_13' title="bbox 395 1500 1963 1579">
    <p class='ocr_par' dir='ltr' id='par_1_13' title="bbox 395 1500 1963 1579">
     <span class='ocr_line' id='line_1_13' title="bbox 395 1500 1963 1579; baseline -0.007 -14"><span class='ocrx_word' id='word_1_82' title='bbox 395 1513 513 1565; x_wconf 89' lang='lat' dir='ltr'><strong><em>litas</em></strong></span> <span class='ocrx_word' id='word_1_83' title='bbox 560 1510 840 1579; x_wconf 86' lang='lat' dir='ltr'><strong><em>prohibere</em></strong></span> <span class='ocrx_word' id='word_1_84' title='bbox 877 1507 1188 1577; x_wconf 89' lang='lat' dir='ltr'><strong><em>potuissent,</em></strong></span> <span class='ocrx_word' id='word_1_85' title='bbox 1227 1504 1507 1575; x_wconf 84' lang='lat' dir='ltr'><strong><em>quominus</em></strong></span> <span class='ocrx_word' id='word_1_86' title='bbox 1558 1503 1727 1570; x_wconf 85' lang='lat' dir='ltr'><strong><em>ipsum</em></strong></span> <span class='ocrx_word' id='word_1_87' title='bbox 1752 1500 1963 1564; x_wconf 87' lang='lat' dir='ltr'><strong><em>adiret;</em></strong></span> 
     </span>
    </p>
   </div>
   <div class='ocr_carea' id='block_1_14' title="bbox 394 1594 1963 1673">
    <p class='ocr_par' dir='ltr' id='par_1_14' title="bbox 394 1594 1963 1673">
     <span class='ocr_line' id='line_1_14' title="bbox 394 1594 1963 1673; baseline -0.007 -16"><span class='ocrx_word' id='word_1_88' title='bbox 394 1619 565 1673; x_wconf 85' lang='lat' dir='ltr'><strong><em>neque</em></strong></span> <span class='ocrx_word' id='word_1_89' title='bbox 592 1613 765 1656; x_wconf 90' lang='lat' dir='ltr'><strong><em>tamen</em></strong></span> <span class='ocrx_word' id='word_1_90' title='bbox 798 1602 866 1655; x_wconf 90' lang='lat' dir='ltr'><strong><em>ob</em></strong></span> <span class='ocrx_word' id='word_1_91' title='bbox 912 1600 1212 1653; x_wconf 87' lang='lat' dir='ltr'><strong><em>Isaurorum</em></strong></span> <span class='ocrx_word' id='word_1_92' title='bbox 1242 1605 1440 1651; x_wconf 91' lang='lat' dir='ltr'><strong><em>metum</em></strong></span> <span class='ocrx_word' id='word_1_93' title='bbox 1485 1595 1551 1649; x_wconf 89' lang='lat' dir='ltr'><strong><em>ab</em></strong></span> <span class='ocrx_word' id='word_1_94' title='bbox 1607 1594 1699 1649; x_wconf 89' lang='lat' dir='ltr'><strong><em>illo</em></strong></span> <span class='ocrx_word' id='word_1_95' title='bbox 1723 1594 1853 1662; x_wconf 81' lang='lat' dir='ltr'><strong><em>petit</em></strong></span> <span class='ocrx_word' id='word_1_96' title='bbox 1905 1602 1963 1647; x_wconf 95' lang='lat' dir='ltr'><strong><em>ut</em></strong></span> 
     </span>
    </p>
   </div>
   <div class='ocr_carea' id='block_1_15' title="bbox 394 1684 1967 1759">
    <p class='ocr_par' dir='ltr' id='par_1_15' title="bbox 394 1684 1967 1759">
     <span class='ocr_line' id='line_1_15' title="bbox 394 1684 1967 1759; baseline -0.006 -10"><span class='ocrx_word' id='word_1_97' title='bbox 394 1694 653 1749; x_wconf 88' lang='lat' dir='ltr'><strong><em>Cucusum</em></strong></span> <span class='ocrx_word' id='word_1_98' title='bbox 674 1694 869 1757; x_wconf 91' lang='lat' dir='ltr'><strong><em>veniat,</em></strong></span> <span class='ocrx_word' id='word_1_99' title='bbox 892 1691 983 1745; x_wconf 92' lang='lat' dir='ltr'><strong><em>sed</em></strong></span> <span class='ocrx_word' id='word_1_100' title='bbox 1003 1700 1058 1744; x_wconf 89' lang='lat' dir='ltr'><strong><em>ut</em></strong></span> <span class='ocrx_word' id='word_1_101' title='bbox 1076 1705 1233 1759; x_wconf 88' lang='lat' dir='ltr'><strong><em>quam</em></strong></span> <span class='ocrx_word' id='word_1_102' title='bbox 1256 1687 1580 1756; x_wconf 80' lang='lat' dir='ltr'><strong><em>frequentius</em></strong></span> <span class='ocrx_word' id='word_1_103' title='bbox 1598 1685 1790 1756; x_wconf 88' lang='lat' dir='ltr'><strong><em>poterit</em></strong></span> <span class='ocrx_word' id='word_1_104' title='bbox 1816 1684 1881 1738; x_wconf 90' lang='lat' dir='ltr'><strong><em>ad</em></strong></span> <span class='ocrx_word' id='word_1_105' title='bbox 1907 1698 1967 1739; x_wconf 91' lang='lat' dir='ltr'><strong><em>se</em></strong></span> 
     </span>
    </p>
   </div>
   <div class='ocr_carea' id='block_1_16' title="bbox 407 1775 1963 1851">
    <p class='ocr_par' dir='ltr' id='par_1_16' title="bbox 407 1775 1963 1851">
     <span class='ocr_line' id='line_1_16' title="bbox 407 1775 1963 1851; baseline -0.007 -14"><span class='ocrx_word' id='word_1_106' title='bbox 407 1785 589 1838; x_wconf 87' lang='lat' dir='ltr'><strong><em>literas</em></strong></span> <span class='ocrx_word' id='word_1_107' title='bbox 615 1784 804 1837; x_wconf 80' lang='lat' dir='ltr'><strong><em>mittat.</em></strong></span> <span class='ocrx_word' id='word_1_108' title='bbox 822 1782 1112 1851; x_wconf 85' lang='lat' dir='ltr'><strong><em>Hesychius</em></strong></span> <span class='ocrx_word' id='word_1_109' title='bbox 1134 1794 1261 1835; x_wconf 90' lang='lat' dir='ltr'><strong><em>vero</em></strong></span> <span class='ocrx_word' id='word_1_110' title='bbox 1298 1776 1466 1832; x_wconf 87' lang='lat' dir='ltr'><strong><em>literis</em></strong></span> <span class='ocrx_word' id='word_1_111' title='bbox 1482 1777 1547 1830; x_wconf 92' lang='lat' dir='ltr'><strong><em>ab</em></strong></span> <span class='ocrx_word' id='word_1_112' title='bbox 1561 1775 1766 1830; x_wconf 86' lang='lat' dir='ltr'><strong><em>Joanne</em></strong></span> <span class='ocrx_word' id='word_1_113' title='bbox 1793 1775 1963 1843; x_wconf 89' lang='lat' dir='ltr'><strong><em>petiit,</em></strong></span> 
     </span>
    </p>
   </div>
   <div class='ocr_carea' id='block_1_17' title="bbox 395 1868 1969 1942">
    <p class='ocr_par' dir='ltr' id='par_1_17' title="bbox 395 1868 1969 1942">
     <span class='ocr_line' id='line_1_17' title="bbox 395 1868 1969 1942; baseline -0.006 -14"><span class='ocrx_word' id='word_1_114' title='bbox 395 1883 451 1928; x_wconf 89' lang='lat' dir='ltr'><strong><em>ut</em></strong></span> <span class='ocrx_word' id='word_1_115' title='bbox 476 1874 574 1928; x_wconf 87' lang='lat' dir='ltr'><strong><em>sibi</em></strong></span> <span class='ocrx_word' id='word_1_116' title='bbox 602 1874 914 1942; x_wconf 82' lang='lat' dir='ltr'><strong><em>ignosceret,</em></strong></span> <span class='ocrx_word' id='word_1_117' title='bbox 937 1870 1076 1941; x_wconf 90' lang='lat' dir='ltr'><strong><em>quod</em></strong></span> <span class='ocrx_word' id='word_1_118' title='bbox 1098 1886 1201 1924; x_wconf 90' lang='lat' dir='ltr'><strong><em>non</em></strong></span> <span class='ocrx_word' id='word_1_119' title='bbox 1226 1870 1448 1933; x_wconf 86' lang='lat' dir='ltr'><strong><em>venerit,</em></strong></span> <span class='ocrx_word' id='word_1_120' title='bbox 1471 1868 1592 1937; x_wconf 89' lang='lat' dir='ltr'><strong><em>quia</em></strong></span> <span class='ocrx_word' id='word_1_121' title='bbox 1623 1882 1812 1935; x_wconf 89' lang='lat' dir='ltr'><strong><em>nempe</em></strong></span> <span class='ocrx_word' id='word_1_122' title='bbox 1825 1882 1969 1919; x_wconf 87' lang='lat' dir='ltr'><strong><em>mor-</em></strong></span> 
     </span>
    </p>
   </div>
   <div class='ocr_carea' id='block_1_18' title="bbox 395 1956 1965 2031">
    <p class='ocr_par' dir='ltr' id='par_1_18' title="bbox 395 1956 1965 2031">
     <span class='ocr_line' id='line_1_18' title="bbox 395 1956 1965 2031; baseline -0.004 -14"><span class='ocrx_word' id='word_1_123' title='bbox 395 1965 464 2018; x_wconf 87' lang='lat' dir='ltr'><strong><em>bo</em></strong></span> <span class='ocrx_word' id='word_1_124' title='bbox 487 1964 776 2017; x_wconf 86' lang='lat' dir='ltr'><strong><em>laborabat.</em></strong></span> <span class='ocrx_word' id='word_1_125' title='bbox 798 1962 1098 2031; x_wconf 80' lang='lat' dir='ltr'><strong><em>ReSpondet</em></strong></span> <span class='ocrx_word' id='word_1_126' title='bbox 1118 1962 1522 2031; x_wconf 85' lang='lat' dir='ltr'><strong><em>Chrysostomus</em></strong></span> <span class='ocrx_word' id='word_1_127' title='bbox 1537 1956 1724 2023; x_wconf 87' lang='lat' dir='ltr'><strong><em>(Epist.</em></strong></span> <span class='ocrx_word' id='word_1_128' title='bbox 1742 1957 1834 2027; x_wconf 69' lang='grc'><strong><em>24)</em></strong></span> <span class='ocrx_word' id='word_1_129' title='bbox 1849 1957 1965 2011; x_wconf 85' lang='lat' dir='ltr'><strong><em>lau-</em></strong></span> 
     </span>
    </p>
   </div>
   <div class='ocr_carea' id='block_1_19' title="bbox 395 2047 1964 2123">
    <p class='ocr_par' dir='ltr' id='par_1_19' title="bbox 395 2047 1964 2123">
     <span class='ocr_line' id='line_1_19' title="bbox 395 2047 1964 2123; baseline -0.003 -17"><span class='ocrx_word' id='word_1_130' title='bbox 395 2056 587 2123; x_wconf 80' lang='lat' dir='ltr'><strong><em>datque</em></strong></span> <span class='ocrx_word' id='word_1_131' title='bbox 614 2070 756 2119; x_wconf 89' lang='lat' dir='ltr'><strong><em>eum,</em></strong></span> <span class='ocrx_word' id='word_1_132' title='bbox 781 2052 918 2121; x_wconf 88' lang='lat' dir='ltr'><strong><em>quod</em></strong></span> <span class='ocrx_word' id='word_1_133' title='bbox 939 2067 1000 2107; x_wconf 88' lang='lat' dir='ltr'><strong><em>ea</em></strong></span> <span class='ocrx_word' id='word_1_134' title='bbox 1022 2051 1088 2105; x_wconf 90' lang='lat' dir='ltr'><strong><em>de</em></strong></span> <span class='ocrx_word' id='word_1_135' title='bbox 1104 2065 1260 2104; x_wconf 86' lang='lat' dir='ltr'><strong><em>causa</em></strong></span> <span class='ocrx_word' id='word_1_136' title='bbox 1288 2064 1390 2103; x_wconf 92' lang='lat' dir='ltr'><strong><em>non</em></strong></span> <span class='ocrx_word' id='word_1_137' title='bbox 1409 2049 1614 2103; x_wconf 86' lang='lat' dir='ltr'><strong><em>venerit</em></strong></span> <span class='ocrx_word' id='word_1_138' title='bbox 1643 2065 1657 2103; x_wconf 90' lang='lat'><strong>:</strong></span> <span class='ocrx_word' id='word_1_139' title='bbox 1686 2047 1803 2101; x_wconf 90' lang='lat' dir='ltr'><strong><em>licet</em></strong></span> <span class='ocrx_word' id='word_1_140' title='bbox 1824 2048 1964 2102; x_wconf 91' lang='lat' dir='ltr'><strong><em>enim</em></strong></span> 
     </span>
    </p>
   </div>
   <div class='ocr_carea' id='block_1_20' title="bbox 397 2139 1965 2213">
    <p class='ocr_par' dir='ltr' id='par_1_20' title="bbox 397 2139 1965 2213">
     <span class='ocr_line' id='line_1_20' title="bbox 397 2139 1965 2213; baseline -0.006 -12"><span class='ocrx_word' id='word_1_141' title='bbox 397 2156 501 2201; x_wconf 83' lang='lat' dir='ltr'><strong><em>tam</em></strong></span> <span class='ocrx_word' id='word_1_142' title='bbox 529 2161 709 2199; x_wconf 89' lang='lat' dir='ltr'><strong><em>carum</em></strong></span> <span class='ocrx_word' id='word_1_143' title='bbox 738 2153 897 2213; x_wconf 86' lang='lat' dir='ltr'><strong><em>caput</em></strong></span> <span class='ocrx_word' id='word_1_144' title='bbox 920 2143 1215 2199; x_wconf 81' lang='lat' dir='ltr'><strong><em>exosculari</em></strong></span> <span class='ocrx_word' id='word_1_145' title='bbox 1244 2150 1415 2205; x_wconf 84' lang='lat' dir='ltr'><strong><em>aveat,</em></strong></span> <span class='ocrx_word' id='word_1_146' title='bbox 1447 2142 1576 2193; x_wconf 78' lang='lat' dir='ltr'><strong><em>satis</em></strong></span> <span class='ocrx_word' id='word_1_147' title='bbox 1600 2140 1698 2195; x_wconf 84' lang='lat' dir='ltr'><strong><em>sibi</em></strong></span> <span class='ocrx_word' id='word_1_148' title='bbox 1738 2139 1852 2193; x_wconf 88' lang='lat' dir='ltr'><strong><em>fore</em></strong></span> <span class='ocrx_word' id='word_1_149' title='bbox 1872 2140 1965 2204; x_wconf 85' lang='lat' dir='ltr'><strong><em>ait,</em></strong></span> 
     </span>
    </p>
   </div>
   <div class='ocr_carea' id='block_1_21' title="bbox 394 2234 1964 2306">
    <p class='ocr_par' dir='ltr' id='par_1_21' title="bbox 394 2234 1964 2306">
     <span class='ocr_line' id='line_1_21' title="bbox 394 2234 1964 2306; baseline -0.003 -15"><span class='ocrx_word' id='word_1_150' title='bbox 394 2239 437 2291; x_wconf 76' lang='lat' dir='ltr'><strong><em>si</em></strong></span> <span class='ocrx_word' id='word_1_151' title='bbox 467 2239 713 2306; x_wconf 83' lang='lat' dir='ltr'><strong><em>quamdiu</em></strong></span> <span class='ocrx_word' id='word_1_152' title='bbox 740 2236 851 2292; x_wconf 82' lang='lat' dir='ltr'><strong><em>sive</em></strong></span> <span class='ocrx_word' id='word_1_153' title='bbox 881 2254 973 2306; x_wconf 89' lang='lat' dir='ltr'><strong><em>per</em></strong></span> <span class='ocrx_word' id='word_1_154' title='bbox 991 2236 1378 2306; x_wconf 83' lang='lat' dir='ltr'><strong><em>aegritudinem,</em></strong></span> <span class='ocrx_word' id='word_1_155' title='bbox 1408 2235 1518 2288; x_wconf 84' lang='lat' dir='ltr'><strong><em>sive</em></strong></span> <span class='ocrx_word' id='word_1_156' title='bbox 1545 2249 1641 2302; x_wconf 91' lang='lat' dir='ltr'><strong><em>per</em></strong></span> <span class='ocrx_word' id='word_1_157' title='bbox 1677 2234 1798 2286; x_wconf 90' lang='lat' dir='ltr'><strong><em>anni</em></strong></span> <span class='ocrx_word' id='word_1_158' title='bbox 1825 2240 1964 2287; x_wconf 91' lang='lat' dir='ltr'><strong><em>tem-</em></strong></span> 
     </span>
    </p>
   </div>
   <div class='ocr_carea' id='block_1_22' title="bbox 394 2323 1968 2397">
    <p class='ocr_par' dir='ltr' id='par_1_22' title="bbox 394 2323 1968 2397">
     <span class='ocr_line' id='line_1_22' title="bbox 394 2323 1968 2397; baseline -0.003 -18"><span class='ocrx_word' id='word_1_159' title='bbox 394 2339 653 2397; x_wconf 77' lang='lat' dir='ltr'><strong><em>pestatem</em></strong></span> <span class='ocrx_word' id='word_1_160' title='bbox 683 2329 732 2383; x_wconf 91' lang='lat' dir='ltr'><strong><em>id</em></strong></span> <span class='ocrx_word' id='word_1_161' title='bbox 760 2345 863 2382; x_wconf 92' lang='lat' dir='ltr'><strong><em>non</em></strong></span> <span class='ocrx_word' id='word_1_162' title='bbox 896 2328 1094 2389; x_wconf 86' lang='lat' dir='ltr'><strong><em>licebit,</em></strong></span> <span class='ocrx_word' id='word_1_163' title='bbox 1127 2327 1293 2380; x_wconf 68' lang='lat' dir='ltr'><strong><em>litera:</em></strong></span> <span class='ocrx_word' id='word_1_164' title='bbox 1316 2326 1450 2379; x_wconf 89' lang='lat' dir='ltr'><strong><em>ultro</em></strong></span> <span class='ocrx_word' id='word_1_165' title='bbox 1482 2325 1723 2393; x_wconf 89' lang='lat' dir='ltr'><strong><em>citroque</em></strong></span> <span class='ocrx_word' id='word_1_166' title='bbox 1754 2323 1968 2377; x_wconf 88' lang='lat' dir='ltr'><strong><em>mittan-</em></strong></span> 
     </span>
    </p>
   </div>
   <div class='ocr_carea' id='block_1_23' title="bbox 396 2414 1967 2488">
    <p class='ocr_par' dir='ltr' id='par_1_23' title="bbox 396 2414 1967 2488">
     <span class='ocr_line' id='line_1_23' title="bbox 396 2414 1967 2488; baseline -0.004 -15"><span class='ocrx_word' id='word_1_167' title='bbox 396 2431 498 2473; x_wconf 91' lang='lat' dir='ltr'><strong><em>tur.</em></strong></span> <span class='ocrx_word' id='word_1_168' title='bbox 524 2420 633 2474; x_wconf 85' lang='lat' dir='ltr'><strong><em>lloe</em></strong></span> <span class='ocrx_word' id='word_1_169' title='bbox 660 2420 827 2488; x_wconf 91' lang='lat' dir='ltr'><strong><em>ipsum</em></strong></span> <span class='ocrx_word' id='word_1_170' title='bbox 871 2418 981 2475; x_wconf 88' lang='lat' dir='ltr'><strong><em>fere</em></strong></span> <span class='ocrx_word' id='word_1_171' title='bbox 1016 2418 1090 2471; x_wconf 88' lang='lat' dir='ltr'><strong><em>illi</em></strong></span> <span class='ocrx_word' id='word_1_172' title='bbox 1125 2418 1318 2486; x_wconf 87' lang='lat' dir='ltr'><strong><em>repetit</em></strong></span> <span class='ocrx_word' id='word_1_173' title='bbox 1366 2417 1418 2471; x_wconf 92' lang='lat' dir='ltr'><strong><em>in</em></strong></span> <span class='ocrx_word' id='word_1_174' title='bbox 1468 2415 1691 2483; x_wconf 89' lang='lat' dir='ltr'><strong><em>epistola</em></strong></span> <span class='ocrx_word' id='word_1_175' title='bbox 1719 2414 1853 2470; x_wconf 81' lang='lat'><strong><em>176:</em></strong></span> <span class='ocrx_word' id='word_1_176' title='bbox 1880 2415 1967 2467; x_wconf 90' lang='lat' dir='ltr'><strong><em>ubi</em></strong></span> 
     </span>
    </p>
   </div>
   <div class='ocr_carea' id='block_1_24' title="bbox 396 2505 1966 2575">
    <p class='ocr_par' dir='ltr' id='par_1_24' title="bbox 396 2505 1966 2575">
     <span class='ocr_line' id='line_1_24' title="bbox 396 2505 1966 2575; baseline -0.004 -12"><span class='ocrx_word' id='word_1_177' title='bbox 396 2512 599 2565; x_wconf 88' lang='lat' dir='ltr'><strong><em>itineris</em></strong></span> <span class='ocrx_word' id='word_1_178' title='bbox 634 2510 997 2564; x_wconf 85' lang='lat' dir='ltr'><strong><em>difficultatem</em></strong></span> <span class='ocrx_word' id='word_1_179' title='bbox 1035 2524 1153 2561; x_wconf 89' lang='lat' dir='ltr'><strong><em>cum</em></strong></span> <span class='ocrx_word' id='word_1_180' title='bbox 1185 2506 1425 2575; x_wconf 89' lang='lat' dir='ltr'><strong><em>corporis</em></strong></span> <span class='ocrx_word' id='word_1_181' title='bbox 1452 2505 1810 2559; x_wconf 88' lang='lat' dir='ltr'><strong><em>imbecillitate</em></strong></span> <span class='ocrx_word' id='word_1_182' title='bbox 1836 2521 1966 2558; x_wconf 86' lang='lat' dir='ltr'><strong><em>con-</em></strong></span> 
     </span>
    </p>
   </div>
   <div class='ocr_carea' id='block_1_25' title="bbox 394 2595 1967 2671">
    <p class='ocr_par' dir='ltr' id='par_1_25' title="bbox 394 2595 1967 2671">
     <span class='ocr_line' id='line_1_25' title="bbox 394 2595 1967 2671; baseline -0.003 -17"><span class='ocrx_word' id='word_1_183' title='bbox 394 2601 577 2671; x_wconf 87' lang='lat' dir='ltr'><strong><em>jungit,</em></strong></span> <span class='ocrx_word' id='word_1_184' title='bbox 600 2615 662 2655; x_wconf 89' lang='lat' dir='ltr'><strong><em>ac</em></strong></span> <span class='ocrx_word' id='word_1_185' title='bbox 687 2599 984 2670; x_wconf 80' lang='lat' dir='ltr'><strong><em>signiﬁcare</em></strong></span> <span class='ocrx_word' id='word_1_186' title='bbox 1019 2599 1228 2652; x_wconf 90' lang='lat' dir='ltr'><strong><em>videtur</em></strong></span> <span class='ocrx_word' id='word_1_187' title='bbox 1259 2613 1318 2651; x_wconf 92' lang='lat' dir='ltr'><strong><em>se</em></strong></span> <span class='ocrx_word' id='word_1_188' title='bbox 1344 2597 1425 2651; x_wconf 90' lang='lat' dir='ltr'><strong><em>vel</em></strong></span> <span class='ocrx_word' id='word_1_189' title='bbox 1447 2595 1620 2650; x_wconf 90' lang='lat' dir='ltr'><strong><em>hieme</em></strong></span> <span class='ocrx_word' id='word_1_190' title='bbox 1642 2596 1749 2664; x_wconf 88' lang='lat' dir='ltr'><strong><em>jam</em></strong></span> <span class='ocrx_word' id='word_1_191' title='bbox 1771 2611 1967 2664; x_wconf 87' lang='lat' dir='ltr'><strong><em>appro-</em></strong></span> 
     </span>
    </p>
   </div>
   <div class='ocr_carea' id='block_1_26' title="bbox 397 2686 1972 2760">
    <p class='ocr_par' dir='ltr' id='par_1_26' title="bbox 397 2686 1972 2760">
     <span class='ocr_line' id='line_1_26' title="bbox 397 2686 1972 2760; baseline -0.003 -17"><span class='ocrx_word' id='word_1_192' title='bbox 397 2692 700 2760; x_wconf 89' lang='lat' dir='ltr'><strong><em>pinquante,</em></strong></span> <span class='ocrx_word' id='word_1_193' title='bbox 723 2690 804 2744; x_wconf 88' lang='lat' dir='ltr'><strong><em>vel</em></strong></span> <span class='ocrx_word' id='word_1_194' title='bbox 832 2690 885 2744; x_wconf 89' lang='lat' dir='ltr'><strong><em>in</em></strong></span> <span class='ocrx_word' id='word_1_195' title='bbox 907 2691 1018 2760; x_wconf 88' lang='lat' dir='ltr'><strong><em>ipsa</em></strong></span> <span class='ocrx_word' id='word_1_196' title='bbox 1068 2688 1271 2759; x_wconf 90' lang='lat' dir='ltr'><strong><em>hyemis</em></strong></span> <span class='ocrx_word' id='word_1_197' title='bbox 1303 2695 1611 2759; x_wconf 86' lang='lat' dir='ltr'><strong><em>tempestate</em></strong></span> <span class='ocrx_word' id='word_1_198' title='bbox 1637 2686 1735 2743; x_wconf 87' lang='lat' dir='ltr'><strong><em>has</em></strong></span> <span class='ocrx_word' id='word_1_199' title='bbox 1755 2687 1972 2745; x_wconf 78' lang='lat' dir='ltr'><strong><em>dedisse</em></strong></span> 
     </span>
    </p>
   </div>
   <div class='ocr_carea' id='block_1_27' title="bbox 394 2781 589 2837">
    <p class='ocr_par' dir='ltr' id='par_1_27' title="bbox 394 2781 589 2837">
     <span class='ocr_line' id='line_1_27' title="bbox 394 2781 589 2837; baseline -0.01 0"><span class='ocrx_word' id='word_1_200' title='bbox 394 2781 589 2837; x_wconf 87' lang='lat' dir='ltr'><strong><em>literas.</em></strong></span> 
     </span>
    </p>
   </div>
   <div class='ocr_carea' id='block_1_28' title="bbox 464 2868 1973 2941">
    <p class='ocr_par' dir='ltr' id='par_1_28' title="bbox 464 2868 1973 2941">
     <span class='ocr_line' id='line_1_28' title="bbox 464 2868 1973 2941; baseline -0.003 -14"><span class='ocrx_word' id='word_1_201' title='bbox 464 2872 599 2928; x_wconf 88' lang='lat' dir='ltr'><strong><em>Cum</em></strong></span> <span class='ocrx_word' id='word_1_202' title='bbox 644 2872 978 2925; x_wconf 81' lang='lat' dir='ltr'><strong><em>Tillemontio</em></strong></span> <span class='ocrx_word' id='word_1_203' title='bbox 1018 2871 1294 2940; x_wconf 86' lang='lat' dir='ltr'><strong><em>opinamur</em></strong></span> <span class='ocrx_word' id='word_1_204' title='bbox 1318 2870 1475 2923; x_wconf 86' lang='lat' dir='ltr'><strong><em>alium</em></strong></span> <span class='ocrx_word' id='word_1_205' title='bbox 1505 2868 1825 2941; x_wconf 80' lang='lat' dir='ltr'><strong><em>Hesychium</em></strong></span> <span class='ocrx_word' id='word_1_206' title='bbox 1850 2880 1973 2922; x_wconf 86' lang='lat' dir='ltr'><strong><em>esse</em></strong></span> 
     </span>
    </p>
   </div>
   <div class='ocr_carea' id='block_1_29' title="bbox 398 2959 1966 3034">
    <p class='ocr_par' dir='ltr' id='par_1_29' title="bbox 398 2959 1966 3034">
     <span class='ocr_line' id='line_1_29' title="bbox 398 2959 1966 3034; baseline -0.005 -15"><span class='ocrx_word' id='word_1_207' title='bbox 398 2966 565 3032; x_wconf 92' lang='lat' dir='ltr'><strong><em>illum,</em></strong></span> <span class='ocrx_word' id='word_1_208' title='bbox 617 2980 771 3034; x_wconf 88' lang='lat' dir='ltr'><strong><em>quem</em></strong></span> <span class='ocrx_word' id='word_1_209' title='bbox 818 2963 1177 3017; x_wconf 89' lang='lat' dir='ltr'><strong><em>venerandum</em></strong></span> <span class='ocrx_word' id='word_1_210' title='bbox 1226 2970 1281 3016; x_wconf 87' lang='lat' dir='ltr'><strong><em>et</em></strong></span> <span class='ocrx_word' id='word_1_211' title='bbox 1326 2960 1711 3015; x_wconf 86' lang='lat' dir='ltr'><strong><em>nobilissimum</em></strong></span> <span class='ocrx_word' id='word_1_212' title='bbox 1740 2959 1887 3025; x_wconf 83' lang='lat' dir='ltr'><strong><em>dicit,</em></strong></span> <span class='ocrx_word' id='word_1_213' title='bbox 1937 2976 1966 3012; x_wconf 87' lang='lat' dir='ltr'><strong><em>a</em></strong></span> 
     </span>
    </p>
   </div>
   <div class='ocr_carea' id='block_1_30' title="bbox 399 3051 1968 3126">
    <p class='ocr_par' dir='ltr' id='par_1_30' title="bbox 399 3051 1968 3126">
     <span class='ocr_line' id='line_1_30' title="bbox 399 3051 1968 3126; baseline -0.004 -16"><span class='ocrx_word' id='word_1_214' title='bbox 399 3072 504 3126; x_wconf 90' lang='lat' dir='ltr'><strong><em>quo</em></strong></span> <span class='ocrx_word' id='word_1_215' title='bbox 533 3071 591 3111; x_wconf 90' lang='lat' dir='ltr'><strong><em>se</em></strong></span> <span class='ocrx_word' id='word_1_216' title='bbox 619 3055 839 3109; x_wconf 92' lang='lat' dir='ltr'><strong><em>multum</em></strong></span> <span class='ocrx_word' id='word_1_217' title='bbox 861 3053 1029 3107; x_wconf 87' lang='lat' dir='ltr'><strong><em>amari</em></strong></span> <span class='ocrx_word' id='word_1_218' title='bbox 1075 3070 1139 3107; x_wconf 82' lang='lat' dir='ltr'><strong><em>ex</em></strong></span> <span class='ocrx_word' id='word_1_219' title='bbox 1188 3052 1296 3107; x_wconf 92' lang='lat' dir='ltr'><strong><em>sola</em></strong></span> <span class='ocrx_word' id='word_1_220' title='bbox 1326 3051 1463 3105; x_wconf 91' lang='lat' dir='ltr'><strong><em>fama</em></strong></span> <span class='ocrx_word' id='word_1_221' title='bbox 1506 3051 1779 3113; x_wconf 88' lang='lat' dir='ltr'><strong><em>didicerat,</em></strong></span> <span class='ocrx_word' id='word_1_222' title='bbox 1812 3066 1839 3102; x_wconf 89' lang='lat' dir='ltr'><strong><em>a</em></strong></span> <span class='ocrx_word' id='word_1_223' title='bbox 1863 3065 1968 3120; x_wconf 89' lang='lat' dir='ltr'><strong><em>quo</em></strong></span> 
     </span>
    </p>
   </div>
   <div class='ocr_carea' id='block_1_31' title="bbox 403 3142 1964 3217">
    <p class='ocr_par' dir='ltr' id='par_1_31' title="bbox 403 3142 1964 3217">
     <span class='ocr_line' id='line_1_31' title="bbox 403 3142 1964 3217; baseline -0.005 -15"><span class='ocrx_word' id='word_1_224' title='bbox 403 3148 631 3217; x_wconf 88' lang='lat' dir='ltr'><strong><em>postulat</em></strong></span> <span class='ocrx_word' id='word_1_225' title='bbox 655 3145 847 3217; x_wconf 83' lang='lat' dir='ltr'><strong><em>(Epist.</em></strong></span> <span class='ocrx_word' id='word_1_226' title='bbox 870 3146 1015 3215; x_wconf 82' lang='lat'><strong>198),</strong></span> <span class='ocrx_word' id='word_1_227' title='bbox 1039 3154 1095 3198; x_wconf 86' lang='lat' dir='ltr'><strong><em>ut</em></strong></span> <span class='ocrx_word' id='word_1_228' title='bbox 1114 3143 1413 3213; x_wconf 81' lang='lat' dir='ltr'><strong><em>frequentes</em></strong></span> <span class='ocrx_word' id='word_1_229' title='bbox 1434 3144 1531 3196; x_wconf 87' lang='lat' dir='ltr'><strong><em>sibi</em></strong></span> <span class='ocrx_word' id='word_1_230' title='bbox 1558 3142 1734 3197; x_wconf 84' lang='lat' dir='ltr'><strong><em>literas</em></strong></span> <span class='ocrx_word' id='word_1_231' title='bbox 1756 3143 1927 3195; x_wconf 83' lang='lat' dir='ltr'><strong><em>mittat</em></strong></span> <span class='ocrx_word' id='word_1_232' title='bbox 1949 3159 1964 3207; x_wconf 91' lang='lat'><strong>;</strong></span> 
     </span>
    </p>
   </div>
   <div class='ocr_carea' id='block_1_32' title="bbox 399 3232 1966 3308">
    <p class='ocr_par' dir='ltr' id='par_1_32' title="bbox 399 3232 1966 3308">
     <span class='ocr_line' id='line_1_32' title="bbox 399 3232 1966 3308; baseline -0.004 -17"><span class='ocrx_word' id='word_1_233' title='bbox 399 3238 451 3292; x_wconf 89' lang='lat' dir='ltr'><strong><em>id</em></strong></span> <span class='ocrx_word' id='word_1_234' title='bbox 468 3239 745 3308; x_wconf 89' lang='lat' dir='ltr'><strong><em>ipsumque</em></strong></span> <span class='ocrx_word' id='word_1_235' title='bbox 764 3237 955 3306; x_wconf 85' lang='lat' dir='ltr'><strong><em>repetit</em></strong></span> <span class='ocrx_word' id='word_1_236' title='bbox 975 3237 1024 3288; x_wconf 92' lang='lat' dir='ltr'><strong><em>in</em></strong></span> <span class='ocrx_word' id='word_1_237' title='bbox 1050 3235 1267 3304; x_wconf 87' lang='lat' dir='ltr'><strong><em>epistola</em></strong></span> <span class='ocrx_word' id='word_1_238' title='bbox 1289 3232 1413 3288; x_wconf 85' lang='grc'>225.</span> <span class='ocrx_word' id='word_1_239' title='bbox 1434 3233 1677 3304; x_wconf 89' lang='lat' dir='ltr'><strong><em>Idemque</em></strong></span> <span class='ocrx_word' id='word_1_240' title='bbox 1700 3234 1966 3288; x_wconf 85' lang='lat' dir='ltr'><strong><em>literarum</em></strong></span> 
     </span>
    </p>
   </div>
   <div class='ocr_carea' id='block_1_33' title="bbox 398 3325 1968 3400">
    <p class='ocr_par' dir='ltr' id='par_1_33' title="bbox 398 3325 1968 3400">
     <span class='ocr_line' id='line_1_33' title="bbox 398 3325 1968 3400; baseline -0.003 -15"><span class='ocrx_word' id='word_1_241' title='bbox 398 3331 722 3385; x_wconf 86' lang='lat' dir='ltr'><strong><em>consortium</em></strong></span> <span class='ocrx_word' id='word_1_242' title='bbox 752 3329 981 3400; x_wconf 89' lang='lat' dir='ltr'><strong><em>postulat</em></strong></span> <span class='ocrx_word' id='word_1_243' title='bbox 1036 3343 1065 3381; x_wconf 91' lang='lat' dir='ltr'><strong><em>a</em></strong></span> <span class='ocrx_word' id='word_1_244' title='bbox 1114 3327 1439 3381; x_wconf 81' lang='lat' dir='ltr'><strong><em>Candidiano</em></strong></span> <span class='ocrx_word' id='word_1_245' title='bbox 1481 3326 1591 3395; x_wconf 90' lang='lat' dir='ltr'><strong><em>jam</em></strong></span> <span class='ocrx_word' id='word_1_246' title='bbox 1632 3326 1761 3379; x_wconf 88' lang='lat' dir='ltr'><strong><em>olim</em></strong></span> <span class='ocrx_word' id='word_1_247' title='bbox 1797 3325 1968 3380; x_wconf 90' lang='lat' dir='ltr'><strong><em>amico</em></strong></span> 
     </span>
    </p>
   </div>
   <div class='ocr_carea' id='block_1_34' title="bbox 399 3418 1720 3493">
    <p class='ocr_par' dir='ltr' id='par_1_34' title="bbox 399 3418 1720 3493">
     <span class='ocr_line' id='line_1_34' title="bbox 399 3418 1720 3493; baseline -0.005 -16"><span class='ocrx_word' id='word_1_248' title='bbox 399 3437 516 3488; x_wconf 85' lang='lat' dir='ltr'><strong><em>suo,</em></strong></span> <span class='ocrx_word' id='word_1_249' title='bbox 544 3423 632 3493; x_wconf 90' lang='lat' dir='ltr'><strong><em>qui</em></strong></span> <span class='ocrx_word' id='word_1_250' title='bbox 656 3421 865 3476; x_wconf 89' lang='lat' dir='ltr'><strong><em>Cucuso</em></strong></span> <span class='ocrx_word' id='word_1_251' title='bbox 893 3418 1309 3491; x_wconf 84' lang='lat' dir='ltr'><strong><em>proculdegebat</em></strong></span> <span class='ocrx_word' id='word_1_252' title='bbox 1356 3418 1558 3489; x_wconf 84' lang='lat' dir='ltr'><strong><em>(Epist.</em></strong></span> <span class='ocrx_word' id='word_1_253' title='bbox 1585 3419 1654 3472; x_wconf 75' lang='grc'>42</span> <span class='ocrx_word' id='word_1_254' title='bbox 1678 3422 1720 3489; x_wconf 92' lang='grc'><strong><em>).</em></strong></span> 
     </span>
    </p>
   </div>
   <div class='ocr_carea' id='block_1_35' title="bbox 470 3512 1967 3580">
    <p class='ocr_par' dir='ltr' id='par_1_35' title="bbox 470 3512 1967 3580">
     <span class='ocr_line' id='line_1_35' title="bbox 470 3512 1967 3580; baseline -0.003 -12"><span class='ocrx_word' id='word_1_255' title='bbox 470 3516 789 3568; x_wconf 78' lang='lat' dir='ltr'><strong><em>Antiochiam</em></strong></span> <span class='ocrx_word' id='word_1_256' title='bbox 816 3515 1000 3567; x_wconf 88' lang='lat' dir='ltr'><strong><em>multas</em></strong></span> <span class='ocrx_word' id='word_1_257' title='bbox 1023 3514 1192 3567; x_wconf 87' lang='lat' dir='ltr'><strong><em>literas</em></strong></span> <span class='ocrx_word' id='word_1_258' title='bbox 1219 3513 1461 3565; x_wconf 88' lang='lat' dir='ltr'><strong><em>mittit.—-</em></strong></span> <span class='ocrx_word' id='word_1_259' title='bbox 1476 3512 1807 3566; x_wconf 84' lang='lat' dir='ltr'><strong><em>Antiochiam</em></strong></span> <span class='ocrx_word' id='word_1_260' title='bbox 1832 3525 1967 3580; x_wconf 93' lang='lat' dir='ltr'><strong><em>quo-</em></strong></span> 
     </span>
    </p>
   </div>
   <div class='ocr_carea' id='block_1_36' title="bbox 399 3604 1969 3676">
    <p class='ocr_par' dir='ltr' id='par_1_36' title="bbox 399 3604 1969 3676">
     <span class='ocr_line' id='line_1_36' title="bbox 399 3604 1969 3676; baseline -0.003 -15"><span class='ocrx_word' id='word_1_261' title='bbox 399 3624 521 3676; x_wconf 86' lang='lat' dir='ltr'><strong><em>que,</em></strong></span> <span class='ocrx_word' id='word_1_262' title='bbox 549 3607 634 3660; x_wconf 90' lang='lat' dir='ltr'><strong><em>ubi</em></strong></span> <span class='ocrx_word' id='word_1_263' title='bbox 656 3606 706 3660; x_wconf 91' lang='lat' dir='ltr'><strong><em>in</em></strong></span> <span class='ocrx_word' id='word_1_264' title='bbox 729 3621 914 3675; x_wconf 81' lang='lat' dir='ltr'><strong><em>magna</em></strong></span> <span class='ocrx_word' id='word_1_265' title='bbox 938 3604 1328 3659; x_wconf 85' lang='lat' dir='ltr'><strong><em>existimatione</em></strong></span> <span class='ocrx_word' id='word_1_266' title='bbox 1352 3612 1483 3667; x_wconf 89' lang='lat' dir='ltr'><strong><em>erat,</em></strong></span> <span class='ocrx_word' id='word_1_267' title='bbox 1506 3604 1809 3657; x_wconf 86' lang='lat' dir='ltr'><strong><em>innumeras</em></strong></span> <span class='ocrx_word' id='word_1_268' title='bbox 1836 3618 1969 3671; x_wconf 89' lang='lat' dir='ltr'><strong><em>pene</em></strong></span> 
     </span>
    </p>
   </div>
   <div class='ocr_carea' id='block_1_37' title="bbox 398 3694 1970 3769">
    <p class='ocr_par' dir='ltr' id='par_1_37' title="bbox 398 3694 1970 3769">
     <span class='ocr_line' id='line_1_37' title="bbox 398 3694 1970 3769; baseline -0.003 -16"><span class='ocrx_word' id='word_1_269' title='bbox 398 3699 653 3769; x_wconf 87' lang='lat' dir='ltr'><strong><em>epistolas</em></strong></span> <span class='ocrx_word' id='word_1_270' title='bbox 670 3697 968 3752; x_wconf 83' lang='lat' dir='ltr'><strong><em>misitexsul</em></strong></span> <span class='ocrx_word' id='word_1_271' title='bbox 999 3714 1011 3749; x_wconf 90' lang='lat'>:</span> <span class='ocrx_word' id='word_1_272' title='bbox 1036 3711 1257 3765; x_wconf 90' lang='lat' dir='ltr'><strong><em>quarum</em></strong></span> <span class='ocrx_word' id='word_1_273' title='bbox 1281 3695 1457 3748; x_wconf 55' lang='lat' dir='ltr'><strong><em>multa”:</em></strong></span> <span class='ocrx_word' id='word_1_274' title='bbox 1474 3694 1700 3764; x_wconf 87' lang='lat' dir='ltr'><strong><em>periere,</em></strong></span> <span class='ocrx_word' id='word_1_275' title='bbox 1717 3695 1970 3764; x_wconf 90' lang='lat' dir='ltr'><strong><em>plurimas</em></strong></span> 
     </span>
    </p>
   </div>
   <div class='ocr_carea' id='block_1_38' title="bbox 400 3786 1965 3862">
    <p class='ocr_par' dir='ltr' id='par_1_38' title="bbox 400 3786 1965 3862">
     <span class='ocr_line' id='line_1_38' title="bbox 400 3786 1965 3862; baseline -0.004 -18"><span class='ocrx_word' id='word_1_276' title='bbox 400 3806 608 3862; x_wconf 90' lang='lat' dir='ltr'><strong><em>quoque</em></strong></span> <span class='ocrx_word' id='word_1_277' title='bbox 636 3804 702 3843; x_wconf 81' lang='lat' dir='ltr'><strong><em>ex</em></strong></span> <span class='ocrx_word' id='word_1_278' title='bbox 748 3789 811 3843; x_wconf 89' lang='lat' dir='ltr'><strong><em>iis</em></strong></span> <span class='ocrx_word' id='word_1_279' title='bbox 845 3803 961 3857; x_wconf 71' lang='lat' dir='ltr'><strong><em>qua:</em></strong></span> <span class='ocrx_word' id='word_1_280' title='bbox 1018 3794 1299 3855; x_wconf 87' lang='lat' dir='ltr'><strong><em>supersunt</em></strong></span> <span class='ocrx_word' id='word_1_281' title='bbox 1353 3800 1456 3839; x_wconf 90' lang='lat' dir='ltr'><strong><em>non</em></strong></span> <span class='ocrx_word' id='word_1_282' title='bbox 1505 3786 1747 3839; x_wconf 90' lang='lat' dir='ltr'><strong><em>novimus</em></strong></span> <span class='ocrx_word' id='word_1_283' title='bbox 1792 3794 1965 3838; x_wconf 90' lang='lat' dir='ltr'><strong><em>utrum</em></strong></span> 
     </span>
    </p>
   </div>
   <div class='ocr_carea' id='block_1_39' title="bbox 399 3877 1965 3948">
    <p class='ocr_par' dir='ltr' id='par_1_39' title="bbox 399 3877 1965 3948">
     <span class='ocr_line' id='line_1_39' title="bbox 399 3877 1965 3948; baseline -0.005 -11"><span class='ocrx_word' id='word_1_284' title='bbox 399 3884 467 3937; x_wconf 89' lang='lat' dir='ltr'><strong><em>ad</em></strong></span> <span class='ocrx_word' id='word_1_285' title='bbox 494 3880 853 3936; x_wconf 81' lang='lat' dir='ltr'><strong><em>Antiochenos</em></strong></span> <span class='ocrx_word' id='word_1_286' title='bbox 879 3888 1139 3948; x_wconf 89' lang='lat' dir='ltr'><strong><em>spectent,</em></strong></span> <span class='ocrx_word' id='word_1_287' title='bbox 1169 3878 1290 3945; x_wconf 88' lang='lat' dir='ltr'><strong><em>quia</em></strong></span> <span class='ocrx_word' id='word_1_288' title='bbox 1321 3877 1615 3946; x_wconf 69' lang='lat' dir='ltr'><strong><em>smpissime</em></strong></span> <span class='ocrx_word' id='word_1_289' title='bbox 1668 3891 1772 3929; x_wconf 92' lang='lat' dir='ltr'><strong><em>non</em></strong></span> <span class='ocrx_word' id='word_1_290' title='bbox 1798 3885 1965 3939; x_wconf 89' lang='lat' dir='ltr'><strong><em>notat,</em></strong></span> 
     </span>
    </p>
   </div>
   <div class='ocr_carea' id='block_1_40' title="bbox 402 3965 1969 4034">
    <p class='ocr_par' dir='ltr' id='par_1_40' title="bbox 402 3965 1969 4034">
     <span class='ocr_line' id='line_1_40' title="bbox 402 3965 1969 4034; baseline -0.004 -8"><span class='ocrx_word' id='word_1_291' title='bbox 402 3987 501 4026; x_wconf 90' lang='lat' dir='ltr'><strong><em>nec</em></strong></span> <span class='ocrx_word' id='word_1_292' title='bbox 530 3972 621 4025; x_wconf 90' lang='lat' dir='ltr'><strong><em>dat</em></strong></span> <span class='ocrx_word' id='word_1_293' title='bbox 662 3971 836 4024; x_wconf 90' lang='lat' dir='ltr'><strong><em>locum</em></strong></span> <span class='ocrx_word' id='word_1_294' title='bbox 879 3967 1291 4030; x_wconf 88' lang='lat' dir='ltr'><strong><em>iuternoscendi,</em></strong></span> <span class='ocrx_word' id='word_1_295' title='bbox 1311 3982 1415 4034; x_wconf 91' lang='lat' dir='ltr'><strong><em>quo</em></strong></span> <span class='ocrx_word' id='word_1_296' title='bbox 1444 3967 1494 4019; x_wconf 92' lang='lat' dir='ltr'><strong><em>in</em></strong></span> <span class='ocrx_word' id='word_1_297' title='bbox 1524 3966 1641 4019; x_wconf 92' lang='lat' dir='ltr'><strong><em>loco</em></strong></span> <span class='ocrx_word' id='word_1_298' title='bbox 1666 3965 1904 4019; x_wconf 80' lang='lat' dir='ltr'><strong><em>habitent</em></strong></span> <span class='ocrx_word' id='word_1_299' title='bbox 1934 3966 1969 4019; x_wconf 92' lang='lat' dir='ltr'><strong><em>ii</em></strong></span> 
     </span>
    </p>
   </div>
   <div class='ocr_carea' id='block_1_41' title="bbox 401 4058 1970 4132">
    <p class='ocr_par' dir='ltr' id='par_1_41' title="bbox 401 4058 1970 4132">
     <span class='ocr_line' id='line_1_41' title="bbox 401 4058 1970 4132; baseline -0.003 -17"><span class='ocrx_word' id='word_1_300' title='bbox 401 4063 466 4117; x_wconf 88' lang='lat' dir='ltr'><strong><em>ad</em></strong></span> <span class='ocrx_word' id='word_1_301' title='bbox 486 4063 812 4132; x_wconf 87' lang='lat' dir='ltr'><strong><em>quosliteras</em></strong></span> <span class='ocrx_word' id='word_1_302' title='bbox 831 4060 1042 4130; x_wconf 85' lang='lat' dir='ltr'><strong><em>dirigit;</em></strong></span> <span class='ocrx_word' id='word_1_303' title='bbox 1084 4058 1371 4113; x_wconf 70' lang='lat' dir='ltr'><strong><em>verisimile</em></strong></span> <span class='ocrx_word' id='word_1_304' title='bbox 1400 4067 1575 4111; x_wconf 90' lang='lat' dir='ltr'><strong><em>autem</em></strong></span> <span class='ocrx_word' id='word_1_305' title='bbox 1605 4066 1689 4111; x_wconf 90' lang='lat' dir='ltr'><strong><em>est</em></strong></span> <span class='ocrx_word' id='word_1_306' title='bbox 1719 4058 1970 4125; x_wconf 89' lang='lat' dir='ltr'><strong><em>plurimas</em></strong></span> 
     </span>
    </p>
   </div>
   <div class='ocr_carea' id='block_1_42' title="bbox 401 4148 1972 4223">
    <p class='ocr_par' dir='ltr' id='par_1_42' title="bbox 401 4148 1972 4223">
     <span class='ocr_line' id='line_1_42' title="bbox 401 4148 1972 4223; baseline -0.009 -14"><span class='ocrx_word' id='word_1_307' title='bbox 401 4171 465 4209; x_wconf 82' lang='lat' dir='ltr'><strong><em>ex</em></strong></span> <span class='ocrx_word' id='word_1_308' title='bbox 489 4154 611 4217; x_wconf 90' lang='lat' dir='ltr'><strong><em>illis,</em></strong></span> <span class='ocrx_word' id='word_1_309' title='bbox 631 4169 750 4223; x_wconf 72' lang='lat' dir='ltr'><strong><em>qua:</em></strong></span> <span class='ocrx_word' id='word_1_310' title='bbox 784 4150 1081 4220; x_wconf 91' lang='lat' dir='ltr'><strong><em>hujusmodi</em></strong></span> <span class='ocrx_word' id='word_1_311' title='bbox 1112 4158 1288 4204; x_wconf 89' lang='lat' dir='ltr'><strong><em>notam</em></strong></span> <span class='ocrx_word' id='word_1_312' title='bbox 1337 4164 1441 4204; x_wconf 89' lang='lat' dir='ltr'><strong><em>non</em></strong></span> <span class='ocrx_word' id='word_1_313' title='bbox 1475 4148 1666 4213; x_wconf 89' lang='lat' dir='ltr'><strong><em>ferunt,</em></strong></span> <span class='ocrx_word' id='word_1_314' title='bbox 1699 4148 1764 4201; x_wconf 88' lang='lat' dir='ltr'><strong><em>ad</em></strong></span> <span class='ocrx_word' id='word_1_315' title='bbox 1788 4148 1972 4201; x_wconf 83' lang='lat' dir='ltr'><strong><em>Antio.</em></strong></span> 
     </span>
    </p>
   </div>
   <div class='ocr_carea' id='block_1_43' title="bbox 401 4240 1971 4310">
    <p class='ocr_par' dir='ltr' id='par_1_43' title="bbox 401 4240 1971 4310">
     <span class='ocr_line' id='line_1_43' title="bbox 401 4240 1971 4310; baseline -0.004 -11"><span class='ocrx_word' id='word_1_316' title='bbox 401 4247 603 4300; x_wconf 90' lang='lat' dir='ltr'><strong><em>chenos</em></strong></span> <span class='ocrx_word' id='word_1_317' title='bbox 628 4245 817 4298; x_wconf 88' lang='lat' dir='ltr'><strong><em>missas</em></strong></span> <span class='ocrx_word' id='word_1_318' title='bbox 844 4243 1025 4297; x_wconf 86' lang='lat' dir='ltr'><strong><em>fuisse.</em></strong></span> <span class='ocrx_word' id='word_1_319' title='bbox 1058 4242 1200 4296; x_wconf 84' lang='lat' dir='ltr'><strong><em>Inter</em></strong></span> <span class='ocrx_word' id='word_1_320' title='bbox 1229 4255 1342 4303; x_wconf 92' lang='lat' dir='ltr'><strong><em>eos,</em></strong></span> <span class='ocrx_word' id='word_1_321' title='bbox 1371 4240 1461 4310; x_wconf 90' lang='lat' dir='ltr'><strong><em>qui</em></strong></span> <span class='ocrx_word' id='word_1_322' title='bbox 1493 4241 1787 4293; x_wconf 72' lang='lat' dir='ltr'><strong><em>Antiochia:</em></strong></span> <span class='ocrx_word' id='word_1_323' title='bbox 1815 4240 1971 4294; x_wconf 83' lang='lat' dir='ltr'><strong><em>sedes</em></strong></span> 
     </span>
    </p>
   </div>
   <div class='ocr_carea' id='block_1_44' title="bbox 405 4330 1969 4401">
    <p class='ocr_par' dir='ltr' id='par_1_44' title="bbox 405 4330 1969 4401">
     <span class='ocr_line' id='line_1_44' title="bbox 405 4330 1969 4401; baseline -0.004 -12"><span class='ocrx_word' id='word_1_324' title='bbox 405 4335 686 4397; x_wconf 88' lang='lat' dir='ltr'><strong><em>habebant,</em></strong></span> <span class='ocrx_word' id='word_1_325' title='bbox 716 4334 941 4388; x_wconf 86' lang='lat' dir='ltr'><strong><em>amicitia</em></strong></span> <span class='ocrx_word' id='word_1_326' title='bbox 963 4333 1034 4386; x_wconf 90' lang='lat' dir='ltr'><strong><em>illi</em></strong></span> <span class='ocrx_word' id='word_1_327' title='bbox 1056 4330 1470 4401; x_wconf 90' lang='lat' dir='ltr'><strong><em>conjunctissimi</em></strong></span> <span class='ocrx_word' id='word_1_328' title='bbox 1491 4338 1644 4384; x_wconf 85' lang='lat' dir='ltr'><strong><em>erant</em></strong></span> <span class='ocrx_word' id='word_1_329' title='bbox 1675 4330 1969 4383; x_wconf 85' lang='lat' dir='ltr'><strong><em>Marcianus</em></strong></span> 
     </span>
    </p>
   </div>
   <div class='ocr_carea' id='block_1_45' title="bbox 401 4421 1971 4492">
    <p class='ocr_par' dir='ltr' id='par_1_45' title="bbox 401 4421 1971 4492">
     <span class='ocr_line' id='line_1_45' title="bbox 401 4421 1971 4492; baseline -0.003 -13"><span class='ocrx_word' id='word_1_330' title='bbox 401 4437 455 4480; x_wconf 90' lang='lat' dir='ltr'><strong><em>et</em></strong></span> <span class='ocrx_word' id='word_1_331' title='bbox 475 4426 805 4481; x_wconf 83' lang='lat' dir='ltr'><strong><em>Marcellinus</em></strong></span> <span class='ocrx_word' id='word_1_332' title='bbox 838 4424 1046 4488; x_wconf 82' lang='lat' dir='ltr'><strong><em>fratres,</em></strong></span> <span class='ocrx_word' id='word_1_333' title='bbox 1071 4438 1293 4492; x_wconf 91' lang='lat' dir='ltr'><strong><em>quorum</em></strong></span> <span class='ocrx_word' id='word_1_334' title='bbox 1346 4432 1644 4490; x_wconf 86' lang='lat' dir='ltr'><strong><em>postremus</em></strong></span> <span class='ocrx_word' id='word_1_335' title='bbox 1685 4422 1734 4473; x_wconf 90' lang='lat' dir='ltr'><strong><em>in</em></strong></span> <span class='ocrx_word' id='word_1_336' title='bbox 1766 4421 1971 4474; x_wconf 86' lang='lat' dir='ltr'><strong><em>duobus</em></strong></span> 
     </span>
    </p>
   </div>
   <div class='ocr_carea' id='block_1_46' title="bbox 403 4512 1971 4580">
    <p class='ocr_par' dir='ltr' id='par_1_46' title="bbox 403 4512 1971 4580">
     <span class='ocr_line' id='line_1_46' title="bbox 403 4512 1971 4580; baseline -0.003 -9"><span class='ocrx_word' id='word_1_337' title='bbox 403 4518 526 4572; x_wconf 80' lang='lat' dir='ltr'><strong><em>Mss.</em></strong></span> <span class='ocrx_word' id='word_1_338' title='bbox 555 4516 917 4571; x_wconf 81' lang='lat' dir='ltr'><strong><em>Marcellianus</em></strong></span> <span class='ocrx_word' id='word_1_339' title='bbox 938 4524 1173 4569; x_wconf 87' lang='lat' dir='ltr'><strong><em>vocatur.</em></strong></span> <span class='ocrx_word' id='word_1_340' title='bbox 1218 4512 1326 4567; x_wconf 84' lang='lat' dir='ltr'><strong><em>Hos</em></strong></span> <span class='ocrx_word' id='word_1_341' title='bbox 1350 4527 1477 4567; x_wconf 91' lang='lat' dir='ltr'><strong><em>vero</em></strong></span> <span class='ocrx_word' id='word_1_342' title='bbox 1514 4512 1757 4567; x_wconf 69' lang='lat' dir='ltr'><strong><em>obsecrat</em></strong></span> <span class='ocrx_word' id='word_1_343' title='bbox 1784 4514 1833 4565; x_wconf 91' lang='lat' dir='ltr'><strong><em>in</em></strong></span> <span class='ocrx_word' id='word_1_344' title='bbox 1855 4514 1971 4580; x_wconf 85' lang='lat' dir='ltr'><strong><em>epi-</em></strong></span> 
     </span>
    </p>
   </div>
   <div class='ocr_carea' id='block_1_47' title="bbox 400 4605 1968 4676">
    <p class='ocr_par' dir='ltr' id='par_1_47' title="bbox 400 4605 1968 4676">
     <span class='ocr_line' id='line_1_47' title="bbox 400 4605 1968 4676; baseline -0.003 -13"><span class='ocrx_word' id='word_1_345' title='bbox 400 4609 532 4663; x_wconf 86' lang='lat' dir='ltr'><strong><em>stola</em></strong></span> <span class='ocrx_word' id='word_1_346' title='bbox 560 4609 679 4671; x_wconf 85' lang='grc'><strong>129.</strong></span> <span class='ocrx_word' id='word_1_347' title='bbox 711 4617 770 4661; x_wconf 90' lang='lat' dir='ltr'><strong><em>ut</em></strong></span> <span class='ocrx_word' id='word_1_348' title='bbox 797 4623 854 4661; x_wconf 90' lang='lat' dir='ltr'><strong><em>se</em></strong></span> <span class='ocrx_word' id='word_1_349' title='bbox 883 4606 1185 4676; x_wconf 90' lang='lat' dir='ltr'><strong><em>frequenter</em></strong></span> <span class='ocrx_word' id='word_1_350' title='bbox 1212 4605 1277 4658; x_wconf 88' lang='lat' dir='ltr'><strong><em>de</em></strong></span> <span class='ocrx_word' id='word_1_351' title='bbox 1304 4605 1603 4658; x_wconf 87' lang='lat' dir='ltr'><strong><em>valetudine</em></strong></span> <span class='ocrx_word' id='word_1_352' title='bbox 1626 4620 1717 4657; x_wconf 91' lang='lat' dir='ltr'><strong><em>sua</em></strong></span> <span class='ocrx_word' id='word_1_353' title='bbox 1774 4605 1968 4659; x_wconf 88' lang='lat' dir='ltr'><strong><em>certio-</em></strong></span> 
     </span>
    </p>
   </div>
   <div class='ocr_carea' id='block_1_48' title="bbox 402 4694 1970 4761">
    <p class='ocr_par' dir='ltr' id='par_1_48' title="bbox 402 4694 1970 4761">
     <span class='ocr_line' id='line_1_48' title="bbox 402 4694 1970 4761; baseline -0.004 -6"><span class='ocrx_word' id='word_1_354' title='bbox 402 4717 513 4755; x_wconf 87' lang='lat' dir='ltr'><strong><em>rem</em></strong></span> <span class='ocrx_word' id='word_1_355' title='bbox 566 4701 775 4754; x_wconf 88' lang='lat' dir='ltr'><strong><em>faciant.</em></strong></span> <span class='ocrx_word' id='word_1_356' title='bbox 819 4698 1149 4752; x_wconf 87' lang='lat' dir='ltr'><strong><em>Theodotum</em></strong></span> <span class='ocrx_word' id='word_1_357' title='bbox 1192 4710 1316 4749; x_wconf 90' lang='lat' dir='ltr'><strong><em>vero</em></strong></span> <span class='ocrx_word' id='word_1_358' title='bbox 1364 4694 1642 4748; x_wconf 88' lang='lat' dir='ltr'><strong><em>diaconum</em></strong></span> <span class='ocrx_word' id='word_1_359' title='bbox 1686 4704 1883 4761; x_wconf 87' lang='lat' dir='ltr'><strong><em>monet,</em></strong></span> <span class='ocrx_word' id='word_1_360' title='bbox 1914 4703 1970 4748; x_wconf 91' lang='lat' dir='ltr'><strong><em>ut</em></strong></span> 
     </span>
    </p>
   </div>
   <div class='ocr_carea' id='block_1_49' title="bbox 403 4783 1969 4854">
    <p class='ocr_par' dir='ltr' id='par_1_49' title="bbox 403 4783 1969 4854">
     <span class='ocr_line' id='line_1_49' title="bbox 403 4783 1969 4854; baseline -0.004 -10"><span class='ocrx_word' id='word_1_361' title='bbox 403 4789 791 4845; x_wconf 82' lang='lat' dir='ltr'><strong><em>Marcelliannm</em></strong></span> <span class='ocrx_word' id='word_1_362' title='bbox 839 4797 893 4842; x_wconf 91' lang='lat' dir='ltr'><strong><em>et</em></strong></span> <span class='ocrx_word' id='word_1_363' title='bbox 934 4787 1149 4841; x_wconf 85' lang='lat' dir='ltr'><strong><em>fratrem</em></strong></span> <span class='ocrx_word' id='word_1_364' title='bbox 1186 4786 1483 4849; x_wconf 82' lang='lat' dir='ltr'><strong><em>conveniat,</em></strong></span> <span class='ocrx_word' id='word_1_365' title='bbox 1517 4794 1569 4838; x_wconf 91' lang='lat' dir='ltr'><strong><em>et</em></strong></span> <span class='ocrx_word' id='word_1_366' title='bbox 1611 4785 1747 4854; x_wconf 90' lang='lat' dir='ltr'><strong><em>apud</em></strong></span> <span class='ocrx_word' id='word_1_367' title='bbox 1776 4801 1868 4839; x_wconf 89' lang='lat' dir='ltr'><strong><em>eos</em></strong></span> <span class='ocrx_word' id='word_1_368' title='bbox 1917 4783 1969 4837; x_wconf 88' lang='lat' dir='ltr'><strong><em>id</em></strong></span> 
     </span>
    </p>
   </div>
   <div class='ocr_carea' id='block_1_50' title="bbox 403 4874 1969 4949">
    <p class='ocr_par' dir='ltr' id='par_1_50' title="bbox 403 4874 1969 4949">
     <span class='ocr_line' id='line_1_50' title="bbox 403 4874 1969 4949; baseline -0.003 -16"><span class='ocrx_word' id='word_1_369' title='bbox 403 4888 539 4949; x_wconf 81' lang='lat' dir='ltr'><strong><em>agat,</em></strong></span> <span class='ocrx_word' id='word_1_370' title='bbox 559 4888 613 4931; x_wconf 92' lang='lat' dir='ltr'><strong><em>ut</em></strong></span> <span class='ocrx_word' id='word_1_371' title='bbox 642 4878 1069 4946; x_wconf 86' lang='lat' dir='ltr'><strong><em>Chrysostomum</em></strong></span> <span class='ocrx_word' id='word_1_372' title='bbox 1100 4883 1317 4944; x_wconf 87' lang='lat' dir='ltr'><strong><em>purgent</em></strong></span> <span class='ocrx_word' id='word_1_373' title='bbox 1343 4874 1483 4942; x_wconf 89' lang='lat' dir='ltr'><strong><em>apud</em></strong></span> <span class='ocrx_word' id='word_1_374' title='bbox 1511 4874 1821 4940; x_wconf 86' lang='lat' dir='ltr'><strong><em>Carteriam,</em></strong></span> <span class='ocrx_word' id='word_1_375' title='bbox 1853 4890 1969 4942; x_wconf 68' lang='lat' dir='ltr'><strong><em>qua:</em></strong></span> 
     </span>
    </p>
   </div>
   <div class='ocr_carea' id='block_1_51' title="bbox 400 4966 1971 5039">
    <p class='ocr_par' dir='ltr' id='par_1_51' title="bbox 400 4966 1971 5039">
     <span class='ocr_line' id='line_1_51' title="bbox 400 4966 1971 5039; baseline -0.002 -15"><span class='ocrx_word' id='word_1_376' title='bbox 400 4972 469 5026; x_wconf 91' lang='lat' dir='ltr'><strong><em>de</em></strong></span> <span class='ocrx_word' id='word_1_377' title='bbox 492 4970 868 5039; x_wconf 85' lang='lat' dir='ltr'><strong><em>Chrysostomo</em></strong></span> <span class='ocrx_word' id='word_1_378' title='bbox 894 4968 1229 5035; x_wconf 87' lang='lat' dir='ltr'><strong><em>querebatur,</em></strong></span> <span class='ocrx_word' id='word_1_379' title='bbox 1252 4966 1387 5035; x_wconf 90' lang='lat' dir='ltr'><strong><em>quod</em></strong></span> <span class='ocrx_word' id='word_1_380' title='bbox 1418 4966 1483 5019; x_wconf 89' lang='lat' dir='ltr'><strong><em>ad</em></strong></span> <span class='ocrx_word' id='word_1_381' title='bbox 1507 4982 1621 5020; x_wconf 88' lang='lat' dir='ltr'><strong><em>eam</em></strong></span> <span class='ocrx_word' id='word_1_382' title='bbox 1648 4983 1749 5020; x_wconf 90' lang='lat' dir='ltr'><strong><em>non</em></strong></span> <span class='ocrx_word' id='word_1_383' title='bbox 1771 4968 1971 5021; x_wconf 82' lang='lat' dir='ltr'><strong><em>scribe-</em></strong></span> 
     </span>
    </p>
   </div>
   <div class='ocr_carea' id='block_1_52' title="bbox 403 5058 1969 5132">
    <p class='ocr_par' dir='ltr' id='par_1_52' title="bbox 403 5058 1969 5132">
     <span class='ocr_line' id='line_1_52' title="bbox 403 5058 1969 5132; baseline -0.003 -14"><span class='ocrx_word' id='word_1_384' title='bbox 403 5074 514 5118; x_wconf 90' lang='lat' dir='ltr'><strong><em>ret:</em></strong></span> <span class='ocrx_word' id='word_1_385' title='bbox 545 5078 645 5132; x_wconf 89' lang='lat' dir='ltr'><strong><em>qua</em></strong></span> <span class='ocrx_word' id='word_1_386' title='bbox 674 5061 740 5116; x_wconf 91' lang='lat' dir='ltr'><strong><em>de</em></strong></span> <span class='ocrx_word' id='word_1_387' title='bbox 760 5076 819 5114; x_wconf 91' lang='lat' dir='ltr'><strong><em>re</em></strong></span> <span class='ocrx_word' id='word_1_388' title='bbox 850 5059 1086 5114; x_wconf 88' lang='lat' dir='ltr'><strong><em>inferius.</em></strong></span> <span class='ocrx_word' id='word_1_389' title='bbox 1118 5058 1506 5111; x_wconf 82' lang='lat' dir='ltr'><strong><em>Marcellianum</em></strong></span> <span class='ocrx_word' id='word_1_390' title='bbox 1531 5074 1656 5111; x_wconf 91' lang='lat' dir='ltr'><strong><em>vero</em></strong></span> <span class='ocrx_word' id='word_1_391' title='bbox 1676 5070 1729 5111; x_wconf 92' lang='lat' dir='ltr'><strong><em>et</em></strong></span> <span class='ocrx_word' id='word_1_392' title='bbox 1755 5058 1969 5113; x_wconf 82' lang='lat' dir='ltr'><strong><em>fratrem</em></strong></span> 
     </span>
    </p>
   </div>
   <div class='ocr_carea' id='block_1_53' title="bbox 405 5148 1970 5217">
    <p class='ocr_par' dir='ltr' id='par_1_53' title="bbox 405 5148 1970 5217">
     <span class='ocr_line' id='line_1_53' title="bbox 405 5148 1970 5217; baseline 0 -15"><span class='ocrx_word' id='word_1_393' title='bbox 405 5155 489 5207; x_wconf 83' lang='lat' dir='ltr'><strong><em>hic</em></strong></span> <span class='ocrx_word' id='word_1_394' title='bbox 528 5151 884 5206; x_wconf 84' lang='lat' dir='ltr'><strong><em>nobilissimos</em></strong></span> <span class='ocrx_word' id='word_1_395' title='bbox 924 5159 1095 5204; x_wconf 90' lang='lat' dir='ltr'><strong><em>vocat.</em></strong></span> <span class='ocrx_word' id='word_1_396' title='bbox 1127 5148 1345 5216; x_wconf 87' lang='lat' dir='ltr'><strong><em>Scripsit</em></strong></span> <span class='ocrx_word' id='word_1_397' title='bbox 1372 5149 1527 5201; x_wconf 91' lang='lat' dir='ltr'><strong><em>etiam</em></strong></span> <span class='ocrx_word' id='word_1_398' title='bbox 1568 5148 1668 5202; x_wconf 93' lang='lat' dir='ltr'><strong><em>illis</em></strong></span> <span class='ocrx_word' id='word_1_399' title='bbox 1694 5149 1970 5217; x_wconf 87' lang='lat' dir='ltr'><strong><em>epistolam</em></strong></span> 
     </span>
    </p>
   </div>
   <div class='ocr_carea' id='block_1_54' title="bbox 403 5240 1967 5313">
    <p class='ocr_par' dir='ltr' id='par_1_54' title="bbox 403 5240 1967 5313">
     <span class='ocr_line' id='line_1_54' title="bbox 403 5240 1967 5313; baseline -0.005 -14"><span class='ocrx_word' id='word_1_400' title='bbox 403 5246 526 5309; x_wconf 71' lang='grc'>224,</span> <span class='ocrx_word' id='word_1_401' title='bbox 558 5256 610 5299; x_wconf 84' lang='lat' dir='ltr'><strong><em>et</em></strong></span> <span class='ocrx_word' id='word_1_402' title='bbox 627 5245 863 5313; x_wconf 87' lang='lat' dir='ltr'><strong><em>queritur</em></strong></span> <span class='ocrx_word' id='word_1_403' title='bbox 882 5242 1021 5311; x_wconf 91' lang='lat' dir='ltr'><strong><em>quod</em></strong></span> <span class='ocrx_word' id='word_1_404' title='bbox 1042 5241 1252 5306; x_wconf 91' lang='lat' dir='ltr'><strong><em>sileant,</em></strong></span> <span class='ocrx_word' id='word_1_405' title='bbox 1291 5256 1386 5294; x_wconf 88' lang='lat' dir='ltr'><strong><em>nec</em></strong></span> <span class='ocrx_word' id='word_1_406' title='bbox 1408 5241 1588 5294; x_wconf 88' lang='lat' dir='ltr'><strong><em>literas</em></strong></span> <span class='ocrx_word' id='word_1_407' title='bbox 1610 5240 1708 5293; x_wconf 89' lang='lat' dir='ltr'><strong><em>sibi</em></strong></span> <span class='ocrx_word' id='word_1_408' title='bbox 1736 5241 1967 5308; x_wconf 86' lang='lat' dir='ltr'><strong><em>mittant,</em></strong></span> 
     </span>
    </p>
   </div>
   <div class='ocr_carea' id='block_1_55' title="bbox 407 5331 1972 5403">
    <p class='ocr_par' dir='ltr' id='par_1_55' title="bbox 407 5331 1972 5403">
     <span class='ocr_line' id='line_1_55' title="bbox 407 5331 1972 5403; baseline -0.004 -12"><span class='ocrx_word' id='word_1_409' title='bbox 407 5352 503 5392; x_wconf 90' lang='lat' dir='ltr'><strong><em>nec</em></strong></span> <span class='ocrx_word' id='word_1_410' title='bbox 519 5345 785 5403; x_wconf 88' lang='lat' dir='ltr'><strong><em>acceptam</em></strong></span> <span class='ocrx_word' id='word_1_411' title='bbox 813 5334 911 5387; x_wconf 91' lang='lat' dir='ltr'><strong><em>sibi</em></strong></span> <span class='ocrx_word' id='word_1_412' title='bbox 940 5348 1057 5386; x_wconf 84' lang='lat' dir='ltr'><strong><em>esse</em></strong></span> <span class='ocrx_word' id='word_1_413' title='bbox 1083 5333 1208 5385; x_wconf 85' lang='lat' dir='ltr'><strong><em>dicit</em></strong></span> <span class='ocrx_word' id='word_1_414' title='bbox 1228 5331 1641 5393; x_wconf 72' lang='lat' dir='ltr'><strong><em>excusationem,</em></strong></span> <span class='ocrx_word' id='word_1_415' title='bbox 1690 5346 1848 5400; x_wconf 89' lang='lat' dir='ltr'><strong><em>quam</em></strong></span> <span class='ocrx_word' id='word_1_416' title='bbox 1880 5347 1972 5399; x_wconf 88' lang='lat' dir='ltr'><strong><em>per</em></strong></span> 
     </span>
    </p>
   </div>
   <div class='ocr_carea' id='block_1_56' title="bbox 403 5420 1972 5495">
    <p class='ocr_par' dir='ltr' id='par_1_56' title="bbox 403 5420 1972 5495">
     <span class='ocr_line' id='line_1_56' title="bbox 403 5420 1972 5495; baseline -0.004 -16"><span class='ocrx_word' id='word_1_417' title='bbox 403 5428 763 5481; x_wconf 80' lang='lat' dir='ltr'><strong><em>Constantium</em></strong></span> <span class='ocrx_word' id='word_1_418' title='bbox 789 5424 1148 5495; x_wconf 81' lang='lat' dir='ltr'><strong><em>presbyterum</em></strong></span> <span class='ocrx_word' id='word_1_419' title='bbox 1179 5422 1446 5474; x_wconf 79' lang='lat' dir='ltr'><strong><em>miserant.</em></strong></span> <span class='ocrx_word' id='word_1_420' title='bbox 1474 5420 1665 5473; x_wconf 72' lang='lat' dir='ltr'><strong><em>Verum</em></strong></span> <span class='ocrx_word' id='word_1_421' title='bbox 1694 5430 1972 5489; x_wconf 86' lang='lat' dir='ltr'><strong><em>antequam</em></strong></span> 
     </span>
    </p>
   </div>
   <div class='ocr_carea' id='block_1_57' title="bbox 408 5509 1975 5582">
    <p class='ocr_par' dir='ltr' id='par_1_57' title="bbox 408 5509 1975 5582">
     <span class='ocr_line' id='line_1_57' title="bbox 408 5509 1975 5582; baseline -0.004 -13"><span class='ocrx_word' id='word_1_422' title='bbox 408 5518 476 5569; x_wconf 92' lang='lat' dir='ltr'><strong><em>illi</em></strong></span> <span class='ocrx_word' id='word_1_423' title='bbox 508 5517 639 5569; x_wconf 88' lang='lat' dir='ltr'><strong><em>hanc</em></strong></span> <span class='ocrx_word' id='word_1_424' title='bbox 657 5514 929 5582; x_wconf 87' lang='lat' dir='ltr'><strong><em>epistolam</em></strong></span> <span class='ocrx_word' id='word_1_425' title='bbox 979 5513 1296 5580; x_wconf 86' lang='lat' dir='ltr'><strong><em>acciperent,</em></strong></span> <span class='ocrx_word' id='word_1_426' title='bbox 1328 5525 1507 5564; x_wconf 91' lang='lat' dir='ltr'><strong><em>eorum</em></strong></span> <span class='ocrx_word' id='word_1_427' title='bbox 1531 5509 1643 5577; x_wconf 89' lang='lat' dir='ltr'><strong><em>ipse</em></strong></span> <span class='ocrx_word' id='word_1_428' title='bbox 1685 5510 1864 5564; x_wconf 87' lang='lat' dir='ltr'><strong><em>literas</em></strong></span> <span class='ocrx_word' id='word_1_429' title='bbox 1887 5526 1975 5563; x_wconf 85' lang='lat' dir='ltr'><strong><em>ac-</em></strong></span> 
     </span>
    </p>
   </div>
   <div class='ocr_carea' id='block_1_58' title="bbox 405 5600 1974 5676">
    <p class='ocr_par' dir='ltr' id='par_1_58' title="bbox 405 5600 1974 5676">
     <span class='ocr_line' id='line_1_58' title="bbox 405 5600 1974 5676; baseline -0.001 -17"><span class='ocrx_word' id='word_1_430' title='bbox 405 5609 561 5676; x_wconf 84' lang='lat' dir='ltr'><strong><em>cepit,</em></strong></span> <span class='ocrx_word' id='word_1_431' title='bbox 589 5606 737 5676; x_wconf 86' lang='lat' dir='ltr'><strong><em>queis</em></strong></span> <span class='ocrx_word' id='word_1_432' title='bbox 762 5606 906 5659; x_wconf 91' lang='lat' dir='ltr'><strong><em>illum</em></strong></span> <span class='ocrx_word' id='word_1_433' title='bbox 934 5605 1162 5658; x_wconf 89' lang='lat' dir='ltr'><strong><em>vicissim</em></strong></span> <span class='ocrx_word' id='word_1_434' title='bbox 1210 5601 1540 5655; x_wconf 88' lang='lat' dir='ltr'><strong><em>lacessebant</em></strong></span> <span class='ocrx_word' id='word_1_435' title='bbox 1564 5600 1703 5670; x_wconf 88' lang='lat' dir='ltr'><strong><em>quod</em></strong></span> <span class='ocrx_word' id='word_1_436' title='bbox 1746 5600 1844 5654; x_wconf 89' lang='lat' dir='ltr'><strong><em>sibi</em></strong></span> <span class='ocrx_word' id='word_1_437' title='bbox 1870 5618 1974 5657; x_wconf 90' lang='lat' dir='ltr'><strong><em>non</em></strong></span> 
     </span>
    </p>
   </div>
   <div class='ocr_carea' id='block_1_59' title="bbox 407 5693 1975 5766">
    <p class='ocr_par' dir='ltr' id='par_1_59' title="bbox 407 5693 1975 5766">
     <span class='ocr_line' id='line_1_59' title="bbox 407 5693 1975 5766; baseline -0.004 -13"><span class='ocrx_word' id='word_1_438' title='bbox 407 5700 679 5753; x_wconf 75' lang='lat' dir='ltr'><strong><em>scriberet.</em></strong></span> <span class='ocrx_word' id='word_1_439' title='bbox 707 5696 997 5766; x_wconf 74' lang='lat' dir='ltr'><strong><em>Respoudzt</em></strong></span> <span class='ocrx_word' id='word_1_440' title='bbox 1022 5697 1123 5749; x_wconf 92' lang='lat' dir='ltr'><strong><em>illis</em></strong></span> <span class='ocrx_word' id='word_1_441' title='bbox 1172 5694 1582 5765; x_wconf 85' lang='lat' dir='ltr'><strong><em>Chrysostomus</em></strong></span> <span class='ocrx_word' id='word_1_442' title='bbox 1602 5734 1615 5757; x_wconf 93' lang='lat'><strong><em>,</em></strong></span> <span class='ocrx_word' id='word_1_443' title='bbox 1650 5706 1805 5762; x_wconf 84' lang='lat' dir='ltr'><strong><em>atque</em></strong></span> <span class='ocrx_word' id='word_1_444' title='bbox 1833 5693 1975 5761; x_wconf 88' lang='lat' dir='ltr'><strong><em>ipsos</em></strong></span> 
     </span>
    </p>
   </div>
   <div class='ocr_carea' id='block_1_60' title="bbox 410 5784 1972 5859">
    <p class='ocr_par' dir='ltr' id='par_1_60' title="bbox 410 5784 1972 5859">
     <span class='ocr_line' id='line_1_60' title="bbox 410 5784 1972 5859; baseline -0.005 -12"><span class='ocrx_word' id='word_1_445' title='bbox 410 5789 653 5847; x_wconf 50' lang='lat' dir='ltr'><strong><em>noni-sine</em></strong></span> <span class='ocrx_word' id='word_1_446' title='bbox 674 5804 831 5845; x_wconf 86' lang='lat' dir='ltr'><strong><em>causa</em></strong></span> <span class='ocrx_word' id='word_1_447' title='bbox 876 5803 1052 5859; x_wconf 88' lang='lat' dir='ltr'><strong><em>parem</em></strong></span> <span class='ocrx_word' id='word_1_448' title='bbox 1101 5786 1482 5857; x_wconf 88' lang='lat' dir='ltr'><strong><em>querimoniam</em></strong></span> <span class='ocrx_word' id='word_1_449' title='bbox 1523 5784 1712 5839; x_wconf 84' lang='lat' dir='ltr'><strong><em>aﬂ‘erre</em></strong></span> <span class='ocrx_word' id='word_1_450' title='bbox 1754 5784 1972 5839; x_wconf 85' lang='lat' dir='ltr'><strong><em>conﬁte-</em></strong></span> 
     </span>
    </p>
   </div>
   <div class='ocr_carea' id='block_1_61' title="bbox 1506 383 2415 446">
    <p class='ocr_par' dir='ltr' id='par_1_61' title="bbox 1506 383 2415 446">
     <span class='ocr_line' id='line_1_61' title="bbox 1506 383 2415 446; baseline 0.006 -6"><span class='ocrx_word' id='word_1_451' title='bbox 1506 383 1685 441; x_wconf 83' lang='lat' dir='ltr'><strong><em>NUNC</em></strong></span> <span class='ocrx_word' id='word_1_452' title='bbox 1725 384 1987 442; x_wconf 75' lang='lat' dir='ltr'><strong>PRIMUM</strong></span> <span class='ocrx_word' id='word_1_453' title='bbox 2024 385 2415 446; x_wconf 78' lang='lat' dir='ltr'><strong><em>ADORNATA.</em></strong></span> 
     </span>
    </p>
   </div>
   <div class='ocr_carea' id='block_1_62' title="bbox 3534 399 3635 453">
    <p class='ocr_par' dir='ltr' id='par_1_62' title="bbox 3534 399 3635 453">
     <span class='ocr_line' id='line_1_62' title="bbox 3534 399 3635 453; baseline -0.01 0"><span class='ocrx_word' id='word_1_454' title='bbox 3534 399 3635 453; x_wconf 68' lang='lat'><strong><em>230</em></strong></span> 
     </span>
    </p>
   </div>
   <div class='ocr_carea' id='block_1_63' title="bbox 2068 502 3636 583">
    <p class='ocr_par' dir='ltr' id='par_1_63' title="bbox 2068 502 3636 583">
     <span class='ocr_line' id='line_1_63' title="bbox 2068 502 3636 583; baseline 0.011 -31"><span class='ocrx_word' id='word_1_455' title='bbox 2068 509 2172 554; x_wconf 90' lang='lat' dir='ltr'><strong><em>tur.</em></strong></span> <span class='ocrx_word' id='word_1_456' title='bbox 2207 502 2281 555; x_wconf 80' lang='lat' dir='ltr'><strong><em>Ex</em></strong></span> <span class='ocrx_word' id='word_1_457' title='bbox 2310 503 2467 560; x_wconf 89' lang='lat' dir='ltr'><strong><em>dictis</em></strong></span> <span class='ocrx_word' id='word_1_458' title='bbox 2510 520 2633 561; x_wconf 89' lang='lat' dir='ltr'><strong><em>vero</em></strong></span> <span class='ocrx_word' id='word_1_459' title='bbox 2654 509 2769 578; x_wconf 89' lang='lat' dir='ltr'><strong><em>ejus</em></strong></span> <span class='ocrx_word' id='word_1_460' title='bbox 2795 511 2998 564; x_wconf 91' lang='lat' dir='ltr'><strong><em>eruitur</em></strong></span> <span class='ocrx_word' id='word_1_461' title='bbox 3034 511 3174 575; x_wconf 90' lang='lat' dir='ltr'><strong><em>illos,</em></strong></span> <span class='ocrx_word' id='word_1_462' title='bbox 3206 513 3302 567; x_wconf 92' lang='lat' dir='ltr'><strong><em>nisi</em></strong></span> <span class='ocrx_word' id='word_1_463' title='bbox 3324 514 3636 583; x_wconf 59' lang='lat' dir='ltr'><strong><em>aegritudine</em></strong></span> 
     </span>
    </p>
   </div>
   <div class='ocr_carea' id='block_1_64' title="bbox 2064 593 3637 667">
    <p class='ocr_par' dir='ltr' id='par_1_64' title="bbox 2064 593 3637 667">
     <span class='ocr_line' id='line_1_64' title="bbox 2064 593 3637 667; baseline 0.007 -19"><span class='ocrx_word' id='word_1_464' title='bbox 2064 593 2448 661; x_wconf 89' lang='lat' dir='ltr'><strong><em>detinerentur,</em></strong></span> <span class='ocrx_word' id='word_1_465' title='bbox 2477 598 2640 667; x_wconf 89' lang='lat' dir='ltr'><strong><em>ipsius</em></strong></span> <span class='ocrx_word' id='word_1_466' title='bbox 2666 600 2875 656; x_wconf 86' lang='lat' dir='ltr'><strong><em>videndi</em></strong></span> <span class='ocrx_word' id='word_1_467' title='bbox 2900 617 3058 657; x_wconf 88' lang='lat' dir='ltr'><strong><em>causa</em></strong></span> <span class='ocrx_word' id='word_1_468' title='bbox 3101 603 3365 659; x_wconf 89' lang='lat' dir='ltr'><strong><em>Cucusum</em></strong></span> <span class='ocrx_word' id='word_1_469' title='bbox 3388 617 3637 660; x_wconf 85' lang='lat' dir='ltr'><strong><em>venturos</em></strong></span> 
     </span>
    </p>
   </div>
   <div class='ocr_carea' id='block_1_65' title="bbox 2067 682 3635 763">
    <p class='ocr_par' dir='ltr' id='par_1_65' title="bbox 2067 682 3635 763">
     <span class='ocr_line' id='line_1_65' title="bbox 2067 682 3635 763; baseline 0.008 -27"><span class='ocrx_word' id='word_1_470' title='bbox 2067 682 2247 750; x_wconf 88' lang='lat' dir='ltr'><strong><em>fuisse,</em></strong></span> <span class='ocrx_word' id='word_1_471' title='bbox 2280 685 2330 739; x_wconf 91' lang='lat' dir='ltr'><strong><em>id</em></strong></span> <span class='ocrx_word' id='word_1_472' title='bbox 2357 689 2497 755; x_wconf 88' lang='lat' dir='ltr'><strong><em>quod</em></strong></span> <span class='ocrx_word' id='word_1_473' title='bbox 2546 689 2633 743; x_wconf 90' lang='lat' dir='ltr'><strong><em>ille</em></strong></span> <span class='ocrx_word' id='word_1_474' title='bbox 2673 690 2956 745; x_wconf 89' lang='lat' dir='ltr'><strong><em>admodum</em></strong></span> <span class='ocrx_word' id='word_1_475' title='bbox 2996 702 3247 763; x_wconf 81' lang='lat' dir='ltr'><strong><em>emptare</em></strong></span> <span class='ocrx_word' id='word_1_476' title='bbox 3304 696 3635 749; x_wconf 85' lang='lat' dir='ltr'><strong><em>testiﬁcatur.</em></strong></span> 
     </span>
    </p>
   </div>
   <div class='ocr_carea' id='block_1_66' title="bbox 2067 771 3633 854">
    <p class='ocr_par' dir='ltr' id='par_1_66' title="bbox 2067 771 3633 854">
     <span class='ocr_line' id='line_1_66' title="bbox 2067 771 3633 854; baseline 0.012 -30"><span class='ocrx_word' id='word_1_477' title='bbox 2067 771 2211 826; x_wconf 86' lang='lat' dir='ltr'><strong><em>Alias</em></strong></span> <span class='ocrx_word' id='word_1_478' title='bbox 2231 775 2388 830; x_wconf 89' lang='lat' dir='ltr'><strong><em>etiam</em></strong></span> <span class='ocrx_word' id='word_1_479' title='bbox 2420 777 2546 845; x_wconf 90' lang='lat' dir='ltr'><strong><em>ipsis</em></strong></span> <span class='ocrx_word' id='word_1_480' title='bbox 2574 779 2714 834; x_wconf 89' lang='lat' dir='ltr'><strong><em>misit</em></strong></span> <span class='ocrx_word' id='word_1_481' title='bbox 2755 783 3025 850; x_wconf 80' lang='lat' dir='ltr'><strong><em>epistolas,</em></strong></span> <span class='ocrx_word' id='word_1_482' title='bbox 3047 800 3239 854; x_wconf 89' lang='lat' dir='ltr'><strong><em>nempe</em></strong></span> <span class='ocrx_word' id='word_1_483' title='bbox 3267 788 3352 851; x_wconf 85' lang='lat'><strong><em>19,</em></strong></span> <span class='ocrx_word' id='word_1_484' title='bbox 3377 787 3467 851; x_wconf 84' lang='lat'><strong><em>65,</em></strong></span> <span class='ocrx_word' id='word_1_485' title='bbox 3511 787 3633 850; x_wconf 76' lang='lat'><strong><em>100,</em></strong></span> 
     </span>
    </p>
   </div>
   <div class='ocr_carea' id='block_1_67' title="bbox 2066 864 3639 944">
    <p class='ocr_par' dir='ltr' id='par_1_67' title="bbox 2066 864 3639 944">
     <span class='ocr_line' id='line_1_67' title="bbox 2066 864 3639 944; baseline 0.011 -29"><span class='ocrx_word' id='word_1_486' title='bbox 2066 871 2119 915; x_wconf 90' lang='lat' dir='ltr'><strong><em>et</em></strong></span> <span class='ocrx_word' id='word_1_487' title='bbox 2146 864 2246 919; x_wconf 82' lang='grc'><strong>129</strong></span> <span class='ocrx_word' id='word_1_488' title='bbox 2277 882 2289 917; x_wconf 95' lang='lat'><strong>:</strong></span> <span class='ocrx_word' id='word_1_489' title='bbox 2323 866 2373 919; x_wconf 92' lang='lat' dir='ltr'><strong><em>in</em></strong></span> <span class='ocrx_word' id='word_1_490' title='bbox 2402 870 2553 936; x_wconf 86' lang='lat' dir='ltr'><strong><em>queis</em></strong></span> <span class='ocrx_word' id='word_1_491' title='bbox 2570 870 2752 924; x_wconf 85' lang='lat' dir='ltr'><strong><em>eadem</em></strong></span> <span class='ocrx_word' id='word_1_492' title='bbox 2781 872 2891 941; x_wconf 91' lang='lat' dir='ltr'><strong><em>ipsa</em></strong></span> <span class='ocrx_word' id='word_1_493' title='bbox 2919 878 3126 944; x_wconf 91' lang='lat' dir='ltr'><strong><em>repetit,</em></strong></span> <span class='ocrx_word' id='word_1_494' title='bbox 3146 878 3243 931; x_wconf 90' lang='lat' dir='ltr'><strong><em>sibi</em></strong></span> <span class='ocrx_word' id='word_1_495' title='bbox 3266 878 3510 931; x_wconf 89' lang='lat' dir='ltr'><strong><em>nimirum</em></strong></span> <span class='ocrx_word' id='word_1_496' title='bbox 3535 894 3639 932; x_wconf 65' lang='lat' dir='ltr'><strong><em>sm-</em></strong></span> 
     </span>
    </p>
   </div>
   <div class='ocr_carea' id='block_1_68' title="bbox 2069 953 3637 1039">
    <p class='ocr_par' dir='ltr' id='par_1_68' title="bbox 2069 953 3637 1039">
     <span class='ocr_line' id='line_1_68' title="bbox 2069 953 3637 1039; baseline 0.011 -32"><span class='ocrx_word' id='word_1_497' title='bbox 2069 953 2185 1021; x_wconf 91' lang='lat' dir='ltr'><strong><em>pius</em></strong></span> <span class='ocrx_word' id='word_1_498' title='bbox 2213 957 2473 1012; x_wconf 88' lang='lat' dir='ltr'><strong><em>scribendi</em></strong></span> <span class='ocrx_word' id='word_1_499' title='bbox 2506 960 2769 1016; x_wconf 88' lang='lat' dir='ltr'><strong><em>licentiam</em></strong></span> <span class='ocrx_word' id='word_1_500' title='bbox 2814 980 2843 1017; x_wconf 92' lang='lat' dir='ltr'><strong><em>a</em></strong></span> <span class='ocrx_word' id='word_1_501' title='bbox 2878 966 3208 1034; x_wconf 71' lang='lat' dir='ltr'><strong><em>pnedonibus</em></strong></span> <span class='ocrx_word' id='word_1_502' title='bbox 3252 970 3445 1023; x_wconf 89' lang='lat' dir='ltr'><strong><em>lsauris</em></strong></span> <span class='ocrx_word' id='word_1_503' title='bbox 3481 971 3637 1039; x_wconf 76' lang='lat' dir='ltr'><strong><em>eripi,</em></strong></span> 
     </span>
    </p>
   </div>
   <div class='ocr_carea' id='block_1_69' title="bbox 2067 1043 3565 1125">
    <p class='ocr_par' dir='ltr' id='par_1_69' title="bbox 2067 1043 3565 1125">
     <span class='ocr_line' id='line_1_69' title="bbox 2067 1043 3565 1125; baseline 0.009 -26"><span class='ocrx_word' id='word_1_504' title='bbox 2067 1043 2448 1119; x_wconf 80' lang='lat' dir='ltr'><strong><em>literarumque</em></strong></span> <span class='ocrx_word' id='word_1_505' title='bbox 2476 1052 2821 1121; x_wconf 88' lang='lat' dir='ltr'><strong><em>frequentiam</em></strong></span> <span class='ocrx_word' id='word_1_506' title='bbox 2863 1067 3113 1125; x_wconf 76' lang='lat' dir='ltr'><strong><em>exoptare</em></strong></span> <span class='ocrx_word' id='word_1_507' title='bbox 3142 1075 3200 1112; x_wconf 93' lang='lat' dir='ltr'><strong><em>se</em></strong></span> <span class='ocrx_word' id='word_1_508' title='bbox 3241 1062 3565 1115; x_wconf 90' lang='lat' dir='ltr'><strong><em>testiﬁcatur.</em></strong></span> 
     </span>
    </p>
   </div>
   <div class='ocr_carea' id='block_1_70' title="bbox 2136 1138 3623 1220">
    <p class='ocr_par' dir='ltr' id='par_1_70' title="bbox 2136 1138 3623 1220">
     <span class='ocr_line' id='line_1_70' title="bbox 2136 1138 3623 1220; baseline 0.011 -29"><span class='ocrx_word' id='word_1_509' title='bbox 2136 1138 2398 1193; x_wconf 83' lang='lat' dir='ltr'><strong><em>Marciano</em></strong></span> <span class='ocrx_word' id='word_1_510' title='bbox 2418 1143 2576 1196; x_wconf 88' lang='lat' dir='ltr'><strong><em>etiam</em></strong></span> <span class='ocrx_word' id='word_1_511' title='bbox 2608 1146 2755 1200; x_wconf 90' lang='lat' dir='ltr'><strong><em>alteri</em></strong></span> <span class='ocrx_word' id='word_1_512' title='bbox 2792 1148 3025 1202; x_wconf 75' lang='lat' dir='ltr'><strong><em>Tribuno</em></strong></span> <span class='ocrx_word' id='word_1_513' title='bbox 3055 1151 3329 1220; x_wconf 80' lang='lat' dir='ltr'><strong><em>epistolam</em></strong></span> <span class='ocrx_word' id='word_1_514' title='bbox 3362 1167 3419 1208; x_wconf 91' lang='lat' dir='ltr'><strong><em>se</em></strong></span> <span class='ocrx_word' id='word_1_515' title='bbox 3447 1155 3623 1207; x_wconf 77' lang='lat' dir='ltr'><strong><em>misis-</em></strong></span> 
     </span>
    </p>
   </div>
   <div class='ocr_carea' id='block_1_71' title="bbox 2066 1234 3603 1311">
    <p class='ocr_par' dir='ltr' id='par_1_71' title="bbox 2066 1234 3603 1311">
     <span class='ocr_line' id='line_1_71' title="bbox 2066 1234 3603 1311; baseline 0.01 -31"><span class='ocrx_word' id='word_1_516' title='bbox 2066 1240 2125 1281; x_wconf 90' lang='lat' dir='ltr'><strong><em>se</em></strong></span> <span class='ocrx_word' id='word_1_517' title='bbox 2157 1242 2538 1285; x_wconf 89' lang='lat' dir='ltr'><strong><em>commemorat</em></strong></span> <span class='ocrx_word' id='word_1_518' title='bbox 2570 1234 2758 1303; x_wconf 81' lang='lat' dir='ltr'><strong><em>(Epist.</em></strong></span> <span class='ocrx_word' id='word_1_519' title='bbox 2788 1236 2884 1291; x_wconf 88' lang='grc'><strong>211</strong></span> <span class='ocrx_word' id='word_1_520' title='bbox 2921 1239 2960 1306; x_wconf 94' lang='grc'><strong>),</strong></span> <span class='ocrx_word' id='word_1_521' title='bbox 2993 1256 3108 1306; x_wconf 73' lang='lat' dir='ltr'><strong><em>qua:</em></strong></span> <span class='ocrx_word' id='word_1_522' title='bbox 3130 1244 3236 1308; x_wconf 89' lang='lat' dir='ltr'><strong><em>jam</em></strong></span> <span class='ocrx_word' id='word_1_523' title='bbox 3268 1244 3457 1295; x_wconf 88' lang='lat' dir='ltr'><strong><em>amissa</em></strong></span> <span class='ocrx_word' id='word_1_524' title='bbox 3479 1254 3603 1311; x_wconf 83' lang='lat' dir='ltr'><strong><em>puta</em></strong></span> 
     </span>
    </p>
   </div>
   <div class='ocr_carea' id='block_1_72' title="bbox 2068 1317 3636 1404">
    <p class='ocr_par' dir='ltr' id='par_1_72' title="bbox 2068 1317 3636 1404">
     <span class='ocr_line' id='line_1_72' title="bbox 2068 1317 3636 1404; baseline 0.015 -36"><span class='ocrx_word' id='word_1_525' title='bbox 2068 1324 2172 1369; x_wconf 91' lang='lat' dir='ltr'><strong><em>tur.</em></strong></span> <span class='ocrx_word' id='word_1_526' title='bbox 2202 1317 2304 1371; x_wconf 89' lang='lat' dir='ltr'><strong><em>Sed</em></strong></span> <span class='ocrx_word' id='word_1_527' title='bbox 2324 1320 2374 1372; x_wconf 91' lang='lat' dir='ltr'><strong><em>in</em></strong></span> <span class='ocrx_word' id='word_1_528' title='bbox 2400 1322 2623 1389; x_wconf 90' lang='lat' dir='ltr'><strong><em>epistola</em></strong></span> <span class='ocrx_word' id='word_1_529' title='bbox 2654 1326 2756 1378; x_wconf 89' lang='grc'>122</span> <span class='ocrx_word' id='word_1_530' title='bbox 2791 1327 2856 1381; x_wconf 87' lang='lat' dir='ltr'><strong><em>ad</em></strong></span> <span class='ocrx_word' id='word_1_531' title='bbox 2901 1329 3048 1381; x_wconf 90' lang='lat' dir='ltr'><strong><em>illum</em></strong></span> <span class='ocrx_word' id='word_1_532' title='bbox 3096 1333 3257 1385; x_wconf 91' lang='lat' dir='ltr'><strong><em>missa</em></strong></span> <span class='ocrx_word' id='word_1_533' title='bbox 3297 1348 3636 1404; x_wconf 83' lang='lat' dir='ltr'><strong><em>summopere</em></strong></span> 
     </span>
    </p>
   </div>
   <div class='ocr_carea' id='block_1_73' title="bbox 2070 1404 3632 1496">
    <p class='ocr_par' dir='ltr' id='par_1_73' title="bbox 2070 1404 3632 1496">
     <span class='ocr_line' id='line_1_73' title="bbox 2070 1404 3632 1496; baseline 0.016 -40"><span class='ocrx_word' id='word_1_534' title='bbox 2070 1404 2243 1460; x_wconf 87' lang='lat' dir='ltr'><strong><em>laudat</em></strong></span> <span class='ocrx_word' id='word_1_535' title='bbox 2272 1408 2440 1474; x_wconf 90' lang='lat' dir='ltr'><strong><em>illum,</em></strong></span> <span class='ocrx_word' id='word_1_536' title='bbox 2463 1413 2600 1481; x_wconf 92' lang='lat' dir='ltr'><strong><em>quod</em></strong></span> <span class='ocrx_word' id='word_1_537' title='bbox 2621 1417 2934 1483; x_wconf 88' lang='lat' dir='ltr'><strong><em>pupillorum</em></strong></span> <span class='ocrx_word' id='word_1_538' title='bbox 2965 1423 3311 1487; x_wconf 86' lang='lat' dir='ltr'><strong><em>patrocinium</em></strong></span> <span class='ocrx_word' id='word_1_539' title='bbox 3357 1429 3632 1496; x_wconf 89' lang='lat' dir='ltr'><strong><em>suscipiat,</em></strong></span> 
     </span>
    </p>
   </div>
   <div class='ocr_carea' id='block_1_74' title="bbox 2069 1497 3638 1587">
    <p class='ocr_par' dir='ltr' id='par_1_74' title="bbox 2069 1497 3638 1587">
     <span class='ocr_line' id='line_1_74' title="bbox 2069 1497 3638 1587; baseline 0.015 -38"><span class='ocrx_word' id='word_1_540' title='bbox 2069 1497 2340 1553; x_wconf 87' lang='lat' dir='ltr'><strong><em>viduarum</em></strong></span> <span class='ocrx_word' id='word_1_541' title='bbox 2363 1517 2643 1559; x_wconf 72' lang='lat' dir='ltr'><strong><em>mmrorem</em></strong></span> <span class='ocrx_word' id='word_1_542' title='bbox 2667 1506 2843 1573; x_wconf 88' lang='lat' dir='ltr'><strong><em>leniat,</em></strong></span> <span class='ocrx_word' id='word_1_543' title='bbox 2865 1522 3221 1579; x_wconf 80' lang='lat' dir='ltr'><strong><em>paupertatem</em></strong></span> <span class='ocrx_word' id='word_1_544' title='bbox 3243 1516 3377 1571; x_wconf 84' lang='lat' dir='ltr'><strong><em>levet</em></strong></span> <span class='ocrx_word' id='word_1_545' title='bbox 3402 1518 3638 1587; x_wconf 73' lang='lat' dir='ltr'><strong><em>plebem~</em></strong></span> 
     </span>
    </p>
   </div>
   <div class='ocr_carea' id='block_1_75' title="bbox 2068 1591 3638 1678">
    <p class='ocr_par' dir='ltr' id='par_1_75' title="bbox 2068 1591 3638 1678">
     <span class='ocr_line' id='line_1_75' title="bbox 2068 1591 3638 1678; baseline 0.017 -38"><span class='ocrx_word' id='word_1_546' title='bbox 2068 1603 2169 1655; x_wconf 90' lang='lat' dir='ltr'><strong><em>que</em></strong></span> <span class='ocrx_word' id='word_1_547' title='bbox 2188 1591 2484 1647; x_wconf 87' lang='lat' dir='ltr'><strong><em>universam</em></strong></span> <span class='ocrx_word' id='word_1_548' title='bbox 2504 1594 2788 1663; x_wconf 89' lang='lat' dir='ltr'><strong><em>frumento,</em></strong></span> <span class='ocrx_word' id='word_1_549' title='bbox 2818 1603 2959 1665; x_wconf 87' lang='lat' dir='ltr'><strong><em>vino,</em></strong></span> <span class='ocrx_word' id='word_1_550' title='bbox 3002 1606 3120 1659; x_wconf 89' lang='lat' dir='ltr'><strong><em>oleo</em></strong></span> <span class='ocrx_word' id='word_1_551' title='bbox 3147 1607 3367 1678; x_wconf 88' lang='lat' dir='ltr'><strong><em>aliisque</em></strong></span> <span class='ocrx_word' id='word_1_552' title='bbox 3394 1612 3638 1666; x_wconf 89' lang='lat' dir='ltr'><strong><em>omnibus</em></strong></span> 
     </span>
    </p>
   </div>
   <div class='ocr_carea' id='block_1_76' title="bbox 2070 1680 3635 1766">
    <p class='ocr_par' dir='ltr' id='par_1_76' title="bbox 2070 1680 3635 1766">
     <span class='ocr_line' id='line_1_76' title="bbox 2070 1680 3635 1766; baseline 0.018 -35"><span class='ocrx_word' id='word_1_553' title='bbox 2070 1680 2227 1734; x_wconf 89' lang='lat' dir='ltr'><strong><em>rebus</em></strong></span> <span class='ocrx_word' id='word_1_554' title='bbox 2253 1684 2377 1749; x_wconf 89' lang='lat' dir='ltr'><strong><em>alat,</em></strong></span> <span class='ocrx_word' id='word_1_555' title='bbox 2394 1702 2454 1740; x_wconf 87' lang='lat' dir='ltr'><strong><em>ac</em></strong></span> <span class='ocrx_word' id='word_1_556' title='bbox 2483 1704 2575 1755; x_wconf 85' lang='lat' dir='ltr'><strong><em>pro</em></strong></span> <span class='ocrx_word' id='word_1_557' title='bbox 2589 1705 2738 1746; x_wconf 89' lang='lat' dir='ltr'><strong><em>more</em></strong></span> <span class='ocrx_word' id='word_1_558' title='bbox 2760 1702 2810 1749; x_wconf 93' lang='lat' dir='ltr'><strong><em>ut</em></strong></span> <span class='ocrx_word' id='word_1_559' title='bbox 2834 1695 2933 1748; x_wconf 91' lang='lat' dir='ltr'><strong><em>sibi</em></strong></span> <span class='ocrx_word' id='word_1_560' title='bbox 2965 1695 3266 1766; x_wconf 87' lang='lat' dir='ltr'><strong><em>frequenter</em></strong></span> <span class='ocrx_word' id='word_1_561' title='bbox 3290 1704 3480 1756; x_wconf 91' lang='lat' dir='ltr'><strong><em>scribat</em></strong></span> <span class='ocrx_word' id='word_1_562' title='bbox 3508 1704 3635 1758; x_wconf 85' lang='lat' dir='ltr'><strong><em>hor-</em></strong></span> 
     </span>
    </p>
   </div>
   <div class='ocr_carea' id='block_1_77' title="bbox 2070 1774 3635 1864">
    <p class='ocr_par' dir='ltr' id='par_1_77' title="bbox 2070 1774 3635 1864">
     <span class='ocr_line' id='line_1_77' title="bbox 2070 1774 3635 1864; baseline 0.018 -41"><span class='ocrx_word' id='word_1_563' title='bbox 2070 1780 2226 1864; x_wconf 81' lang='lat' dir='ltr'><strong><em>tatur.</em></strong></span> <span class='ocrx_word' id='word_1_564' title='bbox 2255 1774 2558 1833; x_wconf 83' lang='lat' dir='ltr'><strong><em>Marcellino</em></strong></span> <span class='ocrx_word' id='word_1_565' title='bbox 2582 1783 2739 1838; x_wconf 90' lang='lat' dir='ltr'><strong><em>etiam</em></strong></span> <span class='ocrx_word' id='word_1_566' title='bbox 2761 1782 2828 1838; x_wconf 84' lang='grc' dir='ltr'><strong><em>ἰιι</em></strong></span> <span class='ocrx_word' id='word_1_567' title='bbox 2852 1787 3021 1841; x_wconf 90' lang='lat' dir='ltr'><strong><em>amico</em></strong></span> <span class='ocrx_word' id='word_1_568' title='bbox 3038 1792 3199 1845; x_wconf 89' lang='lat' dir='ltr'><strong><em>veteri</em></strong></span> <span class='ocrx_word' id='word_1_569' title='bbox 3230 1795 3411 1847; x_wconf 85' lang='lat' dir='ltr'><strong><em>scribit</em></strong></span> <span class='ocrx_word' id='word_1_570' title='bbox 3438 1798 3635 1864; x_wconf 88' lang='lat' dir='ltr'><strong><em>episto-</em></strong></span> 
     </span>
    </p>
   </div>
   <div class='ocr_carea' id='block_1_78' title="bbox 2070 1861 3634 1949">
    <p class='ocr_par' dir='ltr' id='par_1_78' title="bbox 2070 1861 3634 1949">
     <span class='ocr_line' id='line_1_78' title="bbox 2070 1861 3634 1949; baseline 0.019 -35"><span class='ocrx_word' id='word_1_571' title='bbox 2070 1861 2146 1916; x_wconf 86' lang='lat' dir='ltr'><strong><em>las</em></strong></span> <span class='ocrx_word' id='word_1_572' title='bbox 2171 1865 2230 1920; x_wconf 79' lang='lat'><strong><em>51</em></strong></span> <span class='ocrx_word' id='word_1_573' title='bbox 2263 1876 2315 1920; x_wconf 87' lang='lat' dir='ltr'><strong><em>et</em></strong></span> <span class='ocrx_word' id='word_1_574' title='bbox 2338 1868 2456 1932; x_wconf 88' lang='lat' dir='ltr'><strong><em>18S,</em></strong></span> <span class='ocrx_word' id='word_1_575' title='bbox 2484 1871 2666 1926; x_wconf 88' lang='lat' dir='ltr'><strong><em>eadem</em></strong></span> <span class='ocrx_word' id='word_1_576' title='bbox 2696 1873 2808 1930; x_wconf 86' lang='lat' dir='ltr'><strong><em>fere</em></strong></span> <span class='ocrx_word' id='word_1_577' title='bbox 2836 1877 2944 1945; x_wconf 90' lang='lat' dir='ltr'><strong><em>ipsa</em></strong></span> <span class='ocrx_word' id='word_1_578' title='bbox 2986 1897 3102 1949; x_wconf 73' lang='lat' dir='ltr'><strong><em>qua:</em></strong></span> <span class='ocrx_word' id='word_1_579' title='bbox 3135 1884 3183 1935; x_wconf 92' lang='lat' dir='ltr'><strong><em>in</em></strong></span> <span class='ocrx_word' id='word_1_580' title='bbox 3231 1888 3438 1940; x_wconf 64' lang='lat' dir='ltr'><strong><em>caeteris</em></strong></span> <span class='ocrx_word' id='word_1_581' title='bbox 3463 1861 3634 1942; x_wconf 81' lang='lat' dir='ltr'><strong><em>enun-</em></strong></span> 
     </span>
    </p>
   </div>
   <div class='ocr_carea' id='block_1_79' title="bbox 2071 1956 3638 2042">
    <p class='ocr_par' dir='ltr' id='par_1_79' title="bbox 2071 1956 3638 2042">
     <span class='ocr_line' id='line_1_79' title="bbox 2071 1956 3638 2042; baseline 0.02 -36"><span class='ocrx_word' id='word_1_582' title='bbox 2071 1956 2207 2009; x_wconf 90' lang='lat' dir='ltr'><strong><em>tians</em></strong></span> <span class='ocrx_word' id='word_1_583' title='bbox 2241 1975 2396 2012; x_wconf 90' lang='lat' dir='ltr'><strong><em>:nam</em></strong></span> <span class='ocrx_word' id='word_1_584' title='bbox 2424 1960 2715 2019; x_wconf 72' lang='lat' dir='ltr'><strong><em>innumera:</em></strong></span> <span class='ocrx_word' id='word_1_585' title='bbox 2754 1984 2888 2036; x_wconf 90' lang='lat' dir='ltr'><strong><em>pene</em></strong></span> <span class='ocrx_word' id='word_1_586' title='bbox 2934 1984 3054 2025; x_wconf 92' lang='lat' dir='ltr'><strong><em>sunt</em></strong></span> <span class='ocrx_word' id='word_1_587' title='bbox 3092 1975 3327 2042; x_wconf 86' lang='lat' dir='ltr'><strong><em>ejusdem</em></strong></span> <span class='ocrx_word' id='word_1_588' title='bbox 3382 1979 3566 2035; x_wconf 69' lang='lat' dir='ltr'><strong><em>formm</em></strong></span> <span class='ocrx_word' id='word_1_589' title='bbox 3587 1995 3638 2038; x_wconf 91' lang='lat' dir='ltr'><strong><em>et</em></strong></span> 
     </span>
    </p>
   </div>
   <div class='ocr_carea' id='block_1_80' title="bbox 2072 2048 3639 2139">
    <p class='ocr_par' dir='ltr' id='par_1_80' title="bbox 2072 2048 3639 2139">
     <span class='ocr_line' id='line_1_80' title="bbox 2072 2048 3639 2139; baseline 0.019 -42"><span class='ocrx_word' id='word_1_590' title='bbox 2072 2048 2270 2139; x_wconf 79' lang='lat' dir='ltr'><strong><em>tenoris</em></strong></span> <span class='ocrx_word' id='word_1_591' title='bbox 2294 2050 2550 2119; x_wconf 52' lang='lat' dir='ltr'><strong><em>epistola.</em></strong></span> <span class='ocrx_word' id='word_1_592' title='bbox 2584 2056 2847 2111; x_wconf 90' lang='lat' dir='ltr'><strong><em>Antiocho</em></strong></span> <span class='ocrx_word' id='word_1_593' title='bbox 2894 2061 3017 2114; x_wconf 84' lang='lat' dir='ltr'><strong><em>item</em></strong></span> <span class='ocrx_word' id='word_1_594' title='bbox 3053 2066 3223 2118; x_wconf 83' lang='lat' dir='ltr'><strong><em>amico</em></strong></span> <span class='ocrx_word' id='word_1_595' title='bbox 3252 2068 3435 2121; x_wconf 89' lang='lat' dir='ltr'><strong><em>scribit.</em></strong></span> <span class='ocrx_word' id='word_1_596' title='bbox 3480 2073 3639 2139; x_wconf 91' lang='lat' dir='ltr'><strong><em>epist.</em></strong></span> 
     </span>
    </p>
   </div>
   <div class='ocr_carea' id='block_1_81' title="bbox 2071 2137 3635 2230">
    <p class='ocr_par' dir='ltr' id='par_1_81' title="bbox 2071 2137 3635 2230">
     <span class='ocr_line' id='line_1_81' title="bbox 2071 2137 3635 2230; baseline 0.019 -40"><span class='ocrx_word' id='word_1_597' title='bbox 2071 2137 2191 2230; x_wconf 79' lang='lat'><strong><em>189,</em></strong></span> <span class='ocrx_word' id='word_1_598' title='bbox 2223 2139 2581 2198; x_wconf 86' lang='lat' dir='ltr'><strong><em>difficultatem</em></strong></span> <span class='ocrx_word' id='word_1_599' title='bbox 2627 2148 2889 2205; x_wconf 88' lang='lat' dir='ltr'><strong><em>scribendi</em></strong></span> <span class='ocrx_word' id='word_1_600' title='bbox 2937 2154 3006 2207; x_wconf 91' lang='lat' dir='ltr'><strong><em>ob</em></strong></span> <span class='ocrx_word' id='word_1_601' title='bbox 3038 2156 3427 2214; x_wconf 85' lang='lat' dir='ltr'><strong><em>tabellariorum</em></strong></span> <span class='ocrx_word' id='word_1_602' title='bbox 3471 2137 3635 2230; x_wconf 74' lang='lat' dir='ltr'><strong><em>penu-</em></strong></span> 
     </span>
    </p>
   </div>
   <div class='ocr_carea' id='block_1_82' title="bbox 2070 2229 3634 2319">
    <p class='ocr_par' dir='ltr' id='par_1_82' title="bbox 2070 2229 3634 2319">
     <span class='ocr_line' id='line_1_82' title="bbox 2070 2229 3634 2319; baseline 0.017 -38"><span class='ocrx_word' id='word_1_603' title='bbox 2070 2229 2538 2301; x_wconf 88' lang='lat' dir='ltr'><strong><em>riammemorans,</em></strong></span> <span class='ocrx_word' id='word_1_604' title='bbox 2561 2235 2863 2307; x_wconf 87' lang='lat' dir='ltr'><strong><em>frequentes</em></strong></span> <span class='ocrx_word' id='word_1_605' title='bbox 2899 2242 2967 2296; x_wconf 89' lang='lat' dir='ltr'><strong><em>ab</em></strong></span> <span class='ocrx_word' id='word_1_606' title='bbox 3009 2260 3073 2298; x_wconf 94' lang='lat' dir='ltr'><strong><em>eo</em></strong></span> <span class='ocrx_word' id='word_1_607' title='bbox 3101 2247 3279 2303; x_wconf 89' lang='lat' dir='ltr'><strong><em>literas</em></strong></span> <span class='ocrx_word' id='word_1_608' title='bbox 3333 2229 3539 2319; x_wconf 83' lang='lat' dir='ltr'><strong><em>petens,</em></strong></span> <span class='ocrx_word' id='word_1_609' title='bbox 3568 2255 3634 2308; x_wconf 91' lang='lat' dir='ltr'><strong><em>il-</em></strong></span> 
     </span>
    </p>
   </div>
   <div class='ocr_carea' id='block_1_83' title="bbox 2072 2319 3637 2411">
    <p class='ocr_par' dir='ltr' id='par_1_83' title="bbox 2072 2319 3637 2411">
     <span class='ocr_line' id='line_1_83' title="bbox 2072 2319 3637 2411; baseline 0.017 -38"><span class='ocrx_word' id='word_1_610' title='bbox 2072 2319 2283 2389; x_wconf 89' lang='lat' dir='ltr'><strong><em>lumque</em></strong></span> <span class='ocrx_word' id='word_1_611' title='bbox 2303 2324 2637 2383; x_wconf 81' lang='lat' dir='ltr'><strong><em>Artemidore</em></strong></span> <span class='ocrx_word' id='word_1_612' title='bbox 2656 2331 2864 2386; x_wconf 87' lang='lat' dir='ltr'><strong><em>cuidam</em></strong></span> <span class='ocrx_word' id='word_1_613' title='bbox 2885 2340 3220 2392; x_wconf 90' lang='lat' dir='ltr'><strong><em>commendat</em></strong></span> <span class='ocrx_word' id='word_1_614' title='bbox 3251 2341 3301 2394; x_wconf 92' lang='lat' dir='ltr'><strong><em>in</em></strong></span> <span class='ocrx_word' id='word_1_615' title='bbox 3332 2344 3489 2411; x_wconf 89' lang='lat' dir='ltr'><strong><em>epist.</em></strong></span> <span class='ocrx_word' id='word_1_616' title='bbox 3516 2348 3637 2403; x_wconf 79' lang='lat'><strong><em>177.</em></strong></span> 
     </span>
    </p>
   </div>
   <div class='ocr_carea' id='block_1_84' title="bbox 2072 2413 3639 2494">
    <p class='ocr_par' dir='ltr' id='par_1_84' title="bbox 2072 2413 3639 2494">
     <span class='ocr_line' id='line_1_84' title="bbox 2072 2413 3639 2494; baseline 0.019 -31"><span class='ocrx_word' id='word_1_617' title='bbox 2072 2413 2289 2481; x_wconf 80' lang='lat' dir='ltr'><strong><em>Alypius</em></strong></span> <span class='ocrx_word' id='word_1_618' title='bbox 2315 2432 2439 2469; x_wconf 90' lang='lat' dir='ltr'><strong><em>vero</em></strong></span> <span class='ocrx_word' id='word_1_619' title='bbox 2455 2420 2664 2487; x_wconf 90' lang='lat' dir='ltr'><strong><em>quidam</em></strong></span> <span class='ocrx_word' id='word_1_620' title='bbox 2684 2422 3059 2493; x_wconf 89' lang='lat' dir='ltr'><strong><em>Chrysostomo</em></strong></span> <span class='ocrx_word' id='word_1_621' title='bbox 3090 2430 3371 2492; x_wconf 85' lang='lat' dir='ltr'><strong><em>admodum</em></strong></span> <span class='ocrx_word' id='word_1_622' title='bbox 3394 2437 3639 2494; x_wconf 88' lang='lat' dir='ltr'><strong><em>addictus</em></strong></span> 
     </span>
    </p>
   </div>
   <div class='ocr_carea' id='block_1_85' title="bbox 2072 2502 3641 2591">
    <p class='ocr_par' dir='ltr' id='par_1_85' title="bbox 2072 2502 3641 2591">
     <span class='ocr_line' id='line_1_85' title="bbox 2072 2502 3641 2591; baseline 0.019 -37"><span class='ocrx_word' id='word_1_623' title='bbox 2072 2502 2168 2571; x_wconf 91' lang='lat' dir='ltr'><strong><em>ipsi</em></strong></span> <span class='ocrx_word' id='word_1_624' title='bbox 2209 2505 2352 2573; x_wconf 88' lang='lat' dir='ltr'><strong><em>prior</em></strong></span> <span class='ocrx_word' id='word_1_625' title='bbox 2371 2510 2655 2577; x_wconf 81' lang='lat' dir='ltr'><strong><em>scripserat</em></strong></span> <span class='ocrx_word' id='word_1_626' title='bbox 2706 2515 2863 2582; x_wconf 89' lang='lat' dir='ltr'><strong><em>epist.</em></strong></span> <span class='ocrx_word' id='word_1_627' title='bbox 2901 2516 2920 2586; x_wconf 96' lang='lat'><strong><em>(</em></strong></span> <span class='ocrx_word' id='word_1_628' title='bbox 2948 2518 3070 2583; x_wconf 89' lang='grc'><strong><em>186,</em></strong></span> <span class='ocrx_word' id='word_1_629' title='bbox 3104 2521 3203 2576; x_wconf 87' lang='lat'><strong><em>178</em></strong></span> <span class='ocrx_word' id='word_1_630' title='bbox 3226 2523 3265 2591; x_wconf 90' lang='lat'><strong><em>),</em></strong></span> <span class='ocrx_word' id='word_1_631' title='bbox 3297 2525 3433 2579; x_wconf 91' lang='lat' dir='ltr'><strong><em>haud</em></strong></span> <span class='ocrx_word' id='word_1_632' title='bbox 3481 2527 3641 2584; x_wconf 92' lang='lat' dir='ltr'><strong><em>dubie</em></strong></span> 
     </span>
    </p>
   </div>
   <div class='ocr_carea' id='block_1_86' title="bbox 2069 2600 3639 2687">
    <p class='ocr_par' dir='ltr' id='par_1_86' title="bbox 2069 2600 3639 2687">
     <span class='ocr_line' id='line_1_86' title="bbox 2069 2600 3639 2687; baseline 0.017 -38"><span class='ocrx_word' id='word_1_633' title='bbox 2069 2610 2189 2649; x_wconf 92' lang='lat' dir='ltr'><strong><em>cum</em></strong></span> <span class='ocrx_word' id='word_1_634' title='bbox 2225 2600 2395 2667; x_wconf 90' lang='lat' dir='ltr'><strong><em>primo</em></strong></span> <span class='ocrx_word' id='word_1_635' title='bbox 2420 2601 2679 2658; x_wconf 89' lang='lat' dir='ltr'><strong><em>Cucusum</em></strong></span> <span class='ocrx_word' id='word_1_636' title='bbox 2694 2606 3012 2674; x_wconf 87' lang='lat' dir='ltr'><strong><em>advenisset,</em></strong></span> <span class='ocrx_word' id='word_1_637' title='bbox 3029 2612 3118 2665; x_wconf 91' lang='lat' dir='ltr'><strong><em>sed</em></strong></span> <span class='ocrx_word' id='word_1_638' title='bbox 3144 2629 3261 2668; x_wconf 92' lang='lat' dir='ltr'><strong><em>cum</em></strong></span> <span class='ocrx_word' id='word_1_639' title='bbox 3279 2621 3639 2687; x_wconf 81' lang='lat' dir='ltr'><strong><em>excusatione,</em></strong></span> 
     </span>
    </p>
   </div>
   <div class='ocr_carea' id='block_1_87' title="bbox 2071 2691 3638 2782">
    <p class='ocr_par' dir='ltr' id='par_1_87' title="bbox 2071 2691 3638 2782">
     <span class='ocr_line' id='line_1_87' title="bbox 2071 2691 3638 2782; baseline 0.017 -40"><span class='ocrx_word' id='word_1_640' title='bbox 2071 2703 2138 2743; x_wconf 91' lang='lat' dir='ltr'><strong><em>ne</em></strong></span> <span class='ocrx_word' id='word_1_641' title='bbox 2154 2705 2216 2744; x_wconf 81' lang='lat' dir='ltr'><strong><em>ex</em></strong></span> <span class='ocrx_word' id='word_1_642' title='bbox 2249 2691 2334 2782; x_wconf 74' lang='lat' dir='ltr'><strong><em>illa</em></strong></span> <span class='ocrx_word' id='word_1_643' title='bbox 2367 2695 2701 2753; x_wconf 88' lang='lat' dir='ltr'><strong><em>festinatione</em></strong></span> <span class='ocrx_word' id='word_1_644' title='bbox 2724 2702 2871 2768; x_wconf 86' lang='lat' dir='ltr'><strong><em>quasi</em></strong></span> <span class='ocrx_word' id='word_1_645' title='bbox 2896 2702 3175 2759; x_wconf 85' lang='lat' dir='ltr'><strong><em>admodum</em></strong></span> <span class='ocrx_word' id='word_1_646' title='bbox 3198 2724 3638 2782; x_wconf 70' lang='lat' dir='ltr'><strong><em>prmcepsargue-</em></strong></span> 
     </span>
    </p>
   </div>
   <div class='ocr_carea' id='block_1_88' title="bbox 2072 2780 3645 2869">
    <p class='ocr_par' dir='ltr' id='par_1_88' title="bbox 2072 2780 3645 2869">
     <span class='ocr_line' id='line_1_88' title="bbox 2072 2780 3645 2869; baseline 0.015 -37"><span class='ocrx_word' id='word_1_647' title='bbox 2072 2787 2236 2833; x_wconf 90' lang='lat' dir='ltr'><strong><em>retur.</em></strong></span> <span class='ocrx_word' id='word_1_648' title='bbox 2264 2780 2568 2852; x_wconf 83' lang='lat' dir='ltr'><strong><em>Respondet</em></strong></span> <span class='ocrx_word' id='word_1_649' title='bbox 2589 2788 2663 2841; x_wconf 92' lang='lat' dir='ltr'><strong><em>illi</em></strong></span> <span class='ocrx_word' id='word_1_650' title='bbox 2699 2788 3128 2861; x_wconf 89' lang='lat' dir='ltr'><strong><em>Chrysostomus,</em></strong></span> <span class='ocrx_word' id='word_1_651' title='bbox 3155 2812 3212 2851; x_wconf 89' lang='lat' dir='ltr'><strong><em>se</em></strong></span> <span class='ocrx_word' id='word_1_652' title='bbox 3232 2840 3246 2863; x_wconf 89' lang='lat'><strong><em>,</em></strong></span> <span class='ocrx_word' id='word_1_653' title='bbox 3279 2807 3334 2852; x_wconf 90' lang='lat' dir='ltr'><strong><em>ut</em></strong></span> <span class='ocrx_word' id='word_1_654' title='bbox 3364 2780 3645 2869; x_wconf 27' lang='lat' dir='ltr'><strong><em>priusvdili-</em></strong></span> 
     </span>
    </p>
   </div>
   <div class='ocr_carea' id='block_1_89' title="bbox 2072 2872 3643 2958">
    <p class='ocr_par' dir='ltr' id='par_1_89' title="bbox 2072 2872 3643 2958">
     <span class='ocr_line' id='line_1_89' title="bbox 2072 2872 3643 2958; baseline 0.017 -37"><span class='ocrx_word' id='word_1_655' title='bbox 2072 2872 2298 2937; x_wconf 87' lang='lat' dir='ltr'><strong><em>gentiam</em></strong></span> <span class='ocrx_word' id='word_1_656' title='bbox 2316 2883 2368 2927; x_wconf 91' lang='lat' dir='ltr'><strong><em>et</em></strong></span> <span class='ocrx_word' id='word_1_657' title='bbox 2396 2874 2779 2934; x_wconf 88' lang='lat' dir='ltr'><strong><em>festinationem</em></strong></span> <span class='ocrx_word' id='word_1_658' title='bbox 2803 2882 2915 2950; x_wconf 91' lang='lat' dir='ltr'><strong><em>ejus</em></strong></span> <span class='ocrx_word' id='word_1_659' title='bbox 2944 2884 3265 2952; x_wconf 86' lang='lat' dir='ltr'><strong><em>laudaverat,</em></strong></span> <span class='ocrx_word' id='word_1_660' title='bbox 3297 2890 3405 2958; x_wconf 92' lang='lat' dir='ltr'><strong><em>jam</em></strong></span> <span class='ocrx_word' id='word_1_661' title='bbox 3428 2892 3643 2947; x_wconf 88' lang='lat' dir='ltr'><strong><em>tardita-</em></strong></span> 
     </span>
    </p>
   </div>
   <div class='ocr_carea' id='block_1_90' title="bbox 2070 2969 2439 3032">
    <p class='ocr_par' dir='ltr' id='par_1_90' title="bbox 2070 2969 2439 3032">
     <span class='ocr_line' id='line_1_90' title="bbox 2070 2969 2439 3032; baseline 0.016 -17"><span class='ocrx_word' id='word_1_662' title='bbox 2070 2969 2174 3016; x_wconf 90' lang='lat' dir='ltr'><strong><em>tem</em></strong></span> <span class='ocrx_word' id='word_1_663' title='bbox 2198 2979 2439 3032; x_wconf 82' lang='lat' dir='ltr'><strong><em>arguere.</em></strong></span> 
     </span>
    </p>
   </div>
   <div class='ocr_carea' id='block_1_91' title="bbox 2142 3055 3643 3135">
    <p class='ocr_par' dir='ltr' id='par_1_91' title="bbox 2142 3055 3643 3135">
     <span class='ocr_line' id='line_1_91' title="bbox 2142 3055 3643 3135; baseline 0.015 -27"><span class='ocrx_word' id='word_1_664' title='bbox 2142 3055 2221 3108; x_wconf 89' lang='lat' dir='ltr'><strong><em>Ad</em></strong></span> <span class='ocrx_word' id='word_1_665' title='bbox 2250 3057 2544 3111; x_wconf 86' lang='lat' dir='ltr'><strong><em>Euthaliam</em></strong></span> <span class='ocrx_word' id='word_1_666' title='bbox 2587 3077 2796 3132; x_wconf 91' lang='lat' dir='ltr'><strong><em>quoque</em></strong></span> <span class='ocrx_word' id='word_1_667' title='bbox 2848 3065 3054 3132; x_wconf 89' lang='lat' dir='ltr'><strong><em>pietatis</em></strong></span> <span class='ocrx_word' id='word_1_668' title='bbox 3092 3069 3373 3135; x_wconf 76' lang='lat' dir='ltr'><strong><em>singularis</em></strong></span> <span class='ocrx_word' id='word_1_669' title='bbox 3396 3072 3643 3131; x_wconf 85' lang='lat' dir='ltr'><strong><em>feminam</em></strong></span> 
     </span>
    </p>
   </div>
   <div class='ocr_carea' id='block_1_92' title="bbox 2070 3144 3639 3232">
    <p class='ocr_par' dir='ltr' id='par_1_92' title="bbox 2070 3144 3639 3232">
     <span class='ocr_line' id='line_1_92' title="bbox 2070 3144 3639 3232; baseline 0.013 -34"><span class='ocrx_word' id='word_1_670' title='bbox 2070 3144 2251 3200; x_wconf 82' lang='lat' dir='ltr'><strong><em>literas</em></strong></span> <span class='ocrx_word' id='word_1_671' title='bbox 2279 3149 2420 3201; x_wconf 90' lang='lat' dir='ltr'><strong><em>misit</em></strong></span> <span class='ocrx_word' id='word_1_672' title='bbox 2448 3149 2535 3215; x_wconf 84' lang='grc'>52,</span> <span class='ocrx_word' id='word_1_673' title='bbox 2569 3152 2687 3214; x_wconf 81' lang='lat'><strong>178,</strong></span> <span class='ocrx_word' id='word_1_674' title='bbox 2730 3155 3071 3223; x_wconf 89' lang='lat' dir='ltr'><strong><em>queriturque</em></strong></span> <span class='ocrx_word' id='word_1_675' title='bbox 3106 3160 3244 3226; x_wconf 89' lang='lat' dir='ltr'><strong><em>quod</em></strong></span> <span class='ocrx_word' id='word_1_676' title='bbox 3291 3162 3484 3217; x_wconf 88' lang='lat' dir='ltr'><strong><em>multas</em></strong></span> <span class='ocrx_word' id='word_1_677' title='bbox 3507 3165 3639 3232; x_wconf 88' lang='lat' dir='ltr'><strong><em>ipse,</em></strong></span> 
     </span>
    </p>
   </div>
   <div class='ocr_carea' id='block_1_93' title="bbox 2073 3238 3643 3318">
    <p class='ocr_par' dir='ltr' id='par_1_93' title="bbox 2073 3238 3643 3318">
     <span class='ocr_line' id='line_1_93' title="bbox 2073 3238 3643 3318; baseline 0.014 -30"><span class='ocrx_word' id='word_1_678' title='bbox 2073 3251 2263 3305; x_wconf 87' lang='lat' dir='ltr'><strong><em>paucas</em></strong></span> <span class='ocrx_word' id='word_1_679' title='bbox 2288 3238 2370 3291; x_wconf 88' lang='lat' dir='ltr'><strong><em>illa</em></strong></span> <span class='ocrx_word' id='word_1_680' title='bbox 2402 3240 2501 3294; x_wconf 89' lang='lat' dir='ltr'><strong><em>sibi</em></strong></span> <span class='ocrx_word' id='word_1_681' title='bbox 2552 3242 2728 3295; x_wconf 90' lang='lat' dir='ltr'><strong><em>literas</em></strong></span> <span class='ocrx_word' id='word_1_682' title='bbox 2769 3245 2958 3309; x_wconf 87' lang='lat' dir='ltr'><strong><em>mittat,</em></strong></span> <span class='ocrx_word' id='word_1_683' title='bbox 3002 3247 3232 3318; x_wconf 89' lang='lat' dir='ltr'><strong><em>dicitque</em></strong></span> <span class='ocrx_word' id='word_1_684' title='bbox 3283 3260 3484 3306; x_wconf 89' lang='lat' dir='ltr'><strong><em>tantum</em></strong></span> <span class='ocrx_word' id='word_1_685' title='bbox 3542 3256 3643 3310; x_wconf 91' lang='lat' dir='ltr'><strong><em>sibi</em></strong></span> 
     </span>
    </p>
   </div>
   <div class='ocr_carea' id='block_1_94' title="bbox 2070 3328 3646 3404">
    <p class='ocr_par' dir='ltr' id='par_1_94' title="bbox 2070 3328 3646 3404">
     <span class='ocr_line' id='line_1_94' title="bbox 2070 3328 3646 3404; baseline 0.014 -26"><span class='ocrx_word' id='word_1_686' title='bbox 2070 3328 2313 3397; x_wconf 82' lang='lat' dir='ltr'><strong><em>gaudium</em></strong></span> <span class='ocrx_word' id='word_1_687' title='bbox 2337 3331 2623 3385; x_wconf 83' lang='lat' dir='ltr'><strong><em>amicorum</em></strong></span> <span class='ocrx_word' id='word_1_688' title='bbox 2647 3332 2825 3388; x_wconf 86' lang='lat' dir='ltr'><strong><em>literas</em></strong></span> <span class='ocrx_word' id='word_1_689' title='bbox 2848 3335 3057 3404; x_wconf 74' lang='lat' dir='ltr'><strong><em>afferre,</em></strong></span> <span class='ocrx_word' id='word_1_690' title='bbox 3087 3348 3141 3392; x_wconf 88' lang='lat' dir='ltr'><strong><em>ut</em></strong></span> <span class='ocrx_word' id='word_1_691' title='bbox 3169 3342 3465 3397; x_wconf 89' lang='lat' dir='ltr'><strong><em>solitudinis</em></strong></span> <span class='ocrx_word' id='word_1_692' title='bbox 3488 3347 3646 3401; x_wconf 85' lang='lat' dir='ltr'><strong><em>mole-</em></strong></span> 
     </span>
    </p>
   </div>
   <div class='ocr_carea' id='block_1_95' title="bbox 2070 3420 3641 3504">
    <p class='ocr_par' dir='ltr' id='par_1_95' title="bbox 2070 3420 3641 3504">
     <span class='ocr_line' id='line_1_95' title="bbox 2070 3420 3641 3504; baseline 0.014 -33"><span class='ocrx_word' id='word_1_693' title='bbox 2070 3420 2435 3475; x_wconf 87' lang='lat' dir='ltr'><strong><em>stiamnullam</em></strong></span> <span class='ocrx_word' id='word_1_694' title='bbox 2460 3426 2669 3477; x_wconf 87' lang='lat' dir='ltr'><strong><em>sentiat.</em></strong></span> <span class='ocrx_word' id='word_1_695' title='bbox 2716 3426 2848 3481; x_wconf 91' lang='lat' dir='ltr'><strong><em>Cum</em></strong></span> <span class='ocrx_word' id='word_1_696' title='bbox 2901 3431 3181 3499; x_wconf 88' lang='lat' dir='ltr'><strong><em>Amprncla</em></strong></span> <span class='ocrx_word' id='word_1_697' title='bbox 3230 3443 3282 3488; x_wconf 90' lang='lat' dir='ltr'><strong><em>et</em></strong></span> <span class='ocrx_word' id='word_1_698' title='bbox 3328 3437 3641 3504; x_wconf 89' lang='lat' dir='ltr'><strong><em>quibusdam</em></strong></span> 
     </span>
    </p>
   </div>
   <div class='ocr_carea' id='block_1_96' title="bbox 2071 3513 3641 3590">
    <p class='ocr_par' dir='ltr' id='par_1_96' title="bbox 2071 3513 3641 3590">
     <span class='ocr_line' id='line_1_96' title="bbox 2071 3513 3641 3590; baseline 0.013 -27"><span class='ocrx_word' id='word_1_699' title='bbox 2071 3513 2207 3574; x_wconf 89' lang='lat' dir='ltr'><strong><em>aliis,</em></strong></span> <span class='ocrx_word' id='word_1_700' title='bbox 2233 3528 2348 3582; x_wconf 75' lang='lat' dir='ltr'><strong><em>qum</em></strong></span> <span class='ocrx_word' id='word_1_701' title='bbox 2371 3530 2488 3567; x_wconf 91' lang='lat' dir='ltr'><strong><em>cum</em></strong></span> <span class='ocrx_word' id='word_1_702' title='bbox 2531 3516 2618 3570; x_wconf 88' lang='lat' dir='ltr'><strong><em>illa</em></strong></span> <span class='ocrx_word' id='word_1_703' title='bbox 2639 3519 3004 3585; x_wconf 82' lang='lat' dir='ltr'><strong><em>versabantur,</em></strong></span> <span class='ocrx_word' id='word_1_704' title='bbox 3043 3524 3229 3590; x_wconf 88' lang='lat' dir='ltr'><strong><em>majori</em></strong></span> <span class='ocrx_word' id='word_1_705' title='bbox 3258 3528 3416 3580; x_wconf 86' lang='lat' dir='ltr'><strong><em>etiam</em></strong></span> <span class='ocrx_word' id='word_1_706' title='bbox 3447 3530 3641 3584; x_wconf 90' lang='lat' dir='ltr'><strong><em>carita-</em></strong></span> 
     </span>
    </p>
   </div>
   <div class='ocr_carea' id='block_1_97' title="bbox 2073 3602 3638 3687">
    <p class='ocr_par' dir='ltr' id='par_1_97' title="bbox 2073 3602 3638 3687">
     <span class='ocr_line' id='line_1_97' title="bbox 2073 3602 3638 3687; baseline 0.011 -33"><span class='ocrx_word' id='word_1_707' title='bbox 2073 3602 2140 3654; x_wconf 87' lang='lat' dir='ltr'><strong><em>tis</em></strong></span> <span class='ocrx_word' id='word_1_708' title='bbox 2170 3603 2379 3658; x_wconf 86' lang='lat' dir='ltr'><strong><em>vinculo</em></strong></span> <span class='ocrx_word' id='word_1_709' title='bbox 2406 3621 2571 3659; x_wconf 80' lang='lat' dir='ltr'><strong><em>nexus</em></strong></span> <span class='ocrx_word' id='word_1_710' title='bbox 2587 3606 2748 3662; x_wconf 88' lang='lat' dir='ltr'><strong><em>fuisse</em></strong></span> <span class='ocrx_word' id='word_1_711' title='bbox 2776 3609 3004 3677; x_wconf 89' lang='lat' dir='ltr'><strong><em>videtur,</em></strong></span> <span class='ocrx_word' id='word_1_712' title='bbox 3026 3622 3078 3665; x_wconf 90' lang='lat' dir='ltr'><strong><em>ut</em></strong></span> <span class='ocrx_word' id='word_1_713' title='bbox 3100 3629 3162 3667; x_wconf 81' lang='lat' dir='ltr'><strong><em>ex</em></strong></span> <span class='ocrx_word' id='word_1_714' title='bbox 3195 3624 3418 3684; x_wconf 91' lang='lat' dir='ltr'><strong><em>quatuor</em></strong></span> <span class='ocrx_word' id='word_1_715' title='bbox 3438 3622 3638 3687; x_wconf 58' lang='lat' dir='ltr'><strong><em>episto-</em></strong></span> 
     </span>
    </p>
   </div>
   <div class='ocr_carea' id='block_1_98' title="bbox 2074 3690 3640 3778">
    <p class='ocr_par' dir='ltr' id='par_1_98' title="bbox 2074 3690 3640 3778">
     <span class='ocr_line' id='line_1_98' title="bbox 2074 3690 3640 3778; baseline 0.013 -34"><span class='ocrx_word' id='word_1_716' title='bbox 2074 3690 2139 3744; x_wconf 91' lang='lat' dir='ltr'><strong><em>lis</em></strong></span> <span class='ocrx_word' id='word_1_717' title='bbox 2165 3692 2228 3745; x_wconf 91' lang='lat' dir='ltr'><strong><em>ad</em></strong></span> <span class='ocrx_word' id='word_1_718' title='bbox 2262 3693 2401 3746; x_wconf 88' lang='lat' dir='ltr'><strong><em>illam</em></strong></span> <span class='ocrx_word' id='word_1_719' title='bbox 2434 3696 2606 3749; x_wconf 90' lang='lat' dir='ltr'><strong><em>missis</em></strong></span> <span class='ocrx_word' id='word_1_720' title='bbox 2635 3697 2799 3752; x_wconf 90' lang='lat' dir='ltr'><strong><em>tribus</em></strong></span> <span class='ocrx_word' id='word_1_721' title='bbox 2826 3700 2843 3767; x_wconf 95' lang='lat'><strong><em>(</em></strong></span> <span class='ocrx_word' id='word_1_722' title='bbox 2872 3701 2992 3766; x_wconf 90' lang='lat'><strong>191,</strong></span> <span class='ocrx_word' id='word_1_723' title='bbox 3028 3703 3149 3767; x_wconf 81' lang='lat'><strong><em>103,</em></strong></span> <span class='ocrx_word' id='word_1_724' title='bbox 3180 3703 3249 3760; x_wconf 89' lang='grc'><strong>96</strong></span> <span class='ocrx_word' id='word_1_725' title='bbox 3277 3705 3299 3778; x_wconf 91' lang='grc'>)</span> <span class='ocrx_word' id='word_1_726' title='bbox 3334 3710 3640 3778; x_wconf 70' lang='lat' dir='ltr'><strong><em>percipitur.</em></strong></span> 
     </span>
    </p>
   </div>
   <div class='ocr_carea' id='block_1_99' title="bbox 2074 3781 3642 3859">
    <p class='ocr_par' dir='ltr' id='par_1_99' title="bbox 2074 3781 3642 3859">
     <span class='ocr_line' id='line_1_99' title="bbox 2074 3781 3642 3859; baseline 0.014 -25"><span class='ocrx_word' id='word_1_727' title='bbox 2074 3781 2500 3851; x_wconf 82' lang='lat' dir='ltr'><strong><em>EratAmprucla</em></strong></span> <span class='ocrx_word' id='word_1_728' title='bbox 2528 3785 2748 3842; x_wconf 88' lang='lat' dir='ltr'><strong><em>fortasse</em></strong></span> <span class='ocrx_word' id='word_1_729' title='bbox 2772 3788 2926 3859; x_wconf 88' lang='lat' dir='ltr'><strong><em>Syra,</em></strong></span> <span class='ocrx_word' id='word_1_730' title='bbox 2946 3792 3027 3845; x_wconf 87' lang='lat' dir='ltr'><strong><em>vel</em></strong></span> <span class='ocrx_word' id='word_1_731' title='bbox 3055 3795 3270 3850; x_wconf 87' lang='lat' dir='ltr'><strong><em>alterius</em></strong></span> <span class='ocrx_word' id='word_1_732' title='bbox 3294 3797 3515 3855; x_wconf 90' lang='lat' dir='ltr'><strong><em>fortasse</em></strong></span> <span class='ocrx_word' id='word_1_733' title='bbox 3544 3818 3642 3854; x_wconf 88' lang='lat' dir='ltr'><strong><em>na-</em></strong></span> 
     </span>
    </p>
   </div>
   <div class='ocr_carea' id='block_1_100' title="bbox 2075 3874 3640 3958">
    <p class='ocr_par' dir='ltr' id='par_1_100' title="bbox 2075 3874 3640 3958">
     <span class='ocr_line' id='line_1_100' title="bbox 2075 3874 3640 3958; baseline 0.01 -31"><span class='ocrx_word' id='word_1_734' title='bbox 2075 3874 2425 3943; x_wconf 84' lang='lat' dir='ltr'><strong><em>tionis.neque</em></strong></span> <span class='ocrx_word' id='word_1_735' title='bbox 2445 3874 2627 3932; x_wconf 64' lang='lat' dir='ltr'><strong><em>Grarce</em></strong></span> <span class='ocrx_word' id='word_1_736' title='bbox 2646 3880 2879 3935; x_wconf 87' lang='lat' dir='ltr'><strong><em>scribere</em></strong></span> <span class='ocrx_word' id='word_1_737' title='bbox 2893 3883 3110 3948; x_wconf 87' lang='lat' dir='ltr'><strong><em>sciebat;</em></strong></span> <span class='ocrx_word' id='word_1_738' title='bbox 3131 3902 3195 3939; x_wconf 85' lang='lat' dir='ltr'><strong><em>ex</em></strong></span> <span class='ocrx_word' id='word_1_739' title='bbox 3219 3887 3425 3943; x_wconf 90' lang='lat' dir='ltr'><strong><em>sincero</em></strong></span> <span class='ocrx_word' id='word_1_740' title='bbox 3444 3902 3640 3958; x_wconf 85' lang='lat' dir='ltr'><strong><em>autem,</em></strong></span> 
     </span>
    </p>
   </div>
   <div class='ocr_carea' id='block_1_101' title="bbox 2073 3964 3641 4039">
    <p class='ocr_par' dir='ltr' id='par_1_101' title="bbox 2073 3964 3641 4039">
     <span class='ocr_line' id='line_1_101' title="bbox 2073 3964 3641 4039; baseline 0.012 -24"><span class='ocrx_word' id='word_1_741' title='bbox 2073 3979 2177 4032; x_wconf 93' lang='lat' dir='ltr'><strong><em>quo</em></strong></span> <span class='ocrx_word' id='word_1_742' title='bbox 2199 3979 2320 4031; x_wconf 82' lang='lat' dir='ltr'><strong><em>erga</em></strong></span> <span class='ocrx_word' id='word_1_743' title='bbox 2338 3964 2768 4037; x_wconf 87' lang='lat' dir='ltr'><strong><em>Chrysostomum</em></strong></span> <span class='ocrx_word' id='word_1_744' title='bbox 2797 3971 3090 4039; x_wconf 90' lang='lat' dir='ltr'><strong><em>tenebatur,</em></strong></span> <span class='ocrx_word' id='word_1_745' title='bbox 3106 3974 3292 4030; x_wconf 84' lang='lat' dir='ltr'><strong><em>affectu</em></strong></span> <span class='ocrx_word' id='word_1_746' title='bbox 3319 3990 3500 4033; x_wconf 81' lang='lat' dir='ltr'><strong><em>vexata</em></strong></span> <span class='ocrx_word' id='word_1_747' title='bbox 3527 3998 3641 4033; x_wconf 88' lang='lat' dir='ltr'><strong><em>ma-</em></strong></span> 
     </span>
    </p>
   </div>
   <div class='ocr_carea' id='block_1_102' title="bbox 2074 4053 3638 4132">
    <p class='ocr_par' dir='ltr' id='par_1_102' title="bbox 2074 4053 3638 4132">
     <span class='ocr_line' id='line_1_102' title="bbox 2074 4053 3638 4132; baseline 0.011 -25"><span class='ocrx_word' id='word_1_748' title='bbox 2074 4053 2245 4121; x_wconf 88' lang='lat' dir='ltr'><strong><em>lisque</em></strong></span> <span class='ocrx_word' id='word_1_749' title='bbox 2275 4056 2451 4109; x_wconf 89' lang='lat' dir='ltr'><strong><em>multis</em></strong></span> <span class='ocrx_word' id='word_1_750' title='bbox 2481 4067 2534 4110; x_wconf 89' lang='lat' dir='ltr'><strong><em>et</em></strong></span> <span class='ocrx_word' id='word_1_751' title='bbox 2555 4057 2641 4110; x_wconf 71' lang='lat' dir='ltr'><strong><em>illa</em></strong></span> <span class='ocrx_word' id='word_1_752' title='bbox 2679 4066 2735 4112; x_wconf 91' lang='lat' dir='ltr'><strong><em>et</em></strong></span> <span class='ocrx_word' id='word_1_753' title='bbox 2759 4061 2916 4114; x_wconf 71' lang='lat' dir='ltr'><strong><em>socim</em></strong></span> <span class='ocrx_word' id='word_1_754' title='bbox 2946 4076 3053 4115; x_wconf 79' lang='lat' dir='ltr'><strong><em>sua:</em></strong></span> <span class='ocrx_word' id='word_1_755' title='bbox 3081 4080 3212 4132; x_wconf 87' lang='lat' dir='ltr'><strong><em>pene</em></strong></span> <span class='ocrx_word' id='word_1_756' title='bbox 3242 4066 3426 4121; x_wconf 85' lang='lat' dir='ltr'><strong><em>obruta</em></strong></span> <span class='ocrx_word' id='word_1_757' title='bbox 3453 4070 3638 4124; x_wconf 88' lang='lat' dir='ltr'><strong><em>fuerat.</em></strong></span> 
     </span>
    </p>
   </div>
   <div class='ocr_carea' id='block_1_103' title="bbox 2076 4143 3644 4222">
    <p class='ocr_par' dir='ltr' id='par_1_103' title="bbox 2076 4143 3644 4222">
     <span class='ocr_line' id='line_1_103' title="bbox 2076 4143 3644 4222; baseline 0.013 -27"><span class='ocrx_word' id='word_1_758' title='bbox 2076 4143 2221 4196; x_wconf 88' lang='lat' dir='ltr'><strong><em>Illam</em></strong></span> <span class='ocrx_word' id='word_1_759' title='bbox 2250 4160 2374 4198; x_wconf 90' lang='lat' dir='ltr'><strong><em>vero</em></strong></span> <span class='ocrx_word' id='word_1_760' title='bbox 2401 4147 2602 4201; x_wconf 89' lang='lat' dir='ltr'><strong><em>solatur</em></strong></span> <span class='ocrx_word' id='word_1_761' title='bbox 2647 4147 3076 4220; x_wconf 83' lang='lat' dir='ltr'><strong><em>Chrysostomus,</em></strong></span> <span class='ocrx_word' id='word_1_762' title='bbox 3136 4160 3412 4222; x_wconf 85' lang='lat' dir='ltr'><strong><em>praesentia</em></strong></span> <span class='ocrx_word' id='word_1_763' title='bbox 3468 4163 3644 4216; x_wconf 86' lang='lat' dir='ltr'><strong><em>omnia</em></strong></span> 
     </span>
    </p>
   </div>
   <div class='ocr_carea' id='block_1_104' title="bbox 2074 4233 3641 4306">
    <p class='ocr_par' dir='ltr' id='par_1_104' title="bbox 2074 4233 3641 4306">
     <span class='ocr_line' id='line_1_104' title="bbox 2074 4233 3641 4306; baseline 0.013 -19"><span class='ocrx_word' id='word_1_764' title='bbox 2074 4233 2212 4288; x_wconf 78' lang='lat' dir='ltr'><strong><em>fluxa</em></strong></span> <span class='ocrx_word' id='word_1_765' title='bbox 2243 4252 2356 4289; x_wconf 85' lang='lat' dir='ltr'><strong><em>esse</em></strong></span> <span class='ocrx_word' id='word_1_766' title='bbox 2380 4238 2581 4300; x_wconf 88' lang='lat' dir='ltr'><strong><em>dicens,</em></strong></span> <span class='ocrx_word' id='word_1_767' title='bbox 2605 4238 2779 4293; x_wconf 90' lang='lat' dir='ltr'><strong><em>futura</em></strong></span> <span class='ocrx_word' id='word_1_768' title='bbox 2807 4250 2981 4297; x_wconf 87' lang='lat' dir='ltr'><strong><em>autem</em></strong></span> <span class='ocrx_word' id='word_1_769' title='bbox 3011 4246 3144 4298; x_wconf 89' lang='lat' dir='ltr'><strong><em>bona</em></strong></span> <span class='ocrx_word' id='word_1_770' title='bbox 3166 4246 3311 4299; x_wconf 89' lang='lat' dir='ltr'><strong><em>ﬁrma</em></strong></span> <span class='ocrx_word' id='word_1_771' title='bbox 3334 4258 3387 4302; x_wconf 92' lang='lat' dir='ltr'><strong><em>et</em></strong></span> <span class='ocrx_word' id='word_1_772' title='bbox 3414 4251 3462 4303; x_wconf 93' lang='lat' dir='ltr'><strong><em>iu</em></strong></span> <span class='ocrx_word' id='word_1_773' title='bbox 3482 4261 3641 4306; x_wconf 70' lang='lat' dir='ltr'><strong><em>mter-</em></strong></span> 
     </span>
    </p>
   </div>
   <div class='ocr_carea' id='block_1_105' title="bbox 2076 4331 3645 4406">
    <p class='ocr_par' dir='ltr' id='par_1_105' title="bbox 2076 4331 3645 4406">
     <span class='ocr_line' id='line_1_105' title="bbox 2076 4331 3645 4406; baseline 0.011 -26"><span class='ocrx_word' id='word_1_774' title='bbox 2076 4344 2199 4381; x_wconf 90' lang='lat' dir='ltr'><strong><em>num</em></strong></span> <span class='ocrx_word' id='word_1_775' title='bbox 2247 4334 2531 4383; x_wconf 85' lang='lat' dir='ltr'><strong><em>manentia.</em></strong></span> <span class='ocrx_word' id='word_1_776' title='bbox 2589 4331 2914 4387; x_wconf 86' lang='lat' dir='ltr'><strong><em>Harmatium</em></strong></span> <span class='ocrx_word' id='word_1_777' title='bbox 2948 4352 3090 4402; x_wconf 89' lang='lat' dir='ltr'><strong><em>vero,</em></strong></span> <span class='ocrx_word' id='word_1_778' title='bbox 3124 4339 3345 4406; x_wconf 90' lang='lat' dir='ltr'><strong><em>probum</em></strong></span> <span class='ocrx_word' id='word_1_779' title='bbox 3396 4343 3565 4397; x_wconf 87' lang='lat' dir='ltr'><strong><em>virum</em></strong></span> <span class='ocrx_word' id='word_1_780' title='bbox 3593 4354 3645 4397; x_wconf 88' lang='lat' dir='ltr'><strong><em>et</em></strong></span> 
     </span>
    </p>
   </div>
   <div class='ocr_carea' id='block_1_106' title="bbox 2077 4421 3642 4495">
    <p class='ocr_par' dir='ltr' id='par_1_106' title="bbox 2077 4421 3642 4495">
     <span class='ocr_line' id='line_1_106' title="bbox 2077 4421 3642 4495; baseline 0.01 -22"><span class='ocrx_word' id='word_1_781' title='bbox 2077 4421 2403 4487; x_wconf 88' lang='lat' dir='ltr'><strong><em>opulentum,</em></strong></span> <span class='ocrx_word' id='word_1_782' title='bbox 2422 4422 2509 4492; x_wconf 90' lang='lat' dir='ltr'><strong><em>qui</em></strong></span> <span class='ocrx_word' id='word_1_783' title='bbox 2532 4422 2829 4477; x_wconf 86' lang='lat' dir='ltr'><strong><em>hominibus</em></strong></span> <span class='ocrx_word' id='word_1_784' title='bbox 2847 4426 2957 4479; x_wconf 89' lang='lat' dir='ltr'><strong><em>suis</em></strong></span> <span class='ocrx_word' id='word_1_785' title='bbox 2988 4427 3356 4495; x_wconf 86' lang='lat' dir='ltr'><strong><em>imperaverat,</em></strong></span> <span class='ocrx_word' id='word_1_786' title='bbox 3388 4444 3443 4485; x_wconf 92' lang='lat' dir='ltr'><strong><em>ut</em></strong></span> <span class='ocrx_word' id='word_1_787' title='bbox 3468 4436 3642 4489; x_wconf 83' lang='lat' dir='ltr'><strong><em>onmia</em></strong></span> 
     </span>
    </p>
   </div>
   <div class='ocr_carea' id='block_1_107' title="bbox 2075 4512 3641 4591">
    <p class='ocr_par' dir='ltr' id='par_1_107' title="bbox 2075 4512 3641 4591">
     <span class='ocr_line' id='line_1_107' title="bbox 2075 4512 3641 4591; baseline 0.011 -30"><span class='ocrx_word' id='word_1_788' title='bbox 2075 4512 2264 4578; x_wconf 82' lang='lat' dir='ltr'><strong><em>quibus</em></strong></span> <span class='ocrx_word' id='word_1_789' title='bbox 2291 4527 2445 4577; x_wconf 76' lang='lat' dir='ltr'><strong><em>egere</em></strong></span> <span class='ocrx_word' id='word_1_790' title='bbox 2481 4524 2656 4580; x_wconf 80' lang='lat' dir='ltr'><strong><em>posset</em></strong></span> <span class='ocrx_word' id='word_1_791' title='bbox 2676 4514 3089 4585; x_wconf 81' lang='lat' dir='ltr'><strong><em>Chrysostomus</em></strong></span> <span class='ocrx_word' id='word_1_792' title='bbox 3107 4519 3206 4587; x_wconf 89' lang='lat' dir='ltr'><strong><em>ipsi</em></strong></span> <span class='ocrx_word' id='word_1_793' title='bbox 3223 4523 3641 4591; x_wconf 87' lang='lat' dir='ltr'><strong><em>suppeditarent,</em></strong></span> 
     </span>
    </p>
   </div>
   <div class='ocr_carea' id='block_1_108' title="bbox 2075 4600 3645 4676">
    <p class='ocr_par' dir='ltr' id='par_1_108' title="bbox 2075 4600 3645 4676">
     <span class='ocr_line' id='line_1_108' title="bbox 2075 4600 3645 4676; baseline 0.01 -24"><span class='ocrx_word' id='word_1_794' title='bbox 2075 4600 2241 4654; x_wconf 88' lang='lat' dir='ltr'><strong><em>literis</em></strong></span> <span class='ocrx_word' id='word_1_795' title='bbox 2265 4602 2415 4669; x_wconf 89' lang='lat' dir='ltr'><strong><em>suis(</em></strong></span> <span class='ocrx_word' id='word_1_796' title='bbox 2442 4603 2507 4655; x_wconf 76' lang='lat'><strong>75</strong></span> <span class='ocrx_word' id='word_1_797' title='bbox 2530 4603 2547 4672; x_wconf 92' lang='lat'>)</span> <span class='ocrx_word' id='word_1_798' title='bbox 2568 4613 2743 4656; x_wconf 86' lang='lat' dir='ltr'><strong><em>monet</em></strong></span> <span class='ocrx_word' id='word_1_799' title='bbox 2765 4605 2863 4658; x_wconf 90' lang='lat' dir='ltr'><strong><em>sibi</em></strong></span> <span class='ocrx_word' id='word_1_800' title='bbox 2887 4608 3062 4660; x_wconf 90' lang='lat' dir='ltr'><strong><em>omnia</em></strong></span> <span class='ocrx_word' id='word_1_801' title='bbox 3104 4608 3343 4676; x_wconf 83' lang='lat' dir='ltr'><strong><em>afﬂuere,</em></strong></span> <span class='ocrx_word' id='word_1_802' title='bbox 3371 4621 3424 4666; x_wconf 92' lang='lat' dir='ltr'><strong><em>et</em></strong></span> <span class='ocrx_word' id='word_1_803' title='bbox 3439 4628 3496 4667; x_wconf 83' lang='lat' dir='ltr'><strong><em>se</em></strong></span> <span class='ocrx_word' id='word_1_804' title='bbox 3522 4616 3645 4667; x_wconf 90' lang='lat' dir='ltr'><strong><em>nul-</em></strong></span> 
     </span>
    </p>
   </div>
   <div class='ocr_carea' id='block_1_109' title="bbox 2079 4690 3649 4765">
    <p class='ocr_par' dir='ltr' id='par_1_109' title="bbox 2079 4690 3649 4765">
     <span class='ocr_line' id='line_1_109' title="bbox 2079 4690 3649 4765; baseline 0.011 -24"><span class='ocrx_word' id='word_1_805' title='bbox 2079 4690 2128 4742; x_wconf 92' lang='lat' dir='ltr'><strong><em>lo</em></strong></span> <span class='ocrx_word' id='word_1_806' title='bbox 2154 4705 2285 4758; x_wconf 90' lang='lat' dir='ltr'><strong><em>opus</em></strong></span> <span class='ocrx_word' id='word_1_807' title='bbox 2313 4690 2525 4757; x_wconf 89' lang='lat' dir='ltr'><strong><em>habere,</em></strong></span> <span class='ocrx_word' id='word_1_808' title='bbox 2555 4693 2646 4746; x_wconf 91' lang='lat' dir='ltr'><strong><em>sed</em></strong></span> <span class='ocrx_word' id='word_1_809' title='bbox 2693 4694 2734 4746; x_wconf 92' lang='lat' dir='ltr'><strong><em>si</em></strong></span> <span class='ocrx_word' id='word_1_810' title='bbox 2765 4696 3043 4763; x_wconf 88' lang='lat' dir='ltr'><strong><em>gratiﬁcari</em></strong></span> <span class='ocrx_word' id='word_1_811' title='bbox 3075 4699 3172 4751; x_wconf 89' lang='lat' dir='ltr'><strong><em>sibi</em></strong></span> <span class='ocrx_word' id='word_1_812' title='bbox 3221 4702 3365 4765; x_wconf 71' lang='lat' dir='ltr'><strong><em>velit,</em></strong></span> <span class='ocrx_word' id='word_1_813' title='bbox 3396 4703 3561 4757; x_wconf 65' lang='lat' dir='ltr'><strong><em>literis</em></strong></span> <span class='ocrx_word' id='word_1_814' title='bbox 3591 4721 3649 4758; x_wconf 89' lang='lat' dir='ltr'><strong><em>se</em></strong></span> 
     </span>
    </p>
   </div>
   <div class='ocr_carea' id='block_1_110' title="bbox 2078 4779 3646 4849">
    <p class='ocr_par' dir='ltr' id='par_1_110' title="bbox 2078 4779 3646 4849">
     <span class='ocr_line' id='line_1_110' title="bbox 2078 4779 3646 4849; baseline 0.009 -17"><span class='ocrx_word' id='word_1_815' title='bbox 2078 4779 2377 4849; x_wconf 87' lang='lat' dir='ltr'><strong><em>frequenter</em></strong></span> <span class='ocrx_word' id='word_1_816' title='bbox 2406 4783 2471 4836; x_wconf 86' lang='lat' dir='ltr'><strong><em>de</em></strong></span> <span class='ocrx_word' id='word_1_817' title='bbox 2497 4797 2590 4836; x_wconf 84' lang='lat' dir='ltr'><strong><em>sua</em></strong></span> <span class='ocrx_word' id='word_1_818' title='bbox 2608 4793 2662 4837; x_wconf 87' lang='lat' dir='ltr'><strong><em>et</em></strong></span> <span class='ocrx_word' id='word_1_819' title='bbox 2702 4782 2913 4839; x_wconf 67' lang='lat' dir='ltr'><strong><em>familiae</em></strong></span> <span class='ocrx_word' id='word_1_820' title='bbox 2946 4788 3104 4841; x_wconf 85' lang='lat' dir='ltr'><strong><em>totius</em></strong></span> <span class='ocrx_word' id='word_1_821' title='bbox 3127 4790 3425 4845; x_wconf 87' lang='lat' dir='ltr'><strong><em>valetudine</em></strong></span> <span class='ocrx_word' id='word_1_822' title='bbox 3449 4795 3646 4848; x_wconf 87' lang='lat' dir='ltr'><strong><em>certio-</em></strong></span> 
     </span>
    </p>
   </div>
   <div class='ocr_carea' id='block_1_111' title="bbox 2075 4872 2389 4928">
    <p class='ocr_par' dir='ltr' id='par_1_111' title="bbox 2075 4872 2389 4928">
     <span class='ocr_line' id='line_1_111' title="bbox 2075 4872 2389 4928; baseline 0 0"><span class='ocrx_word' id='word_1_823' title='bbox 2075 4888 2185 4928; x_wconf 75' lang='lat' dir='ltr'><strong><em>rem</em></strong></span> <span class='ocrx_word' id='word_1_824' title='bbox 2218 4872 2389 4928; x_wconf 89' lang='lat' dir='ltr'><strong><em>faciat.</em></strong></span> 
     </span>
    </p>
   </div>
   <div class='ocr_carea' id='block_1_112' title="bbox 2150 4965 3651 5045">
    <p class='ocr_par' dir='ltr' id='par_1_112' title="bbox 2150 4965 3651 5045">
     <span class='ocr_line' id='line_1_112' title="bbox 2150 4965 3651 5045; baseline 0.006 -27"><span class='ocrx_word' id='word_1_825' title='bbox 2150 4965 2363 5035; x_wconf 80' lang='lat' dir='ltr'><strong><em>llyemis</em></strong></span> <span class='ocrx_word' id='word_1_826' title='bbox 2394 4982 2516 5020; x_wconf 90' lang='lat' dir='ltr'><strong><em>vero</em></strong></span> <span class='ocrx_word' id='word_1_827' title='bbox 2540 4976 2792 5034; x_wconf 85' lang='lat' dir='ltr'><strong><em>tempore,</em></strong></span> <span class='ocrx_word' id='word_1_828' title='bbox 2811 4968 2921 5021; x_wconf 89' lang='lat' dir='ltr'><strong><em>sive</em></strong></span> <span class='ocrx_word' id='word_1_829' title='bbox 2940 4968 3128 5039; x_wconf 81' lang='lat' dir='ltr'><strong><em>hyeme</em></strong></span> <span class='ocrx_word' id='word_1_830' title='bbox 3159 4971 3390 5037; x_wconf 88' lang='lat' dir='ltr'><strong><em>ineunte,</em></strong></span> <span class='ocrx_word' id='word_1_831' title='bbox 3414 4990 3524 5026; x_wconf 87' lang='lat' dir='ltr'><strong><em>cum</em></strong></span> <span class='ocrx_word' id='word_1_832' title='bbox 3539 4977 3651 5045; x_wconf 85' lang='lat' dir='ltr'><strong><em>jam</em></strong></span> 
     </span>
    </p>
   </div>
   <div class='ocr_carea' id='block_1_113' title="bbox 2078 5054 3645 5131">
    <p class='ocr_par' dir='ltr' id='par_1_113' title="bbox 2078 5054 3645 5131">
     <span class='ocr_line' id='line_1_113' title="bbox 2078 5054 3645 5131; baseline 0.006 -25"><span class='ocrx_word' id='word_1_833' title='bbox 2078 5054 2267 5123; x_wconf 83' lang='lat' dir='ltr'><strong><em>hyemis</em></strong></span> <span class='ocrx_word' id='word_1_834' title='bbox 2290 5066 2480 5127; x_wconf 76' lang='lat' dir='ltr'><strong><em>tempus</em></strong></span> <span class='ocrx_word' id='word_1_835' title='bbox 2505 5056 2610 5111; x_wconf 79' lang='lat' dir='ltr'><strong><em>vias</em></strong></span> <span class='ocrx_word' id='word_1_836' title='bbox 2639 5057 3009 5120; x_wconf 80' lang='lat' dir='ltr'><strong><em>intercluderet,</em></strong></span> <span class='ocrx_word' id='word_1_837' title='bbox 3056 5058 3296 5114; x_wconf 82' lang='lat' dir='ltr'><strong><em>Musonio</em></strong></span> <span class='ocrx_word' id='word_1_838' title='bbox 3328 5065 3539 5130; x_wconf 81' lang='lat' dir='ltr'><strong><em>scripsit</em></strong></span> <span class='ocrx_word' id='word_1_839' title='bbox 3560 5082 3645 5131; x_wconf 80' lang='lat' dir='ltr'><strong><em>ep.</em></strong></span> 
     </span>
    </p>
   </div>
   <div class='ocr_carea' id='block_1_114' title="bbox 2077 5147 3643 5217">
    <p class='ocr_par' dir='ltr' id='par_1_114' title="bbox 2077 5147 3643 5217">
     <span class='ocr_line' id='line_1_114' title="bbox 2077 5147 3643 5217; baseline 0.006 -17"><span class='ocrx_word' id='word_1_840' title='bbox 2077 5148 2181 5201; x_wconf 83' lang='grc'>216</span> <span class='ocrx_word' id='word_1_841' title='bbox 2205 5164 2218 5198; x_wconf 91' lang='lat'><strong>:</strong></span> <span class='ocrx_word' id='word_1_842' title='bbox 2246 5159 2403 5216; x_wconf 82' lang='lat' dir='ltr'><strong><em>quem</em></strong></span> <span class='ocrx_word' id='word_1_843' title='bbox 2454 5147 2632 5201; x_wconf 86' lang='lat' dir='ltr'><strong><em>laudat</em></strong></span> <span class='ocrx_word' id='word_1_844' title='bbox 2670 5163 2699 5200; x_wconf 89' lang='lat' dir='ltr'><strong><em>a</em></strong></span> <span class='ocrx_word' id='word_1_845' title='bbox 2730 5150 3031 5202; x_wconf 86' lang='lat' dir='ltr'><strong><em>sinceritate</em></strong></span> <span class='ocrx_word' id='word_1_846' title='bbox 3068 5152 3324 5217; x_wconf 83' lang='lat' dir='ltr'><strong><em>caritatis,</em></strong></span> <span class='ocrx_word' id='word_1_847' title='bbox 3356 5155 3423 5208; x_wconf 91' lang='lat' dir='ltr'><strong><em>ab</em></strong></span> <span class='ocrx_word' id='word_1_848' title='bbox 3446 5158 3643 5210; x_wconf 88' lang='lat' dir='ltr'><strong><em>amoris</em></strong></span> 
     </span>
    </p>
   </div>
   <div class='ocr_carea' id='block_1_115' title="bbox 2079 5238 3648 5309">
    <p class='ocr_par' dir='ltr' id='par_1_115' title="bbox 2079 5238 3648 5309">
     <span class='ocr_line' id='line_1_115' title="bbox 2079 5238 3648 5309; baseline 0.003 -16"><span class='ocrx_word' id='word_1_849' title='bbox 2079 5238 2287 5302; x_wconf 89' lang='lat' dir='ltr'><strong><em>ardore,</em></strong></span> <span class='ocrx_word' id='word_1_850' title='bbox 2322 5239 2386 5293; x_wconf 84' lang='lat' dir='ltr'><strong><em>ab</em></strong></span> <span class='ocrx_word' id='word_1_851' title='bbox 2412 5239 2573 5292; x_wconf 88' lang='lat' dir='ltr'><strong><em>animi</em></strong></span> <span class='ocrx_word' id='word_1_852' title='bbox 2622 5240 2936 5306; x_wconf 86' lang='lat' dir='ltr'><strong><em>constantia,</em></strong></span> <span class='ocrx_word' id='word_1_853' title='bbox 2987 5241 3053 5292; x_wconf 77' lang='lat' dir='ltr'><strong><em>ali</em></strong></span> <span class='ocrx_word' id='word_1_854' title='bbox 3082 5242 3403 5309; x_wconf 70' lang='lat' dir='ltr'><strong><em>ingenuitate</em></strong></span> <span class='ocrx_word' id='word_1_855' title='bbox 3430 5246 3617 5299; x_wconf 83' lang='lat' dir='ltr'><strong><em>simula</em></strong></span> <span class='ocrx_word' id='word_1_856' title='bbox 3637 5276 3648 5283; x_wconf 90' lang='lat'><strong>-</strong></span> 
     </span>
    </p>
   </div>
   <div class='ocr_carea' id='block_1_116' title="bbox 2080 5330 3647 5402">
    <p class='ocr_par' dir='ltr' id='par_1_116' title="bbox 2080 5330 3647 5402">
     <span class='ocr_line' id='line_1_116' title="bbox 2080 5330 3647 5402; baseline 0.003 -19"><span class='ocrx_word' id='word_1_857' title='bbox 2080 5330 2237 5383; x_wconf 86' lang='lat' dir='ltr'><strong><em>tionis</em></strong></span> <span class='ocrx_word' id='word_1_858' title='bbox 2264 5339 2479 5399; x_wconf 82' lang='lat' dir='ltr'><strong><em>experte</em></strong></span> <span class='ocrx_word' id='word_1_859' title='bbox 2505 5347 2519 5393; x_wconf 84' lang='grc'>;</span> <span class='ocrx_word' id='word_1_860' title='bbox 2550 5330 2788 5397; x_wconf 88' lang='lat' dir='ltr'><strong><em>queritur</em></strong></span> <span class='ocrx_word' id='word_1_861' title='bbox 2807 5340 3002 5393; x_wconf 86' lang='lat' dir='ltr'><strong><em>autem,</em></strong></span> <span class='ocrx_word' id='word_1_862' title='bbox 3026 5332 3163 5400; x_wconf 91' lang='lat' dir='ltr'><strong><em>quod</em></strong></span> <span class='ocrx_word' id='word_1_863' title='bbox 3189 5332 3431 5402; x_wconf 85' lang='lat' dir='ltr'><strong><em>licetjam</em></strong></span> <span class='ocrx_word' id='word_1_864' title='bbox 3454 5352 3615 5389; x_wconf 80' lang='lat' dir='ltr'><strong><em>secuti</em></strong></span> <span class='ocrx_word' id='word_1_865' title='bbox 3632 5368 3647 5379; x_wconf 83' lang='lat'><strong>-</strong></span> 
     </span>
    </p>
   </div>
   <div class='ocr_carea' id='block_1_117' title="bbox 2080 5421 3646 5494">
    <p class='ocr_par' dir='ltr' id='par_1_117' title="bbox 2080 5421 3646 5494">
     <span class='ocr_line' id='line_1_117' title="bbox 2080 5421 3646 5494; baseline 0.003 -19"><span class='ocrx_word' id='word_1_866' title='bbox 2080 5421 2149 5475; x_wconf 91' lang='lat' dir='ltr'><strong><em>do</em></strong></span> <span class='ocrx_word' id='word_1_867' title='bbox 2172 5422 2367 5473; x_wconf 89' lang='lat' dir='ltr'><strong><em>scribat</em></strong></span> <span class='ocrx_word' id='word_1_868' title='bbox 2384 5421 2501 5488; x_wconf 88' lang='lat' dir='ltr'><strong><em>ipsi,</em></strong></span> <span class='ocrx_word' id='word_1_869' title='bbox 2523 5421 2714 5473; x_wconf 86' lang='lat' dir='ltr'><strong><em>nullam</em></strong></span> <span class='ocrx_word' id='word_1_870' title='bbox 2734 5421 2906 5474; x_wconf 86' lang='lat' dir='ltr'><strong><em>adhuc</em></strong></span> <span class='ocrx_word' id='word_1_871' title='bbox 2923 5423 3037 5489; x_wconf 91' lang='lat' dir='ltr'><strong><em>ejus</em></strong></span> <span class='ocrx_word' id='word_1_872' title='bbox 3058 5425 3321 5492; x_wconf 90' lang='lat' dir='ltr'><strong><em>acceperit</em></strong></span> <span class='ocrx_word' id='word_1_873' title='bbox 3346 5426 3646 5494; x_wconf 79' lang='lat' dir='ltr'><strong><em>epismlam,</em></strong></span> 
     </span>
    </p>
   </div>
   <div class='ocr_carea' id='block_1_118' title="bbox 2081 5511 3627 5585">
    <p class='ocr_par' dir='ltr' id='par_1_118' title="bbox 2081 5511 3627 5585">
     <span class='ocr_line' id='line_1_118' title="bbox 2081 5511 3627 5585; baseline 0.008 -27"><span class='ocrx_word' id='word_1_874' title='bbox 2081 5511 2219 5581; x_wconf 85' lang='lat' dir='ltr'><strong><em>quod</em></strong></span> <span class='ocrx_word' id='word_1_875' title='bbox 2247 5511 2510 5564; x_wconf 87' lang='lat' dir='ltr'><strong><em>silentium</em></strong></span> <span class='ocrx_word' id='word_1_876' title='bbox 2557 5511 2757 5565; x_wconf 90' lang='lat' dir='ltr'><strong><em>crebris</em></strong></span> <span class='ocrx_word' id='word_1_877' title='bbox 2805 5511 3071 5566; x_wconf 90' lang='lat' dir='ltr'><strong><em>desiderat</em></strong></span> <span class='ocrx_word' id='word_1_878' title='bbox 3114 5515 3351 5583; x_wconf 87' lang='lat' dir='ltr'><strong><em>epistolis</em></strong></span> <span class='ocrx_word' id='word_1_879' title='bbox 3393 5530 3627 5585; x_wconf 75' lang='lat' dir='ltr'><strong><em>compca</em></strong></span> 
     </span>
    </p>
   </div>
   <div class='ocr_carea' id='block_1_119' title="bbox 2081 5604 2206 5658">
    <p class='ocr_par' dir='ltr' id='par_1_119' title="bbox 2081 5604 2206 5658">
     <span class='ocr_line' id='line_1_119' title="bbox 2081 5604 2206 5658; baseline -0.016 -1"><span class='ocrx_word' id='word_1_880' title='bbox 2081 5604 2206 5658; x_wconf 89' lang='lat' dir='ltr'><strong><em>sari.</em></strong></span> 
     </span>
    </p>
   </div>
   <div class='ocr_carea' id='block_1_120' title="bbox 2155 5693 3658 5766">
    <p class='ocr_par' dir='ltr' id='par_1_120' title="bbox 2155 5693 3658 5766">
     <span class='ocr_line' id='line_1_120' title="bbox 2155 5693 3658 5766; baseline 0.003 -19"><span class='ocrx_word' id='word_1_881' title='bbox 2155 5693 2320 5765; x_wconf 76' lang='lat' dir='ltr'><strong><em>Magis</em></strong></span> <span class='ocrx_word' id='word_1_882' title='bbox 2350 5694 2629 5746; x_wconf 86' lang='lat' dir='ltr'><strong><em>inclarescit</em></strong></span> <span class='ocrx_word' id='word_1_883' title='bbox 2658 5694 2708 5745; x_wconf 90' lang='lat' dir='ltr'><strong><em>in</em></strong></span> <span class='ocrx_word' id='word_1_884' title='bbox 2737 5694 2910 5746; x_wconf 73' lang='lat' dir='ltr'><strong><em>exsilio</em></strong></span> <span class='ocrx_word' id='word_1_885' title='bbox 2934 5710 3081 5760; x_wconf 87' lang='lat' dir='ltr'><strong><em>quam</em></strong></span> <span class='ocrx_word' id='word_1_886' title='bbox 3103 5694 3551 5766; x_wconf 85' lang='lat' dir='ltr'><strong><em>Constantinopoli.</em></strong></span> <span class='ocrx_word' id='word_1_887' title='bbox 3590 5728 3658 5740; x_wconf 61' lang='grc' dir='ltr'><strong><em>-η</em></strong></span> 
     </span>
    </p>
   </div>
   <div class='ocr_carea' id='block_1_121' title="bbox 2084 5783 3650 5855">
    <p class='ocr_par' dir='ltr' id='par_1_121' title="bbox 2084 5783 3650 5855">
     <span class='ocr_line' id='line_1_121' title="bbox 2084 5783 3650 5855; baseline 0.001 -14"><span class='ocrx_word' id='word_1_888' title='bbox 2084 5784 2313 5841; x_wconf 82' lang='lat' dir='ltr'><strong><em>Joannes</em></strong></span> <span class='ocrx_word' id='word_1_889' title='bbox 2337 5800 2460 5839; x_wconf 89' lang='lat' dir='ltr'><strong><em>vero</em></strong></span> <span class='ocrx_word' id='word_1_890' title='bbox 2487 5785 2535 5838; x_wconf 91' lang='lat' dir='ltr'><strong><em>in</em></strong></span> <span class='ocrx_word' id='word_1_891' title='bbox 2581 5784 2765 5838; x_wconf 82' lang='lat' dir='ltr'><strong><em>exsilio</em></strong></span> <span class='ocrx_word' id='word_1_892' title='bbox 2795 5783 2990 5854; x_wconf 80' lang='lat' dir='ltr'><strong><em>degens</em></strong></span> <span class='ocrx_word' id='word_1_893' title='bbox 3046 5786 3210 5855; x_wconf 84' lang='lat' dir='ltr'><strong><em>magis</em></strong></span> <span class='ocrx_word' id='word_1_894' title='bbox 3251 5787 3650 5853; x_wconf 75' lang='lat' dir='ltr'><strong><em>inclarescebat.</em></strong></span> 
     </span>
    </p>
   </div>
  </div>
