4096 6392
416 376 516 432 εει

415 506 573 560 quam
599 501 720 542 cum
748 484 1040 541 Antiochiae
1062 484 1144 538 vel
1189 480 1646 548 ConstantinOpoli
1671 480 1856 547 essct(
1891 477 1993 534 So-

416 598 546 636 iiom.
577 581 613 636 ι.
653 581 707 636 8.
757 595 804 632 c.
853 577 988 646 27).
1033 572 1162 630 Cum
1219 575 1362 630 enim
1395 572 1630 642 pecuniis
1681 570 1996 635 abundaret,

413 688 547 744 quas
568 683 675 725 tuin
707 670 978 741 Olympias
995 666 1312 726 diaconissa,
1347 675 1456 718 tum
1486 663 1574 718 alii
1606 662 1754 716 multi
1802 661 2001 716 submi-

417 765 733 827 nistrabant,
757 765 992 828 captivos
1006 759 1262 830 plurimos
1291 756 1357 810 ab
1380 757 1573 810 lsauris
1602 754 1844 819 redemit,
1866 753 2001 806 inul-

417 858 485 910 tis
510 856 668 910 etiain
694 853 873 922 egenis
911 850 1210 905 necessaria
1262 849 1480 917 largitus
1499 856 1614 908 est;
1647 861 1758 909 eos,
1787 845 1876 915 qui
1909 859 2000 913 pc-

423 947 595 1002 euniis
624 960 727 999 non
760 944 1004 1013 egebant,
1034 939 1309 1010 colloquiis
1341 939 1437 992 sibi
1485 938 1818 992 conciliabat.
1847 937 2000 990 Erat-

415 1054 519 1109 que
541 1037 823 1096 admodum
845 1050 999 1089 carus
1031 1045 1138 1088 tum
1162 1032 1408 1087 Armenis
1437 1030 1575 1100 apud
1603 1044 1734 1100 quos
1753 1029 1996 1099 degebat,

417 1143 528 1187 tum
557 1131 790 1184 finitimis
807 1128 1070 1181 omnibus.
1093 1126 1239 1180 Multi
1267 1124 1502 1194 quotidie
1529 1122 1594 1176 ad
1613 1137 1733 1177 eum
1764 1120 2003 1176 conflue-

419 1222 549 1277 bant
573 1236 636 1274 ex
661 1221 787 1273 urbe
821 1218 1115 1281 Antiochia,
1145 1233 1209 1271 ex
1227 1217 1376 1287 Syria
1403 1225 1457 1270 et
1477 1231 1542 1269 ex
1563 1215 1766 1268 Cilicia.
1799 1215 1996 1282 Atque,

416 1323 476 1367 ut
505 1311 740 1382 pluribus
769 1310 902 1364 infra
925 1309 1147 1369 dicetur,
1191 1323 1284 1361 cos
1313 1309 1400 1376 qui
1453 1306 1785 1373 evangelium
1811 1303 2000 1373 [ll‘tl‘lll-

415 1405 608 1458 cabaiit
634 1403 684 1456 iii
713 1401 1002 1465 Phoenicia,
1021 1401 1270 1469 jnvabat,
1304 1411 1356 1453 et
1379 1399 1592 1452 monitis
1614 1406 1668 1451 ct
1696 1396 1996 1466 largitioni-

415 1494 536 1560 bus,
563 1493 696 1546 alios
720 1507 929 1562 quoque
957 1491 1190 1551 mittens,
1231 1490 1319 1560 qui
1350 1489 1522 1543 eidem
1555 1489 1702 1555 Operi
1729 1488 2002 1542 incumbe-

416 1595 534 1641 rent
560 1603 573 1639 :
596 1585 860 1653 etiamque
889 1582 1204 1638 Gotthoriiin
1239 1591 1292 1636 ei
1320 1581 1599 1635 Persarum
1618 1579 1883 1634 Ecclesias
1910 1594 2002 1632 cu-

415 1679 586 1732 rahat.

493 1767 809 1838 Porphyrius
851 1767 904 1820 in
940 1766 1280 1836 episcopatum
1332 1764 1697 1819 Antiochenam
1743 1764 1988 1817 intrusus.

416 1890 488 1900 —-
514 1859 632 1914 lllos
660 1868 838 1913 autem
866 1858 953 1928 qui
976 1859 1072 1912 sibi
1102 1856 1295 1910 addicti
1341 1863 1512 1922 erant,
1556 1864 1662 1909 tam
1705 1853 2003 1909 Constanti-

419 1953 618 2022 nolioli,
648 1968 804 2022 quam
830 1950 1146 2014 Antiochia‘,
1177 1951 1228 2004 in
1275 1949 1525 2003 aerumnis
1555 1948 1675 2002 ideo
1701 1956 1996 2012 versantes,

422 2047 634 2100 fovebat
678 2034 1109 2114 sustentabatque
1165 2057 1263 2112 pro
1307 2043 1507 2096 viribus
1537 2041 1768 2112 (Pallad.
1793 2039 2000 2111 Dialog.

422 2136 628 2192 Sozam.
687 2136 724 2190 ι.
756 2134 808 2190 8.
862 2152 908 2189 c.
944 2134 1012 2189 Ἡ
1039 2135 1078 2206 ).
1109 2133 1241 2188 Cum
1296 2148 1426 2188 vero
1466 2132 1750 2187 Flavianus
1799 2132 2006 2202 episeo-

422 2243 519 2297 pus
537 2238 774 2282 mortuus
795 2236 936 2281 esset
972 2240 1111 2279 anno
1130 2226 1255 2288 404,
1310 2223 1638 2294 Porphyrius
1664 2223 1744 2276 vir
1773 2237 1803 2276 a
1826 2221 2004 2290 probis

417 2315 658 2372 moribus
702 2316 1039 2379 abhorrens,
1084 2330 1204 2368 sese
1257 2313 1644 2368 Antiochenam
1693 2313 2003 2382 episcopum

423 2420 542 2479 pest
566 2409 807 2462 Flaviani
838 2407 1038 2460 obitum
1068 2405 1294 2473 indignis
1335 2405 1505 2459 modis
1545 2404 1778 2457 ordinari
1801 2403 2006 2456 curavit

423 2500 489 2552 ab
539 2497 731 2552 Acacio
770 2495 1028 2568 (Pallad.
1077 2495 1334 2566 Dialog.),
1379 2495 1664 2549 Severiano
1715 2502 1769 2547 et
1820 2495 2006 2548 Antio-

421 2593 544 2656 cho,
571 2591 852 2660 statimque
893 2589 1258 2659 Chrysostomi
1307 2587 1738 2643 condeiniiationi
1769 2588 2003 2641 subscri-

421 2685 561 2756 psit:
589 2694 914 2755 quaprOpIer
963 2684 1116 2737 inulti
1145 2684 1198 2738 in
1251 2683 1402 2754 Syria
1435 2683 1502 2736 ab
1555 2682 1671 2751 ejas
1726 2681 1996 2736 consortio

418 2793 539 2834 sese
567 2783 990 2846 sequestrarunt,
1035 2790 1098 2828 ac
1127 2774 1348 2828 seorsim
1378 2773 1628 2827 collectas
1651 2772 2001 2837 celebrantes,

419 2872 609 2926 multas
637 2884 901 2924 mrumnas
922 2883 984 2922 ac
1006 2868 1276 2922 molestias
1298 2875 1419 2922 sunt
1442 2865 1700 2935 perpessi.
1719 2865 1851 2919 Nam
1879 2865 2002 2918 Cle-

424 2977 516 3016 rus
538 2960 900 3014 Antiochenus
948 2957 1204 3028 iiisignior
1243 2957 1378 3011 clam
1423 2955 1633 3026 plebem
1679 2955 2001 3024 colligebat,

420 3051 798 3108 accedentibus
825 3051 986 3105 etiam
1017 3049 1325 3104 mulieribus
1345 3063 1462 3117 qua:
1502 3047 1692 3117 opibus
1714 3048 2000 3117 pollebant.

417 3145 548 3198 Tota
591 3141 702 3198 fere
731 3142 1060 3196 Antiochena
1087 3139 1324 3195 Ecclesia
1349 3138 1570 3193 Joannis
1593 3137 1851 3193 invisendi
1873 3153 2004 3192 cau-

421 3253 478 3291 sa
509 3237 560 3291 in
586 3237 894 3290 Armeniam
921 3235 1185 3304 migravit,
1231 3241 1286 3288 et
1335 3233 1387 3286 in
1433 3231 1608 3286 reditu
1667 3246 1852 3284 omnes
1890 3230 2006 3298 ejus

423 3328 814 3396 philosophiam
839 3326 1242 3397 praedicarunt:
1285 3339 1402 3394 qua:
1454 3339 1540 3378 res
1587 3322 1930 3378 Severianum
1952 3331 2006 3377 et

418 3420 769 3491 Porphyrium
797 3419 864 3472 ita
884 3417 1176 3482 mordebat,
1199 3425 1256 3470 ut
1276 3418 1393 3486 ejus
1421 3415 1542 3470 ideo
1565 3426 1857 3470 extremam
1881 3429 2006 3483 per-

427 3515 620 3568 niciem
654 3513 985 3567 molirentur.

493 3606 602 3660 lloc
627 3607 840 3660 circiter
861 3614 1072 3672 tempus
1107 3604 1373 3659 Cucusnm
1398 3605 1545 3660 venit
1573 3603 1854 3674 presbyter
1879 3603 2000 3672 qui-

419 3697 540 3751 dam
567 3713 594 3748 a
627 3697 829 3750 Domno
845 3696 1094 3765 episcopo
1121 3695 1187 3749 ad
1212 3695 1468 3750 Joannem
1497 3696 1710 3749 missus.
1743 3695 1868 3748 Erat
1897 3710 1995 3748 au-

421 3800 528 3844 tem
552 3790 786 3842 Domnus
817 3789 916 3857 ipsi
964 3788 1450 3858 conjunctissiinus,
1483 3803 1639 3857 quem
1692 3797 1842 3857 rogat
1892 3787 2006 3842 fre-

419 3889 647 3948 quenter
691 3879 870 3932 literas
898 3879 1070 3933 solatii
1125 3894 1283 3933 causa
1332 3879 1431 3932 sibi
1479 3878 1670 3932 mittat.
1723 3880 2007 3933 Accessere

419 3986 630 4041 quoque
655 3971 741 4023 alii
771 3971 1066 4042 presbyteri
1108 3970 1274 4038 ipsius
1305 3969 1564 4023 invisendi
1609 3970 1796 4040 gratia,
1824 3979 1878 4024 et
1907 3970 2006 4023 for-

421 4064 576 4118 tassis
604 4063 938 4127 Antioclieni,
967 4063 1157 4132 quibus
1184 4061 1250 4116 ad
1296 4077 1390 4116 sua
1417 4062 1805 4117 revertentibus
1827 4063 2007 4119 l'teras

421 4154 566 4210 dedit
589 4154 654 4209 ad
685 4154 947 4223 Elpidium
977 4155 1283 4223 episcopum
1327 4153 1663 4218 deferendas,
1695 4170 1782 4223 ep.
1810 4155 1880 4210 25
1910 4173 1922 4208 :
1954 4157 2004 4210 in

419 4262 642 4315 quarum
663 4246 926 4317 principio
947 4245 1095 4308 dicit,
1119 4260 1178 4300 se
1201 4245 1533 4314 frequentius
1553 4245 1652 4313 ipsi
1681 4247 2004 4314 scripturqu

423 4336 604 4398 fuisse,
633 4337 732 4390 nisi
762 4337 1024 4390 latronum
1053 4347 1246 4402 metus,
1275 4336 1399 4389 anni
1427 4345 1734 4405 tempestas,
1761 4345 1815 4390 et
1839 4337 2006 4390 tabel-

424 4430 674 4484 lariorum
701 4431 897 4500 inopia,
923 4429 1223 4486 facultatem
1251 4430 1349 4483 sibi
1376 4429 1701 4494 adimerent;
1733 4441 2006 4498 precatur-

423 4530 613 4590 qiieut
641 4521 946 4590 frequenter
998 4535 1056 4574 se
1111 4520 1278 4575 literis
1327 4519 1627 4588 compellet.
1682 4519 2006 4574 Eorumdem

425 4613 849 4682 presbyterorum
895 4611 1189 4666 ministerio
1212 4611 1396 4666 eadem
1426 4625 1558 4680 pene
1593 4612 1702 4678 ipsa
1735 4611 1918 4665 scribit
1940 4611 2006 4666 ad

423 4700 666 4770 Magnum
717 4703 1046 4771 episcopum.
1112 4702 1254 4756 Dona
1299 4710 1473 4756 autem
1524 4701 2006 4773 undiqueaccipie-

425 4791 506 4847 bat
531 4809 561 4847 a
607 4794 732 4848 viris
766 4795 962 4862 probis,
982 4794 1341 4864 etinsignibus
1386 4794 1596 4850 feminis
1617 4795 1754 4866 aequi
1780 4797 2008 4867 bonique

423 4885 739 4951 amantibus,
771 4887 839 4939 ita
868 4895 925 4939 ut
972 4901 1153 4940 rerum
1198 4886 1434 4940 omnium
1473 4889 1625 4956 copia
1680 4889 1992 4943 abundaret.

425 4977 762 5044 Quapropter
789 4990 910 5030 cum
957 4977 1194 5044 quotidie
1247 4977 1557 5031 muneribus
1591 4993 1682 5032 res
1730 4977 2005 5034 familiaris

425 5067 559 5122 ultra
584 5067 796 5122 modum
823 5079 1125 5136 augeretur,
1145 5068 1308 5138 cmpit
1336 5069 1424 5123 ille
1451 5069 1769 5124 donantibus
1785 5088 2003 5126 munera

427 5158 714 5222 remittere,
749 5168 880 5213 etut
919 5157 1175 5228 largiendi
1215 5159 1372 5214 finem
1425 5157 1666 5215 facerent
1716 5176 1922 5231 rogare,
1949 5171 2006 5218 ut

427 5248 605 5304 videre
629 5249 781 5303 estin
809 5249 1046 5318 epistolis
1070 5249 1140 5305 50
1164 5248 1232 5305 ad
1282 5249 1590 5319 Diogenem,
1637 5250 1697 5306 6|
1734 5253 1799 5305 ad
1825 5251 2003 5307 Theo-

423 5339 604 5393 ilotuiu
631 5355 692 5394 ex
725 5339 1124 5407 Consularibus,
1169 5350 1224 5396 et
1273 5341 1381 5396 252
1405 5341 1470 5396 ad
1516 5340 1828 5397 Carteriam.
1880 5345 2003 5398 Dio-

421 5445 585 5499 genes
616 5444 748 5486 vero
770 5429 907 5485 dona
955 5447 1050 5486 sua
1097 5432 1316 5488 miserat
1344 5449 1439 5503 per
1467 5433 1808 5502 Aphraatein,
1834 5435 2005 5489 virum

424 5523 1082 5594 religiosissimum,quem
1124 5523 1361 5596 iusserat
1395 5525 1776 5598 Clirysiistomo
1804 5527 2003 5582 nolenti

426 5631 643 5669 munera
672 5616 993 5686 relinquere.
1031 5617 1328 5688 Aphraates
1359 5636 1426 5674 ne
1456 5621 1633 5675 literas
1678 5621 1892 5692 quidem
1939 5622 2006 5675 ab

425 5707 516 5760 illo
545 5724 602 5762 se
631 5720 969 5779 accepturum
1011 5725 1130 5766 esse
1157 5712 1476 5774 minabatur.
1510 5713 1608 5767 nisi
1639 5712 1753 5783 ipse
1781 5728 2004 5768 munera

425 5797 708 5868 acciperet.
741 5799 1150 5872 Chrysostomus
1198 5817 1325 5858 vero
1365 5803 1744 5874 componenda:
1777 5801 1850 5858 rei
1884 5820 2000 5857 mo-

1513 368 1570 424 S.
1609 367 1885 423 JOANNIS
1922 363 2401 420 CllllYSOSTOlll
2447 361 2628 425 VITA.

3583 363 3690 420 23$

2109 476 2234 530 dum
2283 476 2550 540 excitavit,
2601 474 2984 545 epistolamque
3033 475 3266 531 misitSl
3322 475 3562 546 Diogeni,
3584 491 3688 546 qua

2108 566 2350 620 hortatur
2379 567 2548 629 illum,
2569 576 2626 619 ut
2652 566 2970 634 Aphraatem
2993 566 3175 634 jubeat
3224 582 3442 621 munera
3470 566 3559 620 illa
3588 566 3679 621 de-

2106 658 2243 712 ferre
2271 661 2322 712 in
2372 658 2718 722 Pliceniciam,
2740 659 2945 728 illisque
2975 659 3167 713 offerre
3192 660 3522 730 quiregionis
3541 659 3686 712 istius

2105 751 2330 820 gentiles
2380 750 2444 803 ad
2493 751 2844 805 Christianam
2889 750 3046 803 fidem
3098 750 3361 804 adducere
3399 752 3673 814 curabant,

2108 844 2246 898 unde
2273 843 2440 913 major
2462 844 2658 897 utilitas
2675 842 2847 897 futura
2887 854 3020 898 erat.
3059 845 3184 898 lude
3224 860 3348 899 vero
3376 845 3688 912 conjicimus

2111 933 2393 1003 Diogenem
2427 935 2575 987 illum
2618 934 2915 988 Antiochia:
2940 934 3121 999 fuisse,
3167 945 3324 1005 atque
3366 938 3684 1006 Aphraatem

2108 1027 2159 1081 in
2195 1026 2360 1080 reditu
2395 1044 2492 1080 suo
2509 1043 2603 1096 per
2623 1027 2948 1082 thniciam
2981 1027 3140 1082 fuisse
3181 1029 3549 1087 transiturum.

2177 1117 2409 1173 Carteria
2441 1134 2567 1172 vero
2591 1128 2734 1173 tanto
2759 1135 2884 1189 erga
2916 1117 3354 1190 Chrysostomum
3384 1121 3572 1176 affectu
3605 1120 3685 1176 fe-

2107 1209 2345 1276 rebatur,
2371 1219 2427 1262 ut
2450 1211 2546 1264 nisi
2575 1212 2724 1280 gravi
2748 1211 2935 1265 morbo
2959 1212 3170 1266 detenta
3196 1211 3398 1279 fuisset,
3419 1213 3686 1269 Cucusuin

2106 1301 2221 1371 ejus
2245 1301 2446 1355 visendi
2468 1317 2626 1355 causa
2649 1302 2945 1370 profectura
2969 1302 3172 1366 fuisset,
3193 1313 3249 1356 ut
3267 1303 3426 1371 liquet
3446 1319 3510 1357 ex
3529 1306 3682 1372 epist.

2104 1392 2210 1446 227
2238 1392 2256 1464 (
2280 1391 2443 1464 Epist.
2469 1393 2535 1448 18
2553 1392 2595 1464 ).
2622 1392 2805 1447 Morbo
2831 1403 3005 1447 autem
3037 1404 3404 1462 perseverante
3426 1395 3537 1464 ipsa
3563 1411 3688 1450 sua-

2108 1495 2197 1555 pte
2219 1502 2376 1540 manu
2399 1497 2665 1555 unguenta
2691 1487 2929 1556 quaedam
2957 1487 3204 1551 confecit,
3229 1503 3348 1556 qua:
3373 1486 3688 1558 Chrysosto-

2106 1595 2196 1633 mo
2226 1579 2398 1642 iiiisit,
2435 1588 2490 1632 ut
2530 1580 2692 1649 liquet
2729 1595 2792 1633 ex
2822 1580 3043 1648 epistola
3081 1580 3168 1633 54.
3204 1579 3293 1633 Illa
3323 1595 3448 1634 vero
3476 1581 3686 1651 longam

2109 1671 2585 1741 peregrinationem
2615 1671 2750 1736 iniit,
2779 1681 2836 1724 ut
2860 1669 3030 1726 fertur
3058 1673 3106 1724 iu
3134 1673 3291 1740 epist.
3321 1673 3389 1726 44
3416 1673 3482 1726 ad
3507 1673 3687 1727 Theo-

2107 1763 2288 1818 dotum
2310 1763 2614 1818 diaconum.
2639 1764 2748 1817 Sub
2771 1763 2883 1816 haec
2907 1773 3082 1817 autem
3107 1763 3348 1829 Libanio,
3373 1766 3485 1818 viro
3503 1764 3687 1820 claris-

2107 1858 2273 1921 simo,
2303 1857 2498 1922 Suasit,
2533 1867 2589 1910 ut
2614 1856 2876 1910 Cucusnm
2905 1855 3270 1926 Chrysostomi
3301 1857 3504 1910 visendi
3531 1873 3686 1914 causa

2111 1947 2569 2018 proficisceretur:
2591 1947 2730 2017 quod
2759 1947 2856 2016 ipsi
2879 1945 3162 2000 admodum
3188 1947 3400 2018 placuit,
3430 1957 3487 2001 ut
3509 1948 3688 2004 videre

2109 2049 2190 2093 est
2211 2039 2260 2093 in
2289 2039 2678 2110 elegantissima
2701 2040 2923 2110 epistola
2939 2039 3066 2094 9.52.
3090 2038 3248 2093 Venit
3271 2055 3395 2110 ergo
3416 2040 3684 2108 Libanius,

2108 2141 2162 2186 et
2192 2133 2473 2201 perexiguo
2501 2140 2739 2202 tempore
2763 2147 2882 2186 cuin
2910 2132 3292 2203 Chrysostomi)
3321 2114 3560 2187 versatus
3585 2144 3683 2199 est,

2109 2236 2166 2279 ut
2209 2226 2260 2278 in
2301 2226 2522 2296 epistola
2553 2226 2657 2280 250
2687 2225 2752 2280 ad
2797 2225 3058 2293 Elpidium
3086 2225 3392 2294 episcopum
3424 2236 3683 2281 narratur.

2112 2315 2158 2370 Is
2195 2317 2262 2370 de
2297 2318 2456 2373 rebus
2481 2360 2494 2383 ,
2523 2335 2641 2388 qua:
2666 2317 2960 2374 Antiochia:
2995 2329 3104 2374 tuin
3143 2317 3494 2385 gerebantur,
3529 2320 3688 2388 probe

2109 2409 2399 2464 instructus
2435 2422 2546 2465 erat
2568 2453 2582 2475 ,
2615 2422 2672 2466 et
2705 2412 2772 2468 de
2809 2395 3006 2468 Severa
3045 2415 3206 2468 nobili
3245 2415 3434 2483 piaque
3470 2413 3690 2466 muliere

2108 2500 2270 2553 multa
2303 2502 2498 2567 retulit,
2529 2517 2683 2572 quam
2718 2521 3006 2574 numquam
3029 2506 3232 2559 viderat
3260 2504 3687 2576 Chrysostomus.

2107 2591 2212 2646 Sed
2240 2609 2305 2647 ex
2335 2603 2550 2648 narratu
2579 2595 2784 2649 Libanii
2816 2606 2991 2650 motus
3015 2596 3246 2651 Joannes
3277 2606 3458 2651 noster
3489 2596 3690 2664 episto-

2108 2682 2214 2736 lam
2251 2683 2325 2736 illi
2363 2685 2504 2737 misit
2541 2684 2664 2740 29.9.
2697 2685 2829 2740 Cum
2865 2702 3023 2756 porro
3064 2687 3316 2742 Libauius
3343 2688 3520 2750 venit,
3547 2687 3689 2742 Cou-

2109 2775 2332 2827 stantius
2374 2775 2460 2828 ille
2505 2777 2781 2848 presbyter
2807 2778 3189 2849 Clirysostomo
3228 2779 3531 2832 carissimus
3570 2793 3690 2831 cum

2109 2868 2202 2918 illo
2225 2876 2376 2929 erat;
2418 2867 2597 2922 literas
2624 2883 2784 2938 porro
2811 2871 2882 2922 illi
2910 2871 3055 2924 dedit
3079 2871 3312 2925 Joannes
3339 2869 3404 2924 ad
3431 2869 3691 2924 Constan-

2111 2962 2240 3016 tium
2270 2963 2493 3017 alterum
2525 2965 2894 3035 presbyterum
2926 2964 3264 3019 adferendas.

2181 3053 2364 3106 Adolia
2394 3065 2622 3108 matrona
2653 3056 2962 3108 Antiocltena
2978 3057 3200 3109 caritatis
3213 3055 3692 3124 vinculojuncta.—-

2110 3143 2186 3196 Ex
2217 3143 2316 3214 piis
2343 3153 2517 3198 autem
2546 3153 2600 3200 et
2627 3145 2891 3200 nobilibus
2919 3145 3150 3212 feminis,
3179 3162 3299 3215 qua:
3325 3146 3687 3216 Chrysostomi

2109 3234 2271 3289 ductu
2295 3235 2430 3290 viam
2454 3237 2638 3292 salutis
2656 3239 3023 3307 capessebant,
3045 3239 3240 3293 nullam
3263 3241 3428 3308 magis
3448 3239 3688 3303 curabat,

2111 3327 2363 3397 nullaque
2391 3328 2488 3398 ipsi
2517 3330 2680 3396 magis
2702 3331 2847 3383 cordi
2869 3339 3004 3395 erat,
3024 3345 3180 3399 quam
3203 3329 3408 3392 Adolia,
3430 3339 3689 3394 matrona,

2111 3427 2168 3471 ut
2197 3419 2436 3481 videtur,
2465 3420 2812 3474 Antiocliena.
2846 3420 2970 3474 llaec
3013 3435 3140 3474 vero
3165 3419 3386 3474 Libanio
3415 3419 3691 3474 Antiochia

2111 3511 2177 3563 ad
2206 3509 2644 3580 Chrysostomum
2673 3512 3026 3580 proﬁciscenti
3050 3512 3222 3566 nullas
3247 3511 3465 3566 dederat
3492 3512 3690 3574 literas,

2110 3617 2230 3670 quae
2256 3616 2414 3655 causa
2443 3617 2546 3656 non
2583 3603 2868 3658 mediocris
2890 3603 3091 3657 doloris
3116 3603 3214 3671 ipsi
3250 3601 3380 3667 fuit,
3413 3611 3469 3656 ut
3496 3603 3546 3655 in
3577 3602 3690 3670 epi-

2112 3693 2248 3747 stola
2274 3692 2374 3748 231
2409 3694 2736 3750 testificatur.
2768 3695 2855 3748 Illa
2885 3711 3011 3749 vero
3032 3711 3089 3749 se
3117 3709 3147 3748 a
3176 3694 3486 3764 propinquis
3513 3693 3692 3762 prodi-

2113 3794 2220 3839 tam
2250 3786 2431 3852 fiiisse,
2465 3803 2755 3856 gravesque
2783 3788 3066 3857 tragcedias
3095 3787 3375 3856 pertulisse
3397 3827 3412 3852 ,
3443 3787 3588 3856 prius
3609 3785 3691 3839 di-

2109 3887 2281 3932 xerat.
2314 3879 2382 3931 At
2409 3879 2820 3950 Chrysostomus
2847 3880 2988 3934 illam
3015 3921 3030 3944 ,
3066 3888 3123 3934 ut
3153 3889 3486 3934 terrenarum
3516 3893 3692 3932 rerum

2111 3986 2265 4025 curas
2293 3971 2484 4024 missas
2510 3970 2667 4024 faciat
2691 4011 2704 4030 .
2736 3983 2791 4025 et
2823 3971 2888 4026 ad
2915 3987 2974 4026 se
2999 3970 3264 4026 Cucusnm
3293 3973 3472 4024 veniat
3497 3970 3686 4025 cohor-

2114 4071 2254 4115 tatur
2283 4061 2441 4130 epist.
2477 4063 2579 4116 l53
2602 4103 2617 4130 ,
2651 4062 2792 4115 illam
2822 4062 3061 4116 aditurus
3086 4062 3198 4132 ipse
3223 4104 3238 4126 ,
3275 4063 3318 4117 si
3350 4063 3604 4116 licuisset.
3636 4059 3692 4113 ln

2112 4153 2356 4206 morbum
2399 4163 2578 4207 autem
2618 4153 2704 4206 illa
2733 4154 2949 4215 incidit,
2977 4163 3036 4208 ut
3066 4155 3116 4207 in
3144 4155 3363 4223 epistola
3391 4153 3460 4208 59.
3487 4153 3647 4206 fertur
3676 4169 3691 4204 :

2111 4244 2453 4298 nihilominus
2477 4253 2650 4298 tamen
2680 4244 2845 4309 illam,
2872 4256 2930 4300 ut
2950 4248 3161 4316 quando
3184 4261 3275 4315 per
3296 4246 3535 4314 corporis
3559 4245 3692 4298 vale-

2113 4334 2349 4388 tudinem
2377 4335 2572 4388 licebit.
2601 4335 2868 4390 Cucusnm
2896 4338 3076 4390 veniat
3103 4337 3362 4390 hortatur.
3393 4339 3445 4390 In
3470 4337 3693 4405 epistola

2110 4441 2238 4480 vero
2259 4427 2326 4480 57
2349 4427 2509 4492 illam,
2528 4427 2957 4497 quandoquidem
2980 4430 3048 4483 ob
3066 4430 3306 4498 corporis
3330 4429 3691 4484 infirmitatem

2110 4519 2214 4573 iter
2240 4519 2500 4573 Cucusnm
2532 4521 2804 4589 suscipere
2831 4535 2935 4574 non
2967 4529 3192 4589 poterat,
3222 4531 3471 4590 precatur
3499 4531 3554 4576 ut
3581 4520 3691 4576 fre-

2112 4612 2459 4680 quentissime
2474 4611 2655 4666 literas
2673 4612 2770 4666 sibi
2792 4613 2984 4678 mittat,
3003 4627 3166 4682 seque
3187 4612 3253 4666 de
3276 4612 3577 4667 valetudine
3597 4627 3690 4666 sua

2111 4705 2388 4758 certiorem
2422 4703 2599 4757 faciat.
2635 4703 3039 4776 Ingravescente
3066 4715 3243 4759 autem
3276 4705 3464 4758 morbo
3503 4704 3689 4758 Adolia

2114 4806 2287 4850 tamen
2311 4795 2692 4866 Chrysostomo
2719 4796 2962 4864 scripsit;
2993 4811 3093 4864 qua
3119 4795 3187 4850 de
3213 4810 3271 4849 re
3299 4796 3350 4848 in
3379 4795 3597 4865 epistola
3621 4795 3692 4849 33

2109 4887 2300 4956 agitur,
2333 4887 2420 4939 ubi
2446 4887 2514 4940 de
2546 4887 2847 4942 valetudine
2871 4887 2986 4956 ejus
3011 4902 3070 4941 se
3089 4886 3380 4941 admodum
3407 4886 3688 4940 sollicitum

2110 4997 2229 5036 esse
2257 4981 2586 5035 testificatur.

2183 5077 2433 5128 Autuinni
2463 5086 2733 5144 tempore,
2764 5088 2949 5127 mense
2977 5071 3186 5127 circiter
3214 5070 3545 5140 Septembri,
3574 5070 3688 5125 cdi-

2109 5165 2238 5220 dicit
2260 5165 2674 5236 Chrysostomus
2699 5164 3058 5236 presbyteros,
3083 5163 3320 5232 aliosque
3341 5163 3431 5232 qui
3465 5161 3687 5216 incendii

2109 5255 2350 5311 ecclesia:
2375 5255 2974 5323 Constantinopolitame
2999 5268 3158 5307 causa
3185 5254 3236 5307 in
3263 5269 3532 5308 carcerem
3561 5252 3688 5306 trusi

2109 5347 2341 5412 fuerant,
2364 5347 2588 5400 emissos
2611 5344 2966 5412 liberatosque
2985 5345 3144 5398 fuisse
3164 5360 3227 5398 ex
3251 5345 3366 5413 lege
3381 5344 3450 5399 ‘29
3471 5345 3687 5413 Augusti

2113 5436 2179 5490 ad
2219 5435 2458 5492 Studium
2492 5435 2804 5491 Praefectum
2845 5436 3486 5506 Constantinopolitanum
3518 5443 3535 5507 (
3569 5432 3692 5487 Vide

2110 5529 2227 5583 cod.
2272 5529 2522 5583 'l'lieodos.
2548 5527 2670 5582 161.
2720 5535 2758 5580 ι.
2780 5525 2844 5591 2,
2868 5527 2906 5581 ι.
2939 5527 3028 5581 57.
3053 5545 3107 5597 p.
3137 5528 3226 5593 75)
3248 5544 3260 5579 :
3285 5542 3404 5598 qua:
3455 5526 3689 5580 fortassis

2111 5623 2227 5688 ipso
2272 5619 2498 5674 sollicite
2545 5618 2844 5688 postulante
2883 5615 3002 5671 data
3051 5620 3220 5672 fuerat
3269 5635 3284 5673 ε
3327 5616 3688 5688 Chrysostomi

2111 5727 2250 5765 enim
2277 5726 2480 5768 amicus
2505 5725 2620 5768 erat
2649 5714 2756 5768 illc.
2785 5713 2896 5769 lloc
2931 5722 3170 5782 tempore
3199 5713 3358 5766 frater
3383 5712 3497 5780 ejus
3522 5710 3686 5773 obiit,

2113 5814 2165 5858 ei
2203 5801 2614 5874 Chrysostomus
2657 5807 2828 5876 ipsum
2867 5805 3177 5862 consolandi
3217 5819 3376 5860 causa
3410 5802 3686 5874 epistolam
