4096 6392
343 348 448 405 233

345 462 574 532 scripsit,
603 460 785 515 Studia
807 459 1057 530 Praefecto
1080 456 1217 511 urbis
1241 456 1545 523 inscriptam
1571 472 1583 507 :
1606 452 1797 523 scripta
1825 451 1910 504 ni-

346 557 538 612 mirum
565 554 659 607 fuit
683 560 922 607 vertente
948 563 1088 603 anno
1118 547 1221 602 404
1243 586 1259 612 ,
1286 561 1406 600 cum
1435 543 1608 598 adhuc
1630 541 1914 596 Praefectus

347 649 493 704 urbis
531 658 670 702 esset
699 661 712 696 :
747 659 866 697 nam
898 641 952 696 in
991 643 1094 694 line
1124 639 1274 693 istius
1302 637 1424 691 anni
1465 635 1686 704 Optatus
1717 633 1769 687 in
1800 632 1916 702 ejus

349 740 518 794 locum
546 736 860 790 substitutus
877 771 894 798 ,
925 728 1209 785 Praefectus
1234 726 1378 781 urbis
1405 734 1612 780 creatus
1635 731 1735 780 est.

415 827 550 883 Cum
594 834 768 879 autem
813 821 1152 891 presbyteros
1205 817 1324 870 illos
1376 830 1406 868 a
1453 828 1667 867 carcere
1711 811 1916 864 solutos

351 916 701 980 exspectaret,
731 906 1007 975 epistolam
1037 901 1140 956 1M
1167 899 1379 967 scripsit
1407 897 1614 966 Elpidio
1642 894 1915 949 Laodicea:

349 1002 616 1070 episcopo,
639 995 925 1052 venerabili
951 993 1064 1048 seni
1084 1001 1138 1046 et
1157 989 1489 1045 sanctissimo
1512 986 1737 1056 praesuli,
1757 999 1914 1054 quem

350 1103 687 1158 summopere
717 1085 946 1140 laudata
977 1083 1188 1152 pietate,
1217 1096 1247 1134 a
1279 1076 1550 1148 prudentia
1582 1086 1635 1129 et
1659 1090 1689 1128 a
1719 1072 1917 1128 solliei-

353 1181 531 1236 tudine
555 1220 570 1244 ,
597 1192 700 1247 qua
739 1176 900 1230 totius
926 1173 1071 1228 orbis
1104 1179 1158 1225 et
1185 1170 1265 1224 sui
1296 1169 1455 1223 etiam
1488 1165 1706 1222 Joannis
1733 1178 1915 1217 curam

352 1273 588 1340 suscipit.
609 1270 742 1324 Cum
767 1274 985 1336 cuperet
1003 1271 1178 1317 autem
1203 1261 1288 1314 ille
1311 1261 1448 1315 scire
1469 1274 1576 1326 quo
1601 1259 1652 1311 in
1674 1266 1812 1310 statu
1834 1269 1918 1309 res

351 1357 717 1433 Chrysostomi
745 1366 868 1411 tunc
894 1363 1104 1416 essent;
1137 1360 1313 1405 narrat
1336 1349 1422 1403 ille
1450 1364 1510 1402 se
1534 1349 1586 1401 in
1618 1345 1917 1401 desertissi-

354 1467 496 1504 tuum
528 1449 699 1503 locum
725 1487 740 1512 ,
769 1459 958 1515 nempe
994 1443 1258 1498 Cucusum
1283 1483 1296 1501 .
1326 1440 1610 1509 relegatum
1641 1454 1791 1498 esse,
1823 1435 1918 1490 sed

353 1543 406 1596 in
446 1541 622 1610 quiete
663 1546 718 1592 et
761 1535 1136 1605 tranquillitate
1179 1531 1412 1596 versari,
1453 1528 1688 1582 omnium
1729 1524 1920 1580 officiis

353 1632 612 1702 gaudere,
640 1638 796 1698 atque
821 1627 990 1681 morbi
1015 1624 1251 1693 reliquiis
1278 1622 1511 1691 depulsis
1531 1662 1546 1686 ,
1572 1621 1680 1689 jam
1709 1618 1916 1673 lsauro-

354 1739 472 1779 rum
514 1731 669 1776 metu‘
699 1721 977 1775 liberatum
1019 1732 1138 1772 esse
1170 1734 1184 1771 :
1213 1715 1399 1770 adesse
1445 1713 1543 1768 sibi
1585 1713 1920 1782 presbyteros

353 1815 718 1870 Constantium
739 1822 793 1867 et
818 1810 1116 1872 Evetbium,
1139 1821 1456 1877 sperareque
1479 1821 1538 1860 se
1561 1805 1694 1858 alios
1716 1819 1781 1857 ex
1805 1818 1923 1856 car-

353 1923 477 1962 cere
518 1907 718 1960 solutos
763 1904 828 1958 ad
877 1918 935 1958 se
977 1901 1362 1972 quamprimum
1407 1897 1742 1952 advolaturos
1779 1909 1918 1950 esse.

357 1997 610 2050 Obsecrat
633 1993 860 2062 denique
895 1992 1043 2046 illum
1068 2033 1082 2056 ,
1112 2001 1167 2044 ut
1193 2004 1286 2058 pro
1318 2003 1380 2042 se
1407 2001 1592 2057 preces
1620 1986 1838 2049 fundat,
1869 1992 1923 2038 et

359 2086 537 2138 literas
562 2083 659 2138 sibi
680 2083 887 2136 mittere
920 2097 986 2134 ne
1003 2079 1234 2142 desinat;
1255 2079 1548 2146 salutatque
1566 2075 1921 2146 Asyncritium

363 2175 810 2245 religiosissimum
831 2172 1213 2242 presbyterum,
1230 2180 1499 2238 totumque
1510 2168 1718 2223 Clerum
1737 2167 1918 2236 ipsius.

357 2267 503 2320 Alias
539 2280 748 2334 quoque
777 2263 1025 2332 epistolas
1055 2263 1265 2331 scripsit
1302 2260 1368 2314 ad
1407 2259 1923 2327 lilpidinm,-uempe

360 2358 482 2421 151,
513 2356 635 2421 158,
664 2355 786 2414 142.
817 2354 921 2408 250
945 2363 997 2408 et
1022 2353 1111 2418 25,
1140 2367 1452 2420 semperque
1477 2366 1594 2405 eum
1620 2364 1805 2418 magna
1834 2365 1922 2402 re—

360 2450 610 2504 verentiae
639 2448 1040 2518 significatione.
1071 2446 1200 2514 Quia
1230 2460 1358 2499 vero
1397 2443 1633 2512 Elpidius
1659 2441 1793 2511 :equi
1824 2441 1919 2494 bo-

360 2542 516 2612 nique
531 2554 734 2606 amans,
750 2555 920 2608 neque
936 2539 1163 2592 Atticum
1191 2537 1242 2590 in
1259 2533 1919 2602 Constantinopolitanuin,

360 2647 531 2700 neque
551 2630 901 2700 Porphyrium
925 2630 974 2682 in
997 2626 1380 2700 Antiochenam
1405 2625 1709 2693 episcOpum
1735 2623 1923 2676 admit-

362 2699 472 2776 tere
494 2721 675 2787 voluit,
695 2699 999 2789 episcopatu
1019 2699 1268 2787 depulsus
1287 2716 1402 2770 fuit.
1423 2715 1616 2770 Verum
1639 2729 1778 2768 anno
1797 2714 1918 2778 408,

359 2824 575 2869 curante
599 2812 900 2868 Alexandro
923 2853 938 2876 ,
973 2810 1247 2882 Porphyrii
1282 2821 1586 2863 successore
1609 2849 1624 2874 ,
1658 2808 1708 2860 iu
1742 2805 1923 2860 sedem

360 2921 506 2961 suam
538 2905 812 2960 restitutus
838 2901 955 2957 fuit.

428 2998 679 3068 Cyriacus
705 3010 913 3064 quoque
939 2991 1297 3064 Synnadensis
1323 2990 1623 3060 episcopus,
1649 2987 1716 3042 ob
1746 2987 1927 3042 incen-

359 3090 502 3143 dium
530 3103 689 3157 supra
719 3094 1064 3140 memoratum
1092 3085 1142 3137 in
1172 3097 1439 3137 carcerem
1464 3081 1734 3150 conjectus
1758 3119 1772 3142 ,
1802 3093 1923 3132 cum

362 3179 680 3250 presbyteris
699 3187 752 3230 et
775 3177 890 3230 aliis
911 3176 1114 3230 solutus
1133 3185 1183 3228 ct
1207 3175 1458 3228 liberatus
1484 3171 1656 3226 fuerat
1677 3171 1924 3239 Soptem-

361 3270 441 3324 bri
474 3284 655 3324 mense
683 3269 929 3332 circiter;
961 3266 1054 3320 sed
1082 3265 1152 3320 ita
1181 3273 1237 3317 ut
1260 3264 1407 3318 exsul
1435 3270 1604 3327 esset,
1635 3270 1690 3315 ut
1727 3261 1827 3315 fert
1857 3259 1922 3313 ti-

364 3363 520 3426 tulus,
545 3361 596 3416 id
619 3369 720 3426 est,
744 3358 1196 3427 ConstantinOpoli
1219 3367 1270 3411 et
1288 3355 1528 3410 fortassis
1547 3356 1659 3425 ipsa
1679 3353 1922 3425 Synnada

361 3453 622 3507 exclusus.
654 3449 786 3506 Cum
828 3465 984 3520 porro
1014 3458 1092 3502 tot
1116 3448 1364 3502 {erumnis
1396 3444 1589 3500 fractus
1615 3447 1665 3498 in
1697 3458 1925 3498 mcerore

361 3554 681 3610 versaretur,
709 3542 985 3612 epistolam
1017 3540 1118 3595 125
1141 3539 1214 3592 illi
1240 3536 1446 3591 caeteris
1474 3536 1761 3604 longiorem
1785 3536 1926 3589 misit

359 3634 766 3706 Chrysostomus
794 3651 807 3686 :
839 3648 942 3703 qua
972 3642 1029 3686 ut
1055 3632 1380 3685 calamitates
1414 3629 1530 3682 illas
1559 3629 1764 3682 fortiter
1791 3629 1927 3682 ferat

363 3729 601 3781 hortatur
621 3768 636 3793 ,
664 3726 1011 3794 exemploque
1039 3732 1340 3777 sanctorum
1373 3723 1574 3775 Veteris
1599 3719 1925 3774 Testamenti

361 3819 428 3872 ad
456 3817 705 3886 quaelibet
731 3816 872 3870 illata
901 3815 1037 3868 mala
1066 3813 1372 3866 sustinenda
1399 3812 1738 3874 corroborat;
1765 3826 1925 3880 seque

365 3911 532 3979 ipsum
555 3910 607 3962 in
632 3907 928 3976 exemplum
954 3905 1126 3970 affert,
1150 3914 1202 3958 et
1222 3912 1349 3974 quot
1369 3904 1520 3957 malis
1539 3902 1777 3967 affectus,
1800 3910 1928 3971 quot

363 4001 639 4056 calumniis
666 4001 932 4070 impetitns
956 3997 1112 4052 fuerit
1140 4006 1378 4052 recenset
1403 4013 1416 4049 :
1444 3995 1565 4049 hinc
1591 3995 1656 4049 ad
1685 3995 1926 4064 exempla

363 4103 664 4147 sanctorum
701 4091 834 4146 Novi
859 4089 1179 4144 Testamenti
1206 4101 1261 4142 et
1287 4089 1644 4157 apostolorum
1671 4087 1890 4141 vertitur
1907 4127 1924 4152 ,

365 4196 422 4240 ut
451 4187 565 4254 ejus
591 4185 824 4238 animum
849 4183 1034 4252 erigat,
1065 4181 1383 4249 demumque
1411 4179 1492 4234 his
1517 4179 1690 4232 verbis
1718 4179 1925 4247 longam

363 4278 638 4346 epistolam
666 4277 777 4330 sive
802 4275 1093 4328 orationem
1120 4271 1313 4326 claudit
1337 4289 1350 4324 :
1379 4270 1709 4339 Quamobrem
1737 4279 1782 4322 te
1806 4285 1927 4339 rogo

362 4387 422 4422 ac
459 4368 609 4422 ueluti
655 4365 859 4439 genibus
887 4366 983 4418 tuis
1011 4347 1278 4418 advolutus
1305 4362 1517 4417 obtestor
1539 4403 1554 4427 ,
1585 4372 1638 4415 ut
1668 4377 1927 4415 marorem

361 4473 407 4515 et
432 4463 618 4516 luctum
643 4460 868 4532 abjicias,
898 4475 957 4512 ac
987 4475 1077 4528 pro
1106 4457 1245 4511 nobis
1271 4456 1408 4526 apud
1437 4454 1599 4509 Deum
1623 4471 1810 4508 memor
1834 4455 1923 4521 sis,

362 4553 593 4624 uobisque
612 4550 887 4605 rescribas.

432 4647 692 4701 Chalcidia
721 4655 764 4698 et
781 4643 1066 4714 Asyncritia
1095 4640 1447 4712 Chrysostomo
1467 4639 1569 4693 add
1577 4643 1704 4692 Letoa.
1725 4667 1795 4678 -—
1815 4637 1927 4694 Duo

359 4749 512 4792 erant
536 4753 653 4808 qua:
683 4737 780 4790 iter
809 4735 1228 4788 intercludehant
1258 4734 1350 4800 iis,
1380 4733 1472 4803 qui
1498 4732 1565 4787 ad
1595 4730 1924 4785 invisendum

359 4830 614 4884 Joannem
639 4827 900 4882 Cucusum
925 4825 1106 4880 venire
1131 4824 1496 4894 peroptabant,
1528 4824 1773 4878 nimirum
1799 4822 1927 4894 hye-

363 4921 463 4976 tais
491 4926 775 4989 tempestas
802 4925 856 4971 et
884 4916 1183 4970 Isaurorum
1221 4915 1571 4969 incursiones.
1601 4914 1676 4968 Ea
1704 4929 1832 4969 vero
1859 4914 1927 4967 de

359 5025 518 5064 causa
559 5007 698 5062 haud
727 5006 886 5060 dubie
913 5004 1183 5059 Chalcidia
1208 5014 1262 5058 et
1286 5004 1582 5074 Asyncritia
1611 5003 1816 5058 nobiles
1847 5004 1926 5058 fe-

335 5101 520 5156 minas
539 5141 554 5163 ,
589 5097 692 5169 ipsi
711 5098 945 5152 caritatis
969 5097 1181 5151 vinculo
1201 5078 1432 5167 junctae,
1461 5112 1580 5166 quae
1605 5096 1923 5168 Chrysosto-

361 5208 504 5245 mum
547 5191 774 5244 invisere
807 5202 1144 5257 summopere
1170 5187 1490 5257 cupiebant,
1518 5203 1576 5242 se
1603 5203 1634 5242 a
1662 5189 1925 5258 carpenda

358 5283 440 5336 via
465 5283 544 5335 his
563 5282 628 5334 de
648 5280 823 5334 causis
846 5279 1104 5334 deterreri
1129 5279 1504 5351 Chrysostomo
1529 5280 1807 5349 scripsere.
1833 5280 1926 5336 llle

355 5386 486 5426 vero
511 5371 788 5440 epistolam
813 5369 919 5424 242
941 5370 1154 5440 scripsit
1181 5386 1194 5422 :
1225 5369 1367 5424 nulla
1393 5369 1517 5424 dicit
1543 5369 1670 5438 ipsis
1693 5384 1812 5424 esse
1834 5385 1927 5424 ex-

353 5465 639 5525 cusalione
667 5476 798 5530 epos
823 5503 838 5528 ,
878 5462 1084 5531 sibique
1125 5461 1392 5515 sincerum
1432 5460 1639 5514 illarum
1679 5460 1924 5514 affectum

361 5567 464 5604 non
511 5553 766 5620 ignoranti
789 5593 802 5617 ,
842 5553 1058 5622 perinde
1102 5567 1212 5607 rem
1253 5566 1311 5606 se
1349 5550 1544 5606 habere
1580 5565 1642 5605 ac
1666 5551 1710 5605 si
1741 5566 1924 5606 revera

363 5649 620 5703 venerint.
665 5644 806 5699 ldem
845 5647 1015 5714 ipsum
1045 5642 1361 5714 Asyncritite
1403 5643 1594 5712 repetit
1621 5643 1671 5696 in
1701 5643 1922 5712 epistola

363 5739 451 5804 77,
477 5745 530 5791 et
556 5750 651 5805 pro
677 5749 827 5789 more
851 5751 968 5801 suo,
991 5745 1046 5789 ut
1077 5735 1380 5804 frequenter
1403 5734 1500 5789 sibi
1525 5733 1703 5789 literas
1726 5734 1916 5797 mittat,

1572 336 1750 393 NUNC
1790 335 2052 391 PRIMUM
2091 335 2481 392 ADORNATA.

3485 337 3593 394 234

2020 449 2278 503 hortatur.
2315 449 2609 519 Asyncritia
2639 459 2692 504 et
2721 448 2987 504 Chalcidia
3018 449 3116 518 pia:
3146 449 3392 505 mulieres
3432 452 3590 506 simul

2016 539 2180 592 vitam
2220 539 2476 608 agebant,
2519 553 2639 592 cum
2671 539 2788 592 aliis
2823 554 3000 594 secum
3037 539 3232 608 pietate
3272 539 3589 608 conjunctis.

2017 630 2397 699 Chrysostomo
2416 631 2696 685 admodum
2719 631 2939 686 addicta:
2962 631 3262 699 frequenter
3286 631 3382 701 ipsi
3409 631 3589 686 literas

2017 719 2318 785 mittebant,
2349 728 2407 774 ut
2431 735 2495 774 ex
2522 719 2637 788 ejus
2665 719 2732 774 ad
2754 720 2868 774 illas
2897 720 3154 788 epistolis,
3184 735 3402 791 quarum
3431 721 3586 790 pluri-

2019 827 2120 865 mae
2165 821 2466 879 supersunt,
2514 810 2787 880 liquidum.
2834 811 2888 864 lu
2934 810 3097 865 titulis
3143 825 3270 864 vero
3311 811 3590 881 aliquando

2019 902 2337 971 Asyncritia,
2367 901 2629 955 interdum
2658 897 2948 964 Chalcidia,
2976 901 3144 970 prima
3174 901 3420 969 ponitur;
3449 915 3590 969 sa‘pe

2020 995 2176 1046 etiam
2199 993 2478 1061 separatim
2500 991 2732 1061 singulas
2755 991 2920 1046 literis
2938 991 3235 1060 compellat.
3260 990 3353 1045 llas
3378 991 3429 1045 in
3451 1007 3588 1045 teru-

2021 1085 2161 1138 mnis
2190 1093 2243 1137 et
2269 1083 2524 1137 molestiis
2554 1084 2918 1148 versabantur,
2945 1091 3004 1136 ut
3025 1098 3088 1136 ex
3114 1081 3332 1138 Joannis
3355 1084 3593 1152 epistolis

2020 1175 2284 1242 arguitur;
2306 1182 2359 1226 et
2378 1172 2621 1239 fortasse,
2644 1173 2766 1243 quia
2786 1171 3162 1243 Chrysostomo
3177 1172 3397 1227 addictie
3417 1186 3590 1236 erant.

2022 1266 2074 1319 in
2091 1265 2389 1337 Porphyrii,
2409 1266 2496 1333 qui
2516 1267 2895 1320 Antiochenam
2911 1264 3089 1319 sedem
3111 1265 3391 1327 invaserat,
3410 1265 3592 1319 odium

2023 1357 2371 1410 incurrerant.
2407 1355 2674 1410 Chalcidia
2711 1371 2738 1408 a
2771 1357 2926 1426 longo
2951 1356 3060 1424 jam
3093 1363 3330 1425 tempore
3359 1356 3592 1412 caritatis

2022 1450 2122 1504 sibi
2151 1450 2360 1503 vinculo
2385 1449 2564 1516 juncta
2590 1458 2723 1515 erat,
2748 1459 2804 1503 ut
2837 1449 3005 1504 fertur
3030 1451 3080 1503 in
3107 1450 3329 1519 epistola
3351 1451 3438 1506 39.
3476 1451 3593 1519 Ipsa

2022 1553 2150 1593 vero
2175 1539 2225 1591 in
2258 1553 2469 1608 gravem
2510 1539 2748 1594 morbum
2785 1539 2985 1604 incidit,
3013 1550 3068 1593 ut
3087 1555 3152 1594 ex
3173 1541 3391 1609 epistola
3419 1540 3487 1596 98
3508 1541 3592 1594 di-

2023 1628 2219 1683 scimus
2247 1648 2259 1682 :
2290 1645 2408 1700 quae
2445 1645 2532 1685 res
2567 1630 2999 1702 Chrysostomum
3040 1647 3144 1686 non
3171 1632 3370 1703 vulgari
3409 1631 3592 1689 dolore

2023 1722 2218 1776 affecit.

2095 1813 2293 1867 Fronto
2322 1813 2546 1868 Ducaeus
2571 1814 2845 1882 epistolam
2871 1813 2973 1869 192
3001 1813 3238 1889 inscribit
3261 1815 3560 1885 Asyncritia:
3576 1855 3592 1883 ,

2025 1921 2182 1974 quam
2218 1906 2498 1960 lectionem
2537 1915 2790 1976 sequutus
2815 1917 2895 1961 est
2920 1908 3077 1961 etiam
3105 1908 3184 1962 vir
3207 1908 3277 1962 cl.
3305 1908 3593 1964 Tillemon-

2028 1997 2151 2048 tius.
2196 1994 2303 2049 Sed
2345 2005 2528 2049 contra
2574 1997 2707 2049 hanc
2752 1996 3032 2051 lectionem
3078 1997 3369 2052 reclamant
3410 2012 3594 2053 omnes

2026 2085 2366 2154 Mannscripti
2395 2086 2554 2140 etiam
2585 2087 2956 2156 antiquissimi,
2988 2087 3076 2157 qui
3103 2087 3301 2144 habent
3331 2087 3594 2142 Onesicra-

2026 2178 2124 2230 τίω.
2143 2176 2230 2231 Sic
2244 2177 2400 2231 etiam
2418 2177 2542 2246 legit
2557 2177 2803 2243 Savilius,
2824 2193 2993 2247 neque
3009 2178 3166 2232 aliam
3187 2179 3463 2232 lectionem
3483 2193 3596 2232 me-

2028 2277 2218 2320 morat.
2247 2266 2624 2320 Oncsicratiam
2655 2267 2810 2335 igitur
2842 2277 2947 2320 tum
2979 2267 3045 2321 ob
3075 2265 3193 2320 filiae
3219 2282 3328 2322 suze
3359 2267 3556 2322 obitum
3577 2310 3594 2333 ,

2030 2370 2136 2412 tum
2155 2358 2292 2416 quod
2323 2358 2424 2411 alia
2453 2359 2810 2426 pur-cessisset
2837 2357 3262 2427 plaga,afflictam
3281 2368 3333 2413 et
3355 2369 3596 2413 maestam

2027 2451 2331 2505 consolatur
2358 2451 2785 2519 Chrysostomus.
2814 2449 2928 2502 Non
2963 2463 3116 2517 posse
3149 2449 3358 2518 quidem
3399 2458 3596 2503 tantam

2028 2543 2272 2597 mmroris
2301 2541 2495 2595 nubem
2525 2539 2716 2594 auferri
2751 2539 2972 2603 fatetur,
3001 2539 3093 2594 sed
3124 2555 3235 2593 rem
3265 2540 3447 2594 saltem
3479 2555 3596 2592 mo-

2029 2635 2262 2688 deratius
2290 2648 2408 2687 esse
2438 2632 2706 2686 ferendam
2733 2649 2746 2684 :
2775 2632 2973 2684 obitum
3002 2632 3139 2685 enim
3169 2647 3272 2685 non
3306 2647 3431 2686 vere
3461 2647 3597 2684 mor-

2031 2735 2135 2778 tem
2176 2740 2314 2790 esse,
2345 2724 2436 2777 sed
2475 2724 2950 2794 peregrinationem
2991 2735 3147 2792 atque
3184 2739 3213 2776 a
3252 2723 3600 2777 deterioribus

2029 2817 2094 2870 ad
2125 2817 2342 2871 meliora
2371 2815 2877 2884 commigrationem.
2911 2815 3225 2884 Asvncritize
3260 2825 3434 2870 autem
3476 2816 3600 2869 licet

2030 2907 2208 2962 literas
2238 2907 2428 2960 multas
2458 2904 2729 2974 scripserit
2757 2905 3185 2974 Chrysostomus,
3218 2920 3501 2973 numquam
3532 2904 3600 2959 de

2029 2999 2132 3053 filia
2161 2999 2324 3068 ipsius
2352 2997 2600 3066 loquitur.
2627 2996 2759 3050 Cum
2785 3007 2960 3050 autem
2986 2995 3296 3066 Asyncrilia:
3327 2995 3597 3064 plurimas,

2029 3091 2370 3146 Onesicratize
2397 3088 2533 3142 hanc
2555 3104 2712 3142 unam
2745 3096 2946 3141 tantum
2975 3088 3223 3156 scriptam
3252 3089 3597 3158 reperiamus,

2029 3196 2223 3236 nomen
2243 3181 2355 3249 ejus
2377 3179 2428 3232 in
2452 3177 2802 3248 Asyncritiam
2826 3189 3029 3232 mutare
3044 3179 3300 3247 quispiam
3318 3193 3477 3232 ausus
3497 3189 3597 3233 est.

2099 3270 2306 3324 Namma
2334 3269 2572 3338 quaedam
2601 3277 2839 3322 matrona
2860 3309 2875 3334 ,
2900 3277 2956 3322 ut
2983 3269 3204 3334 videtur,
3235 3270 3560 3324 Antiochena
3581 3310 3597 3336 ,

2030 3375 2151 3431 erga
2179 3359 2612 3430 Chrysostomum
2641 3359 2840 3429 optime
2864 3357 3071 3424 affecta,
3103 3359 3303 3414 tardius
3327 3368 3502 3416 tamen
3527 3361 3596 3416 ad

2029 3453 2175 3507 illum
2203 3453 2524 3519 scripserat,
2552 3457 2712 3520 atque
2752 3451 2822 3504 ita
2852 3460 2907 3504 ut
2944 3451 3102 3504 etiam
3130 3451 3362 3506 audaciae
3392 3454 3600 3507 veniam

2029 3554 2250 3614 peteret.
2279 3546 2494 3600 Dicebat
2522 3560 2679 3614 porro
2706 3560 2764 3600 se
2793 3545 2937 3598 illum
2969 3554 3075 3600 tam
3117 3545 3340 3601 ferventi
3381 3548 3601 3603 caritate

2028 3636 2269 3705 diligere,
2290 3644 2365 3701 ut,
2388 3636 2488 3690 nisi
2508 3637 2694 3689 morbo
2710 3634 2994 3699 laboraret,
3015 3635 3115 3689 iter
3135 3635 3269 3690 adeo
3292 3637 3598 3703 molestum,

2030 3737 2209 3798 totque
2239 3727 2542 3797 praedonum
2571 3728 2960 3783 incursionibus
2987 3729 3262 3783 obs-essum
3290 3740 3598 3800 susceptura

2029 3816 2234 3881 fuisset,
2267 3819 2405 3872 illius
2433 3818 2635 3872 visendi
2665 3833 2844 3872 causa.
2879 3817 3168 3889 Respondit
3194 3819 3601 3889 Chrysostomus

2031 3911 2186 3979 epist.
2212 3910 2300 3974 47,
2331 3908 2492 3972 illam,
2516 3908 2706 3962 nedum
2735 3907 2993 3976 culpanda
3019 3918 3178 3973 esset,
3201 3909 3340 3979 quod
3367 3911 3601 3965 scribere

2027 4017 2155 4055 ausa
2184 4002 2357 4067 fuerit,
2383 4001 2702 4072 arguendam
2730 4002 2901 4070 potius
2925 4001 3062 4070 quod
3093 4003 3288 4056 tardius
3313 4003 3364 4058 id
3391 4004 3598 4071 fecerit,

2033 4108 2295 4162 unamque
2323 4092 2560 4147 delendae
2589 4091 2758 4162 culpze
2787 4108 3064 4162 superesse
3091 4093 3250 4159 viam,
3277 4095 3320 4149 si
3351 4095 3596 4150 nimirum

2030 4195 2306 4238 sexcentas
2349 4182 2548 4248 literas,
2595 4198 2768 4253 graece
2812 4185 3010 4238 niveum
3055 4184 3261 4238 imbrem
3314 4187 3595 4252 literarum,

2029 4274 2096 4328 ad
2135 4289 2193 4329 se
2232 4275 2478 4328 mitteret.

2106 4367 2320 4438 llycmis
2349 4376 2586 4436 tempore
2618 4367 2799 4421 literas
2826 4367 3028 4436 accepit
3062 4367 3360 4434 Callistrati,
3388 4369 3598 4423 Isauria:

2031 4457 2284 4528 episcopi,
2305 4465 2461 4526 atque
2482 4465 2538 4510 ut
2557 4471 2622 4511 ex
2644 4455 3004 4526 Chrysostomi
3026 4472 3282 4524 responso
3299 4459 3444 4527 argui
3473 4475 3596 4526 pos-

2032 4563 2090 4602 se
2110 4546 2334 4612 videtur,
2358 4562 2417 4600 se
2442 4547 2586 4599 illum
2608 4545 2897 4599 invisurum
2921 4545 3080 4599 fuisse
3099 4545 3325 4606 dicebat,
3353 4548 3450 4601 nisi
3472 4548 3597 4602 anni

2033 4644 2318 4706 tempestas
2347 4643 2400 4690 et
2425 4635 2625 4689 itineris
2652 4634 2923 4704 longitudo
2949 4633 3258 4690 obfuissent.
3289 4635 3345 4691 lu
3376 4636 3593 4704 epistola

2034 4744 2158 4782 vero
2184 4743 2278 4782 sua
2305 4725 2720 4799 Chrysostomus
2757 4728 2832 4780 ait
2874 4742 3029 4796 posse
3056 4727 3182 4782 illud
3227 4729 3308 4782 sui
3339 4729 3598 4785 inviseudi

2032 4809 2351 4874 desiderium
2374 4818 2713 4888 epistolarum
2738 4818 3027 4884 frequentia
3049 4820 3402 4887 compensari,
3423 4829 3479 4874 ut
3504 4832 3598 4889 po-

2030 4921 2141 4965 stea
2163 4951 2178 4975 ,
2201 4925 2325 4963 eum
2355 4918 2639 4978 tempestas
2665 4908 2992 4964 commodior
3017 4919 3192 4976 esset,
3218 4908 3285 4964 de
3309 4925 3599 4981 congressu

2029 5003 2308 5073 cogitetur.

2101 5096 2337 5164 Agapeto
2358 5093 2515 5147 etiam
2539 5107 2678 5146 anno
2697 5091 2801 5146 404
2824 5100 3058 5145 vertente
3078 5091 3307 5158 scripsit,
3331 5091 3444 5146 viro
3465 5093 3598 5147 ami-

2030 5185 2168 5240 citiae
2196 5184 2416 5237 vinculis
2445 5182 2544 5237 sibi
2573 5180 3006 5250 conjunctissiuto
3026 5219 3041 5242 ,
3072 5189 3422 5251 precaturque
3451 5183 3595 5236 illum

2031 5283 2088 5328 ut
2116 5289 2273 5344 quam
2305 5273 2628 5342 frequentius
2656 5271 2843 5341 poterit
2867 5269 2936 5324 de
2963 5284 3057 5322 sua
3086 5269 3381 5325 valetudine
3405 5273 3596 5328 certio-

2029 5381 2142 5420 rem
2180 5381 2238 5419 se
2276 5364 2451 5418 faciat.
2479 5363 2712 5417 Alteram
2741 5376 2869 5416 vero
2897 5361 2994 5430 ipsi
3027 5360 3238 5430 scripsit
3275 5362 3596 5430 epistolam,

2032 5466 2252 5526 rogante
2293 5453 2688 5524 religiosissime
2732 5452 2847 5506 viro
2889 5450 3097 5520 Elpidio
3136 5450 3476 5522 presbytero,
3508 5453 3598 5522 qui

2032 5555 2227 5601 montis
2248 5545 2434 5599 Amani
2462 5544 2659 5598 incolas
2679 5542 3051 5612 praedicatione
3070 5556 3162 5595 sua
3179 5541 3244 5594 ad
3267 5541 3422 5595 fidem
3441 5540 3599 5596 Chri-

2030 5639 2097 5693 sti
2122 5638 2457 5708 perduxerat,
2478 5637 2652 5707 ibique
2673 5636 2924 5690 ecclesias
2943 5646 2995 5689 et
3015 5636 3334 5690 monasteria
3351 5645 3594 5689 constru-

2029 5740 2179 5788 xerat
2200 5771 2216 5798 ,
2243 5742 2295 5787 et
2325 5730 2542 5801 Agapcti
2569 5728 2884 5785 sanctissimi
2917 5729 3014 5784 viri
3046 5728 3465 5784 benevolentiam
3497 5727 3597 5783 sihi
