4096 6392
477 342 584 397 235

479 452 766 508 mmiliarc
788 449 1051 506 studebat.
1084 448 1234 504 illum
1261 462 1388 501 vero
1417 456 1522 499 tam
1548 445 1772 510 obnixe,
1806 454 1910 497 tam
1942 440 2049 497 fer-

481 552 670 600 venter
699 547 935 613 Agapeto
969 538 1310 595 commendat
1349 536 1760 606 Chrysostomus
1783 573 1798 598 ,
1839 542 1896 588 ut
1924 533 2053 587 nihil

482 636 700 691 dubium
726 648 845 688 esse
873 632 1113 686 videatur
1136 670 1152 695 ,
1182 628 1309 698 quin
1338 628 1604 698 Agapetus
1631 635 1870 678 sanctum
1909 625 2051 678 illum

483 724 736 781 Ecclesiae
759 736 1052 792 praeconem
1069 730 1123 774 et
1137 718 1323 773 ofliciis
1345 726 1401 772 et
1417 716 1748 771 facultatibus
1765 716 1875 769 suis
1890 728 2056 785 quan-

484 825 599 871 tum
628 814 799 884 potuit
825 821 1007 881 postea
1027 809 1241 878 juverit.

554 906 611 960 In
647 903 886 974 epistolis
914 901 979 955 ad
1004 898 1365 970 Olympiadem
1393 898 1568 952 nullus
1595 895 1727 951 ordo
1753 895 2016 964 reperitur
2037 935 2053 961 ,

484 995 705 1069 perinde
724 1004 881 1063 atque
904 994 954 1046 in
975 991 1182 1046 caeteris
1206 991 1449 1045 omnibus
1470 989 1835 1059 Chrysostomi
1861 987 2060 1056 episto-

484 1090 569 1155 lis,
600 1088 688 1144 ubi
719 1088 857 1142 nulla
886 1086 1141 1154 temporis
1166 1084 1301 1137 ratio
1321 1091 1583 1147 servatur,
1612 1080 1704 1136 sed
1729 1095 1915 1134 omnes
1937 1095 2059 1148 per-

483 1180 690 1236 mixtim
733 1178 917 1249 posita:
956 1187 1100 1232 sunt.
1132 1176 1189 1230 In
1224 1175 1447 1244 epistola
1472 1182 1647 1228 autem
1680 1174 1746 1227 14
1775 1172 1839 1227 ad
1870 1171 2055 1243 Olym—

484 1270 712 1340 piadem,
760 1268 888 1323 dicit
932 1282 990 1321 se
1015 1266 1122 1335 jam
1166 1276 1278 1320 tres
1329 1265 1581 1333 epistolas
1608 1262 1905 1332 Olympiadi
1955 1261 2057 1314 mi-

483 1362 639 1425 sisse,
670 1374 829 1414 unam
881 1371 977 1426 per
1027 1356 1301 1425 praetorios
1331 1355 1547 1419 milites,
1570 1353 1790 1406 alteram
1831 1367 1926 1421 per
1947 1354 2059 1403 An-

486 1452 714 1515 tonium,
742 1448 950 1504 tertiam
977 1462 1072 1516 per
1096 1445 1348 1500 famulum
1376 1443 1541 1513 ipsius
1566 1443 1867 1497 Anatolium
1900 1458 1911 1494 :
1941 1441 2060 1494 dua:

486 1557 614 1599 vero
638 1549 922 1612 postrema:
949 1540 1211 1609 longiores
1236 1546 1406 1591 erant.
1434 1534 1601 1600 illam,
1623 1550 1781 1604 quam
1809 1548 1902 1603 per
1928 1548 2063 1602 prae-

486 1635 656 1689 torios
681 1634 876 1688 milites
901 1631 1136 1693 miserat,
1164 1645 1283 1684 cum
1308 1628 1647 1683 Tillemontio
1678 1637 1919 1696 putamus
1943 1640 2062 1679 esse

486 1726 747 1782 decimam
791 1725 1000 1779 tertiam
1025 1764 1040 1788 ,
1084 1737 1240 1791 quam
1281 1720 1440 1776 biduo
1480 1729 1759 1791 postquam
1797 1718 2060 1773 Cucusum

487 1818 789 1880 advenerat,
822 1833 914 1885 per
954 1816 1230 1887 prtetorios
1274 1814 1465 1868 milites
1507 1813 1679 1875 misit,
1713 1811 1778 1865 de
1813 1825 1914 1880 qua
1953 1810 2062 1878 jam

489 1908 735 1977 superius
763 1917 937 1961 actum
966 1923 980 1959 :
1012 1907 1128 1961 illas
1168 1919 1293 1959 vero
1320 1905 1452 1959 duas
1476 1945 1490 1968 ,
1519 1918 1740 1973 quarum
1771 1901 1936 1955 altera
1968 1914 2063 1967 per

491 1998 802 2063 Antonium,
824 1998 986 2051 altera
1015 2012 1108 2066 per
1133 1996 1433 2050 Anatolium
1460 1993 1786 2065 Olympiadis
1810 1990 2062 2045 famulum

491 2087 652 2142 missa
683 2087 811 2152 fuit,
840 2102 917 2140 ea:
945 2093 1105 2152 sunt,
1135 2100 1253 2155 quae
1298 2085 1464 2153 prima
1508 2093 1562 2137 ct
1601 2081 1830 2136 secunda
1860 2080 1968 2148 jam
2009 2080 2063 2133 in

492 2177 652 2232 editis
678 2188 1042 2239 numerantur,
1066 2186 1119 2230 et
1145 2175 1428 2230 conciones
1447 2173 1942 2241 adhortationesque
1962 2169 2063 2224 dici

494 2274 714 2337 possunt
740 2267 914 2335 potius
937 2280 1090 2335 quam
1122 2264 1379 2333 epistolaz.

567 2357 622 2410 In
648 2357 818 2425 prima
844 2370 969 2410 vero
992 2354 1353 2426 Olympiadem
1382 2351 1449 2406 de
1475 2350 1819 2405 diuturnitate
1852 2350 2067 2404 calami-

494 2451 620 2504 tatis
661 2464 787 2517 qute.
823 2448 1118 2502 Ecclesiam
1173 2445 1263 2499 Dei
1317 2444 1661 2499 conturbabat
1710 2452 2019 2498 maerentem
2046 2485 2061 2506 ,

495 2539 751 2607 exemplis
801 2539 1007 2593 Veteris
1058 2545 1113 2591 et
1164 2536 1295 2591 Novi
1343 2535 1665 2590 Testamenti
1718 2535 2064 2600 consolatur,

493 2629 826 2698 ostenditque
867 2628 1031 2682 Deum
1072 2642 1215 2696 saepe
1258 2625 1326 2680 ad
1363 2626 1626 2695 jnstorum
1668 2626 1977 2679 exercitium
2016 2633 2070 2678 et

498 2722 866 2790 probationem
896 2719 1288 2772 diuturnitatem
1329 2731 1682 2771 terumnarum
1723 2717 2028 2785 permittere
2050 2756 2066 2780 ,

495 2822 556 2868 ut
601 2815 725 2868 hinc
757 2820 813 2867 et
840 2812 1054 2882 praemia
1097 2818 1404 2880 augeantur.
1430 2809 1485 2863 In
1519 2809 1766 2874 secunda,
1801 2823 1917 2878 quae
1943 2823 2069 2877 pro-

496 2905 657 2960 lixior
693 2912 797 2967 est,
838 2912 894 2957 et
944 2903 1098 2972 paulo
1137 2910 1256 2969 post
1294 2900 1517 2969 primam
1565 2900 1723 2953 missa
1765 2899 1896 2964 fuit,
1928 2899 2069 2953 idem

499 3005 867 3066 argumentum
906 2993 1258 3063 persetluitur,
1297 2991 1584 3061 multisque
1623 2991 1949 3056 rationibus,
1979 3005 2069 3044 ar-

497 3086 800 3157 gumentis,
850 3084 1143 3154 exemplis,
1184 3097 1303 3153 quae
1361 3083 1568 3151 longius
1627 3091 1770 3137 esset
1831 3081 2068 3143 referre,

500 3176 800 3251 Olympiadi
840 3184 897 3229 ut
924 3190 1136 3229 omnem
1168 3173 1397 3243 deponat
1424 3180 1708 3229 mterorem
1737 3172 1962 3227 suadere
1988 3172 2072 3224 ni—

503 3268 656 3322 titur.
688 3266 819 3332 Quia
847 3280 975 3320 vero
1013 3263 1137 3318 illud
1168 3264 1397 3318 maxime
1432 3263 1791 3335 Olympiadem
1819 3262 2069 3332 angebat,

499 3359 642 3431 quod
670 3374 702 3413 a
729 3357 1112 3429 Cbrysostomo
1144 3361 1380 3426 seiuncta
1424 3366 1597 3421 esset,
1628 3355 1769 3424 quod
1798 3354 1944 3409 illum
1974 3353 2072 3407 do-

498 3461 708 3508 centem
753 3459 808 3505 et
853 3449 1252 3504 concionantem
1301 3463 1404 3502 non
1447 3448 1584 3502 ultra
1631 3448 1838 3501 audiret
1871 3464 1883 3500 :
1914 3445 2074 3500 licere

500 3544 630 3599 dicit
655 3541 950 3613 Olympiadi
974 3583 987 3605 ,
1013 3541 1234 3595 absente
1260 3555 1317 3594 se
1338 3581 1352 3604 ,
1385 3540 1547 3594 libros
1573 3554 1697 3594 suos
1720 3539 1898 3609 legere
1921 3554 1936 3602 ;
1968 3539 2074 3591 imo

502 3635 833 3703 provisurum
872 3648 965 3698 se,
1008 3633 1052 3686 si
1085 3631 1242 3686 modo
1280 3631 1579 3686 tabellarios
1612 3631 1980 3693 nanciscatur,
2019 3638 2077 3684 ut

502 3725 718 3780 crebras
751 3733 805 3778 et
830 3724 1064 3794 prolian
1100 3724 1281 3777 literas
1307 3737 1428 3777 suas
1454 3722 1694 3791 accipiat.
1731 3722 1879 3788 Quod
1907 3723 1949 3776 si
1977 3723 2074 3776 do-

501 3817 715 3868 ctrinam
741 3825 982 3879 nostram,
1007 3815 1196 3884 inquit,
1219 3817 1328 3867 viva
1349 3829 1465 3866 voce
1484 3814 1659 3868 audire
1677 3814 1840 3881 cupis,
1864 3817 2077 3883 fortasse

504 3907 599 3960 hoc
622 3922 815 3975 quoque
840 3905 1119 3976 continget;
1149 3906 1249 3958 imo
1274 3921 1374 3958 non
1400 3907 1628 3975 fortasse,
1655 3905 1742 3959 sed
1767 3916 1937 3970 certe;
1961 3921 2078 3959 cave

505 3998 720 4052 dubites.
753 3997 841 4052 Sic
867 3996 954 4050 ille
981 3996 1194 4064 putabat
1218 4014 1233 4063 ;
1264 3997 1358 4051 sed
1381 3997 1484 4050 alio
1511 3997 1668 4050 modo
1694 4011 1780 4051 res
1802 3998 1982 4061 cessit,
2007 3998 2077 4051 ita

502 4085 817 4158 providente
840 4085 1086 4141 Numine.
1118 4087 1243 4141 Plus
1271 4088 1413 4140 enim
1444 4086 1694 4155 proderat
1716 4088 1865 4141 exsul
1894 4086 2079 4142 Eccle-

505 4180 600 4233 sia:
633 4178 724 4233 Dei
760 4187 814 4233 et
855 4178 1213 4248 przedicationi
1241 4178 1520 4247 evangelii,
1550 4194 1706 4248 quam
1737 4194 1857 4233 cum
1885 4180 1937 4233 in
1967 4179 2080 4249 epi-

507 4271 706 4338 scopali
739 4269 927 4323 throno
950 4268 1181 4335 sederet,
1212 4278 1269 4323 ut
1296 4284 1418 4323 mox
1447 4268 1726 4323 videbitur.

578 4361 633 4415 In
683 4362 835 4415 tertia
888 4360 952 4413 ad
998 4359 1362 4432 Olympiadem
1412 4359 1669 4428 epistola,
1712 4358 1851 4415 idem
1908 4361 2079 4428 ipsum

504 4448 871 4523 argumentum
919 4451 1272 4521 persequitur,
1328 4450 1687 4520 exemplisque
1746 4449 1986 4519 plurimis
2027 4458 2081 4504 et

505 4543 829 4614 argumentis
854 4542 1042 4612 probat
1068 4545 1118 4596 in
1147 4543 1533 4597 calamitatibus
1559 4557 1660 4596 non
1687 4542 1847 4596 modo
1873 4541 2077 4597 maesti-

506 4639 640 4691 tiam‘
657 4650 868 4690 omnem
898 4649 1017 4691 esse
1037 4634 1428 4704 deponendam,
1459 4634 1553 4688 sed
1577 4634 1737 4688 etiam
1758 4633 1812 4687 in
1831 4633 2082 4702 tranquil-

506 4727 653 4782 litate
686 4734 740 4781 et
765 4724 923 4779 animi
950 4725 1219 4780 alacritate
1247 4724 1563 4780 versandum
1598 4739 1738 4779 esse.
1774 4725 1922 4779 lianc
1953 4739 2082 4780 vero

507 4819 714 4874 tertiam
754 4817 1031 4887 epistolam
1068 4832 1187 4871 cum
1218 4818 1532 4886 scripsisset,
1564 4817 1786 4872 necdum
1816 4795 1883 4872 ad
1902 4817 2083 4888 Olym-

508 4911 714 4979 piadem
759 4911 1009 4975 misisset,
1057 4925 1152 4979 per
1180 4909 1539 4965 honorabilem
1567 4911 1848 4981 quemdam
1885 4912 2077 4976 virum,

507 4999 789 5054 Patricium
817 4998 1049 5065 nomine,
1078 4998 1242 5067 ipsius
1269 4997 1592 5069 Olympiadis
1624 5000 1899 5068 epistolam
1924 5014 2082 5055 acce-

509 5095 582 5159 pit
613 5108 625 5143 :
662 5104 763 5159 qua
787 5104 846 5143 se
872 5089 1086 5142 omnino
1106 5096 1381 5153 mmstam,
1416 5098 1469 5143 et
1493 5090 1641 5158 quasi
1666 5089 1809 5143 luctu
1839 5090 2081 5145 obrutam

505 5180 825 5245 declarabat,
878 5181 1105 5235 maxime
1140 5195 1267 5234 vero
1298 5180 1438 5250 quod
1477 5195 1584 5235 non
1623 5181 1880 5248 potuisset
1921 5182 2079 5237 alium

505 5271 681 5326 exsilii
706 5271 899 5338 locum,
940 5269 1146 5325 Cucuso
1171 5271 1601 5336 commodiorem,
1632 5270 1819 5325 Joanni
1844 5271 2081 5343 Chryso-

506 5371 682 5417 stomo
711 5361 1014 5429 impetrare.
1068 5361 1157 5416 Ille
1181 5375 1308 5415 vero
1333 5362 1431 5416 hac
1461 5371 1672 5430 accepta
1694 5363 1934 5431 epistola,
1972 5373 2081 5418 ter-

509 5453 656 5518 tiam,
684 5450 751 5505 de
774 5466 875 5521 qua
898 5450 1057 5506 modo
1071 5452 1396 5514 dicebamus,
1415 5453 1552 5521 apud
1578 5468 1637 5509 se
1655 5455 1891 5521 retinnit,
1910 5471 2081 5525 neque

508 5542 649 5596 illam
675 5541 972 5614 Olympiadi
1010 5538 1175 5603 misit.
1209 5543 1299 5597 sed
1337 5543 1493 5596 aliam
1524 5546 1912 5616 egregiamque,
1961 5562 2080 5617 qua:

508 5647 649 5687 nunc
675 5633 812 5689 inter
833 5636 1082 5703 epistolas
1108 5634 1222 5702 ejus
1241 5643 1425 5703 quarta
1449 5633 1653 5689 decima
1681 5648 2005 5691 numeratur.

581 5722 758 5780 Primo
782 5725 920 5780 illam
950 5733 1032 5779 sat
1054 5738 1242 5794 aspere
1271 5723 1558 5796 redarguit,
1596 5725 1733 5795 quod
1758 5737 1914 5781 tantae
1941 5743 2075 5783 nne-

1534 331 1587 389 S.
1629 331 1904 386 JOANNIS
1941 328 2407 388 CHRYSOSTOMI
2440 330 2618 397 VITA,

3629 330 3736 387 πθ

2161 443 2319 496 stitia:
2346 456 2405 495 se
2429 441 2652 508 dederit,
2682 449 2929 511 quantam
2974 440 3058 494 illa
3100 442 3153 495 in
3187 441 3409 510 epistola
3451 456 3546 496 sua
3582 443 3735 497 exhi-

2160 532 2364 587 buerat.
2416 532 2546 600 Quia
2583 546 2710 586 vero
2745 531 2865 586 ideo
2901 533 3132 586 maxime
3172 531 3406 595 dolebat,
3445 531 3587 601 quod
3628 547 3735 587 no

2158 627 2416 694 potuisset
2439 625 2598 678 alium
2624 623 2984 679 commodiore
3002 622 3209 679 Cucuso
3229 624 3401 678 locum
3420 622 3609 679 Joanni
3636 624 3730 679 im-

2158 725 2397 785 petrare;
2427 714 2547 767 hinc
2571 714 2848 768 occasione
2865 723 3073 785 sumpta
3094 722 3273 767 narrat
3292 713 3364 768 illi
3389 714 3588 777 omnia,
3617 730 3736 783 qua:

2158 805 2258 860 sibi
2294 804 2348 858 in
2386 814 2530 858 tanto
2557 804 2743 858 itinere
2770 805 3104 874 maximeque
3126 803 3385 859 Caesareae
3414 804 3736 872 acciderant,

2159 913 2277 966 qua:
2302 912 2400 951 nos
2427 897 2476 949 in
2506 895 2731 950 decursu
2764 909 2921 964 supra
2949 897 3244 951 attulimus.
3283 896 3420 963 Quia
3442 910 3570 951 vero
3597 898 3737 952 mala

2160 989 2335 1042 omnia
2362 995 2618 1052 recenset,
2647 1001 2765 1056 quae
2785 985 2885 1040 sibi
2912 985 3219 1041 Pharetrius
3242 985 3499 1041 Ctesareze
3532 987 3739 1056 episco-

2162 1093 2280 1146 pus,
2310 1078 2575 1142 intulerat,
2605 1075 2903 1147 Olympiadi
2938 1076 3100 1131 edicit
3123 1085 3178 1130 ut
3207 1077 3291 1130 illa
3319 1077 3496 1132 omnia
3522 1077 3738 1131 silentio

2161 1175 2320 1237 tegat.
2349 1168 2612 1221 Caeterum
2638 1177 2695 1220 ut
2716 1165 3080 1237 Olympiadem
3105 1166 3189 1221 sui
3216 1180 3374 1220 causa
3403 1168 3736 1236 plangentetn

2161 1261 2377 1322 soletur,
2410 1274 2468 1311 se
2486 1259 2559 1311 ait
2580 1259 2724 1311 omni
2752 1257 2986 1312 molestia
3008 1257 3285 1312 liberatum
3312 1271 3452 1323 esse,
3481 1256 3739 1311 ﬁrmiore-

2162 1365 2264 1418 que
2292 1348 2588 1403 valetudine
2610 1347 2733 1413 frui,
2756 1338 2911 1415 quam
2940 1362 3061 1401 cum
3084 1347 3538 1416 Constantinopoli
3573 1347 3737 1416 dege-

2164 1449 2265 1504 ret,
2298 1455 2469 1508 neqne
2509 1440 2632 1502 ullo,
2671 1439 2811 1509 quod
2839 1440 2924 1493 illa
2947 1439 3182 1504 timebat,
3225 1439 3417 1509 frigore
3461 1441 3686 1509 torqueri
3719 1457 3735 1492 :

2164 1530 2353 1583 caelum
2380 1529 2529 1593 illud,
2566 1544 2673 1598 quo
2698 1529 2986 1595 fruebatur,
3029 1530 3362 1584 Antioclteno
3402 1531 3569 1599 magis
3593 1531 3740 1583 simi-

2166 1621 2269 1674 lem
2295 1621 2393 1675 sibi
2431 1620 2634 1685 videri;
2667 1620 2732 1674 de
2763 1620 2959 1675 lsauris
2983 1629 3157 1675 autem
3189 1620 3317 1675 nihil
3351 1621 3461 1691 jam
3492 1622 3591 1676 sibi
3621 1637 3739 1676 me-

2164 1711 2417 1766 tuendum
2442 1726 2596 1766 esse:
2637 1726 2755 1765 nam
2778 1712 2829 1765 in
2853 1712 3119 1781 regionem
3144 1726 3294 1766 suam
3320 1726 3378 1766 se
3404 1720 3736 1781 receperant,

2164 1802 2321 1871 idque
2361 1819 2425 1856 ex
2455 1801 2697 1856 Prml‘ecti
2742 1818 2867 1857 cura
2911 1812 2964 1857 et
3009 1803 3184 1858 studio
3227 1803 3417 1857 factum
3453 1819 3592 1860 esse.
3644 1805 3742 1861 ilic

2164 1907 2293 1947 vero
2320 1893 2606 1947 Prmfectus
2625 1893 2848 1962 Sopater
2864 1903 2999 1959 erat,
3027 1894 3115 1963 qui
3147 1893 3263 1963 plus
3281 1894 3438 1947 officii
3465 1895 3564 1949 sibi
3590 1894 3743 1950 exhi-

2167 1986 2371 2052 buerat,
2428 2002 2586 2054 quam
2639 2002 2667 2040 a
2710 1998 2857 2056 patre
2903 1988 3272 2057 postulandum
3318 1988 3625 2042 videretur:
3660 1990 3743 2043 vir

2170 2080 2388 2148 probus,
2437 2081 2716 2149 benignus,
2760 2083 3160 2149 communisque
3207 2095 3492 2149 pauperum
3540 2091 3742 2148 portus.

2168 2170 2259 2226 Sic
2281 2171 2426 2224 illum
2457 2170 2635 2224 laudat
2667 2171 3075 2242 Chrysostomus
3118 2171 3171 2223 in
3200 2171 3417 2240 epistola
3447 2171 3515 2225 ϐξ
3544 2171 3610 2225 ad
3638 2169 3744 2242 Cy-

2167 2262 2367 2316 riacum
2396 2263 2700 2331 episcopum
2729 2279 2744 2315 :
2784 2277 2942 2332 quem
2969 2270 3214 2332 precatur
3233 2271 3289 2316 ut
3319 2263 3409 2316 lilii
3439 2263 3620 2330 ipsius,
3651 2264 3743 2332 qui

2168 2351 2221 2404 in
2254 2352 2367 2405 istis
2399 2353 2632 2419 partibus
2673 2353 2944 2407 literarum
2968 2352 3158 2406 studiis
3185 2368 3398 2421 operam
3434 2352 3611 2419 dabat,
3654 2370 3744 2408 cu~

2167 2455 2281 2494 ram
2306 2452 2535 2509 gereret,
2563 2441 2766 2511 ipsique
2798 2441 2970 2496 oflicia
2996 2442 3342 2511 impenderet.

2240 2534 2452 2588 Dixerat
2471 2533 2740 2606 Olympias
2767 2537 2818 2589 in
2845 2536 3065 2605 epistola
3092 2550 3187 2589 sua
3211 2535 3544 2605 Heracliden,
3566 2535 3729 2605 Ephe-

2170 2627 2343 2681 sinum
2379 2629 2683 2698 episcopum
2715 2643 2744 2681 a
2781 2628 3163 2699 Chrysostomo
3190 2629 3552 2696 constitutum,
3586 2638 3641 2683 et
3679 2628 3747 2686 ab

2171 2717 2288 2786 ejus
2315 2717 2631 2772 adversariis
2659 2718 2964 2787 episcopatu
2988 2719 3215 2787 pulsum,
3258 2728 3316 2773 ut
3348 2720 3588 2788 superius
3606 2718 3748 2773 dixi-

2172 2823 2308 2868 mus,
2339 2817 2464 2863 tunc
2485 2809 2534 2862 in
2557 2823 2767 2863 carcere
2795 2819 2847 2863 et
2873 2810 2923 2863 in
2948 2811 3170 2864 vinculis
3192 2810 3464 2865 detentum
3486 2812 3595 2864 dira
3617 2811 3746 2879 pati.

2171 2898 2286 2953 Jam
2316 2899 2430 2968 ejus
2454 2914 2611 2954 causa
2636 2900 2811 2955 literas
2836 2902 3051 2955 miserat
3074 2901 3486 2973 Chrysostomus
3512 2902 3578 2958 ad
3607 2903 3747 2957 Pen-

2175 2988 2365 3043 tadiam
2397 2999 2710 3056 matronam,
2737 3007 2956 3046 monens
2985 3001 3042 3045 ut
3070 3007 3279 3046 omnem
3308 2993 3630 3063 diligentiam
3650 2994 3750 3048 ad-

2174 3078 2403 3146 hiberet,
2451 3081 2518 3135 ad
2564 3082 2918 3138 calamitatem
2966 3093 3162 3138 tantam
3211 3086 3295 3140 vel
3342 3086 3625 3140 tollendam
3665 3088 3751 3143 vel

2181 3172 2477 3226 leniendam
2505 3188 2520 3227 τ
2551 3173 2846 3245 Olympiadi
2878 3190 3003 3230 vero
3030 3175 3177 3242 dicit,
3208 3176 3355 3231 Licet
3380 3177 3674 3243 Heraclidi,
3704 3178 3750 3232 si

2177 3264 2325 3329 velit,
2372 3265 2681 3332 instantiam,
2725 3267 2873 3332 dare,
2914 3276 3072 3337 atque
3117 3269 3187 3323 ita
3228 3270 3481 3324 molestiis
3507 3270 3752 3325 omnibus

2174 3357 2414 3423 liberari;
2442 3358 2570 3411 nihil
2597 3361 2736 3413 enim
2758 3359 2899 3413 aliud
2919 3371 3177 3427 superest.
3210 3361 3340 3428 Quze
3360 3370 3504 3417 certe
3527 3377 3752 3432 quomo-

2174 3448 2243 3503 do
2267 3449 2525 3518 quadrare
2556 3451 2759 3518 possint
2801 3468 2906 3505 non
2934 3451 3188 3521 intelligo.
3220 3453 3582 3507 'l'illemontius
3620 3469 3753 3508 vero

2176 3548 2323 3608 putat
2343 3539 2620 3609 legendum
2646 3556 2765 3595 csse
2788 3542 3034 3608 ecstasim,
3066 3543 3448 3598 abdicationem
3476 3544 3753 3614 episcopa-

2177 3638 2281 3695 tus,
2305 3646 2421 3700 quae
2451 3631 2656 3686 videtur
2692 3647 2814 3686 vera
2838 3633 3017 3687 lectio.
3043 3633 3146 3688 Sed
3181 3650 3299 3688 cum
3328 3650 3510 3690 omnes
3539 3637 3756 3689 omnino

2180 3720 2307 3775 Mss.
2338 3731 2392 3776 et
2415 3722 2555 3776 Editi
2584 3723 2872 3777 instantiam
2901 3723 3143 3789 habeant,
3169 3724 3305 3779 hanc
3332 3724 3608 3781 lectionem
3638 3741 3757 3780 mu-

2178 3819 2291 3865 tare
2313 3827 2416 3864 non
2441 3828 2603 3866 ausus
2632 3825 2772 3866 sum.

2250 3901 2327 3955 De
2354 3902 2592 3956 Marulha
2617 3903 3017 3972 episcOpo.—De
3032 3902 3270 3957 Marutba
3292 3903 3539 3974 episcopo
3556 3905 3758 3974 majore

2178 4005 2299 4044 cum
2324 3990 2513 4045 aﬂ’ectu
2537 4001 2591 4046 et
2612 3992 2856 4045 instantia
2878 3992 3108 4062 loquitur
3131 3986 3544 4063 Chrysostomus
3578 3994 3627 4047 in
3665 4010 3760 4048 ea-

2178 4084 2299 4138 dem
2338 4086 2557 4153 cpistola
2585 4084 2788 4139 decima
2829 4096 3013 4153 quarta
3053 4085 3119 4138 ad
3148 4085 3533 4157 Olympiadem.
3578 4085 3757 4139 Maru-

2182 4177 2299 4233 thas
2346 4179 2501 4248 igitur
2541 4178 2628 4233 ille
2668 4179 2949 4248 episcopus
2983 4180 3368 4246 sanctissimus,
3402 4194 3431 4232 a
3462 4179 3759 4248 Theophilo

2179 4270 2489 4340 caeterisque
2509 4269 2869 4342 Chrysostomi
2892 4270 3118 4325 inimicis
3145 4272 3553 4338 circumventus,
3587 4273 3637 4326 in
3662 4287 3761 4325 eo-

2181 4378 2297 4416 rum
2322 4362 2668 4416 conventibus
2706 4361 2893 4429 adfuit,
2924 4361 3187 4431 etiamque
3216 4364 3268 4417 in
3309 4362 3656 4417 conciliabulo
3687 4362 3757 4415 ad

2181 4453 2443 4519 Quercum
2483 4473 2495 4508 :
2542 4469 2662 4508 cum
2703 4454 2844 4508 enim
2886 4469 2950 4507 ex
2987 4452 3204 4507 Perside
3242 4461 3353 4507 tum
3392 4453 3615 4516 veniret,
3647 4466 3757 4506 non

2183 4555 2388 4615 poterat
2433 4552 2731 4600 accuratam
2781 4558 2958 4597 rerum
3000 4553 3122 4596 tunc
3159 4542 3611 4612 Constantinopoli
3656 4557 3755 4613 ge-

2182 4647 2380 4690 starum
2433 4638 2668 4691 notitiam
2730 4635 2947 4689 habere.
3013 4634 3256 4704 Alioquin
3325 4649 3452 4688 vero
3514 4633 3757 4688 audierat

2184 4727 2424 4791 fortasse,
2448 4726 2793 4797 Epiphanium
2822 4739 3050 4794 quoque,
3079 4725 3237 4795 Cypri
3265 4725 3587 4793 episcopum,
3621 4739 3752 4777 san-

2183 4824 2326 4869 ctum
2368 4817 2536 4869 virum
2584 4815 2841 4869 adversus
2886 4814 3326 4885 Chrysostomum
3384 4813 3756 4867 insnrrexisse.

2184 4906 2379 4961 Verum
2406 4915 2464 4961 ut
2501 4920 2604 4960 non
2639 4914 2723 4961 sat
2758 4916 3032 4974 perapecta
3063 4920 3238 4960 rerum
3276 4902 3757 4974 Constantinopoli-

2185 5007 2422 5050 tanarum
2445 4997 2766 5076 conditione,
2793 4995 3154 5067 Chrysostomi
3193 4996 3441 5064 inimicis,
3473 4998 3759 5066 multisque

2183 5089 2341 5142 etiam
2371 5088 2747 5143 consceleratis
2771 5103 2892 5144 sese
2935 5088 3176 5157 adjunxit
3208 5106 3221 5141 :
3265 5089 3337 5145 ita
3378 5090 3536 5143 etiam
3565 5090 3759 5145 divinae

2185 5186 2399 5239 ultionis
2428 5184 2667 5239 minister
2688 5182 2806 5238 fuit.
2824 5182 2955 5239 Cum
2977 5185 3116 5239 enim
3138 5184 3341 5254 Cyrini,
3360 5166 3761 5239 Chalcedonen-

2184 5277 2257 5331 sis
2281 5276 2532 5346 episcopi,
2577 5276 2716 5330 inter
2739 5275 3093 5345 primipilares
3120 5273 3484 5346 Chrysostomi
3518 5277 3760 5332 inimicus

2184 5366 2680 5437 acerrimi,'pedem
2711 5366 3016 5435 imprudens
3059 5367 3337 5430 calcasset,
3380 5366 3505 5421 hinc
3544 5366 3758 5422 dolores

2183 5455 2397 5511 maximi
2432 5454 2601 5509 exorti
2635 5465 2780 5520 sunt,
2817 5456 3079 5509 sectiones
3106 5455 3296 5524 pedum
3323 5464 3379 5510 et
3413 5471 3626 5511 crurum
3649 5454 3758 5510 fre-

2183 5555 2406 5616 quentes
2430 5561 2458 5597 a
2485 5546 2703 5600 medicis
2729 5546 2995 5608 adhibitae,
3043 5561 3107 5601 ac
3135 5548 3293 5615 paulo
3318 5557 3435 5614 post
3462 5548 3514 5599 tu
3550 5561 3758 5599 crucia-

2185 5641 2323 5693 tibus
2345 5639 2484 5693 diem
2509 5637 2698 5693 clausit
2720 5649 3037 5701 extremum,
3068 5647 3127 5693 ut
3150 5652 3308 5705 supra
3333 5636 3579 5693 dtximus.

2257 5729 2489 5786 Necdum
2518 5740 2691 5786 tamen
2718 5729 2946 5800 iniquam
2968 5730 3110 5785 illam
3138 5728 3470 5785 inimicorum
3490 5729 3764 5796 Chrysos-
