4096 6392
377 394 473 450 £37

378 507 512 563 torni
545 504 989 574 conspirationem
1034 502 1313 572 agnovisse
1341 501 1617 557 videbatur
1646 503 1912 556 Marulhas
1937 520 1951 555 ε

380 597 431 652 id
461 597 602 651 enim
649 595 882 649 insinuat
905 593 1319 664 Cbrysostomus
1344 607 1463 646 cum
1489 592 1780 662 Olympiadi
1806 592 1954 657 dicit,

383 685 628 740 Omnibus
653 685 823 754 ofﬁciis
851 698 964 736 eum
987 683 1247 750 mmplecti
1271 699 1333 735 ne
1357 683 1573 747 desinas,
1596 691 1651 735 ut
1675 699 1786 735 eum
1814 699 1842 737 θ
1865 683 1955 735 ba-

383 778 552 830 rathro
581 776 816 828 extra/ias
844 789 862 826 :
899 773 1146 826 nimirum
1173 787 1237 826 ex
1265 772 1518 826 societate
1553 787 1674 826 cum
1705 772 1959 841 improbis

385 869 488 924 'llis
513 868 753 933 Arsacio,
776 866 1090 936 Porphyrio,
1123 865 1430 929 Severiano,
1456 866 1738 919 Antiocho.
1771 865 1839 920 Ut
1861 880 1956 917 au-

385 971 488 1015 tem
529 960 710 1014 videas
747 967 943 1028 quanto
981 957 1176 1020 studio,
1225 957 1583 1025 prmdicationi
1621 957 1879 1027 evangelii
1907 958 1956 1010 in

384 1053 650 1114 omnibus,
696 1060 752 1106 ut
795 1052 863 1104 ita
915 1050 1109 1114 dicam,
1158 1049 1302 1103 orbis
1347 1049 1580 1117 partibus
1627 1049 1955 1118 advigilaret.

384 1142 700 1212 posthabitis
725 1156 934 1209 semper
960 1140 1044 1204 iis,
1097 1155 1212 1209 quae
1239 1140 1303 1192 ad
1329 1154 1387 1211 se
1411 1139 1684 1207 speciatim
1720 1152 1962 1207 spectare

387 1233 839 1300 videbantur,qu:e
861 1239 1153 1298 sequuntur
1171 1231 1235 1284 ad
1261 1231 1480 1284 verbum
1509 1240 1632 1284 sunt
1652 1229 1958 1283 referenda:

388 1324 526 1378 Nam
550 1323 656 1392 ejus
679 1339 830 1392 Opera
854 1321 914 1374 ob
946 1321 1169 1374 Persidis
1195 1323 1390 1392 negotia
1414 1337 1549 1392 egeo.
1579 1323 1757 1391 Atque,
1787 1321 1831 1373 si
1855 1320 1909 1372 id
1933 1336 1964 1372 a

389 1424 435 1469 te
459 1415 568 1483 ﬁeri
592 1422 768 1483 potest,
795 1429 857 1467 ea:
881 1431 936 1467 eo
963 1414 1204 1483 intellige,
1229 1413 1466 1483 quidnam
1495 1414 1598 1466 illic
1618 1414 1773 1482 ipsius
1798 1413 1963 1465 studio

389 1517 535 1574 atque
561 1521 713 1574 opera
753 1508 1024 1574 perfectum
1048 1506 1132 1570 sit,
1177 1514 1222 1556 et
1246 1522 1336 1557 cur
1358 1506 1483 1558 istuc
1509 1508 1761 1575 profectus
1795 1506 1858 1557 sit
1883 1509 1964 1574 [ac

389 1598 559 1659 sciam,
591 1613 648 1649 ac
678 1613 794 1647 num
821 1596 865 1647 ei
885 1595 1010 1648 duas
1037 1595 1288 1664 epistolas,
1313 1612 1437 1664 quas
1463 1598 1530 1648 ad
1551 1611 1662 1648 eum
1691 1596 1822 1659 misi,
1851 1596 1966 1648 red-

392 1689 596 1741 dideris.
648 1689 709 1742 Si
750 1689 872 1740 milii
911 1690 1126 1741 scribere
1172 1689 1307 1753 relit,
1349 1705 1548 1741 rursum
1595 1689 1846 1751 scribam;
1888 1689 1966 1742 sin

393 1778 656 1831 rescribere
695 1791 944 1849 gravetur,
999 1781 1173 1832 saltem
1215 1780 1336 1849 quid
1371 1780 1474 1832 illic
1505 1783 1777 1850 perfectam
1818 1779 1968 1847 fuerit

395 1869 481 1920 tibi
529 1878 762 1936 exponat,
817 1879 864 1923 et
909 1886 1027 1921 num
1067 1871 1188 1937 quid
1233 1887 1408 1924 rursus
1435 1871 1604 1924 eodem
1648 1871 1968 1939 proﬁciscens

394 1958 702 2026 prastiturus
727 1957 788 2010 sit
814 1974 834 2012 :
861 1975 975 2011 nam
997 1976 1085 2028 ego
1112 1960 1206 2012 hac
1243 1960 1305 2012 de
1346 1976 1497 2013 causa
1520 1962 1686 2031 ipsum
1712 1962 1971 2015 convenire

396 2048 669 2100 studebam.
719 2049 993 2119 Utcumque
1021 2051 1106 2116 sit,
1152 2052 1390 2121 quidquid
1420 2060 1620 2105 tuarum
1655 2054 1874 2123 partium
1897 2063 1971 2108 est

399 2148 599 2208 praesta,
630 2156 903 2208 animisque
926 2151 1063 2194 tuum
1093 2145 1256 2210 exple,
1288 2143 1480 2196 etiamsi
1507 2159 1676 2196 omnes
1704 2160 1862 2214 prono
1887 2162 1970 2199 ca-

399 2229 500 2295 pite
539 2231 592 2282 in
641 2247 862 2302 praeceps
898 2237 1123 2302 ferantur
1163 2249 1182 2287 :
1223 2250 1408 2288 merces
1451 2235 1584 2289 enim
1627 2245 1712 2289 tua
1752 2238 1972 2292 numeris

399 2323 624 2374 omnibus
647 2321 872 2376 absoluta
901 2325 1011 2377 erit.

471 2411 726 2466 llievidcs
754 2428 944 2466 novum
970 2414 1182 2468 Paulum
1211 2430 1303 2469 sua
1325 2417 1501 2470 omnia
1529 2417 1660 2471 nihil
1675 2427 1968 2483 curantem,

400 2500 685 2555 dummodo
708 2504 1031 2571 evangelium
1060 2505 1151 2559 Dei
1196 2507 1511 2575 praedicetur
1549 2515 1606 2563 et
1631 2519 1969 2578 propagetur.

402 2595 586 2651 Utrum
615 2613 740 2652 vero
763 2599 1029 2654 Maruthas
1057 2601 1435 2672 Chrysostomo
1457 2603 1664 2657 tandem
1688 2605 1975 2673 rescripse-

402 2687 490 2749 rit,
514 2687 594 2741 vel
617 2689 919 2743 societatem
944 2691 1171 2760 aliquam
1215 2707 1332 2746 cum
1365 2695 1452 2746 illo
1479 2694 1652 2748 inierit
1682 2709 1778 2763 pro
1805 2709 1973 2749 evan-

403 2778 523 2845 gelii
551 2779 602 2830 in
632 2779 846 2834 Perside
868 2782 1262 2848 pmdicatione,
1281 2800 1381 2854 qua
1409 2784 1558 2838 dere
1581 2784 1670 2839 ille
1701 2793 1976 2855 tantopere

405 2871 660 2924 sollicitus
683 2880 813 2935 erat,
840 2889 1054 2941 prorsus
1077 2875 1398 2943 ignoramus.
1435 2875 1575 2930 Nihil
1600 2877 1795 2946 quippe
1820 2892 1880 2931 ea
1908 2877 1976 2932 de

406 2977 464 3015 re
488 2964 622 3031 apud
653 2964 947 3032 historicos,
982 2967 1064 3020 vel
1097 2968 1146 3021 in
1175 2967 1289 3036 ejus
1332 2970 1601 3036 operibus,
1641 2971 1726 3025 vel
1763 2971 1814 3024 in
1863 2971 1977 3040 epi-

405 3056 576 3118 stolis,
608 3057 746 3124 quod
787 3073 946 3126 grave
974 3059 1112 3112 dictu
1139 3069 1238 3123 est,
1288 3061 1600 3129 reperimus.
1641 3062 1853 3118 Certum
1881 3081 1978 3116 att-

409 3154 515 3202 tem
542 3155 623 3204 est
661 3148 949 3206 .‘tlarutham
986 3150 1035 3207 in
1063 3150 1433 3224 Mesopotamia
1459 3154 1760 3227 episcotium
1793 3155 1978 3226 fuisse,

407 3249 493 3292 aut
524 3240 970 3308 Supharenorum,
1002 3255 1093 3297 aut
1117 3245 1388 3314 Sophenes
1415 3249 1720 3315 provinciae,
1767 3259 1874 3315 aut,
1921 3262 1980 3304 ut

407 3333 492 3384 alii
538 3334 750 3398 volunt,
798 3335 1242 3406 Martyropoleos,
1286 3355 1464 3407 quant,
1503 3339 1807 3395 Theodosio
1835 3342 1874 3407 I,
1923 3352 1981 3397 ut

409 3434 641 3487 narrant,
667 3429 910 3494 pecunias
933 3430 1386 3497 subministrante,
1419 3434 1531 3501 ipse
1557 3433 1825 3488 Maruthas
1852 3449 1981 3488 con-

409 3525 688 3571 struxerat.
728 3520 942 3573 Certum
977 3522 1101 3574 item
1132 3533 1214 3576 est
1238 3523 1394 3591 hujus
1435 3525 1662 3577 nominis
1706 3525 1888 3580 urbem
1927 3527 1978 3580 itt

410 3605 780 3676 Mesopotamia
812 3613 862 3663 in
893 3612 1119 3666 conﬁnio
1147 3614 1374 3668 Persidis
1402 3614 1582 3670 fuisse.
1614 3615 1982 3688 Martyropolis

410 3705 585 3749 autem
615 3701 918 3765 vocabatur,
958 3703 1076 3770 quia
1106 3705 1172 3758 ibi
1207 3707 1490 3760 multorum
1516 3718 1803 3778 martyrum
1836 3710 1981 3765 Reli-

411 3787 547 3854 quia:
572 3788 820 3858 deposita:
853 3792 1074 3847 fuerant.
1107 3796 1195 3849 Ait
1216 3812 1338 3850 vero
1363 3797 1770 3869 Chrysostomus
1796 3802 1848 3855 in
1887 3803 1984 3855 lio-

417 3877 576 3936 milia.
605 3881 710 3933 imo
735 3884 906 3949 potius
934 3884 984 3936 in
1013 3884 1146 3939 libro
1174 3887 1286 3952 illo,
1313 3889 1397 3941 cui
1427 3890 1628 3955 titulus,
1663 3890 1806 3954 Quod
1835 3893 1983 3946 Citri-

414 3979 518 4020 stus
560 3970 623 4021 sit
668 3969 804 4024 Deus
843 3986 862 4024 :
889 3971 1189 4030 Praedicatio
1247 3994 1346 4030 non
1384 3981 1465 4032 Itic
1517 3990 1742 4046 tantum,
1797 3985 1888 4037 sed
1935 3996 1982 4038 et

413 4058 552 4126 apud
580 4057 763 4114 Persas
790 4062 965 4129 ﬂoret,
997 4066 1190 4120 etiamsi
1218 4069 1280 4120 ab
1302 4071 1402 4123 illis
1427 4083 1775 4141 Oppugnetur:
1802 4077 1980 4128 etenim

413 4149 553 4217 apud
600 4151 712 4204 itlos
754 4168 944 4222 quoque
990 4167 1266 4226 martyrum
1296 4160 1528 4213 examina
1572 4163 1750 4215 multa.
1803 4163 1982 4218 Maru-

418 4239 534 4293 t.has
557 4255 684 4310 ergo
713 4243 763 4295 in
796 4243 1012 4298 Perside
1041 4249 1365 4313 evangelium
1395 4248 1590 4304 Christi
1617 4254 1833 4308 mirifice
1857 4271 1979 4323 pro-

414 4333 619 4400 pagavit
641 4373 654 4395 ,
687 4348 960 4403 magorum
997 4345 1050 4389 et
1075 4335 1440 4394 Chaldazorum
1470 4341 1854 4398 incantationes
1889 4345 1982 4399 de-

414 4425 556 4488 vicit,
586 4423 916 4494 lsdegerdem
960 4443 1136 4497 regem
1180 4432 1365 4484 inorbo
1397 4433 1690 4500 detentum,
1717 4436 1802 4488 cui
1841 4437 1979 4505 magi

417 4515 708 4568 remedium
739 4515 929 4570 alferre
958 4527 1307 4585 tentavcrant,
1337 4521 1551 4590 integra:
1577 4524 1861 4579 valetudini
1890 4541 1980 4580 re-

414 4605 605 4668 stituit,
631 4607 881 4660 miracula
910 4609 1008 4661 alia
1037 4610 1197 4663 multa
1231 4613 1474 4679 patravit.

505 4693 801 4750 Gotthorum
863 4698 1234 4753 Catltolicorum
1314 4719 1547 4772 magnam
1615 4722 1786 4758 curam
1857 4709 1981 4777 gerit

413 4783 816 4855 Clu-ysostomus.
842 4817 914 4825 —
934 4788 1194 4853 Quantum
1239 4790 1552 4845 Gotthorum
1589 4793 1980 4850 Catholictirum

413 4880 866 4948 Coostantinopoli
901 4880 1202 4950 degentium
1229 4898 1408 4937 curam
1435 4897 1640 4955 gereret
1663 4885 1983 4957 Chrysosto-

415 4985 565 5033 nius,
621 4970 849 5024 vidimus
906 4987 1063 5039 supra
1119 4974 1183 5026 ad
1233 4991 1427 5048 annum
1473 4977 1580 5032 599
1617 4977 1814 5048 (Epist.
1865 4982 1976 5052 Μ).

411 5058 634 5113 Gotthos
674 5060 814 5113 'enim
866 5060 1191 5130 Scripturam
1241 5079 1445 5119 sacram
1489 5067 1732 5123 Gotthica
1783 5070 1977 5140 legere,

411 5149 770 5220 Gotthumque
790 5153 1151 5224 presbyterum
1181 5171 1238 5211 se
1260 5169 1519 5226 praesente
1543 5159 1786 5216 Gotthica
1805 5163 1979 5233 lingua

411 5242 712 5293 concionari
738 5241 914 5309 jussit,
957 5253 1012 5297 et
1046 5255 1164 5312 post
1189 5246 1332 5299 illum
1360 5247 1472 5316 ipse
1498 5248 1682 5304 Grmce
1707 5253 1981 5308 conciona-

413 5338 495 5381 tus
521 5341 622 5384 est.
666 5332 776 5387 Nec
814 5335 1072 5389 minorem
1113 5352 1291 5391 curam
1329 5341 1546 5407 gerebat
1585 5341 1901 5398 Gotthorum
1927 5346 1978 5399 in

413 5418 622 5472 Gotthia
683 5422 1002 5492 degentium.
1066 5425 1180 5480 Non
1241 5428 1309 5480 ita
1354 5430 1554 5498 pridem
1615 5432 1705 5484 illo
1764 5434 1982 5488 miserat

411 5509 466 5562 in
517 5513 821 5582 episcopum
883 5514 1125 5580 Unilam,
1186 5519 1353 5572 virum
1412 5521 1815 5588 admirandum;
1885 5526 1980 5580 sed

410 5599 630 5668 Marses,
657 5601 837 5656 Gotthi
865 5607 1131 5674 monachi,
1159 5608 1297 5677 apud
1323 5625 1456 5678 quos
1479 5610 1756 5680 Serapion,
1783 5615 1982 5684 episeo-

414 5707 510 5754 pus
541 5693 826 5760 Heraclea),
854 5706 1109 5766 perpetuo
1127 5700 1489 5765 delitescebat,
1520 5705 1977 5772 nuntiaveruntei,

407 5785 618 5839 Iamiam
648 5786 860 5854 obiisse,
891 5799 1166 5859 postquam
1206 5800 1349 5849 tanto
1376 5793 1623 5862 episcopo
1652 5797 1806 5866 digna
1831 5809 1977 5865 gesta

1560 387 1740 442 ΝυΝο
1782 387 2040 442 PRIMUM
2067 385 2461 440 ADOllN.\TA.

3540 390 3641 446 2‘38

2067 503 2295 571 plurima
2337 502 2594 556 ediderat.
2633 501 3066 572 Moduariumque
3101 503 3380 559 diaconum
3411 523 3640 570 venisse.

2061 594 2149 662 qui
2174 592 2224 646 id
2247 602 2572 656 narraverat,
2592 607 2653 645 ac
2675 594 2812 660 regis
2833 593 3146 648 Gotthorum
3172 596 3348 650 literas
3364 599 3641 664 all'ercbat,

2064 681 2296 751 petentis
2323 691 2380 733 ut
2405 683 2682 750 episcOpus
2704 682 2754 735 in
2777 682 3044 737 Gotthiam
3063 687 3379 740 mitteretur.
3409 688 3644 743 Metuens

2065 772 2240 840 itaque
2285 770 2698 840 Chrysostomus
2740 788 2808 826 ne
2843 774 3091 829 Arsacius
3137 786 3190 830 et
3227 777 3308 831 sui
3351 778 3442 832 illo
3466 781 3643 833 statim

2065 863 2375 932 episc0pum
2403 864 2694 928 mitterent,
2724 862 3087 936 Olympiadem
3117 885 3176 922 ea
3203 869 3269 924 de
3303 886 3360 924 re
3387 881 3565 926 monet
3592 872 3643 926 in

2066 954 2255 1007 eadem
2300 953 2523 1020 epistola
2551 953 2758 1008 decima
2801 965 3006 1024 quarta,
3049 965 3105 1009 ut
3147 959 3263 1011 illo;
3295 960 3550 1029 tantisper
3576 962 3646 1014 oh

2066 1044 2296 1097 hiemem
2342 1053 2679 1098 remoretur:
2710 1061 2881 1114 neque
2917 1047 3057 1100 enim
3086 1048 3172 1102 illa
3214 1058 3524 1118 tempestate
3554 1063 3648 1106 aut

2065 1134 2118 1188 in
2151 1135 2470 1204 Bosporum,
2517 1147 2607 1189 attt
2643 1138 2694 1190 in
2727 1137 2842 1190 illas
2873 1149 3049 1206 partes
3091 1140 3339 1209 navigare
3380 1151 3642 1210 poterant.

2069 1224 2181 1278 Duo
2213 1224 2358 1276 enim
2387 1225 2508 1278 inde
2536 1227 2672 1278 mala
2705 1238 3094 1295 consequutura
3122 1239 3292 1294 erant,
3332 1239 3386 1285 et
3409 1232 3547 1300 quod
3579 1233 3648 1287 ab

2067 1313 2171 1369 illis
2201 1315 2466 1370 ereandus
2500 1319 2780 1386 episcopus
2813 1320 2902 1373 ille
2925 1331 3091 1385 esset,
3121 1323 3208 1390 qui
3239 1332 3316 1377 tot
3352 1303 3490 1378 mala
3523 1341 3644 1394 per-

2067 1416 2428 1474 petrat-crant,
2459 1417 2510 1460 et
2549 1422 2576 1458 a
2608 1409 2798 1477 quibus
2825 1413 2991 1464 creari
3023 1412 3168 1466 nefas
3197 1423 3368 1478 esset;
3419 1424 3472 1468 et
3505 1414 3646 1484 quod

2069 1497 2137 1549 ah
2168 1498 2268 1552 illis
2294 1509 2588 1564 crearetur,
2621 1502 2710 1572 qui
2735 1504 3009 1572 probitatis
3033 1507 3288 1560 rationem
3319 1508 3515 1561 nullam
3549 1507 3645 1562 ha-

2069 1589 2273 1644 berent.
2299 1591 2488 1659 Operae
2518 1595 2740 1661 pretium
2768 1606 2942 1650 autem
2969 1595 3081 1651 fore
3107 1598 3251 1664 dicit,
3282 1601 3326 1654 si
3350 1600 3651 1656 Moduarius

2070 1682 2203 1736 clam
2234 1693 2287 1736 et
2317 1686 2434 1738 sine
2472 1685 2692 1753 strepitu
2721 1701 2779 1740 se
2807 1691 3090 1742 eonvenire
3114 1691 3296 1758 possit.

2141 1773 2270 1836 Quis
2309 1773 2528 1843 hujusce
2571 1775 2762 1843 negotii
2800 1777 2970 1831 exitus
3003 1777 3157 1832 fuerit
3192 1796 3406 1848 prorsus
3435 1781 3648 1851 ignora-

2073 1876 2232 1914 mus:
2278 1879 2397 1916 nam
2453 1865 2509 1918 in
2556 1865 2772 1933 epistola
2824 1883 3033 1934 quoque
3071 1870 3174 1923 9.06
3213 1871 3276 1922 ad
3319 1871 3647 1925 Tlteodulutu

2073 1952 2354 2008 diaconum
2379 1956 2540 2010 missa
2565 1955 2750 2009 media:
2769 1966 2821 2010 et
2842 1958 3147 2025 asperrima:
3183 1959 3368 2014 hiemis
3391 1970 3647 2030 tempore,

2075 2045 2219 2099 illum
2248 2046 2369 2102 huic
2395 2048 2610 2116 negotio
2635 2047 3008 2117 advigilantem
3046 2049 3284 2104 hortatur
3312 2059 3369 2105 ut
3397 2053 3558 2106 Deum
3587 2068 3649 2106 ea

2075 2139 2142 2194 de
2161 2153 2315 2192 causa
2335 2149 2599 2207 precetur,
2629 2147 2682 2192 et
2708 2155 2882 2194 moras
2914 2141 3048 2193 trahi
3073 2152 3240 2196 curet.
3264 2143 3343 2196 Ad
3367 2144 3651 2197 monachos

2076 2229 2301 2286 Gotthos
2346 2232 2398 2284 in
2437 2246 2562 2300 agro
2611 2231 2846 2284 Promoti
2889 2230 3143 2300 degentes
3183 2233 3370 2286 eodem
3417 2245 3657 2302 tempore

2077 2321 2354 2389 epistolam
2401 2322 2546 2374 misit
2587 2323 2711 2383 107,
2757 2323 2978 2390 illosque
3048 2322 3230 2376 beatos
3279 2323 3531 2392 prmdicat
3585 2324 3657 2378 ob

2078 2428 2343 2466 airumnas
2372 2423 2422 2467 et
2446 2415 2722 2468 molestias
2747 2415 2844 2468 sibi
2870 2416 3061 2478 illatas,
3091 2416 3339 2486 additque
3367 2417 3580 2486 prmmia
3601 2427 3658 2470 et

2078 2519 2303 2559 coronas
2335 2507 2454 2558 talia
2486 2508 2805 2573 patientibus
2823 2509 3084 2577 apparari.
3113 2508 3190 2562 Illi
3219 2523 3342 2563 vero
3361 2524 3519 2564 omne
3546 2518 3659 2562 stu-

2077 2595 2222 2650 dium
2269 2597 2608 2664 exhibebant,
2651 2607 2708 2652 ut
2753 2598 2932 2653 nullus
2977 2599 3029 2653 in
3078 2599 3300 2654 ecclesia
3342 2599 3656 2654 Gotthorum

2081 2687 2339 2741 tumultus
2359 2689 2606 2742 oriretur.
2634 2689 2956 2743 liortabatur
2975 2699 3150 2744 autem
3171 2690 3287 2743 illos
3316 2699 3373 2742 ut
3394 2689 3656 2758 negotitnn

2080 2788 2330 2849 quantum
2360 2790 2606 2849 poterunt
2634 2781 2930 2836 extrahant.
2961 2780 3056 2835 Hie
3080 2783 3218 2838 enim
3255 2796 3466 2856 semper
3490 2782 3662 2856 agitur

2081 2871 2148 2924 de
2172 2871 2291 2923 novi
2317 2870 2550 2940 episcopi
2579 2873 2868 2926 creatione.

2154 2961 2208 3015 In
2248 2961 2432 3016 eadem
2476 2963 2698 3032 epistola
2729 2965 2932 3017 decima
2979 2977 3162 3037 quarta
3203 2967 3272 3022 de
3299 2967 3496 3022 llilarin
3525 2984 3658 3038 quo-

2081 3053 2200 3107 dam
2229 3057 2480 3128 episeopo
2503 3056 2610 3129 agit
2634 3055 3046 3130 Chryscstomus
3069 3101 3083 3124 ,
3109 3059 3196 3128 qui
3223 3074 3249 3110 a
3278 3075 3336 3113 se
3362 3077 3456 3128 per
3476 3060 3657 3115 literas

2086 3147 2308 3220 petierat
2327 3155 2630 3206 tacultatem
2659 3152 2882 3208 abeundi
2916 3153 2964 3205 in
2988 3153 3251 3206 civitatem
3277 3168 3426 3205 suam
3452 3195 3466 3218 ,
3500 3153 3657 3222 polli-

2085 3243 2220 3296 citus
2240 3284 2255 3308 ,
2285 3244 2595 3313 compositis
2623 3243 2778 3297 rebus
2802 3284 2817 3309 ,
2852 3259 2910 3297 se
2929 3242 2994 3296 ad
3021 3245 3190 3312 ipsum
3221 3244 3657 3314 Chrysostmnmn

2085 3347 2422 3388 reversurum
2453 3349 2590 3388 esse.
2643 3333 2771 3401 Quia
2814 3350 2940 3387 vero
2981 3333 3094 3401 ejus
3124 3335 3404 3402 prmsentia
3433 3349 3535 3387 non
3563 3349 3659 3404 pa-

2087 3443 2202 3479 rum
2235 3425 2333 3495 ipsi
2360 3426 2505 3479 utilis
2534 3433 2666 3491 erat,
2695 3441 2815 3479 cum
2847 3427 2926 3478 vir
2947 3426 3062 3495 pius
3086 3434 3262 3491 esset,
3292 3425 3660 3495 constantique

2085 3532 2148 3570 ac
2174 3516 2378 3571 fervido
2401 3517 2598 3581 animo,
2628 3533 2747 3570 eum
2769 3515 3178 3586 Chrysostomus
3204 3515 3440 3570 hortatus
3466 3515 3657 3580 fuerat,

2086 3619 2140 3660 ut
2169 3618 2442 3676 postquam
2478 3608 2569 3660 illo
2594 3605 2859 3676 profectus
2896 3605 3112 3670 fuisset,
3143 3607 3318 3659 statim
3350 3605 3415 3659 ad
3441 3621 3499 3660 se
3526 3607 3665 3660 redi-

2087 3709 2200 3765 ret;
2229 3709 2389 3769 atque
2410 3699 2772 3770 Olympiadem
2801 3707 2950 3769 rogat
2969 3699 3057 3753 det
3085 3713 3323 3767 operam,
3357 3707 3414 3752 ut
3437 3699 3659 3769 epistola

2087 3808 2179 3846 sua
2210 3802 2261 3846 et
2289 3793 2536 3845 celeriter
2555 3800 2609 3846 et
2635 3801 2746 3846 tuto
2777 3793 2872 3861 ipsi
2903 3792 3188 3856 reddatur,
3223 3791 3362 3860 quod
3392 3793 3501 3861 ipse
3527 3809 3658 3862 quo-

2087 3899 2189 3952 que
2216 3884 2442 3937 Hilarius
2469 3882 2813 3952 pet-optabat:
2844 3885 2888 3938 si
2919 3899 3046 3937 vero
3069 3899 3171 3938 non
3202 3884 3333 3936 adsit
3365 3883 3658 3955 Olympiadi

2089 3975 2357 4028 llelladius
2383 3976 2675 4046 presbyter,
2709 3975 2795 4044 qui
2822 3975 3072 4044 epistolas
3095 3990 3216 4027 suas
3246 3975 3446 4038 reddat,
3481 3983 3663 4029 mouet

2088 4066 2230 4118 illam
2253 4075 2309 4118 ut
2336 4081 2430 4134 per
2444 4066 2672 4131 aliquem
2694 4065 3008 4136 prudentem
3033 4067 3200 4119 virum
3227 4067 3326 4120 illa:
3351 4065 3656 4120 reddantur.

2085 4157 2217 4210 Cum
2257 4157 2592 4211 Tillemonlio
2644 4167 2922 4226 putamus,
2977 4157 3115 4210 hunc
3161 4156 3415 4211 Hilarium
3448 4171 3568 4210 esse
3593 4157 3659 4210 de

2085 4263 2190 4315 quo
2233 4247 2347 4301 haec
2381 4249 2539 4302 verba
2584 4249 2782 4315 profert
2817 4247 3080 4301 Palladius
3110 4246 3352 4319 (Pallad.
3380 4246 3607 4317 Dialog)
3643 4265 3657 4301 :

2086 4338 2353 4403 Hilarius,
2398 4341 2472 4392 vir
2515 4350 2718 4391 sanctus
2752 4349 2800 4392 et
2838 4355 3026 4404 senex,
3074 4341 3127 4391 in
3169 4341 3398 4392 intintum
3439 4340 3659 4393 Pontum

2086 4430 2262 4501 pulsus
2286 4438 2355 4482 est
2379 4472 2392 4493 ,
2428 4430 2588 4500 plagis
2617 4431 2845 4483 concisus
2864 4472 2877 4492 ,
2911 4447 3008 4482 non
3035 4448 3066 4482 a
3080 4431 3273 4500 judice,
3305 4431 3392 4482 sed
3416 4447 3446 4482 a
3474 4430 3618 4485 Clero
3641 4445 3661 4483 :

2084 4526 2168 4594 qui
2189 4525 2358 4577 decem
2378 4535 2422 4576 et
2449 4534 2559 4575 octo
2576 4524 2757 4576 abhinc
2775 4523 2921 4575 annis
2947 4539 3127 4590 panem
3149 4538 3246 4576 non
3267 4523 3500 4593 gustavit,
3521 4523 3660 4575 olera

2083 4616 2194 4670 sola
2223 4625 2268 4668 et
2293 4619 2601 4684 frumentum
2629 4623 2821 4666 coctum
2842 4613 3010 4665 edens.

2154 4705 2350 4760 Pwanii
2393 4704 2583 4757 laudes.
2612 4732 2685 4744 -—
2727 4703 3012 4772 Epistolam
3057 4702 3182 4756 item
3211 4703 3422 4771 scripsit
3447 4701 3554 4757 204
3592 4701 3658 4758 ad

2084 4798 2352 4853 Paeanium
2379 4838 2394 4861 ,
2443 4797 2616 4850 virum
2659 4796 2834 4865 pium,
2882 4795 2981 4849 sibi
3015 4794 3433 4847 addictissitnum
3459 4835 3475 4859 ,
3519 4793 3657 4862 :equ't

2085 4890 2302 4958 verique
2327 4898 2614 4951 amantem,
2644 4886 2900 4954 dignitate
2932 4893 3291 4954 prmstantem,
3315 4885 3403 4954 qui
3437 4885 3659 4938 multum

2087 4978 2546 5046 Constantinopoli
2580 4985 2635 5031 et
2663 4978 2715 5030 in
2744 4976 2970 5045 Imperio
3000 4985 3108 5029 toto
3134 4984 3360 5046 poterat,
3392 4983 3447 5029 et
3474 4985 3659 5043 poten-

2086 5072 2156 5125 tia
2180 5085 2274 5125 sua
2300 5077 2358 5123 ut
2384 5068 2742 5123 Christianum
2768 5067 2989 5121 decebat
3015 5065 3276 5120 utebatur.
3305 5065 3507 5120 Laudat
3531 5080 3661 5119 vero

2086 5161 2232 5215 illum
2257 5178 2286 5216 a
2315 5161 2451 5225 zelo,
2479 5175 2508 5213 a
2531 5159 2795 5229 vigilantia
2820 5200 2835 5224 ,
2874 5158 2942 5212 ab
2967 5157 3128 5210 animi
3155 5157 3444 5221 laboribus,
3470 5171 3501 5210 a
3527 5155 3660 5210 ﬁdu-

2084 5253 2163 5305 cia
2185 5252 2494 5305 etlibertate
2519 5267 2619 5319 qua
2642 5249 2904 5318 epise0pis
2926 5250 3209 5313 restiterat,
3232 5263 3350 5301 cum
3373 5247 3424 5301 id
3450 5256 3658 5315 tempus

2085 5345 2417 5412 requireret,
2450 5342 2656 5394 tametsi
2685 5356 2804 5394 cum
2842 5339 3018 5394 debita
3048 5339 3445 5401 moderatione;
3485 5338 3658 5407 quod-

2085 5450 2186 5500 que
2207 5475 2222 5499 ,
2263 5448 2382 5485 cum
2422 5432 2507 5485 alii
2536 5431 2762 5499 fugerint
2783 5472 2798 5497 ,
2841 5430 2928 5482 alii
2957 5429 3170 5498 relegati
3196 5429 3337 5494 sint,
3378 5429 3488 5497 ipse
3514 5429 3658 5482 solus

2085 5536 2211 5587 stet,
2237 5525 2540 5594 nullumque
2566 5524 2767 5577 ordinis
2787 5524 3110 5578 desertorem
3141 5522 3251 5575 ﬁeri
3273 5522 3428 5586 sinat,
3460 5535 3658 5590 eosque

2087 5617 2242 5671 etiam
2269 5657 2283 5679 ,
2329 5615 2416 5684 qui
2465 5614 2883 5668 adversariorum
2933 5624 3108 5682 partes
3145 5612 3540 5681 sequebantur,
3585 5611 3653 5664 ad

2086 5722 2208 5761 suas
2238 5707 2367 5759 mira
2396 5705 2655 5759 suavitate
2677 5704 2933 5758 traducat.
2963 5701 3109 5756 Illum
3134 5717 3264 5756 vero
3293 5701 3410 5754 ideo
3429 5701 3658 5754 maxime

2091 5798 2358 5862 celebrat,
2390 5795 2530 5866 quod
2559 5796 2609 5850 iu
2644 5811 2748 5850 uno
2783 5794 3101 5851 constitutus
3125 5793 3240 5848 loco
3266 5792 3498 5846 universi
3523 5806 3657 5861 pene
