4096 6392
425 366 530 422 959

425 491 686 533 terrarum
709 479 850 534 orbis
871 495 1049 535 curam
1075 489 1240 552 gerat,
1267 480 1564 536 Palmstinae
1590 497 1715 535 vero
1747 497 1992 544 maxime,

426 569 708 624 I‘hmuieizc
737 581 790 624 et
815 570 1032 625 Cilicia.
1085 572 1347 640 Additque
1376 572 1682 626 Palaestinos
1708 580 1763 627 et
1787 573 2024 627 Phanii»

421 676 511 717 ces
533 662 699 716 virum
730 662 796 716 ab
824 663 1142 717 adversariis
1181 665 1402 717 missum
1430 704 1444 728 ,
1476 679 1664 732 nempe
1701 665 1995 731 Arsacium,

425 769 528 807 non
570 754 886 819 admisisse;
930 755 980 808 in
1010 753 1192 810 Cilicia
1225 771 1350 810 vero
1373 757 1651 826 episcopos
1680 756 1997 809 Tarsensem

423 855 476 900 et
507 847 786 916 {Egensem
817 864 844 901 a
892 848 1129 916 partibus
1165 847 1374 901 illorum
1420 857 1561 902 stare
1585 889 1599 913 ,
1635 856 1793 916 atque
1819 857 1875 901 ut
1898 862 2021 900 au--

422 939 591 994 dierat
631 941 744 1011 ipse
783 940 849 994 ab
889 940 1060 994 amico
1102 955 1199 995 suo
1224 982 1236 1002 .
1279 942 1528 1011 episcopo
1577 941 1994 1007 Castabalorum,

421 1033 565 1102 ipsos
586 1047 613 1084 a
640 1032 1232 1101 Constantinopolitanis
1252 1032 1367 1102 cogi
1397 1044 1452 1086 ut
1488 1033 1693 1087 illorum
1736 1031 1996 1101 iniquitati

426 1124 808 1176 assentirentur
832 1162 847 1187 ,
885 1122 979 1178 sed
1007 1122 1218 1176 interim
1248 1131 1425 1177 tamen
1449 1124 1718 1176 resistere.
1746 1121 1998 1176 Hortatur

421 1230 582 1283 porro
621 1215 706 1268 ille
736 1215 1000 1268 P.-t.-aniunt
1019 1256 1032 1279 ,
1060 1223 1116 1268 ιιι
1140 1214 1356 1268 multum
1385 1213 1752 1268 sollicitudinis
1781 1224 1832 1268 et
1859 1212 1995 1282 vigi-

423 1304 599 1358 lantia:
637 1305 916 1370 adhibeat,
948 1320 1053 1374 quo
1081 1303 1203 1359 huic
1234 1305 1391 1359 etiam
1419 1305 1554 1374 parti
1594 1304 1882 1359 remedium
1914 1305 1993 1357 af-

423 1395 578 1459 ferat,
603 1408 654 1450 et
675 1397 738 1450 ad
761 1397 1134 1451 consobrinum
1157 1411 1306 1450 suum
1329 1395 1665 1451 Theodorum
1687 1397 1992 1465 episcOpum

422 1487 621 1541 scribat
652 1505 664 1540 :
693 1488 780 1557 qui
824 1488 1032 1541 videtur
1077 1503 1196 1542 esse
1241 1487 1550 1542 Theodorus
1596 1488 1992 1557 Mopsuestenus

421 1577 639 1632 Joannis
684 1594 754 1633 no
786 1579 903 1631 tria
937 1593 1100 1648 puero
1139 1579 1358 1633 amicus.
1402 1578 1732 1634 Pharetrium
1781 1577 1991 1644 deinde,

422 1666 800 1722 Czesariensem
824 1669 1149 1738 episcOpum,
1180 1677 1392 1722 revocat
1413 1670 1464 1722 in
1492 1669 1820 1731 memoriam,
1843 1670 1993 1736 cujus

424 1757 600 1826 iniqua
658 1759 708 1811 itt
755 1756 1187 1828 Chrysostomum
1230 1767 1377 1827 gesta
1426 1760 1668 1828 superius
1719 1759 1991 1812 vidimus:

421 1863 540 1918 quae
567 1859 711 1902 certe
753 1849 951 1902 nullam
993 1850 1194 1903 veniam
1226 1849 1581 1903 merebantur.
1613 1850 1681 1903 At
1718 1864 1837 1903 eum
1876 1865 1995 1918 pre-

421 1941 620 2011 sbyteri
642 1944 755 2009 ejus
784 1949 836 1993 et
863 1941 1047 1996 Clerus
1063 1941 1234 1994 omnis
1260 1956 1354 2010 pro
1373 1940 1753 2012 Chrysostomo
1769 1949 1989 2005 starent,

421 2047 488 2086 ne
527 2046 628 2101 qua
676 2032 797 2085 hinc
825 2031 1088 2086 dissensio
1117 2033 1380 2094 oriretur,
1426 2033 1691 2086 Patauium
1731 2033 1988 2097 hortatur,

420 2131 477 2174 ut
508 2121 794 2190 prudenter
816 2137 910 2190 pro
939 2137 1087 2177 more
1107 2137 1202 2177 suo
1219 2138 1338 2176 cum
1358 2122 1459 2176 illis
1483 2130 1622 2192 agat,
1641 2130 1695 2178 et
1718 2121 1993 2177 Pharetrio

419 2213 580 2274 dicat,
611 2211 868 2267 Joannem
890 2213 1155 2268 audivisse
1187 2214 1326 2283 quod
1355 2214 1467 2282 ipse
1494 2214 1801 2269 Pharctrius
1826 2215 1992 2269 multo

421 2302 489 2357 de
515 2303 577 2356 iis
602 2319 718 2372 qute
747 2304 1047 2358 acciderant
1069 2304 1252 2358 dolore
1278 2303 1579 2359 afficeretur
1598 2346 1614 2370 ,
1646 2320 1708 2359 ac
1737 2320 1795 2359 se
1839 2320 1992 2374 para-

423 2403 532 2445 tum
559 2407 676 2446 esse
699 2392 839 2446 dicat
863 2393 929 2447 ad
962 2394 1169 2463 quidvis
1201 2395 1502 2464 patiendum
1529 2436 1541 2454 ,
1585 2405 1640 2448 ut
1668 2411 1728 2450 ea
1759 2412 1874 2464 qua:
1902 2411 1994 2450 ne-

423 2481 554 2536 farie
573 2491 687 2536 acta
713 2481 920 2536 fuerant
941 2484 1308 2538 emendentur.
1351 2486 1436 2538 Ait
1462 2484 1688 2554 denique
1713 2502 1770 2539 se
1795 2487 1995 2554 optime

421 2571 600 2626 valere
623 2612 638 2637 ,
685 2587 747 2626 ac
778 2572 1120 2629 vehementer
1141 2585 1323 2644 optare
1349 2585 1403 2629 ut
1424 2575 1538 2645 ejus
1567 2591 1855 2646 congressu
1895 2578 1993 2632 frui

423 2660 611 2729 possit.

489 2750 622 2806 Cum
670 2751 942 2808 didicisset
982 2755 1129 2808 illum
1177 2752 1670 2827 Constantinopolin
1723 2775 1992 2814 reversum

421 2861 559 2911 esse,
586 2847 879 2916 gratulandi
908 2863 1063 2903 causa
1085 2851 1356 2918 epistolam
1385 2851 1481 2920 ipsi
1507 2851 1646 2906 misit
1670 2853 1802 2918 2'20;
1833 2869 1995 2922 seque

419 2938 548 2994 dicit
583 2939 692 3009 jam
733 2955 838 2993 non
887 2939 938 2993 in
986 2941 1263 3010 peregrina
1307 2944 1520 3012 regione
1549 2945 1747 2998 versari
1785 2953 1991 3014 putare,

422 3032 794 3101 voluptateque
821 3031 1103 3100 perfundi,
1150 3049 1254 3087 non
1285 3035 1423 3104 quod
1454 3036 1681 3106 dignitas
1713 3039 1788 3090 illi
1828 3039 1997 3107 major

420 3122 665 3192 obtigerit
697 3140 710 3176 :
738 3122 1042 3192 dignitatem
1063 3125 1204 3178 enim
1233 3125 1346 3194 ejus
1373 3141 1492 3181 esse
1511 3129 1698 3181 anima:
1725 3129 1993 3194 virtutem,

422 3228 540 3282 qute
566 3229 850 3284 numquam
881 3216 976 3285 ipsi
1007 3216 1200 3271 auferri
1241 3218 1441 3286 possit;
1475 3236 1635 3289 seque
1674 3221 1792 3275 ideo
1819 3223 1996 3276 exsul—

425 3317 538 3360 tare
565 3307 704 3376 quod
727 3307 842 3378 ejus
869 3309 1068 3362 reditus
1095 3325 1337 3378 magnam
1373 3310 1558 3366 afferat
1579 3315 1995 3368 consolationem

424 3398 489 3451 iis
515 3399 602 3467 qui
631 3399 977 3466 vexabantur,
1008 3401 1402 3469 torquebantur,
1424 3403 1475 3456 in
1503 3404 1707 3458 vincula
1749 3406 1996 3474 conjicie-

425 3489 614 3543 bantur
635 3531 650 3554 ,
678 3489 767 3558 qui
787 3489 854 3544 ad
883 3491 1027 3544 illum
1057 3498 1320 3561 tamquam
1350 3491 1416 3546 ad
1444 3492 1755 3547 latissimum
1787 3505 1996 3563 portum

424 3580 749 3649 confugient.
792 3581 964 3634 Aliam
991 3596 1202 3651 quoqtte
1229 3582 1440 3636 Pteanio
1463 3585 1737 3653 epistolam
1765 3585 1835 3639 95
1859 3585 1994 3640 scri-

423 3673 532 3741 psit
556 3711 571 3735 ,
618 3671 767 3741 cujus
814 3681 1023 3741 tempus
1067 3689 1138 3742 ne,
1159 3673 1462 3743 conjectura
1489 3675 1702 3744 quidem
1741 3676 1997 3746 assignari

425 3770 618 3833 potest.
653 3762 782 3816 Cutn
810 3771 984 3816 autem
1015 3762 1300 3818 adversarii
1327 3765 1442 3832 ejus
1470 3765 1698 3820 maxime
1723 3768 1993 3833 saevirent,

423 3855 663 3923 aliosque
689 3855 801 3908 dire
823 3863 1106 3920 vexarent,
1138 3857 1303 3926 magis
1326 3857 1582 3927 lugendus
1610 3873 1727 3912 esse
1747 3859 1877 3913 dicit
1903 3875 1996 3914 eos

422 3949 514 4017 qui
537 3948 667 4000 mala
697 3948 992 4017 hujusmodi
1028 3947 1311 4014 inferrent,
1341 3965 1496 4018 quam
1528 3951 1614 4020 qui
1643 3960 1952 4019 paterentur
1980 3968 1993 4005 :

429 4040 509 4092 his
533 4039 673 4093 enim
695 4053 920 4094 coronas
944 4081 958 4105 ,
990 4039 1090 4093 illis
1119 4039 1376 4108 supplicia
1406 4043 1599 4110 parari.
1627 4043 1823 4096 Deinde
1851 4052 1997 4112 rogat

424 4129 492 4186 de
521 4129 819 4184 valetudine
843 4145 936 4184 sua
965 4131 1244 4185 certiorem
1276 4148 1332 4186 se
1364 4133 1537 4186 faciat.

496 4221 879 4292 Cltrysostomus
917 4223 1060 4277 exsul
1081 4226 1243 4294 gregis
1288 4224 1369 4278 sui
1404 4242 1575 4278 curam
1606 4227 1826 4296 gerit.—
1852 4226 2000 4281 Licet

424 4325 598 4368 autem
641 4315 790 4368 exsul
834 4323 887 4368 et
929 4313 1384 4385 Constantinopoli
1436 4320 1618 4386 procul
1662 4328 1839 4382 esset,
1893 4335 1996 4372 non

426 4406 685 4458 minorem
717 4414 890 4460 tamen
918 4405 1015 4460 sibi
1045 4406 1318 4460 commissi
1344 4409 1516 4476 gregis
1543 4424 1723 4462 curam
1753 4409 1990 4478 gerebat,

426 4493 845 4565 advigilabatque
890 4505 945 4549 ut
990 4497 1280 4568 presbyteri
1325 4507 1379 4550 et
1419 4497 1602 4553 Clerus
1631 4499 1729 4552 sibi
1757 4500 1998 4554 addictus

425 4603 522 4640 suo
554 4589 894 4658 fungerentur
931 4589 1124 4644 officio.
1175 4590 1254 4644 Ad
1294 4590 1628 4645 Theodorum
1668 4593 1906 4648 scribens
1933 4593 1999 4647 de

427 4679 739 4750 negligentia
770 4678 984 4735 Salustii
1020 4683 1315 4752 presbyteri
1353 4685 1594 4752 queritur
1622 4683 1812 4755 (Epist.
1844 4683 1994 4756 210),

425 4786 582 4841 quem
616 4772 910 4826 nuntiatum
941 4772 1039 4826 sibi
1073 4771 1240 4827 fuerat
1267 4775 1350 4828 vix
1391 4776 1622 4845 quinque
1665 4776 1905 4830 homilias
1931 4776 1998 4830 ad

426 4861 670 4917 Octobris
717 4878 883 4932 usque
925 4878 1161 4917 mensem
1213 4865 1459 4919 habuisse
1489 4884 1501 4919 :
1530 4874 1686 4935 atque
1727 4866 1898 4934 ipsum
1944 4873 2001 4920 et

428 4953 774 5023 Theophilum
803 4955 1167 5026 presbyterum
1191 4996 1204 5018 ,
1233 4955 1457 5010 alterum
1484 4973 1547 5009 ex
1579 4958 1820 5027 pigritia,
1861 4957 1996 5011 alte-

428 5059 544 5097 rum
585 5060 694 5114 pra:
733 5055 873 5100 metu
901 5046 968 5099 ad
995 5045 1279 5100 Collectam
1321 5063 1423 5100 nou
1461 5049 1662 5102 venire.
1713 5047 1998 5102 Salustium

427 5149 556 5188 vero
595 5135 830 5190 maxime
869 5135 1098 5189 amicum
1142 5150 1294 5188 suum
1328 5146 1399 5200 ,ιιι
1439 5138 1781 5190 vehementer
1806 5138 2000 5191 excitet

429 5233 674 5292 precatur
711 5242 724 5277 :
763 5225 814 5277 in
842 5235 982 5278 tanta
1025 5225 1165 5278 enim
1198 5241 1372 5279 rerum
1416 5236 1727 5295 tempestate
1752 5241 1998 5296 magnam

427 5316 678 5371 exhibere
723 5316 1082 5372 fortitudinem
1111 5329 1164 5372 et
1201 5319 1518 5388 vigilantiam
1561 5330 1806 5390 oportere
1851 5320 1996 5374 dicit.

431 5407 627 5461 Eadem
654 5407 720 5461 de
743 5421 901 5461 causa
927 5407 992 5462 ad
1021 5408 1368 5478 Theophilum
1397 5411 1761 5480 presbyterum
1795 5412 1998 5479 episto-

433 5498 536 5551 lats'.
564 5496 670 5551 212
695 5498 876 5563 misit,
920 5512 981 5551 se
1014 5513 1351 5569 summopere
1392 5501 1626 5556 doluisse
1667 5501 1992 5572 significans,

428 5588 564 5656 Quod
610 5589 698 5641 ille
725 5598 777 5643 et
806 5589 1067 5643 Salustius
1092 5605 1212 5643 raro
1239 5590 1303 5644 ad
1331 5589 1619 5646 Collectam
1659 5593 1996 5659 accederent,

429 5690 484 5730 ut
508 5679 606 5733 sibi
633 5678 829 5733 dictum
853 5679 1021 5734 fuerat
1050 5697 1062 5733 :
1091 5680 1133 5734 si
1159 5695 1242 5734 res
1268 5697 1419 5736 secus
1442 5699 1497 5736 se
1526 5681 1743 5737 haberet
1767 5725 1782 5749 ,
1818 5685 1867 5738 id
1898 5685 1999 5738 sibi

429 5773 736 5834 nuntiaret;
779 5771 860 5825 sin
910 5785 1088 5826 verum
1131 5783 1309 5837 esset,
1344 5773 1711 5844 negligentiam
1739 5775 1996 5829 emenda-

1485 371 1542 427 S.
1581 368 1859 426 JOANNIS
1895 367 2372 426 (.HRYSOSTOMI
2411 369 2591 436 VlTA,

3537 437 3546 441 ρ
3573 371 3678 426 sto

2109 492 2213 536 ret.
2262 483 2342 538 Ad
2389 483 2673 539 Salustium
2712 484 2903 539 deinde
2941 484 3215 553 epistolam
3244 485 3386 540 misit
3409 483 3514 542 20'5
3537 530 3552 552 ,
3590 491 3675 544 ubi

2105 575 2289 630 eadem
2320 576 2432 631 fere
2453 579 2662 645 repetit,
2697 577 2867 646 ipsum
2895 592 3087 646 nempe
3115 577 3179 631 ad
3207 577 3487 632 Octobrem
3511 595 3675 650 usque

2103 681 2340 720 mensem
2393 668 2634 720 homilias
2675 669 2904 736 quinque
2947 675 3148 720 tantum
3184 666 3469 734 habuisse,
3499 669 3674 725 Theo-

2105 757 2306 826 philum
2337 773 2464 813 vero
2512 759 2708 812 nullam
2741 776 2754 812 :
2784 773 2852 810 an
2879 757 2930 812 id
2965 773 3150 813 verum
3195 761 3302 824 sit,
3351 759 3454 815 sibi
3484 762 3674 816 iudicet

2102 859 2284 918 rogat;
2328 859 2382 903 et
2423 850 2467 904 si
2510 865 2596 904 res
2642 851 2711 903 ita
2756 866 2814 903 se
2853 849 3079 916 habeat,
3125 860 3346 920 uterque
3370 852 3672 920 diligentius

2102 953 2215 992 rem
2245 948 2366 1008 agat
2391 958 2404 994 :
2437 940 2561 1004 Quis
2586 939 2715 993 enim
2735 981 2750 1006 ,
2781 940 2982 1009 inquit,
3014 941 3134 994 illos
3159 942 3301 994 venia
3333 942 3510 1012 dignos
3547 959 3665 996 cen-

2101 1037 2244 1094 seat,
2283 1030 2371 1100 qui
2403 1029 2523 1082 dum
2557 1030 2646 1082 alii
2682 1040 2925 1083 vexantur
2951 1038 2997 1084 et
3024 1031 3076 1084 in
3115 1033 3346 1084 exsilium
3387 1032 3668 1097 mittuntur,

2101 1135 2256 1188 neque
2277 1119 2543 1190 praesentia
2584 1136 2738 1189 neque
2778 1121 3008 1174 doctrina
3035 1138 3130 1174 sua
3170 1122 3354 1190 papula
3383 1132 3672 1192 tempestate

2091 1209 2284 1278 jactato
2313 1225 2403 1276 pro
2429 1209 2560 1262 virili
2589 1226 2876 1263 succurrere
2893 1210 3136 1264 student?

2170 1300 2247 1353 Ad
2293 1299 2599 1355 Severinatn
2645 1313 2699 1356 et
2740 1303 3016 1355 Romulam
3055 1301 3513 1370 Constantinopoli
3553 1316 3668 1357 rer-

2099 1403 2276 1446 santes
2300 1432 2314 1456 ,
2343 1393 2619 1460 epistolam
2659 1393 2801 1445 misit
2825 1392 2930 1447 219
2961 1411 2974 1446 :
2997 1408 3126 1462 quas
3150 1409 3216 1447 ex
3235 1393 3483 1447 diuturno
3509 1392 3668 1446 silen-

2099 1481 2173 1533 tio
2197 1495 2417 1549 carpere
2445 1496 2547 1533 non
2588 1482 2779 1546 audet,
2813 1483 2904 1536 sed
2937 1484 3054 1550 quia
3084 1483 3326 1537 fortassis
3350 1497 3416 1536 ex
3441 1482 3662 1537 tabella-

2097 1571 2295 1625 riorum
2321 1571 2537 1641 penuria
2556 1587 2616 1627 se
2641 1573 2888 1640 epistolas
2909 1574 3118 1627 mittere
3137 1588 3240 1627 non
3269 1588 3425 1642 posse
3453 1573 3668 1628 dictura:

2099 1671 2269 1726 erant,
2299 1661 2580 1716 Salustium
2611 1663 2707 1716 sibi
2737 1662 3020 1716 admodum
3051 1663 3302 1720 dilectum
3329 1663 3545 1730 indicat,
3577 1665 3666 1733 qui

2097 1753 2162 1807 ad
2182 1769 2297 1807 eam
2328 1769 2440 1808 rem
2471 1755 2596 1823 ipsis
2625 1770 2779 1824 opem
2802 1753 2944 1810 ferre
2967 1754 3436 1822 possit.Valentino
3456 1771 3664 1824 quoque

2096 1846 2307 1914 scripsit
2327 1845 2602 1914 epistolam
2622 1846 2733 1899 217
2760 1864 2773 1899 :
2803 1862 2959 1916 quem
2980 1847 3176 1912 laudat,
3195 1847 3334 1917 quod
3358 1847 3422 1901 ad
3453 1847 3664 1902 ferenda

2096 1937 2414 2006 pauperibus
2459 1936 2690 1991 subsidia
2745 1939 2813 1991 sit
2857 1953 3068 2007 semper
3105 1947 3336 2008 paratus.
3381 1939 3512 2006 Quia
3541 1955 3666 1994 vero

2097 2027 2427 2080 Domitianus
2473 2027 2750 2098 presbyter
2770 2069 2783 2093 ,
2814 2030 2895 2082 cui
2926 2031 3264 2083 commiserat
3297 2029 3528 2085 Joannes
3570 2045 3660 2084 no-

2097 2127 2206 2172 ster
2227 2129 2284 2171 ut
2311 2118 2584 2173 viduarum
2613 2129 2666 2173 et
2710 2120 2967 2186 virginum
3005 2135 3182 2175 curam
3215 2132 3457 2191 gereret,
3503 2124 3665 2191 signi-

2099 2209 2346 2263 ficaverat
2376 2209 2473 2280 ipsi
2497 2251 2509 2275 ,
2538 2209 2654 2262 illas
2675 2209 2815 2264 fame
2839 2211 3041 2276 vexari,
3073 2210 3138 2264 ad
3169 2210 3504 2265 Valentinum
3532 2227 3664 2267 con-

2096 2299 2226 2370 fugit
2253 2300 2698 2371 Chrysostomus,
2747 2301 2996 2370 illumque
3041 2303 3286 2358 obsecrat
3309 2313 3364 2358 et
3403 2313 3558 2370 orat,
3609 2315 3664 2358 ut

2098 2390 2396 2444 Domitiano
2415 2391 2605 2445 auxilia
2630 2391 2871 2447 conferat
2896 2434 2911 2458 ,
2940 2393 3194 2464 additque
3217 2408 3302 2460 ea,
3330 2409 3448 2463 quae
3478 2395 3528 2447 in
3561 2405 3663 2447 tam

2095 2483 2239 2552 gravi
2273 2493 2581 2552 tempestate
2605 2499 2666 2539 ac
2694 2485 2920 2553 procella
2948 2497 3233 2555 erogantur
3251 2526 3266 2550 ,
3316 2485 3500 2554 majori
3527 2499 3666 2538 nier-

2097 2574 2228 2628 cede
2253 2574 2458 2629 donari.
2501 2575 2753 2630 Precatur
2799 2579 2955 2630 etiam
2995 2585 3052 2630 ut
3077 2576 3141 2629 ad
3167 2591 3226 2631 se
3253 2577 3484 2639 scribat,
3527 2575 3664 2644 quod

2099 2666 2223 2720 huic
2269 2667 2511 2735 petitioni
2553 2667 2816 2720 annuerit.
2861 2666 3224 2738 Chrysostomi
3275 2667 3519 2736 precibus
3565 2682 3663 2719 an-

2098 2759 2276 2813 nuisse
2306 2758 2510 2813 videtur
2537 2759 2843 2814 Valentinus
2872 2776 2886 2814 :
2917 2777 3036 2812 nam
3059 2760 3108 2812 in
3134 2761 3353 2828 epistola
3383 2761 3445 2813 41
3475 2801 3489 2822 ,
3520 2770 3668 2828 post-

2098 2867 2256 2920 quam
2284 2852 2489 2906 dixerat
2514 2869 2571 2906 se
2595 2851 2732 2908 hanc
2761 2853 2964 2907 tertiam
2983 2853 3258 2921 epistolam
3281 2853 3507 2917 misisse,
3539 2867 3657 2906 cum

2100 2943 2214 3012 ipse
2244 2945 2438 2997 nullam
2481 2960 2512 2998 a
2534 2944 2814 2999 Valentino
2839 2946 3135 3012 acceperit,
3173 2944 3384 3012 adjicit,
3415 2958 3473 2998 se
3502 2943 3664 3013 probe

2099 3036 2234 3088 scire
2259 3052 2414 3102 eum,
2447 3037 2536 3106 qui
2579 3036 2760 3090 literas
2797 3051 2922 3089 suas
2950 3036 3150 3101 attulit,
3197 3050 3316 3089 cum
3362 3035 3560 3088 honore
3596 3034 3664 3086 ah

2099 3129 2189 3182 illo
2217 3139 2493 3198 exceptum
2523 3130 2704 3190 fuisse.
2729 3139 2782 3184 et
2807 3131 2858 3183 iu
2887 3129 2950 3182 iis
2978 3129 3152 3190 rebus,
3181 3142 3297 3198 qua:
3323 3141 3476 3196 opem
3503 3127 3666 3195 ipsius

2101 3223 2478 3292 requirebant,
2509 3238 2626 3292 quae
2651 3236 2862 3276 suarum
2891 3223 3115 3289 partium
3143 3230 3291 3274 erant
3316 3218 3621 3288 przestitisse
3649 3235 3662 3270 :

2099 3312 2167 3366 de
2195 3321 2390 3367 caetero
2418 3313 2659 3368 obsecrat
2683 3323 2734 3367 et
2763 3312 2996 3380 pluribus
3022 3320 3261 3380 precatur
3290 3317 3346 3362 ut
3369 3309 3544 3364 literas
3563 3308 3664 3362 sibi

2099 3403 2309 3457 mittere
2335 3418 2438 3456 non
2461 3403 2686 3457 desinat.
2730 3402 2861 3456 Cum
2891 3417 3048 3470 porro
3084 3401 3388 3455 Valentinus
3416 3401 3465 3453 in
3495 3399 3662 3452 hono-

2100 3495 2175 3548 ris
2223 3494 2441 3563 gradum
2489 3495 2792 3564 quempiam
2839 3503 3054 3549 evectus
3100 3493 3322 3558 fuisset,
3372 3507 3542 3561 neque
3611 3492 3660 3545 id

2099 3586 2481 3653 Chrysostomo
2521 3601 2614 3655 per
2655 3587 2836 3640 literas
2882 3587 3207 3649 nuntiasset,
3250 3585 3523 3652 epistolam
3566 3583 3663 3651 ipsi

2101 3682 2205 3737 116
2237 3679 2468 3748 scripsit,
2507 3690 2663 3748 atque
2689 3679 2953 3747 redarguit
2979 3679 3154 3740 illum,
3189 3675 3327 3745 quod
3354 3690 3464 3730 rem
3495 3685 3667 3728 tanto-

2101 3791 2228 3846 pere
2256 3775 2354 3828 sibi
2387 3783 2590 3843 gratam
2634 3771 2701 3824 ab
2728 3771 2846 3824 aliis
2880 3771 3085 3824 discere
3127 3783 3310 3838 passus
3353 3769 3455 3833 sit,
3493 3782 3663 3834 neque

2099 3867 2199 3922 sibi
2249 3864 2542 3935 scripserit.
2592 3862 2784 3916 Veram
2825 3860 3036 3930 quidem
3064 3859 3369 3928 dignitatem
3401 3871 3518 3911 esse
3539 3856 3667 3909 dicit

2099 3960 2289 4012 animm
2323 3958 2567 4011 virtutem
2591 3995 2605 4019 ,
2638 3954 2730 4008 sed
2759 3955 2878 4023 quia
2914 3954 3026 4022 ipse
3057 3950 3234 4004 mundi
3277 3948 3565 4002 honoribus
3597 3947 3663 4000 ad

2101 4050 2374 4102 utilitatem
2404 4047 2543 4100 illius
2582 4045 2656 4098 uti
2701 4045 2998 4108 didicerat,
3043 4056 3145 4110 quo
3186 4039 3450 4110 potentior
3474 4039 3660 4102 evasit,

2099 4157 2163 4197 eo
2189 4141 2342 4194 latior
2366 4147 2547 4209 portus
2572 4138 2848 4207 egentibus
2870 4133 3148 4188 efficietur.

2171 4231 2442 4302 Philippus
2482 4239 2535 4285 et
2580 4228 2894 4299 Euthymius
2940 4223 3236 4294 presbyteri
3279 4222 3472 4277 scholis
3513 4222 3659 4275 Con-

2099 4323 2435 4392 stantinopoli
2465 4331 2757 4392 prteerant;
2784 4333 3009 4388 cumque
3037 4333 3095 4372 ea
3122 4359 3137 4382 ,
3174 4331 3274 4386 qua
3302 4316 3558 4378 decebat,
3583 4315 3665 4367 di-

2099 4416 2253 4470 cendi
2283 4415 2525 4468 libertate
2554 4413 2632 4466 usi
2663 4411 2918 4474 fuissent,
2962 4424 3030 4463 ex
3076 4406 3272 4462 scholis
3307 4405 3459 4475 cjecti
3489 4404 3660 4459 fuere.

2100 4507 2506 4578 Chrysostomus
2546 4520 2672 4559 vero
2714 4502 2962 4572 epistolas
3004 4500 3216 4570 scripsit
3251 4499 3359 4555 215
3398 4498 3661 4568 Philippo,

2099 4598 2204 4652 218
2249 4596 2554 4666 Euthymio.
2607 4594 2904 4663 Philippum
2949 4606 3076 4646 vero
3122 4590 3328 4660 arguit,
3375 4587 3516 4658 quod
3561 4588 3660 4642 sibi

2102 4689 2279 4742 literas
2315 4703 2419 4741 non
2462 4687 2696 4751 miserit;
2739 4695 3017 4753 utrumque
3042 4685 3381 4745 consolatur,
3429 4682 3562 4735 hanc
3581 4681 3662 4750 ja-

2101 4786 2304 4831 cturam
2355 4777 2536 4831 dicens
2581 4777 2630 4828 in
2683 4775 2942 4828 mercedis
2986 4775 3160 4828 locum
3210 4773 3390 4826 haberi
3442 4772 3681 4845 debere“

2102 4866 2362 4920 Plurimas
2388 4881 2517 4919 vero
2545 4864 2677 4917 alias
2701 4863 2915 4931 scripsit
2942 4863 3192 4931 epistolas
3221 4862 3285 4915 ad
3330 4863 3662 4932 presbyteros

2101 4961 2354 5017 Severum
2384 4959 2508 5021 101,
2541 4957 2788 5012 Acacium
2815 4955 2940 5021 208,
2966 4955 3331 5010 Sebastianum
3359 4952 3487 5015 2H,
3514 4952 3665 5006 Pela-

2099 5055 2243 5124 gium
2277 5052 2382 5106 215
2401 5091 2416 5117 ,
2443 5049 2776 5104 salutationis
2805 5057 3005 5101 tantum
3034 5055 3088 5100 et
3111 5046 3355 5098 amicitite
3378 5045 3527 5113 signa
3556 5059 3664 5112 pra!

2102 5161 2160 5198 se
2203 5143 2470 5205 ferentes;
2523 5155 2692 5208 neque
2749 5138 2946 5208 percipi
2995 5144 3168 5203 potest
3219 5135 3368 5201 cuius
3414 5134 3664 5187 Ecclesia:

2102 5235 2392 5304 presbyteri
2411 5240 2603 5284 essent.
2623 5226 2941 5298 Symmacho
2957 5235 3132 5279 autem
3151 5226 3459 5296 presbytero
3474 5223 3662 5292 {Epish

2101 5323 2192 5394 45)
2217 5364 2233 5389 ,
2258 5322 2346 5392 qui
2377 5321 2530 5390 longo
2561 5318 2837 5372 intervallo
2863 5333 2893 5370 a
2922 5332 2979 5370 se
3014 5317 3277 5383 distabat,
3323 5325 3376 5369 et
3415 5316 3664 5367 a-ruumis

2104 5414 2504 5486 Opprimehatur
2529 5453 2542 5476 ,
2587 5412 2700 5465 haec
2744 5410 3120 5464 consolationis
3157 5410 3318 5462 verba
3354 5407 3480 5460 dicit
3513 5425 3524 5458 :
3552 5405 3663 5457 Non

2104 5522 2294 5559 novum
2319 5515 2374 5558 et
2399 5511 2782 5572 przeposterum
2808 5516 2926 5555 esse
2949 5541 2963 5563 ,
3001 5501 3044 5552 si
3081 5501 3125 5552 is
3147 5500 3234 5566 qui
3265 5507 3540 5566 angustum
3569 5495 3666 5546 iter

2105 5604 2248 5648 tenet
2277 5603 2562 5662 prematur,
2589 5592 2682 5646 sed
2713 5592 2811 5644 iter
2842 5589 3138 5658 hujusmodi
3168 5588 3234 5642 ad
3259 5600 3502 5650 coronas,
3534 5599 3664 5653 pra:-

2104 5685 2206 5738 mia
2233 5695 2284 5738 et
2308 5694 2504 5736 mtcrna
2527 5683 2661 5736 bona
2691 5681 2904 5734 ducere.

2178 5774 2493 5844 Olympiadis
2537 5773 2693 5826 animi
2735 5773 2964 5840 ﬁrmitas.
2990 5800 3060 5810 —
3102 5769 3408 5840 Olympias,
3463 5785 3582 5841 quae
3607 5771 3676 5826 de
