4096 6392
345 379 442 436 9-H

347 492 611 558 inccndio,
640 501 695 546 ut
717 490 825 562 jam
853 490 1049 546 dictum
1081 490 1210 557 fuit,
1243 490 1619 556 accusabatur,
1648 490 1714 543 ab
1743 490 1920 543 inimi-

346 584 423 636 cis
466 582 829 653 Clirysostomi
872 582 1003 635 diris
1046 582 1395 636 exercebatur
1442 582 1718 638 molestiis.
1765 581 1920 634 Minze

347 688 488 741 stupe
537 674 931 726 intentabantur
962 690 975 725 :
1003 672 1070 725 de
1113 688 1269 740 opum
1305 671 1509 741 jactura
1540 713 1554 736 ,
1603 670 1670 725 de
1712 671 1915 735 exsilio,

350 763 456 816 imo
483 763 551 817 de
584 773 751 817 morte
780 764 1050 832 agebatur.
1082 762 1271 816 Verum
1304 763 1389 815 illa
1413 761 1779 833 Chrysostomi
1808 778 1922 815 mo-

350 853 473 907 uitis
500 863 553 908 et
586 854 751 907 literis
778 855 1023 907 roborata
1044 895 1057 917 ,
1084 853 1199 907 hmc
1226 854 1401 907 omnia
1435 853 1717 926 tranquillo
1741 853 1921 907 animo

348 942 582 1007 ferebat,
615 954 667 997 et
698 944 951 1012 majorem
978 945 1030 997 in
1057 944 1169 998 dies
1204 943 1367 997 animi
1402 943 1703 998 firmitatem
1729 959 1915 999 conse-

347 1035 623 1103 quebatur.
643 1036 809 1103 Quam
832 1052 946 1090 rem
972 1052 1091 1089 eum
1114 1037 1459 1104 comperisset
1484 1036 1916 1107 Chrysostomus,

346 1124 626 1193 epistolam
657 1127 726 1179 illi
751 1126 892 1179 misit
922 1126 1180 1180 decimam
1213 1127 1488 1195 septimam
1511 1168 1525 1190 ,
1557 1127 1643 1180 ubi
1677 1127 1919 1180 luculen-

349 1227 430 1287 ter
469 1228 665 1272 tantam
708 1219 869 1272 animi
916 1219 1266 1273 constantiam
1292 1260 1306 1283 ,
1359 1219 1411 1271 in
1446 1218 1685 1273 adversis
1728 1219 1917 1272 alacri-

349 1316 511 1363 tatem
536 1350 552 1375 ,
594 1309 661 1363 ad
702 1310 880 1364 omnia
916 1309 1029 1364 dira
1056 1309 1385 1379 adversaque
1414 1320 1649 1379 paratam
1679 1310 1920 1364 laudibus

346 1402 602 1457 celebrat.

418 1493 669 1547 Pentadia
698 1509 906 1563 quoque
937 1492 1121 1548 iisdem
1148 1494 1296 1564 queis
1326 1494 1593 1566 Olympias
1620 1537 1634 1561 ,
1676 1496 1782 1549 imo
1811 1495 1921 1550 for-

348 1591 489 1635 tasse
532 1584 821 1652 majoribus
860 1586 1095 1654 exposita
1140 1586 1427 1649 :erumnis,
1474 1587 1682 1641 fortiter
1723 1589 1837 1641 illas
1867 1599 1920 1642 et

349 1675 732 1742 imperturban
780 1678 956 1731 animo
997 1677 1234 1745 ferebat,
1286 1687 1341 1732 ut
1382 1679 1573 1748 legitur
1602 1680 1651 1733 in
1691 1681 1918 1749 epistola

347 1763 413 1818 91
444 1782 457 1818 :
484 1768 636 1835 cujus
679 1766 763 1820 hic
801 1768 1038 1835 quendam
1078 1768 1343 1823 afferenda
1382 1771 1628 1825 videntur
1663 1789 1675 1824 :
1705 1770 1918 1835 Ecquod

346 1854 641 1909 insidiarum
670 1868 718 1910 et
754 1859 1100 1912 machinarum
1139 1877 1294 1929 genus
1337 1862 1915 1930 pratermiserunt

347 1946 413 2000 In
438 1942 603 2017 forum
632 1960 705 2011 te,
754 1966 866 2019 qua:
904 1962 1086 2019 praeter
1114 1953 1370 2006 ecclesiam
1395 1964 1439 2006 et
1467 1953 1747 2009 cubiculum
1790 1957 1919 2011 nihil

348 2057 517 2101 noras.
551 2050 935 2109 pertraxerunt;
962 2059 993 2095 a
1022 2045 1134 2112 foro
1159 2044 1226 2096 ad
1251 2045 1522 2098 tribunalia
1542 2088 1557 2112 ,
1590 2063 1621 2097 a
1651 2046 1919 2101 tribunali-

348 2134 437 2185 bus
464 2132 532 2184 ad
559 2150 827 2188 carcerem.
877 2133 1148 2189 Fulserunt
1185 2136 1380 2190 testium
1410 2138 1608 2209 linguas
1650 2150 1911 2205 acuerunt,

344 2224 682 2291 impudentem
707 2226 1010 2280 calumniam
1047 2229 1408 2282 concinnarunt
1428 2271 1443 2295 ,
1475 2232 1634 2283 caedes
1660 2242 1918 2301 perpetra-

342 2322 481 2379 runt,
514 2316 705 2369 cruoris
733 2327 971 2373 torrentes
1003 2320 1333 2388 profuderunt
1356 2363 1371 2385 ,
1398 2322 1501 2390 igni
1522 2339 1580 2374 ac
1609 2323 1742 2391 ferro
1762 2324 1915 2392 juve-

344 2421 463 2458 num
496 2423 708 2473 corpora
733 2420 1181 2479 consumpserunt,
1213 2412 1384 2466 multis
1420 2429 1481 2465 ac
1512 2413 1769 2483 praeclaris
1797 2414 1915 2466 viris

342 2497 628 2551 innumeras
657 2501 832 2570 plagas
859 2511 903 2554 et
928 2505 1177 2557 cruciatus
1203 2504 1479 2558 intulerunt
1501 2547 1515 2571 ,
1548 2506 1743 2559 nullum
1773 2507 1915 2559 deni-

341 2605 435 2656 que
459 2588 677 2656 lapidem
704 2608 800 2643 non
827 2603 1102 2657 moverunt,
1132 2612 1229 2661 quo
1254 2605 1300 2648 te
1326 2605 1456 2649 metu
1480 2597 1793 2666 perterritam
1818 2598 1915 2650 huc

340 2680 615 2750 adigerent,
640 2692 693 2734 ut
714 2683 774 2735 iis
794 2700 902 2752 guw
921 2686 1116 2739 videras
1137 2689 1391 2740 contraria
1417 2688 1627 2743 diceres.
1668 2691 1731 2742 At
1752 2700 1805 2742 tu
1834 2692 1915 2743 in-

339 2781 445 2822 star
468 2772 650 2841 aquila:
686 2772 897 2827 sublime
929 2776 1159 2841 volantis,
1207 2795 1377 2830 eorum
1412 2780 1596 2833 retibus
1616 2781 1811 2851 fractis,
1845 2781 1912 2834 ad

341 2861 580 2915 libertatis
602 2864 859 2933 fastigium
883 2866 1049 2918 virtuti
1072 2876 1172 2920 tua:
1187 2878 1574 2921 consentaneum
1601 2868 1871 2922 ascendisti
1890 2886 1908 2924 :

338 2954 410 3006 sic
434 2963 479 3007 te
497 2971 797 3024 comparans
824 2998 836 3020 ,
868 2967 924 3013 ut
943 2958 1005 3010 ab
1029 2960 1152 3027 ipsis
1182 2960 1383 3012 minime
1406 2961 1910 3024 circumscribereris;

338 3044 438 3096 imo
482 3046 629 3097 etiam
654 3086 668 3110 ,
713 3062 957 3113 quantum
984 3049 1051 3100 ad
1077 3049 1227 3118 hujus
1256 3051 1474 3103 incendii
1504 3052 1688 3105 crimen
1727 3053 1911 3105 attine-

337 3132 442 3199 bat,
466 3136 612 3205 cujus
639 3139 837 3190 nomine
856 3140 1023 3192 miseri
1042 3150 1187 3209 atque
1209 3141 1429 3211 infelices
1450 3143 1673 3196 homines
1692 3144 1910 3197 maxime

337 3225 716 3294 gloriabantur,
763 3244 846 3282 eos
879 3230 1145 3284 calumnia:
1186 3233 1519 3286 convinceres.
1565 3234 1653 3289 Sic
1682 3234 1823 3289 illam
1854 3236 1905 3289 in

340 3324 445 3367 tota
476 3316 696 3384 epistola
728 3318 966 3373 laudibus
996 3321 1247 3375 celebrat.

409 3406 463 3459 In
508 3408 669 3461 altera
709 3426 951 3479 quoque,
983 3429 1138 3481 quam
1169 3414 1233 3467 ad
1265 3416 1427 3483 ipsam
1455 3416 1593 3469 misit
1621 3458 1635 3482 ,
1685 3417 1905 3485 epistola

338 3496 442 3549 104
473 3496 613 3551 illam
657 3500 873 3567 perinde
903 3503 1159 3557 eneomiis
1194 3514 1433 3559 exornat.
1479 3506 1737 3571 Quoniam
1780 3523 1907 3561 vero

335 3590 572 3644 audierat
605 3592 745 3645 illam
771 3593 836 3646 de
860 3593 1097 3648 discessu
1125 3596 1192 3649 ab
1217 3598 1345 3651 urbe
1385 3599 1619 3667 cogitare
1642 3640 1657 3663 ,
1696 3599 1762 3650 ab
1794 3600 1905 3667 ipsa

336 3683 463 3752 petit
507 3699 575 3738 ne
618 3684 686 3738 de
721 3701 778 3740 re
825 3686 1126 3755 hujusmodi
1170 3689 1399 3754 cogitare
1450 3698 1633 3758 pergat
1665 3708 1676 3743 :
1708 3691 1901 3760 primo,

334 3774 473 3840 quod
505 3776 807 3830 concivibus
834 3779 1122 3832 subsidium
1159 3792 1299 3834 esset
1324 3791 1377 3834 et
1411 3782 1785 3836 adminicolum
1818 3783 1902 3846 iis,

335 3866 421 3933 qui
462 3866 512 3917 iu
552 3867 821 3921 laboribus
862 3871 1244 3937 versabantur;
1291 3873 1557 3938 secundo,
1608 3874 1748 3943 quod
1780 3875 1903 3929 anni

339 3965 547 4024 tempus
581 3958 631 4011 id
675 3958 846 4013 facere
877 3977 979 4014 non
1009 3964 1372 4031 permitteret:
1405 3981 1523 4019 cum
1555 3968 1694 4021 enim
1732 3967 1896 4022 imbe-

336 4048 551 4102 cillitate
599 4052 840 4118 corporis
905 4053 1207 4120 laboraret,
1251 4054 1439 4110 hiemis
1484 4066 1721 4126 tempore
1758 4069 1810 4113 et
1849 4060 1901 4114 in

337 4146 479 4192 tanta
507 4141 554 4193 vi
584 4141 789 4209 frigoris
824 4143 1008 4211 pedem
1041 4160 1253 4200 movere
1283 4163 1384 4201 non
1407 4148 1653 4203 debebat.

407 4230 788 4301 Chrysostomus
834 4235 886 4287 in
926 4236 1151 4288 morbum
1193 4237 1388 4292 incidit.
1518 4239 1694 4294 lliems
1723 4250 1898 4295 autem

335 4323 424 4377 illa
458 4325 666 4392 gravior
694 4324 858 4395 (Anno
882 4326 1007 4397 405)
1028 4370 1043 4389 ,
1072 4343 1227 4396 quam
1258 4329 1461 4383 solebat
1499 4329 1631 4395 fuit,
1680 4343 1735 4384 ut
1774 4332 1904 4387 dicit

335 4414 446 4482 ipse
490 4414 900 4486 ClirySOstonms
936 4433 1021 4487 ep.
1058 4418 1090 4473 6
1116 4419 1180 4472 ad
1216 4418 1600 4491 Clympiadem.
1655 4422 1903 4492 Ingrave-

333 4515 513 4558 Seeute
557 4518 730 4561 autem
772 4508 963 4577 frigore
1002 4510 1052 4563 in
1099 4512 1341 4567 morbum
1375 4513 1463 4567 ille
1493 4509 1704 4579 incidit,
1751 4516 1819 4569 ita
1849 4524 1904 4569 ut

332 4597 395 4650 ad
429 4610 605 4666 portas
645 4615 807 4668 uSque
850 4602 1034 4655 mortis
1058 4644 1072 4667 ,
1110 4604 1312 4672 inquit,
1356 4607 1676 4669 accesserit,
1720 4622 1781 4660 ac
1807 4622 1903 4675 per
1940 4674 1955 4688 .

333 4690 466 4742 tluos
492 4707 700 4746 menses
731 4693 779 4746 in
809 4694 945 4747 lecto
967 4694 1276 4750 decubuerit
1300 4738 1315 4763 ,
1346 4698 1607 4752 stomachi
1638 4708 1691 4752 et
1715 4701 1902 4767 capitis

333 4782 603 4838 doloribus
622 4826 638 4849 ,
667 4785 968 4851 vomitibus,
1004 4788 1278 4841 insomniis
1302 4790 1634 4844 excruciatus
1668 4808 1680 4844 :
1709 4801 1900 4845 camera

334 4883 507 4928 autem
538 4874 862 4943 aegritudinis
890 4876 1221 4930 incommoda
1249 4878 1486 4946 pluribus
1514 4879 1601 4933 ille
1629 4880 1898 4934 describit.

334 4964 431 5021 Ubi
475 4976 650 5021 autem
694 4982 790 5020 ver
830 4967 1080 5034 advenit,
1132 4971 1456 5038 mutatioque
1500 4971 1678 5031 aeris,
1724 4972 1903 5024 omnia

334 5070 522 5125 sponte
548 5057 751 5126 dilapsa
783 5067 903 5111 sunt
930 5074 943 5119 ;
978 5057 1045 5110 ita
1077 5070 1249 5113 tamen
1293 5069 1347 5112 ut
1386 5076 1569 5129 magna
1601 5062 1696 5129 ipsi
1728 5061 1903 5115 adhuc

335 5150 385 5202 in
414 5150 581 5202 victus
607 5150 806 5203 ratione
825 5164 949 5202 cura
975 5165 1107 5218 opus
1128 5161 1287 5205 esset.
1315 5152 1598 5222 Postquam
1622 5152 1733 5207 hzrc
1748 5153 1899 5218 dixit,

333 5239 398 5293 ad
426 5240 786 5310 Olympiadem
817 5256 1114 5293 sermonem
1160 5246 1455 5306 convertit,
1498 5258 1653 5313 quam
1705 5244 1902 5312 ingenti

333 5334 528 5385 amoris
556 5342 608 5387 ct
650 5333 884 5387 caritatis
926 5332 1115 5387 aectu
1145 5350 1204 5388 se
1232 5336 1475 5404 prosequi
1507 5335 1760 5389 declarat.
1813 5336 1901 5388 Illa

334 5440 459 5477 vero
480 5440 688 5494 quoque
705 5426 846 5491 gravi
876 5426 1061 5479 morbo
1078 5441 1351 5495 oppressa,
1379 5428 1429 5480 in
1456 5437 1748 5481 extremum
1778 5428 1901 5481 vitre

336 5516 623 5583 periculum
683 5525 933 5579 venerat;
986 5516 1081 5569 sed
1131 5532 1249 5570 eum
1305 5516 1717 5587 Chrysostomus
1766 5517 1902 5571 hanc

334 5606 407 5659 illi
440 5606 712 5675 epistolam
750 5607 999 5673 scripsit,
1046 5606 1325 5662 commoda
1366 5607 1665 5662 valetudine
1694 5607 1901 5661 frueba-

336 5704 440 5748 tur.
472 5696 636 5764 Ipsam
665 5711 822 5764 porro
848 5698 1068 5751 summis
1098 5697 1340 5751 laudibus
1366 5697 1590 5759 extollit,
1626 5696 1762 5765 quod
1796 5714 1898 5750 non

334 5784 497 5839 modo
524 5802 607 5841 res
639 5798 743 5841 tam
776 5788 1024 5845 adversas
1057 5788 1177 5844 forti
1204 5798 1257 5845 et
1280 5789 1544 5845 constanti
1587 5788 1764 5845 anime
1795 5790 1897 5843 fer

1527 376 1706 434 NUNC
1746 372 2005 431 PRIMUM
2045 373 2431 431 ADORNATA.

2024 497 2143 552 ret,
2175 488 2267 542 sed
2301 505 2393 543 eas
2438 489 2596 543 etiam
2636 504 2734 559 pro
2772 489 2938 544 nihilo
2976 499 3221 559 putaret,
3266 490 3500 558 aliosque
3527 492 3593 545 ad

2023 578 2168 648 paria
2195 580 2481 633 certamina
2516 590 2766 647 acueret,
2796 590 2847 633 et
2875 580 3262 650 philosophiam
3290 582 3433 636 omni
3465 591 3596 635 tein-

2024 677 2230 737 pestate
2252 670 2579 738 superiorem
2601 669 2791 740 adepta
2821 678 2981 726 esset.

2097 758 2413 830 Olympiadis
2433 761 2586 815 virtus
2610 772 2656 815 et
2682 763 2834 814 animi
2860 762 3092 830 rmitas.
3196 763 3327 817 lluic
3352 762 3594 832 epistola:

2024 852 2423 918 responsionem
2468 852 2723 906 modestia
2774 854 2981 921 plenam
3030 853 3175 907 misit
3207 855 3500 925 Olympias,
3533 870 3594 909 se

2023 959 2129 996 non
2181 953 2435 1013 tropteum
2480 945 2715 999 erexisse
2764 945 2984 1013 dicens,
3026 962 3134 999 non
3185 947 3458 1002 victoriam
3512 964 3599 1003 re-

2024 1034 2239 1100 tulisse,
2274 1052 2372 1091 nec.
2419 1053 2668 1091 coronam
2713 1039 2956 1109 adeptam
3005 1055 3142 1095 esse.
3173 1040 3399 1109 Reponit
3437 1041 3599 1110 Chry-

2021 1140 2289 1181 sostomus
2357 1128 2409 1182 in
2473 1129 2696 1197 epistola
2750 1129 3011 1197 septima,
3068 1139 3234 1184 totum
3291 1131 3472 1184 orbem
3544 1130 3595 1183 id

2023 1218 2323 1283 afrmare,
2368 1220 2508 1290 quod
2534 1221 2660 1289 ,ipse
2701 1222 2753 1274 in
2796 1222 3015 1289 epistola
3057 1222 3329 1291 superiore
3368 1222 3595 1283 dixerat,

2022 1320 2077 1365 et
2120 1311 2317 1381 ubique
2368 1321 2627 1366 terrarum
2682 1314 2931 1382 praeclara
2961 1312 3288 1384 Olympiadis
3326 1324 3473 1383 gesta
3503 1314 3598 1367 de-

2022 1403 2253 1466 cantari;
2286 1402 2407 1456 licet
2436 1403 2577 1457 enim
2609 1418 2713 1457 uno
2744 1404 2793 1455 in
2838 1403 2955 1458 loco
2985 1418 3073 1458 res
3100 1414 3215 1458 acta
3248 1403 3436 1469 fuerit,
3477 1419 3594 1457 eam

2022 1501 2200 1546 tamen
2258 1493 2324 1547 ad
2378 1494 2633 1547 terminos
2684 1494 2829 1548 orbis
2879 1496 3198 1563 pervasisse.
3244 1495 3410 1564 Ipsam
3467 1509 3598 1548 vero

2022 1586 2207 1639 merita
2262 1597 2314 1640 et
2372 1588 2572 1657 palmas
2622 1589 2885 1643 auctiores
2939 1588 3234 1642 reddidisse
3291 1604 3354 1642 ex
3410 1588 3594 1641 mode-

2021 1677 2120 1731 stia
2148 1693 2239 1731 sua
2269 1687 2322 1731 et
2346 1679 2504 1732 animi
2532 1679 2875 1734 demissione.
2899 1679 3090 1734 Narrat
3116 1679 3307 1733 deinde
3332 1680 3598 1749 quomodo

2021 1769 2189 1836 patria
2219 1770 2459 1839 expulsa,
2488 1771 2666 1835 domo,
2699 1772 2884 1825 amicis
2912 1781 2965 1826 et
2988 1773 3226 1843 cognatis
3253 1773 3467 1834 relictis.
3496 1775 3596 1827 alia

2018 1860 2195 1926 gravia
2227 1871 2578 1929 exspectaret,
2606 1863 2697 1917 Dei
2721 1871 2896 1917 tamen
2919 1879 3129 1932 semper
3153 1865 3374 1934 gloriam
3408 1865 3599 1933 praedi-

2019 1951 2239 2005 caverit.
2271 1952 2491 2007 Demum
2518 1953 2645 2008 dicit
2683 1955 2863 2024 pejore
2892 1956 2944 2009 in
2974 1956 3276 2010 conditione
3319 1971 3412 2011 eos
3444 1972 3593 2021 esse,

2018 2046 2106 2114 qui
2153 2054 2293 2100 tanta
2325 2049 2461 2100 mala
2492 2047 2725 2102 inferunt
2748 2089 2762 2111 ,
2795 2064 2950 2118 quam
2976 2065 3069 2105 eos
3098 2051 3184 2120 qui
3217 2050 3302 2103 illa
3330 2066 3447 2104 eum
3478 2067 3595 2119 gra-

2021 2139 2210 2191 tiarum
2255 2140 2464 2194 actione
2490 2142 2791 2209 patiuntur;
2826 2142 2935 2195 imo
2962 2157 3089 2196 vero
3121 2143 3170 2194 1
3199 2143 3407 2196 coronis
3433 2142 3595 2195 desti-

2020 2239 2233 2291 nantur,
2260 2229 2467 2297 illisque
2494 2232 2751 2299 supplicia
2783 2242 3035 2301 parantur
3060 2250 3073 2287 :
3105 2232 3262 2301 idque
3289 2243 3593 2288 sanctorum

2018 2319 2263 2387 exemplo
2311 2320 2481 2387 palam
2532 2320 2709 2375 facere
2752 2322 2961 2390 satagit.
2993 2322 3132 2376 Inter
3175 2322 3309 2376 mala
3339 2323 3420 2376 illa
3448 2324 3595 2391 ponit

2017 2409 2334 2463 calumniam
2359 2452 2373 2474 ,
2416 2410 2483 2464 de
2511 2426 2611 2480 qua
2646 2411 2852 2465 beatam
2879 2413 3243 2483 Olympiadem
3272 2413 3336 2467 ad
3368 2414 3593 2469 tribunal

2017 2499 2295 2552 adductam
2329 2502 2715 2567 incusaveraut,
2744 2501 2885 2571 quod
2917 2503 3157 2557 videlicet
3178 2503 3293 2571 ejus
3316 2518 3476 2574 opera
3504 2518 3595 2558 ec-

2015 2590 2175 2644 clesia
2202 2590 2414 2644 incensa
2444 2589 2647 2645 fuisset.

2091 2679 2352 2751 Olympias
2376 2679 2813 2754 Constantinopoli
2856 2684 3001 2753 pulsa
3050 2686 3165 2756 fuit.
3272 2684 3403 2739 Hinc
3430 2685 3591 2755 liquet

2015 2773 2153 2828 hanc
2176 2774 2450 2842 epistolam
2476 2776 2731 2840 scriptam
2763 2777 2923 2831 fuisse
2947 2818 2961 2842 ,
3002 2789 3278 2845 postquam
3321 2775 3591 2847 Olympias

2013 2865 2467 2934 Constantinopoli
2498 2867 2643 2935 pulsa
2673 2876 2727 2921 et
2753 2868 2802 2921 in
2831 2868 3073 2921 exsilium
3102 2868 3260 2922 missa
3288 2868 3473 2921 fuerat.
3495 2867 3591 2923 So-

2013 2972 2267 3011 zomenus
2312 2973 2438 3011 vero
2480 2958 2607 3012 dicit
2656 2957 2903 3031 (Sozam.
2936 2959 2972 3011 l.
3002 2959 3054 3013 8.
3113 2976 3158 3012 c.
3189 2959 3280 3031 24)
3336 2959 3584 3029 Optatqu

2012 3046 2325 3101 Prtel'cctum
2354 3048 2466 3101 auri
2498 3063 2700 3101 summa
2740 3049 2879 3102 illam
2912 3050 3276 3112 mulctavisse,
3316 3049 3589 3119 ipsamque

2014 3134 2471 3206 ConstantinOpoli
2505 3139 2683 3192 relicta
2715 3137 2961 3210 Cyzicum
2992 3140 3403 3207 commigrasse;
3434 3141 3581 3208 quasi

2013 3229 2099 3282 illa
2120 3238 2309 3298 sponte
2330 3244 2421 3281 sua
2445 3227 2935 3299 ConstantinOpoliu
2957 3230 3245 3298 reliquerit.
3267 3229 3462 3284 Verum
3487 3230 3587 3283 fide

2010 3317 2221 3389 dignior
2244 3317 2658 3390 ChrysoStomus
2685 3330 2800 3385 est,
2831 3320 2918 3388 qui
2946 3319 3074 3374 dicit
3105 3321 3270 3388 ipsam
3297 3321 3502 3389 pulsam
3534 3332 3585 3375 et

2010 3411 2063 3465 in
2089 3411 2329 3465 exsilium
2362 3413 2575 3465 missam
2604 3410 2796 3475 fuisse,
2838 3412 2997 3481 idque
3040 3413 3232 3481 repetit
3274 3412 3326 3466 in
3366 3412 3584 3479 epistola

2009 3502 2214 3557 decima
2240 3511 2386 3557 sexta
2412 3520 2425 3557 :
2452 3502 2590 3569 Quid
2614 3504 2744 3557 enim
2774 3513 2873 3567 est,
2907 3503 3102 3573 inquit,
3134 3504 3330 3557 civitate
3362 3504 3507 3573 pelli,
3538 3513 3587 3557 et

2008 3609 2072 3645 ex
2110 3593 2224 3647 aliis
2269 3593 2391 3646 locis
2430 3594 2481 3645 in
2524 3594 2627 3647 alia
2668 3594 2877 3647 subinde
2915 3595 3168 3665 migrare,
3196 3605 3341 3663 atque
3370 3596 3587 3661 undique

2008 3683 2251 3753 exagitari
2281 3693 2327 3736 et
2355 3684 2595 3754 proscribi
2614 3693 2662 3737 et
2691 3684 2757 3736 ad
2787 3683 3055 3737 tribunalia
3095 3686 3224 3736 trahi
3258 3695 3303 3737 et
3405 3685 3584 3737 militi-

2009 3775 2097 3829 bus
2123 3777 2335 3844 raptari,
2362 3787 2509 3846 atque
2536 3775 2597 3828 ab
2624 3777 2684 3829 iis
2704 3818 2718 3838 ,
2748 3778 2833 3845 qui
2862 3778 3104 3830 sexcentis
3131 3778 3382 3843 beneciis
3419 3777 3585 3845 affecti

2008 3866 2226 3933 fuerant,
2258 3868 2509 3919 contraria
2539 3883 2669 3920 nunc
2695 3868 2905 3937 perpeti,
2931 3884 2990 3919 ac
3016 3878 3119 3920 tum
3148 3885 3178 3921 a
3206 3869 3409 3939 famulis
3430 3910 3444 3935 ,
3476 3877 3580 3922 tum

2006 3972 2037 4007 a
2066 3956 2230 4008 liberis
2255 3956 2441 4021 vexari,
2471 3973 2582 4009 cum
2608 3957 2785 4009 horum
2814 3958 3072 4026 prannium
3103 3958 3279 4011 cazlum
3306 3960 3391 4023 sit,
3423 3970 3467 4012 et
3490 3976 3585 4028 pu-

2007 4049 2208 4102 rissima
2233 4048 2323 4102 illa
2350 4049 2497 4115 bona,
2530 4066 2642 4119 qua:
2669 4067 2758 4104 nec
2781 4051 2938 4104 rerbis
2961 4052 3077 4106 ullis
3106 4053 3348 4119 explicari
3373 4064 3578 4123 queunt,

2006 4158 2095 4194 nec
2138 4143 2290 4210 nem
2331 4143 2546 4209 habent,
2591 4159 2759 4195 verum
2807 4143 3138 4197 immortalem
3180 4144 3396 4213 fructum
3435 4151 3584 4213 atque

2006 4232 2380 4287 oblectationem
2418 4233 2677 4301 prwbent?
2715 4233 2803 4287 Sic
2833 4234 3012 4302 paucis
3054 4226 3145 4288 ille
3183 4234 3358 4289 verbis
3402 4246 3582 4288 narrat

2006 4333 2199 4391 quanta
2229 4334 2281 4378 et
2310 4340 2465 4393 quam
2492 4325 2601 4377 dira
2634 4339 2785 4393 passa
2819 4326 2887 4378 sit
2912 4325 3180 4396 Olympias
3200 4367 3214 4389 ,
3245 4327 3402 4379 etiam
3433 4337 3580 4395 post-

2006 4430 2162 4485 quam
2189 4416 2645 4483 CoustantinOpoli
2692 4416 2837 4483 pulsa
2878 4415 3068 4468 fuerat.
3100 4415 3225 4469 Haec
3260 4416 3360 4469 sibi
3391 4430 3576 4471 succe-

2006 4506 2183 4560 dentia
2210 4506 2346 4560 mala
2370 4505 2734 4576 Olympiadem
2774 4506 2826 4559 in
2863 4506 3165 4559 mmstitiam
3196 4506 3535 4575 conjecerant
3560 4524 3574 4560 :

2006 4606 2327 4667 quapropter
2354 4596 2483 4649 nihil
2510 4613 2613 4650 nou
2642 4598 2748 4665 agit
2775 4596 3206 4667 Chrysostomus,
3238 4607 3294 4649 ut
3320 4598 3461 4651 illam
3486 4615 3578 4665 spe

2006 4686 2297 4740 futurorum
2320 4686 2600 4750 bonorum,
2624 4702 2740 4756 qua:
2762 4685 3019 4755 ejusmodi
3043 4687 3307 4741 continuis
3328 4693 3581 4743 :rrumnis

2005 4779 2225 4832 mirifice
2245 4778 2483 4847 augenda
2509 4787 2679 4843 erant,
2707 4777 2772 4831 ad
2794 4778 2971 4831 omnia
2993 4779 3272 4848 patienter,
3303 4782 3409 4834 imo
3438 4789 3581 4835 tran-

2006 4871 2165 4941 quille
2194 4869 2410 4925 ferenda
2438 4870 2670 4924 inducat.

2079 4961 2378 5025 Anthemio,
2413 4962 2500 5031 qui
2529 4960 2718 5015 consul
2748 4959 2851 5015 hoc
2874 4974 3012 5015 anno
3037 4960 3139 5016 405
3161 4961 3361 5017 elettns
3383 4960 3576 5023 fuerat,

2004 5070 2067 5108 ac
2094 5064 2347 5123 prieterea
2375 5054 2660 5109 Pro-fectus
2696 5052 2935 5107 Prmtorii
2972 5063 3115 5117 erat.
3157 5053 3434 5122 epistolam
3472 5054 3575 5109 147

2006 5146 2210 5211 scribit,
2239 5161 2339 5214 qua
2370 5145 2465 5213 ipsi
2502 5152 2559 5197 ut
2589 5144 2760 5197 amico
2783 5142 3091 5213 gratulatur.
3123 5143 3289 5214 magis
3313 5144 3381 5197 ob
3408 5145 3575 5199 virtu-

2008 5250 2135 5303 tem,
2156 5252 2310 5305 quam
2329 5236 2396 5289 ob
2413 5251 2600 5289 novam
2622 5232 2953 5303 dignatem.
2970 5236 3302 5304 Quapropter
3328 5234 3392 5289 iis
3416 5238 3573 5292 etiam

2004 5330 2315 5400 gratulatur,
2358 5329 2445 5397 qui
2490 5328 2680 5397 injuste
2727 5327 3075 5393 lzetlebantur;
3109 5328 3388 5397 imperium
3432 5331 3572 5385 enim

2006 5422 2119 5489 ejus
2143 5435 2477 5474 communem
2507 5435 2691 5473 eorum
2719 5420 2808 5489 qui
2838 5418 3026 5488 injuria
3053 5419 3419 5473 aflieicbantur
3448 5436 3571 5489 por-

2008 5525 2114 5566 tum
2144 5513 2253 5565 fore
2280 5512 2517 5579 putabat.

2075 5603 2253 5656 Primo
2278 5618 2400 5655 vere
2425 5600 2841 5672 Chrysostomus
2876 5601 3226 5657 valetudinem
3267 5619 3401 5672 pene
3440 5604 3575 5659 inte--

2006 5711 2149 5765 grain
2182 5694 2529 5764 recuperavit.
2560 5694 2752 5749 Verum
2776 5693 2958 5757 Isauri,
2984 5696 3579 5770 quibibernotcmpore

2005 5787 2069 5841 ad
2100 5787 2211 5841 loca
2240 5800 2331 5841 sua
2356 5786 2575 5841 reversi.
2601 5786 2665 5840 ab
2694 5785 3090 5844 incursionibus
3116 5788 3453 5851 destiterant,
3486 5788 3567 5843 in-
