4096 6392
495 347 599 400 Ξίῧ

493 479 652 524 eunte
701 483 844 532 vere,
892 485 985 538 per
1022 483 1208 523 omnes
1246 469 1357 522 vias
1375 466 1524 523 effusi
1553 477 1709 531 sunt;
1733 467 1802 521 ita
1825 466 2060 521 utetiam

493 559 748 628 ingenuas
775 570 1040 616 matronas
1066 569 1349 630 caperent,
1389 570 1443 613 et
1478 560 1619 614 viros
1639 601 1653 622 ,
1685 560 1770 628 qui
1802 559 1856 613 in
1881 573 2065 612 eorum

494 669 682 709 manus
737 653 1067 719 inciderant,
1123 652 1517 705 obtruncarent.
1558 651 1894 719 Quapropter
1943 664 2065 702 cum

492 745 666 800 aditus
707 759 894 799 omnes
933 743 1202 797 interclusi
1244 751 1456 806 essent,
1490 741 1765 796 Theodoto
1809 740 2064 806 diacono,

493 836 575 889 cui
603 835 878 906 epistolam
907 834 1007 891 MO
1034 834 1250 897 scribit,
1281 841 1336 889 et
1364 849 1523 903 supra
1559 841 1846 888 memorata
1878 847 2067 886 recen—

493 938 593 991 set,
623 938 679 980 ut
704 927 803 981 sibi
832 927 1066 996 ignoscat
1092 927 1238 995 petit,
1271 925 1409 996 quod
1441 940 1502 980 ea
1533 925 1599 979 de
1626 940 1784 979 causa
1821 939 1925 976 non
1956 922 2065 976 fre-

495 1027 717 1087 quenter
760 1017 836 1072 illi
885 1018 1177 1087 scripserit.
1233 1018 1363 1071 Cum
1410 1030 1536 1071 vero
1582 1017 1744 1070 sciret
1798 1015 1940 1067 illum
1999 1013 2066 1068 de

491 1110 792 1164 valetudine
835 1125 927 1164 sua
971 1110 1252 1164 certiorem
1301 1109 1414 1164 fieri
1461 1123 1685 1177 cupere,
1725 1107 1852 1161 dicit
1893 1107 1968 1160 illi
2009 1123 2066 1160 se

492 1199 763 1270 superiore
789 1199 978 1271 hyeme
1003 1200 1147 1269 gravi
1188 1201 1374 1254 morbo
1401 1209 1686 1269 aegrotasse
1707 1240 1721 1264 ,
1769 1213 1906 1251 nunc
1938 1213 2066 1250 vero

493 1295 758 1362 paululum
790 1303 1086 1349 recreatum
1119 1309 1271 1359 esse;
1301 1293 1395 1348 sed
1425 1310 1486 1347 ex
1529 1294 1667 1348 aeris
1712 1291 2063 1345 inconstantia

493 1399 633 1438 nunc
672 1400 882 1454 quoque
928 1385 1254 1454 perturbari,
1282 1385 1549 1453 etiamque
1578 1392 1705 1438 tunc
1729 1382 1905 1436 denuo
1933 1382 2065 1453 hye-

491 1489 630 1528 mem
658 1475 832 1543 vigere
856 1492 869 1536 ;
902 1490 1118 1543 sperare
1149 1484 1347 1541 tamen,
1375 1489 1496 1529 cum
1526 1482 1682 1526 restas
1708 1470 1980 1532 effulserit,
2007 1487 2065 1525 se

491 1566 660 1619 morbi
688 1565 940 1634 reliquias
965 1566 1325 1634 depositurum
1348 1580 1485 1620 esse.
1516 1564 1677 1618 Addit
1700 1577 1893 1630 corpus
1909 1578 2062 1616 suum

492 1660 632 1712 nulla
665 1674 721 1712 re
751 1673 901 1726 reque
933 1657 1260 1723 labefactari,
1293 1669 1349 1711 ut
1377 1656 1592 1727 frigore,
1625 1669 1722 1710 nec
1749 1669 1930 1708 rursus
1959 1654 2064 1707 ulla

490 1763 548 1802 re
573 1763 722 1816 aeque
745 1748 938 1816 juvari,
968 1759 1024 1802 ut
1056 1757 1240 1803 aestate
1269 1756 1322 1803 et
1349 1747 1546 1803 caloris
1571 1746 1780 1800 solatio.

561 1839 784 1902 Eodem,
813 1851 871 1892 ut
893 1849 1124 1908 putatur,
1153 1855 1293 1894 anno
1328 1841 1530 1894 aestatis
1557 1846 1797 1908 tempore
1818 1834 2064 1890 Theodo-

490 1938 573 1982 tus
596 1930 848 1984 diaconus
868 1929 1304 2002 Cbrysostomum
1330 1932 1594 1986 invisurus
1609 1929 1871 1984 Cucusum
1888 1930 2060 1983 venit:

489 2035 551 2074 ac
597 2030 718 2090 post
758 2021 1047 2077 discessum
1096 2021 1217 2076 inde
1262 2037 1438 2086 suum,
1485 2037 1640 2091 quem
1684 2021 1906 2075 moleste
1949 2021 2066 2073 tulit

488 2113 720 2168 Joannes
749 2123 951 2178 noster,
983 2114 1072 2167 diu
1103 2115 1267 2169 tacuit
1308 2114 1426 2178 ille,
1461 2129 1560 2168 nec
1584 2112 1966 2182 Chrysostomo
1997 2112 2062 2165 li-

491 2215 634 2258 teras
665 2205 829 2257 misit.
863 2205 976 2272 Qua
1007 2205 1073 2260 de
1101 2221 1259 2260 causa
1294 2206 1382 2259 ille
1408 2205 1686 2274 epistolam
1721 2204 1789 2260 59
1818 2205 2059 2272 scripsit,

486 2312 587 2365 qua
609 2306 810 2361 tantum
839 2297 953 2366 ejus
984 2298 1249 2351 silentium
1274 2298 1445 2350 amico
1475 2297 1654 2349 animo
1678 2296 1869 2364 carpit,
1893 2309 2063 2362 neque

487 2401 644 2456 posse
687 2387 831 2441 illum
873 2389 953 2440 sui
991 2388 1275 2442 excusandi
1321 2402 1479 2442 causa
1518 2387 1818 2440 Isaurorum
1863 2395 2061 2440 metum

487 2479 778 2535 obtendere
802 2523 816 2544 ,
847 2480 1270 2550 quandoquidem
1299 2479 1449 2533 multi
1481 2487 1656 2545 erant,
1685 2479 1774 2548 qui
1807 2487 1928 2547 post
1955 2477 2063 2530 dis-

487 2588 696 2627 cessum
725 2573 841 2641 ejus
866 2573 1131 2627 Cucusum
1162 2580 1437 2627 venerant.

555 2661 847 2733 Epistolam
883 2664 983 2719 158
1021 2665 1088 2717 ad
1126 2663 1418 2733 Elpidium,
1449 2663 1757 2732 episcopum
1800 2660 2058 2715 Laodice-

485 2772 633 2821 num,
662 2757 848 2812 eodem
875 2757 1091 2812 circiter
1115 2766 1351 2826 tempore
1377 2755 1654 2823 scripsisse
1681 2753 1908 2808 videtur.
1935 2753 2061 2807 Erat

485 2848 572 2902 ille
599 2849 838 2902 sincerus
878 2848 1081 2902 amicus
1105 2889 1118 2908 ,
1150 2856 1204 2902 et
1239 2856 1415 2901 tamen
1445 2861 1502 2900 se
1533 2860 1653 2900 raro
1685 2846 1756 2898 illi
1784 2845 2060 2913 scripsisse

484 2940 677 2994 fatetur
706 2958 718 2992 :
749 2955 932 2994 verum
963 2949 1018 2994 et
1045 2940 1168 2993 anni
1199 2946 1484 3007 tempestas
1510 2947 1562 2991 et
1587 2935 1819 2991 solitudo
1849 2937 1972 2998 loci,
2007 2936 2056 2989 in

481 3049 586 3102 quo
630 3033 826 3086 arctius
870 3049 1024 3102 quam
1070 3032 1121 3086 in
1164 3048 1377 3086 carcere
1417 3033 1649 3086 inclusus
1681 3031 1975 3096 tenebatur,
2005 3041 2060 3086 et

480 3140 663 3178 eorum
695 3130 780 3193 qut
812 3139 870 3177 se
895 3123 1103 3178 adirent
1147 3124 1496 3194 infrequentia
1518 3166 1532 3188 ,
1573 3141 1706 3196 quos
1733 3136 1907 3183 tamen
1950 3146 2058 3186 non

480 3229 666 3269 omnes
695 3215 794 3270 sibi
824 3214 955 3269 fidos
981 3229 1098 3270 esse
1128 3215 1375 3284 putabat,
1425 3231 1488 3271 ac
1527 3216 1758 3288 denique
1801 3221 2016 3275 morbus
2038 3263 2053 3286 ,

480 3305 566 3372 qui
607 3306 754 3359 illum
795 3321 895 3375 .per
941 3313 1102 3359 totam
1146 3304 1256 3361 fere
1297 3306 1543 3378 hyemem
1592 3307 1729 3363 lecto
1773 3309 2052 3365 aflixerat:

481 3399 593 3452 haec
622 3397 818 3461 omnia,
851 3397 1053 3468 inquit,
1084 3414 1141 3452 se
1166 3415 1232 3452 ne
1262 3400 1436 3468 plures
1466 3402 1722 3455 scriberet
1753 3404 1932 3458 literas
1959 3424 2053 3460 eo-

481 3489 777 3554 bibuerant,
801 3505 962 3558 seque
994 3500 1166 3544 tamen
1191 3491 1617 3560 frequentissime
1642 3495 1787 3548 illum
1807 3508 1863 3550 ut
1891 3497 2051 3552 fidum

480 3580 704 3633 amicum
729 3581 778 3632 in
807 3582 985 3633 animo
1012 3596 1245 3636 versare.

551 3671 744 3724 Eadem
773 3671 985 3724 circiter
1015 3680 1327 3740 tempestate
1352 3671 1598 3729 Anatolio
1626 3678 1836 3746 scripsit
1857 3679 2053 3746 episto-

479 3760 581 3812 lam
616 3761 740 3814 203.
769 3761 893 3814 Erat
923 3761 1010 3815 ille
1040 3764 1315 3816 Anatolius
1357 3767 1649 3829 eparchicus
1673 3808 1686 3826 .
1735 3769 1782 3821 id
1831 3781 1910 3822 est
1934 3810 1948 3831 ,
1995 3780 2052 3824 ut

480 3862 627 3922 puto,
656 3852 1039 3922 Exprwfectus;
1071 3855 1158 3924 qui
1190 3865 1464 3925 postquam
1501 3857 1733 3913 Joannes
1777 3872 1956 3914 noster
1999 3864 2048 3916 in

477 3943 721 3996 exsilium
749 3943 934 4011 pulsus
957 3943 1144 4009 fuerat,
1179 3947 1338 3999 multa
1371 3947 1422 4000 in
1452 3948 1565 4017 ejus
1590 3953 1810 4018 gratiam
1847 3953 2051 4007 dixerat

478 4036 796 4106 feceratque.
826 4037 911 4090 Ait
939 4051 1068 4091 vero
1095 4056 1174 4103 se,
1202 4056 1267 4093 ne
1297 4039 1392 4109 ipsi
1423 4040 1714 4107 scriberet,
1745 4043 1894 4112 longa
1925 4059 2047 4096 eor-

477 4127 618 4195 poris
634 4127 941 4196 aegritudine
963 4129 1230 4184 detentum
1256 4129 1436 4190 fuisse,
1457 4131 1522 4184 ab
1544 4130 1739 4200 illoque
1761 4134 1889 4200 petit
1905 4143 1960 4186 ut
1981 4133 2047 4189 de

475 4232 567 4271 sua
599 4233 918 4289 suorumque
947 4220 1246 4274 valetudine
1274 4237 1331 4274 se
1362 4221 1529 4275 literis
1556 4224 1837 4276 certiorem
1870 4224 2043 4278 faciat.

541 4308 920 4379 Chrysostomus
945 4311 1264 4364 Antiochenis
1293 4313 1481 4365 scribit.
1501 4313 1720 4367 -Cum
1755 4315 2043 4370 Antioche-

473 4403 553 4454 nis
602 4402 829 4455 maxime
874 4401 1143 4456 literarum
1192 4418 1406 4471 semper
1451 4407 1772 4459 consortium
1830 4406 2040 4473 habuit,

471 4504 527 4547 et
570 4508 688 4546 cmn
729 4491 884 4546 Clero
923 4492 1159 4561 ejusdem
1202 4493 1446 4548 civitatis.
1490 4493 1656 4550 Erant
1701 4506 1877 4551 autem
1927 4499 2045 4554 istic

470 4593 695 4650 quatuor
741 4581 1034 4652 presbyteri
1080 4583 1180 4637 sibi
1229 4584 1573 4639 addictissimi
1611 4595 1769 4654 atque
1813 4588 2041 4643 amicitia

471 4682 646 4726 nuitua
677 4674 1116 4741 conjunctissimi,
1149 4691 1338 4744 nempe
1368 4678 1581 4740 Castus,
1618 4677 1852 4732 Valerius
1872 4721 1887 4743 ,
1919 4680 2040 4733 Dio-

469 4765 695 4832 phautus
737 4773 791 4818 et
833 4764 1087 4836 Cyriacus
1113 4784 1124 4817 :
1156 4765 1238 4819 his
1266 4783 1392 4822 vero
1421 4768 1520 4822 hoc
1545 4771 1760 4824 circiter
1805 4781 2043 4840 tempore

465 4856 743 4923 epistolam
775 4858 990 4925 scripsit
1016 4858 1137 4912 150.
1163 4858 1380 4913 Orditur
1407 4869 1581 4916 autem
1612 4862 1815 4926 dicens,
1847 4865 2038 4917 carita-

472 4950 534 5002 tis
565 4945 768 5001 vincula
795 4948 1058 5002 creditore
1094 4950 1281 5018 quovis
1309 4949 1712 5006 vehementiora
1749 4968 1888 5007 esse.
1913 4955 2041 5007 (Ire-

461 5039 602 5091 ditor
643 5041 782 5092 enim
827 5050 1102 5108 postquam
1149 5040 1352 5094 debitas
1387 5042 1486 5094 sibi
1528 5043 1778 5110 pecunias
1819 5046 2036 5114 recepit,

465 5130 591 5182 nihil
626 5130 758 5182 ultra
793 5131 1162 5199 requirendum
1196 5130 1425 5199 habere,
1455 5132 1544 5186 sed
1585 5135 1757 5187 debita
1803 5135 2038 5189 caritatis

461 5231 740 5292 postquam
783 5222 952 5275 soluta
1002 5231 1155 5287 sunt,
1196 5221 1379 5276 eadem
1411 5240 1658 5289 manere,
1694 5226 1799 5278 imo
1827 5242 2038 5294 semper

458 5327 784 5367 accrescere.
817 5313 949 5379 Quia
976 5329 1104 5368 vero
1135 5315 1207 5367 illi
1235 5313 1300 5368 de
1327 5314 1488 5383 ipsius
1515 5317 1815 5371 valetudine
1839 5321 2036 5371 certio-

459 5422 543 5458 res
568 5405 676 5460 fieri
708 5407 1078 5478 peroptabant,
1103 5408 1171 5461 ait
1196 5407 1283 5461 ille
1305 5423 1362 5462 se
1388 5409 1644 5463 stomachi
1676 5410 2034 5465 imbecillitate

459 5497 735 5552 liberatum
764 5514 914 5563 esse,
946 5511 1103 5570 atque
1133 5500 1337 5562 valere,
1371 5515 1469 5554 nec
1491 5501 1787 5565 obsidione,
1826 5517 1922 5556 nec
1959 5504 2034 5556 la-

462 5599 670 5642 tromuu
702 5591 1109 5654 incursionibus,
1137 5607 1234 5644 nec
1266 5591 1363 5643 loci
1391 5592 1694 5656 solitudine,
1722 5608 1818 5647 nec
1839 5593 2029 5647 adver-

458 5680 533 5733 sis
560 5681 767 5736 casibus
792 5681 1130 5746 conturbari,
1159 5682 1250 5736 sed
1278 5683 1387 5737 otio
1407 5724 1420 5746 ,
1452 5687 1734 5738 securitate
1763 5701 1825 5739 ac
1855 5686 2030 5755 quiete

462 5773 588 5837 frui,
615 5787 678 5829 ac
701 5773 928 5846 singulis
948 5773 1134 5832 diebus
1159 5775 1226 5834 dc
1252 5776 1460 5833 illorum
1488 5789 1626 5834 statu
1652 5794 1831 5834 curam
1864 5779 2026 5835 liabe~

1551 351 1609 405 S.
1647 347 1926 405 JOANNIS
1953 343 2416 403 CHRYSOSTOMI
2456 346 2632 416 VITA,

3649 358 3750 442 an

2177 479 2253 521 re.
2283 480 2346 519 ac
2371 481 2490 519 cum
2522 466 2584 520 iis
2608 466 2695 537 qui
2725 469 3045 523 accedebant
3082 471 3149 526 de
3187 471 3347 528 rebus
3371 474 3438 528 ad
3465 475 3606 545 ipsos
3631 493 3752 548 spe-

2173 554 2436 609 ctantibus
2459 557 2717 625 colloquia
2746 560 2989 613 miseere.

2244 646 2368 701 Haec
2394 649 2614 716 epistola
2643 650 2760 703 aliis
2791 651 3182 721 circumpositis
3202 653 3412 724 longior
3428 665 3529 711 est.
3552 656 3748 713 Verum

2171 739 2327 792 aliam
2349 740 2481 794 hanc
2499 741 2789 810 longiorem
2814 743 2939 810 ipsis
2959 743 3121 808 misit,
3146 744 3233 798 ubi
3260 747 3424 800 multa
3445 759 3659 802 enarrat
3678 750 3747 804 de

2175 832 2520 885 tentationum
2550 843 2601 887 et
2625 833 3003 889 adversitatum
3034 836 3204 891 fructu
3231 855 3243 890 :
3272 839 3346 892 ait
3374 855 3501 894 vero
3521 856 3600 906 se,
3626 841 3749 896 licet

2172 921 2408 988 epistolae
2438 922 2632 978 limites
2675 927 2968 980 excessisse
3009 926 3269 991 videatur,
3312 943 3530 998 sperare
3569 941 3746 986 tamen

2173 1011 2316 1080 ipsos
2344 1013 2565 1068 vinealis
2585 1016 2780 1069 amoris
2803 1018 3107 1082 obstrictos,
3136 1019 3432 1075 breviorem
3464 1021 3604 1075 illam
3629 1038 3749 1078 esse

2171 1111 2443 1168 putaturos
2473 1119 2610 1157 esse.
2640 1104 2745 1159 Res
2771 1121 2834 1159 ex
2856 1115 2979 1160 voto
2997 1106 3380 1178 Chrysostomo
3399 1113 3558 1166 cessit
3586 1129 3600 1165 :
3630 1112 3748 1167 lon-

2169 1207 2288 1260 gam
2320 1193 2460 1246 enim
2501 1195 2640 1248 illam
2669 1197 2944 1264 epistolam
2975 1199 3190 1253 brevem
3235 1201 3334 1255 sibi
3374 1203 3540 1256 visam
3584 1205 3746 1260 fuisse

2171 1284 2448 1349 dixerunt,
2482 1297 2537 1340 ut
2559 1289 2608 1340 in
2639 1290 2858 1356 epistola
2899 1289 2970 1343 22
3005 1291 3070 1344 ad
3115 1293 3258 1358 ipsos
3285 1294 3446 1348 inissa
3480 1304 3740 1349 narratur.

2173 1375 2244 1428 Ea
2271 1377 2411 1429 enim
2443 1388 2525 1432 est
2552 1379 2632 1432 vis
2658 1380 2920 1446 caritatis,
2960 1381 3127 1450 inquit
3155 1383 3243 1437 ille
3263 1426 3278 1449 ,
3313 1400 3429 1452 qua:
3454 1400 3742 1454 numquam

2169 1467 2370 1534 expleri
2400 1469 2586 1536 possit,
2616 1470 2684 1524 ita
2715 1481 2771 1524 ut
2796 1472 2838 1524 si
2867 1472 3093 1541 decuplo
3117 1474 3326 1544 longior
3355 1475 3576 1544 epistola
3607 1475 3740 1530 fuis-

2169 1572 2287 1626 set,
2314 1551 2488 1616 brevis
2517 1570 2690 1617 tamen
2719 1565 2828 1617 visa
2859 1563 3044 1619 fuisset
3073 1568 3392 1622 amantibus.
3418 1568 3541 1623 Ητῡο
3563 1580 3741 1623 autem

2170 1650 2260 1705 ille
2301 1653 2542 1722 pluribus
2574 1657 2928 1724 persequitur.
2960 1657 3221 1724 Quoniam
3265 1673 3392 1712 vero
3419 1659 3515 1726 ipsi
3547 1658 3741 1714 hortati

2170 1743 2311 1797 illum
2343 1744 2548 1799 fuerant
2595 1756 2655 1801 ut
2703 1747 2973 1810 Romano,
3015 1737 3326 1822 presbytero
3372 1752 3738 1814 Antiocheuo,

2168 1835 2514 1888 sanctimonia
2545 1846 2598 1890 et
2624 1851 2829 1890 morum
2859 1839 3117 1893 Suavitate
3156 1840 3378 1910 insigni,
3408 1841 3588 1896 literas
3612 1843 3739 1895 mit-

2169 1932 2304 1979 teret
2329 1945 2338 1978 :
2366 1941 2568 1982 morem
2591 1928 2720 1998 ipsis
2734 1944 2942 1999 gerens,
2962 1931 3238 2000 epistolam
3263 1933 3334 1986 25
3349 1933 3415 1985 ad
3441 1933 3736 1986 Romanum

2169 2020 2538 2093 presbyterum
2568 2023 2742 2086 misit,
2771 2037 2926 2092 quem
2968 2034 3026 2077 ut
3061 2024 3296 2078 caritatis
3327 2025 3439 2093 lege
3469 2025 3566 2078 sibi
3595 2041 3736 2079 sem-

2168 2129 2266 2182 per
2289 2113 2602 2168 adstrictum
2633 2115 2809 2169 laudat
2837 2129 2868 2169 a
2897 2130 3102 2170 morum
3127 2117 3438 2186 virtutisque
3458 2118 3736 2185 suavitate,

2167 2219 2270 2272 qua
2301 2220 2486 2258 omnes
2512 2205 2600 2274 qui
2632 2205 2698 2258 ad
2728 2205 2898 2274 ipsum
2941 2207 3266 2260 accedebant
3304 2221 3430 2261 suos
3469 2207 3734 2262 redderet.

2167 2296 2338 2364 Rogat
2357 2305 2532 2349 autem
2563 2297 2742 2350 literas
2763 2297 2862 2359 sibi
2886 2299 3078 2359 mittat,
3105 2306 3159 2352 et
3187 2312 3244 2351 se
3276 2313 3490 2366 precum
3518 2314 3735 2353 suarum

2165 2385 2400 2439 subsidio
2419 2385 2587 2454 juvet.
2614 2385 2883 2440 Romanus
2906 2403 3031 2441 vero
3058 2387 3156 2442 hac
3176 2389 3394 2457 epistola
3418 2393 3732 2458 concitatus,

2166 2492 2270 2530 non
2299 2479 2456 2532 modo
2481 2477 2673 2532 Joanni
2701 2480 3004 2550 rescripsit,
3036 2481 3130 2534 sed
3168 2482 3324 2534 etiam
3361 2481 3411 2535 id
3441 2481 3644 2549 effecit,
3679 2493 3734 2538 ut

2165 2570 2400 2623 caritatis
2447 2581 2498 2624 et
2547 2571 2930 2626 benevolentiae
2977 2588 3097 2642 erga
3143 2571 3578 2644 Chrysostomum
3624 2591 3735 2629 sua:

2165 2660 2304 2714 fama
2336 2676 2439 2715 non
2477 2662 2528 2715 in
2556 2663 2860 2716 Armeniam
2904 2672 3106 2716 tantum
3128 2705 3142 2727 ,
3175 2664 3269 2717 sed
3296 2674 3348 2717 et
3379 2664 3429 2717 in
3456 2663 3732 2732 Cappado-

2163 2753 2319 2816 ciam,
2347 2755 2518 2823 quavis
2544 2755 2660 2806 tuba
2685 2753 2982 2808 Iuculentius
3010 2755 3339 2824 pervaderet.
3365 2754 3614 2808 Hortatur
3636 2770 3733 2809 au-

2165 2853 2270 2900 tem
2290 2847 2432 2899 illum
2453 2846 2590 2900 utde
2613 2846 2916 2900 valetudine
2942 2861 3034 2900 sua
3068 2847 3167 2902 sibi
3201 2846 3522 2918 frequentius
3553 2848 3733 2902 literas

2163 2938 2356 3001 mittat,
2387 2945 2438 2990 et
2475 2937 2526 2990 in
2558 2937 2799 3005 precibus
2828 2937 2908 2992 sui
2933 2939 3241 2992 memoriam
3270 2955 3375 2993 non
3397 2940 3730 2994 intermittat.

2163 3028 2332 3081 Aliam
2357 3042 2567 3095 quoque
2587 3027 2864 3096 epistolam
2888 3027 2996 3081 222
3015 3031 3158 3083 misit
3180 3030 3362 3084 iisdem
3387 3030 3729 3101 presbyteris,

2160 3118 2321 3173 Casto
2345 3161 2359 3182 ,
2394 3119 2636 3184 Valerio,
2684 3119 2978 3188 Diophanto
3001 3129 3054 3174 et
3075 3118 3325 3191 Cyriaco,
3355 3121 3440 3190 qui
3473 3121 3642 3190 ipsum
3672 3131 3732 3176 ut

2162 3211 2360 3278 prolixa
2392 3210 2489 3263 sibi
2517 3210 2738 3279 cpistola
2769 3211 3116 3280 responderet
3146 3214 3340 3280 precati
3368 3213 3589 3266 fuerant.
3613 3213 3730 3266 Mu-

2161 3308 2251 3353 tuo
2275 3311 2448 3353 autem
2474 3302 2591 3354 illos
2615 3301 2808 3355 amoris
2826 3303 3034 3355 vinculo
3055 3305 3368 3357 constrictos
3389 3303 3728 3372 depraedicat,

2158 3405 2448 3462 optareque
2473 3405 2529 3448 se
2551 3393 2678 3447 dicit
2704 3404 2760 3448 ut
2779 3409 3065 3464 congressu
3089 3393 3186 3449 frui
3209 3396 3384 3462 liceat,
3410 3397 3502 3450 sed
3529 3396 3646 3466 quia
3675 3397 3729 3450 id

2157 3498 2371 3553 sperare
2402 3500 2504 3537 non
2542 3495 2767 3551 poterat,
2799 3471 3063 3554 ingentem
3106 3486 3290 3540 saltem
3325 3485 3594 3540 literarum
3637 3503 3730 3540 co-

2157 3575 2295 3642 piam
2323 3574 2385 3626 ad
2413 3589 2472 3628 se
2502 3576 2730 3628 mittant.

2227 3667 2461 3734 Epistola
2487 3666 2555 3721 95
2581 3667 2773 3734 scripta
2795 3665 2888 3719 fuit
2911 3665 3233 3734 Aphthonio,
3253 3666 3546 3728 Theodoto,
3572 3664 3728 3720 Clue-

2156 3774 2260 3813 rea:
2303 3759 2624 3830 presbyteris
2667 3769 2721 3813 et
2767 3761 3078 3822 monachis,
3121 3759 3342 3828 aliisque
3387 3759 3438 3812 in
3483 3759 3730 3812 sodalitio

2154 3850 2452 3919 Zeugmatis
2481 3849 2810 3903 versantibus
2836 3867 2848 3902 :
2873 3864 3163 3918 eorumque
3185 3851 3426 3918 precibus
3447 3864 3568 3903 sese
3587 3863 3728 3903 com-

2153 3941 2388 4005 mendat,
2422 3950 2476 3994 ut
2502 3943 2611 4010 qui.
2639 3957 2756 3994 cum
2789 3940 2986 3993 mundo
3015 3940 3388 3995 valedixissent
3428 3949 3482 3994 et
3517 3941 3624 4008 jam
3670 3942 3725 3994 in

2153 4034 2435 4103 tranquillo
2464 4042 2616 4101 portu
2644 4042 3004 4097 versarentur,
3039 4041 3220 4086 noctes
3270 4033 3321 4085 in
3365 4032 3479 4086 dies
3507 4032 3573 4084 ad
3606 4049 3727 4100 pre-

2151 4127 2376 4180 candum
2406 4125 2882 4188 eommutaverint;
2915 4124 3232 4193 iusuperque
3253 4134 3308 4175 ut
3333 4123 3400 4177 de
3419 4123 3725 4178 valetudine

2150 4236 2242 4272 sua
2274 4234 2332 4272 se
2362 4217 2527 4271 literis
2567 4219 2846 4271 certiorem
2880 4217 3077 4269 faciant
3117 4225 3351 4284 exoptat.
3380 4215 3574 4269 Eadem
3613 4215 3726 4269 fere

2150 4312 2261 4380 ipsa
2291 4311 2480 4381 repetit
2510 4310 2560 4363 in
2589 4310 2811 4378 epistola
2835 4309 2902 4364 70
2923 4309 2988 4363 ad
3015 4308 3229 4362 eosdem
3269 4308 3427 4362 missa
3457 4326 3471 4362 :
3496 4310 3545 4361 in
3573 4308 3725 4376 cujus

2151 4405 2256 4458 fine
2284 4403 2407 4457 dicit
2431 4444 2443 4466 ,
2473 4418 2531 4457 se
2558 4403 2771 4471 quidem
2814 4409 2995 4456 exacta
3027 4401 3203 4455 hieme
3247 4409 3300 4454 et
3327 4410 3513 4453 exorto
3541 4416 3662 4454 vere
3689 4415 3722 4454 a

2147 4498 2290 4566 gravi
2335 4495 2522 4549 morbo
2567 4495 2846 4549 liberatum
2897 4494 3094 4560 fuisse,
3135 4493 3230 4548 sed
3279 4493 3442 4562 ipsius
3473 4493 3722 4561 reliquias

2154 4589 2326 4649 adhuc
2382 4587 2747 4650 circumferre,
2800 4602 2932 4656 quas
2983 4586 3241 4655 augebant
3292 4585 3451 4639 etiam
3507 4584 3720 4638 Isaurici

2149 4680 2639 4749 tumultus:quare
2701 4679 2753 4731 in
2816 4692 3168 4731 aerumnarum
3234 4676 3479 4730 solatium
3543 4675 3722 4728 literas

2146 4771 2246 4823 sibi
2281 4772 2581 4839 frequenter
2609 4770 2818 4823 mittant
2859 4777 3094 4836 exoptat.
3121 4767 3232 4822 Sub
3266 4768 3380 4822 haec
3406 4768 3585 4820 literas
3615 4768 3717 4836 ipsi

2146 4863 2404 4916 misrrunt
2431 4862 2762 4924 Theodorus,
2794 4859 3042 4914 Nicolaus
3070 4871 3122 4913 et
3146 4858 3392 4914 Chrereas
3415 4902 3428 4922 ,
3458 4860 3608 4928 queis
3639 4869 3720 4912 te-

2145 4956 2508 5010 stifieahantur
2535 4972 2592 5009 se
2621 4956 2883 5008 Cucusum
2928 4954 3092 5024 ipsius
3119 4952 3320 5008 visendi
3351 4969 3507 5007 causa
3535 4963 3718 5007 ventu-

2145 5064 2233 5102 ros
2264 5048 2424 5101 fuisse
2447 5088 2461 5110 ,
2505 5047 2603 5099 nisi
2638 5046 2936 5099 Isaurorum
2971 5046 3305 5099 incursiones
3336 5044 3715 5112 impedimento

2144 5138 2241 5190 sibi
2295 5138 2534 5191 fuissent.
2578 5136 2670 5190 His
2714 5135 2990 5204 respondit
3036 5133 3451 5206 Chrysostomus
3495 5135 3714 5202 epistola

2144 5227 2279 5294 146,
2314 5243 2370 5281 se
2398 5237 2570 5281 tamen
2601 5227 2743 5296 ipsos
2783 5243 2845 5280 ex
2888 5227 3074 5279 affectu
3117 5227 3203 5279 tali
3235 5226 3384 5296 quasi
3427 5237 3715 5294 praesentes

2141 5339 2352 5391 semper
2383 5321 2599 5387 habere,
2631 5336 2728 5375 nec
2753 5321 2998 5374 dubitare
3033 5336 3089 5374 se
3119 5320 3242 5388 quin
3282 5318 3566 5389 aliquando
3603 5334 3713 5370 nm-

2141 5421 2246 5467 tata
2294 5430 2470 5467 rerum
2513 5413 2815 5468 conditione
2855 5414 2919 5467 ad
2947 5429 3005 5466 se
3042 5414 3274 5466 veniant.
3310 5412 3379 5465 Se
3420 5421 3596 5465 autem
3641 5412 3712 5462 ait

2141 5505 2317 5572 quiete
2344 5515 2398 5558 et
2423 5504 2530 5557 otio
2561 5502 2694 5569 frui,
2723 5519 3023 5574 corpusque
3047 5520 3198 5558 suum
3225 5505 3349 5558 licet
3374 5517 3477 5556 non
3510 5503 3710 5570 integra

2141 5597 2441 5650 valetudine
2469 5599 2693 5663 fruatur,
2724 5609 2804 5650 sat
2833 5597 3112 5651 commode
3138 5611 3196 5650 se
3227 5595 3457 5656 habere.
3489 5605 3540 5651 et
3568 5595 3702 5648 Isau-

2139 5704 2316 5744 rorum
2345 5688 2671 5744 incursiones
2695 5690 2980 5743 valetudini
3009 5704 3118 5744 sure
3139 5687 3370 5743 officere.

2210 5782 2594 5858 Chrysostomus
2619 5786 2680 5840 de
2705 5786 3060 5858 prapagatione
3077 5788 3198 5857 ﬁdei
3212 5803 3410 5856 semper
3425 5786 3696 5841 sollicitus.
