4096 6392
294 446 402 501 245

296 558 680 629 —-Ntunquam
725 577 1003 624 mrumuas,
1052 561 1221 615 morbi
1267 565 1449 617 aliteve
1493 560 1877 616 sollicitudines

297 649 557 703 Joannem
600 661 839 706 nostrum
884 661 1192 707 averterunt
1228 667 1257 705 a
1303 652 1661 707 sollicitudine
1691 668 1880 721 propa-

298 740 484 810 ganda:
527 741 667 795 fidei.
702 742 818 795 Jam
849 743 1077 797 Vidimus
1109 743 1301 813 ipsum,
1331 759 1433 811 qua
1460 743 1548 797 die
1585 743 1754 797 exsilii
1797 742 1881 794 lo-

299 846 422 885 cum
453 839 636 901 petens
661 831 892 886 Nicaeam
934 834 1204 902 pergebat,
1253 833 1531 902 scripsisse
1572 832 1881 887 Constantio

300 925 630 995 presbytero,
664 933 720 978 ut
744 940 810 978 ne
836 940 900 978 ex
925 934 1184 993 przeseute
1212 934 1523 995 tempestate
1544 933 1881 979 amoveretur

298 1014 368 1067 ab
409 1013 584 1067 olflcio
612 1024 667 1069 et
691 1030 721 1069 a
748 1030 805 1069 re
836 1026 1104 1084 suscepta,
1134 1015 1225 1070 sed
1256 1032 1350 1085 pro
1376 1030 1525 1069 more
1549 1030 1646 1068 suo
1670 1015 1880 1084 eos,qui

299 1104 473 1159 adhuc
503 1105 809 1160 Graicornm
837 1107 1217 1177 superstitioni,
1248 1123 1342 1162 seu
1384 1108 1691 1162 idololatria:
1718 1106 1880 1160 dediti

300 1206 471 1260 erant.
499 1198 564 1252 ad
596 1199 947 1253 Christianam
981 1199 1138 1253 fidem
1175 1208 1485 1253 convertere
1528 1208 1789 1267 pergeret,
1828 1206 1882 1251 et

301 1290 515 1359 impiam
563 1292 871 1361 religionem
916 1292 1316 1357 exterminaret,
1364 1301 1522 1359 atque
1568 1289 1874 1354 Phoenicim,

300 1380 509 1435 Arabia:
526 1392 578 1435 et
594 1380 826 1436 Orientis
848 1383 1201 1437 Ecclesiarum
1223 1396 1403 1436 curam
1425 1390 1654 1451 gereret.
1678 1380 1880 1435 Eadem

300 1486 514 1542 semper
542 1473 736 1527 ardens
768 1474 1015 1542 cupidine
1056 1471 1468 1544 Chrysostomus
1507 1473 1572 1527 ad
1602 1472 1878 1526 Nicolaum

302 1565 669 1636 presbyterum
700 1566 912 1634 scripsit
935 1566 1214 1636 epistolam
1241 1567 1310 1621 55
1354 1583 1367 1619 :
1416 1580 1573 1636 quem
1605 1564 1881 1619 Nicolaum

301 1657 552 1725 Opinatur
596 1674 647 1711 v.
680 1658 749 1712 el.
795 1658 1169 1712 Tillemontius
1195 1675 1314 1713 eum
1351 1674 1471 1714 esse
1498 1659 1609 1728 qui,
1642 1667 1700 1712 ut
1724 1659 1883 1712 modo

301 1748 627 1808 dicebamus.
669 1767 788 1805 cum
831 1752 948 1805 aliis
982 1752 1297 1821 quibusdam
1345 1752 1726 1823 Chrysostomo
1752 1753 1885 1807 scri-

303 1840 409 1908 psit
434 1858 448 1894 :
475 1842 615 1909 quod
640 1842 684 1895 si
717 1859 819 1897 non
846 1854 1071 1906 certum,
1109 1845 1395 1899 verisimile
1418 1845 1702 1900 admodum
1732 1846 1882 1900 vide-

303 1940 406 1985 tur.
436 1933 710 1988 Nicolaum
737 1936 883 1990 illum
909 1952 1247 2007 summopere
1271 1938 1468 2003 laudat,
1497 1938 1637 2008 quod
1667 1954 1884 2010 evange-

303 2022 418 2077 lica:
457 2025 815 2093 prgedicationi
846 2027 896 2081 in
926 2028 1195 2084 Plitenicia
1223 2043 1436 2097 semper
1464 2029 1793 2099 advigilaret,
1821 2044 1884 2083 ac

303 2116 596 2171 monachos
622 2117 710 2170 illo
738 2118 989 2185 misisset,
1013 2128 1171 2189 atque
1200 2120 1251 2173 in
1289 2129 1432 2173 tanta
1459 2135 1635 2173 rerum
1662 2120 1885 2174 difﬁcul—

303 2213 411 2258 tate
441 2206 558 2260 illos
602 2207 721 2262 istic
763 2223 981 2263 manere
1021 2211 1300 2279 coegisset.
1333 2209 1690 2280 llortaturque
1734 2211 1881 2265 illum

302 2304 361 2350 ut
389 2296 703 2352 Gerontium
736 2300 1126 2372 presbyterum,
1159 2317 1316 2371 quem
1342 2318 1497 2356 suum
1527 2302 1676 2369 dicit,
1706 2302 1882 2357 statim

302 2396 459 2457 atque
483 2404 511 2442 a
540 2391 727 2445 morbo
748 2392 1097 2457 convaluerit,
1129 2401 1315 2463 urgeat
1348 2402 1404 2447 ut
1432 2394 1533 2447 iter
1559 2394 1682 2446 illuc
1715 2394 1884 2447 susci-

304 2478 432 2547 piat,
461 2488 714 2550 curctque
743 2482 1051 2537 utJoannes
1081 2499 1292 2553 quoque
1322 2485 1603 2555 presbyter
1627 2500 1754 2539 suus
1780 2500 1881 2537 una

299 2582 422 2621 cum
448 2568 704 2625 Gerontio
725 2571 913 2627 eodem
941 2583 1143 2643 pergat.
1166 2575 1234 2629 Se
1257 2573 1423 2644 ipsius
1446 2575 1645 2629 Nicolai
1670 2575 1883 2629 videndi

300 2669 355 2713 et
396 2662 751 2731 amplectendi
778 2680 970 2735 magno
1002 2667 1168 2721 teneri
1194 2667 1459 2722 desiderio
1488 2668 1639 2733 dicit,
1666 2668 1759 2722 sed
1800 2678 1881 2721 ta-

302 2766 423 2805 men
450 2751 595 2806 illum
619 2770 757 2809 nunc
786 2755 904 2810 istic
930 2772 1146 2812 manere
1171 2773 1392 2813 necesse
1416 2758 1640 2813 omnino
1666 2773 1806 2813 esse.

374 2843 455 2896 Ad
496 2842 808 2899 Gerontium
852 2862 1012 2916 porro
1052 2848 1199 2901 illum
1229 2863 1388 2917 supra
1421 2859 1793 2916 memoratum,
1829 2849 1879 2902 in

303 2934 628 2991 Phaeniciam
660 2940 973 3008 profectum,
1021 2940 1170 2993 binas
1214 2942 1428 3011 scripsit
1455 2941 1725 3010 epistolas,
1753 2957 1883 3012 qua-

304 3042 419 3079 rum
451 3026 613 3095 prima
653 3029 839 3097 periit;
873 3030 923 3082 in
951 3031 1181 3084 secunda
1208 3047 1337 3085 vero
1357 3033 1427 3087 54
1452 3033 1597 3086 illum
1635 3033 1884 3088 cohorta-

303 3124 388 3170 tur
407 3127 460 3171 et
483 3118 743 3181 obsecrat,
768 3129 844 3186 ut,
863 3130 1059 3189 quanto
1087 3122 1256 3188 major
1270 3132 1349 3175 est
1372 3130 1881 3193 tempestas,quanlo

303 3211 505 3281 majora
536 3212 828 3283 ingruentia
866 3214 1021 3278 mala,
1053 3224 1197 3268 tanto
1226 3214 1425 3283 majore
1450 3216 1625 3270 studio
1661 3227 1713 3271 et
1738 3232 1796 3271 se
1825 3225 1883 3271 et

303 3305 435 3357 alios
464 3303 529 3357 ad
577 3304 701 3357 illud
741 3306 919 3373 operis
968 3306 1359 3375 suscipiendum
1407 3308 1623 3371 excitet,
1677 3324 1796 3362 cum
1849 3324 1879 3363 a

311 3394 499 3446 morbo
535 3395 884 3452 convaluerit.
916 3396 1049 3450 Dicit
1083 3407 1257 3451 autem
1299 3411 1357 3452 se
1410 3397 1721 3453 Constantio
1754 3416 1875 3470 pre-

301 3485 517 3554 sbytero
560 3485 609 3539 id
637 3487 829 3555 negotii
854 3488 1205 3551 commisisse,
1236 3495 1292 3541 ut
1320 3488 1429 3540 sive
1459 3489 1523 3541 ad
1564 3490 1753 3542 aedium
1781 3505 1877 3543 ex-

300 3580 640 3641 structiones,
685 3581 798 3634 sive
846 3580 911 3633 ad
956 3580 1330 3633 sublevandam
1382 3580 1603 3635 fratrum
1649 3582 1877 3651 in0piam

301 3670 446 3739 large
472 3671 572 3723 illis
601 3681 841 3741 sumptus
866 3680 916 3725 et
941 3672 1192 3741 pecunias
1209 3672 1529 3742 suppeditet,
1558 3673 1665 3727 imo
1682 3673 1877 3743 largius

300 3774 459 3828 quam
484 3770 662 3816 antea.

372 3849 486 3903 Jam
538 3851 768 3905 vidimus
796 3850 1054 3907 Joannem
1086 3862 1325 3909 nostrum
1356 3870 1547 3909 munus
1591 3871 1685 3911 seu
1730 3873 1875 3911 sum-

302 3955 441 3994 mam
487 3943 741 4010 pecuniar,
771 3958 927 4012 quam
957 3944 1218 4014 Diogenes
1248 3946 1347 4015 ipsi
1379 3947 1614 4012 miserat,
1652 3964 1871 4004 recusa-

301 4030 459 4095 visse,
480 4042 532 4085 ct
559 4032 628 4085 illi
654 4033 930 4103 scripsisse
960 4043 1016 4089 ut
1044 4051 1160 4090 eam
1181 4052 1443 4093 summam
1476 4040 1525 4093 in
1551 4040 1872 4097 Phceniciam

300 4122 366 4174 ad
390 4125 644 4191 evangelii
669 4140 941 4194 prarcoues
977 4129 1232 4193 mitteret,
1261 4139 1314 4184 et
1346 4130 1688 4201 Aphraatem,
1715 4150 1871 4203 quem

301 4214 399 4266 sibi
432 4214 650 4269 miserat
673 4216 738 4270 ad
781 4231 897 4271 eam
925 4234 1035 4273 rem
1065 4221 1334 4289 expediret
1362 4241 1381 4278 :
1412 4224 1501 4292 qui
1538 4225 1619 4278 vir
1654 4234 1766 4279 erat
1805 4227 1871 4280 ad

298 4307 377 4361 eis
404 4309 647 4362 solatium
674 4311 997 4365 afferendum
1028 4312 1267 4368 idoneus.
1299 4313 1529 4370 Joannes
1562 4333 1688 4371 vero
1722 4334 1870 4387 pres-

300 4399 452 4469 byter
478 4399 663 4454 eadem
702 4400 770 4455 de
797 4417 953 4456 causa
985 4403 1036 4457 in
1069 4404 1393 4459 Phoeniciam
1439 4421 1497 4460 se
1534 4409 1868 4464 contulerat:

298 4498 621 4559 quapropter
663 4490 1074 4562 Chrysostomus
1117 4494 1264 4548 illum
1309 4497 1648 4551 commendat
1676 4498 1726 4551 in
1755 4500 1869 4567 epi-

297 4580 431 4633 stola
459 4579 528 4634 55
554 4579 789 4635 Simeoni
818 4591 873 4637 et
900 4583 1028 4638 Mari
1070 4586 1392 4657 presbyteris
1422 4597 1476 4641 et
1516 4590 1788 4643 monachis
1818 4591 1867 4645 in

298 4672 613 4741 Apameensi
636 4675 851 4743 regione
878 4678 1208 4731 versantibus
1234 4695 1247 4730 :
1277 4678 1501 4747 illosque
1532 4679 1771 4733 hortatur
1792 4690 1865 4745 ut,

297 4765 340 4816 si
380 4780 512 4834 quos
548 4781 833 4836 generosos
872 4778 926 4823 et
955 4780 1264 4838 przestantes
1296 4772 1435 4826 viros
1475 4774 1866 4840 nanciscantur,

296 4856 382 4924 qui
411 4856 475 4910 ad
506 4872 620 4911 eam
662 4873 773 4913 rem
816 4859 1129 4915 auxiliarem
1181 4878 1393 4917 manum
1421 4864 1611 4919 afferre
1644 4867 1865 4934 possint,

296 4962 391 5002 eos
418 4950 507 5003 illo
525 4950 749 5005 mittant.
771 4951 902 5005 Cum
928 4952 1199 5008 didicisset
1217 4964 1391 5008 autem
1420 4956 1668 5024 Alphium
1692 4972 1869 5026 quem.

296 5041 437 5105 dam,
469 5058 625 5111 quem
668 5042 898 5097 Joannes
931 5044 1209 5115 presbyter
1234 5045 1455 5110 adierat,
1498 5048 1641 5101 illum
1671 5050 1869 5103 excita-

294 5136 451 5197 visse,
477 5143 634 5203 atque
656 5134 706 5187 in
734 5134 1057 5189 thniciam
1086 5136 1314 5201 misisse,
1343 5138 1450 5192 imo
1470 5139 1583 5192 auri
1605 5156 1865 5194 summam

294 5226 392 5294 ipsi
421 5225 633 5279 dedisse
670 5240 683 5278 :
714 5225 961 5295 Alphium
1002 5226 1121 5281 ideo
1145 5228 1379 5282 celebrat
1402 5228 1633 5284 Joannes
1659 5241 1860 5297 noster,

294 5328 345 5369 ct
374 5326 429 5369 ut
456 5316 551 5370 sibi
579 5316 883 5387 frequenter
910 5317 1091 5372 literas
1120 5322 1295 5373 mittat
1323 5318 1583 5375 hortatur.

363 5406 632 5462 Tumultus
658 5410 710 5462 in
741 5408 1001 5463 Phoenicia
1030 5421 1206 5463 contra
1230 5410 1491 5483 Evangelii
1518 5428 1866 5481 pauones.—

294 5498 490 5553 Exorto
538 5515 728 5569 magno
770 5500 822 5553 in
865 5500 1136 5554 thnicia
1168 5503 1412 5566 tumultu,
1458 5519 1577 5557 cum
1608 5504 1862 5573 evangelii

296 5605 565 5659 pnccones
610 5590 661 5644 in
690 5592 959 5657 mrumnis,
988 5600 1044 5646 et
1079 5591 1296 5646 forsitan
1328 5595 1378 5647 in
1425 5594 1660 5663 periculo
1688 5609 1864 5649 versa-

295 5690 511 5745 rentur;
558 5690 799 5737 metuens
844 5682 1078 5738 Joannes
1108 5694 1291 5738 noster
1339 5701 1407 5740 ne
1448 5701 1476 5738 a
1527 5685 1863 5754 praedicando

296 5774 566 5842 evangelio
591 5772 927 5839 desisterent,
967 5774 1244 5843 epistolam
1276 5776 1377 5829 19.3
1406 5776 1616 5844 scripsit
1645 5776 1862 5845 presby-

296 5868 410 5922 teris
444 5874 495 5923 et
524 5868 795 5921 monachis
812 5867 1034 5935 gentiles
1061 5867 1112 5921 in
1154 5867 1421 5924 Phoenicia
1448 5868 1851 5925 instituentibus.

602 5945 872 6005 ΡΑτιιοι.
920 5945 1036 6009 Gtt.
1083 5949 1331 6010 XLVII.

1450 450 1630 507 NUNC
1672 449 1930 505 PRIMUM
1972 451 2364 508 ADORNA'I‘A.

3453 438 3563 493 9.ιὸ

1996 561 2245 617 Hortatur
2288 572 2462 618 autem
2492 575 2712 617 cunctos
2740 572 2794 617 et
2821 562 3075 632 singulos,
3129 576 3196 617 ue
3224 561 3351 631 quis
3372 573 3470 615 eos
3499 557 3574 609 ob

1988 664 2231 707 exortum
2272 656 2549 707 tumultum
2593 656 2642 707 in
2674 653 2912 707 fraudem
2955 653 3192 722 impellat
3220 652 3301 707 vel
3333 654 3564 706 abducat

1986 743 2052 796 ad
2084 744 2406 798 thniciam
2435 744 2837 814 relinquendam
2863 760 2875 797 :
2903 757 3009 813 quo
3037 744 3265 812 majores
3292 743 3434 797 enim
3462 742 3565 796 dif-

1986 833 2246 889 ficultates
2275 843 2330 890 et
2354 849 2607 889 aerumna:
2627 834 2968 904 objiciuntur,
2999 849 3064 889 eo
3085 833 3283 904 majora
3307 833 3405 887 sibi
3428 848 3565 901 pra:-

1985 926 2089 978 mia
2120 926 2399 979 reservari.
2429 926 2559 979 Cum
2589 926 2733 980 enim
2768 925 3053 994 impietatis
3088 934 3290 995 partem
3318 924 3372 978 in
3402 921 3564 977 Phars

1986 1016 2119 1070 nicia
2141 1016 2251 1085 jam
2280 1017 2612 1083 sustulerint,
2637 1017 2930 1071 curandum
2961 1030 3081 1072 esse
3112 1032 3178 1071 ne
3209 1025 3384 1069 tantus
3413 1014 3562 1069 labor

1986 1108 2155 1163 fructu
2184 1118 2381 1163 careat.
2406 1109 2476 1165 Se
2497 1112 2566 1163 ita
2599 1109 2894 1179 providisse
2919 1111 3012 1174 ait,
3060 1120 3117 1163 ut
3143 1109 3273 1163 nihil
3311 1122 3560 1177 umquam

1984 1202 2171 1257 deesse
2200 1204 2384 1272 possit,
2418 1212 2580 1272 utque
2605 1203 2779 1256 omnia
2824 1203 2952 1270 ipsis
2982 1201 3264 1255 affluenter
3307 1198 3563 1270 suppedi-

1987 1302 2180 1349 tentur.
2211 1294 2363 1362 Quod
2390 1296 2435 1348 si
2464 1296 2549 1349 ille
2584 1296 2635 1349 in
2659 1294 2853 1350 Cucusi
2892 1294 3177 1348 solitudine
3202 1308 3419 1347 versans
3447 1302 3561 1345 tau-

1987 1395 2091 1439 tam
2137 1386 2346 1440 illorum
2374 1402 2560 1441 curam
2588 1395 2757 1456 gerat,
2786 1385 2953 1440 multo
2979 1385 3146 1455 magis
3176 1385 3337 1453 ipsos,
3371 1382 3563 1451 quibus

1984 1476 2160 1530 omnia
2187 1477 2395 1531 abunde
2427 1487 2737 1547 suppetunt,
2764 1493 2882 1546 quae
2908 1491 3121 1530 suarum
3162 1477 3389 1544 partium
3416 1482 3559 1535 sunt,

1985 1567 2193 1623 abunde
2212 1576 2467 1638 prtcstare
2500 1568 2717 1623 debere.
2751 1568 2837 1621 Ait
2864 1583 2990 1621 vero
3019 1582 3076 1620 se
3108 1562 3560 1635 religiosissimum

1984 1659 2243 1715 Joannem
2296 1660 2662 1731 presbyterum
2707 1662 2915 1715 misisse
2961 1660 3050 1728 qui
3082 1659 3202 1713 illos
3230 1656 3561 1712 cohortetur.

1987 1752 2058 1806 Se
2100 1751 2315 1806 demum
2345 1752 2523 1806 omnia
2564 1752 2774 1815 abunde
2804 1751 3113 1820 prrestitisse
3160 1768 3173 1802 :
3215 1748 3355 1818 quod
3397 1747 3441 1801 si
3488 1746 3562 1801 illi

1987 1842 2121 1896 alios
2148 1856 2205 1897 se
2226 1843 2294 1897 ab
2319 1842 2498 1897 officio
2518 1852 2820 1897 avertentes
2841 1842 3077 1909 audiant,
3102 1840 3315 1895 videant
3340 1839 3392 1893 in
3412 1838 3563 1909 cujus

1987 1942 2144 2003 caput
2170 1942 2312 1988 tanta
2349 1936 2552 2003 jactura
2578 1934 2750 1989 cadat.

2058 2024 2165 2079 Sub
2194 2024 2307 2079 haec
2335 2034 2510 2079 autem
2541 2040 2642 2079 nec
2670 2024 2835 2078 multo
2865 2032 3069 2093 postea,
3092 2022 3318 2093 gentiles
3344 2020 3560 2076 Phoeni-

1987 2118 2083 2171 cia:
2108 2117 2159 2170 in
2187 2115 2416 2171 furorem
2448 2116 2571 2183 acti,
2600 2116 2651 2169 in
2683 2115 2973 2169 monachos
2999 2112 3257 2183 evangelii
3287 2125 3562 2181 praecones

1989 2208 2407 2272 insurrexerunt,
2437 2223 2499 2263 ac
2544 2208 2845 2277 complures
2893 2207 3197 2261 vulneribus
3240 2205 3552 2268 affecerunt,

1987 2299 2245 2368 quosdam
2285 2298 2444 2358 etiam
2492 2298 2817 2353 occiderunt.
2851 2297 2981 2364 Qute
3026 2312 3112 2351 res
3155 2296 3413 2352 Joannem
3463 2310 3561 2349 no-

1987 2400 2154 2446 strum
2196 2391 2481 2447 admodum
2506 2393 2829 2446 commovit:
2861 2392 3142 2460 statimque
3167 2391 3337 2444 virum
3367 2389 3563 2458 (ιυωεὶ-

1986 2483 2082 2549 vit,
2111 2483 2199 2551 qui
2231 2492 2377 2537 tanto
2398 2482 2537 2537 malo
2558 2483 2849 2537 remedium
2878 2481 3067 2536 aﬂ‘erre
3095 2490 3292 2550 posset.
3324 2480 3432 2535 Nec
3453 2495 3563 2533 ma-

1987 2573 2064 2641 gis
2106 2573 2327 2627 idoneus
2379 2587 2497 2628 sese
2528 2574 2692 2628 menti
2720 2574 2931 2636 obtulit,
2979 2588 3140 2643 quam
3184 2572 3406 2626 Rufinus
3444 2586 3558 2639 pre.

1986 2666 2289 2737 sbyter,cui
2319 2665 2599 2735 epistolam
2628 2666 2717 2721 ille
2741 2665 2884 2719 misit
2906 2665 3027 2731 19.6,
3059 2664 3313 2734 illumque
3339 2661 3561 2732 rogavit,

1987 2756 2093 2811 imo
2121 2757 2274 2819 ursit,
2316 2767 2372 2810 ut
2400 2771 2559 2825 quam
2590 2755 2869 2810 celerrime
2900 2762 3080 2825 posset
3116 2769 3173 2809 se
3204 2754 3269 2807 ad
3296 2755 3397 2807 iter
3435 2750 3560 2807 illud

1986 2847 2288 2917 accingeret
2318 2864 2330 2899 :
2359 2857 2564 2901 certum
2591 2847 2731 2900 enim
2759 2846 2859 2899 sibi
2890 2860 3029 2911 esse,
3063 2846 3107 2899 si
3138 2860 3343 2914 preces,
3379 2842 3540 2898 lenita

1987 2949 2115 2998 tem.
2146 2937 2628 3003 mansuetudinem,
2672 2937 3003 3006 patientiam,
3033 2946 3086 2990 et
3111 2951 3229 2990 eam
3258 2950 3361 3005 qua
3400 2934 3564 3004 polle-

1986 3030 2076 3084 bat
2102 3029 2265 3083 animi
2296 3028 2661 3083 fortitudinem
2700 3027 3000 3089 adhiberet,
3031 3026 3202 3093 ipsum
3234 3024 3315 3079 vel
3343 3034 3563 3094 aSpectu

1985 3122 2100 3176 solo
2127 3119 2465 3175 adversarios
2487 3120 2538 3173 in
2566 3118 2739 3188 fugam
2763 3129 3006 3171 acturum
3034 3131 3174 3171 esse.
3212 3116 3300 3170 Ait
3324 3131 3450 3170 vero
3477 3129 3557 3181 ευ,

1985 3229 2107 3269 cum
2133 3215 2361 3284 primum
2391 3214 2507 3281 ejus
2546 3213 2596 3266 in
2635 3212 2962 3267 thuiciam
2989 3211 3274 3265 adventum
3304 3211 3557 3274 audierit,

1986 3317 2111 3362 tunc
2152 3308 2267 3362 sine
2294 3321 2417 3360 cura
2459 3315 2514 3361 et
2552 3306 2604 3358 in
2635 3305 2919 3359 securitate
2948 3303 3183 3357 futurum
3215 3317 3353 3357 esse.
3384 3302 3560 3359 Mirari

1984 3410 2112 3451 vero
2150 3411 2209 3451 se
2247 3396 2396 3457 dicit.
2437 3395 2575 3465 quod
2606 3410 2724 3449 cum
2767 3394 3081 3449 Theodorus
3107 3394 3385 3464 presbyter
3408 3394 3473 3447 ad
3504 3409 3561 3447 Su

1984 3492 2239 3554 venisset,
2284 3488 2455 3541 nullas
2488 3488 2655 3556 ipsius
2684 3487 2862 3540 Rufini
2893 3487 3073 3540 literas
3116 3486 3217 3540 sibi
3257 3486 3558 3540 attulisset:

1983 3592 2305 3650 quapropter
2332 3580 2571 3634 hortatur
2595 3580 2738 3633 illum
2764 3590 2843 3645 ut,
2867 3595 2987 3632 cum
3012 3580 3061 3632 in
3087 3578 3413 3632 Pltmniciam
3440 3592 3560 3648 pta-

1982 3673 2272 3740 ﬁciscetur,
2303 3677 2354 3727 in
2382 3674 2602 3741 singulis
2626 3672 2991 3726 mansionibus
3020 3671 3118 3725 sibi
3144 3672 3320 3725 literas
3345 3672 3517 3725 mittat
3546 3692 3559 3727 :

1980 3764 2122 3834 quod
2151 3765 2193 3817 si
2226 3763 2415 3817 fratres
2444 3762 2617 3817 adhuc
2660 3762 2752 3816 illo
2799 3762 3013 3816 mittere
3049 3770 3313 3830 oporteat,
3358 3760 3409 3814 id
3457 3761 3557 3815 sibi

1980 3867 2164 3911 notum
2191 3854 2366 3909 faciat.
2389 3855 2463 3908 De
2490 3864 2792 3909 sanctorum
2816 3867 2942 3907 vero
2960 3861 3252 3923 martyrum
3274 3852 3554 3922 Reliquiis,

1979 3964 2111 4019 quas
2140 3956 2475 4019 poposcerat,
2510 3962 2576 4001 ne
2601 3945 2737 4000 ultra
2781 3954 2933 3999 curet
2963 3944 3207 3998 hortatur
3248 3962 3261 3997 :
3307 3958 3367 3999 se
3412 3944 3555 3998 enim

1979 4041 2287 4095 Terentium
2310 4038 2674 4109 presbyterum
2696 4037 2904 4091 misisse
2925 4037 2989 4090 ad
3008 4036 3269 4099 Otreium,
3289 4035 3556 4091 Arabissa:

1978 4134 2308 4204 episcopum,
2362 4130 2453 4199 qui
2482 4129 2677 4183 multas
2714 4144 2778 4183 ac
2816 4128 3034 4182 minime
3058 4127 3246 4181 dubias
3284 4126 3556 4197 Reliquias

1978 4224 2227 4291 habebat,
2268 4239 2401 4294 quas
2443 4223 2625 4292 paucis
2673 4230 2856 4291 postea
2903 4219 3091 4275 diebus
3129 4220 3183 4274 in
3226 4219 3554 4275 Pbmniciam

1978 4315 2075 4385 ipsi
2103 4316 2361 4369 missurus
2386 4323 2518 4369 erat.

2048 4408 2103 4461 ln
2122 4406 2343 4477 epistola
2360 4419 2568 4474 quoque
2582 4403 2653 4457 28
2669 4402 2733 4455 ad
2753 4401 3001 4455 Basilium
3024 4400 3554 4471 presbyterum,dicit

1975 4498 2145 4563 illum,
2164 4511 2319 4565 quem
2340 4495 2406 4549 de
2432 4493 2564 4548 facie
2592 4507 2876 4560 numquam
2895 4491 3119 4553 viderat,
3148 4492 3401 4545 adversus
3426 4506 3554 4561 gen-

1978 4588 2095 4643 tiles
2116 4588 2407 4651 decertare,
2428 4595 2484 4638 ut
2511 4598 2603 4639 eos
2618 4583 2683 4637 ad
2702 4585 2837 4637 viam
2862 4582 3094 4636 veritatis
3119 4581 3405 4636 deduceret
3428 4600 3442 4637 :
3472 4593 3553 4635 ut-

1975 4695 2090 4733 rum
2116 4688 2294 4733 autem
2321 4676 2373 4729 in
2401 4675 2671 4729 Phrenicia
2698 4674 2747 4727 id
2775 4682 2974 4743 ageret,
2998 4673 3281 4727 incertum.
3305 4673 3456 4727 Prior
3477 4672 3550 4726 illi

1977 4773 2154 4827 literas
2172 4770 2313 4824 misit
2330 4767 2977 4839 Chrysostumus,pictatis
2993 4766 3157 4836 ipsius
3174 4764 3308 4819 fama
3324 4778 3552 4820 commo-

1978 4874 2081 4927 tus,
2116 4862 2462 4929 hortaturque
2501 4858 2648 4912 illum
2683 4869 2739 4912 ut
2764 4857 2988 4912 subinde
3016 4857 3118 4911 sibi
3148 4857 3330 4911 literas
3355 4857 3538 4910 mittat.

2044 4953 2365 5007 Constantius
2390 4950 2643 5021 presbyter
2661 4968 2693 5003 a
2721 4948 3075 5020 Cltrysostomo
3109 4954 3293 5004 missus
3318 4959 3539 5003 vexatur.

1970 5074 2041 5087 -—
2064 5044 2206 5098 Dixit
2228 5058 2387 5112 supra
2417 5041 2653 5097 Joannes
2676 5050 2860 5095 noster
2885 5041 2937 5094 iu
2957 5041 3117 5109 epist.
3143 5039 3209 5093 ad
3235 5039 3549 5095 Gerontium

1973 5137 2061 5198 54,
2092 5152 2149 5189 se
2175 5135 2488 5189 Constantio
2520 5134 2832 5204 presbytero
2870 5133 3221 5197 commisisse,
3253 5141 3311 5185 ut
3337 5132 3420 5198 iis,
3461 5136 3547 5202 qui

1976 5228 2027 5282 iu
2067 5228 2335 5283 Plitenicia
2385 5227 2658 5294 gentilium
2687 5218 3025 5279 conversioni
3074 5223 3274 5277 dabant
3307 5238 3551 5292 operam;

1974 5323 2227 5389 pecunias
2274 5318 2482 5371 abunde
2528 5317 2913 5387 suppeditaret.
2966 5314 3148 5385 Neque
3192 5315 3423 5383 explicat
3479 5314 3549 5367 ibi

1972 5428 2073 5478 qua
2118 5412 2186 5466 de
2228 5424 2387 5465 causa
2434 5410 2772 5465 Constantius
2806 5448 2820 5471 ,
2858 5410 2946 5478 qui
2987 5407 3352 5478 Clirysostomi
3398 5407 3549 5462 lateri

1974 5504 2227 5569 haerebat,
2275 5505 2325 5558 in
2372 5504 2489 5557 illas
2520 5512 2699 5572 partes
2740 5502 2840 5555 iter
2868 5500 3164 5570 susceperit
3203 5516 3217 5551 :
3264 5513 3448 5553 verum
3494 5499 3548 5552 in

1972 5597 2129 5665 epist.
2164 5596 2233 5650 69.
2272 5596 2456 5660 Casto,
2485 5594 2720 5659 Valerio,
2750 5594 3069 5660 Diophanto,
3094 5602 3148 5647 et
3168 5591 3411 5663 Cyriaco,
3438 5605 3551 5658 pre-

1970 5688 2197 5758 sbyteris
2227 5684 2608 5751 Antiochenis,
2652 5699 2823 5753 ipsum
2878 5681 3218 5736 commendat
3269 5690 3325 5734 ut
3368 5679 3549 5749 inique

1970 5789 2213 5831 vexatum
2246 5781 2313 5833 ob
2341 5777 2601 5848 quoddam
2632 5777 2864 5846 ignotum
2904 5774 3057 5828 nobis
3097 5774 3383 5843 negotium,
3417 5787 3543 5841 pre.-

1972 5875 2227 5941 Gtturque
2247 5881 2302 5925 ul
2322 5877 2525 5935 curent,
2570 5884 2635 5924 ne
2674 5867 2775 5923 huc
2800 5876 2956 5937 atque
2986 5867 3107 5922 illuc
3135 5868 3542 5935 circumagatur,

3104 5956 3177 6020 14
