4096 6392
474 424 580 479 εμπ

477 552 612 594 neve
632 551 725 606 per
743 534 978 606 judicum
1009 531 1285 588 tribunalia
1307 546 1424 585 eam
1445 531 1512 586 ob
1540 546 1752 586 causam
1782 527 2041 583 distraha-

479 639 564 684 tur
591 640 748 700 atque
776 630 1055 690 laceretur,
1084 627 1153 680 ob
1181 641 1337 695 quam
1368 639 1486 678 eum
1511 624 1709 683 ornari,
1746 638 1809 674 ac
1838 621 2045 690 puhlico

477 722 746 790 praeconio
789 719 1045 774 celebrari
1076 733 1170 787 par
1206 726 1340 772 erat.
1387 716 1534 769 Illum
1576 731 1704 768 vero
1744 715 1951 767 Cucuso
1981 711 2046 764 ad

476 807 607 869 illud
630 811 823 882 negotii
846 811 1104 880 proﬁcisci
1133 826 1238 863 non
1269 810 1339 863 ita
1361 807 1718 862 necessarium
1753 814 2046 873 putaverat,

479 913 540 957 ut
565 904 616 956 in
645 904 800 972 epist.
834 901 901 957 76
929 900 996 956 ad
1020 901 1343 956 Chalcidiam
1387 899 1547 962 dicit;
1587 909 1639 952 et
1665 897 1896 966 alioquin
1935 911 2047 948 me-

480 994 662 1050 tuebat
704 1009 771 1048 ne
812 994 861 1047 in
906 993 1204 1048 Isaurorum
1247 1007 1430 1044 manus
1460 991 1734 1044 incideret.
1783 987 2049 1043 Chalcidia

479 1098 608 1137 vero
632 1092 687 1138 et
715 1082 1010 1154 Asyncritia
1041 1083 1092 1135 in
1121 1090 1323 1150 partem
1350 1095 1727 1144 aerumnarum,
1762 1093 1879 1146 qua}
1909 1076 2050 1130 Con—

480 1176 678 1229 stantio
708 1173 1089 1237 inferebantur,
1131 1172 1430 1234 veniebant,
1475 1171 1727 1238 illumque
1756 1168 1867 1220 dire
1895 1181 2057 1219 vexa-

483 1275 594 1318 tum
619 1265 857 1319 videntes
875 1263 1156 1318 admodum
1179 1262 1448 1316 dolebant.
1470 1261 1800 1330 Quapropter
1822 1258 1872 1311 in
1897 1256 2052 1326 epist.

482 1355 552 1409 60
579 1355 718 1423 ipsas
745 1354 1070 1408 consolatur.

558 1445 717 1498 Isauri
740 1459 950 1513 semper
971 1444 1083 1497 vias
1107 1442 1456 1512 regionesque
1481 1440 1680 1494 vicinas
1702 1437 2052 1500 infestabant;

486 1534 579 1588 sed
613 1534 801 1588 hiemis
831 1543 1068 1602 tempore
1107 1531 1386 1601 aliquando
1414 1530 1599 1585 saltem
1639 1538 1912 1597 receptum
1959 1525 2053 1578 ha-

484 1625 664 1679 lnnsse
690 1624 956 1678 dicuntur.
991 1625 1182 1678 Verum
1231 1625 1282 1676 in
1309 1622 1482 1676 hieme
1524 1636 1733 1691 quoque
1775 1617 2057 1688 aliquando

486 1722 726 1788 erupisse
757 1719 925 1786 palam
956 1733 1074 1771 esse
1100 1716 1308 1770 videtur
1330 1731 1391 1769 ex
1427 1715 1508 1781 iis,
1542 1729 1658 1782 qua:
1704 1712 1754 1766 in
1799 1727 1920 1764 mox
1950 1725 2060 1762 nie-

487 1809 757 1866 Inorandis
782 1810 1020 1878 epistolis
1044 1817 1221 1861 narrat
1239 1807 1468 1862 Joannes
1489 1815 1686 1859 noster.
1711 1803 1788 1857 Ad
1812 1801 2058 1871 Alphium

488 1901 726 1955 scribens
755 1902 910 1970 epist.
943 1901 1034 1965 35,
1067 1899 1213 1962 dicit,
1266 1914 1332 1953 se
1378 1898 1449 1950 illi
1499 1898 1692 1966 saepius
1733 1896 2050 1963 scripturmn

490 1991 671 2055 fuisse,
705 1991 803 2044 nisi
833 1990 1001 2044 hiems
1027 1999 1081 2045 et
1102 1989 1406 2059 praedonum
1448 1989 1677 2055 impetus
1704 1986 1816 2039 vias
1844 1983 2061 2037 infestas

490 2082 755 2138 redderet.
783 2082 974 2136 Narrat
1006 2098 1134 2136 vero
1159 2083 1407 2151 Alphium
1436 2079 1663 2133 amicitia
1693 2075 2062 2145 coujunctissi-

490 2190 637 2228 mum
667 2174 764 2228 sibi
796 2173 934 2228 dona
976 2174 1202 2237 misisse,
1235 2172 1326 2226 sed
1357 2171 1488 2224 nihil
1527 2185 1585 2224 se
1614 2167 1914 2236 recepisse;
1941 2180 2063 2219 cum

491 2267 635 2319 enim
659 2265 745 2335 qni
773 2265 1028 2320 alTerebat
1057 2273 1198 2320 metu
1226 2264 1533 2333 praedonum
1563 2261 1749 2330 pedem
1779 2259 2021 2313 retulisse
2047 2274 2062 2311 :

495 2366 780 2425 monetque
808 2356 952 2410 illum
994 2363 1052 2409 ut
1093 2371 1124 2410 a
1174 2353 1443 2408 mittendis
1472 2352 1626 2406 donis
1672 2351 1975 2412 abstineat;
2007 2363 2066 2400 se

496 2447 640 2501 enim
686 2447 974 2516 ingentium
1013 2447 1271 2500 donorum
1319 2445 1438 2499 loco
1463 2445 1578 2512 ejus
1615 2445 1877 2498 sinceram
1905 2450 1958 2495 et
1981 2456 2068 2494 ar-

497 2535 708 2590 dentem
740 2536 1158 2591 benevolentiam
1185 2535 1402 2590 habere.
1431 2535 1625 2588 Eadem
1653 2532 1761 2587 fere
1793 2533 1904 2601 ipsa
1933 2531 2071 2585 dixit

499 2629 556 2683 in
585 2643 672 2698 ep.
712 2627 780 2683 49
823 2628 888 2682 ad
915 2629 1161 2684 eumdem
1200 2628 1471 2697 Alpltium,
1518 2643 1673 2697 quem
1702 2626 1898 2688 laudat,
1928 2622 2068 2692 quod

501 2735 614 2786 eos,
643 2721 731 2790 qui
760 2737 880 2774 cum
927 2722 1121 2790 pietate
1147 2721 1402 2781 viverent,
1446 2734 1690 2774 recreare
1733 2717 1988 2782 studeret,
2019 2716 2068 2768 id

500 2823 601 2874 est.
632 2815 940 2869 muneribus
967 2813 1076 2866 suis
1099 2812 1328 2882 quietem
1359 2811 1462 2865 illis
1491 2810 1795 2864 conciliare.

572 2905 810 2959 Monachi
835 2904 941 2958 duo
967 2903 1221 2958 Romulus
1251 2914 1302 2956 et
1325 2902 1496 2972 Ryzus
1527 2901 1576 2954 in
1605 2898 1886 2953 solitudine
1913 2896 2072 2966 dege-

503 2996 649 3063 bant,
674 3006 727 3050 et
747 2995 956 3065 pietatis
991 2995 1125 3048 fama
1153 2993 1574 3048 celebrabantur.
1614 2990 1706 3043 llis
1735 2989 1880 3042 misit
1902 2988 2076 3057 Chry-

503 3095 770 3140 sostomus
821 3085 1100 3154 epistolam
1128 3084 1348 3154 56,qua
1399 3097 1457 3135 se
1485 3095 1822 3150 summopere
1871 3078 2072 3146 efﬂagi-

505 3184 620 3230 tare
642 3175 788 3240 dicit,
821 3183 878 3228 ttt
909 3175 1004 3242 ipsi
1026 3173 1294 3228 Cucnsum
1321 3171 1554 3235 veniant,
1584 3179 1638 3224 ut
1665 3179 1772 3223 tam
1802 3168 2076 3237 religiosos

505 3269 650 3323 viros
674 3269 800 3337 ipsis
823 3268 992 3322 oculis
1017 3267 1326 3336 conspicere
1349 3266 1535 3335 possit.
1566 3263 1699 3330 Quia
1725 3276 1856 3316 vero
1879 3270 1987 3314 tum
2009 3258 2077 3311 ob

507 3359 711 3414 itineris
740 3357 1137 3428 longitudinem,
1173 3365 1283 3410 tum
1311 3356 1379 3409 ob
1404 3354 1594 3408 hiemis
1626 3363 1852 3421 tempus,
1879 3361 1989 3404 tum
2010 3349 2078 3403 ob

507 3451 808 3506 Isaurorum
853 3459 1051 3504 metum
1096 3449 1147 3502 id
1191 3447 1408 3501 minime
1456 3447 1665 3511 licebat,
1714 3444 1886 3498 literis
1930 3456 2077 3495 suam

509 3557 634 3613 erga
680 3557 774 3597 eos
804 3541 1225 3596 benevolentiam
1273 3539 1436 3593 voluit
1466 3537 1754 3599 testiﬁcari,
1807 3536 2079 3590 hortatur-

512 3651 613 3704 que
641 3635 760 3688 illos
789 3643 844 3688 ut
864 3633 963 3688 sibi
989 3632 1284 3686 rescribant
1304 3640 1358 3684 et
1383 3629 1450 3683 de
1474 3630 1646 3683 salute
1676 3643 1768 3680 sua
1798 3626 2079 3680 certiorem

507 3742 572 3781 se
602 3725 814 3780 faciant.
843 3724 1068 3796 Hypatio
1091 3724 1251 3777 etiam
1283 3721 1592 3791 presbytero
1614 3717 1926 3772 veneranda:
1956 3725 2084 3769 acta-

506 3814 582 3871 t‘is
608 3817 724 3870 viro
748 3815 956 3885 scripsit
984 3814 1144 3883 epist.
1177 3812 1264 3876 97,
1285 3826 1386 3881 qua
1418 3811 1566 3863 illum
1594 3810 1644 3862 in
1675 3807 1928 3862 aerumnis
1951 3821 2082 3860 con-

509 3908 734 3966 soiatur.
780 3905 888 3962 Sed
932 3906 1222 3974 longiorem
1264 3903 1434 3956 cidem
1485 3902 1628 3955 misit
1662 3901 1817 3970 epist.
1864 3899 1984 3963 l80,
2033 3905 2087 3953 et

517 4017 672 4072 quem
697 4002 806 4070 jam
829 4001 878 4054 in
904 3999 1022 4054 aliis
1051 3997 1219 4053 literis
1241 3996 1564 4058 laudaverat,
1593 3995 1677 4048 hic
1702 4007 1913 4063 quoque
1943 3992 2086 4046 cele-

519 4092 656 4160 brat,
674 4092 813 4162 quod
840 4091 890 4144 in
916 4099 1057 4144 tanta
1076 4097 1348 4143 senectute
1369 4085 1618 4156 populum
1640 4085 1911 4155 religionis
1928 4097 2088 4138 causa

515 4192 765 4238 vexatum
810 4181 1012 4236 foveret
1037 4189 1090 4234 et
1116 4177 1492 4234 confirmaret:
1524 4191 1687 4246 seque
1726 4175 1853 4230 dicit
1894 4173 2088 4243 saepius

517 4275 622 4346 ipsi
663 4274 980 4343 scripturum
1029 4271 1210 4335 fuisse,
1253 4269 1354 4322 nisi
1385 4279 1493 4323 tum
1539 4267 1819 4322 hibernum
1860 4274 2087 4334 tempus,

519 4379 632 4424 tum
677 4367 987 4437 praedonum
1017 4373 1190 4420 metus
1217 4363 1504 4418 obessent:
1548 4362 1889 4416 diaconorum
1931 4358 2090 4413 etiam

520 4460 740 4518 Eusebii
767 4469 822 4515 et
847 4456 1192 4527 Lamprotati,
1220 4455 1308 4526 qui
1337 4468 1696 4510 aerumnarum
1729 4451 1934 4523 llypatii
1963 4464 2094 4504 con-

524 4562 696 4610 sortes
748 4560 920 4617 erant,
949 4549 1270 4604 mentionem
1317 4547 1458 4601 facit.
1490 4545 1688 4600 Danieli
1731 4557 1939 4614 quoque
1966 4556 2092 4612 pre-

523 4646 743 4716 sbytero
758 4641 968 4710 scripsit
991 4640 1147 4709 epist.
1181 4637 1316 4705 199;
1339 4652 1494 4707 quem
1527 4635 1705 4690 laudat
1728 4643 1780 4690 et
1809 4632 2092 4688 admodum

525 4735 758 4793 celebrat
799 4750 828 4788 a
857 4733 1126 4803 patientia,
1177 4730 1504 4796 fortitudine,
1552 4727 1798 4798 loquendi
1827 4726 2092 4787 libertate,

527 4842 682 4898 quam
707 4840 828 4880 cum
871 4824 1028 4878 sociis
1072 4823 1182 4876 suis
1223 4821 1477 4876 exhibere
1529 4835 1632 4874 non
1661 4817 1953 4882 desinebat,
1973 4816 2099 4869 sibi-

527 4933 632 4988 que
653 4918 729 4972 ait
755 4915 809 4970 in
837 4915 1012 4970 hieme
1049 4911 1284 4968 versanti
1309 4926 1374 4967 ac
1398 4909 1734 4981 pradonibus
1759 4917 1951 4963 vexato
1969 4907 2100 4960 scri-

531 5009 658 5066 bere
683 5024 789 5064 non
811 5006 1040 5062 desinat.

603 5102 715 5158 Hac
759 5101 894 5169 ipsa,
940 5106 1002 5153 ut
1052 5105 1300 5168 putatur,
1353 5094 1528 5150 hieme
1574 5093 1848 5162 epistolam
1899 5092 2103 5160 accepit

533 5192 796 5249 Theodoti
846 5191 1076 5256 diaconi,
1116 5189 1205 5259 qui
1228 5201 1569 5257 summopere
1599 5187 1744 5240 illum
1795 5183 2021 5238 invisere
2049 5191 2103 5236 et

533 5286 800 5342 Cucusum
841 5281 1105 5352 proficisci
1133 5281 1400 5350 cupiebat,
1446 5277 1540 5333 sed
1594 5275 1869 5330 hibernum
1901 5285 2104 5341 tempus

537 5385 592 5430 et
617 5374 948 5444 negotiorum
975 5371 1258 5426 difﬁcultas
1286 5369 1663 5438 impedimento
1704 5365 1932 5419 fuerant.
1976 5363 2106 5416 lluic

540 5466 820 5536 epistolam
845 5465 930 5518 ille
949 5463 1091 5517 misit
1112 5463 1199 5528 Μ,
1218 5468 1382 5531 utque
1401 5469 1638 5516 suaserat
1658 5458 1758 5528 ipsi
1778 5455 2103 5518 Theodotus,

541 5558 609 5614 ad
637 5560 892 5630 plurimos
911 5556 1043 5612 alios
1070 5555 1321 5626 scripsit;
1362 5570 1468 5610 non
1494 5563 1669 5608 autem
1697 5551 1763 5606 ad
1791 5548 2104 5612 Carteriam,

543 5664 702 5720 quam
726 5648 933 5704 caeteris
969 5647 1281 5718 adjunxerat
1306 5646 1629 5710 Theodotus,
1657 5645 1778 5716 quia
1809 5659 1977 5714 nuper
2012 5645 2108 5714 ipsi

544 5747 726 5802 literas
746 5745 980 5808 miserat,
1011 5751 1064 5798 et
1089 5743 1209 5813 quia
1237 5739 1492 5796 didicerat
1519 5739 1657 5793 illam
1685 5739 1894 5807 longam
1932 5738 2113 5791 iniisse

547 5834 1026 5908 peregrinationem
1053 5849 1068 5901 ;
1098 5841 1441 5906 precaturque
1463 5829 1790 5887 Theodotum
1821 5838 1877 5885 ut
1899 5827 2113 5886 Marcel-

1527 416 1582 472 S.
1624 411 1903 470 JOANNIS
1938 406 2408 466 CilRYSOSTOMl
2447 406 2628 472 VITA,

3619 389 3723 442 9.18

2156 525 2357 578 lianum
2384 534 2442 579 et
2462 523 2677 578 fratrem
2705 519 3004 583 conveniat,
3031 526 3085 572 et
3113 531 3232 570 cum
3263 513 3368 567 illis
3388 520 3529 580 agat,
3567 519 3643 569 ut,
3681 525 3725 559 si

2153 617 2365 686 quando
2385 615 2634 670 Carterize
2657 614 2912 676 scribant,
2944 627 3003 665 se
3037 608 3175 679 apud
3207 608 3349 661 illam
3390 611 3630 674 purgent,
3671 610 3732 654 ιιι

2155 710 2242 778 qui
2269 722 2371 762 non
2404 724 2495 778 per
2525 707 2890 776 negligentiam
2921 703 3163 758 tacuerit.
3202 697 3373 767 Epist.
3403 709 3532 748 vero
3556 692 3626 748 43
3661 691 3730 743 ad

2153 801 2456 854 Bassianam
2476 799 2794 868 misit,quam
2815 797 2986 863 arguit
3006 795 3141 862 quod
3165 791 3262 845 sibi
3280 790 3462 843 literas
3487 800 3590 839 non
3614 782 3731 837 mito

2155 899 2250 956 tat,
2273 890 2413 959 quod
2440 899 2611 943 tamen
2633 888 2782 942 facile
2810 886 3113 956 possit,cum
3135 893 3328 952 praesto
3349 874 3728 931 habeatTheo-

2154 980 2336 1033 dotum
2363 981 2659 1042 diaconum,
2679 979 2763 1047 qui
2797 976 3036 1031 mittendi
3068 974 3366 1028 facultatem
3389 969 3514 1022 dare
3540 965 3725 1034 possit.

2229 1078 2337 1132 Hoc
2360 1079 2474 1146 ipso
2501 1092 2641 1132 anno
2665 1077 2819 1145 epist.
2845 1075 2944 1128 148
2973 1072 3112 1126 misit
3139 1068 3204 1121 ad
3227 1057 3722 1134 episcopos,Cyria-

2157 1183 2299 1234 cum,
2341 1167 2688 1230 Demetrium,
2727 1164 3036 1222 Palladium,
3063 1158 3358 1228 Eulysinm,
3389 1151 3476 1220 qui
3504 1149 3727 1202 Romam

2157 1257 2526 1327 confugerant,
2552 1267 2605 1310 et
2629 1256 2696 1311 de
2723 1256 2910 1325 quibus
2940 1267 3060 1306 mox
3083 1247 3282 1302 mentio
3307 1241 3602 1297 habebitur.
3621 1237 3730 1290 Hos

2159 1366 2287 1406 vero
2314 1351 2501 1406 beatos
2525 1361 2578 1404 et
2599 1360 2679 1403 tcr
2705 1351 2886 1403 beatos
2911 1346 3054 1406 dicit,
3080 1342 3149 1396 ob
3175 1338 3416 1400 sudores,
3441 1345 3725 1392 aerumnas,

2159 1443 2368 1497 labores
2396 1451 2451 1496 et
2476 1441 2726 1512 pericula,
2757 1456 2874 1508 qua:
2907 1452 3000 1506 pro
3027 1433 3271 1488 omnibus
3295 1429 3439 1482 orbis
3478 1422 3730 1478 Ecclesiis

2160 1535 2430 1589 subierunt
2471 1552 2483 1586 :
2525 1548 2624 1601 qua
2674 1533 2740 1584 de
2767 1544 2925 1582 causa
2963 1527 3121 1579 etiam
3170 1523 3238 1575 ab
3278 1517 3537 1573 universis
3585 1527 3729 1565 sana:

2161 1627 2355 1682 mentis
2398 1625 2697 1678 hominibus
2737 1620 3166 1679 celebrabantur,
3211 1623 3263 1666 et
3305 1609 3530 1676 amplam
3561 1624 3588 1658 a
3622 1605 3728 1656 Deo

2161 1719 2459 1774 mercedem
2485 1725 2636 1770 erant
2659 1713 2943 1780 accepturi.
2971 1709 3104 1762 Dicit
3128 1715 3301 1760 autem
3321 1701 3596 1772 (lyriacum
3618 1695 3729 1748 dia-

2161 1825 2374 1871 conum,
2403 1809 2490 1877 qui
2519 1808 2738 1860 Romam
2775 1803 3108 1870 navigaturus
3137 1804 3272 1858 erat,
3302 1807 3443 1846 nunc
3472 1789 3728 1859 proﬁcisci

2165 1919 2268 1957 non
2293 1875 2549 1972 potuisse,
2573 1896 2710 1967 quod
2739 1896 2904 1948 multo
2930 1892 3113 1945 labore
3132 1887 3405 1942 confectus
3427 1889 3594 1936 esset.
3624 1875 3728 1931 Sed

2165 1992 2420 2047 Joannem
2444 1989 2810 2059 presbyterum
2839 1991 2893 2037 et
2918 1982 3134 2037 Paulum
3161 1978 3462 2038 diaconum,
3489 1984 3607 2024 cum
3637 1981 3734 2020 uri-

2165 2083 2325 2152 dique
2368 2058 2708 2142 venarentur,
2737 2085 2792 2130 et
2819 2083 3074 2140 nusquam
3104 2066 3394 2122 consistere
3436 2060 3517 2114 vel
3543 2058 3732 2112 delite-

2166 2187 2319 2226 scere
2346 2178 2583 2239 possent,
2614 2168 2834 2220 Romam
2863 2165 3005 2231 ipsos
3031 2160 3176 2212 adire
3206 2163 3416 2211 coactos
3441 2152 3619 2212 fuisse,
3642 2161 3734 2199 ro-

2167 2271 2357 2331 gatque
2383 2274 2502 2314 cum
2528 2259 2748 2312 caritate
2775 2255 2916 2323 ipsos
2942 2251 3226 2318 excipiant.

2238 2327 2473 2404 Arsacias
2493 2348 2721 2411 moritur,
2743 2355 2788 2398 et
2806 2342 2997 2396 Atticus
3015 2341 3069 2394 in
3093 2337 3257 2392 sedem
3274 2332 3332 2388 C.
3350 2331 3419 2386 P.
3440 2327 3733 2383 intruditur.

2171 2443 2374 2498 —Jam
2418 2439 2486 2494 ad
2525 2439 2627 2493 alia
2666 2448 2986 2495 evocamur,
3016 2446 3134 2500 qua:
3175 2426 3273 2481 etsi
3304 2437 3519 2494 prorsus
3561 2433 3736 2473 rerum

2172 2536 2357 2591 faciem
2386 2548 2488 2587 non
2530 2539 2819 2592 mutavere,
2867 2526 3031 2580 multa
3073 2520 3326 2575 induxere
3373 2529 3527 2568 nova.
3562 2510 3739 2565 Tertio

2173 2641 2400 2696 namque
2437 2623 2555 2678 idus
2581 2618 2894 2676 Novembris
2939 2612 3210 2676 Arsacias,
3241 2609 3328 2677 qui
3365 2601 3740 2660 Constantino—

2173 2719 2458 2787 politanam
2501 2712 2682 2768 sedem
2723 2710 3020 2768 invaserat,
3063 2719 3159 2758 seu
3200 2701 3376 2770 potius
3420 2695 3471 2747 in
3501 2707 3616 2746 eam
3659 2689 3742 2741 in-

2173 2781 2362 2862 ductus
2404 2805 2593 2867 fuerat,
2625 2802 2788 2855 obiit:
2824 2798 2902 2851 vir
2926 2811 3081 2866 quem
3128 2791 3369 2846 laudibus
3407 2783 3606 2840 extollit
3639 2781 3742 2834 So-

2174 2906 2346 2952 crates
2367 2896 2536 2967 (Socr.
2562 2894 2600 2947 ι.
2625 2891 2677 2946 6.
2705 2907 2751 2944 c.
2773 2889 2865 2957 ΞΟ)
2887 2904 2901 2952 ;
2925 2885 3256 2940 Sozomcnus
3293 2891 3420 2932 vero
3439 2870 3745 2927 dicitfuisse

2177 2989 2326 3042 illum
2372 2993 2705 3040 mansuetum
2747 2987 2802 3033 et
2841 2976 3180 3044 religiosum,
3222 2967 3316 3021 sed
3355 2964 3558 3018 laudem
3601 2961 3745 3013 illam

2177 3080 2434 3135 minuisse
2473 3076 2696 3131 clericos
2746 3069 3034 3140 quosdam,
3079 3064 3169 3134 qui
3216 3060 3394 3116 omnia
3434 3070 3531 3126 pro
3581 3051 3748 3106 iubilo

2178 3171 2404 3242 agebant
2426 3167 2660 3238 (Sozam.
2691 3165 2728 3217 ι.
2749 3161 2802 3215 8.
2827 3177 2874 3214 c.
2899 3155 2990 3229 27)
3016 3175 3029 3209 :
3053 3170 3237 3209 verum
3267 3149 3479 3205 infamia
3522 3142 3748 3214 quadam

2180 3236 2393 3317 notasse
2433 3236 2578 3312 illum
2621 3270 2708 3321 ca,
2737 3269 2855 3322 qua:
2892 3258 3076 3305 contra
3119 3239 3483 3315 Chrysostomi
3518 3236 3750 3290 fautores

2179 3365 2325 3427 gesta
2339 3361 2480 3410 sunt.
2508 3352 2576 3405 At
2593 3348 2762 3402 deliro
2784 3344 2895 3400 seni
2911 3357 3015 3397 non
3036 3355 3129 3393 sua
3150 3337 3394 3398 fortasse,
3413 3331 3507 3385 sed
3527 3329 3750 3381 aliorum

2182 3447 2449 3509 facinora,
2497 3442 2633 3494 hanc
2659 3448 2835 3491 notam
2866 3436 3133 3488 invexere.
3180 3427 3308 3482 Utut
3334 3439 3419 3478 res
3445 3429 3545 3485 est,
3581 3415 3752 3472 Grmci

2185 3541 2330 3594 illum
2366 3538 2417 3592 in
2453 3533 2667 3590 Mentiris
2691 3530 2800 3583 suis
2826 3535 3124 3580 sanctorum
3155 3530 3375 3573 numero
3400 3510 3749 3578 adscripsere.

2186 3629 2370 3685 Tantae
2397 3625 2538 3680 sedis
2565 3638 2627 3676 ac
2666 3617 2936 3689 dignitatis
2979 3609 3301 3680 occupanda:
3330 3604 3574 3674 cupidine
3609 3598 3753 3652 ducti

2186 3719 2416 3792 plurimi,
2446 3714 2717 3771 machinas
2742 3723 2928 3765 omnes
2969 3702 3244 3760 intendere
3272 3718 3285 3753 ε
3318 3698 3632 3763 demumque
3657 3695 3757 3744 At-

2187 3785 2324 3868 iicus
2373 3807 2678 3879 presbyter,
2721 3818 2787 3857 ex
2837 3794 3191 3857 ambientibus
3234 3805 3392 3852 unus,
3441 3785 3532 3854 qui
3574 3791 3757 3838 contra

2188 3906 2445 3962 Joannem
2487 3901 2927 3970 Chrysostomum
2969 3887 3275 3960 episc0pum
3318 3895 3493 3942 suum,
3543 3890 3662 3930 cum
3701 3873 3759 3926 in

2189 3996 2432 4053 exsilium
2473 3965 2776 4060 pelleretur,
2819 3983 2984 4038 multa
3015 3985 3271 4040 moverat,
3301 3973 3500 4026 electus
3544 3965 3760 4021 ordina-

2189 4099 2380 4159 tusque
2419 4085 2558 4140 fuit:
2603 4081 2685 4135 vir
2736 4074 3046 4136 industrius,
3092 4066 3433 4124 mediocriter
3470 4061 3655 4115 doctus
3706 4063 3766 4109 et

2193 4156 2470 4250 eloquens,
2501 4189 2625 4244 erga
2650 4186 2744 4227 eos
2771 4179 2970 4232 autem,
2998 4163 3088 4234 qui
3117 4169 3294 4232 partes
3319 4169 3440 4211 suas
3467 4165 3573 4207 non
3591 4156 3766 4204 secta-

2192 4275 2404 4336 bantur,
2434 4267 2623 4324 ardens
2646 4273 2700 4319 et
2721 4259 2989 4317 terribilis.

2266 4332 2507 4434 Episcopi
2539 4354 2746 4426 plurimi
2771 4351 2988 4406 Romam
3013 4342 3328 4414 confugiunt.
3350 4335 3529 4434 :—-AEX
3549 4332 3767 4387 Oriente

2197 4426 2421 4510 Romam
2446 4426 2594 4504 multi
2619 4446 2941 4500 advenerant
2961 4433 3195 4508 (Pallad.
3227 4449 3278 4501 p.
3306 4427 3396 4491 26,
3427 4426 3543 4493 27),
3574 4432 3681 4475 tum
3706 4431 3770 4472 ut

2196 4547 2316 4616 fuga
2347 4538 2614 4599 securitati
2644 4551 2754 4591 suae
2778 4529 3146 4590 consulerent,
3175 4532 3285 4575 tum
3312 4528 3369 4573 ut
3399 4512 3766 4571 Innocentium

2196 4603 2393 4707 Papam
2422 4633 2490 4687 de
2516 4625 2905 4686 calamitatibus
2924 4663 2937 4684 ,
2969 4634 3086 4688 qua:
3111 4611 3434 4670 Orientalem
3474 4603 3768 4707 Ecclesium

2197 4691 2540 4787 divexabaut,
2585 4719 2948 4775 informarent,
2986 4718 3144 4777 atque
3169 4719 3288 4759 eum
3319 4711 3376 4754 ut
3418 4695 3648 4754 remedia
3676 4691 3772 4744 ad-

2201 4821 2406 4874 hiberet
2425 4813 2754 4868 iuducerent.
2783 4804 3058 4876 Cyriacus,
3076 4793 3441 4868 Synnadorum
3469 4787 3769 4857 episcopus,

2200 4912 2359 4968 nullis
2379 4911 2666 4964 instructus
2691 4897 2950 4972 epistolis,
2973 4894 3069 4948 sed
3095 4891 3159 4946 ad
3176 4904 3294 4945 eam
3312 4899 3422 4940 rem
3446 4876 3770 4935 tractandam

2202 5003 2445 5062 idoneus,
2477 4996 2704 5053 edictum
2725 4967 3032 5059 dmperiale
3065 4978 3398 5042 ostendebat,
3441 4986 3544 5041 quo
3590 4967 3771 5022 edice-

2204 5097 2378 5160 batur,
2409 5060 2467 5145 tit
2505 5087 2742 5159 quisquis
2780 5097 2900 5138 cum
2941 5075 3235 5144 Theophilo
3257 5113 3273 5137 ,
3303 5066 3523 5125 Arsacio
3557 5072 3610 5117 et
3638 5060 3769 5113 Por-

2205 5187 2394 5258 phyrio
2430 5197 2536 5236 non
2570 5174 3006 5234 communicaret,
3037 5168 3104 5222 ab
3134 5165 3440 5233 epiSCOpatu
3468 5163 3769 5211 arceretur.

2206 5247 2258 5334 et
2281 5247 2535 5348 quidquid
2577 5285 2734 5339 opum
2763 5265 2846 5320 vel
2884 5261 3189 5317 facultatum
3227 5252 3447 5308 haberet
3487 5247 3775 5300 amitteret.

2208 5339 2334 5424 Post
2369 5339 2488 5421 eu—m
2519 5361 2782 5432 Enlysius,
2819 5359 3064 5424 Apamea:
3110 5351 3161 5402 iu
3189 5343 3432 5414 Bithynia
3473 5339 3776 5408 episcopus,

2209 5462 2354 5515 venit
2380 5475 2394 5513 :
2418 5456 2506 5526 qui
2537 5454 2714 5508 literas
2744 5446 2997 5502 afferebat
3020 5438 3320 5512 quindecim
3348 5433 3716 5502 episcoporum
3747 5440 3780 5476 e

2211 5517 2684 5624 SynodoJoauuis,
2704 5551 2757 5596 et
2773 5539 2955 5610 optimi
2983 5532 3127 5589 senis
3150 5527 3351 5599 Anysii,
3374 5517 3782 5578 Thessalonices

2214 5608 2468 5714 episcopi,
2497 5648 2552 5692 et
2576 5608 2890 5706 praesentem
2930 5637 2984 5682 et
3022 5625 3251 5694 priorem
3289 5618 3451 5671 totius
3477 5608 3783 5714 Constanti-

2218 5701 2426 5804 nbpoiis
2453 5728 2802 5797 direptionem
2831 5720 3190 5776 testificantes.
3225 5710 3452 5780 Anysius
3480 5720 3608 5758 vero
3630 5701 3781 5756 dice.

2221 5803 2309 5882 bat
2329 5839 2387 5880 se
2407 5821 2602 5894 judicio
2630 5817 2886 5873 Romana:
2917 5808 3167 5866 Ecclesiae
3191 5803 3544 5873 acquiescere.
