4096 6392
361 361 469 418 Si!)

432 476 626 547 Elapso
676 491 861 532 mense
911 476 1137 531 accessit
1187 473 1484 539 Palladius,
1544 472 1936 542 HelenOpoleos

363 581 648 636 episcopus
668 607 682 631 ,
713 582 771 621 se
815 568 1043 621 furorem
1072 567 1412 635 magistratus
1438 563 1739 618 declinandi
1776 576 1935 616 causa

361 658 561 726 fugisse
589 670 832 721 narrans,
856 665 911 710 et
930 671 1047 726 qua:
1070 664 1197 710 tunc
1218 655 1333 708 dira
1359 657 1744 709 exercebantur
1767 652 1933 722 signi-

361 749 545 805 ficaus.
569 750 696 804 Post
726 749 1015 805 Palladium
1049 750 1192 803 venit
1225 748 1527 803 Germanus
1555 748 1858 817 presbyter,
1882 755 1935 800 et

362 853 481 894 sum
515 839 602 893 illo
625 838 911 894 Cassianus
934 839 1220 903 diaconus,
1252 840 1302 891 in
1343 848 1453 892 toto
1478 839 1607 891 orbe
1635 837 1934 893 Christiano

361 930 740 985 celeberrimus
770 948 782 982 :
806 930 897 1001 qui
918 932 1099 985 literas
1120 928 1409 983 aﬂ‘erebant
1433 928 1596 981 totius
1613 927 1748 981 Cleri
1772 926 1936 981 Joan-

364 1022 448 1075 nis
476 1020 864 1089 Chrysostomi,
912 1021 1255 1081 testificantes
1297 1020 1601 1088 episcopum
1646 1033 1797 1071 suum
1849 1026 1931 1089 ty-

364 1111 578 1165 rannice
609 1111 659 1163 in
696 1111 940 1165 exsilium
979 1120 1151 1164 actum
1186 1124 1305 1164 esse
1332 1124 1425 1178 per
1446 1107 1727 1162 factionem
1756 1107 1932 1160 Aeacii

364 1203 991 1272 Bermensis,’l‘heophili
1046 1202 1418 1265 Alexandrini,
1469 1199 1711 1253 Antiochi
1762 1198 1934 1251 I’tole-

365 1294 585 1358 maidos,
616 1305 668 1348 et
688 1294 958 1348 Severiani
983 1292 1324 1347 Galialorum.
1353 1289 1433 1344 Ad
1464 1289 1579 1343 haec
1608 1288 1930 1342 breviculum

363 1385 730 1450 ostenderunt,
753 1398 857 1454 quo
884 1384 1111 1452 pretiosa
1138 1398 1258 1435 vasa
1287 1380 1611 1435 tradiderant
1635 1394 1814 1433 coram
1841 1380 1932 1446 ju-

362 1473 589 1539 dicibus,
611 1474 798 1527 Studio
828 1471 1085 1527 Praefecto
1125 1472 1294 1538 urbis,
1327 1469 1655 1540 Eutycbiano
1678 1468 1933 1523 Prchecto

364 1563 638 1629 Praeterii,
687 1563 892 1619 Joanne
943 1562 1147 1617 Comite
1196 1562 1605 1623 thesaurorum,
1659 1558 1932 1612 Eustathio

362 1656 638 1724 Quaestore
666 1665 720 1710 et
745 1654 1062 1717 Tabulariis,
1091 1653 1145 1707 in
1171 1668 1322 1717 auro,
1355 1660 1574 1720 argento
1592 1658 1649 1704 et
1674 1650 1928 1713 vestibus,

362 1747 677 1801 calumniam
703 1745 894 1801 Joanni
931 1745 1184 1814 episcopo
1216 1741 1494 1797 confictam
1540 1739 1926 1811 propulsantes.

363 1842 475 1903 Qua
500 1837 570 1892 de
602 1852 660 1891 re
687 1847 862 1890 actum
888 1844 989 1901 est,
1015 1850 1134 1889 cum
1164 1833 1232 1888 de
1259 1833 1567 1903 expulsione
1585 1828 1924 1900 Chryostomi

362 1931 522 1983 verba
551 1928 790 1983 fecimus.

433 2022 557 2075 Post
586 2021 703 2074 illos
733 2019 911 2084 rediit,
947 2019 1034 2088 qui
1056 2018 1164 2088 jam
1204 2026 1327 2071 ante
1364 2024 1578 2069 venerat
1612 2013 1927 2077 Demetrius,

362 2110 690 2165 l’essinuntis
734 2109 1046 2179 episcopus,
1092 2107 1182 2177 qui
1237 2105 1506 2161 Orientem
1556 2111 1928 2174 percurrerat,

365 2200 658 2273 prmdicans
694 2199 1056 2254 Romanorum
1095 2197 1522 2252 communionem
1564 2210 1684 2249 cum
1728 2193 1932 2248 Joanne

360 2295 628 2363 episcopo,
658 2291 885 2346 ostensis
903 2289 1191 2344 Innocentii
1210 2288 1365 2357 Papa:
1385 2286 1584 2350 literis;
1610 2295 1732 2339 tunc
1752 2293 1930 2338 autem

360 2383 585 2438 afferens
615 2383 792 2437 literas
814 2380 1179 2451 episcoporum
1206 2377 1396 2443 Cariae,
1428 2378 1515 2448 qui
1540 2376 1759 2432 Joannis
1782 2390 1930 2429 com-

361 2475 669 2530 munionem
704 2473 1189 2543 amplectebantur,
1220 2471 1455 2540 aliasque
1499 2468 1927 2539 presbyterorum

360 2568 688 2635 Antiochiae,
730 2568 819 2637 qui
849 2567 1139 2621 Romanam
1182 2564 1513 2634 disciplinam
1555 2563 1926 2632 sequebantur,

361 2658 813 2729 deplorabantque
862 2656 1140 2728 Porphyrii
1190 2656 1573 2710 ordinationem
1620 2663 1803 2709 contra
1843 2652 1930 2721 jus

361 2749 544 2819 fasque
570 2749 787 2804 inducti.

431 2843 557 2898 Post
582 2843 698 2897 illos
725 2848 912 2898 omnes
930 2842 1076 2896 venit
1102 2840 1431 2894 Domitianus
1453 2838 1750 2909 presbyter,
1784 2851 1931 2891 oeco-

363 2949 553 2989 nomus
598 2934 849 2989 Ecclesia:
898 2932 1527 3001 Constantinopolitanae,
1584 2938 1640 2985 et
1688 2928 1931 2999 Vallagas

359 3025 594 3095 quidam,
626 3025 899 3096 presbyter
924 3024 1224 3087 Nisibenus,
1245 3036 1465 3076 narrans
1490 3021 1928 3074 monasteriorum

359 3117 748 3187 Mesopotamia:
776 3114 1134 3169 afﬂictionem.
1168 3113 1228 3167 Ili
1257 3113 1413 3167 etiam
1451 3111 1781 3181 protulerunt
1807 3118 1925 3164 aeta

360 3208 536 3279 Optati
563 3206 801 3262 Prmfecti
819 3246 833 3269 ,
865 3206 917 3259 in
944 3206 1091 3276 queis
1113 3205 1380 3258 ferebatur
1408 3203 1656 3256 honestas
1684 3201 1931 3256 mulieres

361 3314 429 3353 ex
451 3312 647 3369 genere
674 3296 952 3351 consulum
991 3294 1318 3349 diaconissns
1348 3292 1600 3347 Ecclesia:
1624 3289 1931 3345 Constanti-

362 3391 699 3461 nopolitanm,
728 3388 780 3441 in
803 3387 971 3441 oculis
991 3386 1166 3456 populi
1189 3384 1255 3439 ad
1282 3400 1401 3438 eum
1426 3383 1699 3446 adductas,
1722 3393 1931 3437 coactas

361 3483 524 3537 fuisse
548 3489 639 3535 aut
667 3495 788 3535 cum
817 3480 1035 3534 Arsacio
1058 3476 1487 3541 communicare,
1520 3486 1611 3529 aut
1639 3476 1767 3528 fisco
1805 3475 1932 3528 dare

360 3577 615 3631 ducentas
661 3574 776 3628 auri
817 3574 995 3627 libras.
1026 3574 1232 3626 Ascetm
1257 3584 1466 3639 quoque
1491 3578 1546 3623 et
1585 3568 1812 3636 virgines
1839 3566 1933 3619 ad-

358 3676 529 3732 erant,
547 3665 884 3721 ostendentes
899 3664 1096 3718 sulcata
1114 3663 1279 3717 latera
1300 3661 1353 3715 in
1369 3660 1615 3730 equuleo,
1636 3670 1689 3714 et
1710 3660 1761 3712 in
1787 3667 1930 3729 tergo

362 3760 638 3815 verberum
669 3767 840 3813 notas.

433 3850 716 3906 Innocentii
760 3848 915 3920 Papae
945 3851 1121 3905 (item.
1143 3878 1217 3889 —
1240 3848 1333 3903 llis
1354 3847 1653 3916 conspectis
1684 3847 1931 3900 omnibus

364 3944 701 3999 Innocentius
720 3943 859 4012 Papa
897 3942 1299 4012 Cbrysostomo,
1322 3956 1351 3993 a
1376 3955 1481 4010 quo
1508 3940 1688 3994 literas
1713 3953 1931 4006 accepe-

364 4043 466 4096 rat,
487 4033 776 4102 rescripsit,
795 4040 847 4084 et
862 4030 925 4085 ad
950 4032 1251 4100 patientiam
1269 4031 1321 4085 in
1340 4038 1481 4085 tanta
1498 4028 1771 4084 subeunda
1786 4028 1931 4081 cala-

364 4128 544 4181 mitate
566 4127 871 4180 cohortatus
898 4134 979 4178 est
1007 4123 1238 4191 (Sozam.
1268 4124 1304 4177 ι.
1345 4124 1400 4179 8.
1439 4138 1485 4176 c.
1513 4121 1627 4191 26).
1658 4121 1930 4190 Episcopis

363 4217 543 4281 etiam,
585 4215 932 4285 presbyteris,
974 4214 1209 4269 diaconis
1242 4222 1297 4267 et
1336 4214 1588 4268 universo
1630 4211 1785 4267 Clero
1826 4212 1930 4266 Ec-

360 4308 536 4362 clesia:
563 4304 1179 4375 Constantinopolitanae,
1208 4306 1295 4375 qui
1322 4305 1420 4359 sibi
1450 4305 1626 4358 literas
1656 4304 1926 4367 miserant,

361 4414 457 4470 per
479 4397 799 4453 Germanum
844 4397 1207 4467 presbyterum
1233 4404 1287 4451 et
1311 4396 1615 4449 Cassianum
1652 4395 1929 4448 diaconum

363 4488 655 4558 respondit,
688 4496 890 4541 tantum
926 4488 1122 4541 malum
1175 4487 1274 4541 sibi
1305 4486 1593 4541 renuntiari
1633 4486 1846 4549 dicens,
1876 4492 1932 4537 ut

362 4582 474 4635 sola
503 4579 767 4651 patientia:
805 4579 1166 4634 consolatione
1201 4579 1374 4633 sanari
1409 4592 1563 4647 posse
1604 4584 1765 4646 putet.
1794 4576 1929 4629 Tum

361 4687 475 4737 eos,
513 4672 603 4741 qui
629 4686 733 4725 non
761 4670 996 4724 auditum
1038 4670 1294 4725 Joannem
1332 4670 1738 4731 damnaverunt.
1772 4681 1829 4722 ut
1854 4668 1930 4722 fa-

361 4762 638 4817 cinorosos
670 4762 931 4831 improbat
962 4778 977 4815 :
1010 4762 1470 4830 necessariumque
1500 4775 1620 4815 esse
1647 4762 1720 4813 ait
1760 4761 1932 4831 Syno-

359 4853 485 4907 dum
506 4868 717 4923 cogere,
739 4868 855 4923 qua:
873 4852 938 4906 de
956 4860 1098 4906 tanta
1123 4868 1182 4907 re
1203 4852 1691 4921 possitdecernere.
1715 4853 1784 4907 Se
1800 4867 1928 4906 vero

359 4946 559 5009 omnia,
604 4958 722 5013 quae
755 4943 852 5012 ipsi
880 4942 1185 5009 narrabant,
1213 4943 1479 4997 audivisse
1515 4942 1645 4997 dicit
1686 4959 1714 4995 a
1744 4944 1927 5012 coepi-

359 5037 535 5106 scopis
555 5036 665 5089 suis
687 5035 971 5101 Demetrio,
995 5033 1235 5106 Cyriaco,
1256 5034 1471 5107 Eulysio
1494 5044 1548 5090 et
1564 5035 1816 5102 Palladio,
1835 5036 1927 5105 qui

357 5139 481 5185 tunc
502 5129 684 5183 Roma:
707 5134 880 5183 erant.

428 5219 752 5276 Innocentius
786 5218 933 5288 Papa
966 5228 1011 5272 et
1042 5218 1299 5274 Honorius
1329 5218 1467 5289 Imp.
1508 5220 1772 5292 Synodum
1797 5238 1929 5275 aecu-

359 5315 602 5368 mmicam
617 5312 856 5367 celebrari
881 5313 1109 5381 cupiunt.
1128 5342 1199 5351 —
1223 5314 1294 5367 De
1314 5313 1549 5367 Concilio
1569 5314 1727 5383 igitur
1749 5313 1926 5369 (Ecu-

358 5406 567 5459 tnenico
591 5404 830 5474 cogendo
851 5404 917 5458 ad
947 5405 1236 5460 Honorium
1263 5407 1635 5475 Imperatorem
1664 5417 1790 5461 tunc
1821 5410 1926 5462 lla-

359 5512 545 5551 venna:
585 5505 882 5550 versantem
909 5497 1137 5566 scripsit.
1169 5497 1267 5564 Qui
1297 5514 1407 5552 rem
1437 5512 1775 5567 summopere
1804 5514 1928 5567 pro-

361 5584 1086 5655 hansjussitOccideutalium
1108 5587 1377 5657 Synodum
1408 5589 1545 5657 cogi.
1565 5587 1743 5642 Coacti
1772 5588 1928 5657 igitur

360 5677 591 5744 episcopi
619 5677 797 5740 Italiae,
830 5687 885 5732 ut
913 5680 985 5732 ait
1013 5679 1273 5734 Palladius
1303 5680 1535 5750 (cratera:
1573 5696 1800 5750 namque
1828 5682 1929 5737 Oc-

360 5766 581 5823 cidentis
625 5768 906 5838 provincia:
932 5779 983 5825 et
1025 5771 1264 5843 regiones
1295 5774 1783 5845 septentrionalium
1827 5791 1922 5831 na-

1518 360 1697 418 NUNC
1737 358 1999 415 PRIMUM
2031 358 2420 415 ADORNATA.

3504 360 3605 416 250

2050 483 2250 527 tionum
2280 472 2639 527 invasionibus
2669 473 2997 539 laborantes,
3033 472 3118 527 vix
3146 479 3387 541 poterant
3413 472 3467 527 in
3508 473 3608 527 Ita-

2044 562 2167 619 liam
2193 563 2471 633 episcopos
2494 578 2620 617 suos
2646 564 2879 633 mittere)
2908 581 2925 620 :
2956 579 3057 617 una
3090 562 3186 617 fuit
3204 572 3379 617 autem
3411 564 3609 632 episco-

2045 666 2229 721 porum
2256 654 2554 717 sententia;
2586 654 2832 707 nimirum
2863 662 2923 708 ut
2953 662 3099 707 tanto
3143 653 3285 707 malo
3314 653 3607 708 remedium

2043 741 2338 806 afferretur,
2372 744 2729 797 necessarium
2757 758 2874 797 esse
2901 743 3191 797 Concilium
3221 744 3606 799 mcumenicum

2042 832 2458 888 Occidentalium
2486 834 2640 887 simul
2666 844 2720 889 et
2746 835 3112 897 Orientalium,
3138 845 3191 889 et
3214 835 3607 891 Thessalonicae

2042 923 2379 977 indicendum
2426 940 2564 988 esse,
2606 934 2663 978 ut
2701 924 2906 979 facilius
2942 926 3171 982 Orientis
3213 937 3269 980 et
3307 926 3607 982 Occidentis

2042 1014 2296 1083 praesules
2320 1016 2410 1070 illo
2448 1030 2729 1071 accurrere
2760 1025 2994 1086 possent.
3042 1018 3133 1071 [Iis
3165 1021 3457 1074 assentiens
3500 1019 3607 1073 Hu-

2040 1108 2242 1172 norius,
2271 1108 2511 1161 Romano
2539 1108 2780 1164 Pontifici
2810 1109 3117 1165 Innocentio
3145 1112 3376 1179 scripsit,
3410 1121 3467 1166 ut
3493 1114 3604 1181 epi-

2039 1212 2227 1267 scopos
2242 1199 2475 1268 quinque
2486 1197 2978 1269 Constantinopolin
2996 1202 3246 1267 mitteret,
3268 1202 3606 1271 presbyteros

2038 1295 2191 1360 duos,
2222 1306 2276 1350 et
2313 1296 2613 1361 diaconum,
2641 1298 2731 1366 qui
2778 1311 2925 1350 suam
2965 1296 3030 1349 ad
3060 1296 3278 1351 fratrem
3322 1297 3603 1351 Arcadium

2038 1385 2316 1455 epistolam
2342 1385 2612 1441 afferrent.
2850 1386 2860 1397 ’

2108 1476 2400 1545 Epistolam
2428 1477 2585 1546 igitur
2608 1477 2835 1531 Arcadio
2875 1478 3021 1531 fratri
3050 1477 3291 1546 scripsit,
3320 1492 3475 1545 quam
3506 1478 3602 1545 ipsi

2040 1569 2249 1621 tertiam
2281 1584 2341 1623 ea
2379 1570 2445 1623 de
2472 1585 2531 1623 re
2573 1570 2787 1624 mittere
2830 1569 2987 1635 dicit,
3034 1580 3288 1640 rogatque
3325 1571 3606 1640 episcopos

2035 1658 2331 1714 Orientales
2364 1668 2515 1714 curet
2547 1660 2937 1740 Thessalonica:
2975 1661 3318 1730 congregari,
3346 1672 3605 1730 cogatque

2037 1749 2419 1820 The0philum,
2448 1752 2537 1820 qui
2578 1752 2814 1805 omnium
2860 1752 3117 1805 malorum
3160 1766 3315 1805 causa
3364 1766 3483 1805 esse
3525 1752 3602 1803 fc-

2036 1841 2281 1903 rebatur,
2336 1841 2573 1895 Concilio
2621 1840 2829 1896 adesse.
2881 1841 2951 1896 Se
2998 1842 3197 1911 legatos
3248 1841 3342 1909 ipsi
3395 1842 3605 1895 mittere

2036 1930 2231 1998 probos
2259 1939 2313 1984 et
2339 1932 2447 1985 veri
2496 1941 2737 1985 amantes
2757 1973 2770 1993 ,
2798 1946 2933 2001 quos
2970 1940 3027 1985 ut
3054 1932 3189 1985 bene
3230 1932 3453 1999 excipiat
3480 1932 3604 1984 hor-

2039 2029 2196 2074 tatur.
2244 2020 2346 2088 Qui
2393 2036 2519 2075 vero
2566 2022 2711 2075 missi
2753 2022 2901 2076 fuere
2940 2022 3119 2090 legati,
3171 2030 3323 2074 erant
3369 2005 3601 2089 ep‘iscoiii

2034 2108 2305 2177 )Emilius,
2327 2112 2635 2183 Cythegius,
2659 2112 2985 2167 Gaudentius
2998 2122 3052 2167 et
3072 2112 3366 2176 Marianas;
3387 2112 3602 2181 quintus

2036 2212 2209 2256 autem
2237 2218 2267 2257 a
2309 2204 2544 2257 Palladio
2584 2219 2691 2258 non
2718 2204 3022 2259 nominatur
3048 2223 3062 2254 :
3090 2204 3385 2274 presbyteri
3423 2212 3601 2257 autem

2035 2293 2141 2347 duo
2165 2304 2314 2347 erant
2339 2292 2739 2349 Valentinianus
2767 2306 2819 2349 et
2845 2294 3167 2349 Bonifacius.

2105 2385 2336 2454 Anysius
2362 2386 2442 2437 vir
2459 2385 2568 2453 jam
2596 2398 2756 2439 senex
2781 2394 2835 2440 et
2862 2387 3076 2455 probus,
3114 2386 3391 2455 episcopus
3428 2385 3600 2440 Thes-

2035 2474 2412 2541 salonicensis,
2432 2476 2612 2530 literas
2642 2475 2859 2546 Eulysio
2893 2476 3132 2541 dederat,
3164 2488 3219 2529 ut
3247 2478 3490 2541 vidimus,
3520 2476 3605 2531 In-

2034 2565 2283 2619 nocentio
2314 2565 2467 2634 Papce
2496 2566 2813 2633 afferendas,
2844 2568 2994 2636 queis
3023 2583 3081 2621 se
3109 2582 3202 2636 pro
3222 2566 3603 2638 Chrysostomo

2035 2670 2176 2715 stare
2202 2660 2599 2714 testificabatur.
2644 2659 2777 2714 Huic
2804 2674 3039 2714 summas
3063 2662 3255 2729 gratias
3293 2661 3399 2729 egit
3428 2659 3604 2729 Chry-

2034 2759 2301 2806 sostomus
2347 2750 2399 2805 in
2449 2752 2675 2820 epistola
2716 2750 2838 2805 162.
2886 2751 3016 2804 Eam
3068 2751 3265 2804 tardius
3307 2765 3464 2819 quam
3512 2764 3606 2818 par

2033 2842 2222 2898 fuisset
2265 2859 2323 2897 se
2358 2845 2567 2897 misisse
2611 2844 2953 2907 testificatur,
2981 2842 3050 2896 ob
3097 2841 3196 2894 loci
3245 2840 3602 2894 solitudinem.

2034 2933 2325 3003 Virumque
2373 2934 2550 2987 laudat
2577 2948 2606 2986 a
2633 2931 2938 2987 fortitudine
2976 2940 3031 2985 et
3069 2931 3384 2993 constantia,
3422 2929 3602 2983 horta-

2036 3035 2225 3095 turque
2266 3034 2322 3078 ut
2368 3026 2479 3094 pari
2525 3026 2717 3079 virtute
2758 3032 2941 3093 pergat
2971 3024 3257 3077 Ecclesiam
3297 3022 3600 3077 defendere.

2035 3117 2323 3186 Epistolam
2352 3132 2561 3186 quoque
2592 3117 2693 3171 165
2723 3116 2865 3169 misit
2892 3115 2956 3168 ad
2987 3116 3263 3184 episcopos
3288 3130 3473 3168 omnes
3493 3114 3604 3167 Ma-

2034 3210 2291 3274 cedonite,
2324 3209 2507 3264 eadem
2537 3209 2701 3263 ferme
2743 3209 2853 3276 ipsa
2881 3207 3154 3261 ferentem.
3190 3207 3399 3259 Illorum
3427 3214 3603 3259 autem

2036 3302 2282 3357 undecim
2310 3303 2360 3355 in
2408 3300 2558 3354 titulo
2608 3301 2821 3353 nomina
2862 3298 3080 3368 profert,
3122 3312 3414 3367 agmenque
3461 3296 3605 3350 ducit

2034 3394 2267 3466 Anysius
2319 3392 2848 3456 Thessalonicensis;
2905 3391 2971 3444 ad
3038 3399 3365 3457 craterasque
3418 3404 3605 3443 omnes

2034 3486 2192 3540 etiam
2239 3499 2346 3537 non
2393 3483 2690 3536 nominatos
2740 3482 3005 3550 dirigitur.
3056 3480 3345 3549 Epistolam
3396 3494 3608 3548 quoque

2036 3575 2138 3630 164
2164 3575 2308 3629 misit
2337 3573 2403 3627 ad
2431 3572 2786 3628 Alexandrum
2808 3613 2822 3638 ,
2854 3570 3091 3625 Corinthi
3122 3570 3449 3640 episcopum,
3474 3569 3609 3622 ami-

2036 3666 2160 3721 citia
2198 3665 2301 3720 sibi
2337 3664 2713 3732 coniunctum,
2759 3662 2828 3717 de
2855 3677 2960 3732 quo
2999 3671 3173 3716 tamen
3201 3660 3438 3730 queritur
3465 3659 3606 3731 quod

2034 3759 2216 3812 literas
2247 3755 2418 3809 nullas
2448 3754 2514 3809 ad
2543 3769 2602 3808 se
2633 3754 2826 3807 mittat.

2103 3851 2486 3922 Cltrysostomus
2511 3848 2808 3905 Isaurorum
2843 3847 3212 3901 incursionibus
3248 3846 3442 3915 coqitur
3463 3844 3605 3899 sedes

2033 3955 2227 3996 mutare
2255 3952 2302 3995 et
2328 3942 2617 3995 Arabissum
2638 3945 2926 4011 confugere.
2952 3967 3025 3979 —
3046 3938 3161 3992 Jam
3190 3937 3279 3992 diu
3308 3940 3605 3991 Isaurorum

2033 4034 2365 4089 incursiones
2392 4034 2663 4102 regionem
2692 4032 2834 4085 illam
2864 4040 2918 4085 et
2940 4030 3116 4085 omnia
3144 4031 3344 4083 circum
3376 4030 3486 4082 loca
3520 4029 3603 4080 in-

2032 4124 2166 4180 festa
2201 4125 2510 4178 habuerant.
2541 4122 2737 4178 Verum
2780 4136 2918 4175 anno
2953 4121 3059 4175 405
3090 4129 3346 4185 vertente,
3374 4129 3428 4173 et
3458 4119 3605 4172 initio

2035 4216 2309 4286 sequentis
2347 4214 2469 4279 406,
2503 4214 2658 4283 longe
2693 4212 2867 4266 acrius
2917 4210 3194 4274 institere;
3235 4219 3431 4263 etcum
3463 4208 3605 4276 peri-

2033 4306 2209 4363 culum
2251 4314 2395 4360 esset
2422 4320 2488 4358 ne
2523 4303 2805 4368 Cucusum,
2857 4316 2961 4356 non
3004 4302 3074 4354 ita
3116 4301 3373 4354 munitum
3406 4300 3598 4360 Incutn,

2034 4397 2343 4453 invaderent
2388 4403 2764 4463 caperentque,
2807 4392 3039 4447 Joannes
3085 4398 3267 4446 noster
3313 4390 3379 4443 ad
3429 4389 3601 4458 fugam

2038 4489 2421 4560 capessendam
2463 4496 2676 4541 coactus
2722 4494 2846 4540 est:
2891 4500 2953 4539 ac
3000 4483 3298 4538 securitatis
3339 4497 3495 4536 causa
3550 4482 3602 4534 in

2033 4585 2323 4654 asperrima
2368 4584 2543 4637 hieme
2582 4583 2697 4636 loca
2751 4580 2975 4635 subinde
3019 4581 3390 4641 commutavit,
3433 4580 3501 4633 ita
3547 4590 3605 4632 ut

2034 4676 2193 4730 modo
2219 4677 2271 4729 in
2302 4675 2540 4737 urbibus,
2574 4672 2733 4727 modo
2762 4674 2813 4726 in
2846 4681 3001 4726 terra:
3030 4671 3263 4725 faucibus
3286 4680 3339 4725 et
3359 4670 3600 4735 saltibus,

2034 4768 2235 4823 versari
2293 4766 2719 4835 compelleretur.
2775 4764 3116 4833 Tandemque
3176 4763 3473 4817 Isaurorum
3520 4772 3602 4816 tu-

2032 4858 2200 4913 multu
2228 4858 2483 4925 tantisper
2507 4855 2707 4920 sedato,
2739 4854 2851 4908 loca
2879 4854 3087 4908 deserta
3111 4854 3437 4922 relinquens,
3470 4852 3603 4906 Ara-

2032 4949 2232 5004 bissum
2254 4946 2505 5017 confugit,
2532 4948 2584 5000 in
2617 4960 2723 5015 quo
2746 4944 2940 5015 oppido
2981 4960 3075 4998 arx
3102 4952 3216 4997 erat
3244 4944 3457 5012 reliquis
3482 4958 3599 4995 om-

2032 5041 2188 5096 nibus
2214 5041 2402 5095 vicinis
2428 5040 2560 5094 locis
2585 5039 2763 5103 tutior,
2789 5038 2841 5091 in
2863 5052 2987 5091 arce
3012 5046 3189 5091 autem
3215 5035 3369 5091 sedes
3396 5036 3593 5101 habuit,

2033 5135 2085 5188 in
2112 5133 2306 5203 oppido
2330 5134 2469 5187 enim
2500 5141 2611 5187 tuto
2640 5131 2838 5186 versari
2864 5145 2967 5184 non
2994 5138 3217 5200 poterat.

2102 5224 2229 5279 Hmc
2259 5221 3188 5293 porronarratipseJoannesnoster
3203 5220 3256 5275 in
3277 5221 3498 5291 epistola
3531 5221 3599 5273 69

2032 5316 2098 5371 ad
2148 5315 2418 5370 Nicolaum
2461 5315 2848 5385 presbyterum.
2904 5312 3066 5367 Addit
3116 5322 3291 5365 autem
3336 5326 3455 5366 esse
3498 5312 3596 5364 sibi

2033 5407 2171 5461 hanc
2198 5405 2377 5460 sedem
2427 5404 2570 5459 omni
2605 5419 2819 5459 carcere
2863 5403 3203 5458 deteriorem.
3244 5402 3595 5470 Praeterquam

2032 5501 2171 5573 quod
2202 5500 2343 5555 enim
2389 5499 2553 5553 Isauri
2591 5497 2824 5568 quotidie
2843 5498 3019 5550 omnia
3060 5494 3399 5561 invadebant,
3439 5503 3598 5563 atque

2032 5594 2139 5663 igni
2186 5603 2238 5647 et
2280 5593 2421 5648 ferro
2469 5599 2577 5645 tum
2628 5589 2868 5655 nidificia,
2910 5598 3017 5642 tum
3066 5602 3284 5658 corpora
3329 5587 3593 5648 delebant,

2032 5687 2222 5741 famem
2265 5686 2454 5750 etiam,
2498 5699 2655 5755 quam
2697 5695 2752 5737 et
2793 5684 2893 5736 loci
2937 5683 3175 5751 angustia
3218 5690 3271 5735 et
3314 5679 3597 5733 multitudo

2035 5788 2219 5834 eorum
2260 5778 2347 5851 qui
2393 5778 2483 5833 illo
2542 5774 2932 5846 confugiebant,
2985 5772 3305 5838 minabatur,
3344 5770 3591 5842 pertime.
