4096 6392
476 336 574 390 θεῖς

481 375 543 388 ...,

481 375 543 388 ⁸-1

474 453 656 504 scebat
703 448 810 504 ille.
851 450 932 504 Ad
967 450 1090 504 haec
1137 465 1262 505 vero
1308 450 1540 503 diuturni
1573 447 1740 503 morbi
1788 463 1946 517 quem
1989 456 2043 500 et

475 543 646 596 hiems
682 550 740 596 et
776 551 1030 611 perpetua
1062 545 1178 611 fuga
1228 552 1538 610 pepererat,
1566 541 1664 594 etsi
1696 540 1804 608 jam
1832 539 2044 592 sedatus

471 639 607 696 erat,
638 639 812 686 tamen
857 632 1108 701 reliquias
1147 631 1321 684 adhuc
1357 631 1446 684 ille
1483 630 1908 683 circumferebat.
1938 627 2040 681 Vix

471 734 647 779 autem
675 725 954 794 quisquam
982 724 1046 777 ad
1078 725 1222 777 illum
1251 738 1554 778 commeare
1595 723 1856 785 audebat,
1902 721 2040 788 quod

469 815 569 868 via:
621 815 852 886 undique
893 815 1191 869 interclusa:
1227 824 1424 869 essent.
1477 813 1674 869 Eadem
1717 815 1888 867 ferme
1930 813 2042 881 ipsa

471 904 666 974 repetit
697 906 746 958 in
777 906 997 974 epistola
1026 906 1095 959 70
1118 905 1184 959 ad
1214 905 1596 975 Aphthooium,
1625 903 1956 958 Theodotum
1987 910 2044 956 et

471 992 744 1048 Cltzeream
789 995 1127 1066 presbyteros
1173 1005 1226 1050 et
1270 994 1578 1060 monachos,
1618 994 1742 1062 quid
1788 992 1852 1045 ad
1892 991 2042 1046 illum

472 1085 734 1155 proficisci
777 1088 1156 1156 peroptabant;
1187 1088 1280 1141 sed
1318 1089 1437 1156 quia
1484 1088 1537 1140 in
1569 1087 1654 1140 tali
1699 1100 1879 1139 rerum
1906 1099 2039 1137 con-

471 1175 672 1230 ditione
700 1176 826 1230 illud
857 1179 955 1231 iter
978 1179 1172 1247 suscipi
1200 1179 1406 1232 nonnisi
1435 1192 1554 1230 cum
1593 1176 1778 1247 grandi
1809 1175 2045 1244 pericqu

475 1278 701 1337 poterat,
726 1269 968 1324 hortatur
995 1272 1118 1326 illos
1139 1282 1195 1325 ut
1222 1272 1320 1326 sibi
1350 1286 1444 1341 per
1469 1270 1684 1324 crebras
1712 1269 1893 1321 literas
1913 1281 2041 1320 con-

472 1359 782 1412 solutionem
811 1362 1034 1429 pariant.

545 1451 602 1505 In
638 1451 860 1523 epistola
903 1469 1030 1508 vero
1075 1454 1175 1508 127
1212 1453 1277 1508 ad
1319 1453 1595 1522 Polybium
1643 1451 1734 1516 ait,
1789 1449 1893 1506 sibi
1929 1449 2038 1519 jam

474 1541 634 1596 adimi
688 1543 958 1597 literarum
1005 1547 1252 1601 solatium
1287 1560 1382 1614 per
1426 1545 1561 1598 nivis
1603 1544 1869 1613 ingentem
1899 1542 2036 1605 vim,

474 1647 595 1702 quae
639 1634 752 1686 vias
795 1649 983 1688 omnes
1037 1637 1430 1696 intercluserat;
1477 1633 1573 1689 sed
1625 1634 1792 1702 magis
1841 1633 2038 1685 invium

475 1721 1007 1794 inaccessibilemque
1021 1726 1170 1781 reddi
1188 1727 1362 1782 locum
1377 1726 1446 1781 ab
1465 1721 1761 1777 Isaurorum
1802 1730 2001 1776 terrore
2020 1737 2037 1786 ;

471 1815 560 1878 qui
586 1823 764 1865 tantus
791 1823 922 1872 erat,
959 1822 1014 1866 ut
1037 1829 1193 1866 nemo
1214 1815 1358 1867 domi
1387 1829 1604 1868 manere
1631 1812 1882 1877 auderet,
1919 1828 2036 1866 om-

471 1914 670 1970 nesque
699 1903 1031 1972 aufugerent,
1057 1903 1128 1957 ita
1157 1914 1213 1958 ut
1239 1906 1397 1959 urbes
1426 1915 1550 1959 tunc
1578 1905 1805 1974 parietes
1835 1914 2038 1958 tantum

468 1999 523 2043 et
548 1998 683 2045 tecta
727 2003 926 2057 essent,
967 2003 1230 2063 praerupta
1268 2004 1445 2048 autem
1488 2005 1542 2048 et
1584 1994 1751 2048 saltus
1791 1995 1845 2048 in
1879 1993 2036 2048 urbes

468 2089 821 2136 mutarentur.
867 2082 1066 2139 Tantus
1108 2085 1309 2140 scilicet
1352 2095 1465 2139 crat
1502 2085 1801 2139 Isaurorum
1846 2085 2032 2138 furor:

466 2169 599 2227 alios
629 2171 940 2242 jugulabant
976 2175 1058 2229 vel
1103 2176 1502 2240 comburebant,
1545 2175 1679 2229 alios
1723 2190 1790 2229 ex
1815 2174 2036 2244 captivis

465 2277 648 2318 servos
691 2265 1012 2321 efficiebant.
1059 2267 1440 2323 Adolescentes
1491 2281 1701 2337 quoque
1743 2267 1794 2320 in
1848 2266 2036 2320 mediis

467 2356 712 2410 noctibus
750 2358 997 2428 aufegere
1035 2362 1204 2415 coacti
1246 2361 1297 2414 in
1343 2360 1539 2413 nivium
1569 2359 1814 2429 congerie
1840 2358 2035 2429 frigore

463 2444 860 2515 obrigescentes
909 2451 1290 2504 moriebantur.
1347 2450 1631 2517 Superiora
1683 2450 1894 2504 brevius
1948 2465 2036 2504 re-

463 2547 646 2591 censet
672 2538 723 2592 in
767 2539 991 2609 epistola
1033 2541 1131 2594 151
1175 2540 1244 2594 ad
1275 2540 1536 2609 Elpidium
1572 2541 1898 2610 episcopum,
1931 2541 2033 2593 aito

461 2642 566 2694 que
599 2643 657 2681 se
690 2628 843 2684 sedes
875 2630 1069 2699 saepius
1096 2632 1402 2697 mutavisse,
1433 2646 1604 2701 neque
1631 2631 1681 2684 in
1709 2630 1948 2697 castello,
1978 2631 2035 2684 in

460 2731 567 2785 quo
591 2726 713 2771 tunc
739 2719 890 2788 quasi
919 2719 972 2773 iu
1002 2734 1218 2774 carcere
1245 2721 1477 2774 inclusus
1497 2721 1763 2785 manebat,
1792 2721 1920 2774 satis
1949 2729 2032 2773 tu-

462 2818 570 2862 tum
595 2825 714 2864 esse
744 2827 758 2865 :
805 2810 968 2866 Isauri
1009 2828 1235 2882 namque
1266 2813 1564 2883 huiusmodi
1604 2827 1752 2867 arces
1785 2812 2031 2867 obsidere

460 2915 564 2954 non
589 2901 919 2958 dubitabant.
951 2903 1284 2975 Quapropter
1312 2906 1446 2975 petit
1471 2913 1527 2959 ut
1555 2905 1793 2974 ignoscat
1819 2906 1954 2970 sibi,
1983 2905 2030 2959 si

459 3008 580 3047 rato
609 2994 707 3066 ipsi
734 2995 913 3050 literas
946 2999 1138 3062 mittat,
1171 3008 1426 3066 rOgatque
1461 2995 1768 3066 frequenter
1793 2996 1918 3062 ille,
1944 2996 2029 3051 eui

459 3085 670 3152 licebat,
700 3086 750 3140 id
778 3087 1012 3142 muneris
1031 3098 1368 3158 exsequatur.

527 3178 791 3246 Epistolas
814 3179 938 3233 item
961 3179 1091 3233 duas
1111 3179 1322 3248 scripsit
1344 3179 1408 3232 67
1439 3187 1492 3231 ct
1521 3177 1586 3232 63
1611 3177 1676 3232 ad
1697 3176 2027 3230 Theodotum

456 3269 736 3324 diaconum
761 3272 861 3326 sibi
887 3271 1326 3335 addictissimum,
1358 3273 1408 3324 in
1435 3287 1656 3341 quarum
1675 3271 1836 3324 altera
1860 3271 1986 3324 dicit
2009 3287 2022 3323 :

459 3360 552 3414 Tot
591 3363 840 3416 Armenia:
887 3364 1023 3416 mala
1061 3375 1176 3416 sunt
1203 3405 1217 3427 ,
1255 3380 1313 3415 ac
1344 3374 1606 3434 tempestas
1651 3362 1809 3418 altera
1861 3363 2028 3414 omnia

454 3455 645 3520 excepit
691 3468 708 3505 :
750 3469 867 3505 nam
911 3470 1220 3523 quocumque
1263 3455 1463 3506 tandem
1509 3454 1770 3523 quisquam
1817 3452 2022 3512 venerit,

455 3553 685 3596 cruentos
732 3553 1010 3609 torrentes,
1064 3545 1361 3597 cadaverum
1415 3547 1645 3614 agmina,
1694 3545 1869 3595 domos
1917 3547 2030 3596 solo,

451 3643 692 3702 trquatas,
718 3635 862 3688 urbes
912 3651 1105 3690 euersas
1151 3637 1431 3706 perspiciet.
1474 3635 1662 3704 Oppidi
1689 3643 1863 3688 autem
1889 3635 2024 3687 Ara-

454 3725 578 3778 bissi
619 3728 900 3797 episcopus
949 3738 1064 3783 erat
1113 3729 1322 3784 Otreius
1363 3728 1742 3798 Cbrysostomo
1794 3728 2025 3782 amicitia

450 3816 783 3882 eoojunctus,
828 3826 884 3883 ut
911 3819 1158 3888 quuetex
1190 3820 1412 3888 epistola
1456 3820 1558 3874 126
1581 3819 1647 3873 ad
1674 3818 1940 3873 Rufinum.
1966 3818 2022 3872 In

450 3907 668 3974 epistola
692 3909 791 3964 I55
821 3909 1095 3965 Theodoto
1115 3911 1337 3966 diacono
1351 3913 1545 3980 gratias
1568 3927 1748 3982 agens,
1773 3911 1914 3982 quod
1941 3912 2024 3966 sui

451 3999 711 4054 invisendi
739 4015 896 4055 causa
919 4002 1026 4071 jam
1057 4003 1108 4056 in
1133 4006 1427 4074 asperrima
1461 4004 1636 4058 hieme
1671 4005 1936 4067 venisset,
1969 4016 2023 4059 et

449 4091 586 4157 quod
615 4091 851 4147 secundo
879 4095 1186 4150 Arabissum
1218 4105 1472 4149 venturus
1500 4097 1702 4167 fuisset,
1735 4098 1834 4150 nisi
1856 4096 2020 4150 Isauri

450 4181 561 4233 vias
593 4181 1006 4250 praeclusissem,
1051 4200 1110 4239 se
1137 4185 1349 4254 quidem
1388 4201 1575 4256 magna
1606 4192 1783 4256 quiete
1821 4197 1875 4241 et
1913 4189 2022 4240 otio

449 4267 551 4324 frtti
583 4271 677 4338 ait,
711 4281 992 4343 tamenque
1029 4275 1358 4331 obsidionem
1399 4277 1451 4330 in
1484 4277 1600 4331 dies
1630 4278 2014 4346 ingravescere.

447 4359 568 4415 Jam
596 4402 611 4428 ,
679 4363 880 4433 inquit,
924 4366 1086 4419 media
1125 4377 1264 4420 nocte
1314 4378 1494 4438 prazter
1528 4386 1724 4422 omnem
1764 4381 2020 4438 exspecta-

449 4453 632 4506 tionem
680 4465 1010 4510 trecentorum
1055 4455 1354 4512 Isaurorum
1390 4476 1567 4529 agmen
1605 4459 1848 4528 Oppidum
1903 4476 2018 4529 per-

447 4545 681 4608 cursattit,
714 4563 930 4616 peneque
973 4564 1064 4600 nos
1099 4549 1245 4618 cepit.
1273 4549 1428 4602 Putat
1478 4564 1530 4599 v.
1553 4548 1624 4602 cl.
1655 4549 2020 4603 Tillemontius

450 4637 534 4691 his
559 4639 839 4705 significari
872 4639 1170 4693 Isaurorum
1202 4639 1330 4693 illud
1358 4655 1544 4709 agmen
1580 4640 1631 4693 iu
1658 4639 1909 4708 Oppidum
1940 4639 2021 4692 in-

447 4744 688 4798 gressum
722 4730 914 4794 fuisse;
945 4732 1082 4800 quod
1113 4741 1285 4785 tamen
1313 4747 1417 4786 non
1449 4731 1655 4784 videtur
1679 4730 1908 4785 Joannes
1936 4729 2019 4784 bis

449 4822 625 4877 verbis
650 4823 969 4891 signiﬁcare.
1002 4822 1133 4890 Imo,
1165 4825 1208 4878 si
1254 4825 1312 4878 in.
1347 4826 1598 4893 oppidum
1641 4824 1863 4894 ingressi
1890 4824 2018 4877 fuis-

448 4922 594 4976 sent,
628 4914 803 4968 caedes
839 4913 977 4968 haud
1014 4914 1202 4980 dubie,
1226 4915 1583 4984 direptiones,
1631 4917 1834 4985 aliaque
1883 4916 2019 4969 mala

448 5004 790 5073 intulissent,
832 5021 950 5076 qua:
984 5006 1395 5078 Chrysostomus
1443 5007 1744 5063 describere
1784 5024 1888 5061 non
1927 5023 2018 5061 ne-

449 5096 722 5165 giexisset.

521 5187 579 5240 In
601 5187 827 5257 epistola.
849 5203 975 5243 vero
1003 5188 1070 5242 70
1095 5190 1169 5243 ait
1195 5203 1252 5243 se
1271 5204 1388 5242 cum
1426 5189 1570 5257 gravi
1597 5189 1835 5258 corporis
1861 5189 2018 5257 aegri-

452 5278 633 5336 tudine
658 5279 969 5334 conﬂictari.
1016 5283 1084 5334 At
1130 5282 1182 5335 in
1227 5282 1446 5351 epistola
1497 5281 1589 5335 1⁵51
1646 5282 1714 5336 ad
1755 5281 2016 5348 Elpidium

449 5385 660 5438 gravem
687 5370 814 5426 dicit
832 5372 1118 5427 accessisse
1138 5374 1400 5438 morbum,
1421 5373 1569 5442 cujus
1585 5370 1756 5428 adhuc
1771 5372 2019 5442 reliquias

448 5459 854 5516 circumferebat
879 5480 893 5514 :
924 5461 1064 5532 quod
1110 5463 1278 5532 ipsum
1304 5462 1430 5516 dicit
1457 5463 1507 5516 in
1535 5461 1756 5529 epistola
1795 5462 1915 5518 158.
1939 5463 2019 5518 Ad

449 5548 812 5619 Olympiadem
841 5567 969 5606 vero
996 5553 1234 5608 scribens
1257 5553 1529 5621 epistolam
1559 5552 1624 5605 15
1649 5553 1739 5615 ait,
1762 5567 1826 5606 se
1847 5568 1877 5606 c
1897 5569 2019 5619 gra-

455 5642 668 5700 \ISSIIIIO
691 5645 970 5698 emersisse
1001 5644 1206 5709 morbo,
1237 5644 1332 5699 sed
1375 5643 1544 5698 morbi
1574 5643 1821 5711 reliquias
1846 5642 2022 5697 adhuc

452 5731 788 5788 circumferre
814 5752 826 5786 :
857 5744 911 5789 et
939 5735 1121 5790 adesse
1150 5736 1247 5789 sibi
1274 5735 1484 5808 quidem
1513 5733 1744 5789 medicos
1769 5732 2018 5802 optimos,

1488 337 1542 391 S.
1580 333 1856 390 .IOANNIS
1893 331 2366 388 CHRYSOSTOMI
2405 332 2584 401 VITA,

3615 338 3721 393 επ

2151 447 2245 500 sed
2263 446 2678 499 necessariarum
2698 461 2874 500 rerum
2889 447 3137 515 inopiam,
3157 447 3428 502 medicinae
3446 450 3721 505 utilitatem

2151 537 2500 602 labefactare;
2531 555 2629 594 nec
2655 540 2812 593 modo
2841 539 3027 594 abesse
3057 541 3442 596 medicamenta
3473 553 3714 598 catenis-

2151 643 2255 697 que
2295 644 2400 691 res,
2432 645 2612 683 verum
2643 631 2802 683 etiam
2847 628 3038 685 famem
3077 640 3132 686 et
3177 643 3374 700 pestem
3406 634 3716 699 imminere;

2151 718 2368 787 Inecque
2416 720 2551 772 mala
2581 720 2879 775 Isaurorum
2929 724 3255 779 incursiones
3295 727 3550 791 parturire
3573 766 3591 792 ,
3629 729 3719 797 qui

2148 823 2332 863 omnes
2357 811 2467 863 vias
2493 809 2918 878 intercluderent,
2950 812 3176 883 hincque
3223 816 3509 883 periculum
3551 818 3719 872 creari

2150 899 2214 952 iis
2239 900 2328 968 qui
2366 900 2465 954 iter
2506 901 2756 957 facerent.
2786 903 3141 958 Andronicum
3167 907 3306 958 enim
3337 906 3613 974 quemdam
3643 909 3719 961 ait

2148 989 2199 1042 in
2228 991 2433 1045 illorum
2462 1007 2646 1047 manus
2669 993 2934 1062 incidisse,
2956 1003 3112 1065 atque
3139 995 3206 1050 ab
3227 997 3290 1050 iis
3317 998 3614 1067 spoliatum,
3639 1005 3718 1053 sic

2149 1083 2350 1136 salvum
2379 1095 2554 1138 tamen
2575 1088 2826 1141 evasisse.

2220 1173 2538 1227 Constantius
2593 1178 2846 1247 presbyter
2894 1177 2948 1232 in
3007 1175 3227 1248 Cyprum
3276 1179 3424 1250 fugit.
3477 1211 3546 1220 —-
3595 1181 3710 1234 Non

2147 1261 2250 1332 ipsi
2294 1279 2504 1333 semper
2555 1276 2749 1336 prtesto
2779 1269 2922 1323 fuere
2966 1269 3154 1322 medici
3188 1287 3200 1321 :
3233 1285 3353 1323 nam
3397 1271 3450 1324 in
3493 1271 3711 1338 epistola

2146 1353 2250 1406 105
2299 1353 2366 1407 ad
2411 1353 2734 1409 Cizalcidiam
2779 1357 2853 1411 ait
2891 1373 2948 1412 se
2998 1358 3318 1414 medicorum
3367 1361 3579 1428 penuria
3632 1361 3712 1412 Ia—

2147 1446 2355 1501 borare.
2387 1447 2510 1501 Ilaec
2538 1464 2663 1502 vero
2691 1449 2955 1504 Chalcidia
2978 1451 3170 1504 virtute
3192 1452 3444 1520 singulari
3475 1455 3709 1520 praedita,

2145 1553 2264 1606 quae
2293 1553 2508 1607 magnas
2545 1555 2639 1608 per
2665 1542 2822 1594 vitam
2848 1557 2994 1595 suam
3022 1558 3284 1596 aerumnas
3311 1559 3460 1612 passa
3509 1546 3702 1608 fuerat,

2145 1628 2196 1681 itt
2227 1630 2459 1682 omnium
2480 1631 2842 1698 gravissimam
2867 1642 2990 1686 tunc
3015 1633 3286 1688 inciderat.
3313 1635 3454 1687 Illam
3482 1651 3605 1690 vero
3625 1652 3708 1689 so—

2143 1718 2283 1773 latur
2304 1718 2734 1790 Chrysostomus,
2773 1721 2912 1776 ﬂuxa
2936 1737 3056 1778 esse
3106 1726 3384 1793 prtesentia
3432 1735 3539 1779 tum
3573 1727 3704 1781 bona

2144 1817 2251 1862 tum
2281 1811 2416 1864 mala
2447 1811 2646 1876 dicens,
2669 1821 2722 1866 et
2749 1827 3011 1868 aerumnas
3033 1823 3228 1883 quanto
3255 1817 3522 1884 graviores
3548 1828 3708 1884 sunt,

2145 1908 2290 1952 tanto
2314 1901 2514 1968 majora
2542 1903 2753 1970 prmmia
2771 1911 2824 1956 et
2841 1918 3064 1958 coronas
3087 1905 3390 1959 conciliare.
3420 1908 3564 1962 Hanc
3583 1925 3710 1962 vero

2143 2005 2330 2044 novam
2360 1991 2650 2046 Cbalcidia:
2673 2008 2966 2048 aerumnam
2995 2009 3113 2048 esse
3148 2010 3302 2064 posse
3331 1998 3568 2065 Opinatur
3599 1996 3706 2052 Til-

2141 2082 2425 2138 Iemontius
2447 2084 2737 2140 Constantii
2765 2087 3060 2156 presbyteri
3087 2087 3187 2142 sibi
3211 2088 3626 2156 coniunctissimi
3654 2101 3707 2144 et

2139 2172 2422 2228 Chalcidice
2444 2175 2636 2229 addicti
2671 2191 2850 2230 casum
2881 2177 3047 2244 illum,
3077 2179 3166 2247 qui
3203 2194 3230 2230 a
3259 2178 3493 2234 Palladio
3523 2198 3706 2234 narra-

2140 2271 2226 2316 tur
2253 2262 2500 2332 (Pallad.
2530 2266 2759 2337 Dialog.)
2795 2286 2808 2322 :
2835 2283 2955 2322 cum
2985 2268 3226 2324 videlicet
3251 2271 3573 2341 Porphyrius
3599 2276 3705 2326 An-

2139 2354 2434 2423 tiochenus,
2462 2373 2601 2427 :rgre
2641 2359 2824 2413 videns
2871 2360 3018 2414 illum
3061 2361 3130 2415 ob
3180 2362 3495 2431 singularem
3539 2368 3701 2434 picta-

2140 2453 2243 2498 tctn
2271 2447 2322 2500 in
2363 2449 2531 2514 pretio
2578 2448 2790 2516 haberi,
2831 2452 3065 2519 pecuniis
3093 2451 3391 2521 impetravit
3419 2453 3703 2524 Imperato-

2137 2537 2242 2591 rias
2273 2538 2470 2604 literas,
2501 2542 2648 2609 queis
2677 2542 2764 2596 ille
2789 2551 2847 2596 ut
2877 2544 3052 2612 pepuli
3084 2544 3416 2612 perturbatur
3446 2547 3496 2600 in
3529 2550 3701 2602 Oasitn

2137 2629 2484 2698 relcgabatur.
2515 2630 2666 2698 Quod
2694 2641 2752 2686 ttt
2791 2634 3002 2687 rescivit
3028 2634 3384 2701 Constantius,
3416 2640 3700 2693 amicorum

2137 2720 2374 2775 subsidio
2397 2723 2448 2776 in
2477 2721 2712 2794 Cyprum
2734 2723 2950 2793 aufugit.

2208 2813 2514 2868 Theodotus
2537 2829 2664 2868 vero
2702 2815 2954 2871 diaconus
2993 2815 3372 2888 Chrysostomo
3407 2821 3698 2877 addictissi-

2134 2919 2275 2968 mus,
2303 2903 2371 2958 de
2398 2919 2502 2973 quo
2522 2919 2680 2974 supra
2706 2906 3050 2975 loquebamur
3069 2949 3083 2969 ,
3112 2909 3161 2961 in
3192 2911 3480 2978 asizerritua
3529 2912 3697 2966 hieme

2133 2993 2306 3062 ipsum
2358 2995 2620 3050 invisurus
2663 2996 2966 3062 Arabissum
3013 3009 3260 3060 venerat,
3305 3011 3461 3069 atque
3511 3001 3697 3056 iterum

2133 3094 2385 3140 venturus
2413 3094 2558 3152 erat,
2597 3087 2698 3141 nisi
2739 3087 2900 3142 Isauri
2929 3089 3039 3141 vias
3069 3090 3474 3157 prteclusisscnt.
3499 3091 3696 3147 Eodem

2131 3177 2341 3231 circiter
2381 3187 2618 3246 tempore
2643 3187 2696 3232 et
2728 3178 2950 3233 fortasse
2978 3195 3096 3232 cum
3137 3180 3412 3235 Theodoto
3439 3183 3694 3250 diacono,

2130 3268 2196 3322 ad
2223 3267 2659 3340 Cltrysostontum
2684 3270 2824 3324 venit
2846 3271 3150 3325 Theodotus
3170 3272 3305 3327 alter
3321 3273 3487 3328 lector
3506 3272 3693 3346 (Epist.

2131 3357 2246 3430 6t),
2280 3360 2420 3415 filius
2446 3360 2705 3416 Theodoti
2733 3378 2796 3417 ex
2825 3363 3208 3425 consularibus,
3239 3380 3395 3434 quem
3423 3375 3571 3435 pater
3596 3368 3695 3420 tui-

2129 3460 2273 3507 serat
2288 3453 2354 3506 ad
2379 3452 2838 3525 Chrysostomum,
2863 3464 2919 3508 ut
2947 3455 3112 3523 ipsius
3131 3455 3367 3510 doctrina
3383 3466 3436 3510 et
3456 3457 3696 3524 exemplo

2130 3542 2182 3598 in
2212 3559 2334 3598 vera
2361 3542 2720 3613 philosophia,
2752 3559 2909 3614 quam
2957 3543 3330 3612 profitebatur,
3361 3546 3567 3600 radices
3597 3563 3691 3614 po-

2129 3648 2257 3688 nere
2298 3635 2532 3699 valeret;
2577 3635 2870 3703 eodemque
2917 3643 3151 3702 tempore
3193 3635 3497 3690 Theodotus
3549 3647 3694 3704 pater

2127 3740 2345 3778 munera
2365 3724 2746 3795 Chrysostomo
2776 3724 2948 3790 misit,
2989 3723 3403 3794 precabaturque
3432 3725 3609 3790 illum,
3638 3736 3693 3779 ut

2128 3815 2294 3869 filium
2323 3829 2476 3869 suum
2502 3813 2640 3884 apud
2669 3829 2729 3869 se
2757 3815 3025 3869 retineret.
3055 3814 3345 3883 Respondit
3375 3831 3502 3870 vero
3529 3816 3690 3871 Joan-

2127 3921 2224 3961 nes
2251 3915 2430 3960 noster
2467 3921 2524 3960 se
2555 3905 2666 3976 jam
2708 3921 2738 3960 a
2767 3906 3040 3961 Theodoto
3067 3916 3265 3960 tantum
3307 3923 3495 3962 munus
3537 3925 3690 3964 acce-

2126 3998 2298 4067 pisse,
2329 4013 2448 4052 cum
2489 3998 2651 4052 lilium
2685 4013 2838 4054 suum
2879 4007 3018 4052 tanta
3054 4001 3249 4053 virtute
3291 4001 3563 4069 praeditum
3591 4003 3687 4056 sibi

2125 4093 2303 4156 misit,
2336 4100 2392 4146 ut
2416 4107 2750 4161 summopere
2795 4091 3049 4157 miretur,
3091 4093 3230 4160 quod
3260 4093 3378 4146 aliis
3402 4109 3605 4163 quoque
3633 4110 3692 4149 se

2127 4184 2431 4237 muneribus
2477 4184 2746 4236 cumulare
2792 4184 3061 4236 voluerit:
3103 4193 3425 4251 quapropter
3473 4199 3688 4238 munera

2124 4275 2312 4331 isthtre
2351 4276 2444 4344 ipsi
2485 4275 2720 4339 remisit;
2761 4275 2922 4328 lilium
2954 4289 3078 4328 vero
3111 4278 3227 4342 ejus
3265 4291 3322 4329 se
3347 4276 3690 4331 libentissime

2125 4375 2450 4420 retenturum
2479 4365 2638 4419 fuisse
2658 4365 2808 4430 dixit,
2836 4365 2928 4418 sed
2959 4367 3076 4434 quia
3105 4365 3267 4418 Isauri
3291 4367 3464 4418 omnia
3492 4368 3688 4420 circum

2125 4456 2266 4512 ferro
2310 4457 2532 4525 igneque
2571 4457 2954 4526 populabantur
2976 4497 2993 4518 ,
3028 4457 3243 4526 ipseque
3281 4457 3512 4525 quotidie
3537 4458 3690 4510 sedes

2126 4558 2329 4602 mutare
2365 4549 2683 4617 cogebatur,
2728 4547 2847 4602 ideo
2875 4563 2933 4602 se
2970 4549 3112 4602 illum
3152 4547 3428 4602 Theodoto
3469 4549 3690 4602 diacono

2123 4639 2350 4702 misisse,
2375 4637 2756 4706 mandasseque
2785 4638 2859 4690 illi
2878 4648 2934 4691 ut
2955 4637 3212 4691 Theodoti
3246 4639 3456 4692 lectoris
3480 4639 3690 4692 assidue

2123 4743 2301 4783 curam
2325 4739 2566 4798 gereret,
2609 4730 2662 4782 in
2705 4729 2861 4799 idque
2899 4744 3087 4800 magno
3112 4730 3286 4783 studio
3328 4741 3384 4785 et.
3419 4730 3687 4800 diligentoa

2123 4822 2468 4877 incumberet.

2192 4911 2439 4966 Theodoti
2467 4913 2661 4966 lectoris
2687 4912 2911 4967 historia.
2938 4939 3010 4954 υ-
3037 4913 3337 4967 Theodotus
3386 4923 3561 4966 autem
3610 4913 3687 4967 le-

2124 5013 2239 5058 ctor
2265 5014 2444 5073 postea
2474 5003 2612 5072 apud
2641 5003 3076 5074 Chrysostomum
3099 5017 3218 5056 sese
3252 5003 3520 5070 excusavit
3548 5002 3688 5070 quod

2123 5097 2190 5149 ab
2221 5095 2309 5148 illo
2335 5097 2641 5148 secessisset
2669 5110 2682 5146 :
2715 5095 2981 5148 discessus
3007 5106 3133 5147 vero
3161 5108 3372 5146 causam
3423 5092 3582 5147 fuisse
3605 5093 3688 5146 di-

2123 5188 2292 5250 cebat,
2327 5195 2434 5239 tum
2456 5184 2592 5254 quod
2615 5185 2884 5238 oculorum
2917 5183 3216 5237 inﬁrmitate
3255 5183 3548 5248 laboraret,
3579 5192 3687 5235 tum

2124 5278 2263 5348 quod
2293 5278 2509 5332 nimium
2537 5277 2700 5346 frigus
2727 5277 3098 5330 extimesceret
3123 5291 3136 5327 :
3165 5274 3372 5330 dicebat
3400 5274 3556 5327 etiam
3589 5273 3688 5325 ali-

2123 5383 2256 5438 quos
2280 5383 2400 5423 esse
2427 5367 2517 5437 qui
2544 5369 2642 5422 sibi
2674 5367 2887 5420 insidias
2913 5375 3197 5426 struerent,
3225 5363 3275 5416 id
3298 5374 3399 5428 est,
3429 5373 3485 5415 ut
3509 5378 3571 5416 ex
3601 5376 3690 5415 se-

2124 5458 2404 5527 quentibus
2425 5457 2608 5527 liquct,
2635 5457 2724 5527 qui
2749 5467 2953 5527 patrem
2983 5470 3133 5509 suum
3169 5453 3447 5508 adversum
3475 5468 3533 5507 se
3561 5467 3690 5506 con-

2123 5553 2364 5606 citarent.
2409 5551 2635 5621 Reponit
2667 5548 3075 5620 Chrysostomus
3110 5549 3162 5602 in
3209 5547 3428 5616 epistola
3468 5545 3602 5609 156,
3630 5559 3688 5597 se

2124 5642 2452 5696 Theodotum
2494 5641 2642 5710 quasi
2691 5649 3003 5709 przescutetn
3035 5653 3244 5706 semper
3274 5637 3500 5701 habere,
3530 5645 3689 5704 atque

2126 5732 2302 5786 animo
2330 5733 2641 5802 complecti;
2674 5731 3017 5800 hortaturque
3047 5730 3192 5784 illutn
3221 5739 3278 5784 ut
3307 5728 3441 5782 mala
3464 5741 3684 5797 quaequa
