4096 6392
348 481 454 537 253

352 595 628 667 prmseutia
646 595 1064 660 spcrnat,ntpote
1078 586 1356 651 lluxa,quae
1368 595 1577 648 semper
1594 574 1927 632 manentibus

355 684 585 755 prmmiis
612 688 1021 749 compensentur
1044 716 1058 739 ,
1087 686 1244 742 atque
1269 682 1325 726 ut
1352 671 1565 725 assidue
1594 669 1924 735 Scripturam

352 790 555 829 sacram
595 774 769 841 legat,
797 776 1049 838 quantum
1076 780 1168 832 per
1195 762 1467 816 oculorum
1511 756 1925 812 imbecillitatem

354 865 547 919 licebit.
589 863 719 917 Cum
762 873 923 929 porro
952 856 1197 910 man-oris
1225 867 1399 908 causae
1437 850 1712 904 Theodoto
1742 847 1925 901 lectori

354 971 563 1025 semper
593 956 980 1015 increscerent,
1027 946 1191 1017 patris
1234 952 1291 997 ut
1336 944 1540 996 videtur
1584 947 1927 1009 exasperatus

354 1049 561 1100 animus
599 1055 654 1100 et
689 1043 960 1098 ocalorutn
1009 1038 1373 1101 imbecillitas;
1420 1036 1503 1088 liis
1541 1033 1609 1090 de
1644 1033 1818 1086 causis
1860 1030 1926 1084 ad

352 1126 1185 1206 Chrysostomumseripsit:qui
1226 1142 1287 1181 ea
1318 1140 1418 1196 qua
1450 1139 1543 1194 par
1579 1131 1695 1178 erat
1737 1137 1927 1175 conso-

356 1228 548 1281 latione
574 1226 723 1278 illum
750 1222 1004 1277 recreavit
1032 1222 1083 1273 in
1123 1219 1345 1287 epistola
1374 1216 1478 1271 102
1509 1234 1520 1269 :
1560 1216 1699 1269 circa
1741 1214 1926 1268 oculo-

355 1334 470 1372 rum
503 1314 912 1369 invaletudincm
941 1313 1182 1366 hortatur
1208 1311 1356 1365 illum
1385 1319 1440 1363 ut
1471 1309 1703 1363 medicos
1729 1324 1926 1361 consu-

358 1414 448 1477 lat,
476 1421 529 1463 et
557 1408 622 1463 ad
644 1423 754 1462 rem
785 1416 982 1461 tantam
1004 1403 1269 1474 advigilet.
1294 1403 1435 1457 Patri
1462 1401 1599 1454 haud
1622 1401 1778 1453 dubie
1799 1399 1929 1453 scri-

358 1504 461 1572 psit
485 1499 915 1572 Chrysostomus,
950 1507 1004 1551 ut
1034 1498 1179 1551 illum
1210 1512 1328 1551 cum
1361 1496 1467 1548 lilio
1512 1494 1747 1564 pacatius
1772 1508 1929 1563 agere

356 1604 584 1649 curaret.
609 1594 737 1659 Qua:
758 1606 844 1645 res
874 1607 939 1644 ex
969 1599 1090 1643 voto
1113 1589 1274 1644 cessit
1303 1589 1400 1653 illi,
1432 1596 1489 1642 ut
1534 1588 1696 1656 liquet
1725 1602 1788 1641 ex
1820 1587 1931 1655 epi-

356 1684 490 1736 stula
531 1683 650 1737 Mt.
695 1681 825 1735 Nam
869 1696 991 1735 cum
1022 1679 1324 1733 Theodotus
1367 1679 1532 1733 lector
1550 1678 1930 1748 Chrysostomo

358 1776 658 1843 scripsisset
677 1788 733 1827 se
756 1789 784 1826 a
812 1782 960 1842 patre
992 1771 1283 1825 honoriﬁce
1312 1779 1587 1839 exceptum
1615 1769 1805 1836 fuisse;
1842 1770 1932 1824 ille

358 1864 631 1918 Theodoto
672 1862 998 1916 exconsulari
1046 1861 1177 1930 patri
1222 1860 1515 1928 rescripsit,
1543 1860 1737 1927 gratias
1770 1874 1932 1929 agens

359 1956 497 2025 quod
526 1971 635 2009 rem
669 1955 738 2007 ita
763 1953 1154 2023 composuerit,
1184 1953 1525 2023 hortaturque
1554 1952 1701 2007 illum
1730 1962 1788 2007 ut
1809 1967 1930 2007 cum

362 2049 471 2117 pari
502 2046 690 2100 allectu
714 2045 967 2115 deinceps
995 2045 1261 2113 procedat.

432 2139 678 2191 Armenite
706 2137 839 2189 mala
867 2149 1073 2204 quanta.
1096 2166 1166 2175 —
1190 2134 1463 2189 Theodoto
1501 2135 1659 2189 etiam
1708 2136 1933 2189 diacono

360 2226 667 2281 fidelissimo
696 2240 791 2279 suo
820 2225 1048 2294 scripsit,
1079 2236 1350 2295 postquam
1390 2227 1436 2279 is
1460 2226 1710 2279 Arabisso
1730 2225 1932 2279 disces-

358 2326 521 2383 serat,
552 2333 610 2372 se
634 2318 871 2372 absentia
899 2316 1062 2386 ipsius
1104 2319 1335 2372 maxime
1363 2318 1595 2387 torqueri
1625 2317 1928 2381 declarans,

358 2418 439 2462 tot
464 2424 650 2478 nempe
671 2409 824 2462 malis
853 2408 1256 2474 circumseptum
1291 2405 1488 2478 (Epist.
1521 2408 1651 2477 67).
1683 2408 1933 2476 Queritur

361 2500 519 2553 etiam
542 2515 598 2553 se
616 2499 1000 2568 infrequentius
1026 2499 1207 2552 literas
1230 2499 1404 2552 abillo
1424 2498 1651 2554 directas
1668 2482 1928 2570 accipere;

356 2592 551 2648 fatetur
577 2602 752 2645 tamen
785 2592 1074 2646 tabellariis
1105 2592 1414 2645 interclusas
1439 2607 1560 2647 esse
1599 2592 1711 2646 vias
1740 2610 1752 2645 :
1786 2604 1934 2663 rogat

361 2700 509 2754 ergo.
539 2684 582 2737 si
612 2685 906 2753 pauciores,
939 2685 1201 2753 longiores
1241 2684 1425 2737 saltem
1457 2684 1707 2754 epiStolas
1736 2686 1928 2741 mittat.

364 2775 419 2828 In
451 2776 687 2844 sequenti
719 2783 892 2828 autem
924 2775 991 2829 68
1018 2790 1074 2829 se
1098 2775 1230 2829 duas
1255 2774 1370 2843 ejus
1394 2775 1643 2844 epistolas
1664 2777 1933 2845 accepisse

360 2866 433 2917 ait
456 2881 576 2919 cum
600 2867 797 2934 ingenti
838 2866 1045 2929 laetitia,
1076 2875 1129 2919 et
1150 2875 1205 2919 ut
1240 2865 1545 2936 frequenter
1578 2866 1628 2920 id
1656 2867 1809 2921 faciat
1836 2885 1930 2922 co-

358 2957 617 3010 hortatur.
644 2956 776 3010 IIinc
796 2965 987 3025 quanta
1014 2965 1193 3010 essent
1214 2956 1477 3010 Armenia:
1503 2957 1637 3010 mala
1660 2957 1929 3011 describit.

362 3047 435 3101 Ibi
472 3058 595 3102 tunc
624 3048 805 3101 videre
850 3057 963 3101 erat
1003 3058 1249 3101 cruentos
1276 3056 1569 3113 torrentes,
1615 3048 1929 3103 cadaverum

357 3139 585 3208 agmina.
608 3138 793 3191 domos
824 3138 936 3191 solo
962 3147 1215 3206 arquatas,
1242 3137 1401 3191 urbes
1429 3153 1661 3193 eversas.
1687 3139 1797 3193 Sub
1820 3140 1933 3195 lucc

360 3240 535 3285 autem
580 3229 881 3284 Theodotus
906 3245 1116 3299 quoque
1150 3239 1471 3298 conquestus
1495 3238 1604 3294 est,
1636 3230 1774 3299 quod
1805 3247 1933 3301 pan-

360 3322 534 3375 ciores
562 3335 675 3392 ipse
710 3320 1073 3390 Chrysostomi
1105 3320 1284 3373 literas
1326 3319 1607 3388 acciperet.
1640 3320 1933 3391 Ilespondit

360 3414 449 3467 ille
493 3414 543 3465 in
579 3414 734 3482 epist.
762 3414 894 3475 157,
935 3411 1263 3466 Theodotum
1304 3411 1519 3466 totidem
1567 3412 1781 3480 literas,
1826 3431 1929 3468 una

358 3506 530 3559 minus
563 3520 591 3557 a
617 3521 674 3558 se
703 3505 990 3573 accepisse,
1014 3512 1141 3572 quot
1170 3503 1282 3571 ipse
1317 3512 1611 3571 acceperat.
1641 3503 1717 3559 De
1737 3514 1930 3559 cietero

359 3598 598 3651 hortatur
629 3608 683 3651 ut
706 3612 861 3665 quam
893 3594 1184 3664 saepissime
1218 3595 1412 3663 poterit
1434 3595 1501 3648 ad
1539 3609 1599 3649 se
1619 3596 1840 3662 scribat;
1885 3597 1929 3651 si

357 3699 532 3743 autem
565 3690 645 3742 vel
676 3688 799 3741 anni
840 3696 1127 3756 tempestas
1166 3686 1247 3741 vel
1278 3685 1573 3740 Isaurorum
1605 3687 1847 3743 incursus
1878 3689 1929 3742 id

360 3780 693 3848 prohibeant,
726 3794 844 3832 cum
865 3777 978 3846 ejus
1008 3778 1214 3830 animus
1230 3777 1326 3830 sibi
1356 3778 1662 3846 exploratus
1687 3779 1773 3841 sit,
1807 3779 1930 3834 hinc

359 3888 415 3923 se
433 3871 658 3939 amplam
680 3869 911 3924 diuturni
930 3868 1127 3921 silentii
1147 3867 1563 3923 consolationem
1588 3880 1926 3939 accepturum

355 3976 495 4014 CSSO.

430 4050 686 4103 I'lnrimas
714 4063 923 4117 quoque
948 4048 1099 4113 alias,
1131 4048 1361 4103 Arabissi
1394 4049 1646 4115 inclusus,
1680 4051 1930 4121 epistolas

359 4141 569 4210 scripsit
587 4181 602 4201 ,
631 4141 680 4193 in
714 4141 862 4208 queis
890 4140 952 4194 ad
982 4140 1219 4194 diversos
1251 4141 1435 4194 eadem
1462 4140 1630 4196 ferme
1658 4152 1890 4197 recenset
1909 4184 1924 4208 ,

358 4248 415 4287 se
461 4247 649 4301 nempe
678 4231 934 4285 inclusmn
987 4230 1058 4284 ibi
1107 4245 1343 4297 manere,
1370 4246 1489 4285 cum
1532 4233 1930 4302 aegritudinibus

358 4324 667 4389 conﬂictari,
697 4323 904 4377 Isauros
923 4324 1099 4377 omnia
1128 4325 1325 4378 circum
1352 4325 1681 4395 depopulari,
1713 4326 1924 4395 oppida,

358 4417 500 4470 vicos
526 4424 579 4469 et
596 4429 812 4484 campos
836 4415 1063 4468 Innnano
1089 4416 1343 4484 sanguine
1372 4426 1648 4471 cruentare
1669 4458 1682 4480 ,
1714 4418 1824 4470 vias
1852 4417 1931 4470 in-

360 4507 613 4561 terclusas
638 4520 775 4570 esse,
807 4506 876 4557 ita
917 4514 973 4558 ut
1013 4505 1194 4558 literas
1220 4504 1306 4558 vel
1346 4506 1554 4559 mittere
1583 4506 1664 4559 vel
1694 4508 1929 4575 recipere

360 4600 626 4655 rarissime
653 4597 841 4668 possit.
862 4596 961 4651 Ubi
987 4596 1290 4650 consideres
1312 4596 1487 4661 velim,
1516 4612 1672 4666 quam
1703 4596 1928 4650 nefando

359 4691 479 4745 odio
504 4697 559 4743 et
585 4689 753 4741 livore
794 4686 991 4740 inimici
1016 4688 1129 4754 ejus
1155 4686 1295 4740 ducti
1322 4688 1511 4740 fuerint
1548 4705 1560 4738 :
1594 4701 1761 4756 neque
1787 4688 1926 4741 enim

358 4782 485 4833 satis
513 4779 746 4833 habuere
768 4778 912 4831 illum
944 4794 1008 4832 ex
1041 4778 1168 4832 sede
1196 4794 1286 4830 sua
1310 4778 1590 4846 depulisse,
1622 4779 1714 4833 sed
1742 4780 1794 4832 in
1816 4779 1926 4831 loca

361 4870 447 4922 illa
474 4868 705 4931 deserta,
736 4867 1124 4921 incursionibus
1148 4868 1487 4921 barbarorum
1511 4867 1765 4922 funestata
1790 4910 1804 4934 ,
1836 4871 1930 4923 ab-

359 4959 477 5011 duci
505 4971 774 5011 curavere.
800 4956 909 5009 lnm
937 4946 1083 5020 vero,
1116 4956 1235 5024 quia
1260 4958 1385 5009 tanti
1408 4958 1502 5010 viri
1535 4958 1667 5010 fama
1697 4968 1749 5010 et
1778 4974 1930 5011 sauc-

361 5047 575 5102 timonia
598 5048 900 5100 innumeros
924 5047 975 5099 in
1004 5046 1116 5099 loca
1140 5047 1225 5100 illa
1249 5057 1351 5101 Iam
1378 5048 1557 5118 procul
1582 5049 1745 5116 posita
1763 5058 1928 5103 attra-

361 5142 519 5196 hebat
538 5184 553 5206 ,
603 5141 653 5193 in
682 5148 966 5201 extremos,
990 5149 1046 5192 ut
1074 5156 1195 5193 mox
1224 5140 1536 5201 videbimus,
1566 5140 1773 5209 imperii
1798 5141 1929 5196 lines

363 5236 505 5288 illum
536 5242 719 5303 postea
746 5232 1014 5284 amandari
1044 5248 1315 5285 curavere.
1344 5232 1593 5286 Arabisso
1623 5243 1796 5287 autem
1827 5234 1929 5287 Cu-

361 5341 543 5379 cusum
584 5324 804 5377 rediisse
833 5331 1042 5391 putatur
1066 5338 1205 5375 anno
1230 5322 1354 5376 406.

431 5415 813 5485 Chrysostomus
842 5415 907 5467 ad
936 5414 1282 5468 Occidentales
1309 5414 1585 5484 Episcopus
1616 5415 1784 5471 literas
1811 5418 1928 5469 mit-

364 5505 441 5558 tit.
464 5534 535 5543 —-
558 5504 687 5558 Cum
719 5518 878 5573 porro
917 5503 1077 5556 sciret
1123 5503 1532 5574 Cltrysostomus
1567 5504 1932 5560 Occidentales

364 5597 639 5665 episc0pos
661 5610 689 5647 a
723 5595 960 5663 partibus
989 5595 1099 5647 suis
1120 5604 1281 5658 stare,
1314 5604 1367 5648 et
1391 5612 1451 5650 ea
1480 5611 1596 5665 qua:
1631 5595 1933 5651 Constanti-

365 5689 540 5758 nopoli
562 5697 615 5743 et
640 5688 690 5741 in
717 5687 1027 5757 expulsione
1051 5702 1145 5740 sua
1172 5696 1226 5740 et
1247 5699 1425 5755 postea
1451 5699 1593 5757 gesta
1615 5687 1822 5743 fuerant
1842 5706 1935 5744 ve-

369 5778 641 5832 hementer
666 5778 962 5847 improbare
981 5820 996 5845 ,
1027 5778 1276 5847 epistolas
1304 5779 1437 5833 bene
1467 5778 1656 5833 multas
1695 5779 1761 5833 ad
1807 5794 1931 5834 eos-

366 5871 486 5924 dem
511 5871 789 5940 episc0pos
817 5871 977 5935 misit,
1010 5880 1059 5925 et
1089 5870 1299 5940 quidem
1340 5885 1433 5939 per
1474 5870 1749 5927 Evethium
1809 5888 1929 5940 prc-

1472 462 1648 520 NUNC
1684 457 1947 517 PRIMUM
1976 457 2365 514 ADORNATA.
3495 464 3600 521 εει

2036 575 2328 645 sbyterum,
2356 592 2513 646 quem
2558 568 3019 635 in'Occidentalcs
3062 590 3237 651 partes
3277 583 3438 637 misit.
3470 586 3598 653 Qum

2033 666 2137 721 152
2165 667 2467 721 inscribitur
2486 710 2499 732 ,
2525 668 2589 721 ad
2616 671 2892 740 episcopos
2922 671 3079 724 missa
3108 673 3431 741 significatur
3454 716 3468 741 ,
3502 691 3601 730 nec

2032 756 2082 808 in
2109 756 2260 809 titulo
2297 757 2660 812 Occidentales
2707 770 3090 815 memorantur.
3121 760 3227 816 Sed
3270 780 3298 818 a
3344 766 3601 833 principio

2030 845 2096 899 ad
2118 845 2481 901 Occidentales
2509 848 2662 918 dirigi
2685 850 2945 906 indicatur
2973 852 3056 907 his
3081 856 3255 908 verbis
3287 872 3301 910 :
3334 855 3401 909 Et
3432 858 3600 921 priva-

2032 936 2120 988 tim
2156 937 2368 1005 singulis
2392 947 2439 992 et
2464 941 2729 994 universim
2758 944 2985 998 omnibus
3010 947 3197 1015 gratias
3239 947 3375 1001 vobis
3408 950 3603 1019 deferre

2030 1026 2285 1091 debemus,
2314 1046 2414 1082 non
2445 1047 2534 1085 nos
2563 1032 2827 1099 duntaxat,
2854 1036 2940 1089 sed
2959 1038 3105 1089 etiam
3131 1056 3299 1093 omnes
3324 1039 3602 1096 Orientales

2030 1118 2266 1187 episcOpi,
2292 1119 2600 1175 diversarum
2624 1125 2822 1177 urbium
2850 1128 3037 1192 clerici,
3062 1146 3121 1182 ac
3149 1129 3267 1183 laici
3294 1133 3431 1184 vario
3454 1134 3602 1186 modo

2030 1210 2197 1277 pulsi,
2223 1211 2355 1280 quod
2384 1222 2593 1280 paterna
2630 1216 2817 1269 viscera
2846 1218 3155 1285 exhibentes,
3198 1223 3351 1275 vicem
3381 1234 3602 1277 nostram

2032 1298 2291 1364 doluistis,
2321 1303 2613 1373 fortiterque
2636 1307 2860 1360 stetistis.
2894 1309 3251 1379 llortaturque
3294 1313 3414 1367 illos
3456 1323 3513 1367 ut
3550 1315 3600 1367 in

2030 1393 2219 1459 emptis
2250 1395 2552 1461 persistant.
2580 1397 2634 1451 In
2662 1402 3003 1468 sequentibus
3041 1419 3250 1474 quoque
3280 1406 3517 1475 epistolis
3537 1409 3602 1461 ad

2033 1484 2247 1537 eosdem
2280 1487 2456 1540 missis
2480 1488 2582 1542 155
2606 1497 2660 1543 et
2686 1490 2809 1556 154,
2844 1503 2901 1545 ut
2928 1495 3167 1549 eamdem
3198 1513 3408 1567 semper
3455 1501 3505 1553 in
3548 1518 3605 1554 re

2034 1587 2276 1645 suscepta
2324 1578 2678 1635 fortitudinem
2704 1583 2989 1639 exhibeant
3030 1587 3288 1654 obsecrat,
3312 1599 3364 1643 et
3399 1602 3605 1659 pertur-

2032 1665 2298 1720 bationeni
2328 1668 2491 1734 illam,
2522 1686 2639 1739 quae
2664 1670 2958 1729 Orientales
3006 1676 3266 1733 Ecclesias
3310 1680 3599 1745 invaserat,

2033 1757 2222 1812 sedare
2248 1771 2525 1815 conentur.

2104 1847 2246 1902 Inter
2265 1851 2542 1920 episcopos
2560 1862 2735 1906 autem
2765 1855 2903 1920 illos,
2929 1856 3015 1925 qui
3037 1856 3399 1930 Chrysostomi
3429 1873 3605 1931 partes

2033 1937 2259 2004 amplexi
2310 1938 2551 2007 fuerant,
2596 1943 2861 1998 eminebat
2912 1945 3281 2015 Chromatius,
3328 1953 3605 2022 episcopus

2035 2027 2414 2095 Aquileiensis,
2448 2032 2534 2099 qui
2567 2032 2689 2086 tuba
2716 2035 2927 2099 clarius,
2962 2035 3131 2106 inquit
3148 2038 3378 2095 Joannes
3400 2054 3600 2107 noster,

2038 2130 2136 2183 pro
2161 2132 2317 2173 causa
2338 2121 2502 2187 ipsius
2531 2133 2584 2175 et
2609 2133 2791 2177 contra
2819 2126 3152 2184 adversarios
3192 2145 3316 2187 suos
3344 2132 3603 2187 declama-

2035 2208 2141 2261 bat.
2175 2209 2341 2279 IIujus
2370 2224 2654 2282 conspectu
2676 2226 2833 2284 atque
2861 2233 3149 2289 congressu
3174 2221 3270 2276 frui
3297 2226 3604 2293 peremabat

2037 2299 2483 2372 Chrysostomus;
2512 2308 2603 2360 sed
2640 2309 2759 2377 quia
2791 2310 2914 2364 illud
2945 2314 3200 2382 temporis
3240 2316 3474 2371 conditio
3503 2335 3604 2372 non

2036 2390 2257 2458 ferebat,
2283 2394 2560 2449 Evcthinm
2584 2398 2977 2469 presbyterum,
3005 2402 3094 2470 qui
3114 2403 3213 2457 sibi
3233 2419 3265 2456 a
3287 2405 3448 2460 latere
3468 2423 3605 2461 sem~

2037 2500 2131 2552 per
2155 2486 2348 2551 stabat,
2380 2487 2445 2541 ad
2489 2488 2635 2543 illum
2666 2490 2837 2557 misit,
2879 2508 3102 2560 precans
3128 2505 3186 2549 ut
3212 2495 3440 2567 benigne
3466 2501 3604 2553 exci-

2036 2584 2207 2645 peret,
2241 2592 2303 2631 ac
2334 2578 2574 2633 redeunti
2606 2581 2785 2637 literas
2805 2583 2956 2638 daret
2990 2585 3087 2639 sibi
3113 2586 3449 2655 afferendas;
3497 2599 3605 2644 tum

2035 2668 2192 2722 etiam
2215 2711 2230 2734 ,
2260 2670 2305 2722 si
2346 2670 2649 2727 tabellarios
2689 2675 2919 2729 nancisci
2965 2687 3172 2744 posset,
3220 2678 3287 2733 de
3316 2680 3485 2733 salute
3511 2696 3604 2735 sua

2033 2762 2313 2815 certiorem
2357 2778 2415 2816 se
2442 2763 2653 2818 faceret.
2685 2764 2782 2819 llic
2820 2782 2945 2820 vero
2979 2767 3314 2823 Chromatius
3339 2771 3403 2823 ad
3447 2771 3605 2825 Joan-

2036 2868 2158 2907 nem
2196 2865 2435 2908 nostrum
2476 2858 2722 2925 scripsit,
2755 2868 2807 2912 ut
2836 2869 3094 2914 memorat
3134 2861 3399 2917 Palladius
3443 2864 3494 2917 in
3518 2864 3605 2918 Vi-

2035 2954 2085 2996 ta
2147 2944 2526 3016 Chrysostomi.
2589 2947 2755 3016 Hujus
2810 2950 2968 3003 etiam
3030 2954 3229 3005 mentio
3282 2954 3507 3008 habetur
3551 2955 3602 3008 in

2033 3035 2188 3102 epist.
2240 3035 2527 3090 Innocentii
2570 3038 2634 3090 ad
2686 3039 3141 3108 Chrysostomum.
3196 3042 3346 3098 Hunc
3396 3060 3604 3114 quoque

2032 3125 2397 3181 Chromatium
2446 3130 2837 3199 Aquileiensem
2886 3132 3180 3191 honoriﬁce
3226 3152 3604 3195 commemorat

2034 3215 2388 3288 Hieronymus
2412 3219 2720 3289 praefatione
2752 3223 2803 3275 in
2836 3223 3031 3278 librum
3073 3225 3511 3297 Paralipomenon
3553 3244 3603 3286 et

2034 3310 2085 3363 in
2115 3312 2333 3379 cpistola
2361 3312 2448 3366 66.

2103 3403 2378 3473 Episc0pis
2406 3407 2563 3460 etiam
2594 3405 3055 3471 Occidentalibus,
3094 3410 3182 3479 qui
3220 3412 3283 3465 ad
3322 3413 3600 3468 Arcadium

2033 3494 2166 3563 Imp.
2196 3494 2415 3550 Concilii
2442 3498 2754 3552 aecumenici
2782 3500 3079 3567 postulandi
3100 3516 3256 3555 causa
3286 3505 3560 3567 veniebant
3585 3548 3598 3567 ,

2034 3600 2128 3654 per
2155 3586 2431 3642 Evethium
2464 3589 2825 3660 presbyterum
2857 3592 3104 3660 epistolas
3139 3595 3281 3647 misit
3307 3596 3430 3661 156,
3462 3598 3561 3651 157
3584 3641 3598 3661 ,

2034 3676 2156 3741 158,
2184 3678 2304 3742 159,
2334 3678 2517 3733 iisdem
2548 3695 2683 3748 pene
2707 3681 2880 3735 verbis
2907 3693 3211 3752 conceptas,
3242 3685 3596 3741 fortitudinem

2031 3766 2286 3835 laudans,
2320 3784 2677 3839 prccausque,
2712 3780 2767 3824 ut
2800 3775 3061 3827 constanti
3106 3776 3283 3830 animo
3323 3776 3373 3829 in
3405 3793 3462 3831 re
3492 3788 3595 3830 tam

2031 3859 2167 3913 bene
2189 3869 2358 3928 empta
2388 3872 2742 3929 perseverent.
2773 3864 2851 3917 Ad
2883 3865 2995 3919 Iurc
3020 3882 3146 3920 vero
3170 3869 3445 3936 epistolam
3469 3874 3599 3925 scri-

2030 3952 2138 4021 psit
2164 3952 2263 4007 160
2291 3951 2542 4024 Episcopo
2561 3998 2576 4018 ,
2604 3957 2689 4024 qui
2716 3957 2777 4010 ab
2808 3956 3075 4012 Occidente
3102 3971 3298 4013 venerat
3317 4002 3332 4027 ,
3375 3961 3444 4016 ita
3475 3979 3600 4017 cons

2032 4042 2319 4108 cinnatam,
2349 4054 2405 4098 ut
2434 4055 2616 4114 posset
2640 4048 2859 4117 singulis
2889 4049 3312 4107 Occidentalibus
3340 4056 3599 4126 episcopis

2032 4134 2229 4189 offerri.
2259 4137 2587 4209 Presbyteris
2608 4142 2763 4194 etiam
2784 4142 3057 4209 Romanis,
3088 4146 3317 4215 quicum
3340 4149 3600 4218 episc0pis

2034 4226 2085 4279 in
2112 4225 2381 4281 Orientem
2403 4240 2678 4294 venerant,
2710 4232 2887 4286 literas
2910 4235 3052 4288 misit
3078 4250 3163 4303 ep.
3198 4236 3317 4298 161,
3344 4253 3435 4306 per
3455 4254 3572 4293 cum

2032 4316 2152 4371 dem
2182 4319 2459 4373 Evethium
2491 4321 2805 4376 afferendas.
2837 4324 2932 4390 Qui
2964 4325 3215 4380 Evethius
3249 4328 3407 4382 etiam
3438 4344 3586 4398 pecu-

2032 4409 2212 4462 liarem
2242 4411 2517 4477 epistolam
2550 4412 2649 4466 162
2674 4413 2737 4466 ad
2770 4415 3043 4485 Anysium,
3074 4416 3598 4475 Thessalonicensem

2032 4500 2357 4569 cpisc0pum,
2386 4502 2582 4566 attulit,
2616 4504 2963 4574 similiterque
2990 4506 3209 4560 alteram
3238 4508 3339 4563 165
3364 4509 3429 4563 ad
3452 4509 3600 4581 Any-

2034 4593 2167 4645 sium
2194 4603 2523 4662 caeterosque
2564 4609 2751 4649 omnes
2776 4596 3094 4651 Macedoniae
3133 4598 3438 4668 episcopos,
3465 4616 3599 4670 quo-

2032 4699 2147 4736 rum
2175 4682 2419 4738 undecim
2450 4685 2820 4750 nominantur;
2857 4696 2909 4740 et
2937 4702 3053 4740 eam
3081 4688 3316 4757 insuper,
3344 4705 3460 4758 qu:e
3500 4692 3602 4745 16ι

2033 4776 2369 4841 inscribitur,
2397 4776 2463 4829 ad
2495 4777 2851 4831 Alexandrum
2896 4780 3141 4833 Corinthi
3171 4783 3507 4851 episcopum,
3535 4784 3603 4839 de

2032 4883 2136 4934 quo
2162 4867 2328 4920 amice
2349 4868 2602 4935 queritur,
2634 4869 2772 4936 quod
2805 4870 2900 4923 sibi
2935 4871 3115 4925 literas
3137 4872 3310 4927 nullas
3338 4874 3529 4927 mittat.

2104 4958 2378 5028 Episcopis
2407 4961 2563 5014 etiam
2614 4962 2715 5016 illis
2755 4963 3144 5028 Orientalibus,
3189 4967 3274 5034 qui
3323 4967 3403 5019 sui
3447 4981 3601 5020 causa

2034 5050 2255 5103 Romam
2286 5066 2343 5104 se
2369 5053 2733 5115 contulerant,
2774 5062 2829 5107 et
2862 5069 2980 5108 cum
3015 5054 3440 5111 Occidentalibus
3487 5063 3604 5126 epi-

2034 5143 2207 5208 seopis
2232 5141 2297 5195 ad
2322 5142 2696 5210 Imperatorem
2719 5145 2999 5198 Arcadium
3018 5146 3331 5216 migrabant,
3355 5149 3606 5217 epistolas

2035 5234 2177 5287 misit
2198 5235 2319 5301 165,
2353 5236 2454 5289 166
2479 5246 2532 5290 et
2559 5236 2660 5290 167
2694 5254 2707 5288 :
2739 5252 2870 5305 quas
2896 5239 3068 5292 eidem
3114 5240 3339 5293 Evethio
3383 5241 3605 5312 presby-

2038 5331 2150 5375 tero
2179 5323 2307 5393 ipsis
2339 5324 2623 5379 tradcndas
2652 5327 2999 5397 consignavit.
3033 5327 3330 5383 Gaudentio
3357 5346 3565 5399 quoque

2036 5412 2284 5467 Brixiano
2310 5414 2588 5484 episcopo,
2634 5431 2789 5485 quem
2815 5416 2923 5486 jam
2951 5417 3076 5470 olim
3121 5428 3375 5486 noverat,
3406 5420 3606 5488 cpisto-

2037 5504 2138 5555 lam
2166 5504 2266 5559 184
2296 5504 2525 5573 scripsit,
2551 5506 2833 5576 laudatque
2869 5508 3014 5562 illum
3045 5523 3075 5562 a
3097 5511 3390 5563 constantia
3413 5522 3465 5564 et
3497 5510 3605 5563 for-

2040 5594 2263 5649 titudine
2286 5605 2443 5665 atque
2480 5612 2509 5650 a
2546 5600 2970 5667 perseverantia,
2998 5609 3051 5655 et
3078 5601 3259 5671 paucis
3286 5601 3605 5671 indicatjam

2039 5686 2105 5739 de
2134 5702 2307 5739 rerum
2335 5702 2537 5742 summa
2564 5690 2668 5759 agi.

2114 5782 2288 5852 Legati
2345 5783 2519 5851 itaque
2566 5781 2812 5853 (Pallad.
2856 5781 3115 5853 DiaIOg.),
3146 5783 3389 5839 Aimilius
3442 5784 3603 5840 Bene-

2044 5878 2184 5931 venti
2213 5876 2513 5945 episcomts,
2538 5874 2843 5944 Cylhegius,
2868 5873 3211 5932 Gaudentius.
3246 5876 3522 5939 Marianos,
3558 5886 3604 5936 tt
