4096 6392
471 419 572 476 255

469 536 604 590 alius
629 533 779 602 cujus
826 547 1017 587 nomen
1067 543 1374 601 expressum
1415 542 1523 582 non
1576 527 1703 595 fuit;
1749 528 2042 599 presbyteri

471 640 598 679 vero
619 623 1011 680 Valentinianus
1027 631 1080 678 et
1095 620 1413 685 Bonifacius,
1441 629 1495 674 et
1516 618 1770 675 diaconus
1791 635 1945 684 unus,
1965 635 2045 674 ac-

471 719 823 789 ceptisliteris
841 719 1058 773 Honorii
1091 716 1448 785 Imperatoris,
1477 715 1767 770 Innocentii
1797 725 1852 770 et
1889 714 2046 768 Italo-

471 825 589 864 rum
628 810 1018 878 episc0porum,
1067 807 1358 862 Chromatii
1407 806 1780 876 Aquileiensis,
1833 805 2044 861 Venerii

471 899 881 954 Mediolanensis
909 907 964 954 et
983 898 1230 960 aliorum,
1254 896 1490 951 instructi
1513 897 1671 950 etiam
1694 895 2046 949 commonito-

470 994 551 1047 rio
572 992 772 1064 Synodi
795 991 1166 1055 Occidentalis,
1192 989 1362 1044 Roma
1391 987 1611 1058 profecti
1635 996 1761 1042 sunt
1799 1002 1902 1041 una
1923 1002 2043 1041 cum

467 1085 710 1156 Cyriaco,
740 1083 1027 1150 Demetrio,
1059 1082 1297 1137 Palladio
1322 1080 1613 1151 etEulysio
1633 1078 1899 1147 episcopis
1927 1077 2045 1132 Ori-

467 1174 746 1240 entalibus,
774 1175 862 1244 qui
890 1171 1454 1242 Coustantinopolitani
1504 1169 1706 1223 dissidii
1735 1182 1895 1222 causa
1937 1167 2045 1221 Ro-

471 1282 610 1321 mam
642 1274 920 1320 venerant.
953 1265 1021 1321 Ut
1045 1274 1220 1318 antem
1251 1279 1317 1318 ex
1346 1261 1565 1319 Palladii
1586 1262 1747 1318 dictis
1787 1259 2042 1328 liquidum

468 1368 554 1412 est
589 1356 819 1427 (Pallad.
853 1351 1106 1426 Dialog.),
1138 1353 1374 1407 nondum
1415 1352 1651 1405 sciebant
1699 1350 1772 1403 illi
1811 1348 2041 1403 Atticum

469 1463 590 1522 post
615 1450 814 1505 Arsacii
839 1459 1064 1504 mortem
1087 1448 1269 1503 sedem
1289 1446 1926 1514 Constantinopolitanam
1964 1445 2046 1499 in-

469 1543 693 1598 vasisse.
725 1543 780 1596 In
810 1540 1214 1596 commonitorio
1243 1549 1418 1593 autem
1445 1538 1796 1593 Occidentalis
1844 1538 2042 1608 Synodi

469 1631 761 1693 dicebatur,
784 1631 1041 1686 Joannem
1074 1630 1126 1682 in
1139 1629 1392 1698 judicium
1416 1627 1668 1682 accedere
1693 1643 1796 1680 non
1825 1626 2038 1690 debere,

469 1723 573 1779 nisi
603 1723 748 1792 prius
765 1722 864 1791 ipsi
895 1720 1141 1775 restituta
1169 1719 1355 1774 fuisset
1385 1727 1440 1773 et
1464 1718 1700 1773 Ecclesia
1725 1725 1779 1772 et
1820 1733 2044 1770 commu-

467 1816 586 1868 nio:
608 1813 728 1883 jure
746 1826 975 1882 namque
1002 1809 1426 1879 conquerebatur
1451 1807 1561 1875 ille,
1607 1807 1746 1877 quod
1773 1816 1827 1862 et
1849 1806 2043 1860 absens

466 1915 521 1961 et
549 1905 742 1960 indicta
767 1917 922 1958 causa
951 1901 1230 1956 damnatus
1250 1901 1459 1955 fuisset.

538 1995 778 2064 Episwpi
802 1994 864 2046 ab
894 1991 1121 2046 Honorio
1151 1989 1290 2061 Imp.
1329 1990 1396 2042 ad
1419 1989 1692 2042 Arcadium
1718 1989 1876 2054 missi,
1910 1988 2042 2043 male

469 2085 797 2155 excipiuntur.
817 2113 888 2122 -—-
909 2081 1212 2138 Conscensa
1241 2081 1398 2151 igitur
1419 2080 1540 2134 navi
1569 2095 1752 2134 versus
1780 2079 2039 2135 Graeciam

473 2177 588 2230 vela
609 2175 888 2240 dederunt,
921 2189 1147 2242 cumque
1184 2171 1292 2242 jam
1319 2185 1484 2240 prope
1513 2170 1838 2224 Athenarum
1865 2170 2038 2224 littora

468 2268 852 2338 pervenissent,
898 2280 928 2319 a
956 2265 1166 2320 tribuno
1211 2262 1435 2333 quodam
1476 2261 1674 2315 detenti
1727 2260 1893 2326 fuere,
1952 2261 2039 2329 qui

465 2360 830 2416 centurionem
847 2359 948 2412 illis
962 2357 1221 2427 adjunxit,
1237 2356 1442 2424 jussum
1459 2354 1707 2408 cohibere
1724 2370 1791 2408 ne
1811 2353 2042 2408 Thessa-

467 2453 716 2518 lonicam,
737 2465 845 2522 quo
868 2465 926 2505 se
945 2449 1189 2505 conferre
1218 2458 1374 2518 atque
1391 2447 1590 2518 Anysio
1615 2447 1791 2500 literas
1815 2445 1941 2499 dare
1958 2461 2042 2498 vo-

471 2543 666 2608 lebant,
687 2539 1012 2610 appellerent
1039 2537 1268 2591 (Pallad.
1293 2535 1487 2607 supra).
1505 2537 1791 2604 Conjectos
1809 2537 1963 2605 igitur
1987 2537 2038 2588 in

469 2632 670 2702 navigia
688 2626 796 2681 duo
809 2629 1328 2698 dimisit.lngruente
1339 2633 1518 2679 autem
1540 2633 1700 2680 vento
1718 2623 2037 2688 vehementi,

465 2722 688 2794 Egeum
717 2736 864 2776 mare
891 2729 946 2775 et
976 2719 1106 2774 freta
1139 2720 1254 2773 sine
1279 2719 1398 2772 cibo
1425 2719 1765 2786 trajecerunt,
1792 2725 1845 2770 et
1873 2721 2040 2770 tertia:

465 2815 568 2870 diei
595 2814 724 2869 hora
751 2813 1060 2868 duodecima
1111 2809 1333 2878 (Pallad.
1363 2808 1615 2879 Dialog.).
1662 2807 2037 2864 Constantino-

466 2907 872 2978 polinappulere
900 2918 1063 2974 prope
1092 2901 1448 2956 suburbanum
1470 2901 1710 2954 Victoris.
1739 2898 2038 2955 Ubireten:i

462 3000 532 3052 ab
572 2997 904 3053 exactoribus
928 3005 1191 3064 portuum,
1219 2994 1367 3062 jussu
1397 2991 1668 3061 cujusdam
1691 2992 1787 3046 sibi
1834 2992 2038 3060 ignoti,

461 3101 608 3147 tetro
627 3092 1020 3154 discesserunt,
1051 3098 1105 3143 et
1142 3089 1327 3142 inclusi
1366 3086 1510 3142 fuere
1561 3087 1612 3140 in
1651 3102 1772 3140 arce
1812 3085 2038 3155 quadam

458 3185 702 3238 't‘hracize
725 3184 1007 3249 maritima,
1030 3182 1112 3237 cui
1131 3197 1321 3236 nomen
1340 3181 1537 3253 Athyra
1555 3197 1569 3246 ;
1586 3180 1804 3234 Romani
1826 3181 2036 3251 quidem

463 3279 517 3330 in
544 3290 643 3329 una
685 3274 1000 3329 domuncula
1028 3313 1042 3339 ,
1067 3273 1291 3326 iiautem
1310 3272 1396 3340 qui
1422 3287 1541 3325 cum
1565 3270 1785 3342 Cyriaco
1811 3283 1961 3326 erant
1985 3272 2038 3326 in

463 3367 694 3422 diversis
722 3365 1003 3436 separatim
1027 3406 1040 3430 ,
1064 3365 1274 3434 illicque
1313 3366 1484 3420 vexati
1507 3373 1666 3428 sunt,
1696 3363 1765 3416 ita
1785 3373 1839 3417 ut
1867 3379 1932 3417 ne
1956 3362 2035 3417 fa-

463 3461 640 3514 mulus
664 3459 874 3529 quidem
906 3465 1097 3528 praesto
1131 3465 1290 3522 esset,
1311 3458 1400 3528 qui
1431 3457 1533 3510 illis
1554 3455 1894 3510 ministraret.

538 3554 624 3606 Ait
674 3565 834 3621 porro
877 3551 1203 3604 Sozomenus
1243 3547 1472 3619 (Sozam.
1504 3550 1540 3602 Ι.
1572 3547 1624 3602 8.
1660 3564 1706 3600 c.
1730 3549 1844 3618 28),
1875 3547 2035 3602 Joan-

471 3644 555 3698 nis
583 3642 916 3696 adversarios
941 3641 1247 3709 Imperatori
1281 3640 1531 3707 Arcadio,
1559 3641 1776 3694 credqu
1807 3640 1961 3693 nimis
1985 3649 2040 3693 et

466 3732 751 3797 imbecillo,
791 3733 1041 3796 suasisse,
1066 3731 1115 3784 id
1143 3731 1194 3784 in
1216 3731 1592 3788 contumeliam
1631 3731 1915 3784 Orientalis
1933 3731 2035 3784 Im-

467 3822 598 3892 perii
628 3821 819 3875 factum
847 3835 1000 3883 esse;
1033 3829 1190 3889 atque
1242 3819 1367 3874 hinc
1413 3820 1654 3874 evenisse
1703 3829 1758 3872 ut
1797 3819 1871 3872 illi
1914 3834 2035 3874 cnm

468 3914 749 3984 ignominia
768 3912 1179 3978 dimitterentur,
1211 3913 1441 3970 Joannes
1491 3919 1666 3965 autem
1716 3911 1941 3982 longius,
1983 3913 2036 3967 in

468 4004 719 4074 oppidum
744 4003 946 4057 scilicet
968 4002 1290 4071 Pytiuntem,
1323 4000 1716 4054 transferretur.

555 4097 598 4150 A
625 4095 810 4164 legatis
836 4110 961 4147 vero
998 4093 1253 4147 Romanis
1277 4093 1526 4162 petebant
1564 4093 1619 4155 ii,
1655 4090 1745 4160 qui
1775 4102 1880 4146 tam
1924 4091 2038 4147 dire

470 4187 589 4244 illos
613 4187 896 4249 vexabant.
939 4186 1118 4240 literas
1163 4185 1502 4254 Imperatoris
1548 4194 1602 4239 et
1646 4185 2034 4254 episcoporum.

468 4277 874 4348 Responderunt
899 4277 996 4342 illi,
1043 4291 1100 4330 se
1146 4275 1354 4329 nonnisi
1385 4275 1694 4344 Imperatori
1720 4275 1819 4344 ipsi
1845 4283 1898 4329 et
1920 4275 2034 4344 epi-

473 4370 649 4438 sc0pis
689 4384 841 4436 posse
866 4368 1044 4422 literas
1067 4367 1182 4422 illas
1209 4365 1360 4425 dare.
1387 4367 1520 4420 Cum
1545 4381 1670 4420 vero
1700 4366 2040 4434 persisterent

474 4463 550 4517 illi
577 4469 852 4531 negantes,
886 4460 1029 4514 venit
1049 4459 1219 4527 primo
1249 4458 1505 4512 Patricius
1528 4459 1781 4526 notarius,
1815 4466 1922 4510 tum
1950 4457 2036 4511 alii

469 4555 695 4624 idipsum
724 4561 985 4622 petentes,
1003 4551 1322 4620 demumque
1346 4549 1656 4604 Valerianus
1673 4549 1950 4617 Cappadox
1973 4564 2038 4603 ex

469 4648 692 4701 militum
725 4660 965 4706 numero,
997 4644 1124 4698 lasso
1145 4642 1362 4696 Mariani
1390 4641 1624 4711 episcopi
1672 4643 1882 4711 pollice,
1931 4640 2036 4694 Im-

469 4736 727 4808 peratoris
753 4745 806 4790 et
835 4735 1056 4787 aliorum
1082 4733 1264 4787 literas
1288 4732 1385 4801 ipsi
1408 4731 1644 4785 abstulit.

544 4827 801 4882 Postridie
821 4835 997 4878 autem
1025 4823 1110 4878 vel
1137 4823 1291 4876 aulici
1317 4820 1676 4889 Imperatoris,
1707 4822 1787 4875 vel
1818 4822 1932 4890 ipse
1953 4821 2039 4873 At-

469 4921 624 4982 ticus,
651 4917 909 4971 miserunt
938 4915 1016 4968 eis
1035 4913 1126 4983 qui
1155 4913 1254 4966 tria
1284 4912 1445 4964 millia
1473 4911 1844 4965 nnmismatum
1877 4910 2037 4964 offer-

469 5018 607 5072 rent,
629 5009 672 5062 si
690 5023 810 5062 eum
839 5007 1015 5060 Attico
1039 5003 1435 5058 communicare
1466 5002 1682 5063 vellent,
1707 5011 1759 5054 et
1787 5002 1852 5055 de
1877 5001 2038 5056 Joan-

469 5101 551 5154 nis
573 5099 771 5169 judicio
791 5105 1046 5152 tacerent.
1077 5095 1168 5149 His
1194 5093 1427 5161 rejectis,
1458 5093 1531 5146 illi
1576 5092 1642 5145 ad
1692 5107 1875 5160 preces
1910 5107 2038 5146 con-

471 5192 608 5244 versi
637 5199 780 5254 sunt,
805 5196 861 5240 ut
885 5201 1004 5240 enm
1030 5184 1162 5238 nihil
1192 5181 1638 5253 possentpaciﬁce
1667 5198 1936 5252 peragere,
1971 5182 2040 5236 ob

473 5289 667 5336 tantam
690 5280 891 5334 scilicet
911 5277 1372 5339 inhumanitatem,
1395 5273 1664 5328 Ecclesias
1701 5287 1823 5327 suas
1880 5289 2038 5342 repe-

478 5382 583 5429 tere
612 5373 727 5427 sine
756 5368 995 5442 periculo
1017 5375 1250 5436 possent.
1277 5365 1441 5435 quue
1469 5365 1616 5433 ipsis,
1647 5365 1815 5433 inquit
1869 5365 2038 5418 Palla-

469 5466 608 5530 dius,
655 5443 815 5517 variis
852 5460 1265 5516 revelationibus
1307 5458 1629 5512 declaratum
1677 5455 1811 5522 fuit;
1867 5457 1938 5511 ita
1984 5466 2040 5511 ut

473 5557 626 5611 etiam
673 5555 894 5608 diacono
924 5552 984 5608 S.
1015 5549 1256 5606 Emmelii
1293 5549 1476 5614 Paulo,
1505 5549 1618 5600 viro
1667 5547 1946 5601 mitissimo
1987 5559 2038 5601 et

470 5647 735 5715 prudenti,
757 5645 949 5698 Paulus
967 5642 1232 5712 apostolus
1251 5639 1570 5708 apparuerit.
1594 5637 2041 5708 Valerianusergo

475 5739 712 5792 tribunus
739 5737 858 5789 illos
880 5736 931 5788 in
967 5731 1227 5802 putridam
1255 5745 1441 5784 navem
1486 5728 1727 5791 immisit,
1773 5729 2035 5792 mercede,

476 5842 528 5886 ut
548 5844 728 5885 rumor
754 5839 884 5894 erat,
917 5825 1166 5881 nauclero
1197 5823 1336 5887 data,
1363 5833 1417 5874 ut
1437 5820 1742 5889 navigantes
1767 5820 1882 5874 illos
1912 5834 2035 5891 per-

1555 415 1612 469 S.
1650 414 1925 471 JOANNIS
1961 415 2429 476 CHRYSOSTOMI
2467 421 2646 489 VITA,

3619 431 3724 488 ενδ

2157 530 2328 596 deret,
2355 533 2619 602 adjunctis
2646 536 2806 590 etiam
2837 536 3019 606 viginti
3043 537 3300 594 militibus
3328 556 3343 595 :
3374 540 3452 595 sic
3472 539 3590 596 illos
3609 555 3725 596 sta-

2154 623 2246 676 tim
2272 622 2489 695 Atbyris
2509 626 2729 695 expulit.
2767 625 2900 681 Cum
2948 637 3093 682 tanto
3118 629 3276 699 igitur
3306 630 3540 699 pericqu
3567 633 3724 686 navi-

2153 726 2340 785 gantes
2369 717 2714 787 Lampsacum
2739 720 3075 789 appulerunt,
3118 729 3176 775 et
3204 730 3403 776 mutata
3430 722 3551 776 navi
3579 723 3722 776 vice-

2153 806 2292 860 simo
2319 806 2408 862 die
2437 808 2764 879 Ilydruntem
2789 811 3111 880 applicuere.
3136 810 3245 865 Nec
3277 811 3544 881 quidpiam
3582 813 3722 866 edis-

2101 956 2106 960 _
2152 910 2275 950 cere
2295 906 2512 965 potuere
2543 899 2626 954 vel
2652 899 2719 955 de
2745 900 2901 955 beato
2928 901 3134 957 Joanne
3158 903 3238 956 vel
3265 902 3332 957 de
3359 898 3582 972 quatuor
3605 905 3726 957 Ori-

2099 1014 2106 1017 -
2152 991 2413 1044 entalibus
2449 992 2711 1061 episcopis
2727 993 2815 1062 qui
2844 1008 3023 1048 secum
3049 993 3215 1048 Roma
3233 1004 3506 1048 venerant.

2223 1081 2350 1135 Cum
2377 1084 2623 1152 episcopis
2653 1081 2990 1139 Orientalibus
3020 1085 3184 1139 Roma
3206 1085 3523 1140 redeuntibus
3547 1103 3722 1156 asper-

2150 1173 2275 1227 rime
2310 1183 2474 1228 actum
2503 1184 2595 1230 est.
2621 1206 2692 1216 —
2716 1177 2865 1243 Quod
2917 1185 3122 1246 spectat
3165 1177 3232 1232 ad
3277 1177 3551 1248 episcopos
3599 1179 3722 1233 illos

2151 1262 2465 1328 Orientales,
2500 1280 2682 1319 rumor
2708 1267 2884 1320 statim
2914 1266 3011 1320 fuit
3039 1268 3158 1321 illos
3190 1268 3241 1321 in
3278 1283 3424 1322 mare
3445 1269 3721 1324 demersos

2150 1352 2311 1408 fuisse.
2340 1353 2587 1425 (Pallad.
2617 1355 2885 1426 Dialog.);
2914 1367 2965 1410 at
2995 1357 3111 1411 illos
3143 1358 3193 1411 in
3241 1367 3474 1412 extrema
3507 1359 3718 1428 Imperii

2155 1455 2208 1498 et
2256 1445 2395 1515 apud
2440 1445 2690 1500 barbaros
2716 1449 2984 1516 ablegatos
3010 1447 3171 1502 fuisse
3199 1449 3583 1519 deprehensum
3613 1462 3715 1506 est.

2149 1535 2279 1588 Nam
2323 1547 2380 1590 ut
2408 1537 2622 1606 quidam
2661 1538 2915 1594 diaconus
2967 1540 3252 1604 retulerat,
3281 1540 3532 1611 Cyriacus
3556 1542 3717 1595 Eme-

2159 1640 2319 1681 senns
2359 1627 2655 1698 Palmyram
2684 1627 2871 1682 ductus
2899 1629 2950 1683 in
2991 1629 3272 1684 Persarum
3315 1634 3531 1687 castello
3580 1642 3715 1699 crat,

2148 1716 2413 1785 octoginta
2451 1717 2763 1773 milliaribus
2805 1719 2941 1772 ultra
2971 1719 3246 1784 Emesam;
3301 1721 3547 1792 Eulysius
3567 1739 3716 1788 vero,

2149 1798 2466 1862 Bostrorum'
2502 1809 2800 1879 episcopus,
2847 1810 2901 1864 in
2945 1811 3162 1866 castello
3189 1813 3444 1879 Arabum,
3489 1814 3718 1884 Misphas

2147 1895 2309 1961 dicto,
2333 1898 2489 1950 trium
2510 1898 2712 1952 dierum
2736 1899 2924 1954 itinere
2943 1899 3144 1956 Bostris
3168 1901 3426 1969 distante;
3453 1903 3718 1958 Palladius

2147 1986 2356 2060 Syenen
2394 1989 2446 2044 in
2501 1990 2691 2046 vicinia
2720 1991 3050 2064 Blemmyum
3086 2001 3138 2047 et
3157 1992 3485 2065 lEthiopum,
3530 1995 3714 2051 Deme.

2148 2083 2283 2138 trius
2312 2085 2362 2136 in
2390 2083 2515 2139 Oasi
2554 2084 2835 2140 Mazicibns
2853 2087 3113 2155 proxima.

2220 2179 2260 2230 A
2287 2178 2538 2232 militibus
2565 2189 2738 2233 autem
2761 2221 2774 2244 ,
2807 2181 3005 2249 quieos
3034 2181 3086 2235 in
3119 2165 3382 2251 assignata
3405 2181 3521 2236 loca
3549 2181 3714 2237 dedu-

2152 2283 2300 2334 xere,
2331 2278 2434 2322 tam
2456 2285 2646 2341 aspere
2671 2269 2836 2324 habiti
2857 2280 3000 2338 sunt,
3022 2282 3080 2326 ut
3099 2273 3234 2331 mori
3257 2274 3713 2343 prmoptavisscnt.

2147 2361 2406 2417 Pecunias
2425 2363 2588 2428 enim,
2629 2379 2759 2434 quas
2795 2373 3149 2434 sumpserant,
3196 2367 3440 2436 abreptas
3469 2367 3607 2421 inter
3651 2381 3715 2423 se

2147 2452 2321 2520 partiti
2340 2460 2477 2516 sunt,
2499 2461 2553 2506 et
2571 2452 2624 2506 in
2643 2455 2760 2507 vilia
2777 2453 3010 2523 jumenta
3031 2455 3170 2524 ipsos
3187 2457 3546 2526 conjicientes,
3569 2457 3714 2513 bidui

2147 2540 2251 2596 iter
2271 2555 2378 2597 uno
2404 2541 2489 2597 die
2517 2543 2870 2598 conficiebant
2899 2545 3063 2598 multa
3108 2553 3262 2600 nocte
3297 2547 3416 2600 illos
3445 2547 3496 2601 in
3533 2547 3713 2602 diver-

2146 2635 2286 2687 soria
2318 2634 2680 2699 immittentes,
2720 2645 2775 2690 et
2816 2652 3022 2690 summo
3047 2652 3203 2693 mane
3229 2647 3351 2692 ante
3381 2639 3550 2692 lucem
3583 2654 3714 2710 pro-

2148 2725 2308 2780 licisci
2336 2734 2606 2795 cogentes,
2635 2726 2706 2780 ita
2733 2735 2791 2780 ut
2827 2742 2894 2782 ne
2919 2729 3140 2784 miseras
3164 2729 3375 2799 quidem
3403 2744 3553 2784 escas
3597 2741 3712 2785 sto-

2148 2815 2368 2869 machus
2389 2816 2621 2872 retinere
2646 2827 2844 2886 posset.
2877 2818 3140 2888 Turpibus
3157 2820 3313 2874 etiam
3341 2829 3395 2875 et
3422 2821 3714 2878 inhonestis

2147 2906 2321 2960 verbis
2349 2906 2468 2961 illos
2505 2907 2762 2977 impetere
2800 2924 2905 2963 non
2938 2910 3191 2965 timebant
3222 2927 3236 2964 :
3280 2911 3515 2967 Palladio
3550 2915 3712 2968 etiam

2145 2997 2397 3051 famulum
2420 2999 2784 3064 abstulerunt,
2830 3000 2934 3053 vim
2962 3001 3061 3070 ipsi
3091 3000 3382 3056 inferentes
3413 3012 3469 3057 ut
3494 3003 3711 3058 tabellas

2145 3087 2454 3157 deponeret.
2485 3088 2807 3143 Demetrium
2838 3101 3013 3144 autem
3044 3107 3180 3146 unus
3205 3107 3271 3147 ex
3301 3091 3608 3150 ductoribus
3638 3096 3711 3149 ita

2145 3181 2378 3246 vexavit,
2406 3191 2465 3236 ut
2482 3194 2601 3234 cum
2627 3180 2864 3236 Zibinam
2895 3183 3057 3237 multa
3087 3195 3240 3239 nocte
3258 3187 3576 3254 pervenerit,
3603 3195 3713 3242 sta-

2145 3274 2238 3327 tim
2268 3274 2357 3329 ille
2385 3274 2710 3344 gravissimis
2740 3284 2851 3328 toto
2878 3291 3101 3344 corpore
3135 3278 3402 3333 doloribus
3427 3280 3709 3344 cruciatus,

2143 3364 2353 3420 vivendi
2385 3364 2543 3418 tinem
2569 3364 2754 3420 fecerit
2781 3383 2793 3418 :
2823 3365 2892 3418 ita
2922 3375 2979 3420 ut
3005 3366 3092 3435 qui
3125 3367 3236 3421 haec
3263 3366 3504 3422 viderunt
3524 3383 3714 3423 omnes

2145 3456 2236 3509 Dei
2267 3455 2550 3510 vindictam
2579 3466 2946 3524 agnoscerent.
2978 3455 3246 3511 Palladius
3275 3473 3399 3512 vero
3433 3457 3541 3527 jam
3565 3474 3710 3528 pra:-

2144 3546 2354 3600 dixerat
2379 3561 2394 3600 :
2428 3546 2481 3600 In
2509 3546 2611 3600 hoc
2636 3547 2827 3601 itinere
2848 3547 3220 3601 miserabiliter
3247 3549 3463 3616 peribis.

2217 3637 2271 3690 In
2303 3647 2446 3691 tanto
2487 3638 2674 3691 itinere
2713 3646 2925 3690 sanctos
2961 3637 3104 3690 viros
3140 3637 3392 3692 Ecclesiis
3427 3639 3712 3709 appropin-

2140 3742 2308 3794 quare
2338 3743 2439 3780 non
2471 3726 2736 3792 sinebant,
2758 3727 2849 3780 sed
2876 3725 3166 3780 diversoria
3196 3728 3461 3796 petebant,
3487 3729 3570 3783 ubi
3593 3744 3711 3785 me-

2147 3819 2400 3873 retricum
2424 3827 2575 3872 erant
2599 3820 2807 3888 agmina
2835 3819 2918 3872 vel
2943 3833 3221 3889 synagoga:
3256 3818 3708 3877 Samaritanorum

2151 3919 2240 3962 aut
2271 3908 2592 3974 .Iudarormn,
2625 3909 2888 3977 praecipue
2915 3918 3090 3961 autem
3121 3909 3292 3974 Tarsi,
3322 3909 3411 3964 ubi
3442 3911 3492 3965 in
3539 3927 3710 3982 angu-

2146 4006 2275 4060 stias
2297 4003 2490 4057 redacti
2516 4011 2655 4057 sunt.
2673 4001 2818 4057 Unus
2839 4017 2962 4056 vero
2985 4017 3051 4056 ex
3067 4001 3327 4070 episcopis
3351 4003 3485 4058 alios
3511 4006 3712 4060 solatus

2144 4104 2244 4159 est,
2274 4093 2455 4148 dicens
2479 4093 2560 4146 his
2585 4092 2832 4146 omnibus
2856 4093 3015 4146 Deum
3034 4092 3198 4160 gloria
3225 4091 3384 4155 afﬁci,
3415 4093 3712 4164 multaSque

2143 4205 2209 4242 ex
2241 4187 2342 4240 illis
2361 4185 2746 4250 meretricibus,
2764 4200 2882 4254 qua:
2900 4186 2950 4238 in
2973 4185 3062 4238 Dei
3089 4185 3410 4239 oblivionem
3426 4197 3707 4249 venerant,

2144 4289 2235 4332 aut
2261 4294 2383 4333 eum
2415 4294 2481 4332 ne
2504 4287 2692 4332 norant
2717 4277 2949 4346 quidem,
2970 4277 3095 4331 visis
3107 4279 3371 4347 episcopis
3389 4279 3458 4333 ita
3477 4281 3708 4343 vexatis,

2146 4370 2197 4422 in
2227 4369 2471 4422 timorem
2496 4368 2589 4423 Dei
2617 4368 2847 4434 venisse,
2873 4377 2926 4421 et
2946 4366 3081 4421 forte
3101 4382 3387 4422 conversas
3416 4368 3598 4423 fuisse.

2217 4458 2462 4528 Plerique
2521 4467 2696 4512 autem
2751 4474 2817 4514 ex
2865 4458 3131 4527 episcopis
3182 4457 3424 4530 (Pallad.
3455 4459 3707 4529 Dialog.),

2144 4551 2230 4620 qui
2289 4549 2590 4620 TheOphilo
2619 4549 2921 4615 ha‘rebant,
2981 4563 3086 4602 non
3133 4549 3293 4603 modo
3328 4549 3707 4606 hmnanitatem

2145 4640 2341 4695 nullam
2370 4655 2494 4709 erga
2519 4640 2797 4709 episcopos
2839 4639 2958 4693 illos
2985 4639 3371 4703 exbibuerunt,
3410 4641 3503 4695 sed
3548 4642 3706 4696 etiam

2146 4731 2455 4785 muneribus
2483 4730 2825 4800 prmtorianos
2847 4729 3164 4786 induxerunt
3185 4740 3242 4784 ut
3256 4747 3374 4784 cum
3399 4731 3503 4785 illis
3523 4745 3711 4800 aspere

2144 4831 2379 4892 agerent.
2425 4821 2525 4889 Qui
2557 4833 2733 4875 autem
2763 4821 3027 4890 prurcipue
3051 4821 3175 4875 huic
3198 4822 3464 4876 vexationi
3492 4836 3708 4890 operam

2144 4914 2362 4979 dedere,
2386 4923 2538 4967 erant
2564 4913 2800 4983 episcOpi
2830 4913 2984 4968 Tarsi
3011 4923 3065 4968 et
3095 4913 3415 4979 Antiochiae,
3460 4912 3711 4982 Eulogius

2144 5004 2400 5060 Cmsarea:
2438 5005 2762 5070 Palaestinae;
2817 5015 2939 5060 ante
2982 5021 3168 5061 omnes
3218 5016 3393 5060 autem
3431 5005 3712 5075 episcopus

2145 5097 2389 5166 Ancyraa,
2421 5104 2475 5148 et
2496 5095 2807 5149 Ammonius
2832 5096 3055 5162 Pelusii,
3102 5095 3322 5164 quitum
3365 5095 3540 5162 donis,
3596 5105 3708 5150 tum

2147 5188 2304 5243 minis
2340 5186 2536 5241 milites
2564 5187 2818 5242 adversus
2857 5203 2950 5242 eos
2990 5189 3156 5258 magis
3184 5190 3596 5258 exasperabant,
3651 5201 3712 5244 nt

2145 5294 2212 5333 ne
2237 5279 2386 5331 Iaicis
2415 5277 2627 5346 quidem
2661 5278 2778 5332 illos
2806 5279 3050 5349 excipere
3079 5279 3374 5335 volentibus
3409 5280 3462 5335 id
3495 5281 3714 5350 pennit-

2148 5378 2340 5422 ιονριιι.

2216 5459 2382 5514 Secns
2405 5467 2579 5512 autem
2620 5458 2790 5513 fecere
2832 5459 2922 5513 alii
2977 5461 3232 5530 episcOpi,
3271 5462 3361 5532 qui
3407 5477 3436 5517 a
3475 5463 3712 5518 Palladio

2146 5565 2264 5603 cum
2297 5547 2450 5603 laude
2476 5559 2992 5614 commemorantur;
3026 5567 3216 5622 nempe
3243 5552 3592 5624 Cappadocia:
3620 5570 3713 5609 se-

2146 5639 2330 5694 cunda:
2360 5641 2616 5708 episcopi,
2648 5641 2738 5710 qui
2768 5656 2888 5694 cum
2919 5641 3167 5713 lacrymis
3193 5645 3468 5700 exsulibus
3508 5647 3716 5714 episco-

2147 5731 2228 5799 pis
2255 5729 2597 5784 condoluere.
2623 5729 2763 5785 Inter
2791 5745 2886 5784 eos
2905 5742 3081 5787 autem
3108 5736 3446 5790 eminuerunt
3465 5736 3715 5792 Theodo-

2153 5835 2264 5888 rus,
2300 5820 2600 5894 'I'yanorum
2646 5821 2950 5892 episcopus,
2989 5823 3275 5895 Bosporius
3312 5827 3576 5894 Coloniae,
3628 5843 3721 5898 qua
