4096 6392
362 402 469 457 ρες-

362 514 823 587 quadragesimum
864 521 1106 567 octavum
1142 524 1340 564 annum
1378 510 1431 562 in
1470 519 1775 577 episcopatu
1816 523 1942 578 age-

366 606 481 667 bat;
510 604 766 671 Serapion
796 601 1117 666 Ostracinze,
1164 601 1252 670 qui
1290 600 1358 653 ab
1390 600 1544 651 annis
1595 597 1941 667 quadraginta

365 698 600 765 quinque
626 694 926 764 episcopale
950 708 1137 745 munus
1155 690 1393 760 gerebat.
1418 688 1481 743 Hi
1509 689 1560 741 in
1577 699 1778 757 partem
1801 704 1942 742 arru-

370 801 638 851 ntnarum,
694 785 845 854 queis
877 793 1001 837 tunc
1028 783 1390 835 obruebantur
1431 780 1645 834 exsules
1688 780 1941 849 episc0pi,

378 878 830 934 :ommiseratione
858 891 953 929 sua
971 883 1248 937 venerunt,
1279 885 1336 927 ut
1358 874 1410 927 in
1452 883 1652 943 partem
1696 872 1944 943 prmmio-

373 986 489 1025 ιυιη
522 970 573 1022 in
601 970 777 1023 futuro
792 967 989 1037 judicio
1004 966 1428 1020 admitterentur.

440 1061 592 1115 Attici
621 1063 673 1114 in
700 1062 865 1114 sedem
895 1059 953 1114 C.
986 1059 1054 1113 P.
1085 1060 1269 1112 intrusi
1332 1058 1614 1111 molimina.
1642 1088 1715 1097 —
1741 1058 1948 1111 Atticus

382 1168 523 1217 vero,
553 1153 789 1207 omnium
832 1160 1017 1205 contra
1056 1151 1315 1205 Joannem
1357 1150 1689 1203 moliminum
1725 1149 1945 1215 artifex,

372 1262 492 1302 cum
526 1246 728 1299 videret
755 1246 1021 1298 neminem
1050 1242 1163 1297 fere
1197 1242 1547 1297 Orientalium
1577 1242 1949 1309 episc0porum

372 1353 551 1391 secum
585 1334 983 1390 communicare
1008 1334 1161 1399 velle,
1192 1334 1298 1386 imo
1317 1347 1444 1386 vero
1459 1331 1525 1385 ab
1541 1348 1598 1385 se
1619 1340 1950 1400 segregatum

379 1444 597 1482 manere
624 1428 875 1498 populum
901 1425 1545 1495 Constantinopolitanum
1568 1466 1581 1487 ,
1648 1423 1838 1478 Joanni
1893 1431 1951 1476 ut

375 1520 595 1573 antistiti
628 1534 725 1571 suo
750 1504 1413 1590 a'ddictissitnum(Pallad.
1439 1515 1695 1587 Dialog.);
1714 1515 1953 1585 Scriptu-

376 1626 552 1663 rarum
570 1626 838 1664 sacrarum
865 1610 1148 1679 legumque
1176 1609 1478 1662 divinarum
1505 1623 1695 1677 expers
1716 1623 1836 1661 cum
1863 1624 1952 1661 es-

376 1711 480 1766 set,
509 1702 576 1755 ab
606 1702 927 1770 lmperatore
955 1703 1133 1757 literas
1162 1704 1482 1771 impetravit,
1514 1709 1569 1755 ut
1598 1700 1679 1755 vel
1707 1701 1953 1755 nolentes

377 1792 442 1843 ad
467 1807 523 1846 se
549 1794 783 1846 converti
807 1803 1039 1862 cogeret.
1073 1794 1408 1862 Rescriptum
1440 1802 1618 1847 autem
1664 1792 1953 1862 Imperato-

377 1883 453 1935 ris
494 1882 608 1935 hinc
643 1882 883 1937 ferebat:
918 1884 978 1937 Si
1020 1886 1129 1953 quis
1158 1885 1506 1955 episcoporum
1550 1900 1651 1937 non
1680 1884 1955 1937 communi-

376 1983 454 2025 cat
474 1990 587 2026 cum
616 1972 911 2043 Tlteop/tilo,
943 1974 1229 2044 Porpltyrio
1260 1986 1304 2028 et
1333 1975 1528 2038 Attico,
1584 1974 1814 2028 Ecclesia
1837 1976 1953 2044 qui-

377 2063 490 2116 dem
518 2063 767 2132 ejiciatur,
797 2073 890 2115 eta
919 2065 1138 2133 propriis
1180 2063 1501 2134 facultatibus
1537 2065 1787 2135 abigatur.
1847 2065 1957 2119 Hoc

377 2155 589 2225 publice
619 2158 877 2224 prolatum
904 2157 1131 2210 edictum
1161 2158 1210 2210 id
1240 2156 1436 2223 ellecit,
1463 2166 1520 2209 ut
1549 2157 1581 2210 ii
1608 2157 1696 2227 qui
1733 2156 1954 2210 faculta-

378 2247 516 2302 tibus
546 2249 837 2317 pollehant,
865 2250 990 2318 ipsis
1009 2251 1171 2304 etiam
1193 2250 1338 2303 inviti
1360 2250 1841 2318 conjungerentur:
1867 2249 1956 2303 alii

376 2342 721 2409 pauperiores
749 2343 869 2394 etin
898 2357 1024 2395 sana
1055 2341 1160 2396 fide
1186 2342 1525 2405 inﬁrmiores,
1549 2342 1809 2396 donorum
1839 2342 1955 2411 pol-

376 2430 754 2485 licitationihus
778 2431 953 2485 allecti
975 2431 1040 2485 ad
1060 2432 1205 2499 ipsos
1225 2440 1599 2487 accesserunt:
1630 2432 1717 2486 alii
1740 2447 1953 2502 genere,

386 2519 747 2587 facultatibus,
780 2532 832 2576 et
855 2524 1185 2593 corruptibili
1223 2523 1393 2593 gloria
1434 2524 1786 2594 posthabitis,
1836 2524 1957 2593 fuga

376 2612 477 2666 sibi
500 2613 908 2667 consuluerunt:
929 2630 992 2668 ex
1018 2615 1082 2668 iis
1099 2616 1313 2684 quidam
1332 2616 1557 2669 Romam
1575 2614 1948 2686 confugerunt,

374 2705 467 2758 alii
494 2705 560 2759 ad
600 2715 830 2772 montes,
883 2707 969 2760 alii
1002 2707 1055 2760 in
1093 2709 1409 2762 Ascetarum
1454 2709 1801 2762 monasteria.
1850 2707 1958 2762 Nec

374 2796 629 2851 adversus
664 2800 948 2868 episcopos
978 2799 1138 2854 modo
1160 2800 1392 2854 edictum
1422 2801 1676 2854 emissum
1714 2802 1831 2865 fuit,
1863 2803 1956 2856 sed

374 2888 516 2942 aliud
547 2890 705 2942 etiam
726 2899 912 2944 contra
943 2891 1104 2944 laieos
1146 2889 1232 2944 his
1276 2892 1453 2946 verbis
1494 2907 1842 2961 expressum,
1902 2903 1959 2946 ut

373 2978 643 3043 videlicet,
693 2980 736 3032 si
766 2980 853 3049 qui
898 2996 1019 3035 cum
1052 2982 1364 3036 memoratis
1392 2997 1548 3051 supra
1579 2996 1683 3035 non
1713 2998 1954 3037 commu-

374 3071 633 3136 nicarent,
658 3073 743 3141 qui
768 3073 1160 3144 indignitatibus
1208 3084 1369 3128 essent
1412 3075 1691 3142 constituti,
1732 3092 1826 3129 suo
1866 3076 1958 3128 Ito-

375 3178 496 3215 nore
513 3172 557 3215 et
575 3163 817 3234 dignitate
835 3165 1149 3231 excederent,
1173 3166 1351 3219 milites
1367 3167 1624 3237 cingulum
1641 3168 1956 3222 amitterent:

374 3256 566 3323 reliqua
593 3258 730 3324 plebs
759 3266 908 3326 atque
933 3258 1172 3326 cpi/ices,
1224 3260 1364 3327 gravi
1393 3261 1507 3311 auri
1557 3260 1777 3329 pondere
1822 3261 1955 3313 mul-

375 3352 512 3414 ctati,
546 3350 856 3420 subjacerent
886 3352 1085 3404 exsilio.

450 3440 689 3512 Episcopi
718 3443 863 3495 multi
888 3444 1051 3496 vexati
1074 3453 1121 3496 et
1144 3444 1339 3498 sedibus
1365 3445 1519 3516 pulsi.
1545 3475 1618 3486 --
1668 3446 1954 3515 Postquam

379 3536 549 3589 edicta
584 3535 887 3605 bujusmodi
918 3535 1246 3605 promulgata
1278 3534 1448 3603 fuere,
1476 3537 1622 3590 multi
1645 3554 1739 3605 per
1767 3536 1957 3592 Orien-

379 3637 482 3679 tem
536 3626 695 3678 variis
742 3625 915 3679 modis
938 3622 1115 3675 vexati
1158 3624 1402 3695 pulsique
1459 3626 1606 3681 fuere
1638 3625 1869 3699 (Pallad.
1902 3632 1956 3681 in

377 3715 583 3787 Dialog.
628 3714 825 3786 supra).
858 3715 1102 3784 Episcopi
1138 3716 1247 3785 qui,
1274 3726 1330 3769 ut
1359 3716 1610 3782 diximus,
1661 3718 1819 3771 minis
1870 3718 1953 3771 vel

386 3806 639 3859 a-rumnis
658 3821 687 3858 a
717 3805 896 3859 debito
912 3805 1089 3859 oflicio
1110 3806 1343 3859 amoveri
1374 3821 1479 3859 non
1503 3817 1769 3874 poterant,
1802 3808 1955 3860 aufu-

378 3910 526 3965 gere.
572 3895 839 3949 Palladius
870 3896 1277 3965 lleleuopoleos,
1309 3912 1415 3965 quo
1463 3906 1678 3951 auctore
1731 3906 1783 3951 et
1818 3897 1953 3953 duce

377 3985 491 4038 lucc
522 3985 823 4049 scribimus,
847 3985 1064 4039 Romam
1092 4002 1151 4039 se
1182 3988 1402 4056 recepit,
1433 3988 1517 4041 ubi
1552 3996 1669 4055 post
1700 3988 1953 4059 (ΖΜ-γεοε-

378 4076 505 4129 tomi
550 4085 773 4130 mortem
815 4075 1027 4129 advenit
1070 4092 1210 4131 anno
1254 4078 1378 4131 407.
1434 4077 1623 4131 Rhodo
1673 4080 1953 4147 episcopus

374 4166 515 4220 Asia:
544 4167 828 4238 Mitylenen
847 4166 1049 4236 aufugit
1076 4185 1090 4222 :
1122 4168 1322 4232 Brisso,
1352 4168 1515 4223 frater
1541 4169 1759 4223 Palladii
1798 4170 1953 4225 Hele-

374 4257 671 4327 nopolitani
694 4299 709 4324 ,
754 4258 990 4311 Ecclesia
1022 4272 1114 4312 sua
1143 4259 1281 4312 ultro
1318 4259 1589 4324 derelicta,
1627 4259 1694 4313 ad
1723 4263 1949 4331 agellum

372 4362 527 4401 suum
551 4364 609 4402 se
638 4347 861 4417 recepit,
890 4349 979 4402 ubi
1023 4358 1216 4403 terram
1246 4352 1477 4419 prepriis
1503 4352 1751 4406 manibus
1786 4369 1950 4407 cxco-

373 4439 471 4493 luit
495 4458 507 4492 :
543 4439 793 4503 llilarius,
821 4440 902 4493 vir
922 4451 1134 4495 sanctus
1163 4450 1217 4497 et
1236 4458 1421 4507 senex,
1446 4442 1498 4497 in
1546 4444 1788 4497 intimum
1808 4444 1948 4498 Pon-

372 4538 481 4581 tum
509 4529 689 4598 pulsus
718 4540 819 4593 est,
848 4531 1013 4599 plagis
1038 4532 1304 4595 concisus,
1350 4548 1457 4586 non
1507 4549 1535 4585 a
1562 4534 1765 4602 judice,
1794 4536 1887 4589 sed
1918 4551 1949 4588 a

369 4620 549 4673 Clero.
586 4619 632 4671 ls
657 4619 841 4673 decem
871 4630 925 4674 et
951 4631 1074 4674 octo
1102 4638 1273 4676 annos
1303 4632 1667 4693 transegerat,
1722 4641 1827 4680 non
1858 4643 1950 4695 pa-

370 4726 493 4764 nem
514 4710 699 4774 edens,
733 4713 827 4765 sed
853 4712 997 4765 olera
1021 4724 1224 4766 tantttm
1261 4723 1317 4768 et
1360 4715 1684 4770 frumentum
1714 4727 1947 4772 coctum.

368 4801 633 4853 Antonius
678 4816 806 4854 vero
864 4804 1146 4871 episcopus
1171 4804 1220 4856 in
1265 4806 1949 4874 speluncisPaltestinaese-

370 4889 544 4962 ipsum
563 4891 826 4944 conclusit
858 4909 870 4943 :
905 4891 1221 4946 Timotheus
1249 4895 1533 4962 Maronem,
1563 4905 1617 4951 ct
1636 4897 1867 4953 Joannes
1892 4903 1944 4953 in

368 4957 532 5053 Lvdia
564 4983 867 5052 episcopus,
893 4984 943 5035 in
970 4984 1334 5043 Macedoniam
1385 5002 1443 5041 se
1498 4989 1764 5057 recepisse
1812 4990 1949 5044 dice-

370 5074 594 5128 bantur:
625 5075 913 5143 Gregorius
958 5077 1011 5129 in
1054 5076 1220 5148 Lydia
1268 5078 1571 5148 episcopus,
1614 5081 1664 5133 in
1720 5082 1944 5151 Phrygia

365 5182 487 5222 esse
504 5168 840 5221 narrabatur.
861 5169 1191 5238 Latnpetiunt
1213 5169 1461 5223 dicebant
1504 5171 1555 5223 in
1608 5172 1803 5241 oppido
1845 5173 1947 5243 Ly—

366 5258 468 5311 dia:
494 5274 634 5321 esse,
662 5258 749 5312 ubi
777 5258 997 5326 juvaute
1021 5274 1079 5311 se
1107 5260 1339 5327 quodam
1370 5260 1677 5315 Eleutherio
1708 5263 1945 5316 lectioni-

367 5349 465 5401 hns
491 5364 709 5416 operam
736 5348 915 5401 dabat.
943 5348 1211 5419 Eugenius
1242 5351 1292 5403 in
1324 5350 1489 5419 patria
1508 5366 1600 5404 sua
1624 5366 1681 5407 se
1702 5354 1942 5408 contine-

367 5437 493 5492 bat:
530 5439 787 5506 Elpidius,
820 5456 1041 5509 magnus
1086 5440 1173 5494 ille
1216 5439 1496 5494 Laodiceze
1535 5442 1703 5512 Syria:
1748 5444 1946 5513 episco-

367 5544 485 5598 pus,
513 5541 562 5583 et
595 5530 802 5598 l’appus
830 5546 922 5599 per
951 5540 1118 5583 totum
1169 5533 1457 5585 triennium
1488 5533 1735 5601 precibus
1762 5550 1944 5588 vacan-

369 5632 449 5676 tes
472 5620 540 5674 de
568 5621 708 5675 scala
738 5621 927 5675 domus
952 5637 1063 5675 sua:
1094 5637 1197 5676 non
1230 5622 1624 5677 descenderunt
1650 5641 1663 5677 :
1718 5623 1944 5678 Heracli-

366 5710 461 5764 des
482 5710 741 5780 Ephesius
770 5726 863 5779 per
886 5712 1293 5782 quadriennium
1312 5712 1631 5769 Nicomedia:
1653 5712 1705 5770 in
1727 5729 1940 5771 carcere

367 5800 611 5861 inclusus
642 5805 859 5861 mansit.
1688 5813 1695 5821 ’

1531 393 1707 451 NUNC
1745 393 2006 451 PRIMUM
2044 392 2437 450 ADORNATA.

3522 396 3627 453 258

2124 503 2408 578 Presbyteri
2461 516 2505 561 et
2548 509 2779 562 monachi
2826 510 2958 564 male
3012 510 3223 580 excepti.
3257 540 3327 551 —
3379 507 3627 579 Episcopi

2056 609 2233 652 autem
2267 600 2374 667 illi,
2420 600 2587 669 inquit
2612 600 2879 656 Palladius
2900 642 2915 667 ,
2953 602 3041 670 qui
3074 617 3183 671 pra?
3210 612 3351 655 metu
3378 601 3444 655 ad
3473 602 3629 655 Attici

2058 701 2235 759 partes
2261 692 2600 757 transierant,
2642 693 2694 746 in
2720 692 2850 746 alias
2897 693 3135 748 Thracia:
3166 694 3429 748 Ecclesias
3455 702 3629 747 trans-

2053 782 2140 835 lati
2172 793 2315 847 sunt,
2358 784 2533 837 Attico
2560 799 2752 853 nempe
2780 784 2829 838 vi
2854 793 3076 838 extortae
3100 784 3310 839 illorum
3338 783 3631 837 adhmsioni

2052 891 2156 928 non
2174 875 2305 929 satis
2323 874 2537 928 fidente.
2552 875 2853 929 Anatolium
2867 876 3172 945 episcopum
3190 875 3564 930 dicebantesse
3578 875 3631 927 in

2052 966 2259 1021 Galliis.
2298 965 2733 1035 Presbyterorum
2756 980 2883 1019 vero
2911 965 3001 1018 alii
3028 966 3078 1018 in
3102 964 3347 1018 Arabiam
3378 973 3431 1019 et
3467 964 3633 1018 Palre-

2054 1064 2245 1111 stinam
2274 1057 2540 1109 amandati
2568 1065 2711 1111 sunt.
2773 1057 2981 1127 Tigrius
3010 1056 3061 1110 in
3089 1056 3521 1127 Mesopotamiam
3546 1072 3632 1109 re-

2058 1149 2260 1218 legatus
2277 1158 2379 1214 est,
2406 1150 2741 1218 Pltilippusin
2774 1150 2941 1205 Ponto
2965 1151 3115 1205 exsul
3136 1150 3285 1217 obiit,
3307 1149 3635 1220 Theophilus

2057 1240 2109 1293 in
2140 1240 2502 1309 Paphlagonia
2533 1250 2688 1307 erat;
2718 1241 2950 1296 Joannes
2970 1283 2984 1305 ,
3034 1240 3231 1297 lElht‘ll
3251 1242 3411 1308 filius,
3457 1242 3635 1296 Caesa-

2066 1346 2174 1384 rea:
2201 1332 2580 1385 monasterium
2608 1332 2923 1387 construxit.
2956 1333 3283 1403 Stephanum
3312 1334 3364 1387 itt
3386 1334 3636 1388 Arabiam

2057 1422 2345 1492 relegatum
2386 1433 2441 1477 et
2488 1423 2767 1477 custodum
2812 1425 3053 1477 manibus
3100 1425 3446 1492 abstractum,
3494 1426 3638 1480 Isau-

2059 1513 2103 1565 ri
2136 1513 2186 1565 in
2215 1513 2446 1566 Taurum
2485 1513 2801 1569 dimiserunt
2837 1532 2850 1569 :
2889 1515 3181 1570 Salustium
3228 1517 3280 1570 in
3319 1514 3475 1571 Creta
3518 1531 3638 1571 esse

2059 1602 2344 1659 dicebant:
2375 1604 2651 1675 Philippus
2678 1606 2970 1660 monachus
3006 1616 3061 1661 et
3087 1606 3372 1680 Presbyter
3414 1608 3637 1664 Schola-

2060 1711 2204 1759 rnm,
2238 1696 2513 1749 dicebatur
2542 1697 2592 1750 in
2621 1696 2907 1767 Campania
2936 1708 3217 1768 aegrotare,
3253 1710 3308 1754 et
3335 1699 3639 1770 Stephanus

2060 1785 2320 1838 diaconus
2352 1786 2403 1837 in
2432 1785 2736 1839 Thebaidos
2761 1802 2973 1841 carcere
3002 1787 3248 1843 detineri.
3292 1790 3488 1844 Paulus
3521 1789 3641 1843 dia-

2062 1890 2258 1941 conus,
2289 1874 2585 1931 OEconomi
2614 1877 2858 1944 adjutor,
2892 1878 3205 1933 narrabatur
3228 1880 3281 1933 in
3311 1879 3484 1934 Africa
3514 1895 3639 1933 vcr-

2061 1971 2165 2021 sari
2192 1985 2210 2023 :
2236 1969 2373 2023 alius
2415 1970 2612 2025 Paulus
2653 1970 2909 2026 diaconus
2953 1973 3247 2027 Auastasia:
3292 1973 3647 2045 Jerosolytnis

2060 2060 2395 2116 versabatur.
2442 2061 2714 2117 llelladius
2741 2064 3019 2135 presbyter
3050 2065 3233 2119 Palatii
3264 2066 3316 2119 in
3343 2066 3515 2136 agello
3544 2082 3652 2121 suo.

2062 2150 2324 2221 Bithynia:
2350 2153 2509 2207 vitam
2538 2156 2746 2225 agebat.
2780 2156 2927 2210 Multi
2965 2158 3421 2228 Constantinopoli
3458 2160 3644 2215 delitev

2062 2245 2312 2311 scebant;
2340 2246 2429 2299 alii
2456 2247 2509 2301 in
2538 2248 2760 2317 patriam
2783 2250 3006 2319 quisque
3027 2265 3175 2304 suam
3201 2251 3457 2305 abierant.
3477 2252 3643 2307 Silva-

2064 2354 2181 2403 nus,
2209 2348 2424 2394 sanctus
2444 2341 2757 2411 episcopus,
2786 2343 2838 2396 in
2870 2342 3078 2397 Troade
3114 2344 3441 2412 piscabatur,
3480 2352 3535 2398 et
3575 2360 3651 2399 ex.

2065 2429 2269 2497 piscatu
2300 2430 2461 2485 vitam
2490 2431 2589 2484 sibi
2618 2433 2978 2501 comparabat.
3007 2433 3305 2503 Stephanus
3329 2435 3642 2500 monachus,

2063 2522 2156 2589 qui
2177 2521 2539 2576 Romanorum
2569 2524 2820 2593 epistolas
2847 2524 3131 2591 detulerat,
3163 2541 3224 2580 ea
3246 2525 3314 2580 de
3335 2540 3494 2580 causa
3522 2541 3643 2579 vcr-

2071 2612 2309 2677 beratus,
2342 2613 2525 2667 decem
2559 2615 2831 2669 mensibus
2857 2616 3313 2687 Constantinopoli
3350 2616 3401 2670 in
3429 2632 3644 2672 carcere

2065 2705 2224 2757 vitam
2259 2707 2404 2774 egit:
2440 2722 2560 2761 cum
2611 2716 2787 2762 autem
2836 2710 3163 2777 propositum
3216 2710 3314 2779 ipsi
3354 2708 3540 2763 fuisset
3587 2719 3644 2770 ut

2066 2795 2239 2848 Attico
2265 2796 2513 2862 haereret,
2534 2806 2589 2851 et
2617 2814 2721 2852 non
2751 2799 3129 2866 acquievisset,
3160 2800 3415 2855 lateribus
3445 2810 3498 2854 et
3546 2817 3644 2869 pe-

2062 2899 2211 2942 ctore
2237 2890 2551 2958 ungularum
2574 2892 2619 2942 vi
2650 2890 2910 2945 laceratus
2938 2900 3021 2945 est
3051 2892 3233 2961 :cujus
3264 2893 3339 2946 rei
3369 2893 3518 2947 testis
3547 2892 3646 2947 fuit

2065 2978 2177 3047 ipse
2207 2979 2490 3033 Palladius.
2530 2980 2836 3051 Stephanus
2869 2998 2995 3035 vero
3032 2981 3227 3036 Christi
3267 2983 3600 3053 providentia
3626 3025 3641 3049 ,

2071 3070 2124 3122 in
2151 3070 2381 3123 secunda
2411 3071 2634 3126 fortasse
2662 3072 2953 3126 certamina
2982 3082 3305 3138 reservatus,
3344 3083 3463 3143 post
3500 3074 3645 3129 deci~

2069 3176 2210 3213 mum
2234 3162 2522 3215 curationis
2542 3178 2650 3215 sua:
2676 3179 2933 3228 mensem,
2967 3164 3236 3219 Pelusium
3260 3166 3525 3235 relegatus
3541 3177 3643 3221 est.

2064 3253 2416 3308 Provincialis
2468 3256 2678 3324 quidam
2729 3258 2884 3310 miles
2928 3273 2992 3310 ex
3024 3257 3217 3312 scholis
3265 3258 3537 3327 Palatinis,
3590 3270 3646 3316 ut
3712 3264 3725 3279 '

2061 3344 2280 3400 Joannis
2330 3345 2501 3400 fautor
2528 3360 2829 3411 accusatus,
2860 3358 2979 3417 post
3009 3350 3137 3403 varii
3160 3351 3369 3420 generis
3390 3352 3568 3422 plagas
3591 3360 3644 3407 et

2065 3436 2431 3491 atrocissimas
2452 3436 2777 3503 abrasioues,
2806 3439 2990 3493 Petras
3012 3441 3159 3494 exsul
3184 3443 3375 3495 missus
3398 3454 3500 3497 est.

2134 3529 2449 3598 Episcopum
2465 3530 2625 3583 alium
2644 3542 2901 3586 memorat
2917 3533 3171 3602 Synesius
3188 3534 3455 3606 (Synesins
3470 3535 3640 3605 Epist.

2060 3622 2130 3676 96
2158 3632 2202 3675 et
2226 3620 2295 3676 97
2320 3624 2337 3691 )
2360 3665 2373 3686 ,
2426 3623 2783 3678 Alexandrum
2836 3625 3363 3696 BasilinOpolitanum
3388 3671 3404 3694 ,
3436 3631 3642 3701 (Iyrene

2062 3714 2111 3766 in
2131 3713 2293 3783 Libya
2312 3725 2511 3780 uatum,
2533 3717 2618 3785 qui
2634 3717 2843 3785 juvenis
2859 3721 3201 3773 monasticam
3222 3722 3378 3775 vitam
3396 3738 3655 3778 exercue.

2060 3817 2161 3871 rat,
2182 3817 2466 3877 posteaque
2496 3809 2770 3879 presbyter
2784 3821 2991 3865 creatus
3008 3829 3124 3866 cum
3143 3814 3639 3884 ConstantinOpolin

2058 3897 2308 3961 venisset,
2328 3914 2356 3950 a
2373 3898 2774 3970 (lltrysostomo,
2794 3903 2881 3971 qui
2908 3902 3021 3971 ejus
3051 3904 3296 3973 pietatem
3315 3916 3642 3976 cieterasque

2058 3989 2218 4041 animi
2271 3988 2421 4043 dotes
2475 3992 2636 4058 probe
2692 4003 2944 4059 noverat,
3002 3994 3378 4064 Basinopoleus
3428 3999 3639 4067 episco-

2057 4094 2157 4148 pus
2201 4090 2411 4135 creatus
2458 4081 2574 4136 fuit.
2621 4082 2750 4137 Cum
2802 4101 2927 4137 vero
2974 4085 3385 4157 Chrysostomus
3433 4104 3461 4140 a
3509 4088 3639 4143 sede
3690 4092 3693 4095 ’

2056 4185 2152 4224 sua
2202 4171 2381 4238 pulsus
2423 4172 2555 4238 fuit,
2608 4174 2722 4243 ejus
2770 4176 2855 4229 ille
2899 4178 3135 4245 partibus
3183 4194 3394 4246 semper
3443 4180 3647 4245 laesit,

2058 4261 2282 4331 ideoque
2324 4276 2546 4318 vexatus
2575 4266 2953 4321 Ptolemaidem
3001 4269 3051 4321 in
3082 4269 3247 4341 Libya
3294 4288 3352 4325 se
3395 4274 3635 4341 recepit,

2056 4369 2228 4422 neque
2279 4371 2525 4425 umquam
2571 4374 2600 4410 a
2645 4356 3009 4429 Chrysostomi
3063 4361 3298 4429 partibus
3349 4363 3650 4425 abscedere.

2056 4445 2239 4499 voluit.

2125 4536 2316 4590 Narrat
2369 4554 2494 4593 vero
2542 4539 2807 4594 Palladius
2839 4539 3069 4612 (Pallad.
3115 4542 3363 4615 Dialog.)
3417 4560 3651 4615 scopum

2055 4629 2309 4683 Ecclesia:
2365 4630 2617 4683 Romamn
2674 4630 2833 4685 fuisse
2894 4649 2998 4685 non
3062 4637 3461 4690 communicare
3518 4654 3639 4691 um-

2054 4739 2211 4791 quam
2263 4738 2383 4776 cum
2432 4722 2785 4777 Orientalibus
2838 4725 3137 4795 episcopis,
3168 4728 3461 4796 przesertim
3515 4746 3647 4786 cunt.

2055 4812 2371 4882 Theophila,
2403 4814 2572 4867 donec
2598 4815 2832 4869 dedisset
2862 4817 3117 4871 Dominus
3146 4818 3320 4872 locum
3351 4820 3638 4879 universali

2054 4903 2269 4975 Synodo
2294 4948 2307 4971 ,
2338 4921 2455 4975 quae
2498 4908 2804 4975 putrefactis
2848 4911 3100 4964 membris
3140 4927 3324 4965 eorum
3351 4955 3365 4979 ,
3394 4915 3481 4989 qui
3525 4914 3639 4970 ba:c

2053 5004 2320 5062 patrarant
2345 5035 2358 5058 ,
2390 4995 2692 5050 mederetur
2724 5013 2737 5049 :
2771 4998 3020 5067 additque
3062 5004 3221 5054 etiam
3251 5012 3370 5071 post
3410 5014 3637 5058 mortem

2052 5085 2271 5139 Joannis
2294 5127 2308 5149 ,
2339 5085 2567 5155 viguisse
2599 5095 2773 5142 tamen
2804 5089 2946 5142 illam
2992 5091 3282 5146 Innocentii
3317 5103 3370 5146 et
3411 5094 3637 5149 Romani

2051 5176 2270 5228 Concilii
2297 5176 2745 5243 declarationem,
2773 5180 2894 5247 quia
2940 5182 2999 5234 in
3040 5190 3184 5235 tanto
3211 5185 3447 5238 tumultu
3485 5188 3635 5241 multi

2053 5266 2247 5334 indigni
2279 5267 2343 5319 ad
2364 5267 2628 5321 Ecclesias
2643 5270 2975 5338 occupandas
3003 5272 3382 5329 involaverant.
3403 5277 3635 5346 ldipsum

2048 5356 2182 5411 dicit
2204 5359 2569 5415 Theodoretus
2617 5360 2943 5431 (Tlteodoret.
2976 5365 3015 5417 l.
3047 5365 3099 5420 5.
3132 5383 3176 5419 c.
3210 5366 3635 5441 55).:adjicitque

2052 5449 2211 5501 etiam
2243 5458 2361 5516 post
2402 5461 2624 5505 mortem
2656 5453 2831 5522 magni
2880 5454 3114 5510 doctoris
3143 5458 3289 5513 orbis
3333 5469 3591 5517 terrarum
3620 5508 3635 5528 ,

2051 5539 2417 5594 Occidentales
2433 5543 2731 5611 episcopos,
2751 5544 3122 5613 episcoporum
3140 5548 3353 5619 Egypti
3379 5561 3433 5605 et
3449 5550 3637 5607 Orien-

2052 5630 2156 5693 tis,
2193 5629 2408 5698 Bospori
2457 5640 2511 5683 et
2559 5632 2837 5698 Thracias,
2883 5639 3309 5695 communionem
3358 5658 3462 5697 non
3509 5655 3635 5700 ante

2049 5717 2364 5785 admisisse,
2395 5736 2551 5789 quam
2596 5722 2757 5777 divini
2806 5725 2945 5779 illius
2976 5727 3071 5780 viri
3123 5744 3317 5787 nomen
3366 5749 3469 5789 una
3510 5750 3633 5793 cum

2049 5820 2253 5866 caeteris
2275 5811 2537 5869 defunctis
2556 5815 2819 5887 episcopis
2832 5822 3267 5894 consignasscnt.
