4096 6392
433 302 541 358 259

494 420 878 492 Chrysostomus
899 419 1188 474 Innocentio
1207 418 1367 488 Papia
1389 417 1558 472 literas
1575 415 1742 470 mittit.
1759 443 1828 453 ——
1843 411 2006 482 Chry-

422 526 693 568 sostomus
731 527 850 565 cum
878 511 1140 581 episcopis
1163 507 1590 564 Occidentalibus
1615 519 1828 560 causam
1856 517 2006 557 suam

425 603 846 676 suscipientibus
867 599 1072 664 scribit,
1100 598 1169 653 de
1198 596 1336 652 felici
1370 594 1449 650 rei
1476 594 1622 650 exitu
1651 592 1897 647 dubitare
1922 590 2002 645 vis

426 701 606 764 detur,
638 698 779 767 quod
813 695 1124 762 nequitiam,
1159 693 1476 764 potentiam,
1505 687 1858 760 pervicaciam
1909 685 2005 741 ad-

427 793 790 849 versariorum
812 805 1032 846 suorum
1072 787 1239 858 probe
1267 791 1469 840 nosset.
1495 782 1606 838 Nec
1633 781 1754 836 ideo
1797 780 2009 835 minore

425 901 554 940 cura
576 896 630 938 et
650 883 824 938 studio
841 881 906 936 ad
925 896 1010 936 res
1026 876 1427 950 componendas
1465 873 1724 930 utendum
1750 887 1872 928 esse
1897 871 2011 928 exi-

427 978 697 1035 stimabat.
721 985 776 1029 ιιι
796 976 978 1029 videre
1000 971 1155 1026 estin
1183 969 1410 1041 epistola
1429 967 1494 1023 ad
1523 966 1890 1020 Innocentium
1915 966 2014 1019 Pa-

427 1085 551 1140 pam
586 1067 672 1141 ('l'.
723 1068 777 1122 5.
818 1083 865 1120 c.
907 1065 1057 1136 555),
1105 1061 1191 1118 cui
1243 1073 1484 1115 summas
1512 1058 1621 1128 agit
1645 1058 1847 1128 gratias
1871 1055 2014 1126 quod

423 1161 599 1205 tantas
640 1157 978 1218 tempestates
1002 1189 1016 1211 ,
1048 1157 1221 1200 tantos
1249 1143 1440 1199 fluctus
1469 1158 1566 1212 pro
1591 1143 1792 1196 viribus
1816 1141 2006 1210 sedare

423 1253 646 1297 conatus
690 1243 804 1296 sit:
839 1242 908 1295 ita
956 1251 1049 1304 ut,
1094 1241 1140 1293 si
1185 1245 1406 1292 conatus
1452 1240 1567 1306 ejus
1609 1233 1790 1290 felices
1833 1233 2006 1288 exitus

424 1327 766 1399 habuissent,
797 1334 907 1402 jam
959 1338 1141 1402 pacata
1195 1330 1373 1385 omnia
1420 1335 1634 1391 essent,
1666 1334 1720 1380 et
1767 1325 2002 1380 Ecclesia

422 1428 708 1498 tranquilla
761 1439 890 1496 pace
945 1424 1231 1479 frueretur.
1288 1421 1563 1492 Rogatque
1613 1419 1760 1474 illum
1815 1431 1883 1471 ne
1933 1431 2000 1470 ex

424 1521 854 1576 adversariorum
921 1516 1099 1574 furore
1155 1517 1388 1570 animum
1444 1513 1771 1583 deSpoudeat
1801 1553 1819 1581 ,
1883 1526 2005 1566 cum

425 1622 504 1666 tot
560 1612 738 1666 videat
791 1610 1014 1680 populos
1067 1608 1335 1677 dispersos
1367 1645 1382 1672 ,
1448 1605 1672 1660 clericos
1729 1611 1956 1657 vexatos
1987 1643 2002 1667 ,

424 1705 704 1775 episcopos
749 1701 965 1755 sedibus
1011 1700 1190 1768 pulsos
1241 1716 1254 1753 :
1303 1706 1358 1751 et
1399 1704 1596 1767 quanto
1645 1695 1814 1764 major
1864 1702 2005 1747 tem-

425 1804 604 1864 pestas
649 1803 748 1857 est,
781 1801 927 1847 tanto
973 1791 1142 1860 majus
1185 1789 1414 1845 studium
1445 1787 1694 1841 adhibeat
1739 1795 2003 1855 precatur.

427 1889 604 1956 Seque
627 1885 1011 1956 frequentiores
1039 1883 1136 1954 ipsi
1182 1882 1362 1935 literas
1387 1881 1672 1935 missurum
1704 1877 1866 1932 fuisse
1892 1876 2001 1944 ait,

426 1978 528 2033 nisi
571 1977 736 2033 lsauri
780 1975 1050 2046 perpetuis
1097 1971 1486 2028 incursionibus
1531 1972 1644 2024 vias
1684 1966 2003 2024 interclude-

425 2077 566 2124 rent.

500 2162 644 2216 l-lanc
669 2158 947 2229 epistolam
978 2157 1200 2212 Romam
1229 2154 1453 2208 attulere
1477 2151 1708 2208 Joannes
1731 2150 2008 2222 presbyter

427 2262 481 2307 et
509 2252 701 2306 Paulus
727 2253 1000 2314 diaconus,
1020 2259 1077 2303 ut
1103 2250 1152 2302 in
1184 2247 1273 2302 illa
1295 2246 1507 2312 dicitur,
1529 2260 1645 2314 qua:
1671 2258 1756 2298 res
1781 2241 2010 2296 difficul-

429 2354 591 2399 tatem
635 2353 812 2398 movet
854 2359 958 2397 non
1007 2352 1111 2396 tam
1143 2339 1298 2394 facile
1341 2336 1666 2393 solvendam.
1699 2334 1754 2390 ln
1784 2334 2008 2404 epistola

427 2439 569 2492 enim
598 2437 699 2492 148
726 2437 791 2490 ad
819 2435 1098 2507 Cyriacum
1124 2475 1139 2500 ,
1169 2432 1493 2488 Demetrium
1521 2441 1575 2486 et
1600 2439 1822 2484 caateros
1846 2469 1860 2495 ,
1890 2442 2008 2498 quae

429 2529 624 2598 scripta
655 2536 867 2598 putatur
894 2541 1034 2580 anno
1061 2526 1186 2590 405,
1216 2525 1290 2578 ait
1315 2522 1726 2591 Chrysostomus
1750 2519 2008 2575 Joannem

429 2620 795 2692 presbyterum
821 2628 874 2673 et
891 2618 1112 2672 Paulum
1135 2617 1416 2670 diaconum
1445 2619 1544 2669 iter
1561 2627 1763 2683 parare,
1785 2621 1841 2666 ut
1864 2611 2009 2681 ipsos

427 2712 747 2765 conveniant
799 2725 813 2761 :
867 2710 913 2764 si
967 2718 1143 2762 autem
1197 2723 1338 2762 anno
1387 2707 1493 2762 405
1546 2708 1680 2760 banc
1731 2704 2008 2773 epistolam

427 2801 702 2871 scripserit
733 2799 1143 2870 Cbrysostomus
1167 2839 1180 2862 ,
1211 2813 1315 2868 quo
1363 2807 1521 2868 pacto
1547 2796 1729 2851 dicere
1758 2795 1924 2864 possit
1949 2807 2010 2848 se

430 2892 644 2946 tertium
688 2906 883 2945 annum
927 2891 980 2944 in
1007 2890 1194 2943 exsilio
1221 2904 1379 2958 agere
1403 2929 1418 2953 ,
1447 2888 1534 2957 qui
1567 2898 1690 2941 tunc
1719 2884 2008 2940 secundum

430 2996 634 3039 tantum
663 2983 796 3038 inire
823 2981 1333 3054 poterat?0pinatur
1359 2981 1726 3035 Tillemontius
1750 2979 2009 3034 Joannem

429 3087 481 3130 et
507 3076 747 3143 Paulum,
767 3076 857 3146 qui
885 3085 1009 3130 tunc
1035 3075 1136 3129 iter
1165 3075 1438 3144 parabant,
1460 3071 1840 3142 profectionem
1858 3085 2011 3126 suam

430 3168 483 3222 in
505 3182 702 3220 annum
724 3174 1034 3236 sequentem
1055 3165 1346 3220 distulisse.

499 3261 627 3315 Atia
656 3262 765 3325 eius
793 3259 1036 3332 ερὶδιοιω.
1067 3288 1138 3298 ——
1164 3257 1355 3312 Joanni
1400 3265 1574 3311 autem
1607 3256 1914 3327 presbytero
1958 3263 2013 3310 et

430 3350 592 3404 Paulo
619 3351 843 3404 diacono
878 3348 1156 3419 epistolam
1186 3347 1333 3402 dedit
1361 3345 1483 3411 168,
1516 3346 1723 3411 Probae,
1755 3357 2012 3400 matrona:

430 3438 708 3507 llomanm,
736 3439 1097 3503 adferendam,
1117 3441 1199 3492 cui
1227 3439 1347 3492 illos
1375 3437 1730 3502 commendat,
1763 3437 2012 3507 illamque

432 3541 490 3585 ut
516 3531 841 3601 frequentius
870 3531 968 3586 sibi
996 3530 1175 3585 literas
1198 3530 1371 3584 mittat
1397 3539 1662 3598 precatur.
1693 3528 2009 3598 Iisdemque,

433 3633 490 3676 ut
518 3632 729 3692 putatur
751 3663 766 3687 ,
795 3622 1046 3692 epistolas
1087 3632 1370 3692 sequentes
1399 3622 1499 3676 169
1529 3632 1582 3679 et
1613 3622 1714 3676 170
1758 3621 2009 3687 tradidit,

433 3729 653 3781 quarum
675 3714 820 3783 prior
834 3713 1055 3767 Julianze
1072 3721 1126 3767 et
1143 3713 1206 3766 iis
1224 3713 1310 3782 qui
1327 3727 1448 3766 cum
1481 3713 1566 3766 illa
1583 3723 1732 3773 erant
1747 3713 2012 3782 dirigitur,

438 3803 627 3872 quibus
653 3804 847 3873 gratias
871 3803 1016 3872 agit,
1049 3802 1190 3872 quod
1234 3803 1354 3857 illos
1377 3819 1561 3857 omnes
1585 3845 1598 3868 ,
1627 3818 1760 3873 quos
1788 3803 2014 3858 [loniam

433 3896 652 3950 miserat
714 3897 1092 3965 benignissime
1146 3897 1536 3965 excepissent,
1605 3895 1850 3964 quodque
1906 3905 2013 3949 tam

434 4001 604 4041 smvos
642 3987 895 4040 tumultus
919 4028 934 4052 ,
962 3987 1050 4057 qui
1079 3997 1188 4040 tum
1230 3985 1524 4040 Ecclesiatn
1549 3985 1872 4041 Orientalem
1900 3986 2012 4056 agi-

437 4079 634 4146 tabant,
663 4094 1002 4152 compescere
1027 4080 1302 4135 studerent
1334 4096 1347 4132 :
1381 4080 1645 4150 posterior
1664 4095 1792 4135 vero
1820 4079 2014 4135 Italicae

437 4171 739 4226 inscribitur
761 4213 776 4238 ,
805 4188 963 4242 quam
991 4188 1022 4228 a
1053 4171 1359 4229 fortitudine
1383 4173 1654 4240 celebrat,
1679 4174 1820 4244 quod
1845 4190 2016 4244 neque

434 4265 683 4320 sedandre
722 4264 974 4320 Orientali
1019 4267 1319 4338 tempestati
1361 4268 1672 4323 incumbere
1708 4267 2017 4334 desineret;

435 4358 681 4424 acuitque
723 4357 867 4412 illam
893 4367 953 4412 ut
994 4357 1048 4412 in
1079 4357 1180 4413 boc
1221 4365 1331 4412 tam
1376 4358 1642 4414 laudando
1671 4359 1845 4415 studio
1890 4374 2016 4430 per-

438 4456 664 4501 severet.

510 4535 739 4591 Diversis
764 4552 977 4607 quoque
1019 4552 1115 4606 per
1142 4535 1484 4594 Occidentem
1529 4539 1791 4610 episeOpis
1835 4539 2016 4594 literas

439 4628 540 4679 boc
575 4627 788 4681 circiter
815 4636 1051 4696 tempore
1079 4628 1261 4693 misit,
1291 4629 1375 4683 vel
1404 4639 1460 4682 ut
1482 4631 1678 4699 gratias
1713 4639 1896 4700 ageret
1919 4644 2016 4699 pro

439 4731 568 4784 pace
609 4716 661 4770 in
692 4716 929 4771 Ecclesia
958 4716 1215 4773 Orientali
1241 4721 1566 4775 restituenda
1613 4721 1974 4776 laborantibus
1995 4762 2012 4787 ,

440 4809 522 4862 vel
551 4817 606 4862 ut
631 4818 846 4863 acueret
861 4819 915 4863 et
937 4809 1002 4863 ad
1032 4820 1338 4866 constanter
1353 4812 1613 4881 agendum
1642 4813 2013 4870 inflammaret.

437 4899 586 4954 Talis
613 4907 696 4954 cst
723 4900 943 4969 epistola
978 4901 1072 4954 151
1107 4901 1172 4954 ad
1218 4902 1454 4957 Asellum
1498 4904 1802 4972 episcopum
1837 4922 1849 4956 :
1885 4906 2017 4961 tales

440 4990 680 5059 epistolae
722 4991 864 5057 152,
910 4991 1050 5056 155,
1094 4992 1236 5057 154,
1282 4990 1346 5045 ad
1391 4993 1669 5062 episcopos
1710 4993 2018 5064 simpliciter

441 5080 710 5150 inscripta:
735 5122 748 5144 ,
779 5079 829 5135 id
873 5090 954 5136 est
977 5123 993 5148 ,
1019 5089 1078 5136 ut
1115 5097 1179 5134 ex
1224 5082 1363 5136 serie
1402 5080 1604 5152 liquet,
1635 5083 1701 5137 ad
1741 5086 2018 5154 episcopos

439 5174 829 5227 Occidentales.
880 5172 1071 5227 iisdem
1121 5175 1280 5228 missa
1330 5172 1426 5228 fuit
1469 5173 1690 5242 epistola
1738 5176 1878 5240 181,
1931 5177 2020 5231 ubi

441 5265 570 5318 dicit
618 5265 738 5318 illos
787 5264 854 5318 ab
899 5264 1144 5318 omnibus
1192 5264 1466 5334 prwdieari
1515 5275 1672 5334 atque
1719 5267 2018 5334 celebrari,

442 5354 583 5424 quod
610 5354 709 5408 etsi
742 5363 845 5408 tam
883 5355 1036 5423 longe
1061 5355 1230 5409 dissiti
1258 5364 1409 5409 erant
1429 5398 1442 5420 ,
1476 5355 1682 5423 fortiter
1705 5371 2022 5422 strenueque

445 5447 699 5502 adversus
743 5447 859 5500 illos
888 5447 975 5514 qui
1009 5447 1296 5501 Ecclesium
1329 5449 1705 5516 perturbabant
1733 5450 1972 5506 steterint
2005 5469 2018 5504 :

452 5524 471 5585 ἑ
508 5537 660 5605 Quod
687 5537 729 5589 si
756 5579 768 5598 ,
810 5556 827 5588 ι
866 5537 1072 5606 inquit,
1111 5556 1128 5587 ι
1170 5537 1394 5592 necdum
1422 5539 1735 5608 importuna:
1762 5557 1871 5595 sua:
1896 5557 2026 5595 coo-

449 5631 669 5684 tentioni
711 5640 764 5684 et
806 5630 1001 5698 injuste
1030 5631 1169 5686 bello
1197 5632 1354 5686 tinem
1388 5633 1660 5702 imponere
1686 5635 1905 5697 volunt,
1935 5637 2025 5704 qui

449 5721 695 5778 boruma
725 5721 984 5807 priqripio
1027 5722 1284 5776 malorum
1345 5733 1596 5782 auctores
1622 5721 1788 5796 fuere,
1837 5741 1904 5781 ne
1934 5742 2024 5781 vos

1470 304 1526 359 S.
1558 299 1839 359 JOANNlS
1865 293 2338 354 CHRYSOSTOMI
2381 298 2561 368 VITA,

3569 303 3683 358 260

2115 413 2397 469 conturbet
2424 415 2570 481 illud,
2590 431 2723 472 neve
2747 416 2952 474 animos
2969 427 3176 474 vestros
3204 418 3472 473 debilitet:
3493 430 3693 488 quanto

2113 507 2254 560 enim
2281 509 2451 578 major
2477 509 2626 566 vobis
2667 511 2904 568 exoritur
2947 513 3095 568 labor
3120 555 3133 578 ,
3165 523 3313 568 tanto
3335 516 3495 569 etiam
3522 514 3693 584 major

2113 613 2308 658 001⁵0ηῆ
2330 609 2541 656 nectetu
2549 617 2591 655 Γ.
2623 621 2643 654 ι

2185 689 2414 746 Venerio
2439 707 2651 762 quoque
2675 692 3055 751 Mediolanensi
3084 697 3228 750 misit
3253 696 3532 768 epistolam
3563 696 3688 760 182.

2111 788 2166 833 et
2193 780 2456 852 llesychio
2488 783 2763 844 Salonensi
2809 787 2862 842 in
2890 787 3145 842 Dalmatia
3189 791 3344 858 epist.
3375 790 3478 844 185
3510 808 3523 844 :
3555 805 3691 860 quos

2113 873 2332 940 perinde
2363 875 2540 930 laudat
2566 892 2595 930 a
2627 877 2820 934 virtute
2846 890 2900 933 et
2923 881 3218 934 constantia
3242 922 3257 946 ,
3289 893 3341 936 et
3368 880 3608 936 hortatur
3633 891 3693 936 ut

2111 975 2281 1032 empta
2335 969 2592 1034 perlicere
2633 979 2892 1040 satagant.
2941 971 3290 1042 Summopere
3338 974 3585 1043 przedieat
3627 975 3687 1028 S.

2111 1056 2310 1111 Aurelii
2336 1058 2766 1128 Carthaginensis
2790 1063 3024 1132 episcopi
3050 1066 3318 1130 virtutem,
3338 1065 3690 1118 constantiam

2111 1156 2163 1201 et
2179 1147 2425 1216 loquendi
2446 1149 2740 1205 libertatem
2766 1151 2819 1207 in
2845 1153 3067 1222 epistola
3091 1153 3193 1209 149
3210 1172 3225 1208 :
3245 1170 3402 1224 quem
3427 1155 3524 1210 etsi
3543 1166 3692 1210 tanto

2112 1245 2371 1292 terrarum
2398 1239 2674 1296 intervallo
2699 1243 2766 1296 ab
2791 1259 2850 1298 se
2867 1244 3130 1310 dissitum,
3150 1246 3251 1300 sibi
3282 1256 3454 1300 tamen
3470 1247 3692 1302 caritate

2110 1328 2601 1398 c0njunctissimum
2655 1349 2775 1390 esse
2828 1335 3128 1405 signiﬁcat,
3187 1337 3257 1392 ita
3315 1348 3375 1392 ut
3425 1339 3692 1392 ferventer

2097 1419 2395 1476 admodum
2412 1438 2627 1478 causam
2644 1442 2792 1480 suam
2815 1426 3080 1494 defendat,
3102 1428 3445 1500 hortaturque
3470 1430 3611 1484 illum
3631 1439 3691 1484 ut

2111 1509 2162 1564 in
2187 1509 2287 1566 hoc
2309 1515 2561 1582 praeclaro
2581 1519 2872 1572 certamine
2895 1528 3214 1587 perseveret.

2179 1600 2359 1658 Libros
2401 1605 2528 1659 duos
2556 1609 2777 1676 egregios
2818 1610 2990 1663 scribit
3034 1611 3280 1680 mittitque
3323 1611 3390 1664 ad
3422 1609 3690 1684 Olympia-

2109 1691 2456 1748 dem—[loc
2493 1696 2700 1762 ultimo,
2741 1707 2799 1752 ut
2840 1707 3072 1768 putatur,
3091 1701 3263 1754 exsilii
3306 1702 3388 1755 sui
3427 1717 3587 1765 anno,
3618 1702 3681 1756 li-

2110 1779 2265 1839 brum
2294 1787 2612 1856 composuit,
2641 1790 2794 1858 cujus
2841 1791 2922 1844 vel
2977 1791 3156 1846 titulus
3208 1792 3354 1846 solus
3379 1791 3690 1848 Christiaum

2106 1875 2460 1945 philosophiae
2475 1891 2740 1931 summam
2757 1878 3162 1947 complectitur:
3187 1878 3340 1946 Quod
3358 1881 3446 1951 qui
3467 1882 3692 1951 seipsum

2105 1984 2208 2023 non
2229 1967 2389 2035 (edit,
2414 1988 2558 2026 nemo
2579 1972 2764 2028 [ledere
2788 1975 2943 2042 possit
2973 1973 3059 2043 (Τ.
3088 1977 3140 2032 5.
3167 1992 3214 2030 ο.
3236 1975 3390 2046 459).
3412 1976 3508 2031 llic
3532 1978 3692 2048 quid-

2111 2056 2234 2126 quid
2287 2057 2353 2111 ad
2403 2058 2546 2126 pium
2609 2060 2726 2112 vita:
2778 2059 3072 2114 institutum
3136 2062 3400 2130 pertinet,
3451 2063 3690 2131 apposite

2112 2147 2398 2216 profertur.
2428 2149 2560 2214 Quia
2593 2165 2718 2203 vero
2743 2150 2828 2204 vix
2854 2151 3160 2221 contingere
3201 2161 3411 2222 potest,
3439 2163 3494 2206 ut
3517 2154 3604 2223 qui
3633 2154 3688 2209 in

2111 2239 2192 2291 via
2221 2240 2404 2295 salutis
2450 2241 2687 2308 incedit,
2717 2243 2970 2298 {erumnis
3013 2259 3117 2298 non
3149 2255 3418 2313 prematur
3441 2285 3455 2311 ,
3480 2258 3689 2314 quantae

2113 2331 2351 2384 utilitatis
2369 2332 2473 2385 sint
2489 2348 2738 2386 mrumnre
2754 2343 2808 2388 et
2821 2335 3168 2402 calamitates,
3184 2345 3291 2389 tum
3309 2353 3371 2390 ex
3384 2336 3688 2406 Scripturis,

2113 2428 2223 2474 tum
2262 2437 2329 2476 ex
2367 2432 2668 2478 sanctorum
2699 2425 2943 2494 exemplo
2986 2426 3159 2495 palam
3204 2425 3346 2481 facit.
3380 2427 3505 2482 Post
3549 2428 3688 2484 bunc

2105 2513 2448 2568 continenter
2484 2515 2648 2568 alium
2693 2516 2885 2570 librum
2935 2516 3122 2579 edidit,
3164 2517 3317 2584 cujus
3344 2515 3528 2569 titulus
3557 2533 3571 2569 :
3605 2516 3684 2567 Ad

2105 2619 2192 2658 eos
2220 2605 2307 2674 qui
2334 2605 2668 2660 scandalizati
2697 2617 2813 2660 sunt
2842 2605 2902 2660 ob
2942 2607 3269 2661 adversitates
3305 2624 3420 2677 quis
3459 2609 3682 2677 contige-

2103 2707 2243 2761 runt,
2271 2698 2543 2767 populique
2563 2708 2607 2751 et
2635 2699 2906 2753 multorum
2922 2699 3238 2753 sacerdotum
3255 2701 3684 2769 persequutionem

2105 2806 2166 2844 ac
2193 2793 2579 2860 perversioncm,
2625 2801 2729 2846 etc.
2763 2791 2853 2859 (T.
2903 2793 2958 2848 5.
2998 2809 3044 2846 c.
3077 2792 3207 2861 479)
3243 2809 3256 2844 :
3286 2792 3375 2846 ubi
3406 2792 3544 2846 idem
3577 2790 3689 2846 fere

2114 2893 2482 2950 argumentum
2528 2882 2861 2952 persequitur
2905 2883 3043 2952 quod
3091 2884 3145 2936 itt
3191 2881 3512 2951 praecedenti
3556 2881 3692 2935 libro

2116 2982 2452 3028 tractaverat.
2481 2974 2669 3044 Agitur
2710 2973 2798 3030 hic
2827 2974 2894 3030 de
2939 2975 3173 3029 ferendis
3215 2974 3375 3030 rebus
3415 2974 3690 3039 adversis,

2115 3066 2494 3138 cujuscumque
2523 3068 2734 3121 tandem
2776 3067 2987 3138 generis
3015 3067 3122 3120 sint
3145 3107 3160 3132 ,
3192 3066 3538 3136 exemploque
3565 3079 3691 3120 san-

2114 3169 2322 3213 ctorum
2351 3158 2555 3214 Veteris
2579 3158 2819 3229 Novique
2844 3159 3168 3213 Testamenti
3210 3159 3278 3212 ad
3307 3174 3425 3213 eam
3455 3175 3564 3214 rem
3607 3159 3693 3212 in-

2113 3251 2404 3306 stituuntur
2452 3251 3059 3322 ConstantinOpolitani,
3109 3251 3198 3322 qui
3245 3261 3428 3306 tunca
3457 3251 3693 3306 scelestis

2117 3344 2484 3414 perversisque
2534 3345 2836 3399 nominibus
2886 3343 3232 3399 vexabantur.
3287 3342 3368 3398 Ad
3419 3358 3514 3398 eos
3564 3358 3693 3397 vero

2115 3435 2345 3490 maxime
2370 3444 2574 3504 spectat
2596 3437 2786 3501 oratio,
2816 3436 2904 3506 qui
2933 3436 3126 3505 probos
3151 3435 3391 3490 videntes
3419 3450 3449 3488 a
3479 3434 3694 3488 seditio-

2115 3529 2192 3596 sis
2220 3527 2540 3598 nefariisque
2567 3529 2868 3583 hominibus
2894 3530 3095 3594 vexari,
3125 3528 3356 3582 divinam
3389 3529 3693 3582 incusarent

2116 3619 2525 3689 providentiam.
2569 3619 2801 3674 Atticum
2848 3631 3064 3684 autem,
3107 3618 3196 3687 qui
3242 3633 3272 3672 a
3318 3617 3692 3672 consceleratis

2117 3712 2169 3766 in
2213 3726 2575 3766 successorem
2617 3711 2821 3766 Arsacii
2864 3717 3141 3779 cooptatus
3183 3708 3390 3771 fuerat,
3435 3708 3692 3764 acerrime

2117 3802 2462 3873 perstringit,
2491 3817 2611 3857 cum
2651 3802 2724 3856 ait
2752 3817 2869 3871 cap.
2900 3801 2972 3856 20
3004 3819 3017 3855 :
3053 3801 3203 3855 Nihil
3229 3817 3346 3872 ergo
3373 3801 3578 3854 istarum
3607 3800 3692 3853 tibi

2118 3893 2422 3961 o/fendiculo
2450 3895 2533 3961 sit,
2567 3911 2666 3948 non
2694 3894 2924 3949 sacerdos
2953 3895 3039 3949 ille
3063 3911 3196 3948 nunc
3224 3895 3542 3964 deprauatus,
3574 3894 3691 3963 lupo

2117 3988 2288 4056 quovis
2329 3988 2508 4041 stevius
2549 3988 2602 4042 in
2639 4004 2837 4058 gregem
2878 3988 3128 4041 insiliens.
3168 3986 3319 4042 Unde
3361 3986 3692 4056 comprobari

2119 4079 2336 4132 omnino
2365 4079 2592 4144 videtur,
2611 4078 2750 4134 hunc
2777 4079 2972 4133 librum
3002 4078 3200 4132 editum
3229 4078 3389 4132 fuisse
3419 4089 3690 4149 postquam

2120 4170 2277 4240 legati
2333 4169 2624 4226 Innocentii
2675 4171 2870 4240 Papte,
2927 4171 3158 4240 episcopi
3211 4171 3547 4234 Orientales,
3603 4169 3692 4240 qui

2119 4277 2238 4317 cum
2286 4263 2470 4332 legatis
2512 4272 2805 4327 venerant,
2850 4262 3046 4330 aliique
3091 4263 3237 4317 multi
3281 4263 3556 4332 episc0pi,
3604 4277 3693 4316 sa-

2121 4356 2365 4412 cerdotes
2388 4397 2403 4422 ,
2431 4355 2647 4421 clerici,
2674 4363 2728 4410 et
2752 4355 2985 4424 cujusvis
3019 4354 3229 4426 generis
3254 4363 3308 4412 et
3335 4354 3652 4412 conditionis
3674 4399 3690 4422 ,

2121 4448 2296 4502 Attico
2322 4456 2558 4513 auctore,
2589 4446 2724 4516 pulsi
2752 4446 2975 4517 direque
2997 4447 3170 4502 vexati
3200 4446 3429 4514 fuerant,
3454 4455 3513 4501 ut
3535 4461 3692 4517 supra

2119 4539 2366 4594 vidimus.

2192 4627 2443 4698 Epistolis
2486 4629 2717 4700 qua'dam
2764 4629 2831 4682 ad
2881 4626 3253 4699 Olympiadem.
3282 4660 3354 4669 —
3381 4629 3483 4684 Per
3528 4639 3692 4684 totmn

2121 4728 2296 4775 autem
2349 4737 2544 4774 annum
2599 4720 2701 4774 406
2750 4720 3027 4774 commoda
3077 4721 3378 4775 valetudine
3425 4721 3694 4775 fruebatur

2120 4809 2530 4882 Cbrysostomus
2554 4851 2568 4875 ,
2602 4818 2656 4864 ut
2703 4810 2754 4864 in
2787 4810 3022 4878 Epistola
3066 4811 3132 4865 ad
3165 4812 3424 4881 Elpidium
3473 4813 3574 4866 142
3614 4824 3694 4890 sat

2123 4905 2396 4973 perspicue
2416 4903 2663 4967 insinuat,
2681 4903 2766 4958 ubi
2782 4904 2854 4957 ait
2870 4921 2928 4958 se
2941 4907 3048 4972 jam
3069 4904 3366 4959 Isaurorum
3387 4906 3696 4960 tumultibus

2123 4996 2400 5050 liberatum
2427 5036 2443 5060 ,
2488 4994 2598 5047 otio
2644 5009 2706 5049 ac
2751 4995 2927 5064 quiete
2974 4995 3073 5048 frui
3115 5007 3274 5065 atque
3319 4997 3370 5050 in
3411 4997 3697 5052 securitate

2121 5088 2334 5154 degere.
2378 5087 2433 5140 In
2475 5085 2649 5141 hieme
2689 5096 2864 5140 autem
2913 5097 3036 5141 tunc
3075 5088 3423 5155 versabatur,
3486 5104 3604 5158 qua:
3643 5089 3694 5142 in

2122 5180 2370 5236 Armenia
2398 5178 2634 5245 aSperior
2647 5191 2767 5232 esse
2794 5178 3016 5232 solebat.
3036 5177 3269 5232 Joannes
3284 5194 3412 5232 vero
3435 5178 3696 5234 imbecillo

2123 5284 2347 5337 corpore
2367 5267 2632 5337 pra-ditus,
2648 5267 2772 5321 dum
2793 5268 2955 5337 frigus
2975 5267 3352 5332 swviret,domi
3369 5285 3427 5323 se
3445 5277 3698 5337 perpetuo

2127 5362 2443 5425 includebat,
2462 5376 2687 5431 raroque
2711 5377 2742 5416 e
2768 5362 2951 5415 limine
2968 5361 3152 5430 pedem
3169 5361 3449 5426 eﬂ‘erebat;
3474 5361 3698 5430 indeque

2129 5452 2319 5507 factum
2368 5463 2425 5506 ut
2466 5453 2518 5508 in
2559 5453 2733 5506 hieme
2775 5453 2862 5506 illa
2906 5453 3043 5506 bona
3071 5452 3373 5508 valetudine
3415 5453 3693 5507 frueretur.

2129 5543 2185 5597 ln
2213 5544 2433 5613 epistola
2461 5559 2672 5613 quoque
2695 5553 2878 5612 quarta
2907 5543 2971 5598 ad
2995 5543 3358 5615 Olympiadem
3386 5545 3456 5598 ait
3481 5560 3538 5598 se
3560 5545 3695 5599 bona

2130 5635 2428 5690 valetudine
2478 5634 2619 5699 frui,
2669 5647 2825 5704 atque
2873 5636 2924 5689 in
2974 5650 3162 5704 magna
3208 5637 3492 5702 securitate
3541 5651 3696 5699 esse;

2138 5725 2274 5778 adeo
2316 5738 2368 5781 ut
2414 5727 2646 5782 Armenii
2695 5726 2760 5782 ad
2808 5738 3076 5797 stuporem
3129 5742 3294 5800 usque
3339 5729 3697 5791 mirarentur.
