4096 6392
308 391 408 446 261

312 510 453 581 quod
511 511 595 565 vir
649 510 785 567 adeo
848 509 1100 565 tmbecilli
1158 508 1398 578 corporis
1431 549 1445 574 ,
1513 503 1901 561 intolerandam

314 604 523 675 frigoris
550 604 657 659 vim
700 603 937 673 perferre
964 611 1178 671 posset,
1210 616 1331 656 cum
1377 599 1412 653 ii
1459 599 1642 662 etiam,
1674 596 1764 667 qui
1812 595 1902 650 tali

316 698 478 751 hiemi
523 698 720 752 assueti
767 704 919 751 erant
943 737 957 761 ,
991 695 1118 749 hinc
1157 710 1262 748 non
1293 693 1561 763 vulgarem
1590 692 1641 744 in
1687 689 1903 744 modum

305 800 331 835 ιι
350 787 676 844 lacerentur.
706 786 1007 858 Olympiadi
1043 795 1217 839 autem
1248 798 1307 838 se
1333 783 1545 838 misisse
1570 782 1643 834 ait
1670 780 1860 834 librum
1886 819 1902 844 ,

306 893 421 945 quo
466 878 655 946 probat
702 876 967 931 neminem
1037 875 1230 929 laedere
1279 888 1435 943 posse
1476 887 1596 926 eum
1622 912 1636 936 ,
1682 869 1771 939 qui
1815 883 1903 923 se-

317 971 489 1039 ipsum
520 986 624 1024 non
654 969 816 1035 laedit,
845 983 1052 1023 necnon
1080 967 1244 1020 alium
1269 965 1463 1019 librum
1499 963 1726 1033 idipsum
1752 976 1904 1015 com-

316 1063 627 1131 probantem
653 1104 669 1129 ,
701 1077 857 1131 quem
906 1070 1230 1130 postremum
1274 1072 1399 1111 eum
1443 1070 1563 1110 esse
1590 1055 1675 1109 cui
1721 1052 1903 1107 titulus

316 1162 436 1220 est,
471 1154 550 1207 Ad
595 1169 680 1208 eos
726 1153 811 1223 qui
858 1150 1189 1207 seandalizati
1234 1157 1391 1216 sunt,
1423 1156 1528 1203 etc.
1555 1188 1571 1215 ,
1614 1146 1724 1217 jam
1772 1145 1904 1199 nihil

316 1245 644 1299 dubitamus.

387 1335 566 1405 Neque
593 1335 804 1389 silentio
832 1332 1256 1404 praetereundum
1299 1330 1351 1384 id
1379 1328 1519 1400 quod
1565 1327 1721 1397 paulo
1747 1337 1903 1379 antra

316 1426 617 1497 Olympiadi
662 1426 833 1491 dixit,
881 1441 939 1479 se
989 1438 1178 1493 nempe
1225 1430 1374 1477 certo
1422 1422 1475 1475 in
1523 1419 1704 1473 sedem
1753 1432 1902 1470 suam

317 1517 702 1572 restituendum
724 1517 854 1571 fore.
878 1517 954 1569 En
983 1516 1099 1585 ejus
1115 1514 1305 1569 verba:
1331 1512 1480 1579 Quod
1504 1512 1548 1564 si
1576 1511 1662 1563 tibi
1681 1510 1905 1563 maeroris

316 1625 523 1661 causam
551 1608 603 1660 id
632 1606 800 1673 a/Tert,
819 1606 952 1675 quod
980 1623 1012 1658 a
1040 1606 1182 1659 nobis
1208 1606 1439 1675 sejuncta
1467 1603 1555 1667 sis,
1575 1601 1727 1671 hujus
1756 1600 1905 1653 etiam

318 1702 391 1753 rei
420 1699 588 1754 italum
637 1701 788 1768 finem
835 1708 1082 1767 exspecta.
1115 1700 1277 1767 Atque
1322 1697 1416 1750 hoc
1462 1712 1563 1749 non
1610 1693 1906 1747 consolandi

318 1792 473 1845 ammi
502 1792 574 1845 tui
600 1808 753 1845 causa
779 1808 909 1845 nunc
936 1791 1070 1856 dico,
1089 1790 1176 1843 sed
1199 1790 1317 1859 quia
1342 1788 1657 1859 exploratum
1684 1786 1807 1839 mihi
1832 1794 1905 1839 est

320 1886 390 1939 ita
417 1886 543 1955 fore.
567 1884 705 1939 Nam
727 1886 821 1939 nisi
852 1886 922 1937 ita
949 1885 1177 1953 futurum
1195 1892 1336 1944 esset,
1348 1882 1681 1954 jampridem,
1708 1882 1803 1935 nisi
1828 1898 1908 1935 me

319 1979 490 2041 Opinio
515 1979 667 2049 fallit,
688 1995 776 2048 per
792 1978 912 2030 mihi
930 1979 1096 2030 illatas
1111 1977 1421 2029 calamitates
1450 1992 1477 2029 e
1504 1976 1605 2029 vita
1627 1975 1903 2028 cessissem.

324 2066 391 2122 Ut
418 2069 548 2121 enim
564 2068 713 2121 etiam
727 2068 898 2121 omnia
925 2082 1038 2137 qua:
1052 2065 1485 2135 Constantinopoli
1512 2081 1777 2135 perpessus
1793 2081 1904 2118 sum

321 2168 613 2227 pra'teream
639 2200 654 2223 ,
685 2167 870 2227 quanta
894 2198 908 2223 ,
942 2168 1203 2226 postquam
1232 2173 1293 2209 et
1320 2157 1441 2209 urbe
1468 2156 1692 2216 excessi,
1724 2156 1774 2207 in
1803 2165 1905 2207 tam

321 2248 470 2319 longo
497 2265 556 2302 ac
582 2250 788 2303 molesto
814 2250 989 2303 itinere
1016 2249 1217 2318 pertuli,
1240 2263 1453 2317 quorum
1475 2247 1632 2300 multa
1659 2246 1907 2315 ejusmodi

322 2350 481 2408 erant,
512 2352 566 2395 ut
593 2350 802 2395 mortem
827 2340 1010 2408 a/ferre
1039 2351 1272 2410 possent;
1301 2349 1491 2410 quanta
1519 2348 1782 2410 postquam
1808 2340 1909 2392 huc

320 2432 449 2497 veni,
481 2442 668 2501 quanta
698 2442 961 2503 postquam
989 2429 1187 2486 Cucuso
1216 2432 1446 2501 migravi,
1478 2439 1667 2499 quanta
1696 2429 1909 2499 denique

320 2532 584 2593 postquam
631 2523 856 2578 Arabissi
901 2532 1238 2577 commoratus
1287 2538 1439 2585 sum,
1490 2521 1772 2592 intelligere
1817 2522 1909 2574 tibi

321 2616 452 2669 licet.
508 2614 582 2669 lta
638 2615 853 2684 putabat
898 2615 985 2670 ille
1034 2614 1529 2683 Constantinopolin
1583 2614 1683 2668 sibi
1738 2613 1905 2667 remi-

320 2707 577 2773 grandum
625 2721 763 2761 esse.
794 2706 990 2761 Verum
1035 2706 1178 2771 alio,
1223 2720 1381 2777 quam
1429 2705 1712 2775 sperabat,
1746 2705 1908 2760 modo

322 2811 407 2850 res
427 2797 636 2851 cecidit.

394 2888 447 2940 ln
480 2888 583 2942 line
624 2897 800 2943 autem
831 2889 1067 2958 epistola:
1096 2889 1130 2943 4
1158 2888 1223 2942 ad
1252 2888 1615 2960 Olympiadem
1645 2888 1758 2942 haec
1783 2887 1857 2941 ait
1890 2905 1906 2943 :

325 2979 401 3033 De
428 2979 636 3051 Pelagio
663 2982 907 3034 monacho
933 2998 1116 3052 magno
1141 2981 1315 3035 dolore
1338 2980 1549 3047 aﬂ'ectus
1575 2997 1705 3035 sum.
1731 2980 1907 3050 Cogita

320 3072 474 3143 igitur
497 3085 619 3145 quot
644 3075 941 3144 quantisque
965 3075 1161 3128 coronis
1185 3075 1326 3144 digni
1352 3076 1451 3127 sint
1477 3076 1562 3143 qui
1589 3074 1708 3144 forti
1736 3074 1905 3128 animo

322 3182 373 3219 ιη
420 3166 528 3218 acie
569 3176 847 3231 steterunt,
879 3184 990 3219 cum
1034 3168 1203 3231 viros,
1235 3168 1319 3237 qui
1364 3177 1467 3220 tam
1511 3167 1593 3238 pie
1633 3182 1693 3219 ac
1735 3176 1908 3221 sancte

322 3267 556 3326 tantaque
570 3275 682 3310 cum
709 3259 972 3313 tolerantia
989 3260 1235 3325 vixerunt,
1254 3259 1418 3329 abripi
1433 3269 1581 3329 atque
1606 3260 1658 3313 in
1675 3262 1907 3330 frondent

319 3347 371 3397 in
395 3349 512 3416 ριιιη
537 3350 810 3403 videamus.
834 3349 929 3404 llic
953 3360 1169 3420 putatur
1197 3350 1278 3419 agi
1304 3350 1371 3404 de
1390 3349 1599 3419 Pelagio
1628 3350 1906 3403 lneresiar-

320 3437 418 3490 Cha
445 3480 459 3501 ,
491 3439 577 3506 qui
609 3438 711 3492 hoc
740 3448 979 3510 tempore
1005 3454 1217 3495 errores
1241 3456 1366 3494 suos
1392 3440 1531 3495 circa
1557 3441 1782 3510 gratiam
1812 3439 1905 3494 Dei

321 3530 591 3598 publicare
611 3532 791 3600 etepit.

396 3623 816 3693 lnterepistolas
842 3624 1227 3695 Chrysoslomi,
1256 3638 1390 3695 quas
1417 3623 1553 3679 bene
1579 3624 1769 3678 multas
1793 3622 1901 3692 jam

321 3716 733 3769 memoravimus
756 3756 772 3782 ,
803 3716 921 3769 alize
950 3716 1192 3785 quaedam
1238 3723 1363 3769 sunt
1384 3757 1399 3783 ,
1429 3731 1548 3784 quae
1590 3715 1789 3768 nullam
1821 3713 1905 3768 vel

324 3808 579 3877 temporis
606 3809 685 3863 vel
713 3810 1008 3863 occasionis
1037 3825 1140 3877 qua
1181 3808 1319 3863 datae
1348 3809 1495 3863 fuere
1518 3848 1533 3873 ,
1567 3816 1746 3861 notam
1795 3823 1905 3876 pra:

323 3917 383 3955 se
426 3900 621 3954 ferunt.
673 3900 985 3970 Hujnsmodi
1033 3908 1157 3955 sunt
1201 3901 1359 3969 epist.
1403 3899 1473 3954 '56
1518 3898 1583 3952 ad
1632 3898 1902 3952 Maronem

324 3994 607 4063 quemdam
659 3994 1029 4063 presbyterum
1079 4002 1133 4047 et
1163 3992 1479 4046 monachum
1506 4034 1519 4057 ,
1551 3991 1636 4047 cui
1684 3992 1904 4045 sincera:

324 4085 707 4141 benevolentia:
732 4087 880 4155 signa
908 4085 1128 4155 profert,
1156 4085 1389 4154 dicitque
1417 4100 1475 4140 se
1500 4084 1568 4140 ob
1599 4084 1904 4139 tabellario-

326 4194 443 4231 rum
474 4179 747 4246 penuriam
788 4179 960 4233 rarius
1004 4179 1101 4248 ipsi
1146 4178 1326 4233 literas
1354 4178 1484 4232 dare
1508 4218 1522 4241 ,
1552 4186 1606 4232 et
1633 4192 1727 4246 pro
1756 4192 1905 4231 more

325 4278 477 4339 rogat
502 4269 568 4323 de
593 4269 892 4324 valetudine
916 4285 1010 4323 sua
1033 4271 1315 4324 certiorem
1342 4285 1402 4325 se
1424 4269 1600 4324 faciat.
1629 4269 1905 4338 Ejusmodi

327 4371 450 4415 sum
475 4362 634 4417 etiam
679 4362 902 4431 epistola
931 4363 1000 4416 46
1029 4362 1095 4416 ad
1140 4362 1385 4415 Rufinum
1412 4402 1426 4425 ,
1475 4361 1697 4429 epistola
1728 4361 1795 4415 58
1838 4360 1904 4414 ad

326 4449 681 4507 Theodosium
710 4468 775 4506 ex
808 4451 1036 4506 Ducibus
1060 4468 1074 4516 ;
1103 4452 1258 4517 epist.
1300 4452 1369 4506 65
1395 4452 1459 4504 ad
1488 4451 1903 4521 Tranquillinum

326 4541 646 4617 quemdam;
692 4543 849 4610 epist.
900 4543 959 4597 71
1011 4541 1078 4595 ad
1120 4540 1419 4603 Malchum,
1467 4556 1623 4611 quem
1674 4541 1742 4595 ob
1786 4541 1906 4594 lilite

328 4644 551 4687 mortem
581 4640 829 4688 maestum
857 4634 1057 4687 solatur
1080 4650 1094 4698 ;
1124 4649 1210 4703 cp.
1238 4633 1308 4687 92
1330 4634 1397 4687 ad
1423 4634 1657 4703 Moysem
1690 4633 1907 4703 presby-

330 4734 521 4788 terum,
540 4725 629 4791 qui
649 4724 939 4777 monachus
970 4722 1130 4778 fuisse
1148 4723 1623 4794 ferturinqnadatn
1653 4725 1904 4794 regione;

327 4814 485 4881 epist.
519 4814 616 4866 171
666 4813 732 4865 ad
775 4813 1027 4866 Montium
1055 4856 1070 4878 ,
1102 4814 1258 4882 epist.
1294 4814 1392 4868 187
1440 4814 1507 4868 ad
1552 4814 1863 4883 Proetipium
1888 4855 1903 4880 ,

330 4906 433 4959 195
482 4904 549 4958 ad
594 4904 979 4969 Claudiauum,
1026 4905 1125 4960 201
1176 4906 1240 4959 ad
1288 4906 1632 4972 Herculium,
1686 4906 1791 4961 209
1840 4907 1906 4959 ad

327 4998 673 5062 Salvionem,
727 4996 865 5066 quod
919 5012 1112 5051 nomen
1163 5000 1310 5052 varie
1361 5000 1613 5068 scriptum
1667 4999 1904 5068 legitur:

326 5091 413 5145 alii
459 5089 601 5144 enim
632 5088 863 5143 Salbioni
895 5087 1129 5153 habent,
1174 5090 1263 5144 alii
1308 5107 1529 5145 numero
1570 5092 1751 5161 plures
1780 5091 1906 5145 Cal-

326 5182 462 5235 bioni
484 5222 498 5246 ,
529 5180 801 5251 fateorque
825 5196 912 5235 me
939 5180 1007 5235 ad
1036 5181 1173 5236 hanc
1213 5182 1593 5252 praeferendam
1622 5185 1904 5239 lectionem

330 5271 678 5342 propendere.

400 5361 690 5430 Epistulam
710 5376 838 5416 vero
858 5362 925 5417 ad
951 5362 1237 5417 Caesarium
1260 5366 1575 5419 monachum
1600 5367 1650 5419 in
1676 5367 1907 5422 secundo

328 5469 426 5507 suo
451 5455 676 5523 exsilio,
709 5464 765 5509 ut
807 5456 973 5510 fertur
1010 5458 1061 5510 in
1094 5459 1278 5525 titulo,
1326 5475 1354 5512 a
1406 5460 1471 5513 Β.
1528 5460 1588 5513 Ρ.
1638 5460 1903 5530 Lequien,

332 5549 444 5597 viro
470 5545 598 5599 mihi
631 5548 972 5612 amicissimo,
1000 5550 1106 5615 jam
1136 5548 1495 5617 reprobatam,
1515 5552 1903 5619 supposititiam

332 5652 449 5691 esse
472 5637 707 5706 pluribus
734 5638 1071 5706 probavimus
1099 5639 1150 5693 in
1182 5640 1378 5693 Monito
1407 5640 1573 5694 Tomo
1596 5642 1647 5696 5.
1665 5638 1764 5694 col.
1782 5638 1905 5695 747.

402 5728 740 5799 Cltrysastomi
780 5730 968 5782 inimici
1014 5731 1166 5784 livore
1203 5734 1419 5801 correpti
1447 5732 1589 5785 illum
1613 5732 1904 5785 Arabissum

326 5827 372 5864 et
396 5823 574 5882 postea
595 5813 895 5886 Pityuntem
925 5822 1186 5876 amandari
1227 5834 1423 5876 curant.
1466 5854 1535 5864 —
1574 5824 1673 5878 Per
1720 5825 1903 5879 Oricu-

1445 389 1624 447 NUNC
1664 387 1925 445 PRIMUM
1963 387 2236 444 ΑυοιιΝΑ
2248 388 2289 439 Ὶ·
2304 396 2335 441 λ
2350 429 2362 442 .

3492 391 3599 450 26?.

2017 510 2120 555 tem
2146 518 2312 556 κιιιιιιι
2342 501 2598 557 volitabat
2624 499 2846 556 Joannis
2871 501 3038 555 nostri
3061 500 3199 557 fama
3219 546 3232 569 ,
3265 506 3352 575 qui
3403 505 3599 561 Cucusl

2011 605 2064 647 et
2086 602 2270 648 nostea
2297 594 2537 648 Arabissi
2582 595 2758 662 exsul,
2788 611 2975 651 omnes
3021 598 3223 652 circum
3281 599 3504 669 pupulas
3542 608 3596 655 et

2013 700 2149 754 pane
2175 695 2230 739 et
2267 687 2439 741 verbo
2466 686 2558 740 Dei
2588 697 2828 756 paverat.
2855 685 3204 743 Conﬂuebant
3245 692 3371 744 item
3424 692 3600 747 Antio-

2011 775 2168 831 cheni
2189 776 2304 835 eius
2329 777 2590 831 invisendi
2616 794 2808 844 causa,
2841 788 2895 833 et
2917 781 3215 835 Antiochiae
3257 782 3373 851 ejus
3398 785 3599 837 sancti.

2012 878 2093 923 tas
2131 870 2538 939 praedicabatur.
2564 871 2690 926 llaec
2717 872 2833 941 ejus
2865 872 3201 927 adversarios
3248 875 3600 944 mordebant,

2010 973 2174 1033 atque
2194 965 2405 1020 invidia:
2427 966 2639 1021 ﬂamma
2662 968 2871 1022 accensi
2901 967 3222 1023 Severianus
3268 980 3322 1025 et
3355 971 3598 1042 Porpby~

2012 1062 2151 1124 rius,
2184 1076 2247 1116 ac
2294 1062 2508 1133 quidam
2538 1063 2629 1116 alii
2656 1064 2891 1132 episcopi
2938 1063 3141 1134 Syriae,
3177 1075 3232 1119 ut
3271 1065 3375 1120 alio
3422 1075 3597 1119 trans~

2010 1150 2239 1205 ferretur
2292 1153 2466 1207 moliri
2514 1162 2791 1223 coeperunt
2822 1152 3059 1224 (Pallad.
3111 1153 3367 1227 Dialog.).
3405 1156 3601 1212 Clerici

2008 1256 2221 1311 quoque
2267 1243 2354 1311 qui
2406 1244 2527 1297 illos
2579 1245 2917 1298 sectabantur
2967 1244 3264 1300 mirabundi
3313 1248 3599 1303 dicebant:

2024 1332 2193 1387 Videte
2235 1344 2487 1387 mortuum
2530 1334 2834 1400 terribilem,
2865 1336 2998 1389 vivos
3051 1337 3356 1406 victoresque
3404 1348 3599 1391 terren-

2009 1433 2125 1488 tem,
2157 1434 2210 1476 ut
2239 1442 2419 1493 pueros
2444 1434 2629 1477 terrent
2659 1425 2829 1478 larva}.
2860 1424 3053 1494 Papaz!
3089 1426 3125 1478 ii
3148 1427 3233 1496 qui
3270 1426 3595 1481 swcularibus

2011 1516 2334 1583 potestatibus
2368 1526 2516 1586 atque
2563 1517 2910 1571 ecclesiasticis
2955 1518 3133 1586 apibus
3186 1519 3424 1572 succincti
3473 1529 3591 1573 sunt

2015 1621 2129 1659 cum
2151 1616 2395 1676 potestate
2414 1617 2461 1660 et
2488 1623 2601 1659 cum
2631 1624 2797 1660 rerum
2818 1608 3028 1677 imperio
3050 1650 3064 1674 ,
3089 1609 3395 1661 sacerdotem
3413 1608 3602 1675 solum,

2012 1707 2262 1750 extorrem
2284 1739 2297 1763 ,
2319 1714 2528 1768 corpore
2557 1699 2849 1765 infirmum,
2878 1699 3099 1752 exsulem
3130 1700 3301 1753 timent
3336 1710 3382 1754 et
3413 1700 3603 1769 pallent

2012 1788 2301 1843 titubantes.
2334 1788 2389 1843 1d
2420 1805 2540 1844 cum
2576 1790 2651 1844 illi
2680 1789 2823 1844 ferre
2845 1805 2948 1843 non
2981 1790 3116 1844 ultra
3144 1801 3396 1861 possent,
3428 1792 3602 1861 impe-

2019 1893 2225 1938 trarunt
2252 1893 2308 1937 ut
2334 1884 2643 1937 Arabissum
2667 1882 3066 1947 transferretur,
3096 1883 3145 1937 id
3179 1893 3425 1937 curantes
3453 1883 3601 1937 vide-

2010 1974 2168 2039 licet,
2204 1984 2259 2027 ut
2285 1975 2332 2027 vi
2358 1974 2703 2027 vexationunt
2726 1973 2896 2027 virum
2927 1983 3033 2027 tam
3061 1973 3272 2027 intirmo
3299 1988 3523 2044 corpore
3550 1974 3602 2028 in

2015 2067 2287 2121 interitum
2314 2066 2661 2121 deducerent.
2685 2065 2816 2120 Cum
2837 2075 3013 2119 autem
3059 2082 3165 2119 non
3199 2065 3374 2119 minus
3424 2066 3604 2134 splen-

2011 2156 2163 2211 deret
2190 2158 2420 2222 virtute,
2452 2165 2507 2211 et
2556 2157 2698 2227 paria
2758 2166 3038 2226 prtestaret
3091 2156 3328 2210 Arabissi
3377 2158 3442 2210 iis
3487 2173 3604 2226 qua:

2011 2247 2201 2303 Cucusi
2228 2248 2337 2316 jam
2356 2246 2626 2312 ediderat,
2666 2262 2853 2300 rursus
2892 2246 2958 2300 ab
2988 2246 3105 2299 aula
3136 2247 3476 2316 ImperatOria
3521 2264 3605 2302 re—

2012 2340 2265 2407 scriptum
2316 2339 2494 2392 acrius
2535 2338 2914 2408 impetrarunt,
2945 2348 3000 2391 ut
3051 2337 3189 2391 intra
3232 2337 3602 2392 brevissimum

2016 2439 2223 2499 tempus
2292 2430 2615 2499 assignatum
2676 2429 2977 2500 Pityuntem
3050 2429 3352 2494 duceretur,
3425 2429 3602 2484 locum

2013 2520 2246 2591 regionis
2274 2520 2573 2575 Tzanorum
2634 2522 3085 2589 desertissinium,
3116 2522 3183 2576 ad
3233 2522 3358 2577 litus
3397 2522 3601 2578 Pontici

2011 2613 2175 2667 maris
2221 2614 2400 2667 situm.

2085 2703 2275 2759 Milites
2304 2713 2479 2757 autem
2513 2701 2751 2758 Prmfecti
2796 2703 3084 2768 Prmtorio,
3118 2705 3207 2774 qui
3250 2705 3392 2758 illum
3430 2704 3596 2761 duce-

2014 2796 2174 2861 bant,
2199 2797 2250 2849 in
2276 2797 2357 2849 via
2388 2796 2558 2866 ipsum
2589 2796 2820 2850 maxime
2842 2805 3086 2865 urgentes
3107 2837 3121 2861 ,
3150 2796 3396 2851 dicebant
3438 2797 3490 2851 id
3540 2813 3601 2853 se

2016 2886 2216 2941 habere
2237 2887 2288 2941 in
2324 2886 2621 2950 mandatis;
2652 2887 2720 2939 ita
2751 2894 2809 2940 ut
2831 2887 3236 2955 intelligeretur,
3277 2888 3320 2941 si
3353 2897 3456 2941 tam
3486 2889 3603 2943 dire

2009 2990 2232 3037 vexatus
2250 2982 2299 3034 in
2323 2983 2403 3033 via
2422 2988 2718 3034 moreretur
2734 2979 2986 3042 Joannes,
3007 2980 3125 3033 illos
3146 2980 3209 3033 ad
3230 2981 3459 3049 majores
3477 2997 3602 3050 gra-

2011 3072 2111 3127 dus
2131 3071 2434 3127 evehendos
2463 3086 2601 3126 esse.
2636 3071 2783 3127 Unus
2812 3080 2985 3124 tamen
3012 3087 3075 3125 ex
3108 3071 3228 3133 illis,
3258 3072 3324 3126 de
3347 3074 3594 3141 praisenti

2012 3165 2196 3219 militia
2236 3164 2412 3219 minus
2455 3164 2747 3231 sollicitus,
2784 3164 3017 3234 aliquam
3046 3164 3120 3217 illi
3153 3165 3333 3218 furtim
3373 3165 3597 3220 exhibe-

2010 3255 2102 3310 bat
2147 3256 2549 3310 humanitatem.
2577 3256 2724 3309 Alter
2752 3265 2926 3309 autetn
2966 3270 3130 3325 usque
3169 3255 3302 3310 adeo
3342 3255 3491 3312 ferox
3542 3268 3597 3311 et

2010 3364 2169 3417 asper
2188 3356 2321 3413 erat,
2347 3357 2402 3402 ut
2423 3347 2724 3415 blanditias,
2757 3348 2906 3417 queis
2932 3362 2990 3402 se
3016 3357 3354 3403 occurrentes
3383 3348 3597 3418 quidam

2013 3439 2368 3508 precabantur
2397 3448 2454 3493 ut
2479 3448 2664 3494 sancto
2694 3447 2973 3509 parceret,
3002 3455 3098 3510 pro
3130 3441 3336 3509 injuriis
3375 3441 3597 3496 haberet

2011 3530 2139 3586 illud
2168 3547 2327 3586 unum
2351 3540 2595 3600 satagens
2615 3542 2668 3585 ιιι
2697 3532 2830 3586 mala
2857 3542 3027 3585 morte
3053 3532 3308 3589 Joannem
3358 3549 3576 3591 necaret

2014 3626 2145 3680 Cum
2179 3626 2348 3695 pluvia
2380 3625 2667 3679 vehemens
2687 3627 2958 3680 decideret
2980 3668 2995 3691 ,
3028 3629 3077 3679 id
3103 3628 3230 3680 nihil
3263 3643 3455 3682 curans
3476 3644 3600 3697 pro-

2012 3716 2485 3780 liciscebatnrillc;
2516 3716 2585 3769 ita
2615 3726 2669 3769 ut
2697 3716 2745 3769 in
2769 3716 2928 3771 dorso
2949 3726 3003 3771 ct
3024 3716 3073 3770 in
3104 3727 3318 3785 pectore
3344 3736 3597 3789 aquarum

2010 3809 2106 3862 rivi
2133 3809 2499 3863 decurrerent.
2542 3809 2809 3878 Ingentem
2865 3826 3045 3863 rursus
3092 3811 3219 3864 solis
3263 3821 3447 3866 testum
3503 3830 3599 3883 pro

2009 3897 2215 3952 deliciis
2236 3897 2492 3964 habebat,
2522 3913 2642 3952 cum
2666 3907 2845 3952 nosset
2865 3898 2922 3951 Β.
2954 3899 3172 3953 Joannis
3198 3910 3355 3968 caput
3373 3944 3390 3969 ,
3417 3902 3596 3959 Elisa-i

2011 3991 2177 4044 instar
2201 3991 2441 4058 calvum,
2471 3982 2935 4045 mstuvexariﬂln
2992 3992 3119 4045 urbe
3169 4001 3259 4045 aut
3310 3995 3457 4058 vico,
3503 3997 3594 4051 ubi

2010 4082 2321 4136 balneorum
2349 4082 2596 4135 solatium
2619 4092 2793 4145 esset,
2823 4099 2889 4137 ne
2912 4094 3183 4138 momento
3213 4085 3427 4154 quidem
3471 4104 3597 4157 per-

2014 4173 2259 4227 mittebat
2284 4174 2461 4226 infelix
2485 4174 2570 4227 ille
2593 4172 2853 4227 Joannem
2882 4173 3098 4227 morari.

2084 4265 2140 4320 ln
2170 4266 2254 4319 his
2278 4266 2558 4332 omnibus,
2593 4267 2761 4335 inquit
2798 4265 3063 4331 Palladius
3096 4265 3184 4335 (id
3205 4276 3318 4330 est,
3343 4267 3394 4320 ni
3424 4266 3596 4331 fallor,

2012 4360 2064 4414 in
2094 4359 2280 4413 itinere
2304 4358 2610 4413 Arabissum
2634 4400 2647 4420 ,
2674 4358 2758 4411 ubi
2788 4373 2882 4426 per
2905 4357 3115 4426 aliquod
3146 4367 3353 4427 tempus
3381 4360 3597 4427 mansit,

2012 4463 2065 4509 et
2093 4452 2145 4505 in
2168 4452 2357 4505 itinere
2381 4451 2634 4505 Arabisso
2657 4448 2998 4520 Pityuntem)
3029 4464 3121 4518 per
3149 4460 3257 4504 tres
3286 4466 3496 4506 menses
3517 4452 3599 4506 vir

2012 4552 2257 4605 sanctus,
2289 4541 2655 4595 difﬁcillimum
2707 4541 2835 4594 illud
2882 4542 2983 4595 iter
3024 4543 3406 4610 agens,velnti
3451 4544 3599 4601 sidus

2012 4647 2300 4687 coruscans
2351 4632 2651 4701 perstabat.
2687 4631 2854 4701 inquit
2886 4632 3185 4691 Palladius.
3234 4632 3436 4688 habens
3480 4651 3600 4691 cor-

2014 4722 2290 4794 pusculum
2319 4732 2374 4776 ut
2397 4738 2607 4791 pomum
2638 4722 2687 4775 in
2711 4723 2971 4790 supremis
2993 4723 3154 4776 ramis
3183 4738 3211 4777 a
3240 4724 3353 4778 sole
3379 4727 3596 4781 rubens.

2014 4816 2144 4869 Cum
2165 4823 2342 4868 autem
2371 4812 2619 4867 Comanis
2648 4814 3198 4882 appropinquassent,
3233 4816 3424 4884 raptim
3455 4832 3598 4887 prtu-

2015 4907 2295 4975 tergressi,
2326 4916 2473 4959 extra
2502 4919 2681 4958 muros
2710 4904 2759 4957 in
2791 4906 3045 4975 martyrio
3093 4906 3325 4975 quinque
3372 4916 3462 4960 aut
3506 4922 3598 4963 sex

2015 5000 2246 5054 millibus
2264 4999 2491 5052 distante
2520 5007 2848 5051 manserunt.
2869 4998 3066 5051 Eadem
3096 4998 3207 5068 ipsa
3239 5009 3393 5053 nocte
3432 5016 3601 5070 appa-

2016 5095 2121 5145 ruit
2146 5091 2334 5146 Joanni
2380 5090 2479 5144 loci
2512 5091 2652 5143 illius
2681 5099 2881 5160 martyr
2914 5090 3127 5143 nomine
3158 5090 3475 5156 Basiliscus,
3509 5092 3598 5161 qui

2014 5182 2298 5249 episcopus
2317 5179 2670 5234 Comanonnn
2700 5196 2819 5234 cum
2847 5191 3020 5245 esset,
3053 5182 3361 5250 martyrium
3413 5197 3602 5252 passus

2016 5283 2097 5327 est
2124 5271 2445 5326 Nicomedia:
2476 5272 2525 5325 in
2554 5272 2800 5342 Bithynia
2838 5271 2937 5324 sub
2976 5271 3294 5336 Maximino,
3327 5289 3431 5327 una
3475 5289 3597 5327 cum

2016 5364 2279 5425 Luciano,
2316 5364 2623 5433 presbytero
2649 5362 3009 5427 Antiocheno;
3041 5363 3280 5431 dixitque
3328 5363 3431 5426 illi,
3464 5362 3589 5416 Con-

2014 5458 2146 5526 ﬁde,
2179 5459 2334 5525 frater
2361 5454 2623 5521 Joannes;
2650 5456 2872 5508 crastina
2899 5454 3031 5506 enim
3079 5454 3160 5507 die
3210 5454 3592 5513 simulerimus.

2012 5548 2541 5613 Narrabantautem,
2570 5546 2777 5600 cuidam
2816 5547 2973 5601 etiam
3028 5547 3340 5617 presbytero
3394 5548 3590 5601 ibidem

2014 5640 2247 5693 manenti
2277 5638 2583 5707 pI'LlEleiSSC
2605 5656 2616 5691 :
2642 5638 2773 5693 Para
2801 5638 2972 5694 locum
3017 5638 3162 5692 fratri
3200 5637 3417 5700 Joanni;
3450 5641 3594 5696 venit

2014 5731 2175 5787 enim.

2082 5822 2168 5877 Jo.
2197 5821 2577 5893 Cltrysostomus
2604 5821 2838 5878 Cumanis
2869 5825 2917 5879 in
2947 5823 3105 5879 Ponto
3129 5825 3351 5878 moritur.
3382 5819 3589 5876 —0ra-
