4096 6392
450 389 556 446 263

450 503 575 561 culo
599 497 768 555 fidens
783 496 1037 561 Joannes,
1059 492 1298 564 sequenti
1327 489 1414 547 die
1442 490 1637 546 milites
1661 498 1903 559 precatus
1926 495 2028 549 est,

453 604 513 650 ut
530 591 603 646 ad
639 591 825 647 heram
854 588 1091 657 quintam
1121 598 1288 654 usque
1315 582 1388 638 ibi
1409 577 2030 652 permanerenuSozom.

456 685 494 737 ι.
517 684 572 738 8.
616 697 664 734 c.
693 680 806 750 28).
837 677 916 732 Illi
967 691 1096 731 vero
1145 673 1277 729 nihil
1304 681 1554 727 curantes
1603 668 1823 739 profecti
1874 675 2032 731 sunt,

454 784 614 844 atque
642 771 710 827 ad
754 772 965 840 triginta
991 768 1208 824 circiter
1236 765 1403 821 stadia
1433 772 1744 834 pergentes,
1776 760 1840 814 ad
1887 774 2035 814 mar-

457 865 653 935 tyrium
699 864 838 919 unde
885 862 1243 918 discesserant
1289 858 1464 914 redire
1498 856 1668 913 coacti
1697 864 1853 918 sunt,
1894 850 2035 922 quod

459 955 552 1011 ille
586 963 896 1025 aegrotaret-
928 951 1113 1022 capitis
1152 950 1296 1006 enim
1340 949 1526 1004 dolore
1570 944 1863 1011 laborabat,
1894 941 2038 1012 quod

458 1045 589 1099 solis
624 1044 803 1100 radios
845 1042 986 1098 ferre
1031 1056 1135 1096 non
1186 1048 1384 1111 posset.
1434 1039 1522 1095 Sic
1566 1037 1727 1108 igitur
1752 1048 2037 1099 reversus,

462 1133 770 1205 splendidas
800 1143 980 1189 vestes
996 1175 1012 1200 ,
1035 1132 1140 1187 vita
1165 1147 1259 1187 sua
1284 1131 1470 1202 dignas
1493 1173 1509 1197 ,
1539 1129 1792 1199 requirit,
1820 1138 2038 1184 exutus-

460 1243 566 1298 que
594 1225 880 1296 prioribus,
906 1224 1025 1279 illas
1066 1224 1256 1289 induit,
1291 1222 1539 1277 omnibus
1575 1221 1642 1275 ad
1680 1220 2037 1274 ealceamcnta

462 1334 632 1389 usque
656 1319 900 1381 mutatis,
929 1325 1089 1386 atque
1118 1316 1249 1370 alias
1280 1313 1630 1385 prccsentibus
1656 1313 1941 1367 distribuit.
1972 1311 2041 1366 Et

465 1408 697 1478 sumptis
724 1407 1011 1462 Dominicis
1036 1405 1322 1478 symbolis,
1352 1420 1531 1459 coram
1556 1403 1885 1458 adstantibus
1912 1402 2041 1456 ulti-

464 1514 605 1554 mam
621 1497 916 1552 orationem
938 1496 1145 1551 emisit:
1167 1505 1223 1551 et
1246 1510 1366 1550 eum
1398 1511 1491 1564 pro
1511 1508 1592 1549 mc
1603 1509 1660 1548 re
1683 1508 1780 1548 suo
1799 1492 2039 1556 dixisset,

465 1587 642 1643 Gloria
670 1586 779 1642 Deo
805 1595 1010 1658 propter
1036 1587 1205 1640 omnia
1227 1625 1242 1650 ,
1267 1592 1323 1640 et
1366 1585 1608 1639 ultimum
1627 1625 1644 1651 ,
1687 1583 1865 1647 Amen,
1892 1584 2040 1637 obsi-

467 1687 685 1748 gnasset
701 1719 717 1746 ,
749 1678 1021 1749 appositus
1042 1686 1126 1732 est
1145 1676 1212 1731 ad
1243 1685 1418 1746 patres
1433 1690 1559 1731 suos
1585 1683 1640 1731 et
1679 1674 1746 1729 ad
1771 1674 2040 1729 Christum

469 1769 695 1825 transiit.
1494 1811 1501 1819 ,

538 1859 595 1913 Μ
600 1860 677 1913 ira
700 1859 751 1913 in
774 1859 883 1930 ejus
911 1857 1153 1928 exsequiis
1198 1857 1557 1911 monac/torum
1584 1865 1630 1910 et
1651 1856 1899 1927 virginum
1941 1856 2041 1924 fre—

466 1953 688 2024 quentia.
727 1981 799 1991 —
833 1951 973 2007 Obiit
1001 1960 1178 2006 autem
1203 1952 1270 2006 M
1296 1949 1620 2020 Septembris
1638 1991 1654 2015 ,
1684 1949 1917 2003 Honorio
1961 1965 2047 2002 se-

471 2043 696 2115 ptimum
724 2053 779 2099 et
805 2042 1108 2098 Theodosio
1138 2043 1328 2097 iterum
1343 2042 1667 2097 consulibus.
1685 2040 1852 2095 Tanta
1871 2052 2044 2095 autem

470 2135 525 2190 in
549 2135 820 2203 sepultura
846 2133 962 2204 ejus
993 2132 1274 2188 multitudo
1304 2132 1563 2203 virginum
1584 2173 1599 2199 ,
1625 2131 2043 2196 monachorum,

471 2233 529 2278 et
574 2223 798 2278 aliorum
845 2225 1124 2278 sanctitate
1169 2223 1480 2293 fulgentium
1537 2223 1704 2278 adfuit
1759 2238 1790 2279 e
1853 2222 2044 2295 Syria,

444 2311 656 2368 'Cilicia
676 2354 694 2380 ,
717 2313 885 2367 Ponto
911 2322 1069 2382 atque
1095 2314 1341 2368 Armenia
1363 2355 1379 2379 ,
1412 2323 1471 2369 ut
1517 2314 1754 2385 plerique
1801 2324 2051 2384 putarent

1531 364 1979 426 COMPEIiDlUM
2014 359 2591 425 CHRONOLOGICUII

3605 362 3714 419 εει

2137 480 2285 552 quasi
2315 480 2441 536 dato
2467 480 2619 549 signo
2639 492 2731 533 eos
2749 476 3026 533 advenisse
3046 477 3219 546 (Socr.
3247 478 3283 532 ι.
3307 476 3362 533 6.
3392 494 3438 531 ε.
3458 476 3551 531 2|.
3586 476 3713 531 Pal.

2139 574 2245 628 (ad.
2269 571 2524 643 Dialog.).
2549 572 2679 626 Cum
2707 569 3013 626 celebritate
3028 580 3229 634 autem,
3258 577 3316 622 ut
3336 571 3500 624 victor
3536 568 3716 623 athle—

2140 674 2225 731 ta,
2255 680 2362 719 una
2410 679 2532 718 cum
2578 663 2829 717 Basilisco
2856 662 2909 717 in
2952 661 3140 717 eodem
3165 661 3420 731 martyrio
3471 661 3717 731 sepultus

2139 765 2241 811 est.
2260 754 2563 809 Adversarii
2585 761 2761 808 autem
2790 752 2936 823 ejus,
2965 752 3055 823 qui
3076 752 3223 806 illum
3260 760 3365 805 tam
3394 751 3509 807 dire
3544 766 3717 806 vexa-

2145 854 2374 911 verant,
2397 845 2558 899 variis
2586 843 2757 899 modis
2787 844 3037 898 ultionem
3065 842 3297 896 divinam
3330 851 3456 897 sunt
3482 842 3710 913 experti,

2144 947 2203 994 ut
2231 938 2473 1008 pluribus
2502 946 2680 992 narrat
2699 935 2969 991 Palladius
2992 934 3272 1006 (Dialog.).
3302 934 3560 991 Arcadius
3590 950 3721 990 vero

2155 1031 2404 1102 princeps
2452 1031 2629 1095 iners,
2651 1030 2739 1100 qui
2798 1027 2952 1083 facile
3001 1029 3177 1098 pravis
3222 1027 3526 1098 dolosisque
3583 1042 3719 1083 con-

2144 1125 2277 1184 siliis
2304 1122 2675 1180 circumveniri
2707 1129 2951 1194 poterat,
2981 1128 3103 1190 post
3127 1120 3337 1189 elapsos
3363 1128 3567 1190 septem
3595 1133 3719 1173 cum

2143 1217 2366 1276 dimidio
2385 1231 2602 1275 menses
2641 1215 2709 1270 ab
2747 1214 2894 1270 obitu
2921 1213 3291 1285 Chrysostomi
3318 1220 3557 1266 mortuus
3600 1218 3719 1275 est;

2144 1310 2357 1379 quidam
2383 1321 2514 1364 vero
2560 1305 2632 1362 ob
2657 1305 2830 1360 illatas
2867 1302 3250 1374 Cbrysostomo
3287 1300 3612 1356 calamitates
3655 1313 3723 1354 ex

2148 1405 2240 1459 Dei
2290 1402 2523 1458 vindicta
2570 1395 3049 1473 quadragenarium
3084 1393 3348 1449 sublatum
3374 1391 3540 1447 fuisse
3568 1398 3724 1460 puta-

2146 1505 2289 1552 runt.

2216 1587 2412 1657 Corpus
2438 1587 2550 1656 ejus
2573 1582 3046 1653 Constantinopolin
3088 1576 3330 1636 relatum.
3365 1602 3440 1615 --
3473 1572 3726 1629 Memoria

2146 1679 2203 1736 8.
2235 1679 2454 1735 Joannis
2491 1675 2856 1748 Cbrysostomi
2883 1675 3041 1747 paulo
3068 1684 3186 1745 post
3236 1673 3440 1729 obitum
3485 1665 3599 1742 ejus
3631 1680 3731 1734 per

2150 1780 2320 1827 totum
2363 1770 2550 1825 orbem
2600 1769 2844 1823 restituta
2894 1764 3343 1836 fuit(Thcodoret.
3376 1765 3415 1819 ι.
3445 1764 3500 1819 5.
3531 1779 3579 1815 c.
3608 1755 3729 1833 56).

2147 1866 2356 1934 Corpus
2381 1872 2556 1917 autem
2592 1861 2708 1930 ejus
2733 1857 3226 1925 Constantinopolin
3251 1871 3372 1911 cum
3415 1854 3614 1925 ingenti
3637 1870 3722 1908 ce-

2150 1957 2394 2011 lebritate
2437 1955 2660 2008 relatum
2722 1951 2819 2005 fuit
2861 1965 3001 2004 anno
3052 1949 3179 2003 458.
3224 1946 3556 2002 Theodosius
3598 1960 3729 1999 vero

2146 2048 2327 2119 junior
2354 2046 2664 2114 Imperator,
2695 2042 2868 2113 inquit
2883 2040 3250 2096 Theodoretus
3270 2080 3287 2106 ,
3312 2038 3498 2093 oculos
3513 2048 3564 2092 et
3587 2035 3730 2091 fron-

2153 2148 2259 2193 tem
2288 2135 2464 2191 loculo
2488 2133 2777 2189 admovens
2798 2174 2814 2198 ,
2836 2147 2934 2203 pro
2960 2130 3268 2201 parentibus
3310 2128 3422 2182 suis
3463 2126 3729 2196 supplica-

2154 2228 2267 2295 vit,
2298 2237 2482 2297 petens
2503 2225 2643 2279 utiis
2662 2266 2677 2291 ,
2708 2224 2799 2295 qui
2826 2238 2922 2295 per
2946 2220 3357 2292 imprudentiam
3386 2224 3731 2290 peccassent,

2155 2318 2363 2372 veniam
2385 2314 2724 2370 concederet.

2494 2403 2805 2413 —.———-

486 2395 3757 2461 Ἠ

1269 2502 1671 2565 STILTINGI
1713 2499 2231 2564 COMPENDIUM
2271 2498 2961 2563 CHRONOLOGICUM

475 2637 1129 2723 GESTORUM
1174 2638 1323 2719 ET
1372 2635 2138 2720 SCRIPTORUM
2190 2634 2280 2718 S.
2332 2634 2812 2721 JOANNIS
2884 2636 3753 2728 CHRYSOSTOMI,

1151 2791 1537 2836 EXCERPTUM
1579 2792 1665 2835 EX
1706 2791 1885 2835 ACTIS
1929 2786 2308 2834 SANCTORUM
2350 2790 2577 2836 MENSIS
2620 2793 2797 2837 SEPT.
2841 2795 2904 2837 Τ.
2949 2794 3038 2840 ιν.

510 2897 873 2970 Compendium
896 2895 1306 2970 cltronologirum
1332 2905 1586 2968 gestorum
1620 2906 1669 2950 et
1707 2895 2034 2967 scriptorum,

1019 2978 1137 3019 ante
1161 2967 1502 3020 diaconatum.

546 3040 700 3096 Circa
725 3053 920 3093 annum
947 3037 1053 3093 5N
1085 3045 1241 3093 natus
1268 3049 1353 3093 est
1380 3039 1439 3093 8.
1469 3037 1706 3093 Joannes
1743 3037 2068 3110 Cln'ysosto-

479 3126 621 3167 mus.

550 3180 709 3235 Circa
756 3194 955 3233 annum
1001 3178 1127 3244 569,
1184 3178 1441 3233 absolutis
1491 3178 1809 3248 eloquentire
1858 3177 2067 3244 studiis,

479 3266 661 3309 sacras
704 3251 891 3305 literas
936 3249 1145 3305 discere
1193 3250 1394 3318 incipit,
1436 3261 1735 3317 exponente
1782 3252 1837 3306 8.
1863 3249 2073 3304 Meletio

486 3324 760 3392 episcopo,
791 3321 879 3392 qui
909 3320 1169 3392 Joannem
1199 3321 1432 3390 baptizat
1457 3321 1548 3376 illo
1578 3331 1836 3391 tempore.
1859 3320 1955 3376 Hic
1980 3321 2074 3376 de-

489 3392 616 3448 mde
648 3391 823 3446 lector
844 3391 1141 3444 ordinatus.

563 3463 717 3518 Circa
746 3462 951 3516 initium
979 3463 1102 3515 anni
1135 3461 1257 3526 372,
1290 3463 1525 3531 relegan
1562 3462 1620 3517 S.
1643 3461 2075 3534 Meletio,»Cltry-

488 3542 759 3589 sostomus
789 3534 1069 3601 magistros
1094 3534 1283 3601 accipit
1320 3534 1618 3588 Carterium
1666 3545 1720 3587 et
1763 3532 2071 3598 Diodorum,

486 3606 553 3656 ad
572 3618 812 3674 quorum
841 3603 1175 3671 disciplinam
1222 3604 1417 3658 deinde
1472 3604 1735 3674 pertrahit
1787 3603 2074 3658 Maximum

486 3683 541 3728 et
568 3673 931 3727 Theodorum.

560 3743 713 3799 Circa
737 3758 934 3797 annum
964 3744 1068 3799 575
1091 3743 1275 3798 scribit
1304 3744 1411 3798 duo
1441 3747 1606 3813 prima
1637 3746 1924 3813 Opuscnla,
1978 3759 2074 3801 seu

493 3815 775 3885 epistulam
804 3816 1071 3883 geminant
1095 3815 1161 3868 ad
1185 3815 1523 3869 Theodorum
1553 3817 1772 3884 lapsum.
1801 3817 1863 3870 T.
1891 3815 1929 3868 Ι.

563 3883 717 3939 Circa
746 3899 945 3939 annum
974 3886 1112 3958 574-
1135 3886 1361 3958 Sanetus
1398 3883 1651 3955 quaeritur
1691 3887 1759 3941 ad
1801 3886 2077 3958 episcopa-

494 3964 605 4009 tum
632 3971 646 4016 ;
675 3965 729 4009 at
756 3970 815 4009 se
836 3955 1152 4010 occultando
1181 3956 1375 4010 evadit.

562 4026 676 4079 Sub
702 4027 859 4079 finem
884 4027 1008 4080 anni
1040 4027 1163 4099 57b,
1189 4036 1281 4099 aut
1306 4026 1515 4099 initium
1558 4028 1683 4081 anni
1708 4028 1833 4095 575,
1869 4029 2076 4099 ample-

488 4098 648 4152 ctitnr
686 4102 846 4150 vitam
874 4098 1219 4151 monasticam
1242 4096 1294 4151 in
1325 4097 1628 4151 solitudine.

488 4237 535 4295 Τ
561 4165 714 4290 (‘iirca
741 4182 939 4222 annum
965 4167 1069 4223 375
1092 4168 1273 4237 scripti
1320 4183 1414 4222 sex
1457 4169 1579 4223 libri
1628 4168 1697 4225 de
1745 4168 2074 4225 Sacerdotio.

564 4309 721 4362 Anno
764 4307 872 4383 376
905 4307 1220 4383 scriptitres
1250 4308 1371 4364 libri
1394 4308 1651 4366 adversus
1675 4310 2079 4383 Oppugnatores

490 4380 616 4433 vitm
649 4379 976 4433 monasticzn.
1004 4379 1069 4433 T.
1103 4378 1143 4432 l.

568 4449 729 4503 Forte
758 4465 866 4504 non
891 4450 980 4504 diu
1008 4461 1150 4518 post,
1182 4466 1244 4505 ac
1271 4450 1633 4506 verisimilitcr
1661 4451 1711 4504 in
1770 4452 2077 4520 solitudine,

495 4522 695 4592 scripta
724 4520 1064 4592 Comparatio
1094 4522 1233 4586 regis
1261 4531 1317 4576 et
1343 4523 1612 4577 monachi.
1642 4522 1706 4592 Τ.
1740 4522 1788 4578 Ι.

574 4591 703 4645 item
736 4591 788 4644 in
811 4591 1101 4645 salitudine
1126 4592 1358 4660 scriptus
1407 4594 1541 4647 liber
1564 4595 1630 4647 de
1658 4591 2081 4662 Compunctione

493 4661 917 4733 ailDemetrium
944 4678 957 4727 ;
986 4671 1126 4733 ipost
1166 4666 1306 4717 hunc
1351 4678 1482 4719 vero
1526 4664 1663 4718 alter
1704 4665 1773 4721 de
1799 4661 2082 4733 Compuu-

502 4731 682 4787 ctione
711 4731 777 4787 ad
804 4732 1149 4787 Stclecltiunt.
1178 4733 1240 4787 T.
1272 4733 1313 4788 Ι.

573 4806 730 4875 Anno
771 4802 927 4875 577,_
955 4813 1046 4875 aut
1091 4804 1216 4865 578.
1253 4805 1599 4874 probabiliter
1642 4806 1824 4875 scripti
1870 4815 1977 4862 tres
2014 4806 2082 4861 ad

496 4872 878 4929 consolandum
902 4873 1186 4946 Stagirinm
1212 4872 1649 4946 euergumcnum.
1679 4872 1808 4932 T.'l.

1097 4944 1164 4998 In
1188 4944 1477 5000 diaconum.

573 5013 866 5085 Sub‘fincm
910 5016 1034 5068 anni
1074 5016 1199 5081 580,
1232 5027 1325 5071 aut
1367 5017 1572 5071 initium
1602 5017 1727 5071 anni
1767 5019 1901 5085 58!,
1946 5019 2082 5074 San-

495 5093 632 5156 ctus,
657 5083 728 5138 ob
758 5085 999 5156 morbum
1023 5101 1091 5141 ex
1116 5102 1299 5144 eremo
1323 5088 1660 5144 Antiochiam
1695 5083 1963 5156 reversus,
1990 5108 2083 5145 or-

500 5154 717 5208 dinatur
739 5155 1014 5211 diaconus.

573 5227 867 5298 Annov581
901 5228 1136 5298 scriptus
1160 5228 1298 5282 liber
1323 5229 1388 5282 ad
1429 5228 1653 5285 Viduam
1695 5229 1985 5298 juniorcm,
2017 5247 2083 5287 ac

539 5295 939 5370 robabilitcrgad
970 5295 1211 5351 eannlem
1244 5315 1351 5353 non
1371 5300 1460 5354 ditt
1490 5310 1612 5368 post
1636 5295 1863 5370 scriptus
1883 5295 1980 5357 esti
2011 5304 2079 5357 li-

517 5381 593 5439 ter
620 5365 822 5439 denon
855 5368 1096 5421 iterando
1117 5369 1396 5439 Conjugio.
1425 5365 1503 5425 Τί
1522 5371 1561 5424 l.

529 5506 540 5518 _
565 5434 626 5558 lt:
654 5435 934 5562 ιέἰειοὲυἳιυ
961 5434 1313 5509 probabiliter
1329 5452 1575 5498 exaratos
1594 5451 1680 5498 est
1720 5442 1853 5499 liber
1876 5443 1945 5498 de
1973 5441 2086 5498 Vir-

530 5522 599 5559 nn
627 5522 655 5559 a
682 5522 732 5561 e.
814 5548 827 5562 .
882 5548 896 5561 .

491 5520 732 5575 gmitate.
763 5520 827 5562 'I‘.
855 5520 896 5562 ι.

566 5574 942 5657 Circa-annum
974 5579 1080 5635 582
1108 5583 1434 5657 compositlts
1454 5583 1591 5657 iiber
1628 5584 1681 5639 in
1709 5584 1767 5640 S.
1798 5583 2081 5657 Babylam,

460 5680 464 5685 -
493 5657 681 5721 cutura
714 5648 983 5704 Julianmn
1014 5661 1068 5706 et
1088 5654 1331 5721 gentiles.
1355 5653 1418 5709 T.
1452 5654 1515 5709 ll.

525 5716 592 5798 _In
632 5716 1316 5798 diaconattrverisimiliter
1342 5727 1542 5798 scripta
1586 5726 1844 5797 Synopsis
1885 5727 1937 5781 in
1972 5743 2082 5798 rva-

496 5792 604 5867 rios
631 5803 799 5867 saera:
823 5792 1110 5861 Scriptura:
1146 5795 1348 5867 libros;
1402 5792 1496 5852 sed
1542 5792 1673 5858 tota.
1722 5792 1880 5867 quam
1917 5797 2086 5855 edidit

497 5860 1065 5936 Montfauconus,non
1092 5873 1176 5921 est
1201 5864 1588 5938 Cltryscstomi.
1623 5869 1685 5924 Τ.
1718 5860 1805 5924 Vl.

2531 2918 2598 2974 In
2626 2920 2998 2992 presbyteratus
3038 2937 3172 2976 anno
3193 2921 3379 2992 primo.

2248 3031 2402 3106 Circa
2449 3033 2657 3088 initium
2702 3035 2828 3089 anni
2880 3035 2986 3091 586
3031 3035 3446 3106 Chrysostomus
3481 3034 3759 3089 ordinatur

2178 3105 2478 3228 Rresbyter,
2507 3121 2804 3170 munusque
2845 3105 3195 3162 concionandi
3241 3105 3479 3171 ordiens,
3531 3106 3754 3175 primam

2219 3175 2339 3228 abet
2367 3175 2665 3228 llomiliam.
2690 3176 2754 3228 T.
2788 3175 2827 3228 Ι.

2219 3175 2665 3230 ειΙωιΙΙοιιιίΙὶιιιη.
2690 3176 2754 3232 Τ.
2788 3175 2827 3229 Ι.

2252 3245 2381 3300 Post
2407 3246 2560 3310 hanc,
2594 3263 2779 3302 mense
2796 3248 3051 3304 Januario
3074 3259 3168 3303 aut
3209 3248 3503 3304 Februario
3528 3289 3543 3313 ,
3599 3245 3760 3299 habet

2181 3315 2464 3372 Homiliam
2490 3318 2557 3372 de
2586 3318 2735 3384 Ozia,
2765 3334 2882 3374 eam
2913 3320 3187 3380 nimirum.
3236 3336 3357 3384 qua:
3384 3320 3452 3372 de
3494 3334 3561 3373 eo
3603 3331 3762 3384 argu-

2181 3336 2464 3372 nommam
2490 3336 2557 3372 uc
2586 3336 2735 3384 uzna,
2765 3336 2882 3374 eam
2913 3336 3187 3380 nimirum.
3277 3336 3357 3374 na:
3384 3336 3452 3372 ac
3494 3336 3561 3373 eo
3603 3336 3762 3384 argu-

2180 3398 2362 3441 mcnto
2410 3390 2642 3443 secunda
2689 3400 2773 3446 est
2825 3392 3099 3459 impressa.
3133 3391 3198 3445 T.
3232 3336 3319 3443 3|.
3373 3389 3581 3445 Secuta:
3632 3397 3764 3445 sunt

2179 3467 2304 3530 ante
2342 3460 2813 3530 Qnailragesimam
2847 3471 2953 3515 tres
2975 3462 3092 3515 alia:
3116 3461 3183 3515 de
3208 3460 3334 3516 Ozia
3379 3470 3470 3515 aut
3509 3462 3577 3515 de
3602 3461 3763 3516 Scra-

2182 3528 2379 3600 phinis,
2405 3528 2649 3585 videlicet
2678 3535 2854 3598 tertia,
2883 3534 3067 3600 quinta
3090 3542 3145 3587 et
3171 3542 3340 3585 sexta.

2256 3599 2314 3653 In
2347 3602 2608 3674 principio
2632 3599 3059 3674 Quadragesima:
3085 3602 3320 3658 inchoati
3340 3612 3467 3658 sunt
3489 3612 3612 3658 octo
3635 3606 3763 3663 Ser-

2181 3686 2370 3725 mones
2395 3674 2451 3726 in
2482 3672 2754 3727 Genesim.
2783 3672 2962 3728 T.'lV.

2255 3741 2320 3815 In
2341 3742 2526 3815 eadem
2554 3743 2986 3815 Quadragesima,
3012 3753 3400 3815 consequenter
3416 3759 3597 3799 mense
3623 3747 3763 3802 Mar.

2184 3812 2275 3888 tio,
2307 3813 2501 3888 habita:
2539 3812 2787 3888 videntur
2811 3817 2931 3888 alia:
2957 3812 3204 3885 quinque
3218 3815 3474 3888 _Homili:n
3497 3857 3514 3888 ,
3572 3833 3764 3888 nempe

2184 3884 2304 3937 dua:
2334 3884 2401 3938 de
2429 3885 2814 3953 Prophetarum
2841 3884 3185 3941 obscuritate.
3217 3886 3283 3940 Τ.
3330 3887 3369 3940 l.
3398 3886 3550 3940 tertia
3577 3884 3765 3953 contra

2184 3953 2504 4026 Manichams
2523 3948 2786 4021 dicentes,
2822 3957 3100 4011 Dmmones
3138 3959 3440 4026 gubernare
3484 3948 3763 4014 mundum.

2184 4024 2336 4099 :l‘.ll.
2362 4038 2544 4093 quarta
2573 4039 2757 4099 contra
2781 4029 3063 4099 ignaviam.
3090 4024 3229 4081 Ibid.
3257 4036 3311 4083 et
3338 4027 3518 4098 quinta
3539 4030 3608 4084 de
3632 4031 3763 4085 Dia-

2184 4094 2309 4149 bolo
2327 4107 2608 4152 tentatore.
2635 4098 2771 4152 Ibid.

2256 4167 2458 4222 Eodem
2484 4185 2645 4229 anno.
2673 4169 3031 4225 verisiiniliter
3056 4184 3239 4223 mense
3259 4168 3416 4238 Majo,
3450 4168 3627 4226 habita
3653 4170 3765 4226 llo-

2185 4238 2328 4292 milia
2354 4239 2407 4292 in
2432 4239 2487 4294 S.
2516 4239 2807 4294 Mclctinm.
2840 4240 2902 4294 Τ.
2940 4240 3003 4294 Il.

2260 4309 2459 4364 Eodem
2483 4312 2844 4365 verisimiliter
2868 4327 3011 4364 anno
3030 4310 3306 4381 a‘grotavit
3324 4310 3759 4381 Chrysostomus,

2185 4378 2771 4450 habuitquellomiliant
2814 4383 2864 4435 in
2920 4383 3047 4437 illud
3082 4378 3382 4452 'Apostoli:
3436 4378 3550 4435 Hoc
3596 4395 3766 4437 autent

2184 4452 2386 4513 scitote,
2419 4462 2523 4505 etc.
2555 4452 2618 4506 T.
2647 4451 2732 4506 Vl.

2256 4522 2437 4577 Mense
2466 4524 2703 4586 Augusto
2743 4523 2920 4578 habita
2965 4531 3050 4578 est
3091 4521 3318 4577 llomilia
3360 4523 3529 4589 prima
3576 4533 3765 4578 contra

2186 4593 2496 4646 Anotnwos.
2552 4594 2615 4647 Τ.
2676 4596 2715 4647 Ι.
2795 4595 2922 4648 Post
2985 4596 3120 4647 hanc
3168 4593 3267 4646 sub
3329 4593 3490 4647 finem
3542 4595 3766 4661 Augusti

2185 4675 2276 4717 ant
2299 4664 2502 4718 initiunt
2532 4663 2881 4729 Septembris,
2910 4665 3135 4719 Sanctus
3160 4664 3339 4717 dicere
3392 4664 3554 4733 Ctltpil.
3578 4675 3763 4720 contra

2186 4733 2422 4797 Jndtcos,
2457 4734 2744 4804 habuitque
2769 4749 3160 4804 consequenter
3176 4735 3309 4789 duas
3336 4736 3541 4803 priores
3561 4737 3764 4788 oratio-

2186 4820 2282 4860 nes
2308 4816 2491 4859 contra
2511 4805 2744 4860 Judtcos.
2773 4807 2835 4861 'l‘.
2871 4808 2908 4861 l.
2933 4817 2988 4861 et
3016 4808 3149 4861 ferte
3169 4805 3302 4859 alias
3328 4806 3484 4861 hodie
3508 4806 3761 4874 perditas.

2256 4876 2438 4931 Mense
2478 4876 2760 4931 Novembri
2802 4878 3027 4933 Sanctus
3057 4878 3282 4931 resumit
3325 4876 3615 4931 certamina
3668 4877 3766 4931 ad-

2185 4963 2374 5002 versus
2404 4951 2708 5010 Anomxos,
2734 4948 2927 5017 illoque
2959 4960 3013 5002 et
3057 4948 3299 5015 sequenti
3349 4961 3534 5001 mense
3577 4958 3764 5002 contra

2188 5019 2308 5072 illos
2334 5017 2499 5072 habet
2527 5019 2781 5073 Ilomilias
2810 5019 3119 5084 secundam,
3150 5019 3386 5084 tertiam,
3434 5029 3676 5088 quartam
3708 5027 3767 5073 et

2186 5091 2425 5160 quintam
2454 5089 2523 5143 de
2546 5089 3095 5160 lncomprehensibili.

2257 5160 2636 5286 PostTtelrtiam
2685 5160 2824 5215 dicta
2883 5159 3092 5215 videtur
3133 5158 3359 5214 Homilia
3410 5157 3480 5215 de
3526 5159 3762 5214 Anatha-

2257 5247 2348 5285 ie.
2431 5274 2443 5284 .
2492 5269 2507 5284 .

2187 5242 2348 5285 male.
2380 5242 2443 5285 Τ.
2468 5242 2507 5285 Ι.

2260 5302 2386 5357 Post
2413 5303 2650 5372 quintam
2678 5318 2806 5356 vero
2834 5311 3031 5357 secuta:
3058 5301 3304 5356 videntur
3326 5298 3448 5354 duae
3487 5300 3633 5372 alim,
3681 5302 3764 5357 ni-

2187 5371 2378 5427 mirum
2399 5368 2468 5429 de
2497 5373 2609 5427 Non
2639 5372 2911 5443 vulgandis
2936 5374 3157 5427 fratrttm
3204 5374 3455 5442 peccatis.
3486 5368 3549 5426 Τ.
3573 5370 3659 5426 ιιι.
3704 5381 3764 5426 et

2185 5444 2255 5498 de
2280 5443 2393 5497 Non
2414 5445 2770 5514 deSperando.
2799 5443 2882 5497 Ib.

2186 5514 2477 5641 “xii
2504 5511 2810 5571 Decembris
2833 5515 3061 5570 Homilia
3088 5513 3143 5568 in
3166 5513 3224 5569 8.
3256 5512 3635 5584 Philogonium
3656 5511 3761 5566 ba-

2226 5602 2238 5638 l
2303 5625 2316 5638 .
2387 5628 2400 5641 .
2460 5624 2473 5638 .

2226 5585 2400 5641 ita.T.
2437 5588 2473 5638 Ι.

2261 5657 2354 5712 Die
2379 5656 2525 5711 XXV
2574 5656 2882 5713 Decembris
2926 5655 3106 5711 habita
3152 5655 3378 5711 Humilia
3429 5654 3481 5709 in
3518 5653 3765 5710 Natalem

2189 5727 2416 5783 Domini.
2442 5728 2506 5782 Τ.
2535 5723 2599 5783 ΙΙ.

2233 5728 2416 5782 omini.
2442 5728 2506 5782 Τ.
2535 5728 2599 5783 il.

2259 5799 2397 5853 Ante
2425 5800 2582 5853 linem
2607 5799 2726 5852 anni
2752 5798 2958 5868 ﬁgenda
2985 5797 3211 5854 Homilia
3240 5799 3293 5852 in
3335 5794 3619 5868 abutentes
3668 5796 3765 5867 illo

2191 5869 2429 5940 Apostoli
2450 5869 2615 5940 dicto,
2641 5868 2761 5926 Sive
2784 5865 2875 5943 per
2897 5869 3230 5936 occasionem,
3253 5877 3357 5925 etc.
3388 5865 3453 5923 Τ.
3494 5865 3580 5922 ιιι.
