4096 6392
366 426 469 483 E65

598 528 611 535 0
669 544 829 616 Anno
848 542 973 616 387.
1011 545 1226 599 secundo
1254 545 1641 616 presbyteratus.

365 685 408 739 Τ
439 613 621 739 Plrimo
650 614 737 668 die
764 615 887 668 anni
941 616 1042 669 537
1091 616 1230 669 dicta
1254 612 1507 671 Ilomilia
1543 617 1594 669 in
1650 612 1930 668 Kalendas.

439 757 532 810 Die
561 755 601 809 ll
626 755 860 809 Januarii
885 753 1059 807 habita
1086 754 1305 809 Ilomilia
1330 755 1432 809 Ide
1446 756 1642 809 Lazaro
1660 764 1714 808 et
1740 754 1933 814 Divite:

369 837 486 894 post
509 842 664 893 quant
688 824 881 877 deinde
911 836 1089 878 secuta
1120 836 1201 880 est
1219 827 1471 891 secunda,
1504 842 1567 879 ac
1587 825 1746 879 etiam
1778 834 1932 877 tertia

372 911 557 950 mense
574 896 842 948 Januario.
866 895 929 948 Τ.
952 894 993 947 I.

446 966 538 1019 Die
570 966 629 1018 VI
653 965 888 1019 Januarii
916 963 1277 1018 verisimilitcr
1301 965 1438 1019 dicta
1468 964 1689 1019 Homilia
1723 965 1774 1017 in
1801 962 1931 1032 Epi-

371 1036 640 1106 phaniam.
669 1035 734 1106 Τ.
769 1035 833 1106 ιι.
864 1050 925 1088 ac
947 1035 1201 1106 postridie
1253 1036 1305 1089 in
1353 1036 1409 1089 S.
1442 1035 1753 1106 Luciannm.
1781 1034 1841 1087 T.
1871 1034 1935 1106 Η.

442 1106 535 1159 Die
568 1103 731 1159 XXIV
760 1104 992 1158 Januarii
1023 1104 1150 1157 dicit
1182 1106 1232 1158 in
1255 1106 1485 1160 Laudem
1507 1104 1563 1160 S.
1593 1105 1846 1174 Babylae.
1869 1102 1936 1158 Τ.

371 1176 435 1231 II.
465 1191 527 1230 ac
558 1176 713 1245 paulo
734 1184 852 1245 post
894 1176 942 1228 in
974 1174 1179 1228 laudem
1207 1176 1543 1231 S.Jnvcntini
1566 1184 1618 1229 et
1645 1173 1935 1228 Maximini.

443 1316 569 1370 Post
596 1315 712 1369 illas
737 1316 805 1385 de
831 1315 1152 1385 martyribus
1172 1316 1477 1376 conciones,
1499 1314 1659 1368 habet
1693 1322 1937 1385 quartam

372 1386 650 1440 Ilomiliam
669 1385 735 1440 de
753 1384 948 1439 Lazaro
969 1384 1021 1439 et
1053 1386 1238 1439 Divite.
1264 1385 1328 1439 T.
1355 1386 1393 1439 l.
1421 1386 1610 1440 deinde
1627 1394 1804 1439 secuta
1830 1384 1937 1437 Ilo-

372 1457 514 1511 tnilia
539 1455 591 1508 in
624 1455 750 1508 illud
776 1456 1033 1522 Apostoli,
1060 1455 1137 1508 De
1160 1457 1536 1519 dormientibus,
1565 1465 1669 1510 etc.
1701 1454 1764 1509 T.
1791 1454 1828 1506 I.

444 1526 621 1580 Mense
644 1525 932 1580 Februario
948 1522 1365 1595 Chrysostomns
1410 1527 1601 1579 iterum
1650 1526 1939 1579 Anomteos

377 1596 694 1664 impugnare
718 1595 921 1663 incipit.
946 1594 1108 1665 Dictae
1139 1605 1261 1649 tunc
1290 1595 1530 1649 Ilomilias
1551 1596 1936 1665 quinqueeon-

375 1676 457 1720 tra
483 1668 770 1719 Anomtnos
796 1666 894 1718 hoc
916 1664 1100 1719 ordine
1129 1683 1143 1719 :
1176 1668 1347 1734 primo
1372 1668 1617 1734 septima.
1662 1665 1725 1718 Τ.
1776 1664 1815 1716 Ι.
1857 1680 1939 1719 se-

372 1736 695 1806 cundoalia.
726 1735 786 1787 'I‘.
821 1734 904 1788 Vl.
939 1744 1047 1787 tum
1069 1745 1275 1799 octava,
1304 1751 1461 1799 nona,
1490 1746 1544 1790 et
1586 1743 1704 1806 post
1733 1736 1940 1804 aliquas

374 1808 509 1860 forte
536 1805 741 1859 decima
768 1815 952 1858 contra
981 1807 1288 1859 Anomteos.
1322 1806 1383 1859 T.
1416 1807 1453 1859 Ι.

448 1877 593 1930 Inter
620 1875 899 1943 praedictas
930 1876 1102 1928 media
1143 1876 1239 1929 fuit
1278 1876 1504 1930 Ilomilia
1555 1874 1622 1929 de
1675 1875 1935 1929 Resnrre-

374 1945 548 1999 ctione
577 1955 926 1999 mortuorum.
952 1945 1013 1998 Τ.
1046 1946 1109 2000 II.
1138 1947 1271 1999 forte
1296 1947 1454 2001 etiam
1484 1946 1711 2000 Ilomilia
1749 1945 1816 2000 de
1850 1946 1941 1999 Vi-

373 2016 510 2069 duis.
543 2014 606 2069 Τ.
637 2014 721 2067 IIl.
753 2030 935 2069 mense
956 2015 1246 2070 Februario
1270 2016 1495 2070 ﬁgenda.

445 2085 626 2139 Mense
656 2085 945 2139 Februario
964 2089 1121 2138 etiam
1148 2085 1369 2155 ﬁgenda:
1401 2086 1625 2141 Ilomilia
1664 2085 1714 2139 in
1760 2086 1941 2141 Terrae

375 2165 598 2219 motum,
622 2155 832 2221 aliaque
856 2156 991 2209 hanc
1015 2172 1267 2225 sequens.
1295 2158 1356 2209 ’l‘.
1392 2158 1431 2211 I.

447 2227 583 2279 Ante
605 2226 1073 2290 Quadragesimam
1106 2227 1277 2280 habita
1308 2228 1530 2280 Ilomilia
1559 2237 1744 2282 contra
1768 2226 1941 2294 Quar-

377 2296 762 2358 todecimanos.
791 2296 924 2349 alias
962 2298 1115 2350 tertia
1145 2308 1327 2351 contra
1379 2297 1592 2353 Jnda-os
1649 2300 1939 2352 nominata.

377 2364 437 2418 'I‘.
476 2365 512 2417 Ι.
538 2367 647 2419 sive
670 2368 808 2419 circa
840 2366 995 2420 ﬁnem
1028 2366 1323 2423 Februarii.

444 2435 597 2488 Circa
622 2436 777 2489 ﬁnem
808 2435 1079 2492 Februarii
1102 2449 1193 2492 ant
1222 2440 1424 2493 initium
1455 2439 1645 2495 Martii.
1677 2438 1814 2492 dieta
1838 2436 1943 2489 IIo-

376 2506 522 2559 milia
553 2508 1070 2576 inillaApostoliad
1116 2510 1456 2565 Timotheum
1508 2512 1690 2575 verba,
1741 2507 1943 2561 Modico

376 2578 490 2629 vino
516 2587 671 2634 utere.
697 2590 801 2631 etc.
831 2578 894 2632 Τ.
928 2579 987 2632 II.

447 2646 821 2719 Ilircainiliunt
850 2649 1017 2701 Martii
1072 2660 1255 2703 exorta
1307 2650 1600 2705 Antiochia:
1629 2648 1941 2719 gravissima

377 2718 585 2783 seditio,
642 2720 692 2772 iu
720 2734 819 2788 qua
849 2719 1068 2789 dejccta:
1101 2730 1225 2774 sunt
1272 2721 1556 2775 Theodosii
1606 2718 1944 2788 Imperatoris

379 2802 455 2843 SI:I
466 2800 477 2839 l
488 2805 566 2841 ua:
576 2829 585 2838 .

453 2858 673 2912 Ilomilia
708 2858 873 2927 prima
901 2867 1021 2928 post
1050 2860 1190 2913 illam
1231 2860 1579 2926 seditionem,
1626 2870 1809 2913 vocata
1855 2874 1941 2914 se-

381 2929 555 2983 cunda
587 2930 652 2983 de
677 2930 894 2982 Statuis.
924 2929 987 2982 T.
1017 2929 1079 2983 II.
1109 2931 1248 2985 dicta
1276 2942 1358 2984 est
1380 2933 1560 2999 paucis
1588 2931 1777 2985 diebus
1819 2941 1945 2984 ante

381 2999 881 3067 Quadragesimam;
913 3000 1105 3053 deinde
1134 3002 1250 3053 alia:
1275 3003 1373 3053 hoc
1402 3003 1590 3055 ordine
1616 3018 1629 3053 :
1667 3000 1938 3053 Dominiea

380 3080 505 3123 aute
534 3068 1004 3138 Quadragesimam
1032 3085 1124 3123 seu
1155 3070 1272 3125 XIV
1306 3071 1496 3136 Martii,
1526 3072 1676 3125 tertia
1700 3070 1944 3134 Homilia;

381 3148 495 3193 tum
523 3150 731 3209 quam,
763 3141 969 3210 quinta.
1003 3149 1171 3208 sexta,
1201 3142 1447 3210 septima,
1478 3150 1683 3203 octava,
1709 3140 1945 3194 decima-

380 3212 601 3278 quinta,
657 3225 750 3264 sex
780 3209 986 3280 diebus
1029 3209 1478 3280 consequentibus
1519 3213 1701 3279 prima:
1756 3211 1948 3265 hebdo-

380 3280 572 3333 madam
626 3278 828 3333 Deinde
849 3280 934 3334 die
961 3282 1097 3334 luna:
1120 3278 1390 3350 sequentis
1416 3278 1756 3335 hebdomada:
1787 3296 1945 3340 nona.

380 3358 435 3402 et
455 3351 708 3417 postridie
738 3350 965 3412 decima,
1016 3360 1133 3418 post
1173 3367 1332 3419 quam
1382 3353 1547 3405 nimio
1589 3352 1949 3405 Antiocheno-

380 3434 498 3473 rum
537 3429 743 3474 terrore
767 3435 978 3475 cessare
1005 3422 1213 3489 cogitur
1239 3422 1486 3476 Sanetus.
1517 3422 1789 3476 Prioribus
1811 3422 1949 3475 illius

381 3490 727 3544 ltebdomadzc
744 3490 931 3544 diebus
958 3490 1092 3544 dicta
1120 3491 1432 3545 Catechesis
1458 3494 1651 3560 prima.
1680 3492 1743 3545 T.
1780 3492 1842 3545 II.

454 3561 546 3615 Dic
574 3560 741 3614 XXVI
789 3601 802 3625 ,
831 3568 921 3613 aut
944 3560 1156 3614 XXVIII
1182 3562 1351 3615 Martii
1376 3603 1388 3622 .
1416 3562 1591 3616 habita
1614 3571 1695 3617 est
1725 3562 1951 3615 Ilomilia

380 3630 583 3702 decima
610 3630 755 3685 sﬁxta
780 3672 794 3695 ,
822 3631 1045 3685 necdum
1070 3631 1332 3685 inchoatis
1350 3631 1557 3700 iudieiis
1580 3649 1593 3698 ;
1616 3633 1950 3702 postjudicia

378 3716 509 3772 vero
536 3701 741 3772 decima
771 3701 992 3770 septima
1022 3702 1223 3769 ﬁgenda
1264 3711 1347 3755 est
1387 3704 1471 3755 die
1504 3704 1538 3755 2
1571 3701 1661 3756 ant
1698 3705 1731 3756 5
1759 3703 1953 3772 Aprilis

386 3771 504 3840 (uti
542 3780 595 3824 et
630 3770 932 3839 Cateehesis
974 3772 1201 3825 secunda
1225 3772 1263 3840 ).
1304 3772 1365 3825 'l‘.
1401 3772 1461 3825 II.
1494 3781 1601 3826 tum
1633 3770 1833 3826 decima
1864 3788 1954 3826 oc-

382 3851 501 3894 tava
526 3881 539 3898 .
568 3842 842 3893 undecima
867 3882 881 3904 ,
920 3841 1232 3896 duodecima
1256 3884 1269 3908 ,
1300 3840 1503 3897 decima
1535 3842 1685 3897 tertia
1710 3885 1724 3910 ,
1762 3857 1953 3897 conse-

382 3911 664 3980 quentibus
688 3910 872 3963 diebus
898 3910 1109 3964 habite.

458 3981 655 4034 Deinde
684 3990 802 4048 post
832 3997 989 4033 unum
1028 3982 1213 4035 saltem
1244 3991 1334 4036 ant
1363 3983 1539 4050 plures
1566 3982 1680 4037 dies
1708 3983 1842 4037 dicta
1874 3990 1957 4037 est

383 4048 585 4103 decima
607 4059 810 4119 quarta.
834 4051 983 4103 Circa
1012 4052 1333 4107 Dominicam
1358 4048 1653 4107 Palmarum
1680 4064 1769 4107 ant
1790 4054 1841 4106 in
1866 4053 1955 4109 illa

385 4124 498 4187 ipsa
531 4120 795 4173 Dominica
823 4160 837 4183 ,
867 4120 1029 4174 XVIII
1054 4123 1244 4190 Aprilis
1266 4165 1281 4190 ,
1312 4124 1483 4176 habita
1507 4123 1729 4177 Homilia
1751 4124 1952 4177 decima

388 4205 568 4254 nona,
599 4200 715 4259 post
753 4191 993 4244 morbum
1038 4191 1236 4246 Sancti.
1288 4193 1483 4246 Deinde
1528 4195 1580 4247 in
1632 4193 1955 4249 hebdomada

384 4266 605 4333 s_ancta_,
636 4260 793 4333 dicta
818 4262 1068 4333 vigesima
1094 4304 1109 4321 .
1147 4264 1277 4316 alias
1310 4264 1560 4333 vigesima
1602 4264 1853 4318 secunda.
1898 4263 1955 4318 In

386 4330 527 4404 festo
556 4330 795 4404 Paschali
820 4330 959 4404 ,ίχν
989 4333 1182 4404 Aprilis
1205 4374 1221 4397 ,
1252 4330 1389 4387 dicta
1417 4334 1667 4399 vigesima
1693 4336 1883 4404 prima.

458 4400 582 4473 Post
602 4400 797 4473 Pascha
822 4403 1046 4473 Sanctus
1064 4403 1317 4456 Ilomilias
1332 4404 1581 4473 quasdam
1601 4400 1781 4458 Itab'uit
1802 4404 1959 4457 modo

388 4470 625 4541 perditas
645 4486 657 4531 ;
689 4470 879 4525 deinde
900 4487 1083 4525 mense
1108 4473 1244 4541 Majo
1272 4481 1325 4527 et
1352 4470 1521 4528 ‘Junio
1567 4475 1857 4528 Sermones
1890 4475 1958 4529 de

385 4542 555 4614 Anna.
586 4540 645 4593 Τ.
675 4541 762 4614 IV.
803 4557 871 4614 ex
913 4542 1100 4614 quibus
1138 4540 1420 4611 supersunt
1457 4544 1690 4614 quinque
1713 4586 1727 4599 .
1750 4545 1959 4599 amissis

386 4609 505 4663 aliis
529 4624 647 4663 cum
679 4611 899 4665 Ilomilia
931 4609 979 4664 in
1008 4609 1318 4667 Pentecoste
1344 4609 1504 4667 dicta'.

458 4680 608 4733 Circa
651 4679 807 4735 ﬁnem
839 4681 1023 4747 Junii,
1065 4683 1290 4737 Sanetus
1328 4685 1511 4737 morbo
1552 4685 1679 4737 satis
1711 4683 1959 4738 diuturno

386 4757 662 4818 correptus
702 4761 801 4803 est.
843 4751 968 4803 I’ost
1006 4754 1246 4806 morbum
1292 4770 1420 4807 vero
1452 4754 1590 4808 dieta
1632 4754 1853 4807 Homilia
1894 4755 1961 4808 de

388 4820 582 4872 Decem
612 4820 832 4872 millium
862 4821 1120 4876 debitore.
1151 4822 1212 4876 T.
1242 4823 1326 4876 Ill.
1357 4833 1464 4877 tum
1490 4833 1595 4877 tres
1617 4825 1735 4877 alite
1762 4825 1829 4878 de
1857 4826 1959 4878 Da-

388 4889 527 4942 vide.
562 4889 623 4941 Τ.
658 4888 745 4942 IV.
775 4888 891 4943 Non
922 4891 1010 4943 diu
1038 4903 1155 4960 post
1179 4894 1355 4947 habita
1390 4895 1596 4948 \idetur
1632 4895 1855 4949 Ilomilia
1893 4895 1961 4949 de

387 4960 679 5013 Dilectione
704 4960 1058 5014 inimicorum.
1088 4962 1149 5015 Τ.
1181 4962 1265 5016 Ill.

458 5029 611 5082 Circa
638 5044 875 5082 mensem
914 5032 1205 5099 Augustum
1247 5034 1416 5087 editus
1456 5033 1615 5088 Liber
1644 5045 1828 5089 contra
1866 5035 1962 5089 Jun

388 5097 534 5223 ga‘tis
570 5107 624 5153 ct
661 5100 886 5169 gentiles
922 5097 1346 5170 aid—probandam
1382 5104 1575 5159 Christi
1611 5105 1960 5160 divinitatem.

471 5236 668 5291 Deinde
696 5238 1204 5315 men_se_Septembri
1230 5252 1283 5297 et
1302 5242 1511 5297 Octobri
1536 5247 1766 5314 qninque
1786 5252 1963 5315 poste-

392 5307 565 5361 riores
592 5318 777 5361 contra
806 5307 1018 5363 Jttdmds
1047 5313 1317 5367 orationes
1344 5315 1518 5367 dictae.
1547 5316 1610 5368 Τ.
1640 5315 1678 5368 ι.

462 5378 586 5501 ςοῖι
605 5378 834 5501 ηὗεόίυιιι
856 5379 1140 5435 Octobrem
1172 5382 1348 5438 habita
1374 5384 1597 5439 Ilomilia
1620 5387 1670 5439 in
1694 5385 1963 5442 I‘salmum

389 5463 499 5501 ιιι.
532 5463 594 5501 1⁷.
635 5463 662 5501 V
678 5488 691 5500 .

462 5518 542 5595 Ab
577 5517 789 5595 Octobri
829 5518 943 5595 fere
978 5520 1129 5595 ﬁnito
1177 5524 1449 5595 usquead
1496 5524 1962 5595 Quadragesimam

390 5589 511 5667 ιιι.ρί
535 5590 803 5667 sequentis
825 5588 956 5644 forte
978 5591 1167 5667 habita:
1187 5588 1309 5667 sunt
1331 5588 1569 5648 Ilomilia:
1592 5596 1670 5649 ha:
1691 5588 1922 5666 quinque
1946 5614 1960 5650 :

390 5658 562 5781 primo
604 5658 671 5711 de
711 5658 1079 5730 Elecmosyna.
1127 5662 1188 5715 Τ.
1235 5663 1321 5717 Ill.
1377 5674 1486 5718 tum
1540 5675 1646 5719 tres
1694 5658 1742 5719 in
1790 5658 1963 5721 locum

416 5728 536 5779 'auli
565 5767 581 5781 .
616 5726 867 5781 [labentes
892 5732 1118 5781 eumdem
1146 5732 1410 5781 Snirilum.
1434 5733 1514 5781 Ib-
1537 5751 1599 5781 ac
1624 5738 1835 5781 dmmnn
1865 5738 1961 5781 alia

416 5728 581 5803 ‘auli,
616 5726 867 5803 [Iubentes
892 5726 1410 5803 euitttlentSpiritunt.
1432 5733 1514 5787 Ib.
1537 5751 1599 5789 ac
1624 5738 1835 5791 demum
1865 5738 1963 5791 alia

391 5798 471 5875 ia.
494 5797 786 5922 {illa‘Pap‘l’i
836 5802 998 5856 verba
1026 5842 1040 5869 ,
1097 5797 1304 5858 Utinam
1357 5806 1664 5861 sustineretis
1713 5807 1964 5862 modicum

391 5882 677 5922 cut.ec.
778 5908 791 5922 .

390 5883 507 5929 cum
533 5909 548 5931 ,
575 5883 677 5922 etc.
713 5883 791 5922 ID.

1039 429 1412 488 CESTORUM
1450 430 1539 487 ET
1578 426 2010 487 SCRIPTORUM
2049 428 2105 484 S.
2146 425 2422 484 JOANNIS
2457 425 2948 484 CIIIIYSOSTOMI.

3498 476 3501 481 λ
3522 424 3627 481 265

2680 542 2826 596 Anno
2855 542 2979 596 588.

2137 614 2289 668 Anno
2336 613 2481 676 588,
2528 612 2614 669 die
2665 613 2804 667 XVII
2859 609 3132 666 Februarii
3185 609 3298 665 sive
3349 608 3628 665 Dominiv-a

2041 693 2165 738 ante
2189 684 2652 753 Quadragesimam
2681 726 2694 747 ,
2737 684 2873 737 dicta
2926 681 3377 753 Ilomiliaprima
3408 683 3459 735 in
3519 680 3627 753 Gie-

2042 749 2233 808 nesim.
2276 754 2338 808 T.
2395 749 2482 808 IV.
2536 756 2828 822 Sequentes
2870 769 2997 807 vero
3040 749 3305 805 continuis
3351 749 3477 822 fere;
3514 750 3631 806 die—

2042 823 2141 877 bus
2180 824 2412 889 habitat,
2454 820 2679 879 subinde
2719 830 2896 877 tamen
2949 824 3252 890 intermpttn
3299 837 3393 887 per
3435 820 3601 875 Homi

2043 893 2142 947 lias
2180 895 2338 948 modo
2366 896 2617 963 perditas.
2655 895 2729 948 Ita
2771 895 2974 963 priores
3015 893 3223 962 triginta
3258 891 3383 963 dua:
3431 907 3630 963 cense:

2042 975 2266 1033 quenter
2307 961 2459 1019 dieue
2484 1006 2498 1026 ,
2537 961 2823 1034 ultimaque
2866 980 2930 1017 ex
2980 961 3101 1034 illis
3128 962 3214 1034 die
3244 962 3501 1034 Mercurii
3527 1003 3543 1027 ,
3588 961 3627 1034 _V

2043 1030 2240 1102 Aprilis
2267 1034 2463 1088 habita.
2493 1030 2756 1088 Poswidié
2783 1036 2834 1087 in
2864 1034 3023 1088 C(ena
3054 1032 3257 1102 Domini
3287 1072 3301 1094 ,
3332 1032 3534 1102 dictum
3567 1030 3632 1102 de

2042 1101 2176 1159 Joda
2209 1105 2493 1173 proditore.
2524 1105 2587 1159 'I‘.
2617 1105 2679 1158 II.
2708 1116 2817 1157 tum
2849 1104 2914 1158 de
2940 1102 3126 1157 Cruce.
3154 1101 3234 1155 Ib.
3266 1117 3327 1156 ac
3349 1103 3399 1155 in
3424 1101 3627 1173 festivi-

2045 1183 2151 1227 tate
2174 1172 2403 1240 paschali
2426 1175 2597 1229 babita
2621 1176 2839 1229 Ilomilia
2863 1185 3044 1228 contra
3071 1174 3322 1228 Ebriosus
3348 1172 3623 1239 inscripta.

2044 1247 2126 1296 Ib.
2150 1244 2404 1313 Sequenti
2427 1246 2696 1300 Dominiea
2724 1287 2737 1307 ,
2763 1244 2882 1299 XVI
2904 1244 3096 1314 Aprilis
3122 1286 3136 1308 ,
3161 1244 3385 1314 sanctus
3407 1242 3621 1314 inchoat

2046 1314 2300 1368 Ilomilias
2321 1317 2557 1384 quinque
2577 1312 2965 1385 eooseqnenter
2993 1315 3196 1368 habitas
3217 1313 3268 1385 in
3295 1312 3617 1385 Principium

2044 1385 2316 1438 Actorum.
2340 1382 2426 1437 Ib.
2461 1382 2659 1440 Deinde
2700 1382 2969 1455 dilputare
3008 1385 3189 1451 incipit
3222 1383 3292 1455 de
3333 1382 3625 1455 Mutationis

2044 1457 2338 1508 nominum.
2371 1455 2452 1512 Ib.
2482 1452 2870 1524 tractalqucde
2895 1471 2959 1509 eo
2980 1454 3337 1524 verisimiliter
3364 1467 3534 1520 usque
3556 1452 3620 1524 ad

2044 1525 2237 1579 festum
2264 1526 2604 1580 I’entecostes
2627 1568 2640 1588 ,
2668 1528 2737 1579 ita
2767 1535 2822 1579 nt
2848 1526 3028 1579 ultima
3050 1524 3115 1578 de
3139 1523 3425 1577 Mulatione
3447 1523 3619 1575 nomi-

2045 1611 2171 1648 num
2205 1596 2430 1649 lIomilia
2458 1597 2695 1650 videatur
2734 1606 2853 1663 post
2892 1596 3241 1649 Pentecosten
3272 1593 3433 1646 dicta.
3467 1592 3623 1663 Ilisec

2044 1664 2184 1718 forte
2230 1666 2526 1719 intercessit
2573 1660 2799 1719 Ilomilia
2852 1666 2903 1719 in
2957 1664 3334 1720 Ascensioncm
3391 1660 3621 1715 Domini.

2044 1734 2107 1788 T.
2155 1734 2214 1787 II.
2266 1745 2321 1789 et
2357 1736 2522 1789 altera
2571 1737 2622 1791 in
2660 1737 3027 1790 Pentecosten.
3061 1734 3142 1788 Ib.
3182 1735 3468 1802 liesumpta
3495 1746 3622 1787 vero

2045 1805 2315 1859 Gencseos
2351 1806 2611 1873 expositio
2653 1807 2792 1861 circa
2837 1807 3048 1861 Junium
3078 1847 3091 1871 ,
3136 1820 3199 1859 ac
3243 1805 3385 1857 ﬁnita
3436 1816 3621 1858 mense

2044 1876 2341 1943 Septembri
2370 1886 2459 1929 aut
2484 1876 2716 1931 Octobri.

2118 1944 2273 1999 Forte
2303 1946 2400 1999 sub
2429 1948 2586 2001 linem
2618 1946 2739 1999 anni
2787 1947 2888 2000 588
2934 1946 3126 2000 habita:
3153 1943 3392 1998 Ilomilia:
3423 1942 3542 1996 duae
3569 1942 3623 1997 in

2045 2015 2176 2070 illud
2204 2016 2444 2087 Apostoli
2468 2058 2482 2081 ,
2517 2018 2746 2070 Salutate
2772 2016 3058 2070 I’riscrllam
3086 2025 3131 2069 et
3158 2016 3411 2085 Aquilam.
3440 2014 3502 2067 Τ.
3532 2012 3618 2067 III.

2459 2088 2603 2140 Anno
2642 2088 2745 2141 589
2783 2097 2829 2139 et
2865 2089 3199 2154 sequentibus.

2117 2155 2227 2210 Sttb
2268 2155 2426 2211 linem
2464 2158 2588 2211 anni
2630 2158 2733 2212 588
2757 2199 2770 2223 ,
2813 2166 2901 2210 aut
2934 2152 3145 2210 initium
3187 2154 3289 2207 589
3314 2196 3329 2221 ,
3360 2152 3624 2223 ﬁgendum

2045 2226 2253 2281 initium
2283 2227 2641 2296 Expositionis
2669 2230 2719 2282 in
2746 2228 3023 2282 Joannem.
3063 2228 3125 2280 Τ.
3164 2225 3296 2280 VIII.
3337 2242 3455 2295 qua:
3491 2226 3625 2277 intra

2044 2312 2243 2352 annum
2273 2297 2481 2352 videtur
2509 2299 2675 2351 ﬁnita.

2120 2367 2317 2422 Deinde
2353 2383 2494 2422 anno
2525 2370 2628 2423 589
2666 2379 2756 2421 ant
2788 2368 2893 2423 590
2926 2365 3458 2437 cmptznllomilimiin
3490 2364 3626 2417 Mat-

2047 2437 2263 2491 thzrum.
2297 2437 2358 2490 Τ.
2392 2439 2500 2491 VII.
2531 2439 2892 2507 absoluta-quc
2918 2453 3059 2491 anno
3084 2436 3187 2491 590
3215 2445 3306 2507 aut
3334 2436 3455 2507 §9l.

2047 2577 2091 2632 Τ
2119 2510 2273 2632 Ἠιιο
2298 2508 2397 2564 591
2429 2510 2640 2564 videtur
2674 2506 2912 2578 exposita
2958 2507 3194 2579 Epistula
3236 2506 3303 2561 ad
3336 2506 3625 2560 Romanos.

2118 2648 2270 2705 Circa
2325 2665 2522 2703 annum
2573 2650 2676 2704 392
2722 2648 2922 2713 ﬁgenda
2967 2647 3309 2717 probabiliter
3354 2644 3629 2716 Expositio

2048 2720 2322 2790 utriusque
2353 2720 2601 2788 Epistolte
2626 2719 2689 2772 ad
2718 2719 3038 2773 Corinthios.
3068 2719 3128 2772 T.
3161 2717 3226 2772 Χ.

2121 2791 2202 2842 Ab
2230 2784 2369 2844 anno
2394 2784 2608 2845 circiter
2632 2792 2734 2844 595
2761 2804 2927 2857 usque
2948 2790 3011 2842 ad
3039 2804 3234 2842 annum
3257 2786 3358 2841 597
3380 2784 3629 2857 videntur

2048 2864 2356 2930 composita:
2393 2855 2857 2928 Interpretationes
2886 2860 3239 2925 Epistolarum
3275 2859 3331 2912 S.
3373 2856 3533 2930 Pauli
3560 2855 3627 2908 ad

2049 2926 2282 2985 Galatas.
2310 2931 2372 2982 Τ.
2399 2930 2463 2983 Χ.
2487 2926 2554 2985 ad
2575 2931 2835 3000 Ephesios
2860 2971 2874 2992 ,
2907 2929 2973 2981 ad
3000 2930 3365 3000 Philippenses
3385 2969 3406 3000 ._
3420 2926 3630 3000 utrius:-

2050 3015 2153 3054 nne
2190 3002 2255 3055 ad
2294 2994 2638 3055 Timotheuni
2656 3043 2671 3064 ,
2712 3000 2778 3053 ad
2819 3000 3031 3065 Titum,
3073 3010 3125 3054 et
3141 2994 3517 3053 —\7erisimilitcr
3560 2994 3628 3050 ad

2051 3071 2412 3125 Philemonem
2435 3112 2449 3135 ,
2482 3086 2667 3124 omnes
2696 3072 2756 3123 T.
2786 3070 2877 3124 XI.

2122 3142 2250 3194 Item
2299 3142 2401 3195 illis
2447 3143 2599 3195 annis
2645 3142 2916 3211 Expositio
2963 3140 3291 3194 Psalmorum
3333 3136 3628 3207 composita

2051 3210 2298 3279 dietaque
2322 3212 2387 3264 ad
2414 3212 2685 3281 populum.
2719 3212 2781 3263 'l‘.
2814 3210 2877 3262 V.

2126 3278 2277 3335 Anno
2307 3278 2778 3351 '59Tpt‘obabiliter
2806 3282 2979 3350 ﬁgitur
3001 3279 3367 3351 Interpretatio
3394 3278 3627 3351 priorum

2052 3352 2251 3421 aliquot
2276 3348 2503 3419 capitum
2538 3352 2682 3405 Isaiae
2704 3392 2718 3416 ,
2750 3348 2888 3421 quod
2918 3352 3159 3404 ultimum
3185 3349 3393 3404 videtur
3421 3363 3554 3419 opus
3576 3348 3629 3403 in

2054 3424 2439 3492 prcsbyteratu.
2469 3423 2530 3476 Τ.
2566 3422 2648 3475 Vl.

2603 3492 2802 3545 Incerto
2840 3500 3077 3560 tempore.

2129 3562 2393 3625 Tempore
2446 3562 2835 3629 prtrdicationis
2878 3555 3218 3615 Antiocbenm
3243 3600 3256 3623 ,
3301 3558 3351 3613 id
3390 3567 3511 3629 est,
3542 3555 3631 3629 ab

2056 3632 2205 3686 initio
2245 3633 2353 3687 fere
2391 3627 2512 3686 anni
2556 3633 2659 3687 586
2700 3647 2867 3700 usque
2908 3631 2975 3685 ad
3011 3631 3329 3699 posteriores
3367 3627 3491 3700 anni
3529 3628 3630 3700 597

2059 3719 2270 3757 menses
2296 3745 2309 3767 ,
2338 3713 2393 3757 et
2422 3704 2649 3757 maxime
2683 3699 2894 3772 quidem
2934 3703 3085 3755 annis
3116 3701 3323 3772 duobus
3366 3699 3630 3772 prioribus

2057 3772 2248 3827 habita:
2267 3773 2514 3827 videntur
2534 3769 2815 3842 sequentes
2843 3772 3077 3826 Ilomilia-
3098 3812 3113 3835 ,
3137 3770 3383 3824 videlicet
3406 3769 3632 3842 Ilomilia

2057 3843 2124 3897 de
2153 3844 2475 3909 reprehenso
2503 3838 2677 3896 Petro.
2702 3843 2761 3896 T.
2793 3842 2878 3895 Ill.
2911 3842 3149 3895 IIOIIIIII'J!
3172 3853 3370 3907 septem
3393 3838 3460 3893 de
3491 3840 3631 3893 Lan-

2058 3914 2211 3966 dibns
2240 3913 2297 3967 S.
2332 3914 2495 3967 Pauli.
2530 3912 2591 3966 T.
2623 3913 2686 3965 II.
2716 3912 2955 3967 Homilne
2983 3927 3169 3966 novem
3198 3910 3265 3965 de
3296 3910 3631 3964 Pmnitentia.

2059 3984 2119 4053 Τ.
2146 3984 2206 4037 II.
2232 3985 2419 4051 majori
2440 3998 2502 4037 cx
2525 3998 2675 4053 parte
2698 3983 2923 4036 Ilomilia
2945 3982 3012 4037 de
3036 3982 3353 4036 C(emeterio
3376 3991 3429 4033 ct
3447 3995 3628 4053 cruce.

2058 4052 2141 4106 Ib.
2174 4050 2329 4122 quam
2359 4055 2494 4107 intra
2522 4050 2638 4107 dies
2681 4054 2861 4121 viginti
2908 4060 3083 4107 secuta
3125 4060 3208 4105 est
3246 4052 3408 4105 altera
3440 4050 3505 4103 de
3535 4050 3632 4122 SS.

2060 4119 2379 4194 Martyribus
2404 4124 2626 4194 Det-uice,
2647 4165 2660 4189 ,
2693 4119 2960 4177 Prosdoce
2995 4135 3047 4177 et
3077 4122 3390 4194 _Domnina_;
3436 4122 3536 4173 alia
3555 4119 3636 4194 de

2062 4189 2211 4248 hisce
2235 4196 2573 4263 martyribus.
2605 4193 2685 4248 Ib.
2712 4194 2954 4247 Ilomilize
2974 4195 3039 4247 de
3067 4192 3199 4246 Jnda
3229 4191 3515 4263 proditore.
3546 4189 3630 4263 Ib.

2061 4263 2128 4317 de
2150 4264 2319 4319 Cruce
2344 4261 2398 4319 et
2425 4265 2672 4318 Latrone.
2716 4264 2797 4317 Ib.
2826 4264 2893 4317 de
2928 4264 3268 4318 Ascensione.
3302 4261 3382 4314 Ib.
3412 4261 3634 4315 Gemina

2060 4333 2129 4388 de
2157 4335 2487 4390 Penteciiste.
2523 4334 2602 4387 Ib.
2631 4346 2713 4389 est
2742 4334 2839 4388 loci
2872 4330 3077 4388 incerti.
3130 4332 3367 4385 Ilomilia:
3406 4346 3637 4401 panegy-

2063 4405 2187 4459 τίθεν
2214 4447 2227 4465 .
2257 4406 2458 4458 incerto
2488 4413 2725 4474 tempore
2756 4405 3049 4458 Antiochia:
3077 4403 3268 4455 habitze
3292 4443 3305 4463 ,
3335 4403 3541 4474 gemina
3570 4403 3639 4474 de

2062 4475 2119 4528 ὃ.
2154 4476 2360 4544 Pelagia
2386 4516 2400 4540 ,
2432 4475 2499 4528 de
2540 4471 2829 4544 Sflgnatio
2852 4516 2864 4533 .
2904 4474 2973 4527 de
3012 4475 3068 4527 S.
3117 4474 3431 4544 Eustathio,
3472 4471 3555 4544 de_
3578 4473 3635 4521 S.

2064 4540 2305 4600 Romano
2328 4546 2557 4613 gemina.
2585 4540 2674 4597 Ib:
2699 4546 2923 4598 Ilomilia
2950 4544 3001 4596 in
3027 4543 3185 4597 verba
3210 4542 3457 4613 Ieremia:
3481 4581 3497 4606 ,
3528 4540 3641 4613 Do-

2064 4616 2229 4677 mine,
2262 4611 2359 4667 ιιοῖι
2388 4624 2459 4667 est
2487 4616 2538 4667 in
2575 4617 2775 4667 homine
2798 4657 2811 4680 ,
2854 4624 2957 4668 etc.
3001 4615 3063 4666 Τ.
3111 4613 3193 4667 VI.
3238 4611 3479 4665 Homilizu
3519 4612 3639 4664 dua:

2064 4684 2131 4739 de
2146 4685 2450 4738 Maccaba‘is
2489 4697 2682 4753 praeter
2715 4686 2869 4737 aliam
2891 4684 3124 4737 dubiam.
3148 4683 3210 4737 T.
3236 4683 3296 4737 II.
3324 4682 3546 4736 Ilomilia
3573 4683 3641 4735 de

2064 4756 2262 4809 sanctis
2282 4754 2615 4825 Martyribns.
2644 4754 2724 4808 Ib.
2749 4755 2893 4808 IIanc
2919 4764 3096 4809 secuta
3118 4764 3201 4825 est
3222 4795 3238 4818 ,
3268 4769 3385 4825 qua:
3408 4754 3591 4825 probat
3622 4791 3638 4813 ,

2065 4840 2172 4879 non
2198 4841 2316 4879 esse
2342 4822 2653 4893 ad'gratiam
2678 4825 3119 4880 concionamlum.
3154 4823 3235 4876 Ib.
3265 4824 3395 4876 Alite
3415 4823 3481 4893 de
3504 4822 3643 4875 Mar-

2067 4896 2269 4965 tyribus
2294 4937 2309 4961 ,
2341 4897 2406 4949 de
2431 4892 2487 4949 S.
2515 4894 2723 4949 Juliano
2743 4897 3087 4965 Anazarbeno
3108 4936 3123 4965 ,
3156 4895 3221 4947 de
3247 4894 3302 4948 S.
3334 4892 3640 4965 Barlaamo.

2065 4965 2148 5018 Ib.
2183 4966 2405 5019 Ilomilia
2439 4966 2489 5018 in
2520 4965 2696 5019 locum
2738 4969 2775 5019 A

2066 5040 2267 5107 fratres.
2290 5036 2359 5107 7T.
2388 5036 2471 5089 Ill.
2502 5036 2726 5107 Ilomilia
2758 5037 2825 5090 de
2855 5036 2911 5089 S.
2936 5036 3167 5107 Droside
3191 5077 3204 5097 ,
3231 5033 3298 5087 de
3313 5033 3643 5107 ΔΜςιιΊγι-ἰιιιιδ

2064 5102 2348 5175 Egyptiis.
2380 5108 2442 5161 T.
2472 5106 2534 5159 II.
2577 5117 2633 5160 et
2674 5108 2776 5159 alia
2820 5107 2885 5159 de
2931 5106 3267 5175 Martyribus.
3301 5102 3383 5157 lb.
3412 5103 3637 5175 Ilotnilia

2069 5174 2191 5245 poSt
2224 5177 2400 5230 Terra}
2437 5187 2655 5230 motum.
2694 5176 2774 5229 Ib.
2800 5177 2897 5229 loci
2934 5178 3101 5245 magis
3139 5174 3360 5232 incerti.
3389 5188 3451 5245 ac
3479 5174 3641 5226 variae

2066 5244 2348 5300 admodum
2377 5247 2551 5301 dubia:
2574 5263 2589 5311 ;
2616 5249 2797 5301 Oratio
2827 5248 2879 5300 in
2909 5244 3116 5301 laudem
3150 5245 3365 5300 Diodori
3413 5244 3616 5299 Tarson

2067 5317 2143 5370 sis
2170 5316 2329 5371 dicta.
2360 5318 2421 5371 T.
2450 5318 2536 5371 III.

2318 5386 2467 5441 Gesta
2504 5396 2548 5441 et
2585 5388 2772 5458 scripta
2808 5388 2860 5440 in
2898 5387 3189 5455 episcopatu
3213 5427 3227 5449 ,
3270 5385 3392 5440 598.

2139 5456 2341 5511 Mortuo
2384 5458 2626 5512 Nectario
2652 5498 2668 5521 ,
2688 5454 2697 5458 ⁷
2717 5454 2968 5527 episcopo
3012 5454 3599 5527 Constantinopolitano

2068 5526 2482 5598 Chrysostomus
2504 5571 2518 5590 ,
2558 5529 2694 5583 clam
2726 5524 3005 5581 Antiochia
3033 5527 3256 5581 eductus
3279 5566 3293 5585 .
3334 5524 3646 5598 perductus-

2068 5596 2751 5722 ξέιθ(Ζοιιδιιιιιιίιιιιιιοιίςιι3
2779 5598 2972 5651 ibidem
3002 5606 3341 5651 consecratur
3363 5596 3646 5664 episc0pus

2129 5667 2242 5721 XVI
2274 5668 2542 5722 Februarii
2574 5684 2697 5722 anm
2724 5668 2847 5722 098.

2104 5667 2242 5721 LXVI
2274 5668 2542 5722 Februarii
2574 5671 2697 5722 anni
2724 5668 2847 5723 598.

2143 5739 2260 5791 Mox
2311 5738 2535 5793 Sanctus
2583 5738 3037 5808 Constantinopoli
3089 5745 3274 5808 contra
3326 5734 3643 5808 bzereticos,

2070 5809 2366 5879 praesertim
2405 5818 2587 5862 eontra
2623 5806 3316 5863 Anommos—concionatur.
3362 5807 3430 5859 At
3474 5806 3644 5876 prima

2074 5880 2300 5935 Ilomilia
2332 5880 2553 5951 perdita.
2586 5880 2828 5937 Secunda
2868 5894 2996 5935 vero
3037 5889 3092 5935 et
3132 5880 3284 5934 tertia
3331 5885 3496 5944 sunt,
3526 5893 3646 5935 una:

2786 4966 2974 5033 postoli
3001 5007 3016 5029 ,
3066 4964 3203 5017 Nolo
3244 4980 3329 5016 vos
3366 4964 3600 5033 ignorare
3624 5002 3641 5024 ,
3738 5014 3741 5019 _
