4096 6392
427 381 539 442 9.67

428 512 582 556 torno
609 502 782 570 primo
809 501 1166 558 inscribuntur
1192 503 1261 558 XI
1293 513 1346 557 et
1370 502 1464 557 XII
1491 511 1676 556 contra
1707 504 2018 556 Anommos.

430 572 985 645 Secuta_estllomtlia
1013 574 1065 629 in
1096 574 1448 645 Paralyticmn
1478 587 1576 645 per
1598 582 1793 645 tectum
1825 572 2025 645 demis-

432 658 573 714 sum.
619 642 683 698 Τ.
721 644 823 714 111.
869 656 977 699 tum
1036 645 1193 714 paulo
1240 642 1415 700 serius
1452 643 1603 714 alia,
1635 643 1716 697 Ib.
1765 645 1825 714 in
1861 643 2023 697 verba

432 712 634 785 Christi
663 732 677 767 :
708 712 865 768 Pater
888 757 903 775 .
939 716 982 769 si
1014 712 1251 785 possibile
1278 726 1389 779 est,
1426 724 1533 768 etc.
1566 713 1867 785 Verisimile
1900 723 2021 774 est,

431 782 687 841 Sanctum
722 786 916 841 deinde
953 782 1141 842 eodem
1179 801 1321 839 anno
1357 796 1643 855 a-grotasse
1666 826 1682 847 ,
1722 784 2027 855 dictamque

435 865 559 925 post
599 855 843 910 morbum
888 857 1167 911 Ilomiliam
1204 856 1257 911 in
1300 853 1460 910 verba
1499 855 1779 925 Apostoli,
1823 853 2026 910 Scimus

433 924 675 997 quartiam
703 928 1022 997 diligentibus
1049 927 1213 981 Deum
1238 969 1254 992 ,
1284 936 1386 981 etc.
1420 926 1482 980 T.
1513 924 1597 979 IIl.

510 1000 663 1051 Anno
693 995 809 1052 39:8
835 998 960 1053 item
987 998 1283 1066 compOsila
1314 997 1562 1053 videntur
1594 995 1701 1051 duo
1728 995 1980 1065 opuscula
2006 1035 2022 1058 ,

435 1068 667 1135 primum
697 1078 879 1122 contra
910 1068 1177 1132 Clericos,
1220 1068 1308 1123 oui
1339 1083 1459 1123 cum
1490 1067 1779 1137 virginibus
1806 1066 2028 1120 cohabi-

441 1140 853 1210 tant;ialterum
894 1148 1080 1194 contra
1122 1140 1412 1210 Hegulares
1459 1138 1686 1194 feminas
1710 1179 1726 1205 ,
1755 1152 1874 1208 qua:
1901 1151 2025 1192 cum

443 1209 574 1263 viris
606 1208 862 1263 habitant.
889 1210 953 1264 T.
981 1210 1021 1265 l.

516 1278 714 1333 Eodem
737 1295 877 1334 anno
897 1281 1123 1335 Sanctus
1141 1283 1288 1345 juvat
1308 1278 1364 1335 8.
1388 1279 1742 1350 Porphyrium
1770 1276 1835 1332 ad
1859 1278 2026 1344 impeo

444 1350 689 1405 trandum
716 1351 925 1407 Arcadii
949 1352 1179 1407 edictum
1205 1393 1221 1417 ,
1247 1368 1355 1420 qtto
1379 1352 1571 1419 templa
1598 1350 1856 1404 idolorum
1882 1350 2029 1402 elau-

436 1422 637 1474 (luntur
664 1421 822 1477 Gaza:
852 1424 903 1476 in
933 1423 1237 1477 Palazstina.
1272 1421 1471 1476 Eodem
1497 1420 1859 1476 verisimiliter
1886 1434 2028 1473 anno

439 1490 750 1547 Flavianum
796 1492 1189 1549 Antiochenam
1231 1508 1356 1549 cum
1406 1491 1648 1547 Ecclesia
1692 1491 1931 1546 Romana
1972 1498 2030 1545 et

442 1562 806 1619 Alexandrina
832 1565 1100 1619 conciliat.

513 1633 714 1705 Eodem
742 1644 834 1689 aut
862 1635 1106 1705 sequenti
1130 1650 1272 1688 anno
1299 1632 1910 1705 translatesolemniter
1936 1646 2028 1705 re-

441 1703 620 1773 quuia:
648 1704 714 1759 ad
738 1702 1022 1761 ecclesiam
1053 1706 1409 1761 suburbanam
1435 1747 1449 1767 ,
1480 1703 1765 1759 assistente
1793 1702 2029 1758 Eudoxia

440 1774 784 1844 Imperatrice
810 1816 826 1841 ,
869 1786 924 1831 et
966 1777 1032 1831 ad
1072 1778 1460 1831 solemnitatem
1491 1774 2027 1845 postridieveniente

441 1845 793 1913 Itnperatore.
841 1847 1007 1903 Dicta:
1050 1846 1151 1903 hac
1188 1847 1469 1902 occasione
1494 1844 1713 1914 ialiquot
1756 1844 2027 1907 hotniliat,

441 1916 688 1972 videlicet
707 1917 775 1973 de
799 1917 856 1973 8.
884 1918 1060 1974 Phoca
1087 1928 1335 1985 martyre.
1360 1917 1425 1971 T.
1452 1914 1517 1969 ll.
1544 1924 1596 1970 et
1624 1931 1692 1970 ex
1719 1931 1887 1985 nuper
1909 1914 2029 1969 edi-

443 1988 514 2041 tis
540 1988 680 2056 apud
709 1988 1163 2045 Montlanconum.
1195 1985 1259 2044 T.
1288 1987 1385 2043 XII
1412 1985 1642 2042 secunda
1669 1996 1724 2042 et
1747 1986 1921 2039 tertia.

518 2055 670 2130 anno
692 2060 817 2114 item
840 2058 963 2125 398,
990 2070 1230 2130 tempore
1254 2059 1458 2120 :estivo,
1474 2066 1646 2125 empta
1677 2056 1898 2112 rebellio
1914 2055 2033 2110 Tri-

443 2127 625 2196 bigildi
646 2141 830 2185 contra
850 2127 1159 2197 Arcadium,
1182 2145 1350 2197 eaque
1373 2131 1678 2184 continuata
1708 2144 1850 2182 anno
1878 2142 1993 2196 seq.

513 2199 623 2270 Sub
653 2200 813 2255 linem
842 2202 967 2256 anni
988 2202 1095 2256 598
1119 2244 1134 2265 ,
1157 2213 1240 2255 aut
1272 2200 1477 2255 initium
1501 2198 1625 2270 i599,
1649 2208 1823 2270 empta
1850 2198 2032 2268 Expo-

441 2269 566 2325 sitio
595 2272 845 2341 Epistulae
869 2271 938 2329 ad
963 2272 1329 2328 Colossenses.
1356 2270 1421 2325 Τ.
1455 2268 1546 2325 XI.

1086 2365 1232 2418 Anno
1270 2361 1397 2417 599.

518 2434 676 2488 Anno
715 2434 822 2491 39‘)
844 2477 859 2499 ,
909 2450 1094 2490 mense
1131 2434 1424 2497 Januario,
1474 2431 1767 2498 Eutropius
1803 2430 1987 2486 consul
2014 2473 2029 2492 ,

441 2504 593 2559 otnni
630 2505 888 2573 dignitate
922 2507 1142 2561 orbatus
1188 2514 1243 2559 et
1287 2504 1589 2572 relegatus,
1637 2502 1703 2556 ad
1749 2502 2033 2557 ecclesiam

443 2574 615 2646 fugit;
662 2592 769 2645 quo
817 2587 1055 2646 tempore
1100 2576 1277 2631 habita
1322 2574 1547 2646 llmuilia
1593 2573 1646 2627 in
1696 2573 2030 2646 Eutropium.

444 2643 628 2701 TfIll.
657 2643 784 2702 Post
808 2643 1007 2717 aliquot
1027 2647 1142 2701 dies
1169 2688 1183 2710 ,
1210 2647 1298 2700 ubi
1328 2645 1614 2713 Eutropius
1637 2644 1919 2717 ecclesiam
1947 2659 2037 2717 re-

448 2717 711 2787 liquerat,
738 2712 910 2788 eaque
932 2718 1214 2788 ei-casione
1241 2728 1428 2787 captus
1453 2712 1572 2770 erat
1593 2755 1609 2781 ,
1634 2714 1775 2769 dicta
1808 2712 2036 2768 llomilia

442 2788 514 2843 de
540 2798 695 2855 capto
726 2787 1000 2858 Eutropio.
1032 2787 1119 2842 Ib.

518 2854 699 2914 Mense
743 2854 1035 2915 Februario
1080 2859 1254 2914 habita
1283 2867 1365 2914 est
1410 2854 1635 2911 llomilia
1665 2856 1686 2911 l
1712 2871 1777 2911 ex
1804 2863 1928 2911 ante
1957 2856 2036 2909 in.

446 2929 605 2984 editis
621 2930 682 2983 'l‘.
698 2930 812 2986 XII.
831 2932 1031 2986 llabitae
1048 2930 1238 2986 eodem
1265 2927 1624 2983 verisimiliter
1643 2942 1786 2980 anno
1812 2937 1999 2996 quarta
2014 2968 2032 2993 ,

448 3002 629 3067 quinta
661 3041 676 3061 ,
704 3012 854 3057 sexta
877 3044 891 3068 ,
925 3002 1150 3071 septima
1180 3010 1235 3055 et
1262 3011 1471 3071 octava.
1506 2997 1560 3051 In
1605 2998 1866 3071 Paschalis
1906 3014 2036 3071 vero

444 3071 587 3125 dicta
618 3071 841 3127 llomilia
869 3068 1052 3127 contra
1082 3071 1258 3126 Ludos
1281 3080 1338 3125 et
1360 3069 1613 3125 Theatra.
1646 3068 1816 3123 T.VI.
1838 3068 2036 3123 Deinde

447 3157 512 3195 ex
544 3142 754 3198 ineditis
774 3159 913 3198 nona
934 3185 949 3211 ,
973 3158 1036 3198 ac
1050 3142 1407 3197 verisimilitrr
1424 3140 1632 3195 decima
1652 3151 1707 3193 et
1729 3139 2031 3211 undecima.

449 3212 653 3267 Eodem
680 3230 822 3268 anno
842 3231 1022 3270 coram
1044 3213 1429 3285 Chrysostomo
1453 3220 1732 3266 accusatus
1756 3221 1839 3265 est
1865 3210 2036 3265 Anto-

449 3285 609 3339 ninus
637 3286 920 3354 episcopus
944 3285 1269 3354 Ephesinus.

522 3350 685 3411 Anno
722 3350 909 3411 eodem
935 3398 951 3422 ,
997 3350 1189 3410 'mense
1238 3353 1419 3418 Julio,
1460 3352 1696 3415 Gainas,
1738 3350 2035 3407 Gothorum

448 3424 555 3497 dux
583 3467 599 3489 ,
631 3438 815 3497 aperte
843 3438 1029 3481 contra
1059 3425 1345 3481 Arcadium
1375 3424 1637 3497 rebellare
1663 3423 1868 3497 incipit.
1898 3424 2037 3476 Ante

451 3496 619 3564 ipsius
667 3492 1031 3553 rebellionem
1099 3499 1518 3566 Cbrysostomus
1579 3492 1900 3566 impedivit,
1967 3509 2036 3548 ne

451 3567 633 3622 Ariani
661 3569 946 3624 ecclesiam
976 3564 1237 3623 haberent
1270 3564 1752 3634 Constantinopoli.
1787 3564 1913 3619 POSt
1950 3581 2037 3617 re-

449 3637 735 3693 bellionem
760 3639 826 3693 ad
855 3638 1077 3694 Gainam
1111 3638 1317 3707 legatus
1359 3638 1744 3707 profectusest
1768 3636 1996 3707 Sanctus
2018 3676 2033 3699 ,

447 3723 516 3761 ac
540 3710 884 3762 Saturninum
928 3720 981 3763 et
1024 3705 1366 3763 Aurelianum
1407 3708 1597 3761 exsilio
1636 3705 1882 3759 liberavit
1906 3746 1920 3767 ,
1951 3721 2038 3760 re-

450 3779 665 3848 tluane
701 3780 985 3834 llomiliam
1029 3780 1215 3835 habuit
1253 3779 1321 3834 de
1356 3776 1627 3833 Saturnini
1670 3785 1725 3831 et
1765 3776 2037 3831 Aureliani

451 3848 789 3904 liberatione.
819 3851 881 3905 T.
918 3852 1005 3905 III.

523 3921 663 3975 Ante
700 3921 1005 3990 praedictam
1040 3920 1363 3989 legationem
1390 3918 1564 3972 habita
1592 3916 1806 3990 videtur
1825 3917 2038 3986 gemina

453 3989 681 4044 llomilia
701 3988 779 4046 Vde
808 3991 1053 4046 Vauitate
1073 3988 1376 4046 divitiarum
1401 3991 1452 4042 in
1480 3989 1631 4054 illud,
1666 3988 1749 4041 Ne
1773 3989 2031 4056 timueris,

450 4076 568 4114 cum
592 4062 730 4117 dives
756 4066 922 4134 factus
950 4064 1097 4134 fuerit
1124 4062 1273 4115 homo
1294 4103 1308 4125 ,
1338 4071 1442 4115 ctc.
1473 4059 1538 4114 Τ.
1566 4060 1627 4114 ν.

726 4155 876 4210 Anno
912 4156 1054 4220 400,
1096 4164 1142 4210 et
1180 4153 1376 4209 duobus
1412 4152 1749 4223 sequentibus.

524 4249 680 4303 Anno
708 4248 813 4304 100
842 4249 985 4304 circa
1016 4247 1363 4304 Februarium
1393 4255 1483 4300 aut
1522 4245 1767 4300 Martium
1811 4246 2040 4301 Sanctus

450 4321 873 4389 prolicisciturin
890 4320 1071 4374 Asiam
1097 4361 1114 4387 ,
1132 4319 1239 4389 ibiq
1258 4333 1309 4374 te
1336 4320 1388 4373 in
1408 4317 1638 4389 concilio
1663 4317 2035 4387 episcoporum

450 4388 784 4460 septuaginta
816 4390 1148 4446 Heraclidem
1180 4388 1425 4460 Ephesiis
1453 4388 1662 4460 ordinat
1690 4390 2035 4457 episcopum;

448 4458 661 4516 deinde
678 4462 851 4517 varios
879 4461 1098 4530 deponit
1124 4458 1406 4530 episcopos
1429 4500 1443 4522 ,
1474 4458 1809 4513 Simoniacos
1830 4498 1847 4520 ,
1869 4460 2041 4526 Quar-

452 4534 817 4589 todecimauos
841 4573 855 4593 .
888 4532 1209 4587 Novatianos
1234 4571 1251 4595 ,
1278 4541 1436 4599 atque
1461 4530 1643 4584 aestivo
1681 4540 1920 4597 tempore
1947 4546 2038 4584 re-

449 4603 532 4658 dit
582 4603 1121 4672 Constantinopolim.
1183 4602 1362 4656 Prima
1425 4601 1608 4672 Sancti
1657 4600 1872 4654 humilia
1919 4610 2040 4672 post

451 4675 706 4729 reditum.
754 4674 819 4729 '1‘.
871 4671 956 4729 Ill.
1010 4674 1189 4729 statim
1246 4672 1444 4726 habita.
1487 4671 1620 4725 Tum
1673 4671 2037 4725 controversia

449 4747 623 4800 oritur
649 4745 786 4799 inter
816 4745 1068 4800 Sanctum
1099 4757 1151 4799 et
1176 4743 1523 4798 Severianum
1564 4741 1885 4796 Cabalorum
1919 4744 2037 4809 epi-

452 4831 674 4885 scopum
700 4859 716 4881 ,
747 4817 839 4885 qui
858 4817 928 4871 ob
951 4815 1233 4885 tumultum
1261 4814 1442 4883 populi
1469 4813 1661 4885 fugere
1674 4814 1900 4885 cogitur.
1935 4812 2040 4885 Ve-

452 4883 572 4941 rum
593 4927 609 4949 ,
641 4883 859 4957 petente
888 4886 1117 4941 Arcadio
1141 4928 1158 4953 ,
1184 4883 1603 4957 Cbrysostomus
1631 4883 1923 4957 Severiano
1948 4883 2041 4937 be-

454 4954 671 5025 nignum
703 4973 771 5029 se
791 4967 1010 5029 prastat
1035 4997 1051 5021 ,
1082 4954 1313 5027 eumque
1342 4955 1491 5011 brevi
1520 4954 1762 5008 oratione
1789 4968 1910 5007 cum
1945 4969 2040 5025 po:

449 5030 580 5097 pulo
605 5028 870 5083 conciliat.
900 5028 962 5083 T.
993 5028 1082 5083 III.

525 5099 680 5154 Anno
746 5099 872 5155 item
912 5099 1057 5159 400.
1115 5097 1476 5152 verisimiliter
1521 5094 1761 5165 exposita
1812 5104 2040 5165 utraque

450 5167 691 5236 Epistola
719 5168 778 5225 S.
807 5170 954 5224 Pauli
984 5170 1049 5224 ad
1076 5164 1607 5223 Thessalonicenses.
1632 5165 1696 5220 T.
1730 5164 1820 5219 XI.
1847 5177 1900 5221 et
1920 5164 2042 5236 par-

450 5242 547 5296 tim
575 5241 765 5296 saltem
797 5249 917 5309 post
945 5241 1048 5295 iter
1077 5241 1387 5294 Asiaticum.

525 5313 683 5366 Anno
710 5305 811 5367 401
841 5326 1026 5366 mense
1049 5310 1342 5364 Februario
1362 5351 1375 5370 ,
1398 5305 1457 5363 8.
1481 5306 1809 5377 Porphyrius
1836 5305 2040 5361 Gazen-

452 5381 528 5439 sis
577 5383 724 5437 venit
779 5381 1332 5450 Constantinopolim.
1373 5379 1693 5450 juvaturque
1730 5394 1760 5450 a
1803 5377 2040 5450 Chryso-

452 5464 630 5507 stomo
680 5453 745 5508 ad
786 5448 1146 5508 obtinendum
1171 5452 1402 5507 edictum
1441 5448 1785 5519 Imperatoris
1828 5449 1895 5502 ad
1942 5449 2039 5504 de-

449 5523 706 5579 struenda
723 5524 882 5581 Gazae
913 5525 1107 5593 templa
1140 5523 1427 5578 idolorum.
1447 5521 1684 5575 Eudoxia
1711 5534 1778 5574 eo
1802 5528 2041 5590 tempore

451 5592 588 5666 itala
617 5605 732 5666 erat
759 5592 1165 5666 Cbrysostoino.

526 5664 729 5722 Eodem
754 5661 897 5722 anno
942 5666 993 5720 in
1014 5664 1273 5721 Paschate
1314 5662 1563 5719 inchoata
1629 5675 1714 5717 est
1766 5661 2039 5733 hxpositio

451 5735 573 5793 libri
602 5738 876 5794 Actorum.
908 5736 970 5791 T.
1000 5735 1091 5790 IX.

524 5807 674 5863 Circa
705 5824 902 5881 annum
929 5807 1474 5881 l9?_Cltrysostontus
1502 5805 1719 5877 exponit
1751 5804 2038 5877 Epistulam

451 5883 521 5937 ad
556 5881 827 5937 lleht'mos.
861 5880 923 5935 T.
959 5878 1070 5934 XII.

1432 456 1437 461 ι
1523 385 1961 444 COMPENDIUM
1999 385 2571 447 CHRONOLOGICUM

3610 381 3723 440 2⁸ἴῖ

2564 501 2773 572 Scripta
2800 498 2984 552 incerti
3010 497 3276 568 temporis.

2202 573 2446 629 Homilize
2474 571 2842 646 aliquotanno
2863 576 3066 629 incerto
3084 576 3179 646 sed
3208 583 3331 646 ante
3360 571 3595 646 primum
3617 588 3720 626 es-

2133 645 2345 712 silium,
2374 643 2830 713 Constantinopoli
2875 646 3095 707 hahitae,
3126 644 3373 697 nimirum
3405 643 3630 697 llomilia
3665 645 3720 699 in

2131 715 2335 787 dictum
2364 716 2502 770 istud
2531 718 2755 787 apostoli
2776 758 2790 778 ,
2826 715 2886 771 Si
2915 719 3145 769 esuriem
3172 715 3405 767 inimicus
3433 721 3719 787 ἥρω-..θιὼ

2131 784 2299 841 T.IlI.
2318 786 2541 842 llomilia
2566 783 2639 843 de
2663 787 2943 856 Seraphim
2972 789 3139 856 prima
3168 795 3221 839 et
3242 795 3449 856 quarta:
3468 783 3634 856 T.7VI.
3658 798 3724 839 ac

2131 865 2243 911 tres
2271 856 2503 912 humilia:
2533 858 2762 913 invicem
2792 854 2987 912 secutre
3014 857 3081 911 de
3105 855 3315 926 Nuptiis
3339 864 3394 909 et
3418 854 3698 925 Coniugio.

2208 927 2452 982 llomilia:
2474 929 2613 993 aliai,
2640 929 2707 983 de
2726 929 2919 997 quibus
2947 944 3050 982 non
3075 925 3305 987 constat.
3335 925 3723 997 utrumiAntio-

2132 996 2269 1070 chizc
2291 1014 2357 1052 an
2381 996 2839 1070 Constantinopoli
2869 1001 2975 1053 sint
2997 998 3185 1061 dictat:
3216 997 3463 1070 videlicet
3494 996 3722 1070 iiomiiia

2132 1068 2199 1141 de
2226 1072 2456 1139 Angusta
2484 1081 2631 1141 porta
2653 1079 2709 1125 et
2731 1066 2970 1125 oratione
2997 1070 3287 1141 Dominica.
3309 1067 3372 1121 Τ.
3390 1066 3475 1122 111.
3497 1066 3723 1141 llomilia

2132 1139 2200 1194 de
2227 1137 2403 1195 Gloria
2430 1137 2497 1194 in'
2510 1142 2963 1206 tribulationibus;
2995 1140 3097 1194 alia
3135 1141 3187 1193 in
3230 1140 3403 1193 locum
3433 1137 3673 1207 Apostoli
3708 1155 3721 1188 :

2136 1210 2346 1278 Oportet
2388 1212 2602 1266 Izwreses
2646 1229 2771 1275 esse.
2809 1222 2912 1268 etc.
2950 1212 3050 1264 alia
3091 1212 3143 1265 in
3186 1209 3354 1265 Eliatn
3391 1218 3447 1263 et
3487 1208 3719 1262 viduam.

2140 1280 2367 1336 llomilia
2410 1284 2478 1336 de
2519 1283 2837 1338 Futurorum
2872 1283 3077 1337 deliciis
3110 1293 3165 1336 et
3203 1279 3545 1352 prresgntium
3574 1279 3726 1352 vani-

2136 1353 2585 1425 iateLHomiliain
2617 1354 2855 1425 Magnam
2888 1349 3291 1425 hebdomadam.
3323 1350 3472 1425 ην.
3495 1349 3723 1425 llomilia

2140 1423 2192 1476 in
2224 1423 2351 1496 illud
2381 1421 2769 1495 propheticum,
2802 1423 3190 1496 EgoADominus
3213 1421 3467 1496 Deusferi
3491 1422 3725 1496 (tamenet

2135 1489 2395 1561 tenebras,
2412 1489 2514 1550 etc.
2538 1506 2721 1550 contra
2747 1489 3068 1549 Manichzeos
3096 1495 3327 1547 maxime
3346 1493 3505 1545 dicta.
3534 1489 3597 1545 Τ.
3631 1489 3723 1544 VI.

2133 1565 2239 1633 alia
2279 1564 2349 1619 de
2391 1565 2623 1633 perfecta
2670 1566 2963 1621 Charitate.
3010 1563 3093 1618 Ib.
3126 1565 3229 1618 alia
3257 1564 3326 1619 de
3362 1561 3722 1617 Continentia.

2135 1631 2218 1688 Ib.
2253 1649 2314 1689 ac
2342 1631 2461 1689 duae
2487 1636 2553 1692 de
2579 1636 2957 1692 Consolatione
2983 1636 3169 1690 mortis
3192 1637 3232 1688 ⁸.

2190 1702 2423 1760 Exordia
2443 1709 2800 1776 persecutionis
2826 1709 2879 1761 in
2904 1706 3173 1768 Sanctum,
3209 1722 3342 1759 anno
3363 1704 3469 1760 405
3493 1712 3686 1776 caput.

2209 1777 2365 1830 Auno
2392 1772 2498 1832 405
2524 1793 2709 1834 mense
2745 1778 2935 1848 Aprili,
2957 1778 3013 1833 S.
3047 1776 3375 1848 Epiphanius
3400 1772 3727 1848 venit_Con-

2134 1848 2554 1916 stantinopolim,
2600 1844 2827 1919 indeque
2867 1858 2988 1919 post
3021 1844 3227 1919 aliquot
3250 1846 3368 1901 dies
3392 1844 3635 1911 discedit,
3661 1858 3727 1899 ac

2139 1932 2325 1989 mense
2352 1919 2490 1989 Majo
2515 1921 2572 1974 in
2601 1920 2773 1976 reditu
2805 1920 3050 1974 moritur.

2208 1988 2410 2044 Eodem
2434 1986 2626 2056 'anno,
2674 1991 2815 2046 circa
2856 1991 3181 2060 Augustum,
3222 1986 3550 2060 Theophilus
3574 1986 3726 2060 venit

2135 2060 2673 2130 Constantinopolim.
2715 2062 2865 2116 Circa
2894 2058 3263 2129 Séptembrem
3298 2058 3729 2130 inchoai_conei-

2138 2131 2391 2184 liabulum
2420 2126 2797 2198 ad'Quercum,
2828 2133 2881 2186 in
2919 2126 3028 2202 quo
3067 2131 3455 2185 condemnatur
3487 2126 3726 2200 Chryso-

2138 2211 2363 2267 stomns,
2396 2202 2533 2257 forte
2560 2203 2661 2257 sub
2690 2204 2850 2257 linem
2877 2202 3226 2269 Septembris.

2211 2272 2396 2326 Habita
2418 2289 2446 2326 a
2469 2274 2664 2329 Sancto
2683 2285 2807 2328 ante
2838 2267 3209 2328 aliductionem
3250 2271 3498 2336 llomilia,
3536 2269 3598 2324 T.
3629 2267 3720 2323 Ill.

2137 2342 2263 2397 415.
2299 2360 2404 2398 non
2437 2345 2560 2398 item
2588 2346 2689 2398 alia
2710 2386 2726 2409 ,
2751 2361 2869 2413 qua:
2893 2360 2987 2414 pro
3007 2344 3342 2413 supposititia
3373 2342 3633 2414 habenda.

2210 2414 2408 2469 Triduo
2432 2424 2552 2484 post
2577 2416 2736 2470 latam
2760 2411 2811 2470 in
2837 2411 3553 2477 conciliabqusententiam,
3583 2411 3722 2484 Sani-

2137 2493 2256 2538 ctns
2282 2482 2541 2541 violenter
2563 2487 2694 2541 urbe
2714 2487 2998 2555 expellitur
3021 2526 3036 2549 ,
3065 2495 3120 2539 et
3163 2485 3216 2538 in
3254 2484 3553 2555 Bithyniam
3579 2482 3730 2555 duci-

2141 2565 2254 2637 iur;
2285 2557 2541 2682 lpgstridie
2558 2572 2686 2613 vero
2706 2552 3008 2624 revocatur,
3027 2566 3081 2612 et
3101 2565 3221 2627 post
3241 2552 3437 2626 paucos
3456 2554 3571 2609 dies
3587 2552 3729 2609 redit

2141 2641 2192 2680 III
2220 2643 2281 2681 ur
2353 2643 2424 2681 m.
3477 2648 3483 2654 ’

2139 2641 2192 2680 Ill
2220 2641 2424 2681 urbem.
3477 2648 3483 2654 ’

2214 2699 2308 2753 Die
2329 2699 2446 2769 ipso
2467 2698 2639 2754 reditu
2665 2698 2842 2754 habita
2869 2698 3097 2753 llomilia
3123 2697 3325 2769 brevis.
3352 2696 3416 2752 T.
3445 2695 3533 2751 Ill.

2211 2768 2475 2825 P05tridie
2501 2771 2640 2826 dicta
2671 2772 2836 2825 altera
2868 2770 3114 2824 llomilia.
3145 2768 3228 2822 Ib.

2216 2842 2340 2895 Post
2369 2841 2572 2911 aliquot
2593 2842 2709 2897 dies
2730 2851 2823 2896 aut
2849 2841 3213 2896 hebdomadas
3238 2839 3378 2895 dicta
3408 2836 3634 2893 llomilia
3659 2835 3730 2890 de

2138 2910 2469 2970 Chananma.
2491 2910 2573 2965 Ib.

2212 2986 2362 3041 Circa
2387 2997 2626 3038 mensem
2649 2982 2998 3038 Decembrem
3029 2981 3267 3037 Eudoxia
3294 2980 3486 3035 iterum
3509 2991 3729 3033 exacer—

2141 3056 2297 3111 batur
2331 3066 2519 3126 contra
2545 3053 2985 3126 ChrysoSIomum
3013 3053 3295 3126 occasione
3334 3050 3612 3126 ludorum:
3639 3048 3729 3126 qui

2141 3127 2208 3181 ad
2238 3134 2465 3181 statuam
2509 3117 2674 3193 ipsius
2698 3125 3022 3195 agebantur;
3069 3124 3326 3179 Arcadius
3350 3135 3480 3175 vero
3504 3120 3556 3174 in
3584 3117 3733 3195 festi-

2140 3199 2303 3251 vitate
2333 3191 2537 3250 Nata!is
2561 3191 2767 3251 Domitii
2788 3211 2908 3251 cum
2930 3196 3315 3267 Chrysostomo
3332 3191 3729 3267 communicare

2141 3268 2419 3322 detrectat.
2454 3266 2665 3321 Interim
2694 3268 2927 3337 episcopi
2956 3263 3168 3322 rursum
3189 3274 3445 3321 vocantur
3471 3263 3732 3318 Constan-

2140 3339 2415 3409 tinopolim
2441 3339 2506 3393 ad
2527 3337 2894 3409 iudicandum.

2662 3407 2912 3464 Exsilium
2937 3425 3071 3462 anno
3091 3407 3217 3465 404.

2213 3503 2368 3557 Anno
2396 3501 2522 3567 404,
2545 3501 2689 3577 circa
2714 3501 2983 3577 Martium,
3007 3517 3163 3559 causa
3191 3499 3377 3577 Sancti
3403 3498 3594 3577 iterum
3623 3493 3735 3577 agi-

2142 3583 2304 3637 tatur,
2343 3587 2408 3626 ac
2451 3573 2663 3627 tandem
2706 3574 2824 3628 sine
2862 3589 3001 3626 novo
3028 3573 3277 3629 examine
3302 3570 3729 3639 primsentcntia

2140 3646 2209 3698 ab
2251 3636 2451 3713 aliquot
2491 3644 2758 3712 episcopis
2800 3646 3181 3708 conﬁrmatur;
3228 3636 3455 3698 Sanctus
3494 3652 3619 3694 vero
3663 3636 3732 3690 ab

2142 3715 2372 3769 Arcadio
2399 3714 2620 3769 ecclesia
2646 3715 2994 3770 interdicitur.

2216 3786 2311 3840 Die
2345 3785 2464 3840 XVI
2504 3786 2720 3854 Aprilis,
2767 3787 2821 3840 in
2861 3786 3136 3857 pervigilio
3180 3781 3471 3845 Paschalis,
3499 3789 3552 3857 et
3576 3786 3733 3832 nocte

2142 3867 2419 3925 sequente,
2448 3850 2623 3910 clerus
2665 3866 2720 3911 et
2762 3850 2989 3927 populus
3012 3850 3432 3927 'Chrysostomo
3456 3850 3735 3927 adhaerens

2143 3923 2474 3998 perimanum
2502 3923 2784 3998 militarem
2813 3923 3075 3984 violenter
3102 3923 3600 3998 ccclesiisiejicitur.

2214 3997 2329 4052 Non
2369 3997 2475 4070 diu_
2495 4006 2615 4070 post
2638 3997 3051 4070 Cbrysostomus
3076 3999 3257 4070 literas
3281 4006 3336 4049 et
3356 3989 3553 4070 legatos
3576 3989 3736 4044 mittit

2145 4067 2369 4123 Romam
2412 4067 2477 4140 ad
2498 4063 2888 4125 ’Innocen'tium
2928 4086 3140 4140 papam,
3169 4068 3253 4123 cui
3279 4073 3425 4136 gesta
3449 4063 3731 4119 adversum

2142 4154 2202 4193 se
2222 4139 2555 4211 g-xpoui_t,_et
2582 4140 2736 4210 cujus
2764 4139 3167 4211 opemllagitat.

2219 4204 2316 4264 Die
2339 4209 2440 4265 XX
2466 4204 2619 4282 Junii
2649 4204 3068 4282 Cbrysostomus
3091 4210 3222 4264 urbe
3249 4207 3537 4282 eapeIIitur
3559 4204 3617 4282 in_
3637 4219 3734 4258 ex-

2144 4280 2319 4335 silium
2340 4322 2355 4348 ,
2386 4289 2443 4336 et
2478 4281 2701 4336 ecclesia
2724 4276 2847 4338 cum
2874 4284 3020 4338 curia
3046 4283 3233 4336 eodem
3266 4280 3353 4335 die
3379 4276 3731 4334 comburitur.

2556 4352 2762 4421 Scripta
2789 4358 3022 4424 factaque
3049 4354 3102 4407 in
3130 4353 3326 4406 itinere.

2216 4423 2343 4477 Post
2367 4438 2528 4476 unum
2560 4417 2857 4480 alternative
2879 4417 3022 4480 diem
3045 4425 3247 4494 scripta
3275 4420 3344 4475 ad
3370 4418 3430 4475 8.
3456 4417 3732 4490 Olympia-

2145 4493 2268 4549 dcnt
2298 4493 2521 4560 epistula
2547 4495 2635 4548 Η.

2218 4565 2312 4618 Die
2335 4559 2454 4617 XVI
2484 4563 2897 4622 JnniiArsacius
2933 4566 3130 4621 Sancto
3161 4563 3498 4618 substituitur
3530 4559 3736 4628 cpisco-

2147 4652 2265 4702 pus.
2310 4635 2444 4689 IIinc
2490 4648 2604 4707 orta
2649 4638 2947 4707 persecutio
2972 4647 3159 4691 contra
3182 4649 3295 4700 eos,
3323 4634 3411 4703 qni
3439 4632 3554 4701 ejus
3582 4646 3732 4685 com-

2145 4707 2450 4762 tnunionetn
2481 4706 2769 4775 fugiebant.

2216 4776 2367 4832 Circa
2414 4771 2572 4831 tinem
2610 4779 2753 4834 Junii
2799 4788 2889 4833 aut
2935 4779 3142 4833 initium
3187 4776 3347 4839 Julii,
3388 4773 3583 4842 scripta
3624 4771 3736 4839 epi-

2145 4850 2278 4904 stola
2302 4846 2489 4922 ll8_ad
2513 4850 2793 4921 episcopos
2811 4863 2866 4905 et
2893 4851 3229 4922 presbyteros
3250 4845 3479 4902 incendii
3502 4858 3658 4899 causa
3682 4843 3733 4893 in

2144 4933 2363 4976 carcere
2391 4918 2664 4987 degentes.

2145 5062 2179 5118 (Ι
2221 4989 2314 5044 Die
2340 4988 2406 5043 Ill
2435 4982 2561 5046 Julii
2583 4992 2775 5048 Nicaea:
2802 4992 2998 5063 scripta
3024 4991 3249 5061 epistola
3270 4987 3337 5044 IO
3363 4986 3431 5041 ad
3460 4982 3732 5057 Olympia-

2181 5078 2291 5118 em.

2181 5078 2267 5118 CIII
2277 5100 2291 5114 .

2220 5130 2416 5187 Ibidem
2457 5147 2670 5202 quoque
2713 5133 2833 5187 data
2873 5133 3082 5189 videtur
3105 5133 3269 5187 altera
3294 5126 3360 5184 ad
3384 5128 3631 5184 detentos
3669 5125 3723 5178 in

2146 5217 2383 5266 carcere,
2414 5203 2527 5259 sive
2551 5206 2779 5273 epistola
2805 5205 2928 5259 174.

2220 5274 2417 5329 Ibidem
2468 5267 2699 5346 quoque,
2729 5283 2822 5329 aut
2844 5274 3060 5330 XXVIII
3079 5273 3244 5335 Junii,
3276 5280 3367 5346 aut
3404 5267 3737 5346 probabilius

2147 5346 2216 5403 IV
2239 5346 2363 5403 Julii
2388 5340 2509 5400 data
2541 5340 2766 5416 cpistola
2795 5348 2894 5402 221
2925 5346 2991 5401 ad
3021 5345 3414 5408 Constantium,
3456 5340 3734 5412 presbyte-

2148 5434 2265 5475 rum
2294 5417 2710 5472 Antiochenum.

2219 5488 2402 5546 Mense
2425 5488 2586 5554 Julio,
2617 5491 2668 5541 in
2700 5488 2905 5543 Galatia
2930 5497 3021 5541 aut
3048 5484 3403 5555 Cappadocia,
3433 5482 3629 5555 scripta
3655 5488 3739 5534 est

2148 5565 2374 5628 cpistola
2404 5562 2498 5616 I2l
2534 5561 2601 5615 ad
2630 5561 2914 5622 Arabium;
2953 5554 3135 5613 octava
3164 5554 3230 5611 ad
3270 5554 3660 5627 Olympiadem,
3681 5558 3739 5604 et

2212 5696 2230 5725 ι
2257 5699 2328 5743 ne
2349 5693 2559 5744 bomiliis
2579 5695 2873 5757 ueterisque
2897 5685 3090 5755 scriptis
3113 5691 3273 5757 dubiis
3295 5698 3467 5757 tractat
3487 5688 3740 5757 stiltiagus

2145 5763 2170 5821 ς
2211 5764 2271 5806 δδ
2316 5759 2653 5821 Commentarii
2685 5757 2759 5806 sui
2789 5752 2853 5805 de
2884 5752 3041 5821 Rebus
3064 5764 3115 5805 et
3144 5756 3337 5821 scriptis
3369 5754 3565 5821 Joannis
3593 5752 3735 5821 Clu-y-

2147 5812 2474 5933 ios‘tpmiibi
2513 5821 2660 5870 etiam
2704 5826 2876 5870 tractat
2913 5817 2979 5869 de
3008 5812 3363 5869 Commentario
3399 5817 3450 5867 in
3488 5812 3738 5865 minetur:
