  <div class='ocr_page' id='page_1' title='image "/cluster/home/n/w/nwhite01/storage/ocr_20150623/47/nnc1.0046978321/233.png"; bbox 0 0 4096 6392; ppageno 0'>
   <div class='ocr_carea' id='block_1_1' title="bbox 477 286 576 342">
    <p class='ocr_par' dir='ltr' id='par_1_1' title="bbox 477 286 576 342">
     <span class='ocr_line' id='line_1_1' title="bbox 477 286 576 342; baseline -0.01 0"><span class='ocrx_word' id='word_1_1' title='bbox 477 286 576 342; x_wconf 81' lang='grc'><strong>271</strong></span> 
     </span>
    </p>
   </div>
   <div class='ocr_carea' id='block_1_2' title="bbox 443 396 2035 470">
    <p class='ocr_par' dir='ltr' id='par_1_2' title="bbox 443 396 2035 470">
     <span class='ocr_line' id='line_1_2' title="bbox 443 396 2035 470; baseline -0.004 -14"><span class='ocrx_word' id='word_1_2' title='bbox 443 417 695 467; x_wconf 86' lang='lat' dir='ltr'><strong>nenscm;</strong></span> <span class='ocrx_word' id='word_1_3' title='bbox 739 402 842 459; x_wconf 80' lang='grc'>150</span> <span class='ocrx_word' id='word_1_4' title='bbox 869 402 935 458; x_wconf 90' lang='lat' dir='ltr'><strong>ad</strong></span> <span class='ocrx_word' id='word_1_5' title='bbox 974 400 1260 457; x_wconf 80' lang='lat' dir='ltr'><strong>Maximum</strong></span> <span class='ocrx_word' id='word_1_6' title='bbox 1288 400 1635 470; x_wconf 82' lang='lat' dir='ltr'><strong>episcopum;</strong></span> <span class='ocrx_word' id='word_1_7' title='bbox 1668 398 1763 470; x_wconf 80' lang='grc'>151</span> <span class='ocrx_word' id='word_1_8' title='bbox 1791 396 1857 452; x_wconf 88' lang='lat' dir='ltr'><strong>ad</strong></span> <span class='ocrx_word' id='word_1_9' title='bbox 1883 397 2035 452; x_wconf 82' lang='lat' dir='ltr'><strong>Asel-</strong></span> 
     </span>
    </p>
   </div>
   <div class='ocr_carea' id='block_1_3' title="bbox 449 469 2032 542">
    <p class='ocr_par' dir='ltr' id='par_1_3' title="bbox 449 469 2032 542">
     <span class='ocr_line' id='line_1_3' title="bbox 449 469 2032 542; baseline -0.003 -16"><span class='ocrx_word' id='word_1_10' title='bbox 449 474 555 526; x_wconf 82' lang='lat' dir='ltr'><strong>ltnn</strong></span> <span class='ocrx_word' id='word_1_11' title='bbox 585 475 924 542; x_wconf 84' lang='lat' dir='ltr'><strong>episcopum;</strong></span> <span class='ocrx_word' id='word_1_12' title='bbox 957 474 1089 536; x_wconf 82' lang='grc'>152,</span> <span class='ocrx_word' id='word_1_13' title='bbox 1122 474 1246 533; x_wconf 79' lang='grc'>155,</span> <span class='ocrx_word' id='word_1_14' title='bbox 1281 472 1383 527; x_wconf 77' lang='grc'><strong>154</strong></span> <span class='ocrx_word' id='word_1_15' title='bbox 1413 469 1592 542; x_wconf 65' lang='grc'>81181</span> <span class='ocrx_word' id='word_1_16' title='bbox 1621 469 1689 523; x_wconf 86' lang='lat' dir='ltr'><strong>ad</strong></span> <span class='ocrx_word' id='word_1_17' title='bbox 1713 471 1991 542; x_wconf 78' lang='lat' dir='ltr'><strong>episcopos</strong></span> <span class='ocrx_word' id='word_1_18' title='bbox 2015 509 2032 534; x_wconf 91' lang='lat'><strong>,</strong></span> 
     </span>
    </p>
   </div>
   <div class='ocr_carea' id='block_1_4' title="bbox 447 541 2030 615">
    <p class='ocr_par' dir='ltr' id='par_1_4' title="bbox 447 541 2030 615">
     <span class='ocr_line' id='line_1_4' title="bbox 447 541 2030 615; baseline -0.005 -18"><span class='ocrx_word' id='word_1_19' title='bbox 447 543 550 597; x_wconf 79' lang='grc'>148</span> <span class='ocrx_word' id='word_1_20' title='bbox 576 541 641 597; x_wconf 85' lang='lat' dir='ltr'><strong>ad</strong></span> <span class='ocrx_word' id='word_1_21' title='bbox 669 541 968 615; x_wconf 83' lang='lat' dir='ltr'><strong>Cyriacum,</strong></span> <span class='ocrx_word' id='word_1_22' title='bbox 1006 541 1690 615; x_wconf 74' lang='lat' dir='ltr'><strong>Demetrium,_Palladium,</strong></span> <span class='ocrx_word' id='word_1_23' title='bbox 1719 541 1992 615; x_wconf 74' lang='lat' dir='ltr'><strong>Eulysitun</strong></span> <span class='ocrx_word' id='word_1_24' title='bbox 2013 577 2030 601; x_wconf 92' lang='lat'><strong>,</strong></span> 
     </span>
    </p>
   </div>
   <div class='ocr_carea' id='block_1_5' title="bbox 445 611 2034 734">
    <p class='ocr_par' dir='ltr' id='par_1_5' title="bbox 445 611 2034 734">
     <span class='ocr_line' id='line_1_5' title="bbox 445 611 2033 683; baseline -0.004 -15"><span class='ocrx_word' id='word_1_25' title='bbox 445 611 730 683; x_wconf 79' lang='lat' dir='ltr'><strong>episcopos</strong></span> <span class='ocrx_word' id='word_1_26' title='bbox 755 613 1090 676; x_wconf 75' lang='lat' dir='ltr'><strong>Orientales;</strong></span> <span class='ocrx_word' id='word_1_27' title='bbox 1123 615 1224 667; x_wconf 85' lang='grc'><strong>168</strong></span> <span class='ocrx_word' id='word_1_28' title='bbox 1251 613 1315 666; x_wconf 86' lang='lat' dir='ltr'><strong>ad</strong></span> <span class='ocrx_word' id='word_1_29' title='bbox 1348 611 1575 666; x_wconf 83' lang='lat' dir='ltr'><strong>Probam</strong></span> <span class='ocrx_word' id='word_1_30' title='bbox 1601 620 1895 665; x_wconf 91' lang='lat' dir='ltr'><strong>matronam</strong></span> <span class='ocrx_word' id='word_1_31' title='bbox 1929 611 2033 662; x_wconf 78' lang='lat' dir='ltr'><strong>Ro-</strong></span> 
     </span>
     <span class='ocr_line' id='line_1_6' title="bbox 445 679 2034 734; baseline 0 0"><span class='ocrx_word' id='word_1_32' title='bbox 445 699 691 734; x_wconf 85' lang='lat' dir='ltr'><strong>manam:</strong></span> <span class='ocrx_word' id='word_1_33' title='bbox 723 684 826 734; x_wconf 83' lang='grc'><strong>169</strong></span> <span class='ocrx_word' id='word_1_34' title='bbox 864 686 930 734; x_wconf 90' lang='lat' dir='ltr'><strong>ad</strong></span> <span class='ocrx_word' id='word_1_35' title='bbox 969 685 1253 734; x_wconf 87' lang='lat' dir='ltr'><strong>.lulianam.</strong></span> <span class='ocrx_word' id='word_1_36' title='bbox 1286 683 1472 734; x_wconf 73' lang='lat' dir='ltr'><strong>Proba:</strong></span> <span class='ocrx_word' id='word_1_37' title='bbox 1517 697 1730 734; x_wconf 91' lang='lat' dir='ltr'><strong>nurum.</strong></span> <span class='ocrx_word' id='word_1_38' title='bbox 1759 691 1814 734; x_wconf 86' lang='lat' dir='ltr'><strong>et</strong></span> <span class='ocrx_word' id='word_1_39' title='bbox 1839 680 1940 734; x_wconf 80' lang='grc'><strong>170</strong></span> <span class='ocrx_word' id='word_1_40' title='bbox 1967 679 2034 734; x_wconf 90' lang='lat' dir='ltr'><strong>ad</strong></span> 
     </span>
    </p>
   </div>
   <div class='ocr_carea' id='block_1_6' title="bbox 445 680 1996 810">
    <p class='ocr_par' dir='ltr' id='par_1_6' title="bbox 445 680 1996 810">
     <span class='ocr_line' id='line_1_7' title="bbox 445 680 1996 750; baseline -0.003 -11"><span class='ocrx_word' id='word_1_41' title='bbox 445 680 691 750; x_wconf 84' lang='lat' dir='ltr'><strong>manam;</strong></span> <span class='ocrx_word' id='word_1_42' title='bbox 723 684 826 739; x_wconf 84' lang='grc'><strong>160</strong></span> <span class='ocrx_word' id='word_1_43' title='bbox 864 686 930 738; x_wconf 93' lang='lat' dir='ltr'><strong>ad</strong></span> <span class='ocrx_word' id='word_1_44' title='bbox 969 685 1253 747; x_wconf 89' lang='lat' dir='ltr'><strong>Jolianam,</strong></span> <span class='ocrx_word' id='word_1_45' title='bbox 1286 683 1472 737; x_wconf 77' lang='lat' dir='ltr'><strong>Proba:</strong></span> <span class='ocrx_word' id='word_1_46' title='bbox 1517 697 1730 747; x_wconf 91' lang='lat' dir='ltr'><strong>nurum,</strong></span> <span class='ocrx_word' id='word_1_47' title='bbox 1759 691 1814 737; x_wconf 86' lang='lat' dir='ltr'><strong>et</strong></span> <span class='ocrx_word' id='word_1_48' title='bbox 1839 680 1940 736; x_wconf 80' lang='grc'><strong>170</strong></span> <span class='ocrx_word' id='word_1_49' title='bbox 1967 695 1996 734; x_wconf 91' lang='lat' dir='ltr'><strong>a</strong></span> 
     </span>
     <span class='ocr_line' id='line_1_8' title="bbox 450 754 1478 810; baseline -0.004 -1"><span class='ocrx_word' id='word_1_50' title='bbox 450 754 682 810; x_wconf 75' lang='lat' dir='ltr'><strong>Italicam</strong></span> <span class='ocrx_word' id='word_1_51' title='bbox 711 760 871 810; x_wconf 84' lang='lat' dir='ltr'><strong>etiam</strong></span> <span class='ocrx_word' id='word_1_52' title='bbox 897 755 1127 808; x_wconf 91' lang='lat' dir='ltr'><strong>nobilem</strong></span> <span class='ocrx_word' id='word_1_53' title='bbox 1160 765 1478 808; x_wconf 79' lang='lat' dir='ltr'><strong>matronam.</strong></span> 
     </span>
    </p>
   </div>
   <div class='ocr_carea' id='block_1_7' title="bbox 898 845 1582 916">
    <p class='ocr_par' dir='ltr' id='par_1_7' title="bbox 898 845 1582 916">
     <span class='ocr_line' id='line_1_9' title="bbox 898 845 1582 916; baseline -0.003 -17"><span class='ocrx_word' id='word_1_54' title='bbox 898 847 1101 915; x_wconf 79' lang='lat' dir='ltr'><strong>Aliquot</strong></span> <span class='ocrx_word' id='word_1_55' title='bbox 1127 845 1304 898; x_wconf 79' lang='lat' dir='ltr'><strong>incerti</strong></span> <span class='ocrx_word' id='word_1_56' title='bbox 1324 845 1582 916; x_wconf 70' lang='lat' dir='ltr'><strong>(corporis.</strong></span> 
     </span>
    </p>
   </div>
   <div class='ocr_carea' id='block_1_8' title="bbox 518 955 2036 1027">
    <p class='ocr_par' dir='ltr' id='par_1_8' title="bbox 518 955 2036 1027">
     <span class='ocr_line' id='line_1_10' title="bbox 518 955 2036 1027; baseline 0.001 -17"><span class='ocrx_word' id='word_1_57' title='bbox 518 955 773 1025; x_wconf 72' lang='lat' dir='ltr'><strong>Epistolm</strong></span> <span class='ocrx_word' id='word_1_58' title='bbox 795 957 1052 1027; x_wconf 88' lang='lat' dir='ltr'><strong>temporis</strong></span> <span class='ocrx_word' id='word_1_59' title='bbox 1076 957 1262 1010; x_wconf 81' lang='lat' dir='ltr'><strong>incerti</strong></span> <span class='ocrx_word' id='word_1_60' title='bbox 1286 964 1430 1023; x_wconf 91' lang='lat' dir='ltr'><strong>sunt,</strong></span> <span class='ocrx_word' id='word_1_61' title='bbox 1451 957 1520 1011; x_wconf 71' lang='grc'>48</span> <span class='ocrx_word' id='word_1_62' title='bbox 1542 956 1608 1011; x_wconf 90' lang='lat' dir='ltr'><strong>ad</strong></span> <span class='ocrx_word' id='word_1_63' title='bbox 1636 957 1909 1020; x_wconf 84' lang='lat' dir='ltr'><strong>Arabium,</strong></span> <span class='ocrx_word' id='word_1_64' title='bbox 1933 956 2036 1012; x_wconf 87' lang='grc'>192</span> 
     </span>
    </p>
   </div>
   <div class='ocr_carea' id='block_1_9' title="bbox 446 1026 2034 1095">
    <p class='ocr_par' dir='ltr' id='par_1_9' title="bbox 446 1026 2034 1095">
     <span class='ocr_line' id='line_1_11' title="bbox 446 1026 2034 1095; baseline 0 -15"><span class='ocrx_word' id='word_1_65' title='bbox 446 1026 513 1082; x_wconf 85' lang='lat' dir='ltr'><strong>ad</strong></span> <span class='ocrx_word' id='word_1_66' title='bbox 545 1026 950 1090; x_wconf 84' lang='lat' dir='ltr'><strong>Onesicratiani,</strong></span> <span class='ocrx_word' id='word_1_67' title='bbox 979 1029 1049 1083; x_wconf 80' lang='grc'>46</span> <span class='ocrx_word' id='word_1_68' title='bbox 1088 1027 1151 1080; x_wconf 88' lang='lat' dir='ltr'><strong>ad</strong></span> <span class='ocrx_word' id='word_1_69' title='bbox 1202 1027 1470 1093; x_wconf 78' lang='lat' dir='ltr'><strong>Rufinum,</strong></span> <span class='ocrx_word' id='word_1_70' title='bbox 1497 1028 1567 1082; x_wconf 81' lang='grc'>65</span> <span class='ocrx_word' id='word_1_71' title='bbox 1605 1029 1669 1080; x_wconf 84' lang='lat' dir='ltr'><strong>ad</strong></span> <span class='ocrx_word' id='word_1_72' title='bbox 1714 1029 2034 1095; x_wconf 83' lang='lat' dir='ltr'><strong>Tranquilli-</strong></span> 
     </span>
    </p>
   </div>
   <div class='ocr_carea' id='block_1_10' title="bbox 447 1098 2035 1162">
    <p class='ocr_par' dir='ltr' id='par_1_10' title="bbox 447 1098 2035 1162">
     <span class='ocr_line' id='line_1_12' title="bbox 447 1098 2035 1162; baseline 0 -10"><span class='ocrx_word' id='word_1_73' title='bbox 447 1113 575 1152; x_wconf 90' lang='lat' dir='ltr'><strong>num</strong></span> <span class='ocrx_word' id='word_1_74' title='bbox 599 1139 616 1162; x_wconf 94' lang='lat'><strong>,</strong></span> <span class='ocrx_word' id='word_1_75' title='bbox 667 1098 767 1151; x_wconf 81' lang='grc'><strong>177</strong></span> <span class='ocrx_word' id='word_1_76' title='bbox 811 1099 876 1150; x_wconf 88' lang='lat' dir='ltr'><strong>ad</strong></span> <span class='ocrx_word' id='word_1_77' title='bbox 919 1098 1335 1157; x_wconf 85' lang='lat' dir='ltr'><strong>Artemidorum,</strong></span> <span class='ocrx_word' id='word_1_78' title='bbox 1371 1099 1428 1152; x_wconf 89' lang='lat' dir='ltr'><strong>7l</strong></span> <span class='ocrx_word' id='word_1_79' title='bbox 1465 1099 1529 1151; x_wconf 91' lang='lat' dir='ltr'><strong>ad</strong></span> <span class='ocrx_word' id='word_1_80' title='bbox 1558 1098 1840 1161; x_wconf 84' lang='lat' dir='ltr'><strong>Malchum,</strong></span> <span class='ocrx_word' id='word_1_81' title='bbox 1869 1098 1939 1152; x_wconf 81' lang='grc'><strong>92</strong></span> <span class='ocrx_word' id='word_1_82' title='bbox 1969 1098 2035 1152; x_wconf 86' lang='lat' dir='ltr'><strong>ad</strong></span> 
     </span>
    </p>
   </div>
   <div class='ocr_carea' id='block_1_11' title="bbox 451 1167 2032 1240">
    <p class='ocr_par' dir='ltr' id='par_1_11' title="bbox 451 1167 2032 1240">
     <span class='ocr_line' id='line_1_13' title="bbox 451 1167 2032 1240; baseline -0.001 -18"><span class='ocrx_word' id='word_1_83' title='bbox 451 1167 1110 1240; x_wconf 66' lang='lat' dir='ltr'><strong>Moysemprcsbyterum,</strong></span> <span class='ocrx_word' id='word_1_84' title='bbox 1141 1170 1229 1223; x_wconf 88' lang='grc'>101</span> <span class='ocrx_word' id='word_1_85' title='bbox 1263 1169 1327 1222; x_wconf 88' lang='lat' dir='ltr'><strong>ad</strong></span> <span class='ocrx_word' id='word_1_86' title='bbox 1354 1169 1609 1224; x_wconf 76' lang='lat' dir='ltr'><strong>Severum</strong></span> <span class='ocrx_word' id='word_1_87' title='bbox 1641 1171 2032 1238; x_wconf 81' lang='lat' dir='ltr'><strong>presbyterum,</strong></span> 
     </span>
    </p>
   </div>
   <div class='ocr_carea' id='block_1_12' title="bbox 447 1183 2033 1320">
    <p class='ocr_par' dir='ltr' id='par_1_12' title="bbox 447 1183 2033 1320">
     <span class='ocr_line' id='line_1_14' title="bbox 451 1183 2032 1292; baseline -0.001 -70"><span class='ocrx_word' id='word_1_88' title='bbox 451 1183 686 1292; x_wconf 47' lang='lat' dir='ltr'><strong>mysem</strong></span> <span class='ocrx_word' id='word_1_89' title='bbox 717 1183 1110 1240; x_wconf 87' lang='lat' dir='ltr'><strong>prcsuyterum,</strong></span> <span class='ocrx_word' id='word_1_90' title='bbox 1141 1183 1229 1223; x_wconf 89' lang='grc' dir='ltr'>ιυι</span> <span class='ocrx_word' id='word_1_91' title='bbox 1263 1183 1327 1222; x_wconf 88' lang='lat' dir='ltr'><strong>aa</strong></span> <span class='ocrx_word' id='word_1_92' title='bbox 1354 1183 1609 1224; x_wconf 73' lang='lat' dir='ltr'><strong>beverum</strong></span> <span class='ocrx_word' id='word_1_93' title='bbox 1641 1183 2032 1238; x_wconf 84' lang='lat' dir='ltr'><strong>presuyterum,</strong></span> 
     </span>
     <span class='ocr_line' id='line_1_15' title="bbox 447 1239 2033 1320; baseline 0 -28"><span class='ocrx_word' id='word_1_94' title='bbox 447 1239 518 1320; x_wconf 69' lang='grc'>15</span> <span class='ocrx_word' id='word_1_95' title='bbox 580 1239 1034 1320; x_wconf 41' lang='lat' dir='ltr'><strong>ad&quot;:l‘ﬂhcodorum~</strong></span> <span class='ocrx_word' id='word_1_96' title='bbox 1058 1239 1228 1308; x_wconf 69' lang='lat' dir='ltr'><strong>Syria:</strong></span> <span class='ocrx_word' id='word_1_97' title='bbox 1253 1241 1684 1320; x_wconf 32' lang='lat' dir='ltr'><strong>consularemAnl</strong></span> <span class='ocrx_word' id='word_1_98' title='bbox 1693 1241 1752 1294; x_wconf 88' lang='grc'>71</span> <span class='ocrx_word' id='word_1_99' title='bbox 1770 1240 1855 1320; x_wconf 62' lang='lat' dir='ltr'><strong>ad</strong></span> <span class='ocrx_word' id='word_1_100' title='bbox 1883 1240 2033 1320; x_wconf 60' lang='lat' dir='ltr'><strong>ilion-</strong></span> 
     </span>
    </p>
   </div>
   <div class='ocr_carea' id='block_1_13' title="bbox 446 1309 2036 1380">
    <p class='ocr_par' dir='ltr' id='par_1_13' title="bbox 446 1309 2036 1380">
     <span class='ocr_line' id='line_1_16' title="bbox 446 1309 2036 1380; baseline 0.001 -18"><span class='ocrx_word' id='word_1_101' title='bbox 446 1312 608 1373; x_wconf 88' lang='lat' dir='ltr'><strong>titun,</strong></span> <span class='ocrx_word' id='word_1_102' title='bbox 631 1309 736 1364; x_wconf 90' lang='grc'><strong>208</strong></span> <span class='ocrx_word' id='word_1_103' title='bbox 777 1309 842 1362; x_wconf 92' lang='lat' dir='ltr'><strong>ad</strong></span> <span class='ocrx_word' id='word_1_104' title='bbox 879 1309 1131 1363; x_wconf 76' lang='lat' dir='ltr'><strong>Acacium</strong></span> <span class='ocrx_word' id='word_1_105' title='bbox 1167 1311 1553 1380; x_wconf 74' lang='lat' dir='ltr'><strong>presbyterum,</strong></span> <span class='ocrx_word' id='word_1_106' title='bbox 1583 1311 1688 1366; x_wconf 87' lang='grc'><strong>209</strong></span> <span class='ocrx_word' id='word_1_107' title='bbox 1718 1311 1784 1365; x_wconf 88' lang='lat' dir='ltr'><strong>ad</strong></span> <span class='ocrx_word' id='word_1_108' title='bbox 1824 1310 2036 1365; x_wconf 88' lang='lat' dir='ltr'><strong>Salvio-</strong></span> 
     </span>
    </p>
   </div>
   <div class='ocr_carea' id='block_1_14' title="bbox 448 1380 2035 1452">
    <p class='ocr_par' dir='ltr' id='par_1_14' title="bbox 448 1380 2035 1452">
     <span class='ocr_line' id='line_1_17' title="bbox 448 1380 2035 1452; baseline 0.001 -20"><span class='ocrx_word' id='word_1_109' title='bbox 448 1395 569 1433; x_wconf 85' lang='lat' dir='ltr'><strong>netn</strong></span> <span class='ocrx_word' id='word_1_110' title='bbox 615 1391 706 1452; x_wconf 85' lang='lat' dir='ltr'><strong>a_ut</strong></span> <span class='ocrx_word' id='word_1_111' title='bbox 749 1380 1083 1452; x_wconf 81' lang='lat' dir='ltr'><strong>Galbionem,</strong></span> <span class='ocrx_word' id='word_1_112' title='bbox 1108 1381 1213 1434; x_wconf 72' lang='grc'>214</span> <span class='ocrx_word' id='word_1_113' title='bbox 1251 1381 1317 1433; x_wconf 87' lang='lat' dir='ltr'><strong>ad</strong></span> <span class='ocrx_word' id='word_1_114' title='bbox 1358 1381 1728 1435; x_wconf 78' lang='lat' dir='ltr'><strong>Sebastianum</strong></span> <span class='ocrx_word' id='word_1_115' title='bbox 1755 1381 2035 1452; x_wconf 84' lang='lat' dir='ltr'><strong>presbyte-</strong></span> 
     </span>
    </p>
   </div>
   <div class='ocr_carea' id='block_1_15' title="bbox 444 1449 2034 1523">
    <p class='ocr_par' dir='ltr' id='par_1_15' title="bbox 444 1449 2034 1523">
     <span class='ocr_line' id='line_1_18' title="bbox 444 1449 2034 1523; baseline 0 -18"><span class='ocrx_word' id='word_1_116' title='bbox 444 1463 566 1505; x_wconf 83' lang='lat' dir='ltr'><strong>rum</strong></span> <span class='ocrx_word' id='word_1_117' title='bbox 592 1491 608 1515; x_wconf 87' lang='lat'><strong>,</strong></span> <span class='ocrx_word' id='word_1_118' title='bbox 633 1449 741 1523; x_wconf 66' lang='grc'>215</span> <span class='ocrx_word' id='word_1_119' title='bbox 769 1451 833 1523; x_wconf 84' lang='lat' dir='ltr'><strong>ad</strong></span> <span class='ocrx_word' id='word_1_120' title='bbox 855 1451 1130 1523; x_wconf 62' lang='lat' dir='ltr'><strong>felagium</strong></span> <span class='ocrx_word' id='word_1_121' title='bbox 1165 1452 1565 1523; x_wconf 86' lang='lat' dir='ltr'><strong>presbyterum,</strong></span> <span class='ocrx_word' id='word_1_122' title='bbox 1595 1453 1702 1508; x_wconf 82' lang='grc'><strong>216</strong></span> <span class='ocrx_word' id='word_1_123' title='bbox 1737 1449 1805 1507; x_wconf 79' lang='lat' dir='ltr'><strong>ad</strong></span> <span class='ocrx_word' id='word_1_124' title='bbox 1837 1449 2034 1506; x_wconf 80' lang='lat' dir='ltr'><strong>Musei-</strong></span> 
     </span>
    </p>
   </div>
   <div class='ocr_carea' id='block_1_16' title="bbox 448 1521 1212 1587">
    <p class='ocr_par' dir='ltr' id='par_1_16' title="bbox 448 1521 1212 1587">
     <span class='ocr_line' id='line_1_19' title="bbox 448 1521 1212 1587; baseline 0.003 -13"><span class='ocrx_word' id='word_1_125' title='bbox 448 1535 600 1587; x_wconf 86' lang='lat' dir='ltr'><strong>num,</strong></span> <span class='ocrx_word' id='word_1_126' title='bbox 635 1522 733 1576; x_wconf 91' lang='grc'><strong>117</strong></span> <span class='ocrx_word' id='word_1_127' title='bbox 757 1521 824 1576; x_wconf 91' lang='lat' dir='ltr'><strong>ad</strong></span> <span class='ocrx_word' id='word_1_128' title='bbox 853 1521 1212 1576; x_wconf 87' lang='lat' dir='ltr'><strong>Theodoram.</strong></span> 
     </span>
    </p>
   </div>
   <div class='ocr_carea' id='block_1_17' title="bbox 472 1643 618 1658">
    <p class='ocr_par' dir='ltr' id='par_1_17' title="bbox 472 1643 618 1658">
     <span class='ocr_line' id='line_1_20' title="bbox 472 1643 618 1658; baseline 0.007 -5"><span class='ocrx_word' id='word_1_129' title='bbox 472 1643 618 1658; x_wconf 52' lang='grc' dir='ltr'><strong>μη.-</strong></span> 
     </span>
    </p>
   </div>
   <div class='ocr_carea' id='block_1_18' title="bbox 1897 280 2231 340">
    <p class='ocr_par' dir='ltr' id='par_1_18' title="bbox 1897 280 2231 340">
     <span class='ocr_line' id='line_1_21' title="bbox 1897 280 2231 340; baseline -0.012 -1"><span class='ocrx_word' id='word_1_130' title='bbox 1897 280 2231 340; x_wconf 76' lang='grc' dir='ltr'><strong>ΜΟΝΙἸἪΜ.</strong></span> 
     </span>
    </p>
   </div>
   <div class='ocr_carea' id='block_1_19' title="bbox 3624 277 3733 336">
    <p class='ocr_par' dir='ltr' id='par_1_19' title="bbox 3624 277 3733 336">
     <span class='ocr_line' id='line_1_22' title="bbox 3624 277 3733 336; baseline 0.037 -4"><span class='ocrx_word' id='word_1_131' title='bbox 3624 277 3733 336; x_wconf 80' lang='grc'><strong>272</strong></span> 
     </span>
    </p>
   </div>
   <div class='ocr_carea' id='block_1_20' title="bbox 2229 386 3633 462">
    <p class='ocr_par' dir='ltr' id='par_1_20' title="bbox 2229 386 3633 462">
     <span class='ocr_line' id='line_1_23' title="bbox 2229 386 3633 462; baseline -0.001 -16"><span class='ocrx_word' id='word_1_132' title='bbox 2229 391 2373 446; x_wconf 80' lang='lat' dir='ltr'><strong>Mors</strong></span> <span class='ocrx_word' id='word_1_133' title='bbox 2395 391 2573 447; x_wconf 81' lang='lat' dir='ltr'><strong>Sancti</strong></span> <span class='ocrx_word' id='word_1_134' title='bbox 2594 388 2648 442; x_wconf 84' lang='lat' dir='ltr'><strong>al</strong></span> <span class='ocrx_word' id='word_1_135' title='bbox 2657 393 2810 456; x_wconf 77' lang='lat' dir='ltr'><strong>inque</strong></span> <span class='ocrx_word' id='word_1_136' title='bbox 2831 400 2995 456; x_wconf 84' lang='lat' dir='ltr'><strong>usque</strong></span> <span class='ocrx_word' id='word_1_137' title='bbox 3005 386 3073 440; x_wconf 84' lang='lat' dir='ltr'><strong>ad</strong></span> <span class='ocrx_word' id='word_1_138' title='bbox 3101 405 3287 462; x_wconf 72' lang='lat' dir='ltr'><strong>corpus</strong></span> <span class='ocrx_word' id='word_1_139' title='bbox 3313 391 3633 446; x_wconf 77' lang='lat' dir='ltr'><strong>translatum.</strong></span> 
     </span>
    </p>
   </div>
   <div class='ocr_carea' id='block_1_21' title="bbox 2210 462 3725 531">
    <p class='ocr_par' dir='ltr' id='par_1_21' title="bbox 2210 462 3725 531">
     <span class='ocr_line' id='line_1_24' title="bbox 2210 462 3725 531; baseline 0.001 -15"><span class='ocrx_word' id='word_1_140' title='bbox 2210 466 2367 518; x_wconf 86' lang='lat' dir='ltr'><strong>Anno</strong></span> <span class='ocrx_word' id='word_1_141' title='bbox 2406 463 2509 517; x_wconf 68' lang='grc'><strong>407</strong></span> <span class='ocrx_word' id='word_1_142' title='bbox 2555 462 2781 517; x_wconf 89' lang='lat' dir='ltr'><strong>Sanctus</strong></span> <span class='ocrx_word' id='word_1_143' title='bbox 2816 464 3025 531; x_wconf 74' lang='lat' dir='ltr'><strong>cogitur</strong></span> <span class='ocrx_word' id='word_1_144' title='bbox 3066 462 3238 517; x_wconf 89' lang='lat' dir='ltr'><strong>locum</strong></span> <span class='ocrx_word' id='word_1_145' title='bbox 3283 465 3450 517; x_wconf 84' lang='lat' dir='ltr'><strong>exsilii</strong></span> <span class='ocrx_word' id='word_1_146' title='bbox 3497 475 3725 526; x_wconf 84' lang='lat' dir='ltr'><strong>mutare,</strong></span> 
     </span>
    </p>
   </div>
   <div class='ocr_carea' id='block_1_22' title="bbox 2140 533 3729 604">
    <p class='ocr_par' dir='ltr' id='par_1_22' title="bbox 2140 533 3729 604">
     <span class='ocr_line' id='line_1_25' title="bbox 2140 533 3729 604; baseline 0 -16"><span class='ocrx_word' id='word_1_147' title='bbox 2140 534 2459 601; x_wconf 87' lang='lat' dir='ltr'><strong>duciturque</strong></span> <span class='ocrx_word' id='word_1_148' title='bbox 2496 533 2924 604; x_wconf 72' lang='lat' dir='ltr'><strong>Pityunta;_sed</strong></span> <span class='ocrx_word' id='word_1_149' title='bbox 2970 534 3170 587; x_wconf 86' lang='lat' dir='ltr'><strong>fractus</strong></span> <span class='ocrx_word' id='word_1_150' title='bbox 3211 534 3416 586; x_wconf 85' lang='lat' dir='ltr'><strong>itineris</strong></span> <span class='ocrx_word' id='word_1_151' title='bbox 3457 533 3729 588; x_wconf 84' lang='lat' dir='ltr'><strong>laboribus</strong></span> 
     </span>
    </p>
   </div>
   <div class='ocr_carea' id='block_1_23' title="bbox 2139 602 3725 674">
    <p class='ocr_par' dir='ltr' id='par_1_23' title="bbox 2139 602 3725 674">
     <span class='ocr_line' id='line_1_26' title="bbox 2139 602 3725 674; baseline -0.003 -15"><span class='ocrx_word' id='word_1_152' title='bbox 2139 606 2193 659; x_wconf 90' lang='lat' dir='ltr'><strong>in</strong></span> <span class='ocrx_word' id='word_1_153' title='bbox 2227 606 2342 674; x_wconf 91' lang='lat' dir='ltr'><strong>ipso</strong></span> <span class='ocrx_word' id='word_1_154' title='bbox 2369 605 2557 659; x_wconf 87' lang='lat' dir='ltr'><strong>itinere</strong></span> <span class='ocrx_word' id='word_1_155' title='bbox 2583 602 2750 673; x_wconf 81' lang='lat' dir='ltr'><strong>prope</strong></span> <span class='ocrx_word' id='word_1_156' title='bbox 2787 602 3018 657; x_wconf 89' lang='lat' dir='ltr'><strong>Comana</strong></span> <span class='ocrx_word' id='word_1_157' title='bbox 3050 607 3101 657; x_wconf 93' lang='lat' dir='ltr'><strong>in</strong></span> <span class='ocrx_word' id='word_1_158' title='bbox 3135 605 3303 657; x_wconf 86' lang='lat' dir='ltr'><strong>Ponto</strong></span> <span class='ocrx_word' id='word_1_159' title='bbox 3335 604 3448 658; x_wconf 83' lang='lat' dir='ltr'><strong>XIV</strong></span> <span class='ocrx_word' id='word_1_160' title='bbox 3478 605 3725 672; x_wconf 51' lang='lat' dir='ltr'><strong>Septeme</strong></span> 
     </span>
    </p>
   </div>
   <div class='ocr_carea' id='block_1_24' title="bbox 2140 675 3726 800">
    <p class='ocr_par' dir='ltr' id='par_1_24' title="bbox 2140 675 3726 800">
     <span class='ocr_line' id='line_1_27' title="bbox 2140 675 3726 800; baseline 0.001 -71"><span class='ocrx_word' id='word_1_161' title='bbox 2140 675 2253 730; x_wconf 90' lang='lat' dir='ltr'><strong>bris</strong></span> <span class='ocrx_word' id='word_1_162' title='bbox 2273 676 2559 800; x_wconf 41' lang='lat' dir='ltr'><strong>l.moritur,</strong></span> <span class='ocrx_word' id='word_1_163' title='bbox 2593 676 2769 744; x_wconf 86' lang='lat' dir='ltr'><strong>ibique</strong></span> <span class='ocrx_word' id='word_1_164' title='bbox 2813 676 2866 727; x_wconf 90' lang='lat' dir='ltr'><strong>iu</strong></span> <span class='ocrx_word' id='word_1_165' title='bbox 2914 675 3138 728; x_wconf 82' lang='lat' dir='ltr'><strong>ecclesia</strong></span> <span class='ocrx_word' id='word_1_166' title='bbox 3181 675 3237 728; x_wconf 93' lang='lat' dir='ltr'><strong>S.</strong></span> <span class='ocrx_word' id='word_1_167' title='bbox 3268 675 3448 728; x_wconf 81' lang='lat' dir='ltr'><strong>Basilii</strong></span> <span class='ocrx_word' id='word_1_168' title='bbox 3478 677 3726 746; x_wconf 76' lang='lat' dir='ltr'><strong>martyris</strong></span> 
     </span>
     <span class='ocr_line' id='line_1_28' title="bbox 2140 755 2415 800; baseline -0.007 0"><span class='ocrx_word' id='word_1_169' title='bbox 2140 762 2268 800; x_wconf 81' lang='lat' dir='ltr'><strong>sene</strong></span> <span class='ocrx_word' id='word_1_170' title='bbox 2294 755 2415 800; x_wconf 83' lang='lat' dir='ltr'><strong>Itur.</strong></span> 
     </span>
    </p>
   </div>
   <div class='ocr_carea' id='block_1_25' title="bbox 2140 746 2415 802">
    <p class='ocr_par' dir='ltr' id='par_1_25' title="bbox 2140 746 2415 802">
     <span class='ocr_line' id='line_1_29' title="bbox 2140 746 2415 802; baseline -0.011 -1"><span class='ocrx_word' id='word_1_171' title='bbox 2140 746 2415 802; x_wconf 76' lang='lat' dir='ltr'><strong>sepelitur.</strong></span> 
     </span>
    </p>
   </div>
   <div class='ocr_carea' id='block_1_26' title="bbox 2203 762 3728 887">
    <p class='ocr_par' dir='ltr' id='par_1_26' title="bbox 2203 762 3728 887">
     <span class='ocr_line' id='line_1_30' title="bbox 2274 762 2415 800; baseline -0.007 -1"><span class='ocrx_word' id='word_1_172' title='bbox 2274 762 2415 800; x_wconf 82' lang='lat' dir='ltr'><strong>llllll‘.</strong></span> 
     </span>
     <span class='ocr_line' id='line_1_31' title="bbox 2203 762 3728 887; baseline -0.001 -16"><span class='ocrx_word' id='word_1_173' title='bbox 2203 762 2364 871; x_wconf 57' lang='lat' dir='ltr'><strong>l()Jeirra</strong></span> <span class='ocrx_word' id='word_1_174' title='bbox 2395 831 2591 869; x_wconf 90' lang='lat' dir='ltr'><strong>annum</strong></span> <span class='ocrx_word' id='word_1_175' title='bbox 2623 814 2727 870; x_wconf 69' lang='lat' dir='ltr'><strong>4M</strong></span> <span class='ocrx_word' id='word_1_176' title='bbox 2753 829 2947 872; x_wconf 87' lang='lat' dir='ltr'><strong>nomen</strong></span> <span class='ocrx_word' id='word_1_177' title='bbox 2976 816 3364 887; x_wconf 72' lang='lat' dir='ltr'><strong>Clirysostomi,</strong></span> <span class='ocrx_word' id='word_1_178' title='bbox 3396 824 3618 884; x_wconf 76' lang='lat' dir='ltr'><strong>urgente</strong></span> <span class='ocrx_word' id='word_1_179' title='bbox 3647 815 3728 870; x_wconf 84' lang='lat' dir='ltr'><strong>ln-</strong></span> 
     </span>
    </p>
   </div>
   <div class='ocr_carea' id='block_1_27' title="bbox 2141 887 3721 958">
    <p class='ocr_par' dir='ltr' id='par_1_27' title="bbox 2141 887 3721 958">
     <span class='ocr_line' id='line_1_32' title="bbox 2141 887 3721 958; baseline -0.002 -18"><span class='ocrx_word' id='word_1_180' title='bbox 2141 889 2389 942; x_wconf 91' lang='lat' dir='ltr'><strong>nocentio</strong></span> <span class='ocrx_word' id='word_1_181' title='bbox 2417 903 2568 956; x_wconf 90' lang='lat' dir='ltr'><strong>papa,</strong></span> <span class='ocrx_word' id='word_1_182' title='bbox 2611 887 2776 958; x_wconf 87' lang='lat' dir='ltr'><strong>sacris</strong></span> <span class='ocrx_word' id='word_1_183' title='bbox 2813 887 3078 958; x_wconf 87' lang='lat' dir='ltr'><strong>diptychis</strong></span> <span class='ocrx_word' id='word_1_184' title='bbox 3115 889 3366 941; x_wconf 70' lang='lat' dir='ltr'><strong>inseritur</strong></span> <span class='ocrx_word' id='word_1_185' title='bbox 3396 888 3621 955; x_wconf 90' lang='lat' dir='ltr'><strong>primum</strong></span> <span class='ocrx_word' id='word_1_186' title='bbox 3651 889 3721 938; x_wconf 89' lang='lat' dir='ltr'><strong>ah</strong></span> 
     </span>
    </p>
   </div>
   <div class='ocr_carea' id='block_1_28' title="bbox 2142 957 3730 1020">
    <p class='ocr_par' dir='ltr' id='par_1_28' title="bbox 2142 957 3730 1020">
     <span class='ocr_line' id='line_1_33' title="bbox 2142 957 3730 1020; baseline -0.001 -10"><span class='ocrx_word' id='word_1_187' title='bbox 2142 958 2444 1012; x_wconf 81' lang='lat' dir='ltr'><strong>Alexandro</strong></span> <span class='ocrx_word' id='word_1_188' title='bbox 2477 957 2808 1011; x_wconf 81' lang='lat' dir='ltr'><strong>Antiocheno</strong></span> <span class='ocrx_word' id='word_1_189' title='bbox 2832 998 2846 1020; x_wconf 95' lang='lat'><strong>,</strong></span> <span class='ocrx_word' id='word_1_190' title='bbox 2882 957 3075 1012; x_wconf 83' lang='lat' dir='ltr'><strong>deinde</strong></span> <span class='ocrx_word' id='word_1_191' title='bbox 3105 961 3262 1011; x_wconf 86' lang='lat' dir='ltr'><strong>etiam</strong></span> <span class='ocrx_word' id='word_1_192' title='bbox 3293 958 3360 1010; x_wconf 90' lang='lat' dir='ltr'><strong>ab</strong></span> <span class='ocrx_word' id='word_1_193' title='bbox 3383 959 3557 1010; x_wconf 87' lang='lat' dir='ltr'><strong>Attico</strong></span> <span class='ocrx_word' id='word_1_194' title='bbox 3585 957 3730 1010; x_wconf 80' lang='lat' dir='ltr'><strong>Con-</strong></span> 
     </span>
    </p>
   </div>
   <div class='ocr_carea' id='block_1_29' title="bbox 2141 1027 3731 1098">
    <p class='ocr_par' dir='ltr' id='par_1_29' title="bbox 2141 1027 3731 1098">
     <span class='ocr_line' id='line_1_34' title="bbox 2141 1027 3731 1098; baseline -0.001 -17"><span class='ocrx_word' id='word_1_195' title='bbox 2141 1029 2651 1098; x_wconf 78' lang='lat' dir='ltr'><strong>sLantinOpolilano,</strong></span> <span class='ocrx_word' id='word_1_196' title='bbox 2703 1039 2757 1082; x_wconf 89' lang='lat' dir='ltr'><strong>et</strong></span> <span class='ocrx_word' id='word_1_197' title='bbox 2804 1029 3001 1098; x_wconf 82' lang='lat' dir='ltr'><strong>Cyrillo</strong></span> <span class='ocrx_word' id='word_1_198' title='bbox 3053 1029 3455 1093; x_wconf 83' lang='lat' dir='ltr'><strong>Alexandrino,</strong></span> <span class='ocrx_word' id='word_1_199' title='bbox 3505 1027 3731 1096; x_wconf 83' lang='lat' dir='ltr'><strong>aliisque</strong></span> 
     </span>
    </p>
   </div>
   <div class='ocr_carea' id='block_1_30' title="bbox 2143 1098 3243 1169">
    <p class='ocr_par' dir='ltr' id='par_1_30' title="bbox 2143 1098 3243 1169">
     <span class='ocr_line' id='line_1_35' title="bbox 2143 1098 3243 1169; baseline -0.001 -16"><span class='ocrx_word' id='word_1_200' title='bbox 2143 1101 2391 1154; x_wconf 90' lang='lat' dir='ltr'><strong>omnibus</strong></span> <span class='ocrx_word' id='word_1_201' title='bbox 2419 1100 2622 1167; x_wconf 87' lang='lat' dir='ltr'><strong>imperii</strong></span> <span class='ocrx_word' id='word_1_202' title='bbox 2651 1098 2938 1152; x_wconf 86' lang='lat' dir='ltr'><strong>Orientalis</strong></span> <span class='ocrx_word' id='word_1_203' title='bbox 2959 1100 3243 1169; x_wconf 88' lang='lat' dir='ltr'><strong>episc0pis.</strong></span> 
     </span>
    </p>
   </div>
   <div class='ocr_carea' id='block_1_31' title="bbox 2216 1167 3732 1237">
    <p class='ocr_par' dir='ltr' id='par_1_31' title="bbox 2216 1167 3732 1237">
     <span class='ocr_line' id='line_1_36' title="bbox 2216 1167 3732 1237; baseline -0.004 -14"><span class='ocrx_word' id='word_1_204' title='bbox 2216 1172 2351 1224; x_wconf 84' lang='lat' dir='ltr'><strong>Ante</strong></span> <span class='ocrx_word' id='word_1_205' title='bbox 2375 1185 2571 1223; x_wconf 90' lang='lat' dir='ltr'><strong>annum</strong></span> <span class='ocrx_word' id='word_1_206' title='bbox 2601 1171 2705 1224; x_wconf 76' lang='grc'><strong>458</strong></span> <span class='ocrx_word' id='word_1_207' title='bbox 2734 1167 3193 1225; x_wconf 68' lang='grc' dir='ltr'><strong>1’‹;διιγηιιδ’5;ιιιειὶ</strong></span> <span class='ocrx_word' id='word_1_208' title='bbox 3222 1186 3252 1222; x_wconf 90' lang='lat' dir='ltr'><strong>a</strong></span> <span class='ocrx_word' id='word_1_209' title='bbox 3281 1167 3732 1237; x_wconf 80' lang='lat' dir='ltr'><strong>ConstantinOpo-</strong></span> 
     </span>
    </p>
   </div>
   <div class='ocr_carea' id='block_1_32' title="bbox 2143 1239 2831 1309">
    <p class='ocr_par' dir='ltr' id='par_1_32' title="bbox 2143 1239 2831 1309">
     <span class='ocr_line' id='line_1_37' title="bbox 2143 1239 2831 1309; baseline -0.001 -15"><span class='ocrx_word' id='word_1_210' title='bbox 2143 1239 2321 1295; x_wconf 89' lang='lat' dir='ltr'><strong>litanis</strong></span> <span class='ocrx_word' id='word_1_211' title='bbox 2347 1240 2605 1296; x_wconf 85' lang='lat' dir='ltr'><strong>celebrari</strong></span> <span class='ocrx_word' id='word_1_212' title='bbox 2636 1249 2831 1309; x_wconf 70' lang='lat' dir='ltr'><strong>empta.</strong></span> 
     </span>
    </p>
   </div>
   <div class='ocr_carea' id='block_1_33' title="bbox 2213 1311 3732 1381">
    <p class='ocr_par' dir='ltr' id='par_1_33' title="bbox 2213 1311 3732 1381">
     <span class='ocr_line' id='line_1_38' title="bbox 2213 1311 3732 1381; baseline -0.003 -17"><span class='ocrx_word' id='word_1_213' title='bbox 2213 1313 2366 1364; x_wconf 86' lang='lat' dir='ltr'><strong>Anno</strong></span> <span class='ocrx_word' id='word_1_214' title='bbox 2392 1311 2496 1366; x_wconf 74' lang='grc'>458</span> <span class='ocrx_word' id='word_1_215' title='bbox 2524 1327 2731 1364; x_wconf 90' lang='lat' dir='ltr'><strong>sacrum</strong></span> <span class='ocrx_word' id='word_1_216' title='bbox 2763 1326 2958 1380; x_wconf 91' lang='lat' dir='ltr'><strong>corpus</strong></span> <span class='ocrx_word' id='word_1_217' title='bbox 2995 1311 3508 1381; x_wconf 79' lang='lat' dir='ltr'><strong>Constantitmpolim</strong></span> <span class='ocrx_word' id='word_1_218' title='bbox 3537 1323 3732 1379; x_wconf 79' lang='lat' dir='ltr'><strong>magno</strong></span> 
     </span>
    </p>
   </div>
   <div class='ocr_carea' id='block_1_34' title="bbox 2142 1384 2860 1436">
    <p class='ocr_par' dir='ltr' id='par_1_34' title="bbox 2142 1384 2860 1436">
     <span class='ocr_line' id='line_1_39' title="bbox 2142 1384 2860 1436; baseline -0.003 0"><span class='ocrx_word' id='word_1_219' title='bbox 2142 1397 2263 1436; x_wconf 83' lang='lat' dir='ltr'><strong>Cum</strong></span> <span class='ocrx_word' id='word_1_220' title='bbox 2299 1384 2500 1435; x_wconf 84' lang='lat' dir='ltr'><strong>honore</strong></span> <span class='ocrx_word' id='word_1_221' title='bbox 2528 1384 2860 1435; x_wconf 87' lang='lat' dir='ltr'><strong>translatum.</strong></span> 
     </span>
    </p>
   </div>
   <div class='ocr_carea' id='block_1_35' title="bbox 2216 1450 3729 1520">
    <p class='ocr_par' dir='ltr' id='par_1_35' title="bbox 2216 1450 3729 1520">
     <span class='ocr_line' id='line_1_40' title="bbox 2216 1450 3729 1520; baseline -0.001 -15"><span class='ocrx_word' id='word_1_222' title='bbox 2216 1451 2339 1506; x_wconf 62' lang='lat' dir='ltr'><strong>Haec</strong></span> <span class='ocrx_word' id='word_1_223' title='bbox 2372 1453 2636 1506; x_wconf 83' lang='lat' dir='ltr'><strong>suiliciant</strong></span> <span class='ocrx_word' id='word_1_224' title='bbox 2682 1468 2777 1520; x_wconf 91' lang='lat' dir='ltr'><strong>pro</strong></span> <span class='ocrx_word' id='word_1_225' title='bbox 2826 1453 2970 1507; x_wconf 84' lang='lat' dir='ltr'><strong>brevi</strong></span> <span class='ocrx_word' id='word_1_226' title='bbox 3015 1451 3349 1519; x_wconf 86' lang='lat' dir='ltr'><strong>chronotaxi,</strong></span> <span class='ocrx_word' id='word_1_227' title='bbox 3393 1467 3512 1507; x_wconf 91' lang='lat' dir='ltr'><strong>cum</strong></span> <span class='ocrx_word' id='word_1_228' title='bbox 3551 1450 3729 1507; x_wconf 83' lang='lat' dir='ltr'><strong>omnia</strong></span> 
     </span>
    </p>
   </div>
   <div class='ocr_carea' id='block_1_36' title="bbox 2143 1523 3216 1593">
    <p class='ocr_par' dir='ltr' id='par_1_36' title="bbox 2143 1523 3216 1593">
     <span class='ocr_line' id='line_1_41' title="bbox 2143 1523 3216 1593; baseline 0 -17"><span class='ocrx_word' id='word_1_229' title='bbox 2143 1523 2311 1577; x_wconf 78' lang='lat' dir='ltr'><strong>fusius</strong></span> <span class='ocrx_word' id='word_1_230' title='bbox 2342 1524 2392 1577; x_wconf 93' lang='lat' dir='ltr'><strong>in</strong></span> <span class='ocrx_word' id='word_1_231' title='bbox 2421 1523 2819 1578; x_wconf 84' lang='lat' dir='ltr'><strong>Commentario</strong></span> <span class='ocrx_word' id='word_1_232' title='bbox 2845 1525 2953 1577; x_wconf 87' lang='lat' dir='ltr'><strong>sint</strong></span> <span class='ocrx_word' id='word_1_233' title='bbox 2976 1527 3216 1593; x_wconf 85' lang='lat' dir='ltr'><strong>probata.</strong></span> 
     </span>
    </p>
   </div>
   <div class='ocr_carea' id='block_1_37' title="bbox 2961 1690 3304 1699">
    <p class='ocr_par' dir='ltr' id='par_1_37' title="bbox 2961 1690 3304 1699">
     <span class='ocr_line' id='line_1_42' title="bbox 2961 1690 3304 1699; baseline 0 -1"><span class='ocrx_word' id='word_1_234' title='bbox 2961 1690 3304 1699; x_wconf 67' lang='lat'><strong>..—_—</strong></span> 
     </span>
    </p>
   </div>
   <div class='ocr_carea' id='block_1_38' title="bbox 1917 1767 2248 1830">
    <p class='ocr_par' dir='ltr' id='par_1_38' title="bbox 1917 1767 2248 1830">
     <span class='ocr_line' id='line_1_43' title="bbox 1917 1767 2248 1830; baseline -0.003 -1"><span class='ocrx_word' id='word_1_235' title='bbox 1917 1769 1999 1829; x_wconf 84' lang='grc' dir='ltr'><strong>ΙΝ</strong></span> <span class='ocrx_word' id='word_1_236' title='bbox 2041 1767 2248 1830; x_wconf 85' lang='lat' dir='ltr'><strong>DUAS</strong></span> 
     </span>
    </p>
   </div>
   <div class='ocr_carea' id='block_1_39' title="bbox 599 1902 3516 1992">
    <p class='ocr_par' dir='ltr' id='par_1_39' title="bbox 599 1902 3516 1992">
     <span class='ocr_line' id='line_1_44' title="bbox 599 1902 3516 1992; baseline 0.002 -7"><span class='ocrx_word' id='word_1_237' title='bbox 599 1902 1085 1989; x_wconf 88' lang='lat' dir='ltr'><strong>JOANNIS</strong></span> <span class='ocrx_word' id='word_1_238' title='bbox 1128 1904 1947 1990; x_wconf 80' lang='lat' dir='ltr'><strong>CHRYSOSTOMI</strong></span> <span class='ocrx_word' id='word_1_239' title='bbox 2002 1907 2162 1988; x_wconf 89' lang='lat' dir='ltr'><strong>AD</strong></span> <span class='ocrx_word' id='word_1_240' title='bbox 2211 1905 2705 1989; x_wconf 88' lang='lat' dir='ltr'><strong>THEODO</strong></span> <span class='ocrx_word' id='word_1_241' title='bbox 2724 1907 2993 1990; x_wconf 83' lang='lat' dir='ltr'><strong>RUM</strong></span> <span class='ocrx_word' id='word_1_242' title='bbox 3047 1907 3516 1992; x_wconf 88' lang='lat' dir='ltr'><strong>LAPSUM</strong></span> 
     </span>
    </p>
   </div>
   <div class='ocr_carea' id='block_1_40' title="bbox 1481 2060 2629 2123">
    <p class='ocr_par' dir='ltr' id='par_1_40' title="bbox 1481 2060 2629 2123">
     <span class='ocr_line' id='line_1_45' title="bbox 1481 2060 2629 2123; baseline 0 -1"><span class='ocrx_word' id='word_1_243' title='bbox 1481 2060 1964 2122; x_wconf 69' lang='lat' dir='ltr'><strong>PARJENESES</strong></span> <span class='ocrx_word' id='word_1_244' title='bbox 2006 2060 2153 2123; x_wconf 88' lang='lat' dir='ltr'><strong>SEU</strong></span> <span class='ocrx_word' id='word_1_245' title='bbox 2193 2060 2629 2123; x_wconf 88' lang='lat' dir='ltr'><strong>EPISTOLAS</strong></span> 
     </span>
    </p>
   </div>
   <div class='ocr_carea' id='block_1_41' title="bbox 515 2527 2035 2592">
    <p class='ocr_par' dir='ltr' id='par_1_41' title="bbox 515 2527 2035 2592">
     <span class='ocr_line' id='line_1_46' title="bbox 515 2527 2035 2592; baseline -0.004 -6"><span class='ocrx_word' id='word_1_246' title='bbox 515 2530 573 2586; x_wconf 86' lang='lat' dir='ltr'><strong>In</strong></span> <span class='ocrx_word' id='word_1_247' title='bbox 602 2530 835 2587; x_wconf 82' lang='lat' dir='ltr'><strong>editione</strong></span> <span class='ocrx_word' id='word_1_248' title='bbox 862 2529 1127 2586; x_wconf 89' lang='lat' dir='ltr'><strong>Saviliana</strong></span> <span class='ocrx_word' id='word_1_249' title='bbox 1171 2527 1252 2582; x_wconf 81' lang='lat' dir='ltr'><strong>lne</strong></span> <span class='ocrx_word' id='word_1_250' title='bbox 1289 2527 1408 2583; x_wconf 71' lang='lat' dir='ltr'><strong>dua:</strong></span> <span class='ocrx_word' id='word_1_251' title='bbox 1448 2527 1757 2582; x_wconf 71' lang='lat' dir='ltr'><strong>Parzeneses</strong></span> <span class='ocrx_word' id='word_1_252' title='bbox 1799 2527 1910 2580; x_wconf 85' lang='lat' dir='ltr'><strong>sive</strong></span> <span class='ocrx_word' id='word_1_253' title='bbox 1931 2569 1946 2592; x_wconf 93' lang='lat'><strong>,</strong></span> <span class='ocrx_word' id='word_1_254' title='bbox 1974 2534 2035 2580; x_wconf 92' lang='lat' dir='ltr'><strong>ut</strong></span> 
     </span>
    </p>
   </div>
   <div class='ocr_carea' id='block_1_42' title="bbox 443 2618 2038 2688">
    <p class='ocr_par' dir='ltr' id='par_1_42' title="bbox 443 2618 2038 2688">
     <span class='ocr_line' id='line_1_47' title="bbox 443 2618 2038 2688; baseline -0.005 -10"><span class='ocrx_word' id='word_1_255' title='bbox 443 2621 674 2678; x_wconf 89' lang='lat' dir='ltr'><strong>Savilius</strong></span> <span class='ocrx_word' id='word_1_256' title='bbox 718 2628 906 2686; x_wconf 73' lang='lat' dir='ltr'><strong>vocat,</strong></span> <span class='ocrx_word' id='word_1_257' title='bbox 950 2621 1229 2674; x_wconf 84' lang='lat' dir='ltr'><strong>Orationes</strong></span> <span class='ocrx_word' id='word_1_258' title='bbox 1280 2619 1615 2688; x_wconf 80' lang='lat' dir='ltr'><strong>transposita:</strong></span> <span class='ocrx_word' id='word_1_259' title='bbox 1658 2628 1819 2682; x_wconf 91' lang='lat' dir='ltr'><strong>sunt;</strong></span> <span class='ocrx_word' id='word_1_260' title='bbox 1863 2618 1932 2672; x_wconf 86' lang='lat' dir='ltr'><strong>ita</strong></span> <span class='ocrx_word' id='word_1_261' title='bbox 1980 2624 2038 2670; x_wconf 92' lang='lat' dir='ltr'><strong>ut</strong></span> 
     </span>
    </p>
   </div>
   <div class='ocr_carea' id='block_1_43' title="bbox 443 2710 2036 2784">
    <p class='ocr_par' dir='ltr' id='par_1_43' title="bbox 443 2710 2036 2784">
     <span class='ocr_line' id='line_1_48' title="bbox 443 2710 2036 2784; baseline -0.003 -17"><span class='ocrx_word' id='word_1_262' title='bbox 443 2731 564 2784; x_wconf 78' lang='lat' dir='ltr'><strong>qua:</strong></span> <span class='ocrx_word' id='word_1_263' title='bbox 588 2715 732 2784; x_wconf 91' lang='lat' dir='ltr'><strong>prior</strong></span> <span class='ocrx_word' id='word_1_264' title='bbox 765 2728 885 2769; x_wconf 89' lang='lat' dir='ltr'><strong>esse</strong></span> <span class='ocrx_word' id='word_1_265' title='bbox 919 2712 1210 2778; x_wconf 89' lang='lat' dir='ltr'><strong>debuerat,</strong></span> <span class='ocrx_word' id='word_1_266' title='bbox 1239 2711 1307 2765; x_wconf 87' lang='lat' dir='ltr'><strong>sit</strong></span> <span class='ocrx_word' id='word_1_267' title='bbox 1344 2711 1628 2781; x_wconf 87' lang='lat' dir='ltr'><strong>posterior.</strong></span> <span class='ocrx_word' id='word_1_268' title='bbox 1663 2710 1830 2778; x_wconf 91' lang='lat' dir='ltr'><strong>Ipsam</strong></span> <span class='ocrx_word' id='word_1_269' title='bbox 1877 2724 2036 2778; x_wconf 92' lang='lat' dir='ltr'><strong>porro</strong></span> 
     </span>
    </p>
   </div>
   <div class='ocr_carea' id='block_1_44' title="bbox 445 2801 2034 2873">
    <p class='ocr_par' dir='ltr' id='par_1_44' title="bbox 445 2801 2034 2873">
     <span class='ocr_line' id='line_1_49' title="bbox 445 2801 2034 2873; baseline -0.003 -12"><span class='ocrx_word' id='word_1_270' title='bbox 445 2804 627 2861; x_wconf 89' lang='lat' dir='ltr'><strong>Savilii</strong></span> <span class='ocrx_word' id='word_1_271' title='bbox 659 2814 840 2860; x_wconf 91' lang='lat' dir='ltr'><strong>notam</strong></span> <span class='ocrx_word' id='word_1_272' title='bbox 864 2845 880 2872; x_wconf 92' lang='lat'><strong>,</strong></span> <span class='ocrx_word' id='word_1_273' title='bbox 911 2805 1196 2859; x_wconf 87' lang='lat' dir='ltr'><strong>observatu</strong></span> <span class='ocrx_word' id='word_1_274' title='bbox 1237 2813 1382 2858; x_wconf 88' lang='lat' dir='ltr'><strong>certe</strong></span> <span class='ocrx_word' id='word_1_275' title='bbox 1411 2803 1623 2873; x_wconf 83' lang='lat' dir='ltr'><strong>dignam</strong></span> <span class='ocrx_word' id='word_1_276' title='bbox 1650 2845 1663 2863; x_wconf 91' lang='lat'><strong>,</strong></span> <span class='ocrx_word' id='word_1_277' title='bbox 1700 2803 1800 2856; x_wconf 87' lang='lat' dir='ltr'><strong>huc</strong></span> <span class='ocrx_word' id='word_1_278' title='bbox 1845 2801 2034 2872; x_wconf 87' lang='lat' dir='ltr'><strong>partim</strong></span> 
     </span>
    </p>
   </div>
   <div class='ocr_carea' id='block_1_45' title="bbox 445 2893 2037 2965">
    <p class='ocr_par' dir='ltr' id='par_1_45' title="bbox 445 2893 2037 2965">
     <span class='ocr_line' id='line_1_50' title="bbox 445 2893 2037 2965; baseline -0.001 -16"><span class='ocrx_word' id='word_1_279' title='bbox 445 2895 639 2951; x_wconf 83' lang='lat' dir='ltr'><strong>aﬂ&#39;erre</strong></span> <span class='ocrx_word' id='word_1_280' title='bbox 665 2911 844 2965; x_wconf 64' lang='lat' dir='ltr'><strong>operat</strong></span> <span class='ocrx_word' id='word_1_281' title='bbox 873 2895 1098 2964; x_wconf 89' lang='lat' dir='ltr'><strong>pretium</strong></span> <span class='ocrx_word' id='word_1_282' title='bbox 1128 2895 1300 2949; x_wconf 84' lang='lat' dir='ltr'><strong>fuerit.</strong></span> <span class='ocrx_word' id='word_1_283' title='bbox 1336 2913 1354 2946; x_wconf 81' lang='grc' dir='ltr'><strong>ι</strong></span> <span class='ocrx_word' id='word_1_284' title='bbox 1379 2893 1434 2948; x_wconf 84' lang='grc' dir='ltr'>1η</span> <span class='ocrx_word' id='word_1_285' title='bbox 1466 2893 1564 2947; x_wconf 90' lang='lat' dir='ltr'><strong>hac</strong></span> <span class='ocrx_word' id='word_1_286' title='bbox 1592 2893 1824 2948; x_wconf 81' lang='lat' dir='ltr'><strong>editione</strong></span> <span class='ocrx_word' id='word_1_287' title='bbox 1851 2908 2037 2948; x_wconf 88' lang='lat' dir='ltr'><strong>errore</strong></span> 
     </span>
    </p>
   </div>
   <div class='ocr_carea' id='block_1_46' title="bbox 444 2984 2038 3058">
    <p class='ocr_par' dir='ltr' id='par_1_46' title="bbox 444 2984 2038 3058">
     <span class='ocr_line' id='line_1_51' title="bbox 444 2984 2038 3058; baseline -0.001 -17"><span class='ocrx_word' id='word_1_288' title='bbox 444 2989 629 3042; x_wconf 82' lang='lat' dir='ltr'><strong>nescio</strong></span> <span class='ocrx_word' id='word_1_289' title='bbox 657 3001 766 3058; x_wconf 91' lang='lat' dir='ltr'><strong>quo</strong></span> <span class='ocrx_word' id='word_1_290' title='bbox 802 2987 1139 3057; x_wconf 70' lang='lat' dir='ltr'><strong>transpositze</strong></span> <span class='ocrx_word' id='word_1_291' title='bbox 1162 2995 1286 3040; x_wconf 91' lang='lat' dir='ltr'><strong>sunt</strong></span> <span class='ocrx_word' id='word_1_292' title='bbox 1317 2986 1435 3040; x_wconf 75' lang='lat' dir='ltr'><strong>ista:</strong></span> <span class='ocrx_word' id='word_1_293' title='bbox 1460 2987 1578 3040; x_wconf 77' lang='lat' dir='ltr'><strong>dua:</strong></span> <span class='ocrx_word' id='word_1_294' title='bbox 1603 2984 1670 3039; x_wconf 88' lang='lat' dir='ltr'><strong>ad</strong></span> <span class='ocrx_word' id='word_1_295' title='bbox 1692 2984 2038 3040; x_wconf 84' lang='lat' dir='ltr'><strong>Theodorum</strong></span> 
     </span>
    </p>
   </div>
   <div class='ocr_carea' id='block_1_47' title="bbox 445 3075 2036 3148">
    <p class='ocr_par' dir='ltr' id='par_1_47' title="bbox 445 3075 2036 3148">
     <span class='ocr_line' id='line_1_52' title="bbox 445 3075 2036 3148; baseline -0.002 -15"><span class='ocrx_word' id='word_1_296' title='bbox 445 3076 654 3148; x_wconf 70' lang='lat' dir='ltr'><strong>[apsum</strong></span> <span class='ocrx_word' id='word_1_297' title='bbox 685 3078 988 3142; x_wconf 80' lang='lat' dir='ltr'><strong>orationes,</strong></span> <span class='ocrx_word' id='word_1_298' title='bbox 1016 3085 1072 3132; x_wconf 93' lang='lat' dir='ltr'><strong>et</strong></span> <span class='ocrx_word' id='word_1_299' title='bbox 1113 3093 1228 3146; x_wconf 81' lang='lat' dir='ltr'><strong>qu:e</strong></span> <span class='ocrx_word' id='word_1_300' title='bbox 1261 3077 1406 3146; x_wconf 90' lang='lat' dir='ltr'><strong>prior</strong></span> <span class='ocrx_word' id='word_1_301' title='bbox 1446 3091 1568 3130; x_wconf 90' lang='lat' dir='ltr'><strong>esse</strong></span> <span class='ocrx_word' id='word_1_302' title='bbox 1610 3075 1824 3139; x_wconf 84' lang='lat' dir='ltr'><strong>debuit,</strong></span> <span class='ocrx_word' id='word_1_303' title='bbox 1855 3087 2036 3145; x_wconf 85' lang='lat' dir='ltr'><strong>poste-</strong></span> 
     </span>
    </p>
   </div>
   <div class='ocr_carea' id='block_1_48' title="bbox 445 3166 2040 3238">
    <p class='ocr_par' dir='ltr' id='par_1_48' title="bbox 445 3166 2040 3238">
     <span class='ocr_line' id='line_1_53' title="bbox 445 3166 2040 3238; baseline -0.003 -14"><span class='ocrx_word' id='word_1_304' title='bbox 445 3170 588 3224; x_wconf 90' lang='lat' dir='ltr'><strong>riore</strong></span> <span class='ocrx_word' id='word_1_305' title='bbox 613 3169 728 3224; x_wconf 92' lang='lat' dir='ltr'><strong>loco</strong></span> <span class='ocrx_word' id='word_1_306' title='bbox 753 3169 1065 3234; x_wconf 89' lang='lat' dir='ltr'><strong>collocatur,</strong></span> <span class='ocrx_word' id='word_1_307' title='bbox 1098 3177 1153 3224; x_wconf 90' lang='lat' dir='ltr'><strong>et</strong></span> <span class='ocrx_word' id='word_1_308' title='bbox 1175 3183 1293 3238; x_wconf 74' lang='lat' dir='ltr'><strong>qua:</strong></span> <span class='ocrx_word' id='word_1_309' title='bbox 1322 3168 1587 3238; x_wconf 86' lang='lat' dir='ltr'><strong>posterior</strong></span> <span class='ocrx_word' id='word_1_310' title='bbox 1616 3208 1628 3230; x_wconf 95' lang='lat'><strong>,</strong></span> <span class='ocrx_word' id='word_1_311' title='bbox 1660 3166 1839 3236; x_wconf 84' lang='lat' dir='ltr'><strong>priore</strong></span> <span class='ocrx_word' id='word_1_312' title='bbox 1872 3185 1884 3220; x_wconf 90' lang='lat'>:</span> <span class='ocrx_word' id='word_1_313' title='bbox 1918 3181 2040 3221; x_wconf 84' lang='lat' dir='ltr'><strong>cor-</strong></span> 
     </span>
    </p>
   </div>
   <div class='ocr_carea' id='block_1_49' title="bbox 447 3258 2031 3329">
    <p class='ocr_par' dir='ltr' id='par_1_49' title="bbox 447 3258 2031 3329">
     <span class='ocr_line' id='line_1_54' title="bbox 447 3258 2031 3329; baseline -0.001 -13"><span class='ocrx_word' id='word_1_314' title='bbox 447 3271 655 3316; x_wconf 87' lang='lat' dir='ltr'><strong>rectore</strong></span> <span class='ocrx_word' id='word_1_315' title='bbox 705 3271 888 3316; x_wconf 91' lang='lat' dir='ltr'><strong>nostro</strong></span> <span class='ocrx_word' id='word_1_316' title='bbox 945 3262 1317 3316; x_wconf 88' lang='lat' dir='ltr'><strong>auctoritatem</strong></span> <span class='ocrx_word' id='word_1_317' title='bbox 1340 3303 1354 3323; x_wconf 88' lang='lat'><strong>,</strong></span> <span class='ocrx_word' id='word_1_318' title='bbox 1379 3270 1433 3314; x_wconf 94' lang='lat' dir='ltr'><strong>ut</strong></span> <span class='ocrx_word' id='word_1_319' title='bbox 1481 3269 1640 3328; x_wconf 91' lang='lat' dir='ltr'><strong>puto,</strong></span> <span class='ocrx_word' id='word_1_320' title='bbox 1662 3268 1886 3329; x_wconf 83' lang='lat' dir='ltr'><strong>sequuto</strong></span> <span class='ocrx_word' id='word_1_321' title='bbox 1920 3258 2031 3314; x_wconf 55' lang='lat' dir='ltr'><strong>edi.</strong></span> 
     </span>
    </p>
   </div>
   <div class='ocr_carea' id='block_1_50' title="bbox 446 3352 2036 3424">
    <p class='ocr_par' dir='ltr' id='par_1_50' title="bbox 446 3352 2036 3424">
     <span class='ocr_line' id='line_1_55' title="bbox 446 3352 2036 3424; baseline 0 -16"><span class='ocrx_word' id='word_1_322' title='bbox 446 3354 608 3408; x_wconf 85' lang='lat' dir='ltr'><strong>tionis</strong></span> <span class='ocrx_word' id='word_1_323' title='bbox 675 3353 996 3423; x_wconf 65' lang='lat' dir='ltr'><strong>Moguntina:</strong></span> <span class='ocrx_word' id='word_1_324' title='bbox 1048 3353 1480 3424; x_wconf 79' lang='lat' dir='ltr'><strong>Florilegiorum,</strong></span> <span class='ocrx_word' id='word_1_325' title='bbox 1515 3353 1603 3407; x_wconf 89' lang='lat' dir='ltr'><strong>ubi</strong></span> <span class='ocrx_word' id='word_1_326' title='bbox 1659 3352 1736 3406; x_wconf 90' lang='lat' dir='ltr'><strong>sic</strong></span> <span class='ocrx_word' id='word_1_327' title='bbox 1783 3355 2036 3408; x_wconf 81' lang='lat' dir='ltr'><strong>citantur.</strong></span> 
     </span>
    </p>
   </div>
   <div class='ocr_carea' id='block_1_51' title="bbox 448 3443 2036 3515">
    <p class='ocr_par' dir='ltr' id='par_1_51' title="bbox 448 3443 2036 3515">
     <span class='ocr_line' id='line_1_56' title="bbox 448 3443 2036 3515; baseline -0.001 -16"><span class='ocrx_word' id='word_1_328' title='bbox 448 3443 618 3499; x_wconf 83' lang='lat' dir='ltr'><strong>Porro</strong></span> <span class='ocrx_word' id='word_1_329' title='bbox 644 3443 801 3513; x_wconf 81' lang='lat' dir='ltr'><strong>hujus</strong></span> <span class='ocrx_word' id='word_1_330' title='bbox 829 3445 1086 3499; x_wconf 89' lang='lat' dir='ltr'><strong>orationis</strong></span> <span class='ocrx_word' id='word_1_331' title='bbox 1109 3485 1124 3510; x_wconf 95' lang='lat'><strong>,</strong></span> <span class='ocrx_word' id='word_1_332' title='bbox 1156 3461 1276 3515; x_wconf 73' lang='lat' dir='ltr'><strong>qua:</strong></span> <span class='ocrx_word' id='word_1_333' title='bbox 1301 3445 1354 3499; x_wconf 91' lang='lat' dir='ltr'><strong>in</strong></span> <span class='ocrx_word' id='word_1_334' title='bbox 1381 3453 1563 3498; x_wconf 89' lang='lat' dir='ltr'><strong>nostra</strong></span> <span class='ocrx_word' id='word_1_335' title='bbox 1588 3443 1820 3498; x_wconf 87' lang='lat' dir='ltr'><strong>editione</strong></span> <span class='ocrx_word' id='word_1_336' title='bbox 1849 3453 2036 3499; x_wconf 77' lang='lat' dir='ltr'><strong>octava</strong></span> 
     </span>
    </p>
   </div>
   <div class='ocr_carea' id='block_1_52' title="bbox 447 3535 2040 3607">
    <p class='ocr_par' dir='ltr' id='par_1_52' title="bbox 447 3535 2040 3607">
     <span class='ocr_line' id='line_1_57' title="bbox 447 3535 2040 3607; baseline 0.001 -15"><span class='ocrx_word' id='word_1_337' title='bbox 447 3547 570 3597; x_wconf 82' lang='lat' dir='ltr'><strong>est,</strong></span> <span class='ocrx_word' id='word_1_338' title='bbox 595 3537 838 3592; x_wconf 89' lang='lat' dir='ltr'><strong>meminit</strong></span> <span class='ocrx_word' id='word_1_339' title='bbox 875 3537 1169 3607; x_wconf 80' lang='lat' dir='ltr'><strong>magniﬁcis</strong></span> <span class='ocrx_word' id='word_1_340' title='bbox 1217 3552 1337 3591; x_wconf 92' lang='lat' dir='ltr'><strong>cum</strong></span> <span class='ocrx_word' id='word_1_341' title='bbox 1377 3536 1656 3606; x_wconf 70' lang='lat' dir='ltr'><strong>prteconiis</strong></span> <span class='ocrx_word' id='word_1_342' title='bbox 1708 3535 2040 3594; x_wconf 83' lang='lat' dir='ltr'><strong>Sozomenus</strong></span> 
     </span>
    </p>
   </div>
   <div class='ocr_carea' id='block_1_53' title="bbox 446 3627 2037 3700">
    <p class='ocr_par' dir='ltr' id='par_1_53' title="bbox 446 3627 2037 3700">
     <span class='ocr_line' id='line_1_58' title="bbox 446 3627 2037 3700; baseline -0.002 -14"><span class='ocrx_word' id='word_1_343' title='bbox 446 3630 540 3686; x_wconf 82' lang='lat' dir='ltr'><strong>lib.</strong></span> <span class='ocrx_word' id='word_1_344' title='bbox 568 3630 602 3685; x_wconf 88' lang='lat'><strong>8</strong></span> <span class='ocrx_word' id='word_1_345' title='bbox 623 3671 637 3694; x_wconf 90' lang='lat'><strong>,</strong></span> <span class='ocrx_word' id='word_1_346' title='bbox 668 3645 786 3700; x_wconf 89' lang='lat' dir='ltr'><strong>cap.</strong></span> <span class='ocrx_word' id='word_1_347' title='bbox 817 3630 853 3685; x_wconf 85' lang='grc'><strong>2</strong></span> <span class='ocrx_word' id='word_1_348' title='bbox 877 3672 892 3696; x_wconf 89' lang='grc'><strong><em>,</em></strong></span> <span class='ocrx_word' id='word_1_349' title='bbox 920 3631 1072 3700; x_wconf 91' lang='lat' dir='ltr'><strong>cujus</strong></span> <span class='ocrx_word' id='word_1_350' title='bbox 1096 3630 1258 3685; x_wconf 88' lang='lat' dir='ltr'><strong>verba</strong></span> <span class='ocrx_word' id='word_1_351' title='bbox 1287 3645 1316 3683; x_wconf 92' lang='lat' dir='ltr'><strong>a</strong></span> <span class='ocrx_word' id='word_1_352' title='bbox 1348 3645 1435 3684; x_wconf 90' lang='lat' dir='ltr'><strong>me</strong></span> <span class='ocrx_word' id='word_1_353' title='bbox 1460 3643 1560 3699; x_wconf 90' lang='lat' dir='ltr'><strong>qua</strong></span> <span class='ocrx_word' id='word_1_354' title='bbox 1604 3644 1634 3682; x_wconf 91' lang='lat' dir='ltr'><strong>a</strong></span> <span class='ocrx_word' id='word_1_355' title='bbox 1664 3627 1833 3682; x_wconf 88' lang='lat' dir='ltr'><strong>Codd.</strong></span> <span class='ocrx_word' id='word_1_356' title='bbox 1864 3627 1994 3683; x_wconf 83' lang='lat' dir='ltr'><strong>Mss.</strong></span> <span class='ocrx_word' id='word_1_357' title='bbox 2019 3667 2037 3692; x_wconf 91' lang='lat'><strong>,</strong></span> 
     </span>
    </p>
   </div>
   <div class='ocr_carea' id='block_1_54' title="bbox 449 3720 2042 3793">
    <p class='ocr_par' dir='ltr' id='par_1_54' title="bbox 449 3720 2042 3793">
     <span class='ocr_line' id='line_1_59' title="bbox 449 3720 2042 3793; baseline 0 -19"><span class='ocrx_word' id='word_1_358' title='bbox 449 3737 555 3793; x_wconf 87' lang='lat' dir='ltr'><strong>qua</strong></span> <span class='ocrx_word' id='word_1_359' title='bbox 610 3737 641 3777; x_wconf 93' lang='lat' dir='ltr'><strong>a</strong></span> <span class='ocrx_word' id='word_1_360' title='bbox 701 3721 1025 3792; x_wconf 90' lang='lat' dir='ltr'><strong>conjecturis</strong></span> <span class='ocrx_word' id='word_1_361' title='bbox 1088 3721 1452 3777; x_wconf 90' lang='lat' dir='ltr'><strong>emendatiora</strong></span> <span class='ocrx_word' id='word_1_362' title='bbox 1516 3721 1653 3775; x_wconf 84' lang='lat' dir='ltr'><strong>facta</strong></span> <span class='ocrx_word' id='word_1_363' title='bbox 1723 3720 1893 3772; x_wconf 91' lang='lat' dir='ltr'><strong>visum</strong></span> <span class='ocrx_word' id='word_1_364' title='bbox 1954 3727 2042 3774; x_wconf 89' lang='lat' dir='ltr'><strong>est</strong></span> 
     </span>
    </p>
   </div>
   <div class='ocr_carea' id='block_1_55' title="bbox 445 3811 2039 3885">
    <p class='ocr_par' dir='ltr' id='par_1_55' title="bbox 445 3811 2039 3885">
     <span class='ocr_line' id='line_1_60' title="bbox 445 3811 2039 3885; baseline -0.003 -17"><span class='ocrx_word' id='word_1_365' title='bbox 445 3813 776 3870; x_wconf 80' lang='lat' dir='ltr'><strong>adscribere.</strong></span> <span class='ocrx_word' id='word_1_366' title='bbox 825 3819 896 3868; x_wconf 78' lang='grc' dir='ltr'><strong>Οὐ</strong></span> <span class='ocrx_word' id='word_1_367' title='bbox 932 3824 1066 3881; x_wconf 78' lang='grc' dir='ltr'><strong>μόνος</strong></span> <span class='ocrx_word' id='word_1_368' title='bbox 1106 3818 1154 3866; x_wconf 74' lang='grc' dir='ltr'><strong>δι</strong></span> <span class='ocrx_word' id='word_1_369' title='bbox 1182 3811 1674 3885; x_wconf 85' lang='lat' dir='ltr'><strong>(Chrysostomus)</strong></span> <span class='ocrx_word' id='word_1_370' title='bbox 1701 3818 1830 3882; x_wconf 73' lang='grc' dir='ltr'><strong>παρὰ</strong></span> <span class='ocrx_word' id='word_1_371' title='bbox 1849 3813 2039 3873; x_wconf 72' lang='grc' dir='ltr'><strong>τούτοις</strong></span> 
     </span>
    </p>
   </div>
   <div class='ocr_carea' id='block_1_56' title="bbox 444 3903 2041 3977">
    <p class='ocr_par' dir='ltr' id='par_1_56' title="bbox 444 3903 2041 3977">
     <span class='ocr_line' id='line_1_61' title="bbox 444 3903 2041 3977; baseline -0.003 -16"><span class='ocrx_word' id='word_1_372' title='bbox 444 3903 740 3975; x_wconf 82' lang='lat' dir='ltr'><strong>(Carterio</strong></span> <span class='ocrx_word' id='word_1_373' title='bbox 787 3913 843 3959; x_wconf 75' lang='lat' dir='ltr'><strong>Ct</strong></span> <span class='ocrx_word' id='word_1_374' title='bbox 896 3906 1176 3975; x_wconf 89' lang='lat' dir='ltr'><strong>Diodoro)</strong></span> <span class='ocrx_word' id='word_1_375' title='bbox 1217 3911 1397 3977; x_wconf 65' lang='grc' dir='ltr'><strong>ἐφοίταο</strong></span> <span class='ocrx_word' id='word_1_376' title='bbox 1429 3912 1580 3959; x_wconf 64' lang='lat' dir='ltr'><strong>facta:</strong></span> <span class='ocrx_word' id='word_1_377' title='bbox 1641 3908 1688 3956; x_wconf 75' lang='grc' dir='ltr'><strong>δὲ</strong></span> <span class='ocrx_word' id='word_1_378' title='bbox 1749 3918 1832 3964; x_wconf 82' lang='grc' dir='ltr'><strong>τῆς</strong></span> <span class='ocrx_word' id='word_1_379' title='bbox 1892 3906 2041 3956; x_wconf 76' lang='grc' dir='ltr'>αὐτοῦ</span> 
     </span>
    </p>
   </div>
   <div class='ocr_carea' id='block_1_57' title="bbox 445 3994 2038 4066">
    <p class='ocr_par' dir='ltr' id='par_1_57' title="bbox 445 3994 2038 4066">
     <span class='ocr_line' id='line_1_62' title="bbox 445 3994 2038 4066; baseline -0.001 -18"><span class='ocrx_word' id='word_1_380' title='bbox 445 3995 466 4063; x_wconf 87' lang='grc'><strong>(</strong></span> <span class='ocrx_word' id='word_1_381' title='bbox 490 3996 562 4050; x_wconf 88' lang='lat' dir='ltr'><strong>al.</strong></span> <span class='ocrx_word' id='word_1_382' title='bbox 590 3994 778 4064; x_wconf 70' lang='grc' dir='ltr'><strong>αὐτῆς)</strong></span> <span class='ocrx_word' id='word_1_383' title='bbox 808 4005 988 4063; x_wconf 79' lang='grc' dir='ltr'><strong>γνώμης</strong></span> <span class='ocrx_word' id='word_1_384' title='bbox 1012 4001 1131 4050; x_wconf 74' lang='grc' dir='ltr'>εἶναι</span> <span class='ocrx_word' id='word_1_385' title='bbox 1151 4004 1362 4066; x_wconf 77' lang='grc' dir='ltr'><strong>ἑταίρους</strong></span> <span class='ocrx_word' id='word_1_386' title='bbox 1390 3999 1535 4050; x_wconf 81' lang='grc' dir='ltr'><strong>αὖτοῦ</strong></span> <span class='ocrx_word' id='word_1_387' title='bbox 1570 4002 1829 4060; x_wconf 73' lang='grc' dir='ltr'><strong>γενομὶνους</strong></span> <span class='ocrx_word' id='word_1_388' title='bbox 1862 3999 1912 4047; x_wconf 73' lang='grc' dir='ltr'>ἕιι</span> <span class='ocrx_word' id='word_1_389' title='bbox 1954 4009 2038 4054; x_wconf 75' lang='grc' dir='ltr'><strong>τῆς</strong></span> 
     </span>
    </p>
   </div>
   <div class='ocr_carea' id='block_1_58' title="bbox 445 4081 2041 4158">
    <p class='ocr_par' dir='ltr' id='par_1_58' title="bbox 445 4081 2041 4158">
     <span class='ocr_line' id='line_1_63' title="bbox 445 4081 2041 4158; baseline -0.006 -14"><span class='ocrx_word' id='word_1_390' title='bbox 445 4096 673 4144; x_wconf 73' lang='grc' dir='ltr'><strong>Λιϐανίου</strong></span> <span class='ocrx_word' id='word_1_391' title='bbox 711 4091 954 4158; x_wconf 72' lang='grc' dir='ltr'>διατριϐῆς</span> <span class='ocrx_word' id='word_1_392' title='bbox 983 4127 997 4152; x_wconf 84' lang='grc'><em>,</em></span> <span class='ocrx_word' id='word_1_393' title='bbox 1019 4092 1252 4158; x_wconf 79' lang='grc' dir='ltr'><strong>Θεόδωρόν</strong></span> <span class='ocrx_word' id='word_1_394' title='bbox 1289 4109 1397 4140; x_wconf 77' lang='grc' dir='ltr'>τινα</span> <span class='ocrx_word' id='word_1_395' title='bbox 1428 4095 1510 4139; x_wconf 74' lang='grc' dir='ltr'><strong>καὶ</strong></span> <span class='ocrx_word' id='word_1_396' title='bbox 1550 4093 1796 4152; x_wconf 79' lang='grc' dir='ltr'><strong>Μάξιμον·</strong></span> <span class='ocrx_word' id='word_1_397' title='bbox 1820 4081 1890 4137; x_wconf 76' lang='grc' dir='ltr'><strong>ὧν</strong></span> <span class='ocrx_word' id='word_1_398' title='bbox 1913 4089 1938 4138; x_wconf 85' lang='grc' dir='ltr'><strong><em>ὁ</em></strong></span> <span class='ocrx_word' id='word_1_399' title='bbox 1956 4092 2041 4151; x_wconf 75' lang='grc' dir='ltr'><strong>μὲν</strong></span> 
     </span>
    </p>
   </div>
   <div class='ocr_carea' id='block_1_59' title="bbox 450 4167 2034 4249">
    <p class='ocr_par' dir='ltr' id='par_1_59' title="bbox 450 4167 2034 4249">
     <span class='ocr_line' id='line_1_64' title="bbox 450 4167 2034 4249; baseline -0.003 -18"><span class='ocrx_word' id='word_1_400' title='bbox 450 4173 754 4247; x_wconf 68' lang='lat' dir='ltr'><strong>(Maximus)</strong></span> <span class='ocrx_word' id='word_1_401' title='bbox 772 4181 954 4249; x_wconf 71' lang='grc' dir='ltr'><strong>ὕστερον</strong></span> <span class='ocrx_word' id='word_1_402' title='bbox 968 4183 1212 4238; x_wconf 65' lang='grc' dir='ltr'><strong>ἐπίσκοπος</strong></span> <span class='ocrx_word' id='word_1_403' title='bbox 1228 4182 1405 4242; x_wconf 63' lang='grc' dir='ltr'><strong>ἐγένετο</strong></span> <span class='ocrx_word' id='word_1_404' title='bbox 1423 4185 1686 4236; x_wconf 67' lang='grc' dir='ltr'><strong>Σελευκείας</strong></span> <span class='ocrx_word' id='word_1_405' title='bbox 1704 4192 1787 4238; x_wconf 80' lang='grc' dir='ltr'><strong>τῆς</strong></span> <span class='ocrx_word' id='word_1_406' title='bbox 1813 4167 2034 4246; x_wconf 78' lang='grc' dir='ltr'><strong>1σαῦρων,</strong></span> 
     </span>
    </p>
   </div>
   <div class='ocr_carea' id='block_1_60' title="bbox 447 4268 2040 4341">
    <p class='ocr_par' dir='ltr' id='par_1_60' title="bbox 447 4268 2040 4341">
     <span class='ocr_line' id='line_1_65' title="bbox 447 4268 2040 4341; baseline -0.004 -15"><span class='ocrx_word' id='word_1_407' title='bbox 447 4277 620 4339; x_wconf 64' lang='grc' dir='ltr'><strong>Μόψου</strong></span> <span class='ocrx_word' id='word_1_408' title='bbox 648 4275 695 4325; x_wconf 71' lang='grc' dir='ltr'><strong>δὲ</strong></span> <span class='ocrx_word' id='word_1_409' title='bbox 720 4274 878 4333; x_wconf 69' lang='lat' dir='ltr'><strong>lat-(at;</strong></span> <span class='ocrx_word' id='word_1_410' title='bbox 907 4287 992 4333; x_wconf 83' lang='grc' dir='ltr'><strong>τῆς</strong></span> <span class='ocrx_word' id='word_1_411' title='bbox 1028 4278 1250 4332; x_wconf 77' lang='grc' dir='ltr'><strong>Κιλικίας</strong></span> <span class='ocrx_word' id='word_1_412' title='bbox 1278 4274 1538 4341; x_wconf 71' lang='grc' dir='ltr'><strong>Θεόδωρος,</strong></span> <span class='ocrx_word' id='word_1_413' title='bbox 1560 4268 1580 4341; x_wconf 94' lang='grc'>[</span> <span class='ocrx_word' id='word_1_414' title='bbox 1606 4278 1717 4340; x_wconf 71' lang='grc' dir='ltr'><strong>πρὸς</strong></span> <span class='ocrx_word' id='word_1_415' title='bbox 1751 4275 1802 4322; x_wconf 81' lang='grc' dir='ltr'><strong>ὃν</strong></span> <span class='ocrx_word' id='word_1_416' title='bbox 1841 4278 2040 4323; x_wconf 67' lang='lat' dir='ltr'><strong>meo-nat</strong></span> 
     </span>
    </p>
   </div>
   <div class='ocr_carea' id='block_1_61' title="bbox 449 4359 2041 4436">
    <p class='ocr_par' dir='ltr' id='par_1_61' title="bbox 449 4359 2041 4436">
     <span class='ocr_line' id='line_1_66' title="bbox 449 4359 2041 4436; baseline 0.001 -20"><span class='ocrx_word' id='word_1_417' title='bbox 449 4367 611 4436; x_wconf 59' lang='grc' dir='ltr'>γοάῖνιι</span> <span class='ocrx_word' id='word_1_418' title='bbox 629 4368 655 4418; x_wconf 82' lang='grc' dir='ltr'><strong>ὀ</strong></span> <span class='ocrx_word' id='word_1_419' title='bbox 675 4372 789 4426; x_wconf 71' lang='grc' dir='ltr'><strong>θεῖος</strong></span> <span class='ocrx_word' id='word_1_420' title='bbox 803 4371 1133 4436; x_wconf 66' lang='grc' dir='ltr'><strong>Χρυσόπομος</strong></span> <span class='ocrx_word' id='word_1_421' title='bbox 1157 4368 1407 4425; x_wconf 66' lang='grc' dir='ltr'><strong>ἐπιστολὴν</strong></span> <span class='ocrx_word' id='word_1_422' title='bbox 1427 4366 1640 4433; x_wconf 73' lang='grc' dir='ltr'><strong>δευτέραν</strong></span> <span class='ocrx_word' id='word_1_423' title='bbox 1658 4359 1702 4434; x_wconf 86' lang='grc'><strong>],</strong></span> <span class='ocrx_word' id='word_1_424' title='bbox 1721 4371 1828 4417; x_wconf 91' lang='lat' dir='ltr'><strong>etc.</strong></span> <span class='ocrx_word' id='word_1_425' title='bbox 1864 4381 1883 4414; x_wconf 73' lang='grc' dir='ltr'><strong>ι</strong></span> <span class='ocrx_word' id='word_1_426' title='bbox 1914 4361 2041 4418; x_wconf 75' lang='lat' dir='ltr'><strong>“:t&#39;c</strong></span> 
     </span>
    </p>
   </div>
   <div class='ocr_carea' id='block_1_62' title="bbox 449 4453 2038 4525">
    <p class='ocr_par' dir='ltr' id='par_1_62' title="bbox 449 4453 2038 4525">
     <span class='ocr_line' id='line_1_67' title="bbox 449 4453 2038 4525; baseline -0.001 -18"><span class='ocrx_word' id='word_1_427' title='bbox 449 4463 721 4525; x_wconf 86' lang='lat' dir='ltr'><strong>postrema</strong></span> <span class='ocrx_word' id='word_1_428' title='bbox 759 4457 921 4510; x_wconf 85' lang='lat' dir='ltr'><strong>verba</strong></span> <span class='ocrx_word' id='word_1_429' title='bbox 961 4455 1169 4509; x_wconf 90' lang='lat' dir='ltr'><strong>uncinis</strong></span> <span class='ocrx_word' id='word_1_430' title='bbox 1201 4454 1403 4509; x_wconf 88' lang='lat' dir='ltr'><strong>inclusa</strong></span> <span class='ocrx_word' id='word_1_431' title='bbox 1444 4453 1498 4508; x_wconf 91' lang='lat' dir='ltr'><strong>in</strong></span> <span class='ocrx_word' id='word_1_432' title='bbox 1546 4453 1780 4508; x_wconf 87' lang='lat' dir='ltr'><strong>editione</strong></span> <span class='ocrx_word' id='word_1_433' title='bbox 1820 4453 2038 4508; x_wconf 81' lang='lat' dir='ltr'><strong>Roberti</strong></span> 
     </span>
    </p>
   </div>
   <div class='ocr_carea' id='block_1_63' title="bbox 451 4545 2042 4618">
    <p class='ocr_par' dir='ltr' id='par_1_63' title="bbox 451 4545 2042 4618">
     <span class='ocr_line' id='line_1_68' title="bbox 451 4545 2042 4618; baseline -0.001 -16"><span class='ocrx_word' id='word_1_434' title='bbox 451 4545 709 4617; x_wconf 87' lang='lat' dir='ltr'><strong>Stephani</strong></span> <span class='ocrx_word' id='word_1_435' title='bbox 745 4556 801 4603; x_wconf 90' lang='lat' dir='ltr'><strong>et</strong></span> <span class='ocrx_word' id='word_1_436' title='bbox 840 4546 1310 4618; x_wconf 88' lang='lat' dir='ltr'><strong>Christophorsoni</strong></span> <span class='ocrx_word' id='word_1_437' title='bbox 1354 4547 1618 4602; x_wconf 84' lang='lat' dir='ltr'><strong>habentur</strong></span> <span class='ocrx_word' id='word_1_438' title='bbox 1647 4562 1660 4598; x_wconf 91' lang='lat'>:</span> <span class='ocrx_word' id='word_1_439' title='bbox 1696 4545 1886 4600; x_wconf 91' lang='lat' dir='ltr'><strong>horum</strong></span> <span class='ocrx_word' id='word_1_440' title='bbox 1912 4561 2042 4601; x_wconf 88' lang='lat' dir='ltr'><strong>vero</strong></span> 
     </span>
    </p>
   </div>
   <div class='ocr_carea' id='block_1_64' title="bbox 447 4637 2040 4710">
    <p class='ocr_par' dir='ltr' id='par_1_64' title="bbox 447 4637 2040 4710">
     <span class='ocr_line' id='line_1_69' title="bbox 447 4637 2040 4710; baseline -0.001 -17"><span class='ocrx_word' id='word_1_441' title='bbox 447 4653 640 4694; x_wconf 80' lang='lat' dir='ltr'><strong>sensus</strong></span> <span class='ocrx_word' id='word_1_442' title='bbox 658 4648 769 4694; x_wconf 89' lang='lat' dir='ltr'><strong>est:</strong></span> <span class='ocrx_word' id='word_1_443' title='bbox 788 4639 978 4693; x_wconf 90' lang='lat' dir='ltr'><strong>Divum</strong></span> <span class='ocrx_word' id='word_1_444' title='bbox 996 4638 1431 4710; x_wconf 83' lang='lat' dir='ltr'><strong>Chrysostomum</strong></span> <span class='ocrx_word' id='word_1_445' title='bbox 1452 4637 1739 4693; x_wconf 90' lang='lat' dir='ltr'><strong>secundam</strong></span> <span class='ocrx_word' id='word_1_446' title='bbox 1761 4637 2040 4707; x_wconf 88' lang='lat' dir='ltr'><strong>epistolam</strong></span> 
     </span>
    </p>
   </div>
   <div class='ocr_carea' id='block_1_65' title="bbox 450 4727 2042 4802">
    <p class='ocr_par' dir='ltr' id='par_1_65' title="bbox 450 4727 2042 4802">
     <span class='ocr_line' id='line_1_70' title="bbox 450 4727 2042 4802; baseline -0.001 -18"><span class='ocrx_word' id='word_1_447' title='bbox 450 4730 732 4802; x_wconf 84' lang='lat' dir='ltr'><strong>scripsisse</strong></span> <span class='ocrx_word' id='word_1_448' title='bbox 751 4730 820 4786; x_wconf 88' lang='lat' dir='ltr'><strong>ad</strong></span> <span class='ocrx_word' id='word_1_449' title='bbox 839 4731 1179 4786; x_wconf 85' lang='lat' dir='ltr'><strong>Theodorum</strong></span> <span class='ocrx_word' id='word_1_450' title='bbox 1197 4731 1404 4801; x_wconf 92' lang='lat' dir='ltr'><strong>lapsum</strong></span> <span class='ocrx_word' id='word_1_451' title='bbox 1429 4748 1443 4786; x_wconf 88' lang='lat'><strong>:</strong></span> <span class='ocrx_word' id='word_1_452' title='bbox 1462 4745 1580 4800; x_wconf 79' lang='lat' dir='ltr'><strong>quae</strong></span> <span class='ocrx_word' id='word_1_453' title='bbox 1597 4727 1838 4784; x_wconf 88' lang='lat' dir='ltr'><strong>clausula</strong></span> <span class='ocrx_word' id='word_1_454' title='bbox 1854 4729 1898 4783; x_wconf 92' lang='lat' dir='ltr'><strong>si</strong></span> <span class='ocrx_word' id='word_1_455' title='bbox 1918 4743 2042 4783; x_wconf 83' lang='lat' dir='ltr'><strong>vere</strong></span> 
     </span>
    </p>
   </div>
   <div class='ocr_carea' id='block_1_66' title="bbox 453 4821 2039 4893">
    <p class='ocr_par' dir='ltr' id='par_1_66' title="bbox 453 4821 2039 4893">
     <span class='ocr_line' id='line_1_71' title="bbox 453 4821 2039 4893; baseline -0.003 -15"><span class='ocrx_word' id='word_1_456' title='bbox 453 4821 737 4878; x_wconf 86' lang='lat' dir='ltr'><strong>Sozomeni</strong></span> <span class='ocrx_word' id='word_1_457' title='bbox 764 4832 904 4878; x_wconf 89' lang='lat' dir='ltr'><strong>esset</strong></span> <span class='ocrx_word' id='word_1_458' title='bbox 929 4863 946 4889; x_wconf 90' lang='lat'><strong>,</strong></span> <span class='ocrx_word' id='word_1_459' title='bbox 968 4823 1190 4893; x_wconf 86' lang='lat' dir='ltr'><strong>alicujus</strong></span> <span class='ocrx_word' id='word_1_460' title='bbox 1219 4823 1272 4878; x_wconf 93' lang='lat' dir='ltr'><strong>in</strong></span> <span class='ocrx_word' id='word_1_461' title='bbox 1313 4837 1372 4878; x_wconf 91' lang='lat' dir='ltr'><strong>re</strong></span> <span class='ocrx_word' id='word_1_462' title='bbox 1396 4838 1555 4892; x_wconf 92' lang='lat' dir='ltr'><strong>quam</strong></span> <span class='ocrx_word' id='word_1_463' title='bbox 1595 4831 1887 4877; x_wconf 78' lang='lat' dir='ltr'><strong>tractamus</strong></span> <span class='ocrx_word' id='word_1_464' title='bbox 1921 4837 2039 4876; x_wconf 82' lang='lat' dir='ltr'><strong>mo-</strong></span> 
     </span>
    </p>
   </div>
   <div class='ocr_carea' id='block_1_67' title="bbox 455 4912 2040 4983">
    <p class='ocr_par' dir='ltr' id='par_1_67' title="bbox 455 4912 2040 4983">
     <span class='ocr_line' id='line_1_72' title="bbox 455 4912 2040 4983; baseline -0.001 -15"><span class='ocrx_word' id='word_1_465' title='bbox 455 4914 622 4968; x_wconf 86' lang='lat' dir='ltr'><strong>menti</strong></span> <span class='ocrx_word' id='word_1_466' title='bbox 649 4912 814 4978; x_wconf 77' lang='lat' dir='ltr'><strong>l‘oret;</strong></span> <span class='ocrx_word' id='word_1_467' title='bbox 841 4929 1022 4970; x_wconf 91' lang='lat' dir='ltr'><strong>verum</strong></span> <span class='ocrx_word' id='word_1_468' title='bbox 1049 4930 1166 4968; x_wconf 87' lang='lat' dir='ltr'><strong>eam</strong></span> <span class='ocrx_word' id='word_1_469' title='bbox 1189 4929 1218 4968; x_wconf 90' lang='lat' dir='ltr'><strong>a</strong></span> <span class='ocrx_word' id='word_1_470' title='bbox 1243 4914 1458 4968; x_wconf 90' lang='lat' dir='ltr'><strong>librario</strong></span> <span class='ocrx_word' id='word_1_471' title='bbox 1487 4913 1738 4983; x_wconf 89' lang='lat' dir='ltr'><strong>quopiam</strong></span> <span class='ocrx_word' id='word_1_472' title='bbox 1770 4912 2040 4966; x_wconf 76' lang='lat' dir='ltr'><strong>inductam</strong></span> 
     </span>
    </p>
   </div>
   <div class='ocr_carea' id='block_1_68' title="bbox 451 5004 2039 5074">
    <p class='ocr_par' dir='ltr' id='par_1_68' title="bbox 451 5004 2039 5074">
     <span class='ocr_line' id='line_1_73' title="bbox 451 5004 2039 5074; baseline -0.001 -16"><span class='ocrx_word' id='word_1_473' title='bbox 451 5005 614 5059; x_wconf 79' lang='lat' dir='ltr'><strong>fuisse</strong></span> <span class='ocrx_word' id='word_1_474' title='bbox 647 5013 793 5074; x_wconf 91' lang='lat' dir='ltr'><strong>putat</strong></span> <span class='ocrx_word' id='word_1_475' title='bbox 819 5005 1076 5060; x_wconf 37' lang='lat' dir='ltr'><strong>l‘lenricus</strong></span> <span class='ocrx_word' id='word_1_476' title='bbox 1105 5004 1366 5068; x_wconf 79' lang='lat' dir='ltr'><strong>Valesius,</strong></span> <span class='ocrx_word' id='word_1_477' title='bbox 1387 5004 1486 5059; x_wconf 90' lang='lat' dir='ltr'><strong>hac</strong></span> <span class='ocrx_word' id='word_1_478' title='bbox 1512 5013 1785 5073; x_wconf 87' lang='lat' dir='ltr'><strong>permotus</strong></span> <span class='ocrx_word' id='word_1_479' title='bbox 1812 5005 2039 5070; x_wconf 85' lang='lat' dir='ltr'><strong>ratione,</strong></span> 
     </span>
    </p>
   </div>
   <div class='ocr_carea' id='block_1_69' title="bbox 451 5095 2040 5167">
    <p class='ocr_par' dir='ltr' id='par_1_69' title="bbox 451 5095 2040 5167">
     <span class='ocr_line' id='line_1_74' title="bbox 451 5095 2040 5167; baseline -0.002 -16"><span class='ocrx_word' id='word_1_480' title='bbox 451 5112 612 5167; x_wconf 82' lang='lat' dir='ltr'><strong>quam</strong></span> <span class='ocrx_word' id='word_1_481' title='bbox 639 5106 695 5152; x_wconf 92' lang='lat' dir='ltr'><strong>et</strong></span> <span class='ocrx_word' id='word_1_482' title='bbox 723 5112 820 5152; x_wconf 91' lang='lat' dir='ltr'><strong>nos</strong></span> <span class='ocrx_word' id='word_1_483' title='bbox 849 5097 1135 5167; x_wconf 88' lang='lat' dir='ltr'><strong>probamus</strong></span> <span class='ocrx_word' id='word_1_484' title='bbox 1166 5114 1180 5150; x_wconf 92' lang='lat'><strong>:</strong></span> <span class='ocrx_word' id='word_1_485' title='bbox 1213 5096 1459 5152; x_wconf 88' lang='lat' dir='ltr'><strong>videlicet</strong></span> <span class='ocrx_word' id='word_1_486' title='bbox 1501 5095 1760 5151; x_wconf 84' lang='lat' dir='ltr'><strong>Joannem</strong></span> <span class='ocrx_word' id='word_1_487' title='bbox 1801 5103 2040 5149; x_wconf 90' lang='lat' dir='ltr'><strong>nostrum</strong></span> 
     </span>
    </p>
   </div>
   <div class='ocr_carea' id='block_1_70' title="bbox 453 5184 2040 5258">
    <p class='ocr_par' dir='ltr' id='par_1_70' title="bbox 453 5184 2040 5258">
     <span class='ocr_line' id='line_1_75' title="bbox 453 5184 2040 5258; baseline -0.002 -16"><span class='ocrx_word' id='word_1_488' title='bbox 453 5188 736 5242; x_wconf 78' lang='lat' dir='ltr'><strong>Sozomeni</strong></span> <span class='ocrx_word' id='word_1_489' title='bbox 764 5203 879 5243; x_wconf 63' lang='lat' dir='ltr'><strong>aevo</strong></span> <span class='ocrx_word' id='word_1_490' title='bbox 906 5188 1138 5242; x_wconf 79' lang='lat' dir='ltr'><strong>umidum</strong></span> <span class='ocrx_word' id='word_1_491' title='bbox 1168 5186 1536 5258; x_wconf 86' lang='lat' dir='ltr'><strong>Chrysostomi</strong></span> <span class='ocrx_word' id='word_1_492' title='bbox 1567 5201 1760 5241; x_wconf 91' lang='lat' dir='ltr'><strong>nomen</strong></span> <span class='ocrx_word' id='word_1_493' title='bbox 1789 5184 2040 5254; x_wconf 91' lang='lat' dir='ltr'><strong>adeptum</strong></span> 
     </span>
    </p>
   </div>
   <div class='ocr_carea' id='block_1_71' title="bbox 447 5277 2042 5336">
    <p class='ocr_par' dir='ltr' id='par_1_71' title="bbox 447 5277 2042 5336">
     <span class='ocr_line' id='line_1_76' title="bbox 447 5277 2042 5336; baseline -0.004 0"><span class='ocrx_word' id='word_1_494' title='bbox 447 5281 805 5336; x_wconf 77' lang='lat' dir='ltr'><strong>fuissezcum</strong></span> <span class='ocrx_word' id='word_1_495' title='bbox 847 5289 1023 5336; x_wconf 89' lang='lat' dir='ltr'><strong>autem</strong></span> <span class='ocrx_word' id='word_1_496' title='bbox 1069 5280 1120 5334; x_wconf 92' lang='lat' dir='ltr'><strong>in</strong></span> <span class='ocrx_word' id='word_1_497' title='bbox 1163 5279 1349 5334; x_wconf 89' lang='lat' dir='ltr'><strong>codice</strong></span> <span class='ocrx_word' id='word_1_498' title='bbox 1387 5277 1685 5333; x_wconf 83' lang='lat' dir='ltr'><strong>Fuketiano</strong></span> <span class='ocrx_word' id='word_1_499' title='bbox 1734 5277 1848 5332; x_wconf 60' lang='lat' dir='ltr'><strong>haec</strong></span> <span class='ocrx_word' id='word_1_500' title='bbox 1896 5278 2042 5332; x_wconf 87' lang='lat' dir='ltr'><strong>clau-</strong></span> 
     </span>
    </p>
   </div>
   <div class='ocr_carea' id='block_1_72' title="bbox 451 5369 2042 5442">
    <p class='ocr_par' dir='ltr' id='par_1_72' title="bbox 451 5369 2042 5442">
     <span class='ocr_line' id='line_1_77' title="bbox 451 5369 2042 5442; baseline -0.003 -14"><span class='ocrx_word' id='word_1_501' title='bbox 451 5375 567 5429; x_wconf 81' lang='lat' dir='ltr'><strong>sula</strong></span> <span class='ocrx_word' id='word_1_502' title='bbox 598 5387 706 5428; x_wconf 90' lang='lat' dir='ltr'><strong>non</strong></span> <span class='ocrx_word' id='word_1_503' title='bbox 746 5382 1012 5434; x_wconf 89' lang='lat' dir='ltr'><strong>exstaret,</strong></span> <span class='ocrx_word' id='word_1_504' title='bbox 1045 5373 1190 5427; x_wconf 87' lang='lat' dir='ltr'><strong>illam</strong></span> <span class='ocrx_word' id='word_1_505' title='bbox 1239 5372 1494 5442; x_wconf 81' lang='lat' dir='ltr'><strong>expunxit</strong></span> <span class='ocrx_word' id='word_1_506' title='bbox 1521 5369 1782 5425; x_wconf 84' lang='lat' dir='ltr'><strong>Valesius.</strong></span> <span class='ocrx_word' id='word_1_507' title='bbox 1813 5369 2042 5424; x_wconf 89' lang='lat' dir='ltr'><strong>Savilius</strong></span> 
     </span>
    </p>
   </div>
   <div class='ocr_carea' id='block_1_73' title="bbox 451 5461 2042 5536">
    <p class='ocr_par' dir='ltr' id='par_1_73' title="bbox 451 5461 2042 5536">
     <span class='ocr_line' id='line_1_78' title="bbox 451 5461 2042 5536; baseline -0.004 -14"><span class='ocrx_word' id='word_1_508' title='bbox 451 5466 610 5522; x_wconf 77' lang='lat' dir='ltr'><strong>etiam</strong></span> <span class='ocrx_word' id='word_1_509' title='bbox 641 5465 730 5536; x_wconf 87' lang='lat' dir='ltr'><strong>qui</strong></span> <span class='ocrx_word' id='word_1_510' title='bbox 778 5465 921 5520; x_wconf 87' lang='lat' dir='ltr'><strong>illam</strong></span> <span class='ocrx_word' id='word_1_511' title='bbox 951 5464 1159 5520; x_wconf 90' lang='lat' dir='ltr'><strong>uncinis</strong></span> <span class='ocrx_word' id='word_1_512' title='bbox 1195 5463 1428 5529; x_wconf 88' lang='lat' dir='ltr'><strong>inclusit,</strong></span> <span class='ocrx_word' id='word_1_513' title='bbox 1459 5472 1758 5532; x_wconf 90' lang='lat' dir='ltr'><strong>suspectam</strong></span> <span class='ocrx_word' id='word_1_514' title='bbox 1791 5461 2042 5516; x_wconf 83' lang='lat' dir='ltr'><strong>habuisse</strong></span> 
     </span>
    </p>
   </div>
   <div class='ocr_carea' id='block_1_74' title="bbox 454 5553 2038 5626">
    <p class='ocr_par' dir='ltr' id='par_1_74' title="bbox 454 5553 2038 5626">
     <span class='ocr_line' id='line_1_79' title="bbox 454 5553 2038 5626; baseline -0.003 -18"><span class='ocrx_word' id='word_1_515' title='bbox 454 5557 685 5612; x_wconf 77' lang='lat' dir='ltr'><strong>videtur.</strong></span> <span class='ocrx_word' id='word_1_516' title='bbox 711 5557 995 5612; x_wconf 83' lang='lat' dir='ltr'><strong>Sozomeni</strong></span> <span class='ocrx_word' id='word_1_517' title='bbox 1035 5571 1167 5626; x_wconf 76' lang='lat' dir='ltr'><strong>ergo</strong></span> <span class='ocrx_word' id='word_1_518' title='bbox 1207 5563 1535 5611; x_wconf 87' lang='lat' dir='ltr'><strong>memoratus</strong></span> <span class='ocrx_word' id='word_1_519' title='bbox 1578 5555 1724 5609; x_wconf 89' lang='lat' dir='ltr'><strong>locus</strong></span> <span class='ocrx_word' id='word_1_520' title='bbox 1753 5553 1832 5608; x_wconf 91' lang='lat' dir='ltr'><strong>sic</strong></span> <span class='ocrx_word' id='word_1_521' title='bbox 1861 5553 2038 5614; x_wconf 86' lang='lat' dir='ltr'><strong>habet;</strong></span> 
     </span>
    </p>
   </div>
   <div class='ocr_carea' id='block_1_75' title="bbox 452 5643 2042 5716">
    <p class='ocr_par' dir='ltr' id='par_1_75' title="bbox 452 5643 2042 5716">
     <span class='ocr_line' id='line_1_80' title="bbox 452 5643 2042 5716; baseline -0.003 -14"><span class='ocrx_word' id='word_1_522' title='bbox 452 5648 641 5702; x_wconf 61' lang='lat' dir='ltr'><strong>Caeca</strong></span> <span class='ocrx_word' id='word_1_523' title='bbox 682 5646 958 5702; x_wconf 83' lang='lat' dir='ltr'><strong>brevitatis</strong></span> <span class='ocrx_word' id='word_1_524' title='bbox 991 5661 1151 5701; x_wconf 86' lang='lat' dir='ltr'><strong>causa</strong></span> <span class='ocrx_word' id='word_1_525' title='bbox 1198 5646 1576 5716; x_wconf 66' lang='lat' dir='ltr'><strong>praeterimus:</strong></span> <span class='ocrx_word' id='word_1_526' title='bbox 1610 5663 1630 5696; x_wconf 80' lang='grc' dir='ltr'><strong>ι</strong></span> <span class='ocrx_word' id='word_1_527' title='bbox 1666 5644 1850 5714; x_wconf 86' lang='lat' dir='ltr'><strong>Neque</strong></span> <span class='ocrx_word' id='word_1_528' title='bbox 1897 5643 2042 5698; x_wconf 87' lang='lat' dir='ltr'><strong>solus</strong></span> 
     </span>
    </p>
   </div>
   <div class='ocr_carea' id='block_1_76' title="bbox 452 5733 2064 5807">
    <p class='ocr_par' dir='ltr' id='par_1_76' title="bbox 452 5733 2064 5807">
     <span class='ocr_line' id='line_1_81' title="bbox 452 5733 2064 5807; baseline -0.001 -17"><span class='ocrx_word' id='word_1_529' title='bbox 452 5734 731 5807; x_wconf 81' lang='lat' dir='ltr'><strong>(Joannes)</strong></span> <span class='ocrx_word' id='word_1_530' title='bbox 750 5739 850 5792; x_wconf 88' lang='lat' dir='ltr'><strong>hos</strong></span> <span class='ocrx_word' id='word_1_531' title='bbox 870 5735 1156 5803; x_wconf 79' lang='lat' dir='ltr'><strong>magistros</strong></span> <span class='ocrx_word' id='word_1_532' title='bbox 1215 5736 1392 5792; x_wconf 87' lang='lat' dir='ltr'><strong>adibat</strong></span> <span class='ocrx_word' id='word_1_533' title='bbox 1430 5735 1749 5799; x_wconf 87' lang='lat' dir='ltr'><strong>(Carterium</strong></span> <span class='ocrx_word' id='word_1_534' title='bbox 1775 5743 1828 5791; x_wconf 87' lang='lat' dir='ltr'><strong>et</strong></span> <span class='ocrx_word' id='word_1_535' title='bbox 1857 5733 2064 5790; x_wconf 87' lang='lat' dir='ltr'><strong>Diodo-</strong></span> 
     </span>
    </p>
   </div>
   <div class='ocr_carea' id='block_1_77' title="bbox 2147 2528 3728 2600">
    <p class='ocr_par' dir='ltr' id='par_1_77' title="bbox 2147 2528 3728 2600">
     <span class='ocr_line' id='line_1_82' title="bbox 2147 2528 3728 2600; baseline 0.005 -18"><span class='ocrx_word' id='word_1_536' title='bbox 2147 2530 2290 2600; x_wconf 84' lang='lat' dir='ltr'><strong>rum)</strong></span> <span class='ocrx_word' id='word_1_537' title='bbox 2314 2569 2328 2592; x_wconf 96' lang='lat'><strong>,</strong></span> <span class='ocrx_word' id='word_1_538' title='bbox 2357 2528 2452 2584; x_wconf 90' lang='lat' dir='ltr'><strong>sed</strong></span> <span class='ocrx_word' id='word_1_539' title='bbox 2481 2529 2640 2584; x_wconf 88' lang='lat' dir='ltr'><strong>etiam</strong></span> <span class='ocrx_word' id='word_1_540' title='bbox 2681 2545 2808 2585; x_wconf 90' lang='lat' dir='ltr'><strong>suos</strong></span> <span class='ocrx_word' id='word_1_541' title='bbox 2849 2545 2916 2586; x_wconf 85' lang='lat' dir='ltr'><strong>ex</strong></span> <span class='ocrx_word' id='word_1_542' title='bbox 2959 2530 3162 2586; x_wconf 86' lang='lat' dir='ltr'><strong>Libanii</strong></span> <span class='ocrx_word' id='word_1_543' title='bbox 3193 2531 3374 2588; x_wconf 86' lang='lat' dir='ltr'><strong>schola</strong></span> <span class='ocrx_word' id='word_1_544' title='bbox 3418 2533 3626 2588; x_wconf 81' lang='lat' dir='ltr'><strong>sodales</strong></span> <span class='ocrx_word' id='word_1_545' title='bbox 3661 2535 3728 2590; x_wconf 86' lang='lat' dir='ltr'><strong>ad</strong></span> 
     </span>
    </p>
   </div>
   <div class='ocr_carea' id='block_1_78' title="bbox 2143 2618 3730 2693">
    <p class='ocr_par' dir='ltr' id='par_1_78' title="bbox 2143 2618 3730 2693">
     <span class='ocr_line' id='line_1_83' title="bbox 2143 2618 3730 2693; baseline 0.004 -20"><span class='ocrx_word' id='word_1_546' title='bbox 2143 2618 2370 2689; x_wconf 91' lang='lat' dir='ltr'><strong>idipsum</strong></span> <span class='ocrx_word' id='word_1_547' title='bbox 2391 2621 2651 2691; x_wconf 84' lang='lat' dir='ltr'><strong>agendum</strong></span> <span class='ocrx_word' id='word_1_548' title='bbox 2677 2622 2900 2686; x_wconf 81' lang='lat' dir='ltr'><strong>induxit,</strong></span> <span class='ocrx_word' id='word_1_549' title='bbox 2923 2622 3260 2678; x_wconf 88' lang='lat' dir='ltr'><strong>Theodorum</strong></span> <span class='ocrx_word' id='word_1_550' title='bbox 3287 2639 3474 2693; x_wconf 89' lang='lat' dir='ltr'><strong>nempe</strong></span> <span class='ocrx_word' id='word_1_551' title='bbox 3495 2638 3548 2680; x_wconf 91' lang='lat' dir='ltr'><strong>et</strong></span> <span class='ocrx_word' id='word_1_552' title='bbox 3568 2625 3730 2679; x_wconf 75' lang='lat' dir='ltr'><strong>Maxi-</strong></span> 
     </span>
    </p>
   </div>
   <div class='ocr_carea' id='block_1_79' title="bbox 2141 2713 3728 2784">
    <p class='ocr_par' dir='ltr' id='par_1_79' title="bbox 2141 2713 3728 2784">
     <span class='ocr_line' id='line_1_84' title="bbox 2141 2713 3728 2784; baseline 0.003 -18"><span class='ocrx_word' id='word_1_553' title='bbox 2141 2727 2286 2766; x_wconf 92' lang='lat' dir='ltr'><strong>mum</strong></span> <span class='ocrx_word' id='word_1_554' title='bbox 2339 2727 2353 2767; x_wconf 91' lang='lat'>:</span> <span class='ocrx_word' id='word_1_555' title='bbox 2404 2728 2630 2782; x_wconf 88' lang='lat' dir='ltr'><strong>quorum</strong></span> <span class='ocrx_word' id='word_1_556' title='bbox 2686 2713 2773 2768; x_wconf 91' lang='lat' dir='ltr'><strong>hic</strong></span> <span class='ocrx_word' id='word_1_557' title='bbox 2823 2715 3037 2784; x_wconf 79' lang='lat' dir='ltr'><strong>quidem</strong></span> <span class='ocrx_word' id='word_1_558' title='bbox 3101 2715 3355 2770; x_wconf 79' lang='lat' dir='ltr'><strong>Seleucia:</strong></span> <span class='ocrx_word' id='word_1_559' title='bbox 3417 2717 3468 2771; x_wconf 91' lang='lat' dir='ltr'><strong>in</strong></span> <span class='ocrx_word' id='word_1_560' title='bbox 3531 2718 3728 2772; x_wconf 81' lang='lat' dir='ltr'><strong>Isauria</strong></span> 
     </span>
    </p>
   </div>
   <div class='ocr_carea' id='block_1_80' title="bbox 2141 2804 3730 2878">
    <p class='ocr_par' dir='ltr' id='par_1_80' title="bbox 2141 2804 3730 2878">
     <span class='ocr_line' id='line_1_85' title="bbox 2141 2804 3730 2878; baseline 0.001 -20"><span class='ocrx_word' id='word_1_561' title='bbox 2141 2804 2426 2874; x_wconf 90' lang='lat' dir='ltr'><strong>episcopus</strong></span> <span class='ocrx_word' id='word_1_562' title='bbox 2454 2804 2706 2874; x_wconf 91' lang='lat' dir='ltr'><strong>deinceps</strong></span> <span class='ocrx_word' id='word_1_563' title='bbox 2747 2804 2884 2870; x_wconf 91' lang='lat' dir='ltr'><strong>fuit,</strong></span> <span class='ocrx_word' id='word_1_564' title='bbox 2934 2805 3249 2861; x_wconf 87' lang='lat' dir='ltr'><strong>Theodorus</strong></span> <span class='ocrx_word' id='word_1_565' title='bbox 3295 2807 3576 2878; x_wconf 90' lang='lat' dir='ltr'><strong>episcopus</strong></span> <span class='ocrx_word' id='word_1_566' title='bbox 3614 2809 3730 2862; x_wconf 76' lang='lat' dir='ltr'><strong>Mo-</strong></span> 
     </span>
    </p>
   </div>
   <div class='ocr_carea' id='block_1_81' title="bbox 2142 2893 3728 2966">
    <p class='ocr_par' dir='ltr' id='par_1_81' title="bbox 2142 2893 3728 2966">
     <span class='ocr_line' id='line_1_86' title="bbox 2142 2893 3728 2966; baseline 0.003 -17"><span class='ocrx_word' id='word_1_567' title='bbox 2142 2894 2395 2964; x_wconf 65' lang='lat' dir='ltr'><strong>psuestia:</strong></span> <span class='ocrx_word' id='word_1_568' title='bbox 2421 2895 2472 2950; x_wconf 92' lang='lat' dir='ltr'><strong>in</strong></span> <span class='ocrx_word' id='word_1_569' title='bbox 2502 2893 2709 2958; x_wconf 86' lang='lat' dir='ltr'><strong>Cilicia,</strong></span> <span class='ocrx_word' id='word_1_570' title='bbox 2740 2897 2820 2950; x_wconf 91' lang='lat' dir='ltr'><strong>vir</strong></span> <span class='ocrx_word' id='word_1_571' title='bbox 2847 2896 2898 2949; x_wconf 90' lang='lat' dir='ltr'><strong>in</strong></span> <span class='ocrx_word' id='word_1_572' title='bbox 2924 2897 3089 2950; x_wconf 87' lang='lat' dir='ltr'><strong>sacris</strong></span> <span class='ocrx_word' id='word_1_573' title='bbox 3125 2896 3413 2966; x_wconf 88' lang='lat' dir='ltr'><strong>Scripturis</strong></span> <span class='ocrx_word' id='word_1_574' title='bbox 3440 2909 3493 2954; x_wconf 92' lang='lat' dir='ltr'><strong>et</strong></span> <span class='ocrx_word' id='word_1_575' title='bbox 3519 2899 3568 2952; x_wconf 89' lang='lat' dir='ltr'><strong>in</strong></span> <span class='ocrx_word' id='word_1_576' title='bbox 3598 2901 3728 2954; x_wconf 91' lang='lat' dir='ltr'><strong>reli-</strong></span> 
     </span>
    </p>
   </div>
   <div class='ocr_carea' id='block_1_82' title="bbox 2143 2987 3730 3059">
    <p class='ocr_par' dir='ltr' id='par_1_82' title="bbox 2143 2987 3730 3059">
     <span class='ocr_line' id='line_1_87' title="bbox 2143 2987 3730 3059; baseline 0.003 -19"><span class='ocrx_word' id='word_1_577' title='bbox 2143 2987 2262 3056; x_wconf 88' lang='lat' dir='ltr'><strong>quis</strong></span> <span class='ocrx_word' id='word_1_578' title='bbox 2287 2987 2582 3058; x_wconf 89' lang='lat' dir='ltr'><strong>disciplinis</strong></span> <span class='ocrx_word' id='word_1_579' title='bbox 2622 2987 2897 3043; x_wconf 89' lang='lat' dir='ltr'><strong>rhetorum</strong></span> <span class='ocrx_word' id='word_1_580' title='bbox 2932 2998 2984 3042; x_wconf 90' lang='lat' dir='ltr'><strong>et</strong></span> <span class='ocrx_word' id='word_1_581' title='bbox 3012 2988 3448 3058; x_wconf 90' lang='lat' dir='ltr'><strong>philosophorum</strong></span> <span class='ocrx_word' id='word_1_582' title='bbox 3489 2991 3730 3059; x_wconf 91' lang='lat' dir='ltr'><strong>apprime</strong></span> 
     </span>
    </p>
   </div>
   <div class='ocr_carea' id='block_1_83' title="bbox 2141 3077 3728 3151">
    <p class='ocr_par' dir='ltr' id='par_1_83' title="bbox 2141 3077 3728 3151">
     <span class='ocr_line' id='line_1_88' title="bbox 2141 3077 3728 3151; baseline 0.002 -18"><span class='ocrx_word' id='word_1_583' title='bbox 2141 3077 2405 3133; x_wconf 90' lang='lat' dir='ltr'><strong>eruditus.</strong></span> <span class='ocrx_word' id='word_1_584' title='bbox 2458 3079 2634 3148; x_wconf 86' lang='lat' dir='ltr'><strong>Atque</strong></span> <span class='ocrx_word' id='word_1_585' title='bbox 2691 3079 2778 3134; x_wconf 93' lang='lat' dir='ltr'><strong>hic</strong></span> <span class='ocrx_word' id='word_1_586' title='bbox 2830 3079 3046 3150; x_wconf 91' lang='lat' dir='ltr'><strong>quidem</strong></span> <span class='ocrx_word' id='word_1_587' title='bbox 3098 3095 3218 3134; x_wconf 84' lang='lat' dir='ltr'><strong>cum</strong></span> <span class='ocrx_word' id='word_1_588' title='bbox 3273 3081 3466 3136; x_wconf 85' lang='lat' dir='ltr'><strong>divinis</strong></span> <span class='ocrx_word' id='word_1_589' title='bbox 3519 3081 3728 3151; x_wconf 81' lang='lat' dir='ltr'><strong>legibus</strong></span> 
     </span>
    </p>
   </div>
   <div class='ocr_carea' id='block_1_84' title="bbox 2143 3168 3725 3240">
    <p class='ocr_par' dir='ltr' id='par_1_84' title="bbox 2143 3168 3725 3240">
     <span class='ocr_line' id='line_1_89' title="bbox 2143 3168 3725 3240; baseline 0.002 -17"><span class='ocrx_word' id='word_1_590' title='bbox 2143 3169 2295 3223; x_wconf 91' lang='lat' dir='ltr'><strong>initio</strong></span> <span class='ocrx_word' id='word_1_591' title='bbox 2319 3168 2472 3224; x_wconf 87' lang='lat' dir='ltr'><strong>daret</strong></span> <span class='ocrx_word' id='word_1_592' title='bbox 2492 3185 2708 3240; x_wconf 87' lang='lat' dir='ltr'><strong>operam</strong></span> <span class='ocrx_word' id='word_1_593' title='bbox 2734 3212 2749 3237; x_wconf 90' lang='lat'><strong>,</strong></span> <span class='ocrx_word' id='word_1_594' title='bbox 2781 3179 2834 3225; x_wconf 91' lang='lat' dir='ltr'><strong>et</strong></span> <span class='ocrx_word' id='word_1_595' title='bbox 2859 3185 2978 3225; x_wconf 92' lang='lat' dir='ltr'><strong>cum</strong></span> <span class='ocrx_word' id='word_1_596' title='bbox 3006 3171 3202 3225; x_wconf 87' lang='lat' dir='ltr'><strong>sanctis</strong></span> <span class='ocrx_word' id='word_1_597' title='bbox 3227 3170 3355 3225; x_wconf 89' lang='lat' dir='ltr'><strong>viris</strong></span> <span class='ocrx_word' id='word_1_598' title='bbox 3386 3182 3686 3226; x_wconf 83' lang='lat' dir='ltr'><strong>versaretur</strong></span> <span class='ocrx_word' id='word_1_599' title='bbox 3709 3214 3725 3233; x_wconf 90' lang='lat'><strong>,</strong></span> 
     </span>
    </p>
   </div>
   <div class='ocr_carea' id='block_1_85' title="bbox 2145 3260 3728 3332">
    <p class='ocr_par' dir='ltr' id='par_1_85' title="bbox 2145 3260 3728 3332">
     <span class='ocr_line' id='line_1_90' title="bbox 2145 3260 3728 3332; baseline -0.001 -15"><span class='ocrx_word' id='word_1_600' title='bbox 2145 3260 2247 3317; x_wconf 88' lang='lat' dir='ltr'><strong>hoc</strong></span> <span class='ocrx_word' id='word_1_601' title='bbox 2285 3261 2493 3317; x_wconf 88' lang='lat' dir='ltr'><strong>vivendi</strong></span> <span class='ocrx_word' id='word_1_602' title='bbox 2539 3262 2837 3316; x_wconf 90' lang='lat' dir='ltr'><strong>institutum</strong></span> <span class='ocrx_word' id='word_1_603' title='bbox 2883 3262 3178 3332; x_wconf 85' lang='lat' dir='ltr'><strong>probabat,</strong></span> <span class='ocrx_word' id='word_1_604' title='bbox 3206 3263 3522 3332; x_wconf 90' lang='lat' dir='ltr'><strong>civilemque</strong></span> <span class='ocrx_word' id='word_1_605' title='bbox 3568 3263 3728 3316; x_wconf 85' lang='lat' dir='ltr'><strong>vitam</strong></span> 
     </span>
    </p>
   </div>
   <div class='ocr_carea' id='block_1_86' title="bbox 2142 3352 3726 3424">
    <p class='ocr_par' dir='ltr' id='par_1_86' title="bbox 2142 3352 3726 3424">
     <span class='ocr_line' id='line_1_91' title="bbox 2142 3352 3726 3424; baseline 0.003 -16"><span class='ocrx_word' id='word_1_606' title='bbox 2142 3352 2446 3408; x_wconf 88' lang='lat' dir='ltr'><strong>damnabat.</strong></span> <span class='ocrx_word' id='word_1_607' title='bbox 2492 3352 2686 3407; x_wconf 70' lang='lat' dir='ltr'><strong>Verum</strong></span> <span class='ocrx_word' id='word_1_608' title='bbox 2730 3354 2782 3408; x_wconf 92' lang='lat' dir='ltr'><strong>in</strong></span> <span class='ocrx_word' id='word_1_609' title='bbox 2851 3353 3123 3422; x_wconf 89' lang='lat' dir='ltr'><strong>proposito</strong></span> <span class='ocrx_word' id='word_1_610' title='bbox 3183 3368 3288 3407; x_wconf 87' lang='lat' dir='ltr'><strong>non</strong></span> <span class='ocrx_word' id='word_1_611' title='bbox 3337 3354 3726 3424; x_wconf 84' lang='lat' dir='ltr'><strong>perseveravit.</strong></span> 
     </span>
    </p>
   </div>
   <div class='ocr_carea' id='block_1_87' title="bbox 2143 3445 3728 3515">
    <p class='ocr_par' dir='ltr' id='par_1_87' title="bbox 2143 3445 3728 3515">
     <span class='ocr_line' id='line_1_92' title="bbox 2143 3445 3728 3515; baseline -0.001 -15"><span class='ocrx_word' id='word_1_612' title='bbox 2143 3454 2451 3515; x_wconf 82' lang='lat' dir='ltr'><strong>mutataque</strong></span> <span class='ocrx_word' id='word_1_613' title='bbox 2474 3446 2759 3510; x_wconf 90' lang='lat' dir='ltr'><strong>sententia,</strong></span> <span class='ocrx_word' id='word_1_614' title='bbox 2788 3445 2853 3499; x_wconf 90' lang='lat' dir='ltr'><strong>ad</strong></span> <span class='ocrx_word' id='word_1_615' title='bbox 2878 3445 3151 3514; x_wconf 88' lang='lat' dir='ltr'><strong>pristinam</strong></span> <span class='ocrx_word' id='word_1_616' title='bbox 3174 3446 3332 3499; x_wconf 90' lang='lat' dir='ltr'><strong>vitam</strong></span> <span class='ocrx_word' id='word_1_617' title='bbox 3355 3446 3604 3515; x_wconf 89' lang='lat' dir='ltr'><strong>abreptus</strong></span> <span class='ocrx_word' id='word_1_618' title='bbox 3624 3457 3728 3500; x_wconf 87' lang='lat' dir='ltr'><strong>est.</strong></span> 
     </span>
    </p>
   </div>
   <div class='ocr_carea' id='block_1_88' title="bbox 2143 3536 3730 3608">
    <p class='ocr_par' dir='ltr' id='par_1_88' title="bbox 2143 3536 3730 3608">
     <span class='ocr_line' id='line_1_93' title="bbox 2143 3536 3730 3608; baseline 0 -16"><span class='ocrx_word' id='word_1_619' title='bbox 2143 3536 2382 3608; x_wconf 87' lang='lat' dir='ltr'><strong>Cumque</strong></span> <span class='ocrx_word' id='word_1_620' title='bbox 2403 3579 2419 3604; x_wconf 90' lang='lat'><strong>,</strong></span> <span class='ocrx_word' id='word_1_621' title='bbox 2453 3546 2509 3590; x_wconf 94' lang='lat' dir='ltr'><strong>ut</strong></span> <span class='ocrx_word' id='word_1_622' title='bbox 2539 3538 2591 3592; x_wconf 93' lang='lat' dir='ltr'><strong>in</strong></span> <span class='ocrx_word' id='word_1_623' title='bbox 2619 3552 2768 3592; x_wconf 89' lang='lat' dir='ltr'><strong>more</strong></span> <span class='ocrx_word' id='word_1_624' title='bbox 2797 3548 2877 3592; x_wconf 89' lang='lat' dir='ltr'><strong>cst</strong></span> <span class='ocrx_word' id='word_1_625' title='bbox 2898 3580 2912 3603; x_wconf 95' lang='lat'><strong>,</strong></span> <span class='ocrx_word' id='word_1_626' title='bbox 2945 3538 3272 3608; x_wconf 91' lang='lat' dir='ltr'><strong>propositum</strong></span> <span class='ocrx_word' id='word_1_627' title='bbox 3298 3553 3452 3593; x_wconf 91' lang='lat' dir='ltr'><strong>suum</strong></span> <span class='ocrx_word' id='word_1_628' title='bbox 3488 3553 3550 3592; x_wconf 85' lang='lat' dir='ltr'><strong>ex</strong></span> <span class='ocrx_word' id='word_1_629' title='bbox 3579 3547 3730 3592; x_wconf 90' lang='lat' dir='ltr'><strong>vete-</strong></span> 
     </span>
    </p>
   </div>
   <div class='ocr_carea' id='block_1_89' title="bbox 2144 3628 3728 3699">
    <p class='ocr_par' dir='ltr' id='par_1_89' title="bbox 2144 3628 3728 3699">
     <span class='ocr_line' id='line_1_94' title="bbox 2144 3628 3728 3699; baseline 0.001 -16"><span class='ocrx_word' id='word_1_630' title='bbox 2144 3643 2262 3683; x_wconf 87' lang='lat' dir='ltr'><strong>rum</strong></span> <span class='ocrx_word' id='word_1_631' title='bbox 2301 3629 2561 3698; x_wconf 81' lang='lat' dir='ltr'><strong>exemplis</strong></span> <span class='ocrx_word' id='word_1_632' title='bbox 2598 3628 2952 3692; x_wconf 89' lang='lat' dir='ltr'><strong>defenderet,</strong></span> <span class='ocrx_word' id='word_1_633' title='bbox 2981 3629 3280 3684; x_wconf 89' lang='lat' dir='ltr'><strong>eruditione</strong></span> <span class='ocrx_word' id='word_1_634' title='bbox 3323 3645 3546 3698; x_wconf 90' lang='lat' dir='ltr'><strong>namque</strong></span> <span class='ocrx_word' id='word_1_635' title='bbox 3590 3646 3728 3699; x_wconf 76' lang='lat' dir='ltr'><strong>pne-</strong></span> 
     </span>
    </p>
   </div>
   <div class='ocr_carea' id='block_1_90' title="bbox 2145 3720 3731 3790">
    <p class='ocr_par' dir='ltr' id='par_1_90' title="bbox 2145 3720 3731 3790">
     <span class='ocr_line' id='line_1_95' title="bbox 2145 3720 3731 3790; baseline -0.001 -14"><span class='ocrx_word' id='word_1_636' title='bbox 2145 3721 2286 3777; x_wconf 91' lang='lat' dir='ltr'><strong>ditus</strong></span> <span class='ocrx_word' id='word_1_637' title='bbox 2331 3730 2464 3787; x_wconf 88' lang='lat' dir='ltr'><strong>erat,</strong></span> <span class='ocrx_word' id='word_1_638' title='bbox 2500 3722 2553 3776; x_wconf 88' lang='lat' dir='ltr'><strong>in</strong></span> <span class='ocrx_word' id='word_1_639' title='bbox 2598 3721 2781 3776; x_wconf 93' lang='lat' dir='ltr'><strong>urbem</strong></span> <span class='ocrx_word' id='word_1_640' title='bbox 2825 3720 3017 3786; x_wconf 88' lang='lat' dir='ltr'><strong>rediit,</strong></span> <span class='ocrx_word' id='word_1_641' title='bbox 3044 3720 3144 3776; x_wconf 90' lang='lat' dir='ltr'><strong>hoc</strong></span> <span class='ocrx_word' id='word_1_642' title='bbox 3181 3721 3460 3775; x_wconf 89' lang='lat' dir='ltr'><strong>consilium</strong></span> <span class='ocrx_word' id='word_1_643' title='bbox 3506 3722 3731 3790; x_wconf 90' lang='lat' dir='ltr'><strong>pristino</strong></span> 
     </span>
    </p>
   </div>
   <div class='ocr_carea' id='block_1_91' title="bbox 2144 3810 3726 3883">
    <p class='ocr_par' dir='ltr' id='par_1_91' title="bbox 2144 3810 3726 3883">
     <span class='ocr_line' id='line_1_96' title="bbox 2144 3810 3726 3883; baseline -0.001 -15"><span class='ocrx_word' id='word_1_644' title='bbox 2144 3823 2492 3883; x_wconf 87' lang='lat' dir='ltr'><strong>anteponens.</strong></span> <span class='ocrx_word' id='word_1_645' title='bbox 2543 3810 2783 3882; x_wconf 87' lang='lat' dir='ltr'><strong>Cumque</strong></span> <span class='ocrx_word' id='word_1_646' title='bbox 2823 3813 3171 3882; x_wconf 80' lang='lat' dir='ltr'><strong>comperisset</strong></span> <span class='ocrx_word' id='word_1_647' title='bbox 3219 3811 3453 3866; x_wconf 87' lang='lat' dir='ltr'><strong>Joannes</strong></span> <span class='ocrx_word' id='word_1_648' title='bbox 3506 3827 3626 3866; x_wconf 88' lang='lat' dir='ltr'><strong>eum</strong></span> <span class='ocrx_word' id='word_1_649' title='bbox 3673 3814 3726 3866; x_wconf 91' lang='lat' dir='ltr'><strong>in</strong></span> 
     </span>
    </p>
   </div>
   <div class='ocr_carea' id='block_1_92' title="bbox 2145 3903 3729 3974">
    <p class='ocr_par' dir='ltr' id='par_1_92' title="bbox 2145 3903 3729 3974">
     <span class='ocr_line' id='line_1_97' title="bbox 2145 3903 3729 3974; baseline -0.003 -13"><span class='ocrx_word' id='word_1_650' title='bbox 2145 3905 2488 3961; x_wconf 57' lang='lat' dir='ltr'><strong>saecularibus</strong></span> <span class='ocrx_word' id='word_1_651' title='bbox 2527 3905 2752 3974; x_wconf 83' lang='lat' dir='ltr'><strong>negotiis</strong></span> <span class='ocrx_word' id='word_1_652' title='bbox 2788 3904 2987 3959; x_wconf 86' lang='lat' dir='ltr'><strong>versari</strong></span> <span class='ocrx_word' id='word_1_653' title='bbox 3013 3945 3027 3968; x_wconf 97' lang='lat'><strong>,</strong></span> <span class='ocrx_word' id='word_1_654' title='bbox 3069 3913 3124 3958; x_wconf 90' lang='lat' dir='ltr'><strong>et</strong></span> <span class='ocrx_word' id='word_1_655' title='bbox 3173 3903 3240 3958; x_wconf 92' lang='lat' dir='ltr'><strong>de</strong></span> <span class='ocrx_word' id='word_1_656' title='bbox 3287 3919 3452 3957; x_wconf 77' lang='lat' dir='ltr'><strong>uxore</strong></span> <span class='ocrx_word' id='word_1_657' title='bbox 3491 3903 3729 3957; x_wconf 69' lang='lat' dir='ltr'><strong>ducenda</strong></span> 
     </span>
    </p>
   </div>
   <div class='ocr_carea' id='block_1_93' title="bbox 2145 3998 3730 4070">
    <p class='ocr_par' dir='ltr' id='par_1_93' title="bbox 2145 3998 3730 4070">
     <span class='ocr_line' id='line_1_98' title="bbox 2145 3998 3730 4070; baseline -0.003 -16"><span class='ocrx_word' id='word_1_658' title='bbox 2145 3999 2416 4070; x_wconf 81' lang='lat' dir='ltr'><strong>cogitare,</strong></span> <span class='ocrx_word' id='word_1_659' title='bbox 2467 3998 2700 4053; x_wconf 90' lang='lat' dir='ltr'><strong>divinam</strong></span> <span class='ocrx_word' id='word_1_660' title='bbox 2745 4007 2800 4052; x_wconf 91' lang='lat' dir='ltr'><strong>et</strong></span> <span class='ocrx_word' id='word_1_661' title='bbox 2847 4007 2957 4051; x_wconf 93' lang='lat' dir='ltr'><strong>tum</strong></span> <span class='ocrx_word' id='word_1_662' title='bbox 3011 3998 3225 4060; x_wconf 90' lang='lat' dir='ltr'><strong>verbis,</strong></span> <span class='ocrx_word' id='word_1_663' title='bbox 3285 4005 3394 4050; x_wconf 93' lang='lat' dir='ltr'><strong>tum</strong></span> <span class='ocrx_word' id='word_1_664' title='bbox 3450 3998 3730 4051; x_wconf 86' lang='lat' dir='ltr'><strong>sententiis</strong></span> 
     </span>
    </p>
   </div>
   <div class='ocr_carea' id='block_1_94' title="bbox 2146 4087 3731 4156">
    <p class='ocr_par' dir='ltr' id='par_1_94' title="bbox 2146 4087 3731 4156">
     <span class='ocr_line' id='line_1_99' title="bbox 2146 4087 3731 4156; baseline -0.003 -12"><span class='ocrx_word' id='word_1_665' title='bbox 2146 4089 2432 4145; x_wconf 86' lang='lat' dir='ltr'><strong>humanam</strong></span> <span class='ocrx_word' id='word_1_666' title='bbox 2461 4089 2758 4144; x_wconf 82' lang='lat' dir='ltr'><strong>facultatem</strong></span> <span class='ocrx_word' id='word_1_667' title='bbox 2790 4088 3135 4143; x_wconf 74' lang='lat' dir='ltr'><strong>excedentem</strong></span> <span class='ocrx_word' id='word_1_668' title='bbox 3167 4087 3442 4156; x_wconf 79' lang='lat' dir='ltr'><strong>epistolam</strong></span> <span class='ocrx_word' id='word_1_669' title='bbox 3468 4087 3533 4140; x_wconf 91' lang='lat' dir='ltr'><strong>ad</strong></span> <span class='ocrx_word' id='word_1_670' title='bbox 3562 4087 3731 4155; x_wconf 91' lang='lat' dir='ltr'><strong>ipsum</strong></span> 
     </span>
    </p>
   </div>
   <div class='ocr_carea' id='block_1_95' title="bbox 2147 4159 3731 4230">
    <p class='ocr_par' dir='ltr' id='par_1_95' title="bbox 2147 4159 3731 4230">
     <span class='ocr_line' id='line_1_100' title="bbox 2147 4159 3731 4230; baseline -0.002 -15"><span class='ocrx_word' id='word_1_671' title='bbox 2147 4161 2310 4215; x_wconf 88' lang='lat' dir='ltr'><strong>misit.</strong></span> <span class='ocrx_word' id='word_1_672' title='bbox 2361 4162 2473 4227; x_wconf 82' lang='lat' dir='ltr'><strong>Qua</strong></span> <span class='ocrx_word' id='word_1_673' title='bbox 2517 4161 2750 4230; x_wconf 87' lang='lat' dir='ltr'><strong>perlecta</strong></span> <span class='ocrx_word' id='word_1_674' title='bbox 2791 4159 2916 4225; x_wconf 92' lang='lat' dir='ltr'><strong>ille,</strong></span> <span class='ocrx_word' id='word_1_675' title='bbox 2966 4159 3270 4228; x_wconf 75' lang='lat' dir='ltr'><strong>ptenitentia</strong></span> <span class='ocrx_word' id='word_1_676' title='bbox 3317 4159 3506 4211; x_wconf 90' lang='lat' dir='ltr'><strong>ductus</strong></span> <span class='ocrx_word' id='word_1_677' title='bbox 3545 4173 3731 4212; x_wconf 87' lang='lat' dir='ltr'><strong>rursus</strong></span> 
     </span>
    </p>
   </div>
   <div class='ocr_carea' id='block_1_96' title="bbox 2146 4249 3728 4322">
    <p class='ocr_par' dir='ltr' id='par_1_96' title="bbox 2146 4249 3728 4322">
     <span class='ocr_line' id='line_1_101' title="bbox 2146 4249 3728 4322; baseline -0.005 -13"><span class='ocrx_word' id='word_1_678' title='bbox 2146 4253 2487 4309; x_wconf 80' lang='lat' dir='ltr'><strong>facultatibus</strong></span> <span class='ocrx_word' id='word_1_679' title='bbox 2527 4262 2580 4308; x_wconf 92' lang='lat' dir='ltr'><strong>et</strong></span> <span class='ocrx_word' id='word_1_680' title='bbox 2621 4253 2820 4322; x_wconf 89' lang='lat' dir='ltr'><strong>nuptiis</strong></span> <span class='ocrx_word' id='word_1_681' title='bbox 2848 4251 3171 4306; x_wconf 88' lang='lat' dir='ltr'><strong>renuntiavit</strong></span> <span class='ocrx_word' id='word_1_682' title='bbox 3202 4269 3214 4303; x_wconf 89' lang='lat'><em>:</em></span> <span class='ocrx_word' id='word_1_683' title='bbox 3246 4249 3570 4319; x_wconf 88' lang='lat' dir='ltr'><strong>Joannisque</strong></span> <span class='ocrx_word' id='word_1_684' title='bbox 3597 4263 3728 4303; x_wconf 61' lang='lat' dir='ltr'><strong>cono</strong></span> 
     </span>
    </p>
   </div>
   <div class='ocr_carea' id='block_1_97' title="bbox 2147 4341 3732 4415">
    <p class='ocr_par' dir='ltr' id='par_1_97' title="bbox 2147 4341 3732 4415">
     <span class='ocr_line' id='line_1_102' title="bbox 2147 4341 3732 4415; baseline -0.006 -13"><span class='ocrx_word' id='word_1_685' title='bbox 2147 4347 2270 4402; x_wconf 86' lang='lat' dir='ltr'><strong>silio</strong></span> <span class='ocrx_word' id='word_1_686' title='bbox 2321 4356 2600 4411; x_wconf 87' lang='lat' dir='ltr'><strong>servatus,</strong></span> <span class='ocrx_word' id='word_1_687' title='bbox 2650 4345 2716 4399; x_wconf 90' lang='lat' dir='ltr'><strong>ad</strong></span> <span class='ocrx_word' id='word_1_688' title='bbox 2769 4344 3190 4415; x_wconf 81' lang='lat' dir='ltr'><strong>phil050phicam</strong></span> <span class='ocrx_word' id='word_1_689' title='bbox 3244 4341 3406 4395; x_wconf 89' lang='lat' dir='ltr'><strong>vitam</strong></span> <span class='ocrx_word' id='word_1_690' title='bbox 3457 4355 3732 4411; x_wconf 77' lang='lat' dir='ltr'><strong>regreSsus</strong></span> 
     </span>
    </p>
   </div>
   <div class='ocr_carea' id='block_1_98' title="bbox 2146 4431 3733 4502">
    <p class='ocr_par' dir='ltr' id='par_1_98' title="bbox 2146 4431 3733 4502">
     <span class='ocr_line' id='line_1_103' title="bbox 2146 4431 3733 4502; baseline -0.004 -8"><span class='ocrx_word' id='word_1_691' title='bbox 2146 4447 2251 4494; x_wconf 90' lang='lat' dir='ltr'><strong>est.</strong></span> <span class='ocrx_word' id='word_1_692' title='bbox 2291 4457 2309 4491; x_wconf 75' lang='grc' dir='ltr'><strong>ι</strong></span> <span class='ocrx_word' id='word_1_693' title='bbox 2346 4436 2566 4493; x_wconf 82' lang='lat' dir='ltr'><strong>Videtur</strong></span> <span class='ocrx_word' id='word_1_694' title='bbox 2599 4451 2728 4491; x_wconf 88' lang='lat' dir='ltr'><strong>sane</strong></span> <span class='ocrx_word' id='word_1_695' title='bbox 2769 4436 3096 4491; x_wconf 89' lang='lat' dir='ltr'><strong>Sozomenus</strong></span> <span class='ocrx_word' id='word_1_696' title='bbox 3135 4433 3203 4488; x_wconf 89' lang='lat' dir='ltr'><strong>de</strong></span> <span class='ocrx_word' id='word_1_697' title='bbox 3238 4431 3468 4488; x_wconf 86' lang='lat' dir='ltr'><strong>secunda</strong></span> <span class='ocrx_word' id='word_1_698' title='bbox 3507 4432 3733 4502; x_wconf 87' lang='lat' dir='ltr'><strong>epistola</strong></span> 
     </span>
    </p>
   </div>
   <div class='ocr_carea' id='block_1_99' title="bbox 2146 4523 3727 4600">
    <p class='ocr_par' dir='ltr' id='par_1_99' title="bbox 2146 4523 3727 4600">
     <span class='ocr_line' id='line_1_104' title="bbox 2146 4523 3727 4600; baseline -0.004 -15"><span class='ocrx_word' id='word_1_699' title='bbox 2146 4531 2260 4586; x_wconf 87' lang='lat' dir='ltr'><strong>sive</strong></span> <span class='ocrx_word' id='word_1_700' title='bbox 2286 4530 2543 4600; x_wconf 71' lang='lat' dir='ltr'><strong>parrenesi</strong></span> <span class='ocrx_word' id='word_1_701' title='bbox 2570 4529 2726 4582; x_wconf 89' lang='lat' dir='ltr'><strong>verba</strong></span> <span class='ocrx_word' id='word_1_702' title='bbox 2757 4527 2932 4582; x_wconf 83' lang='lat' dir='ltr'><strong>facere</strong></span> <span class='ocrx_word' id='word_1_703' title='bbox 2953 4568 2969 4593; x_wconf 90' lang='lat'><strong>,</strong></span> <span class='ocrx_word' id='word_1_704' title='bbox 3003 4525 3088 4581; x_wconf 92' lang='lat' dir='ltr'><strong>ubi</strong></span> <span class='ocrx_word' id='word_1_705' title='bbox 3115 4523 3527 4594; x_wconf 88' lang='lat' dir='ltr'><strong>Chrysostomus</strong></span> <span class='ocrx_word' id='word_1_706' title='bbox 3552 4524 3727 4580; x_wconf 89' lang='lat' dir='ltr'><strong>Theo-</strong></span> 
     </span>
    </p>
   </div>
   <div class='ocr_carea' id='block_1_100' title="bbox 2148 4614 3732 4677">
    <p class='ocr_par' dir='ltr' id='par_1_100' title="bbox 2148 4614 3732 4677">
     <span class='ocr_line' id='line_1_105' title="bbox 2148 4614 3732 4677; baseline -0.003 -1"><span class='ocrx_word' id='word_1_707' title='bbox 2148 4622 2338 4677; x_wconf 90' lang='lat' dir='ltr'><strong>dorum</strong></span> <span class='ocrx_word' id='word_1_708' title='bbox 2385 4637 2414 4674; x_wconf 93' lang='lat' dir='ltr'><strong>a</strong></span> <span class='ocrx_word' id='word_1_709' title='bbox 2444 4620 2710 4675; x_wconf 89' lang='lat' dir='ltr'><strong>connubio</strong></span> <span class='ocrx_word' id='word_1_710' title='bbox 2749 4627 2990 4673; x_wconf 89' lang='lat' dir='ltr'><strong>avertere</strong></span> <span class='ocrx_word' id='word_1_711' title='bbox 3014 4627 3257 4672; x_wconf 90' lang='lat' dir='ltr'><strong>conatur.</strong></span> <span class='ocrx_word' id='word_1_712' title='bbox 3287 4614 3362 4670; x_wconf 88' lang='lat' dir='ltr'><strong>lta</strong></span> <span class='ocrx_word' id='word_1_713' title='bbox 3391 4627 3612 4671; x_wconf 89' lang='lat' dir='ltr'><strong>censent</strong></span> <span class='ocrx_word' id='word_1_714' title='bbox 3634 4614 3732 4672; x_wconf 83' lang='lat' dir='ltr'><strong>Sa-</strong></span> 
     </span>
    </p>
   </div>
   <div class='ocr_carea' id='block_1_101' title="bbox 2147 4707 3732 4777">
    <p class='ocr_par' dir='ltr' id='par_1_101' title="bbox 2147 4707 3732 4777">
     <span class='ocr_line' id='line_1_106' title="bbox 2147 4707 3732 4777; baseline -0.006 -9"><span class='ocrx_word' id='word_1_715' title='bbox 2147 4715 2340 4777; x_wconf 84' lang='lat' dir='ltr'><strong>vilius,</strong></span> <span class='ocrx_word' id='word_1_716' title='bbox 2385 4713 2625 4766; x_wconf 75' lang='lat' dir='ltr'><strong>Valesius</strong></span> <span class='ocrx_word' id='word_1_717' title='bbox 2661 4720 2716 4766; x_wconf 91' lang='lat' dir='ltr'><strong>et</strong></span> <span class='ocrx_word' id='word_1_718' title='bbox 2747 4709 3151 4773; x_wconf 87' lang='lat' dir='ltr'><strong>Tillemontius;</strong></span> <span class='ocrx_word' id='word_1_719' title='bbox 3189 4708 3274 4762; x_wconf 93' lang='lat' dir='ltr'><strong>cui</strong></span> <span class='ocrx_word' id='word_1_720' title='bbox 3319 4707 3598 4762; x_wconf 70' lang='lat' dir='ltr'><strong>sententia:</strong></span> <span class='ocrx_word' id='word_1_721' title='bbox 3634 4723 3732 4777; x_wconf 79' lang='lat' dir='ltr'><strong>ego</strong></span> 
     </span>
    </p>
   </div>
   <div class='ocr_carea' id='block_1_102' title="bbox 2149 4798 3730 4876">
    <p class='ocr_par' dir='ltr' id='par_1_102' title="bbox 2149 4798 3730 4876">
     <span class='ocr_line' id='line_1_107' title="bbox 2149 4798 3730 4876; baseline -0.006 -14"><span class='ocrx_word' id='word_1_722' title='bbox 2149 4823 2257 4862; x_wconf 92' lang='lat' dir='ltr'><strong>non</strong></span> <span class='ocrx_word' id='word_1_723' title='bbox 2287 4821 2523 4876; x_wconf 82' lang='lat' dir='ltr'><strong>repugno</strong></span> <span class='ocrx_word' id='word_1_724' title='bbox 2545 4847 2559 4870; x_wconf 93' lang='lat'><strong>,</strong></span> <span class='ocrx_word' id='word_1_725' title='bbox 2593 4805 2714 4858; x_wconf 90' lang='lat' dir='ltr'><strong>licet</strong></span> <span class='ocrx_word' id='word_1_726' title='bbox 2754 4802 2868 4856; x_wconf 67' lang='grc' dir='ltr'><strong>11ωο</strong></span> <span class='ocrx_word' id='word_1_727' title='bbox 2895 4802 3183 4858; x_wconf 88' lang='lat' dir='ltr'><strong>oscitanter</strong></span> <span class='ocrx_word' id='word_1_728' title='bbox 3211 4815 3242 4853; x_wconf 89' lang='lat' dir='ltr'><strong>a</strong></span> <span class='ocrx_word' id='word_1_729' title='bbox 3271 4798 3571 4854; x_wconf 87' lang='lat' dir='ltr'><strong>Sozomeno</strong></span> <span class='ocrx_word' id='word_1_730' title='bbox 3605 4815 3730 4853; x_wconf 90' lang='lat' dir='ltr'><strong>nar-</strong></span> 
     </span>
    </p>
   </div>
   <div class='ocr_carea' id='block_1_103' title="bbox 2149 4889 3733 4967">
    <p class='ocr_par' dir='ltr' id='par_1_103' title="bbox 2149 4889 3733 4967">
     <span class='ocr_line' id='line_1_108' title="bbox 2149 4889 3733 4967; baseline -0.006 -14"><span class='ocrx_word' id='word_1_731' title='bbox 2149 4899 2257 4954; x_wconf 91' lang='lat' dir='ltr'><strong>rari</strong></span> <span class='ocrx_word' id='word_1_732' title='bbox 2301 4907 2631 4967; x_wconf 87' lang='lat' dir='ltr'><strong>compertmn</strong></span> <span class='ocrx_word' id='word_1_733' title='bbox 2683 4894 2925 4948; x_wconf 90' lang='lat' dir='ltr'><strong>habeam.</strong></span> <span class='ocrx_word' id='word_1_734' title='bbox 2972 4893 3102 4947; x_wconf 90' lang='lat' dir='ltr'><strong>Jure</strong></span> <span class='ocrx_word' id='word_1_735' title='bbox 3146 4901 3323 4945; x_wconf 88' lang='lat' dir='ltr'><strong>autem</strong></span> <span class='ocrx_word' id='word_1_736' title='bbox 3369 4889 3436 4944; x_wconf 91' lang='lat' dir='ltr'><strong>ab</strong></span> <span class='ocrx_word' id='word_1_737' title='bbox 3488 4889 3733 4944; x_wconf 91' lang='lat' dir='ltr'><strong>omnibus</strong></span> 
     </span>
    </p>
   </div>
   <div class='ocr_carea' id='block_1_104' title="bbox 2149 4982 3732 5061">
    <p class='ocr_par' dir='ltr' id='par_1_104' title="bbox 2149 4982 3732 5061">
     <span class='ocr_line' id='line_1_109' title="bbox 2149 4982 3732 5061; baseline -0.006 -15"><span class='ocrx_word' id='word_1_738' title='bbox 2149 4991 2452 5061; x_wconf 81' lang='lat' dir='ltr'><strong>exploditur</strong></span> <span class='ocrx_word' id='word_1_739' title='bbox 2485 4989 2742 5052; x_wconf 78' lang='lat' dir='ltr'><strong>Valesius,</strong></span> <span class='ocrx_word' id='word_1_740' title='bbox 2765 4987 2853 5058; x_wconf 90' lang='lat' dir='ltr'><strong>qui</strong></span> <span class='ocrx_word' id='word_1_741' title='bbox 2881 5001 3037 5040; x_wconf 91' lang='lat' dir='ltr'><strong>unam</strong></span> <span class='ocrx_word' id='word_1_742' title='bbox 3065 4994 3257 5055; x_wconf 90' lang='lat' dir='ltr'><strong>putans</strong></span> <span class='ocrx_word' id='word_1_743' title='bbox 3285 4982 3472 5039; x_wconf 87' lang='lat' dir='ltr'><strong>haberi</strong></span> <span class='ocrx_word' id='word_1_744' title='bbox 3499 4983 3732 5054; x_wconf 84' lang='lat' dir='ltr'><strong>Chryso-</strong></span> 
     </span>
    </p>
   </div>
   <div class='ocr_carea' id='block_1_105' title="bbox 2148 5076 3736 5150">
    <p class='ocr_par' dir='ltr' id='par_1_105' title="bbox 2148 5076 3736 5150">
     <span class='ocr_line' id='line_1_110' title="bbox 2148 5076 3736 5150; baseline -0.006 -12"><span class='ocrx_word' id='word_1_745' title='bbox 2148 5086 2307 5139; x_wconf 89' lang='lat' dir='ltr'><strong>stomi</strong></span> <span class='ocrx_word' id='word_1_746' title='bbox 2327 5083 2392 5136; x_wconf 88' lang='lat' dir='ltr'><strong>ad</strong></span> <span class='ocrx_word' id='word_1_747' title='bbox 2409 5082 2747 5137; x_wconf 87' lang='lat' dir='ltr'><strong>Theodorum</strong></span> <span class='ocrx_word' id='word_1_748' title='bbox 2771 5079 3086 5150; x_wconf 72' lang='lat' dir='ltr'><strong>parzenesin,</strong></span> <span class='ocrx_word' id='word_1_749' title='bbox 3111 5092 3300 5147; x_wconf 91' lang='lat' dir='ltr'><strong>nempe</strong></span> <span class='ocrx_word' id='word_1_750' title='bbox 3316 5076 3624 5138; x_wconf 78' lang='lat' dir='ltr'><strong>secundum,</strong></span> <span class='ocrx_word' id='word_1_751' title='bbox 3643 5091 3736 5129; x_wconf 88' lang='lat' dir='ltr'><strong>au-</strong></span> 
     </span>
    </p>
   </div>
   <div class='ocr_carea' id='block_1_106' title="bbox 2149 5165 3730 5244">
    <p class='ocr_par' dir='ltr' id='par_1_106' title="bbox 2149 5165 3730 5244">
     <span class='ocr_line' id='line_1_111' title="bbox 2149 5165 3730 5244; baseline -0.008 -12"><span class='ocrx_word' id='word_1_752' title='bbox 2149 5193 2241 5232; x_wconf 90' lang='lat' dir='ltr'><strong>sus</strong></span> <span class='ocrx_word' id='word_1_753' title='bbox 2281 5184 2365 5230; x_wconf 88' lang='lat' dir='ltr'><strong>est</strong></span> <span class='ocrx_word' id='word_1_754' title='bbox 2385 5175 2523 5244; x_wconf 82' lang='lat' dir='ltr'><strong>circa</strong></span> <span class='ocrx_word' id='word_1_755' title='bbox 2547 5174 2737 5244; x_wconf 89' lang='lat' dir='ltr'><strong>prioris</strong></span> <span class='ocrx_word' id='word_1_756' title='bbox 2771 5169 3100 5227; x_wconf 86' lang='lat' dir='ltr'><strong>authentiam</strong></span> <span class='ocrx_word' id='word_1_757' title='bbox 3121 5167 3549 5224; x_wconf 87' lang='lat' dir='ltr'><strong>dubitare.Certe</strong></span> <span class='ocrx_word' id='word_1_758' title='bbox 3565 5165 3730 5237; x_wconf 80' lang='lat' dir='ltr'><strong>Chry-</strong></span> 
     </span>
    </p>
   </div>
   <div class='ocr_carea' id='block_1_107' title="bbox 2150 5258 3732 5334">
    <p class='ocr_par' dir='ltr' id='par_1_107' title="bbox 2150 5258 3732 5334">
     <span class='ocr_line' id='line_1_112' title="bbox 2150 5258 3732 5334; baseline -0.009 -10"><span class='ocrx_word' id='word_1_759' title='bbox 2150 5277 2445 5324; x_wconf 86' lang='lat' dir='ltr'><strong>sostomum</strong></span> <span class='ocrx_word' id='word_1_760' title='bbox 2482 5282 2551 5321; x_wconf 89' lang='lat' dir='ltr'><strong>ne</strong></span> <span class='ocrx_word' id='word_1_761' title='bbox 2585 5266 2665 5320; x_wconf 84' lang='lat' dir='ltr'><strong>vel</strong></span> <span class='ocrx_word' id='word_1_762' title='bbox 2699 5264 3020 5334; x_wconf 91' lang='lat' dir='ltr'><strong>primoribus</strong></span> <span class='ocrx_word' id='word_1_763' title='bbox 3061 5261 3274 5332; x_wconf 88' lang='lat' dir='ltr'><strong>quidem</strong></span> <span class='ocrx_word' id='word_1_764' title='bbox 3317 5258 3480 5312; x_wconf 89' lang='lat' dir='ltr'><strong>labris</strong></span> <span class='ocrx_word' id='word_1_765' title='bbox 3505 5259 3732 5326; x_wconf 80' lang='lat' dir='ltr'><strong>attigerit</strong></span> 
     </span>
    </p>
   </div>
   <div class='ocr_carea' id='block_1_108' title="bbox 2149 5347 3730 5436">
    <p class='ocr_par' dir='ltr' id='par_1_108' title="bbox 2149 5347 3730 5436">
     <span class='ocr_line' id='line_1_113' title="bbox 2149 5347 3730 5436; baseline -0.01 -20"><span class='ocrx_word' id='word_1_766' title='bbox 2149 5369 2381 5430; x_wconf 89' lang='lat' dir='ltr'><strong>oportet,</strong></span> <span class='ocrx_word' id='word_1_767' title='bbox 2405 5359 2493 5429; x_wconf 91' lang='lat' dir='ltr'><strong>qui</strong></span> <span class='ocrx_word' id='word_1_768' title='bbox 2521 5359 2742 5428; x_wconf 87' lang='lat' dir='ltr'><strong>primam</strong></span> <span class='ocrx_word' id='word_1_769' title='bbox 2770 5354 3068 5426; x_wconf 77' lang='lat' dir='ltr'><strong>paramesin</strong></span> <span class='ocrx_word' id='word_1_770' title='bbox 3097 5368 3205 5407; x_wconf 90' lang='lat' dir='ltr'><strong>non</strong></span> <span class='ocrx_word' id='word_1_771' title='bbox 3234 5351 3372 5405; x_wconf 90' lang='lat' dir='ltr'><strong>inter</strong></span> <span class='ocrx_word' id='word_1_772' title='bbox 3397 5347 3730 5436; x_wconf 78' lang='lat' dir='ltr'><strong>elegantissi-</strong></span> 
     </span>
    </p>
   </div>
   <div class='ocr_carea' id='block_1_109' title="bbox 2150 5450 2883 5520">
    <p class='ocr_par' dir='ltr' id='par_1_109' title="bbox 2150 5450 2883 5520">
     <span class='ocr_line' id='line_1_114' title="bbox 2150 5450 2883 5520; baseline -0.012 -12"><span class='ocrx_word' id='word_1_773' title='bbox 2150 5468 2268 5508; x_wconf 88' lang='lat' dir='ltr'><strong>mos</strong></span> <span class='ocrx_word' id='word_1_774' title='bbox 2291 5451 2406 5520; x_wconf 85' lang='lat' dir='ltr'><strong>ejus</strong></span> <span class='ocrx_word' id='word_1_775' title='bbox 2428 5450 2566 5505; x_wconf 78' lang='lat' dir='ltr'><strong>fetus</strong></span> <span class='ocrx_word' id='word_1_776' title='bbox 2588 5455 2883 5503; x_wconf 88' lang='lat' dir='ltr'><strong>recenseat.</strong></span> 
     </span>
    </p>
   </div>
   <div class='ocr_carea' id='block_1_110' title="bbox 2224 5531 3730 5611">
    <p class='ocr_par' dir='ltr' id='par_1_110' title="bbox 2224 5531 3730 5611">
     <span class='ocr_line' id='line_1_115' title="bbox 2224 5531 3730 5611; baseline -0.009 -13"><span class='ocrx_word' id='word_1_777' title='bbox 2224 5542 2393 5598; x_wconf 91' lang='lat' dir='ltr'><strong>Unam</strong></span> <span class='ocrx_word' id='word_1_778' title='bbox 2435 5541 2596 5611; x_wconf 76' lang='lat' dir='ltr'><strong>igitur</strong></span> <span class='ocrx_word' id='word_1_779' title='bbox 2623 5537 2900 5608; x_wconf 87' lang='lat' dir='ltr'><strong>epistolam</strong></span> <span class='ocrx_word' id='word_1_780' title='bbox 2935 5535 3001 5590; x_wconf 91' lang='lat' dir='ltr'><strong>ad</strong></span> <span class='ocrx_word' id='word_1_781' title='bbox 3035 5532 3376 5590; x_wconf 84' lang='lat' dir='ltr'><strong>Theodorum</strong></span> <span class='ocrx_word' id='word_1_782' title='bbox 3405 5531 3730 5601; x_wconf 72' lang='lat' dir='ltr'><strong>Mopsueste-</strong></span> 
     </span>
    </p>
   </div>
   <div class='ocr_carea' id='block_1_111' title="bbox 2152 5627 3729 5697">
    <p class='ocr_par' dir='ltr' id='par_1_111' title="bbox 2152 5627 3729 5697">
     <span class='ocr_line' id='line_1_116' title="bbox 2152 5627 3729 5697; baseline -0.008 -5"><span class='ocrx_word' id='word_1_783' title='bbox 2152 5653 2277 5692; x_wconf 90' lang='lat' dir='ltr'><strong>num</strong></span> <span class='ocrx_word' id='word_1_784' title='bbox 2305 5635 2392 5691; x_wconf 89' lang='lat' dir='ltr'><strong>hic</strong></span> <span class='ocrx_word' id='word_1_785' title='bbox 2413 5642 2674 5689; x_wconf 90' lang='lat' dir='ltr'><strong>memorat</strong></span> <span class='ocrx_word' id='word_1_786' title='bbox 2703 5632 3032 5688; x_wconf 86' lang='lat' dir='ltr'><strong>Sozomenus</strong></span> <span class='ocrx_word' id='word_1_787' title='bbox 3051 5671 3065 5692; x_wconf 88' lang='lat'><strong>,</strong></span> <span class='ocrx_word' id='word_1_788' title='bbox 3089 5639 3144 5682; x_wconf 91' lang='lat' dir='ltr'><strong>et</strong></span> <span class='ocrx_word' id='word_1_789' title='bbox 3166 5627 3398 5697; x_wconf 70' lang='lat' dir='ltr'><strong>quidem.</strong></span> <span class='ocrx_word' id='word_1_790' title='bbox 3423 5635 3480 5678; x_wconf 87' lang='lat' dir='ltr'><strong>ut</strong></span> <span class='ocrx_word' id='word_1_791' title='bbox 3504 5627 3729 5680; x_wconf 73' lang='lat' dir='ltr'><strong>videtur.</strong></span> 
     </span>
    </p>
   </div>
   <div class='ocr_carea' id='block_1_112' title="bbox 2157 5708 3740 5786">
    <p class='ocr_par' dir='ltr' id='par_1_112' title="bbox 2157 5708 3740 5786">
     <span class='ocr_line' id='line_1_117' title="bbox 2157 5708 3740 5786; baseline -0.013 0"><span class='ocrx_word' id='word_1_792' title='bbox 2157 5728 2446 5786; x_wconf 86' lang='lat' dir='ltr'><strong>secundam</strong></span> <span class='ocrx_word' id='word_1_793' title='bbox 2493 5745 2506 5781; x_wconf 90' lang='lat'>:</span> <span class='ocrx_word' id='word_1_794' title='bbox 2558 5740 2716 5781; x_wconf 89' lang='lat' dir='ltr'><strong>unam</strong></span> <span class='ocrx_word' id='word_1_795' title='bbox 2759 5724 2882 5778; x_wconf 90' lang='lat' dir='ltr'><strong>item</strong></span> <span class='ocrx_word' id='word_1_796' title='bbox 2937 5721 3000 5776; x_wconf 88' lang='lat' dir='ltr'><strong>ad</strong></span> <span class='ocrx_word' id='word_1_797' title='bbox 3056 5721 3310 5780; x_wconf 89' lang='lat' dir='ltr'><strong>eumdem</strong></span> <span class='ocrx_word' id='word_1_798' title='bbox 3337 5708 3571 5784; x_wconf 78' lang='lat' dir='ltr'><strong>Hesychi</strong></span> <span class='ocrx_word' id='word_1_799' title='bbox 3603 5725 3650 5763; x_wconf 75' lang='lat' dir='ltr'><strong>li</strong></span> <span class='ocrx_word' id='word_1_800' title='bbox 3686 5711 3740 5766; x_wconf 90' lang='lat' dir='ltr'><strong>in</strong></span> 
     </span>
    </p>
   </div>
  </div>
