4096 6392
352 312 452 367 λ’ἷ)

351 429 567 504 Synodo
616 425 1022 492 Constantinop.
1072 418 1265 476 Collat.
1310 416 1375 472 V.
1436 430 1491 485 p.
1548 412 1654 469 470
1706 429 1719 464 :
1771 425 1931 464 unam

351 524 549 595 pariter
576 519 888 574 Theodorus
913 515 1175 570 Cmsarem
1210 511 1337 565 ibid.
1376 525 1426 579 p.
1451 508 1580 580 490,
1620 506 1712 560 sed
1744 504 1937 557 multo-

349 630 467 671 rum
498 626 765 673 versuum,
795 615 1075 675 πολύστίχςν
1094 646 1109 669 ,
1142 604 1193 658 id
1223 612 1336 669 est,
1365 600 1650 656 admodum
1680 600 1887 665 longam
1921 614 1933 649 :

350 707 491 777 quod
520 719 649 758 sane
675 702 917 755 videatur
960 699 1025 751 ad
1072 697 1295 766 primam
1329 693 1504 763 potius
1539 706 1694 759 quam
1735 688 1801 741 ad
1846 704 1935 741 se-

351 798 579 854 cundam
618 794 803 849 referri
840 811 851 845 :
895 807 1015 845 nam
1060 788 1294 844 secunda
1341 784 1651 852 longissima
1681 782 1782 835 dici
1832 796 1936 834 non

353 906 511 962 posse
539 888 773 951 videtur;
802 885 1035 939 maxime
1062 898 1188 934 vero
1223 881 1265 932 si
1293 888 1633 945 Comparetur
1660 891 1779 928 cum
1820 874 1938 926 aliis

353 980 715 1054 Clnysostomi
770 977 1040 1046 Operihns.
1086 973 1337 1026 Leontius
1391 982 1563 1022 tamen
1617 967 1939 1038 Byzantinus

353 1075 486 1129 duas
530 1072 595 1126 ad
644 1070 980 1124 Theodorum
1038 1066 1466 1134 Mopsuestenum
1523 1060 1778 1130 epistolas
1826 1058 1939 1113 sive

354 1182 657 1240 paneneses
693 1170 1106 1221 commemorat;
1140 1158 1442 1228 pariterque
1484 1154 1717 1209 Isidorus
1745 1152 1936 1221 llispa-

356 1261 519 1315 Iensis
560 1259 611 1313 in
653 1255 939 1312 Chronico.
983 1252 1075 1305 llis
1107 1249 1438 1319 perspectis,
1470 1244 1841 1299 Tillemontius
1884 1242 1937 1295 in

355 1370 472 1408 eam
518 1350 735 1404 omnino
784 1345 1078 1416 propendet
1106 1342 1422 1395 sententiam
1457 1380 1468 1398 ,
1504 1350 1553 1389 tll
1586 1346 1736 1405 putet
1779 1350 1938 1388 unam

357 1454 560 1500 tantum
602 1441 671 1495 ad
706 1438 1047 1494 Theodorum
1074 1434 1505 1501 Mopsuestennm
1551 1428 1729 1480 haberi
1767 1441 1939 1493 parae-

356 1538 530 1601 nesin,
564 1547 754 1602 nempe
781 1529 1066 1585 secundam
1098 1543 1111 1580 :
1139 1526 1364 1594 primam
1392 1536 1520 1574 vero
1559 1519 1625 1572 ad
1664 1518 1823 1570 alium
1851 1531 1943 1568 co-

356 1630 660 1700 gnominem
705 1640 734 1675 a
765 1622 1147 1691 Chrysostomo
1193 1615 1409 1667 missam
1455 1610 1761 1663 arbitretur.
1798 1607 1942 1659 Prm-

358 1734 438 1777 ter
466 1719 832 1774 auctoritatem
860 1727 987 1766 vero
1015 1724 1173 1779 quam
1204 1707 1404 1777 prol‘ert
1432 1700 1711 1757 Sozomeni
1737 1739 1753 1764 ,
1784 1698 1943 1767 llesy—

356 1813 461 1867 cbii
483 1823 542 1865 et
564 1806 829 1863 Theodori
859 1800 1226 1858 Caesariensis,
1252 1798 1341 1866 qui
1373 1810 1528 1848 uuam
1554 1833 1569 1857 ,
1596 1801 1651 1844 ut
1676 1790 1937 1867 vidimus,

356 1905 424 1961 ad
474 1901 813 1958 Theodorum
866 1896 1297 1963 Monsuestenum
1348 1891 1771 1940 connnemorant
1825 1881 1939 1949 epi-

358 1999 590 2061 stolam,
643 1994 725 2048 his
764 1989 1057 2045 rationibus
1101 1995 1155 2039 et
1201 1980 1530 2053 argumentis
1562 1978 1747 2031 nititur
1785 1974 1945 2028 Tille-

360 2089 625 2144 montius:
656 2104 674 2136 ι
697 2084 795 2152 Qui
821 2082 935 2136 lieri
960 2078 1126 2149 possit
1148 2086 1203 2130 ut
1230 2076 1279 2129 in
1309 2082 1495 2127 neutra
1523 2069 1778 2140 para-nesi
1799 2069 1943 2121 nulla

359 2184 577 2237 alterius
604 2190 940 2249 paneneseos
966 2172 1167 2227 mentio
1192 2175 1456 2231 occurrat,
1473 2165 1633 2219 etiam
1657 2162 1741 2216 ubi
1768 2162 1942 2231 Chry-

358 2283 624 2330 sostomus
669 2269 857 2324 iisdem
894 2264 1193 2321 rationibus
1241 2261 1403 2314 utitur
1438 2266 1493 2311 et
1519 2252 1815 2322 exemplis?
1841 2253 1945 2305 Cur

360 2368 414 2422 in
444 2365 625 2435 prima:
656 2362 884 2417 decursu
920 2370 1178 2425 nusquam
1208 2350 1560 2420 compellatur
1587 2344 1902 2401 Theodorus
1925 2384 1940 2408 ,

359 2459 510 2529 cujus
546 2470 739 2510 nomen
780 2454 832 2505 in
867 2450 1020 2504 titulo
1061 2447 1231 2501 solum
1271 2448 1587 2510 comparet;
1619 2437 1672 2491 in
1712 2434 1945 2489 secunda

359 2526 490 2607 vero
536 2565 640 2604 non
688 2546 1047 2615 inl'requenter
1083 2537 1349 2597 Theodori
1393 2548 1586 2588 nomen
1635 2526 1946 2599 profertur?

360 2643 514 2712 Quod
558 2654 733 2695 autem
770 2636 985 2706 gravius
1026 2627 1435 2687 existimandum
1477 2634 1561 2679 est
1588 2665 1602 2683 ,
1632 2620 1948 2676 Theodorus

360 2737 415 2791 in
462 2732 693 2789 secunda
737 2735 1097 2789 memoratus,
1130 2720 1363 2777 noadnm
1414 2716 1768 2786 vigesimum,
1811 2721 1948 2765 teste

360 2828 746 2898 Cbrysostomo
776 2862 789 2885 ,
817 2820 1062 2888 attigerat
1089 2828 1285 2868 annum
1311 2829 1325 2874 ;
1354 2820 1539 2863 contra
1565 2822 1691 2861 vero
1713 2848 1726 2869 ,
1757 2804 1945 2858 eodem

364 2929 582 2973 auctore
619 2915 1040 2984 Cbrysnstomo,
1072 2908 1117 2961 is
1156 2904 1222 2958 ad
1266 2918 1421 2972 quem
1465 2900 1610 2970 prior
1659 2899 1947 2967 paraenesis

363 3014 621 3077 mittitur,
655 3024 823 3063 annos
862 3008 982 3060 vita:
1017 3004 1249 3071 reliquos
1292 3013 1396 3050 non
1427 2997 1543 3064 plus
1571 2993 1947 3063 quinquaginta

362 3118 581 3175 sperare
622 3107 862 3171 poterat,
892 3097 1049 3150 etiam
1082 3095 1125 3147 si
1153 3092 1217 3145 ad
1247 3098 1541 3144 extremam
1571 3083 1949 3154 proveheretur

363 3204 690 3252 senectutem
712 3234 726 3256 ,
758 3189 898 3261 quod
927 3189 994 3242 de
1023 3186 1139 3238 viro
1166 3192 1366 3237 tantum
1397 3181 1505 3234 fere
1529 3175 1948 3248 quadragenario

362 3288 465 3342 dici
496 3286 680 3356 possit.
714 3283 793 3337 Ad
819 3281 934 3333 tunc
961 3292 1088 3332 vero
1114 3277 1158 3329 is
1183 3316 1195 3336 ,
1224 3287 1381 3343 quem
1413 3270 1662 3340 inpriore
1686 3266 1944 3337 paraenesi

363 3381 651 3449 allo:;uitur
684 3377 1100 3446 Chrysostomus
1124 3411 1139 3436 ,
1168 3369 1221 3422 in
1248 3376 1431 3436 aperta
1471 3364 1595 3417 vitia
1631 3370 1685 3416 et
1724 3360 1945 3414 crimina

364 3479 679 3545 proruperat
702 3512 716 3532 ,
747 3480 803 3523 ut
831 3484 897 3522 ex
940 3466 1099 3518 variis
1132 3460 1389 3517 orationis
1414 3457 1542 3511 locis
1567 3455 1851 3523 colligitur.
1879 3455 1948 3506 At

363 3585 471 3622 non
500 3578 735 3634 eousque
764 3559 1014 3631 perniciei
1041 3556 1328 3611 devenerat
1359 3550 1672 3605 Theodorus
1704 3548 1950 3616 lll0psue-

362 3669 567 3724 stenus,
586 3658 671 3727 qui
690 3656 732 3709 si
751 3654 858 3723 jam
882 3650 1173 3720 baptizatus
1192 3646 1242 3701 in
1261 3660 1321 3701 ea
1342 3644 1563 3699 crimina
1585 3642 1763 3711 lapsus
1784 3649 1944 3703 esset,

364 3764 694 3821 nequaquam
720 3745 978 3815 potuisset
993 3738 1284 3796 secundum
1309 3749 1543 3792 canones
1565 3734 1617 3788 in
1637 3732 1947 3802 episcopum

365 3854 549 3916 postea
572 3839 831 3908 cooptari.
862 3856 879 3889 ι

439 3934 564 3990 ΙΙωο
608 3930 979 3988 Tillemontius
1003 3969 1017 3992 ,
1044 3926 1133 3996 qui
1163 3939 1294 3979 sane
1332 3937 1438 3978 non
1486 3919 1859 3975 animadvertit
1891 3933 1950 3972 se

365 4044 488 4084 cum
531 4025 917 4096 Cbrysostomo
956 4021 1071 4090 ipso
1120 4030 1375 4088 pugnare.
1421 4014 1694 4084 Siquidem
1747 4012 1797 4065 in
1847 4012 1950 4064 line

366 4118 616 4177 secundre
643 4114 880 4185 epistola:
904 4155 918 4178 ,
948 4127 1107 4183 quam
1138 4110 1201 4163 ad
1242 4107 1579 4163 Theodorum
1621 4105 1950 4176 MOpsueste-

367 4228 494 4269 num
524 4210 744 4265 missum
774 4204 1147 4262 Tillemontius
1176 4202 1289 4271 ipse
1318 4201 1532 4266 fatetur,
1553 4214 1610 4254 se
1633 4214 1737 4252 non
1767 4214 1947 4261 unam,

367 4304 464 4361 sed
495 4302 689 4357 multas
710 4300 868 4355 etiam
897 4296 1152 4367 epistolas
1176 4295 1242 4348 ad
1267 4291 1514 4346 eumdem
1545 4291 1752 4345 misisse
1773 4289 1829 4343 S.
1857 4291 1951 4343 do-

366 4407 483 4450 ctor
520 4392 834 4449 testiﬁcatur
877 4389 960 4442 his
997 4387 1176 4441 verbis
1206 4402 1219 4437 :
1254 4383 1374 4439 Scio
1418 4400 1495 4436 me
1524 4384 1692 4452 justas
1729 4380 1953 4449 epistola:

367 4489 551 4544 limites
599 4484 867 4540 excessisse
894 4498 913 4536 :
942 4496 1110 4535 verum
1161 4480 1401 4549 ignosce;
1446 4493 1545 4529 non
1595 4474 1728 4529 enim
1779 4473 1954 4528 lubens

367 4583 461 4635 hoc
487 4580 588 4651 egi,
615 4577 702 4633 sed
730 4575 916 4629 amoris
941 4573 1223 4639 dolorisque
1242 4570 1289 4623 vi
1315 4567 1604 4637 compulsus
1628 4582 1644 4618 :
1664 4580 1761 4635 quo
1790 4574 1952 4618 motus

366 4670 557 4738 aﬂ'ectu
592 4669 715 4723 mihi
743 4668 842 4722 vim
872 4665 1021 4719 intuli
1046 4673 1099 4716 ut
1127 4663 1280 4715 etiam
1309 4661 1439 4713 lianc
1467 4659 1733 4712 scriberem
1763 4658 1952 4727 episto-

369 4766 506 4830 lam,
538 4760 813 4816 vetantibus
854 4758 969 4811 licet
1008 4755 1178 4809 multis
1211 4771 1271 4806 ac
1308 4750 1583 4806 dicentibus
1612 4765 1631 4804 :
1657 4749 1835 4803 Finem
1870 4751 1953 4819 fac

368 4871 494 4908 uane
527 4850 793 4907 laborandi
831 4864 891 4902 ac
917 4849 970 4900 in
1001 4848 1153 4917 petris
1181 4844 1399 4898 serendi.
1436 4842 1544 4913 Ego
1573 4852 1739 4895 autem
1768 4840 1954 4894 nemini

366 4961 543 5000 aurem
586 4942 776 5014 praebui
802 4956 821 4994 :
848 4956 960 5009 spes
992 4939 1125 4991 enim
1153 4945 1224 4991 est
1248 4977 1262 5000 ,
1294 4935 1519 4988 dicebam
1548 4933 1686 5004 apud
1715 4948 1825 4999 me,
1861 4931 1955 4985 Dei

367 5035 561 5089 auan'lio
604 5033 776 5087 literas
816 5030 1007 5100 aliquid
1056 5030 1346 5097 profuturas
1384 5042 1506 5080 esse.
1539 5025 1617 5080 Ex
1661 5025 1854 5095 quibus
1893 5025 1958 5078 li-

368 5138 496 5200 quet
540 5127 733 5182 multas
760 5141 790 5179 a
828 5122 1210 5195 Chrysostomo
1250 5119 1317 5174 ad
1359 5118 1699 5174 Theodorum
1746 5118 1955 5187 lapsum

370 5223 565 5277 missas
598 5218 850 5290 epistolas
880 5218 1043 5272 fuisse
1073 5234 1086 5269 :
1119 5215 1261 5285 quod
1303 5214 1563 5268 indicatur
1605 5213 1686 5266 bis
1728 5213 1906 5267 verbis
1939 5229 1952 5265 :

368 5317 470 5371 vim
516 5313 640 5367 mihi
683 5311 832 5365 intuli
876 5318 928 5363 ut
966 5309 1118 5362 etiam
1163 5307 1291 5359 hanc
1344 5305 1607 5359 scriberem
1653 5305 1952 5375 epistolam;

365 5406 512 5479 quod
562 5404 837 5460 declarant
878 5402 1040 5458 etiam
1086 5399 1201 5454 haec
1248 5398 1541 5453 amicorum
1588 5396 1956 5468 Chrysostomi

370 5503 509 5557 dicta
544 5519 559 5556 :
591 5498 773 5553 Finem
798 5500 880 5567 [ac
904 5510 1030 5550 vane
1057 5492 1321 5547 laborandi
1354 5500 1501 5561 atque
1524 5490 1578 5543 in
1605 5490 1758 5559 petris
1787 5506 1956 5543 seren-

372 5597 446 5649 di.
477 5594 680 5663 Quibus
704 5599 851 5646 certe
890 5586 1128 5643 innuitur
1164 5599 1271 5639 non
1309 5599 1467 5638 unam
1494 5582 1789 5637 alteramve
1818 5622 1832 5646 ,
1863 5581 1957 5635 sed

372 5686 567 5741 multas
584 5683 836 5754 epistolas
859 5695 888 5734 a
909 5679 1291 5749 Cbrysostomo
1310 5675 1376 5729 ad
1397 5673 1734 5728 Theodorum
1754 5673 1957 5741 lapsum

372 5782 562 5836 missas
592 5777 754 5834 fuisse
782 5793 796 5831 :
826 5789 1050 5847 quarum
1078 5771 1271 5844 prima,
1295 5786 1413 5841 qua:
1436 5779 1519 5824 est
1548 5767 1837 5838 para‘nesis
1866 5765 1955 5820 illa

1841 292 2153 352 MONITUSI
2162 334 2176 349 .

3524 301 3628 356 27$

2049 412 2291 482 longior,
2320 424 2376 468 et
2403 423 2671 484 postrema
2700 423 3005 485 supersunt.
3037 414 3162 469 Ruit
3192 414 3371 484 itaque
3406 414 3533 470 illud
3562 432 3629 470 ex

2045 504 2352 572 Sozomeni,
2372 506 2622 578 llesychii
2651 518 2701 563 et
2722 507 2990 563 Theodori
3017 507 3363 562 (I:rsariensis
3391 509 3627 561 testium-

2046 597 2136 649 nio
2181 594 2939 669 desumptumargmnentum,
2971 601 3057 669 qui
3107 614 3265 652 unam
3312 607 3515 654 tantum
3562 599 3629 652 ad

2044 688 2387 744 Theodorum
2414 690 2841 759 Mopsuestenum
2872 692 3076 762 lapsum
3110 700 3408 747 memorant
3434 693 3632 761 epistoo

2046 779 2174 843 lam,
2201 796 2427 849 quorum
2454 784 2613 836 etiam
2651 793 2951 851 postremus
2977 784 3153 852 potius
3181 784 3402 852 primam
3428 824 3443 847 ,
3472 799 3630 853 quam

2046 872 2334 927 secundam
2365 874 2660 942 partenesin
2701 874 2937 928 imlicare
2972 874 3214 938 videtur,
3240 875 3314 928 uti
3344 875 3453 943 jam
3496 875 3633 928 dixi-

2046 982 2186 1021 mus.
2228 970 2353 1024 Ruit
2380 971 2539 1024 etiam
2584 971 2709 1025 illud
2738 972 2878 1041 quod
2921 971 3103 1041 adjicit
3132 971 3502 1026 Tillemontius
3530 1012 3545 1034 ,
3580 972 3631 1024 in

2047 1071 2235 1115 neutra
2274 1064 2497 1117 alteram
2532 1066 2642 1132 jam
2669 1064 2847 1117 datam
2879 1065 3098 1119 indicari
3129 1064 3291 1136 (unde
3322 1073 3497 1118 tamen
3528 1081 3631 1117 non

2046 1154 2204 1208 video
2238 1155 2362 1224 quid
2406 1154 2589 1210 inferri
2618 1157 2807 1227 possit)
2836 1175 2850 1221 ;
2887 1158 2937 1210 in
2976 1159 3207 1212 secunda
3257 1174 3485 1226 namque
3513 1158 3635 1212 alia:

2047 1256 2199 1301 antea
2229 1248 2365 1301 data:
2391 1260 2777 1315 memorantur,
2803 1260 2855 1305 et
2881 1252 2932 1305 in
2956 1251 3020 1305 iis
3042 1251 3179 1305 haud
3200 1252 3359 1306 dubie
3381 1252 3490 1315 illa,
3515 1268 3634 1321 qua:

2048 1338 2217 1405 prima
2249 1340 2461 1407 prodiit.

2118 1432 2266 1485 Circa
2314 1433 2461 1486 illum
2498 1444 2677 1488 autem
2719 1436 2967 1505 superius
3006 1435 3223 1489 allatum
3261 1435 3632 1507 Cbrysostomi

2046 1519 2220 1574 locum
2268 1524 2510 1592 qtnedam
2557 1526 2893 1580 observanda
2933 1536 3077 1579 sunt.
3106 1526 3368 1580 Nimirum
3415 1542 3536 1580 cum
3580 1529 3633 1581 in

2048 1616 2226 1683 priore
2254 1616 2341 1669 illa
2385 1617 2644 1684 paramesi
2679 1616 2922 1687 longiore
2967 1616 3383 1689 Cbrysostomns
3430 1621 3632 1685 omnia,

2048 1720 2165 1773 qtlsu
2194 1707 2261 1759 ad
2288 1706 2625 1761 Theodorum
2672 1710 2737 1762 ad
2778 1710 3061 1765 stationem
3085 1752 3098 1771 ,
3126 1720 3183 1763 ut
3208 1711 3283 1764 ait
3324 1712 3446 1776 ille,
3476 1712 3633 1765 redu-

2047 1799 2274 1851 cendum
2311 1809 2608 1867 opportuna
2642 1810 2830 1866 erant,
2860 1801 3195 1855 exhausisset
3226 1818 3240 1855 :
3273 1802 3323 1855 in
3360 1803 3635 1873 sequenti-

2048 1890 2148 1943 bus
2197 1892 2438 1959 epistolis
2493 1892 2559 1946 ad
2621 1892 2759 1946 idem
2811 1895 3140 1963 propositum
3198 1896 3633 1964 pertinentibus,

2048 1982 2310 2037 dictorum
2351 1986 2665 2038 memoriam
2712 1984 2943 2038 breviter
2990 1984 3275 2040 refricabat
3304 2028 3319 2049 ,
3349 1987 3637 2057 paucisque

2048 2074 2226 2130 verbis
2285 2076 2541 2144 epistolas
2607 2076 2821 2131 texebat
2875 2092 2888 2128 :
2949 2076 3178 2145 indeque
3233 2086 3317 2130 est
3376 2076 3518 2146 quod
3584 2077 3638 2131 in

2049 2180 2318 2239 postrema
2344 2168 2684 2224 Theodorum
2710 2177 2901 2239 rogat,
2935 2169 3174 2237 ignoscat
3209 2169 3307 2222 sibi
3351 2170 3393 2222 si
3437 2170 3639 2237 episto-

2050 2263 2116 2317 la:
2145 2262 2341 2317 limites
2380 2263 2704 2325 excesserit;
2742 2278 2847 2315 non
2894 2263 3037 2317 enim
3081 2260 3196 2315 bare
3239 2260 3305 2314 de
3347 2262 3641 2329 posteriore

2050 2354 2309 2424 parmnesi
2338 2395 2352 2419 ,
2387 2354 2430 2407 si
2475 2354 2637 2422 priori
2677 2361 3050 2421 comparetur,
3079 2352 3182 2405 dici
3225 2362 3484 2420 possunt;
3518 2366 3639 2403 nam

2052 2448 2167 2500 hare
2193 2447 2457 2515 posterior
2478 2487 2493 2510 ,
2526 2445 2648 2499 licet
2668 2445 2910 2513 epistolis
2936 2442 3390 2512 prmeedentihus,
3421 2452 3477 2495 ut
3505 2444 3643 2497 veri-

2051 2537 2222 2592 simile
2246 2546 2344 2599 cst,
2373 2536 2602 2605 longior,
2630 2535 2838 2588 nonnisi
2869 2532 3242 2603 compendium
3274 2532 3466 2602 prioris
3492 2532 3640 2586 vide-

2053 2639 2137 2682 ιω·
2156 2643 2296 2683 8550.

2124 2721 2299 2791 Pergit
2337 2720 2706 2775 Tillemontius
2727 2761 2742 2785 ,
2766 2734 2864 2773 cur
2889 2718 2941 2772 in
2972 2718 3166 2787 prioris
3208 2717 3435 2771 decursu
3463 2718 3643 2773 Theo-

2051 2814 2239 2867 dorum
2265 2829 2549 2882 numquam
2567 2812 2851 2881 compellat
2867 2812 3280 2880 Chrysostomns
3305 2828 3317 2863 :
3344 2810 3394 2863 in
3417 2826 3641 2879 sequen-

2054 2906 2121 2960 tis
2145 2920 2273 2959 vero
2307 2905 2534 2959 decursu
2570 2904 2815 2957 eumdem
2860 2916 3002 2970 saepe
3033 2916 3129 2954 suo
3159 2901 3373 2953 nomine
3409 2902 3643 2970 compel-

2053 2998 2164 3052 lat?
2190 2997 2282 3051 Cui
2323 3012 2420 3065 ego
2447 2996 2592 3049 nullo
2629 2994 2841 3063 negotio
2866 3006 3118 3061 reponam
3151 3009 3162 3043 :
3192 2991 3297 3045 Cur
3319 2995 3368 3045 in
3394 2992 3642 3059 epistola-

2052 3107 2169 3145 rum
2195 3089 2260 3143 ad
2290 3088 2655 3159 Olympiadem
2680 3101 2780 3140 una
2802 3085 2885 3139 vel
2906 3086 3071 3138 altera
3095 3083 3262 3151 ipsam
3294 3097 3392 3135 suo
3428 3082 3642 3135 nomine

2051 3182 2356 3251 compellat,
2378 3178 2808 3251 Chrysostomus,
2835 3176 2886 3229 in
2912 3175 3030 3228 aliis
3052 3189 3179 3228 vero
3200 3182 3252 3227 et
3272 3173 3564 3242 praesertim
3592 3173 3641 3229 ir.

2051 3276 2221 3343 aliqua
2243 3288 2445 3334 earum,
2472 3288 2589 3340 qua:
2612 3269 2822 3324 czeteris
2851 3268 3058 3337 longior
3083 3277 3184 3330 est,
3215 3266 3455 3320 eamdem
3484 3281 3641 3319 num-

2051 3383 2208 3437 quam
2239 3364 2565 3434 compellat?
2591 3361 2695 3417 Sed
2726 3375 2979 3430 quorsum
3022 3356 3233 3411 aliunde
3271 3358 3512 3425 exempla
3551 3372 3639 3410 re-

2053 3457 2327 3529 petamus?
2350 3454 2844 3511 LicetTillemontio
2861 3450 3279 3505 concederemus
3300 3448 3642 3503 Theodorum

2054 3553 2226 3614 illum,
2259 3551 2323 3602 ad
2357 3565 2511 3618 quem
2541 3547 2686 3615 prior
2712 3546 2941 3598 mittitur
2962 3542 3253 3613 parmnesis
3278 3583 3291 3606 ,
3324 3542 3487 3594 alium
3520 3556 3643 3594 esse

2053 3660 2081 3697 a
2113 3644 2506 3713 ansucsteno,
2535 3640 2617 3693 cui
2650 3637 2885 3692 secunda
2914 3636 3158 3705 dirigitur
3191 3652 3205 3687 :
3236 3648 3414 3687 annon
3451 3635 3639 3687 eadem

2053 3752 2265 3805 semper
2289 3734 2514 3804 qutestio
2540 3731 2743 3785 moveri
2765 3736 2993 3798 'possct,
3027 3742 3121 3780 cur
3147 3725 3350 3780 scilicet
3385 3726 3435 3778 in
3469 3736 3646 3794 poste-

2054 3831 2195 3884 riore
2215 3845 2271 3882 sa
2294 3843 2355 3896 pe
2374 3824 2712 3880 Theodorum
2734 3820 3039 3889 compellet,
3060 3820 3109 3873 in
3134 3819 3307 3887 priore
3336 3818 3646 3886 numquam?

2054 3924 2152 3979 llic
2177 3919 2531 3990 compcllamli
2560 3915 2748 3970 modus
2775 3931 2841 3969 ex
2868 3928 2975 3967 uno
2996 3912 3194 3983 pendet
3222 3911 3444 3964 arbitrio
3472 3928 3483 3962 :
3510 3926 3646 3964 unus

2054 4015 2466 4084 Chrysostomus
2485 4010 2663 4064 dicere
2690 4016 2868 4077 posset
2897 4049 2908 4062 .
2934 4020 3031 4057 cur
3051 4002 3207 4057 modo
3228 4002 3643 4070 compellaverit,

2055 4105 2216 4161 modo
2259 4119 2288 4157 a
2332 4098 2703 4171 compellando
2728 4095 3049 4151 abstinuerit
3080 4112 3092 4148 :
3123 4094 3167 4148 si
3196 4103 3372 4147 tamen
3418 4093 3646 4146 consilio

2056 4199 2185 4255 illud
2207 4198 2393 4267 egerit,
2420 4211 2525 4249 non
2552 4208 2677 4247 vero
2706 4206 2856 4257 casu,
2892 4197 3051 4260 prout
3079 4188 3124 4241 is
3145 4187 3229 4242 vel
3259 4187 3396 4241 alius
3431 4185 3643 4241 dicendi

2056 4288 2247 4343 modus
2273 4301 2391 4341 sese
2417 4284 2580 4339 menti
2611 4282 2889 4337 olTerebat.

2128 4380 2246 4436 Jam
2289 4378 2354 4432 ad
2386 4376 2792 4438 validissimum,
2839 4382 2895 4425 ut
2923 4378 3073 4441 putat
3115 4368 3506 4427 Tillemontius,
3546 4367 3642 4422 deo

2057 4474 2360 4547 pellendum
2384 4470 2550 4526 telum
2583 4480 2951 4538 properemus.
2984 4463 3301 4519 Theodorus
3328 4462 3381 4516 in
3413 4463 3644 4516 secunda

2058 4565 2277 4637 epistola
2307 4570 2632 4617 memoratus
2660 4558 2893 4612 nondum
2920 4555 3236 4623 vigesimum
3267 4553 3516 4622 attigerat
3544 4569 3642 4605 an-

2057 4672 2220 4719 num;
2250 4663 2433 4711 contra
2461 4667 2610 4717 vero,
2644 4651 2758 4719 ipso
2796 4656 3011 4703 auctore
3046 4647 3454 4716 Chrysostomo,
3504 4646 3548 4698 is
3580 4646 3645 4699 ad

2058 4766 2216 4822 quem
2249 4748 2395 4818 prior
2419 4744 2707 4815 parmnesis
2748 4741 2994 4803 mittitur,
3038 4754 3207 4793 annos
3250 4739 3373 4792 vitae
3408 4738 3648 4807 reliquos

2059 4857 2165 4897 non
2208 4841 2326 4911 plus
2354 4835 2735 4908 quinquaginta
2779 4846 2996 4901 sperare
3042 4838 3272 4899 poterat,
3306 4829 3466 4883 etiam
3504 4828 3548 4881 si
3580 4829 3645 4881 ad

2060 4944 2357 4990 extremam
2403 4928 2786 4999 proveheretur
2834 4930 3189 4985 senectutem,
3234 4920 3374 4989 quod
3424 4919 3493 4974 de
3534 4920 3651 4973 viro

2060 5037 2265 5082 tantum
2294 5024 2406 5079 fere
2433 5019 2859 5093 quadragenario
2901 5016 3005 5071 dici
3050 5015 3238 5084 possit.
3270 5013 3411 5068 Vere
3434 5012 3648 5081 quidc

2061 5120 2137 5174 ait
2181 5117 2596 5189 Chrysostomus
2645 5114 2699 5166 in
2755 5109 2985 5165 secunda
3029 5108 3253 5176 cpistola
3306 5105 3650 5160 Theodorum

2063 5209 2299 5264 nondum
2334 5207 2646 5277 vigesimum
2690 5202 2929 5271 attigisse
2958 5216 3156 5252 anmnn
3186 5217 3199 5253 :
3230 5199 3281 5251 in
3316 5198 3483 5267 prima
3524 5212 3652 5251 vero

2064 5305 2211 5358 locus
2248 5300 2405 5371 paulo
2434 5314 2589 5353 secus
2619 5295 2774 5349 habet
2793 5309 2950 5363 quam
2981 5290 3351 5344 Tillemontius
3377 5288 3649 5343 extulerit.

2064 5392 2154 5449 Sic
2175 5393 2390 5462 legitur,
2412 5407 2464 5443 n.
2491 5389 2579 5455 10,
2611 5388 2751 5441 circa
2777 5385 2943 5439 ﬁnem
2964 5402 2976 5437 :
2996 5384 3196 5448 Quanto
3221 5392 3441 5450 tempore
3464 5381 3537 5434 vis
3566 5380 3652 5434 tibi

2065 5484 2324 5556 prwsentis
2349 5483 2464 5536 vita:
2486 5496 2713 5545 usuram,
2742 5478 2875 5539 sive,
2901 5484 2959 5530 ut
2987 5476 3053 5528 ita
3089 5476 3294 5544 loquar,
3324 5473 3650 5536 fruitioncm,

2066 5576 2307 5631 extendi?
2331 5573 2581 5644 Equidem
2609 5588 2710 5625 non
2741 5580 2859 5641 puto
2890 5569 2978 5622 tibi
3024 5569 3140 5636 plus
3164 5564 3531 5637 quinquaginta
3558 5580 3651 5616 an-

2066 5671 2145 5723 nis
2170 5669 2282 5723 vita
2308 5681 2587 5736 superesse,
2621 5673 2674 5717 ut
2709 5662 2776 5715 ad
2813 5672 3087 5716 extremam
3115 5667 3420 5711 senectutem
3449 5654 3647 5710 venias.

2069 5764 2125 5820 ld
2167 5773 2269 5827 est,
2312 5761 2355 5817 si
2398 5774 2568 5815 annos
2617 5758 2789 5814 adhuc
2815 5753 3195 5828 quinquaginta
3229 5749 3456 5818 vixeris,
3507 5764 3649 5810 ante
