4096 6392
439 332 548 387 275

438 450 726 504 senectutis
750 446 880 513 eris,
912 454 968 500 ut
998 445 1118 497 vita:
1142 441 1368 497 fructum
1395 448 1450 493 et
1477 437 1802 508 voluptatem
1834 448 2026 502 capere

438 555 543 595 non
574 539 764 608 possis.
795 538 926 604 Quis
955 545 1110 606 neget
1137 534 1252 588 hmc
1278 529 1549 586 vicenario
1571 528 1752 599 juveni
1781 527 2030 596 apposite

438 633 540 687 dici
575 637 761 701 pesse?
787 632 929 684 Sane
956 631 1041 683 vix
1073 643 1267 696 capere
1314 625 1512 695 possim
1538 622 1810 694 quomodo
1837 637 1904 677 es
1938 621 2030 675 tali

438 723 580 778 dicto
612 723 847 793 potuerit
882 720 1258 776 Tillemontius
1303 727 1540 772 statuere
1569 715 1764 781 virum,
1799 714 1884 769 cui
1916 713 2030 769 hare

439 818 701 881 dicantur,
748 832 883 886 pene
920 813 1396 886 quadragenarium
1442 824 1603 866 esse:
1632 809 1678 864 si
1729 824 1795 864 ex
1841 807 2030 878 hujus-

439 910 582 966 modi
621 910 798 965 verbis
845 909 1245 977 clnonologiam
1298 915 1616 969 statuamus,
1675 917 1920 973 magnam
1974 901 2026 954 in

435 1010 737 1072 temporum
783 1001 988 1056 ratione
1037 999 1494 1068 perturbationem
1541 996 1845 1054 sileremus.
1889 992 2026 1061 Quid

435 1093 666 1163 exempli
697 1109 857 1147 causa
889 1091 958 1147 de
977 1095 1134 1146 nitate
1161 1091 1416 1145 Authusm
1443 1088 1812 1160 Chrysostomi
1840 1087 2027 1142 matris

435 1185 698 1254 quispiam
729 1183 942 1245 dixerit,
975 1183 1020 1237 si
1049 1183 1194 1236 illam
1231 1183 1282 1236 in
1324 1182 1475 1235 libris
1503 1180 1570 1235 de
1608 1178 1921 1234 Sacerdotio
1948 1179 2027 1232 sic

434 1277 741 1347 loquentem
785 1275 1007 1330 audiat:
1041 1275 1151 1328 Nos
1189 1291 1305 1329 vero
1343 1291 1484 1329 senes
1522 1274 1650 1328 nihil
1693 1272 1834 1327 aliud
1872 1287 2026 1342 quam

436 1381 647 1426 mortem
668 1381 1032 1439 exspectamus.
1051 1373 1241 1424 Annon
1263 1369 1404 1422 illam
1428 1368 1538 1423 fere
1563 1367 2024 1438 sepluagenariam

433 1461 890 1533 pronuntiaverit?
921 1462 1080 1530 Atqui
1129 1461 1240 1523 illa,
1273 1469 1334 1514 ut
1361 1469 1566 1513 certum
1594 1467 1704 1524 est,
1735 1469 1790 1512 et
1831 1457 2024 1512 fatetur

433 1557 549 1625 ipse
571 1554 968 1616 Tillemontius,
999 1551 1234 1606 nondum
1253 1551 1716 1621 quadragesimum
1735 1549 2020 1618 septimum

432 1647 812 1699 a-tatisannum
829 1657 1044 1699 emensa
1062 1651 1312 1697 eratcum
1331 1641 1443 1696 haec
1459 1641 1661 1696 diceret
1679 1657 1693 1694 :
1711 1655 1876 1708 usque
1889 1638 2022 1693 adeo

433 1753 619 1792 verum
653 1747 732 1790 est
762 1751 868 1790 non
900 1750 1057 1804 posse
1084 1750 1151 1789 ex
1181 1734 1443 1803 ejusmodi
1469 1733 1624 1787 dictis
1655 1741 2021 1791 certam.tetn-

433 1830 578 1898 poris
603 1839 781 1883 notam
801 1828 1012 1883 deduci.
1031 1827 1214 1897 Neque
1241 1843 1339 1881 nos
1356 1836 1564 1881 moveat
1591 1841 1714 1890 vos,
1737 1834 1846 1896 πρὸς
1876 1832 2020 1892 ἔσχα-

430 1945 510 1975 τον
527 1937 691 1990 γῆρας,
715 1922 784 1975 ad
805 1931 1076 1974 extremam
1104 1929 1404 1974 senectutem
1431 1936 1450 1973 :
1472 1919 1614 1972 illam
1641 1918 1836 1988 quippe
1866 1932 2020 1970 usur-

431 2030 560 2084 pare
607 2015 746 2070 solet
789 2012 1224 2086 Chrysostomus,
1267 2029 1370 2067 non
1419 2027 1515 2081 pro
1554 2011 1822 2080 decrepita
1865 2025 2020 2064 sene-

427 2117 595 2174 ctute,
625 2124 744 2163 cum
779 2108 898 2178 quis
925 2107 1072 2162 verbi
1101 2106 1268 2176 gratia
1297 2106 1369 2160 ita
1395 2120 1656 2159 annorum
1683 2104 1823 2158 mole
1851 2103 2018 2158 obru-

430 2211 516 2255 tus
543 2210 644 2260 est.
679 2209 736 2254 ut
759 2201 869 2269 jam
897 2215 1150 2266 sensuum
1181 2213 1280 2252 usu
1307 2213 1444 2268 pene
1469 2197 1775 2262 destitutus,
1808 2211 1929 2250 mox
1962 2196 2016 2249 in

426 2293 727 2362 sepulcrum
773 2292 844 2346 sit
887 2291 1216 2354 inferendus,
1258 2300 1316 2345 ut
1359 2298 1483 2344 sunt
1525 2289 1867 2358 octogenario
1906 2303 2020 2342 ma-

426 2386 572 2455 jores
599 2391 654 2438 et
679 2383 1055 2454 nonagenarii;
1089 2382 1181 2436 sed
1208 2397 1304 2451 pro
1329 2383 1457 2436 viris
1483 2382 1570 2451 qui
1600 2381 1775 2435 adhuc
1803 2381 2016 2451 negotia

427 2474 825 2538 administrare,
876 2482 930 2528 et
979 2489 1167 2544 magna
1216 2481 1436 2543 possunt
1477 2473 1653 2526 officia
1711 2487 2012 2542 capessere.

427 2568 517 2623 Sic
548 2567 615 2622 de
654 2566 967 2623 Sacerdotio
997 2565 1088 2620 lib.
1134 2566 1188 2630 5,
1221 2579 1268 2634 p.
1314 2565 1438 2631 393,
1482 2565 1572 2619 tibi
1616 2564 1748 2618 dicit
1784 2579 1897 2630 eos,
1925 2564 2015 2634 qui

425 2675 547 2715 cum
581 2658 736 2713 laude
773 2659 826 2713 in
870 2658 1178 2712 ministeriis
1219 2657 1514 2712 minoribus
1555 2657 1718 2712 vitam
1767 2666 2010 2727 egerunt,

428 2751 518 2806 ubi
556 2750 620 2804 ad
659 2759 990 2804 senectutem
1021 2748 1306 2814 devenere,
1339 2764 1446 2803 non
1493 2764 1612 2803 esse
1661 2765 1876 2818 semper
1904 2764 2016 2818 prie

427 2841 858 2911 aliisjunioribus
879 2841 930 2894 in
949 2841 1312 2909 episcOpatum
1336 2839 1663 2904 evehendus,
1685 2841 1784 2894 nisi
1801 2840 2016 2896 aliunde

429 2932 606 2988 idonei
637 2932 862 2996 fuerint;
893 2931 964 2986 ibi
995 2931 1160 2986 utitur
1183 2931 1370 2986 eadem
1407 2946 1538 2986 voce
1564 2931 1616 2984 in
1643 2941 1914 2985 extremam
1939 2947 2016 2984 se-

427 3034 672 3080 nectutem
719 3024 971 3093 pervenit;
1017 3029 1072 3077 et
1114 3021 1251 3077 infra
1285 3021 1351 3077 de
1395 3022 1585 3078 iisdem
1632 3023 1684 3076 in
1733 3033 2016 3094 provectam

427 3124 746 3169 senectutem.
775 3114 976 3181 Quibus
1019 3129 1150 3168 sane
1191 3121 1247 3168 et
1283 3115 1746 3183 septuageuarios,
1779 3122 1834 3168 ct
1880 3113 2017 3170 forte

428 3205 851 3275 septuagenariis
882 3205 1118 3259 minores
1163 3204 1431 3274 intelligit,
1480 3214 1538 3258 ut
1577 3221 1736 3259 nemo
1766 3205 2015 3260 cordatus

429 3313 538 3352 non
566 3296 778 3362 videat;
805 3313 925 3350 nam
959 3297 1050 3366 qui
1080 3297 1301 3350 omnino
1329 3297 1586 3367 decrepiti
1625 3307 1769 3362 sunt,
1807 3314 1871 3352 eo
1902 3299 2017 3367 ipso

431 3406 536 3445 non
579 3401 698 3444 sunt
729 3389 926 3444 idonei.
957 3387 1219 3444 Similiter
1249 3390 1404 3445 Hom.
1438 3392 1472 3445 5
1502 3391 1570 3445 de
1611 3391 1811 3446 Statuis
1842 3393 2013 3459 initio,

428 3497 548 3534 cum
592 3481 875 3535 Flavianus
915 3481 1197 3551 episc0pus
1235 3481 1597 3536 Theodosium
1639 3483 2014 3552 Imperatorem

430 3574 696 3644 placatum
724 3573 875 3639 adiit,
905 3573 974 3628 de
1008 3574 1100 3628 illo
1122 3574 1195 3628 ait
1220 3573 1656 3646 Chrysostomus.
1699 3587 1821 3632 auus
1847 3578 1915 3631 ad
1937 3577 2019 3632 ul-

431 3667 604 3719 timam
634 3676 864 3735 provecta
909 3675 1228 3719 senectutem.
1259 3667 1416 3736 Atqui
1443 3667 1736 3722 secundum
1778 3668 2018 3740 Chryso-

435 3771 667 3814 stomum
701 3759 874 3829 ipsum
905 3759 1089 3829 elapso
1118 3761 1278 3814 etiam
1305 3761 1536 3832 quodam
1564 3761 1632 3816 ab
1664 3763 1750 3816 illa
1781 3763 2016 3818 Flaviani

432 3849 694 3917 legatione
732 3848 798 3902 ad
843 3849 1202 3904 Theodosium
1245 3860 1504 3921 tempore,
1551 3853 1839 3909 Flavianus
1881 3871 2017 3910 uou-

430 3939 558 3994 dum
588 3950 902 4010 pervenerat
932 3939 998 3994 ad
1030 3950 1241 3996 mlatem
1275 3943 1332 3996 S.
1369 3943 1514 3998 Petri
1546 3945 1808 4013 Apostoli.
1837 3946 2018 4016 Siqui—

433 4033 556 4087 dem
593 4033 644 4086 in
687 4032 881 4086 llomil.
910 4033 945 4087 5
977 4033 1029 4086 in
1057 4033 1382 4104 Principium
1426 4036 1680 4089 Actorum
1719 4037 2016 4092 orationem

431 4123 684 4178 claudens
705 4123 1116 4194 Chrysostomus
1149 4125 1402 4181 Flaviano
1431 4142 1598 4182 annos
1624 4131 1796 4184 anatis
1830 4131 1886 4185 S.
1922 4132 2021 4186 Pe-

433 4217 499 4271 tri
532 4216 771 4288 Apostoli
801 4226 1136 4285 apprecatur,
1179 4226 1458 4288 postquam
1500 4220 1650 4275 illum
1693 4231 1817 4277 ante
1855 4238 2016 4277 unum

432 4309 621 4364 saltem
651 4323 846 4362 annum
871 4308 978 4377 jam
1005 4308 1070 4362 ad
1111 4317 1404 4364 extremam
1446 4320 1799 4374 senectutem,
1829 4328 2018 4380 perve-

434 4416 576 4455 nisse
619 4400 826 4454 dixerat
870 4402 1000 4469 :qui
1045 4399 1330 4455 Flavianus
1380 4405 1539 4456 etiam
1587 4411 1708 4472 post
1761 4404 1902 4458 illam
1951 4404 2019 4458 ad

433 4491 791 4547 Theodosium
838 4492 1156 4560 legationem
1204 4494 1358 4547 annis
1400 4495 1780 4563 septemdecim
1827 4497 2018 4552 Antio-

433 4581 618 4635 cheam
646 4580 853 4652 praefuit
889 4581 1144 4638 Ecclesia:
1171 4598 1183 4634 :
1211 4590 1288 4637 tot
1329 4584 1474 4638 enim
1519 4595 1870 4641 numerantur
1894 4589 2018 4642 anni

434 4677 504 4727 ab
543 4689 682 4727 anno
739 4675 864 4740 587,
913 4690 1020 4744 quo
1066 4675 1157 4730 ille
1207 4675 1567 4731 Theodosium
1610 4678 1759 4745 adiit,
1812 4679 1877 4733 ad
1924 4696 2020 4735 an—

433 4783 562 4823 num
590 4767 715 4832 401,
744 4783 850 4836 quo
885 4778 1125 4820 mortuus
1151 4777 1428 4823 vacantem
1457 4769 1642 4824 sedem
1675 4771 1906 4841 reliquit.
1948 4773 2021 4827 De

435 4868 592 4914 artate
619 4874 775 4928 porro
804 4859 919 4927 ejus
963 4874 1081 4912 cum
1111 4858 1252 4913 diem
1294 4860 1486 4914 clausit
1523 4870 1820 4916 extremum
1854 4865 2017 4933 pluri-

433 4952 536 5006 bus
563 4959 748 5019 agetur
775 4951 825 5004 iu
859 4950 973 5004 Vita
1003 4949 1389 5022 Clirysostomi.
1417 4951 1482 5006 Et
1514 4952 1709 5007 llomil.
1743 4954 1778 5008 2
1799 4955 1865 5009 de
1897 4956 2022 5011 Ρω-

433 5043 654 5096 nitcntia
697 5059 751 5094 n.
794 5041 850 5106 2,
899 5040 966 5096 de
999 5041 1195 5096 Davide
1236 5042 1459 5112 loquens
1499 5043 1910 5114 Chrysostomus
1948 5048 2023 5102 ait

435 5132 607 5194 illum,
639 5131 851 5200 quando
881 5132 931 5185 in
973 5132 1293 5186 adulterium
1325 5133 1505 5202 lapsus
1549 5145 1650 5199 est,
1686 5137 1737 5190 in
1782 5148 2021 5194 extrema

433 5223 628 5278 canitie
655 5221 851 5287 fuisse;
877 5223 1005 5278 illud
1033 5239 1159 5278 vero
1175 5224 1242 5279 de
1279 5225 1477 5280 Davide
1507 5227 1669 5281 nolim
1693 5244 1789 5296 pro
1813 5240 2022 5284 asserto

435 5314 637 5382 accipi;
671 5314 762 5368 scd
791 5325 847 5368 ut
876 5331 1033 5370 nemo
1062 5331 1222 5386 spero
1251 5319 1481 5388 negabit,
1509 5319 1559 5373 id
1601 5321 1877 5389 probatum
1906 5338 2025 5377 cer-

436 5415 656 5476 tumque
691 5421 812 5461 esse
853 5407 1104 5473 arbitror,
1144 5407 1583 5480 Chrysostomum
1632 5414 1701 5466 ad
1751 5427 2024 5469 extremam

436 5507 739 5551 senectutem
796 5499 992 5566 passim
1045 5499 1342 5570 intelligere
1383 5501 1451 5555 de
1503 5507 1923 5574 septuagenariis
1970 5521 2024 5564 et

439 5589 575 5642 forte
605 5603 998 5658 nonnumquam
1027 5591 1094 5645 de
1118 5594 1522 5663 sepluagenario
1547 5596 1858 5653 minoribus.

509 5679 675 5732 Instat
713 5679 1197 5737 Tillemontius:ls
1241 5699 1397 5754 quem
1443 5686 1494 5739 itt
1545 5690 1720 5758 priore
1766 5694 2024 5760 partenesi

439 5768 730 5840 alloquitur
755 5770 1189 5845 Clirysostomus,
1241 5775 1293 5830 in
1337 5788 1517 5848 aperta
1556 5781 1680 5836 vitia
1711 5791 1764 5838 ct
1799 5784 2021 5840 crimina

1899 311 2233 370 ΜΟΝΙἸὌΜ.

3633 325 3740 383 276

2142 445 2478 507 proruperat,
2528 447 2586 492 ut
2611 455 2675 494 es
2708 440 2868 494 variis
2895 440 3151 495 orationis
3181 441 3310 496 locis
3337 443 3606 514 colligitur
3633 467 3648 502 :
3679 459 3734 504 at

2138 545 2245 585 non
2285 545 2523 600 eousque
2563 532 2814 602 perniciei
2843 532 3124 588 devenisse
3169 535 3381 590 videtur
3418 537 3736 595 Theodorus

2137 621 2564 692 Mopsuestenus,
2615 624 2680 678 ad
2719 639 2878 692 quem
2919 624 3150 678 secunda
3193 627 3423 681 mittitur
3460 629 3683 698 epistola
3715 651 3728 685 :

2136 715 2228 785 qui
2254 715 2298 768 si
2321 715 2430 784 jam
2461 715 2760 786 baptizatus
2801 716 2854 770 in
2887 730 2948 770 ea
2979 717 3202 772 crimina
3229 718 3409 789 lapsus
3434 732 3599 789 esset,
3634 740 3729 777 ne-

2135 821 2398 876 quaquam
2440 807 2700 876 potuisset
2736 807 3027 864 secundum
3062 824 3298 866 canones
3335 811 3386 865 in
3421 814 3732 883 episcopum

2135 908 2319 968 postea
2378 901 2638 970 cauptari.
2712 901 2838 956 Hmc
2893 903 3041 958 nullo
3101 905 3318 974 negotio
3368 905 3726 976 depelluntur.

2135 989 2475 1058 Theodorus,
2505 993 2594 1062 qui
2640 1006 2850 1047 sacrum
2899 1004 3097 1050 coetum
3137 995 3470 1063 deseruerat,
3511 1000 3726 1070 negotia

2132 1083 2412 1137 saacularia
2447 1083 2728 1150 tractabat,
2771 1085 3133 1156 voluptatibus
3159 1087 3371 1143 deditus
3411 1101 3550 1157 erat,
3593 1092 3728 1146 ller-

2131 1173 2340 1228 miones
2366 1175 2559 1243 puella:
2595 1175 2874 1245 cujusdam
2903 1191 3088 1234 amore
3127 1177 3403 1249 ﬂagrabat.
3434 1181 3549 1236 Non
3580 1183 3726 1238 aliud

2131 1265 2200 1320 de
2227 1264 2514 1323 Theodoro
2542 1267 2746 1323 crimen
2783 1268 2947 1324 refert
2986 1270 3400 1344 Chrysostomus
3432 1291 3445 1328 :
3470 1275 3520 1330 id
3549 1287 3724 1332 tamen

2130 1359 2223 1414 ille
2271 1360 2446 1428 magni
2487 1360 2729 1416 criminis
2776 1361 2894 1417 loco
2943 1362 3142 1419 habere
3191 1365 3402 1421 videtur
3448 1367 3498 1422 in
3547 1369 3726 1438 priore

2129 1451 2409 1521 parmnesi,
2439 1451 2526 1506 ubi
2559 1453 2673 1508 lucc
2715 1465 3084 1510 recensentur.
3122 1456 3428 1512 Secundum
3477 1460 3590 1514 hate
3628 1478 3725 1517 au-

2128 1553 2258 1608 tem,
2293 1561 2413 1598 cum
2444 1546 2529 1600 vel
2556 1545 2673 1599 aliis
2699 1545 3074 1615 referentibus,
3099 1549 3184 1603 Vel
3213 1565 3308 1619 per
3346 1551 3510 1619 ipsius
3548 1553 3724 1608 Theo.

2127 1635 2244 1690 dori
2288 1636 2468 1691 literas
2507 1639 2822 1708 accepisset,
2861 1638 3203 1694 Theodorum
3250 1641 3371 1696 ideo
3412 1644 3463 1696 in
3510 1647 3722 1714 negotia

2126 1729 2400 1783 saecularia
2443 1744 2502 1784 se
2526 1731 2829 1795 immisisse,
2859 1741 2918 1785 ut
2947 1741 3289 1802 paternarum
3321 1751 3498 1789 rerum
3525 1736 3723 1791 sollici-

2128 1820 2368 1876 tudinem
2403 1831 2634 1892 gereret,
2664 1822 3004 1878 Hermioncm
3036 1840 3236 1893 amare,
3265 1836 3322 1882 ut
3347 1844 3464 1883 eam
3499 1827 3721 1885 duceret

2125 1928 2381 1978 uxorem;
2409 1928 2513 1967 non
2561 1916 2720 1969 tantis
2745 1915 2981 1986 quidem,
3015 1919 3225 1987 quantis
3267 1930 3440 1982 antea.
3476 1922 3714 1991 implica-

2125 2012 2237 2058 tum
2269 2005 2422 2060 malis
2447 2005 2790 2061 Theodorum
2822 2023 2940 2063 esse
2968 2010 3206 2080 putavit;
3246 2012 3338 2066 sed
3371 2027 3476 2067 non
3507 2027 3535 2067 a
3562 2014 3716 2084 culpa

2124 2094 2351 2149 liberum
2381 2095 2553 2164 duxit,
2581 2107 2639 2151 ut
2666 2114 2763 2168 per
2790 2107 2955 2154 totam
2994 2101 3282 2155 secundam
3319 2104 3594 2172 epistolam
3631 2107 3714 2158 in-

2125 2186 2290 2252 dicat,
2319 2187 2470 2258 cujus
2508 2191 2797 2246 exordium
2827 2201 2909 2246 est
2949 2191 3252 2262 hujusmodi
3281 2213 3292 2248 :
3327 2196 3388 2249 Si
3415 2197 3563 2265 ﬂetus
3592 2215 3713 2266 pos-

2123 2290 2233 2333 sent
2261 2289 2308 2334 et
2336 2282 2549 2352 gemitus
2569 2298 2658 2352 per
2683 2283 2855 2337 literas
2885 2285 3127 2351 exhiberi,
3155 2287 3232 2340 his
3253 2288 3494 2357 repletam
3523 2289 3714 2358 episto-

2124 2375 2226 2430 lam
2265 2377 2334 2430 ad
2360 2387 2408 2431 te
2446 2378 2708 2433 misissent.
2739 2377 2989 2451 Equidem
3019 2382 3137 2450 ﬂeo,
3177 2399 3278 2435 non
3308 2383 3443 2448 quod
3467 2394 3706 2452 paterna-

2119 2486 2233 2523 rum
2259 2487 2425 2524 rerum
2449 2471 2839 2526 sollicitudinem
2863 2490 3028 2544 geras,
3057 2474 3146 2527 sed
3165 2474 3301 2544 quod
3329 2492 3392 2529 ea:
3417 2475 3633 2544 fratrum
3666 2486 3715 2530 te

2119 2563 2352 2633 catalogo
2382 2563 2639 2629 deleveris,
2665 2565 2799 2634 quod
2828 2577 2975 2635 pacta
3013 2583 3123 2618 cum
3153 2565 3352 2621 Christo
3380 2569 3507 2620 inita
3543 2570 3708 2621 calca-

2120 2654 2268 2708 veris.
2298 2654 2373 2709 De
2405 2654 2672 2710 connubio
2692 2666 2869 2710 autem
2904 2656 3020 2711 hare
3047 2657 3209 2712 habet
3237 2674 3286 2727 p.
3322 2659 3391 2713 '58
3421 2677 3435 2714 :
3466 2657 3712 2730 Legitima

2119 2761 2199 2800 res
2224 2755 2297 2798 est
2339 2747 2651 2818 conjugium,
2681 2748 2736 2800 id
2768 2764 2859 2819 ego
2883 2752 3112 2818 fateor...
3143 2755 3231 2803 sed
3258 2750 3348 2802 tibi
3364 2751 3480 2820 jam
3512 2767 3612 2804 non
3638 2761 3711 2802 est

2119 2839 2370 2908 integrum
2402 2840 2529 2909 jura
2563 2834 2800 2894 connubii
2831 2858 3049 2895 servare.
3083 2841 3213 2894 Eum
3252 2843 3404 2903 enim.
3433 2844 3519 2909 qui
3560 2845 3710 2896 semel

2121 2930 2310 2983 caelesti
2329 2946 2515 2998 sponso
2532 2933 2745 3002 junctus
2765 2941 2856 2994 est,
2877 2933 2919 2986 si
2946 2933 3118 2986 abillo
3138 2933 3407 2986 divellatur
3431 2943 3476 2988 et
3507 2950 3711 2987 uxorem

2121 3019 2294 3085 ducat,
2323 3021 2632 3075 adulterium
2672 3021 2936 3077 admittere
2976 3033 3167 3076 certum
3212 3033 3304 3078 est.
3354 3023 3492 3078 Puto
3531 3036 3708 3079 autem

2121 3111 2462 3166 Theodorum
2488 3114 2721 3183 acceptis
2752 3113 3016 3182 prioribus
3044 3113 3408 3185 Chrysostomi
3445 3115 3704 3184 epistolis,

2120 3203 2313 3273 quibus
2341 3202 2408 3258 de
2433 3204 2780 3260 saecularibus
2816 3205 3079 3274 susceptis
3109 3207 3354 3276 negotiis,
3395 3216 3448 3260 et
3472 3205 3541 3260 de
3580 3205 3712 3261 iicr-

2122 3296 2331 3350 mioncs
2372 3311 2556 3352 amore
2596 3297 3032 3368 redarguebatur,
3078 3299 3146 3353 ad
3189 3299 3268 3353 sui
3312 3299 3708 3354 excusationem

2123 3403 2217 3458 per
2241 3388 2492 3458 epistolas
2519 3398 2573 3444 et
2608 3399 2946 3460 paternarum
2974 3407 3152 3447 rerum
3194 3407 3399 3458 curam,
3438 3403 3492 3448 et
3527 3395 3707 3462 conjn.

2131 3483 2275 3552 gium
2301 3496 2420 3536 cum
2449 3482 2738 3537 llermione
2765 3483 3053 3538 ineundum
3095 3485 3148 3539 in
3177 3485 3408 3540 medium
3450 3486 3710 3543 attulisse.

2122 3570 2278 3626 Certe
2320 3573 2371 3626 in
2410 3573 2650 3642 epistola:
2679 3583 2966 3643 postrema:
3006 3576 3155 3631 calce
3193 3586 3345 3647 rogat
3371 3577 3708 3632 Theodorum

2123 3660 2560 3735 Chrysostomus,
2590 3673 2649 3718 ut
2690 3665 2789 3720 sibi
2821 3666 3118 3721 rescribere
3143 3666 3420 3738 dignetur;
3464 3670 3506 3722 si
3541 3679 3613 3724 tot
3643 3671 3711 3724 li-

2124 3755 2254 3810 teris
2295 3765 2449 3812 antea
2491 3757 2688 3822 missis,
2736 3758 2868 3812 nihil
2914 3758 3296 3827 respondisset,
3337 3759 3713 3830 objurgaturus

2122 3862 2244 3903 eum
2273 3847 2410 3902 haud
2436 3847 2594 3902 dubie
2623 3856 2737 3902 erat
2766 3847 3181 3919 Chrysostomus
3207 3849 3275 3904 de
3304 3860 3450 3905 tanto
3477 3851 3707 3906 silentio.

2196 3939 2289 3993 llis
2315 3954 2416 4008 ego
2439 3939 2507 3993 de
2539 3940 2718 3994 causis
2745 3939 2925 3994 Savilii
2956 3949 3011 3993 et
3056 3941 3339 3995 Frontonis
3367 3943 3603 4012 vestigiis
3631 3943 3713 3996 in-

2124 4033 2320 4088 sistens
2343 4047 2506 4087 unum
2535 4031 2699 4088 fuisse
2731 4033 3070 4087 Theodorum
3102 4045 3246 4103 puto,
3290 4034 3357 4090 ad
3381 4051 3539 4104 quem
3568 4046 3711 4090 utra-

2123 4143 2230 4197 que
2269 4126 2558 4197 parrenesis
2587 4128 2747 4181 missa
2775 4127 2892 4181 fuit.
2929 4125 3166 4197 Utraque
3191 4137 3339 4184 certe
3367 4127 3434 4182 ad
3462 4128 3708 4183 eumdem

2125 4219 2468 4274 Theodorum
2525 4219 2835 4273 inscribitur
2882 4218 2936 4272 in
2991 4219 3241 4273 omnibus
3298 4219 3709 4290 manuscriptis.

2128 4327 2356 4381 quorum
2407 4310 2626 4379 quidam
2681 4309 3054 4364 remotissima:
3104 4311 3384 4364 vetustatis
3433 4319 3599 4364 sunt:
3633 4309 3712 4362 Ad

2128 4403 2360 4457 eumdem
2412 4401 2733 4456 Theodorum
2757 4441 2772 4465 ,
2832 4400 3030 4456 habent
3069 4415 3258 4455 omnes
3295 4419 3309 4454 :
3348 4400 3483 4455 duos
3531 4410 3711 4455 autem

2129 4495 2443 4550 Thcodoros
2467 4493 2816 4560 comminisci,
2832 4507 3058 4563 quorum
3086 4505 3308 4562 uterque
3330 4507 3448 4546 cum
3480 4490 3714 4562 Chryso-

2130 4598 2304 4643 stomo
2342 4587 2595 4642 societate
2627 4585 2840 4656 junctus
2877 4599 3032 4639 sacro
3074 4585 3282 4639 cuidam
3321 4585 3480 4640 coetui
3521 4599 3580 4638 se
3615 4585 3712 4638 ad-

2129 4682 2342 4745 dixerit,
2373 4687 2596 4749 uterque
2626 4677 2896 4740 resilierit,
2931 4687 3155 4746 uterque
3193 4686 3476 4731 revocatus
3497 4675 3652 4731 fuerit
3682 4694 3712 4730 a

2127 4774 2534 4844 Chrysostomo,
2558 4771 2714 4841 idque
2743 4771 2890 4825 nullo
2918 4779 3137 4825 auctore
3165 4785 3336 4839 exque
3364 4769 3569 4825 levibus
3588 4786 3714 4824 cou-

2123 4865 2384 4934 jccturis,
2436 4863 2488 4918 id
2542 4863 2732 4918 mirum
2790 4871 3048 4934 quantum
3101 4862 3389 4918 abhorreat
3439 4863 3506 4918 ab
3558 4863 3712 4917 iusti-

2130 4965 2246 5010 tuto
2270 4970 2409 5010 meo.

2201 5050 2352 5104 Circa
2392 5063 2610 5112 annum,
2639 5063 2744 5118 quo
2779 5047 2863 5102 hcc
2897 5049 3017 5102 duae
3061 5048 3276 5116 scripta;
3315 5057 3440 5104 sunt
3479 5048 3714 5104 homilim

2129 5156 2236 5196 non
2282 5141 2486 5195 modica
2525 5149 2609 5196 est
2646 5139 2948 5195 diflicultas.
2995 5140 3081 5195 Ait
3137 5141 3398 5196 Baronius
3436 5152 3716 5210 utramque

2131 5236 2426 5304 parrenesin
2453 5251 2481 5289 a
2511 5232 2915 5305 Chrysostomo,
2942 5234 3068 5288 dum
3111 5236 3162 5289 in
3197 5236 3468 5290 montibus
3497 5236 3714 5306 degeret

2131 5326 2426 5394 solitarius,
2457 5325 2523 5380 ad
2569 5325 2908 5379 Theodorum
2954 5325 3173 5379 missam
3207 5325 3387 5380 fuisse.
3420 5326 3714 5380 Tillctnon-

2132 5420 2236 5472 tius
2266 5434 2392 5472 vero
2415 5433 2479 5472 ex
2518 5416 2858 5486 prmjudicata
2895 5413 3147 5487 opinione
3174 5417 3418 5486 loquens,
3447 5417 3515 5471 de
3545 5417 3713 5486 prima

2132 5513 2198 5566 ad
2226 5512 2406 5575 alium,
2441 5518 2500 5563 ut
2525 5518 2678 5579 putat
2701 5508 2810 5572 ille,
2841 5523 3000 5579 quam
3023 5509 3453 5577 M0psuestenum
3481 5509 3640 5564 missa
3665 5509 3716 5562 id

2132 5602 2350 5658 concedi
2391 5617 2550 5672 posse
2593 5609 2780 5670 putat;
2827 5610 2895 5656 de
2938 5601 3171 5656 secunda
3222 5603 3460 5656 minime.
3510 5601 3611 5668 Qui
3671 5603 3715 5655 si

2133 5693 2596 5749 animadvertisset
2640 5691 2770 5746 illud
2821 5696 2963 5764 quod
3011 5695 3064 5748 in
3113 5695 3217 5748 line
3275 5693 3460 5764 primm
3502 5691 3716 5754 dicitur,

2133 5787 2353 5860 perinde
2381 5787 2447 5844 de
2474 5787 2644 5858 prima
2687 5798 2847 5859 atque
2883 5797 2951 5845 de
2979 5788 3214 5846 sectatda
3259 5805 3363 5846 non
3393 5802 3548 5861 posse
3589 5802 3715 5840 cono
