4096 6392
373 413 526 468 273*

376 527 493 581 cedi
515 526 761 580 dicturus
782 532 919 579 erat.
946 522 1035 577 Sic
1052 523 1197 577 enim
1218 523 1446 592 primam
1471 524 1773 593 paraenesin
1793 524 1948 576 clau-

376 615 491 670 dit:
527 618 748 668 Tantum
786 629 849 669 ne
885 612 1148 682 desperes,
1183 629 1343 681 neque
1365 611 1636 666 concidas.
1671 615 1783 666 Hoc
1811 612 1950 665 enim

378 711 471 765 tibi
488 711 542 763 in
564 710 735 763 omnis
756 709 1013 763 sermonis
1031 724 1340 778 congressu,
1358 706 1669 777 ubicumque
1693 715 1739 760 te
1759 706 1935 759 videro

374 814 425 859 et
456 805 683 858 aliorum
706 805 867 857 etiam
883 818 971 856 ore
988 810 1213 870 repetere
1239 816 1343 854 non
1359 799 1609 854 cessabo:
1633 798 1771 870 quod
1793 800 1841 853 si
1862 817 1952 852 au-

377 898 561 957 dieris,
587 895 709 949 aliis
727 893 954 964 amplius
974 893 1218 947 remediis
1239 909 1342 946 non
1362 892 1553 962 egebis.
1574 890 1634 946 In
1648 891 1768 947 loco
1783 891 1953 961 igitur

376 996 494 1042 erat
522 986 949 1057 Chrysostomus
969 1023 984 1046 ,
1027 983 1121 1038 ubi
1162 997 1286 1036 cum
1315 981 1605 1037 Theodoro
1635 983 1869 1052 negotiis
1898 990 1953 1037 et

377 1078 746 1147 voluptatibus
775 1076 1033 1131 immerso
1058 1074 1339 1144 congredi,
1378 1074 1669 1143 ipsumque
1700 1088 1834 1127 casu
1859 1072 1949 1126 ol-

378 1171 599 1226 fendere
619 1179 672 1225 et
697 1168 881 1225 videre
909 1174 1143 1238 poterat,
1172 1174 1334 1235 atque
1352 1164 1488 1219 adeo
1510 1164 1833 1218 Antiochiae.
1862 1163 1952 1216 ld-

378 1279 484 1332 que
510 1263 576 1316 de
604 1262 843 1317 secunda
868 1263 1068 1332 pariter
1092 1258 1342 1314 oratione
1368 1255 1660 1313 dicendum
1689 1274 1706 1310 ι
1732 1270 1892 1325 quam
1918 1269 1949 1309 a

376 1355 766 1426 Chrysostmno
787 1354 986 1409 editam
1014 1353 1313 1408 etmissam
1345 1350 1515 1406 fuisse
1546 1348 1804 1418 Opinatur
1834 1345 1949 1401 Til-

378 1446 671 1502 lemontius
700 1460 845 1498 anno
872 1443 1090 1499 circiter
1115 1441 1240 1496 369.
1275 1439 1432 1495 Hunc
1453 1453 1587 1494 vero
1615 1452 1819 1491 annum
1851 1450 1950 1505 pro

379 1547 609 1606 utraque
633 1535 897 1606 pamnesi
917 1535 1147 1588 libenter
1170 1541 1223 1588 et
1242 1548 1342 1603 ego
1363 1531 1685 1597 statuerim;
1717 1528 1954 1583 maxime

378 1633 507 1701 quia
538 1644 647 1684 non
674 1628 887 1681 videtur
914 1626 1059 1681 alius
1098 1624 1436 1680 commodior
1466 1638 1642 1677 annus
1664 1620 1895 1676 indicari
1932 1637 1947 1673 :

379 1721 484 1778 etsi
517 1736 624 1775 non
656 1720 865 1773 modica
891 1718 1180 1771 diliicultas
1213 1722 1472 1785 exsurgat
1501 1714 1645 1768 circa
1678 1713 1827 1766 illum
1864 1726 1952 1767 sa-

381 1829 536 1868 crum
560 1821 782 1874 coetum,
806 1810 894 1864 cui
924 1824 1123 1863 nomen
1152 1809 1413 1863 dederant
1435 1806 1673 1860 Joannes
1705 1806 1951 1875 Chryso-

383 1913 597 1962 stomus
617 1911 669 1958 et
696 1900 1021 1956 Theodorus
1051 1919 1064 1955 :
1091 1900 1185 1954 sed
1215 1900 1349 1953 illud
1376 1906 1651 1963 accurate,
1685 1905 1949 1966 quantum

385 1998 467 2052 fas
499 1997 624 2061 erit,
660 1996 969 2050 excutietur
999 1994 1052 2047 in
1084 1991 1209 2045 Vita
1235 1989 1614 2061 Chrysostomi
1645 1988 1713 2043 ad
1743 1988 1950 2044 calcem

385 2089 548 2158 hujus
579 2086 834 2144 editionis
870 2083 1208 2141 adornanda.

458 2176 720 2232 Monitum
747 2177 1001 2233 lectorem
1025 2173 1205 2239 velim,
1232 2172 1397 2244 paulo
1426 2179 1552 2227 ante
1577 2170 1737 2224 linem
1762 2167 1949 2239 prima:

720 5784 992 5861 Parnm.
1038 5794 1156 5857 Gn.
1196 5789 1447 5857 XLVII.

1830 402 2162 463 MONITUM.

3479 404 3586 459 2'76
3603 412 3632 447 ⁸

2059 522 2379 592 parzcnesis,
2430 523 2636 577 scilicet
2683 522 2773 575 ubi
2816 522 2995 592 agitur
3040 519 3108 573 de
3157 519 3385 587 quodam
3430 522 3632 590 juvene

2058 614 2318 670 Phtenice
2343 614 2545 670 Urbani
2567 615 2679 668 ﬁlio
2700 614 2889 677 divite,
2913 612 3005 682 qui
3024 620 3311 683 postquam
3335 614 3402 669 ad
3414 624 3631 671 montes

2059 721 2183 760 cum
2207 706 2496 760 monachis
2521 706 2864 777 secessisset,
2890 704 3099 761 relictis
3117 712 3302 773 postea
3324 706 3627 767 monachis.

2058 803 2322 872 voluptati
2344 810 2398 857 et
2424 802 2635 857 libidini
2654 802 2710 856 in
2736 801 2872 855 urbe
2887 800 3102 855 deditus
3124 807 3262 865 erat;
3285 800 3339 854 id
3358 800 3504 871 quod
3532 801 3631 854 ad—

2053 896 2244 965 jicitur
2267 895 2333 950 de
2360 895 2566 950 sanctis
2591 894 2724 948 viris
2746 892 2839 962 qui
2872 892 3022 946 illum
3047 892 3112 945 ad
3139 891 3426 961 pristinam
3459 893 3627 946 vitam

2059 989 2318 1043 reducere
2344 985 2643 1050 tentabant,
2669 993 2723 1040 et
2747 994 2805 1039 ut
2830 983 3015 1038 Graeca
3039 984 3257 1048 habent,
3273 983 3326 1036 εῐ
3340 1001 3469 1037 ποτε
3492 980 3629 1039 εἶδον

2059 1079 2291 1147 φανέντα
2311 1079 2404 1131 ἐπὶ
2418 1078 2517 1147 τῆς
2537 1078 2762 1147 ἀγορᾶς,
2783 1077 2874 1129 καὶ
2893 1076 3196 1147 προσῄεσαν
3212 1076 3305 1128 καὶ
3323 1076 3630 1145 ἠσπάζοντο

2060 1170 2227 1242 (quod
2245 1185 2345 1224 nos
2362 1170 2646 1231 vertimus,
2668 1169 2713 1222 si
2738 1169 2949 1238 quando
2976 1166 3207 1221 viderent
3232 1168 3287 1220 in
3314 1167 3453 1236 foro,
3481 1185 3630 1221 acce-

2057 1262 2249 1318 debant
2268 1274 2316 1317 et
2341 1261 2787 1331 amplectebantur
2811 1261 2949 1328 eum)
2967 1259 3365 1330 illud,inquam,
3383 1275 3626 1314 commo-

2059 1356 2181 1409 dius
2204 1353 2343 1409 verti
2366 1368 2550 1424 posse,
2577 1352 2891 1405 accedebant
2911 1360 2961 1404 et
2982 1351 3288 1405 salutabant
3306 1368 3443 1408 eum.
3462 1350 3622 1406 Prior

2058 1448 2433 1518 interpretatio
2454 1448 2655 1517 optime
2678 1445 2988 1517 quadraret,
3022 1445 3129 1500 nisi
3158 1453 3225 1499 ea‘
3249 1461 3368 1515 quae
3391 1460 3512 1499 mox
3538 1460 3625 1500 se-

2058 1552 2300 1614 quuntur
2323 1542 2613 1613 posteriori
2637 1540 2808 1608 magis
2841 1538 3083 1592 faverent
3112 1554 3126 1590 :
3154 1546 3203 1590 et
3230 1536 3486 1603 principio
3510 1538 3626 1607 qui-

2057 1634 2173 1687 dem
2196 1632 2281 1686 ille
2309 1649 2438 1703 equo
2460 1641 2630 1685 vectus
2660 1630 2983 1697 insequentes
3002 1625 3123 1678 illos
3152 1624 3356 1695 oblique
3388 1624 3623 1695 alloque-

2058 1727 2235 1777 batur.
2260 1722 2414 1792 Eque
2439 1728 2650 1776 vectum
2674 1718 2915 1774 salutare
2945 1716 3161 1771 facilius
3190 1726 3292 1780 est,
3319 1730 3481 1786 quam
3510 1730 3626 1770 am-

2057 1818 2217 1887 plecti
2243 1835 2257 1871 :
2285 1816 2602 1885 ἀσπάζομαι
2632 1821 2811 1867 autem
2832 1819 3125 1881 utrumque
3153 1809 3443 1880 signiﬁcat.

2127 1908 2632 1979 interpretationem
2657 1906 2941 1973 utriusque
2966 1901 3202 1957 homiliaa
3218 1901 3286 1956 ab
3307 1902 3513 1956 incerto
3538 1898 3619 1954 in-

2056 2011 2293 2075 terprete
2327 2002 2523 2055 factam
2544 2039 2559 2065 ,
2601 2008 2790 2069 utpote
2826 2014 2933 2054 non
2964 2003 3275 2053 accuratam
3306 1993 3619 2065 rejecimus,

2058 2111 2363 2166 novamque
2391 2093 2724 2164 paravimus.

3245 5770 3321 5834 15
