4096 6392
439 478 550 536 979

444 594 514 647 lia
546 587 742 645 dixisse
784 579 1004 636 videbor
1048 576 1132 637 iis,
1172 572 1263 642 qui
1310 582 1453 625 nunc
1496 564 1682 619 vident
1720 560 2018 613 vastitatem

445 680 956 744 subversionemque
983 682 1125 725 tuam
1159 685 1172 720 :
1206 670 1534 735 quapropter
1576 669 1718 709 nunc
1749 650 1906 706 doleo
1945 647 2025 701 lu-

444 786 671 844 geoque,
710 781 885 836 neque
926 762 1083 817 linem
1126 755 1339 828 lugendi
1390 752 1581 807 faciam
1626 746 1802 801 donec
1833 742 1887 795 in
1915 737 2025 809 pri-

447 831 587 919 stino
619 871 673 917 te
711 831 994 929 splendore
1039 851 1243 906 videro.
1283 846 1433 901 Licet
1468 841 1612 897 enim
1661 835 1714 892 id
1753 831 2026 888 hominum

448 957 754 1012 lacultatem
807 962 1060 1019 superare
1102 942 1387 1003 videatur,
1438 936 1550 991 Deo
1607 939 1787 988 tamen
1848 922 2031 980 omnia

448 1048 621 1105 facilia
647 1052 789 1100 sunt.
809 1018 926 1111 lpSe
948 1038 1088 1093 enim
1111 1049 1194 1090 εει
1215 1031 1317 1099 Qui
1337 1028 1544 1083 suscitat
1567 1023 1631 1076 de
1650 1031 1783 1074 terra
1803 1018 2028 1087 inapem,

445 1151 493 1195 et
516 1141 576 1193 de
597 1148 813 1192 stercore
835 1109 983 1202 erigit
1006 1141 1306 1198 pauperem,
1324 1130 1378 1175 ut
1405 1135 1521 1173 eum
1538 1113 1713 1170 sedere
1738 1109 1895 1180 faciat
1916 1119 2032 1158 cum

449 1227 779 1299 principibus,
829 1194 942 1276 cum
981 1194 1292 1291 principibus
1330 1206 1507 1282 papuli
1543 1208 1642 1259 sui.
1683 1203 1803 1272 Ipse
1837 1194 2033 1264 estqui

450 1288 676 1376 liabitare
701 1288 825 1391 facit
849 1288 1072 1368 sterilem
1098 1310 1151 1361 in
1170 1305 1343 1365 domo,
1370 1307 1582 1357 matram
1609 1294 1672 1350 de
1696 1290 1818 1358 ﬁliis
1855 1288 2036 1341 [tetan-

450 1424 546 1467 tem
568 1377 740 1483 (Psal.
774 1406 896 1463 H2.
924 1399 1063 1474 7-9).
1090 1399 1273 1465 Itaque
1303 1409 1369 1448 ne
1389 1392 1645 1459 desperes
1669 1393 1721 1438 te
1744 1379 1811 1435 ad
1834 1377 2035 1449 optima

452 1466 835 1559 immutandum
861 1508 999 1550 esse.
1024 1466 1091 1546 ἐἰ
1129 1486 1271 1543 enim
1297 1480 1543 1538 diabolus
1588 1484 1790 1530 tantum
1838 1466 2032 1540 potuit,

452 1604 510 1651 ut
536 1603 641 1649 tea
666 1589 862 1645 vertice
905 1584 996 1639 illo
1020 1590 1075 1638 et
1115 1576 1330 1648 fastigio
1375 1569 1590 1626 virtutis
1640 1567 1693 1620 in
1737 1571 2035 1618 extremum

452 1684 670 1741 malitia:
706 1676 1034 1738 detruderet,
1079 1647 1261 1726 multo,
1292 1662 1462 1735 magis
1488 1670 1540 1715 te
1571 1660 1712 1713 Deus
1752 1650 1946 1724 poterit
1983 1647 2037 1702 in

452 1778 729 1850 pristinam
751 1770 1007 1827 reducere
1032 1763 1332 1820 libertatem
1357 1773 1373 1811 :
1402 1767 1501 1810 nec
1526 1751 1686 1807 talem
1727 1743 1911 1809 modo,
1941 1738 2037 1795 sed

454 1836 621 1926 inulto
648 1864 938 1937 feliciorem
973 1867 1025 1913 te
1048 1851 1276 1910 reddere
1299 1860 1457 1918 quam
1487 1842 1636 1913 prius
1662 1836 1859 1892 fueras.

529 1957 797 2027 Peccatori.
816 1928 930 2026 spes
970 1960 1247 2016 numquam
1282 1935 1580 1995 amittenda.
1609 1961 1681 1972 -—
1703 1928 1933 1983 Tantum
1971 1935 2041 1978 ne

454 2050 726 2112 concidas,
748 2060 848 2101 nec
881 2057 1030 2114 spem
1052 2039 1248 2095 bonam
1267 2027 1612 2104 praescindas,
1631 2037 1737 2078 neu
1759 2018 2041 2088 impiorum

455 2155 650 2201 statum
677 2141 893 2195 subeas.
913 2107 1103 2202 Neque
1129 2127 1272 2183 enim
1306 2128 1645 2194 peccatorum
1672 2108 1957 2168 multitudo
1987 2107 2042 2163 in

463 2521 667 2568 tantum
699 2482 877 2578 (Prov.
908 2502 994 2557 18.
1018 2498 1099 2571 ’5).
1145 2494 1432 2564 [inpiorum
1461 2491 1604 2542 enim
1648 2482 1925 2537 dumtaxat
1965 2482 2048 2529 est

462 2607 550 2662 ille
577 2601 814 2663 morbus,
835 2593 1048 2667 quando
1070 2592 1121 2644 in
1148 2583 1467 2659 profundum
1491 2578 1753 2635 malorum
1775 2568 2043 2625 venerint.

464 2699 530 2753 Et
557 2695 659 2749 hoc
684 2658 812 2762 ipsis
840 2658 908 2743 ne
934 2658 1253 2753 respiciendi
1276 2673 1490 2746 quidem
1528 2666 1830 2723 facultatem
1876 2658 2046 2715 relin-

464 2789 597 2860 quit,
646 2752 817 2854 neque
866 2793 933 2836 eo
978 2752 1306 2835 revertendi,
1348 2764 1491 2821 unde
1539 2759 1867 2817 exciderant.
1909 2752 2045 2809 Nam

465 2845 747 2950 flagitiosa-
774 2874 865 2929 illa
925 2865 1176 2939 cogitatio
1221 2872 1486 2930 tamquam
1538 2855 1724 2925 jugum
1780 2845 2049 2920 quoddam

467 2974 698 3045 ligneum
723 2968 913 3023 anima:
936 2960 1131 3018 cervici
1158 2953 1464 3025 impositum
1496 2956 1547 3004 et
1569 2942 1893 3013 compellens
1915 2954 2051 2993 ocu-

468 3031 625 3122 losin
654 3072 847 3117 terram
892 3052 1192 3114 demittere,
1238 3043 1489 3115 prohibet
1535 3053 1603 3093 ne
1650 3035 1716 3089 ad
1766 3031 2050 3088 Dominum

467 3171 624 3213 suum
643 3150 911 3221 respiciat.
939 3147 1008 3200 At
1035 3142 1135 3197 viri
1155 3149 1236 3195 est
1252 3133 1496 3209 generosi
1522 3139 1578 3187 et
1595 3124 1915 3188 admirandi,
1947 3122 2052 3176 hu—

469 3246 697 3321 iusmodi
720 3245 917 3313 lignum
939 3245 1238 3298 conterere,
1258 3237 1312 3284 et
1327 3228 1568 3282 lictorem
1589 3221 1679 3293 qui
1707 3218 1758 3274 id
1779 3217 2052 3286 imposue-

471 3351 554 3396 rat
608 3347 895 3397 excutere,
945 3344 1007 3383 ac
1050 3325 1322 3397 praphetae
1364 3317 1524 3373 verba
1580 3311 1856 3384 proferre:
1920 3307 2054 3362 Nam

475 3437 621 3492 Sicut
663 3429 798 3485 oculi
838 3424 1038 3480 ancilla:
1079 3421 1131 3472 in
1169 3415 1398 3470 manibus
1429 3409 1647 3464 domina:
1669 3420 1793 3467 sum,
1823 3403 1896 3456 ita
1921 3399 2057 3455 oculi

473 3528 629 3586 nostri
674 3524 741 3578 ad
799 3519 1075 3575 Dominum
1140 3511 1303 3564 Deum
1362 3514 1630 3567 nostrum,
1682 3502 1840 3553 donec
1906 3494 2056 3547 mise-

474 3633 643 3681 rcatur
662 3617 837 3674 nostri.
880 3613 1118 3668 Miserere
1144 3605 1318 3670 nostri,
1349 3600 1581 3665 Domine,
1610 3595 1839 3650 miserere
1874 3588 2054 3655 nostri,

476 3713 593 3787 quia
605 3709 817 3765 multum
836 3702 1010 3773 repleti
1033 3714 1208 3755 sumus
1233 3692 1549 3764 despectione
1570 3686 1742 3758 (Psal.
1764 3683 1883 3739 122.
1903 3682 1963 3737 2.
1974 3681 2057 3751 3).

484 3773 578 3859 lla:
599 3815 727 3857 vere
755 3797 945 3853 divina:
966 3801 1087 3847 sunt
1115 3787 1433 3855 disciplinm,
1458 3790 1512 3837 et
1536 3792 1798 3848 suprema
1820 3773 2059 3844 philoso-

484 3895 622 3965 phiae
647 3893 912 3963 dogmata.
940 3883 1149 3955 Repleti
1172 3893 1377 3941 sumus,
1397 3874 1588 3945 inquit,
1612 3869 1976 3940 despectione,
2005 3873 2063 3921 et

481 3985 698 4044 infinitis
732 3979 987 4038 aerumnis
1002 3974 1180 4030 afflicti
1203 3980 1464 4027 :altamcn
1484 3968 1501 3997 ³
1516 3964 1583 4018 ad
1603 3964 1766 4018 Deum
1785 3959 2057 4027 reSpicere

484 4096 588 4134 non
612 4075 961 4135 cessabimus,
990 4082 1089 4123 nec
1116 4066 1273 4119 ﬁnem
1305 4057 1554 4131 precandi
1581 4054 1855 4116 faciemus,
1887 4048 2064 4103 donec

483 4169 742 4239 postulata
765 4162 903 4218 nacti
949 4157 1222 4213 fuerimus.
1251 4153 1361 4207 Hoc
1383 4157 1465 4203 est
1507 4147 1648 4201 enim
1697 4140 1856 4196 animi
1900 4154 2066 4210 gene-

486 4258 596 4313 rosi
641 4270 744 4311 non
789 4245 1149 4309 consternari,
1200 4255 1298 4296 nec
1331 4254 1361 4293 a
1387 4250 1483 4306 spe
1524 4229 1797 4288 deturbari
1843 4236 2066 4299 propter

486 4354 591 4407 vim
618 4346 1009 4402 calamitatum,
1039 4347 1213 4404 neque
1231 4329 1526 4392 discedere,
1569 4318 1776 4378 etiamsi
1824 4314 2066 4385 repetitis

740 4400 1144 4494 precibusinilni
1171 4413 1488 4474 impetrant,
1514 4404 1606 4456 sed
1628 4401 1872 4454 insistere
1892 4400 2064 4452 donec

497 4487 811 4581 misereatur
836 4510 1020 4575 nostri,
1049 4500 1490 4578 quemadmodum
1517 4496 1593 4550 ait
1614 4495 1801 4548 beatus
1831 4487 2015 4543 David.

563 4634 620 4688 2.
649 4632 929 4697 Propterea
960 4621 1101 4678 enim
1145 4613 1384 4670 diabolus
1420 4623 1518 4663 nos
1546 4607 1598 4661 in
1642 4604 1949 4671 desperatas
1975 4613 2068 4653 co-

495 4689 777 4797 gitationes
798 4714 984 4787 injicit,
1001 4719 1061 4765 ut
1101 4719 1252 4776 Spem
1278 4714 1403 4770 erga
1447 4698 1610 4751 Deum
1662 4689 2068 4762 praecidatur)-

496 4778 712 4871 Zhoram
744 4778 935 4876 nempe
962 4810 1124 4857 tutam
1160 4795 1388 4862 vitaeque
1412 4795 1606 4842 nostrae
1630 4778 2064 4841 sustentaculum,

496 4908 683 4961 ducem
714 4902 768 4956 in
794 4870 965 4951 via-ad
998 4889 1187 4947 Caelum
1219 4892 1418 4944 nostra,
1464 4877 1688 4933 salutem
1741 4870 2066 4943 perditarum

497 4999 810 5052 animarum.
841 4989 946 5058 Spe
964 4983 1116 5047 enim,
1156 4977 1343 5047 inquit,
1388 4972 1513 5028 salvi
1540 4970 1656 5041 facti
1683 4980 1858 5022 sumus
1886 4961 2065 5034 (Rom.

499 5091 551 5147 8.
577 5088 696 5156 2i).
744 5051 904 5146 llaec,
933 5078 1169 5144 inquam,
1214 5069 1330 5122 lucc
1364 5064 1512 5120 velut
1547 5071 1731 5114 catena
1762 5058 1785 5089 ³
1824 5054 1975 5109 fortis
1998 5051 2069 5107 de

498 5180 630 5236 caelo
654 5146 911 5247 pendens,
965 5167 1168 5223 animas
1219 5158 1446 5215 sustinet
1492 5163 1722 5214 nostras,
1768 5158 1822 5204 et
1862 5146 1929 5202 ad
1974 5160 2068 5200 ca-

499 5239 687 5328 cumen
713 5263 838 5321 illud
868 5259 1115 5332 paulatim
1165 5252 1329 5309 trahit
1377 5262 1491 5313 eos,
1521 5244 1612 5315 qui
1669 5242 1806 5296 hanc
1846 5239 2071 5294 ﬁrmiter

502 5369 703 5425 tenent,
733 5367 788 5413 et
835 5331 877 5410 ab
894 5349 1136 5422 procellis
1166 5345 1423 5400 malorum
1464 5335 1742 5409 praesentis
1782 5335 1905 5387 vine
1928 5331 2072 5385 abri»

502 5455 595 5524 pit.
619 5452 674 5506 Si
701 5447 818 5519 quis
846 5421 1004 5514 igitur
1027 5454 1135 5510 pra:
1179 5433 1401 5489 mollitie
1450 5429 1586 5483 hanc
1613 5439 1818 5480 sacram
1866 5421 2068 5475 ancho-

502 5514 613 5601 ram
630 5514 880 5602 dimittat,
903 5531 1080 5588 statim
1105 5525 1303 5583 decidit
1328 5531 1384 5578 et
1407 5519 1717 5579 sull'ocatur,
1747 5516 1799 5569 in
1819 5514 2069 5585 abyssum

504 5633 715 5691 malitiae
752 5628 1046 5683 demersus.
1073 5618 1223 5688 Quod
1251 5617 1272 5648 ³
1301 5630 1421 5670 cum
1473 5613 1606 5667 sciat
1657 5607 1921 5677 malignus
1959 5602 2072 5671 ille,

570 5793 586 5823 ¹
621 5786 817 5839 Savil.et
836 5792 963 5831 unus
978 5786 1115 5838 ueg.,
1138 5765 1511 5839 etiametiam
1525 5763 1601 5839 sic
1623 5758 1781 5839 positi.

567 5855 586 5885 ¹
619 5826 1155 5905 ἷιῖίίξιρόιῖιέε.
1180 5834 1378 5905 habent,
1415 5826 1539 5879 velut
1569 5831 1734 5905 auena
1756 5830 1924 5870 aurea.

568 5878 588 5947 ί
1406 5878 1538 5951 ωσι,
1560 5892 1805 5952 postquam
1820 5893 1902 5930 nos
1924 5878 2069 5939 ipsos.

1182 456 1237 511 S.
1278 447 1554 508 JOANNIS
1574 439 2046 501 CllllYSOSTOMl
2084 431 2404 494 ARCﬂlEP.
2440 422 2971 486 CONSTANTINOP.

3613 409 3719 466 280

2129 558 2408 620 postquam
2437 559 2538 600 nos
2590 542 2850 597 malorum
2899 546 3123 606 operum
3157 526 3484 587 conscientia
3537 539 3709 581 onera.

2130 653 2215 698 tos
2237 641 2425 703 sensit,
2453 639 2664 691 irruens
2704 643 2759 688 et
2786 632 2900 701 ipse
2926 623 3315 697 desperationis
3339 617 3716 691 cogitationem

2130 729 2349 802 plumbo
2396 725 2701 797 graviorem
2728 720 2999 783 immittit;
3025 729 3185 786 quam
3213 714 3260 767 si
3297 708 3718 779 susceperimus,

2132 836 2354 880 necesse
2380 828 2463 874 est
2484 815 2722 889 pondere
2768 812 2946 867 statim
2991 807 3205 863 avulsos
3229 813 3286 860 et
3332 818 3366 858 a
3405 811 3599 857 catena
3628 798 3721 853 illa

2132 915 2428 971 abstractos
2469 910 2522 965 in
2557 904 2879 979 profundum
2919 900 3181 956 malorum
3224 893 3474 966 deprimi,
3514 894 3569 947 in
3615 906 3724 964 quo

2132 1014 2190 1060 tu
2207 1018 2351 1059 nunc
2370 1000 2600 1057 versaris
2624 1014 2637 1053 :
2660 992 3085 1068 quandoquidem
3106 990 3309 1060 rejecto
3328 987 3470 1042 mitis
3484 994 3539 1040 et
3552 983 3727 1040 humi-

2134 1100 2202 1156 lis
2250 1096 2463 1154 Domini
2520 1093 2807 1154 mandato,
2843 1086 3074 1145 crudelis
3126 1084 3268 1140 illius
3319 1090 3479 1152 atque
3510 1076 3727 1151 tyranni

2148 1187 2601 1260 implacabilisque
2629 1183 2815 1239 salutis
2848 1191 3047 1236 nostrae
3081 1176 3281 1232 inimici
3337 1180 3601 1245 praecepta
3628 1185 3725 1225 ex-

2136 1281 2378 1354 sequeris
2405 1281 2603 1345 omnia,
2644 1274 2937 1346 suavijugo
2956 1272 3193 1341 dirupto.
3219 1268 3323 1325 levi
3361 1265 3568 1336 abiecto
3591 1277 3726 1318 one-

2138 1390 2217 1441 re,
2249 1371 2639 1443 circumpositis
2686 1368 2739 1423 in
2767 1367 2937 1423 vicem
2967 1364 3180 1418 illorum
3208 1358 3454 1415 vectibus
3483 1354 3674 1412 ferreis
3707 1368 3723 1419 ;

2140 1467 2465 1535 insuperque
2495 1461 2689 1516 molam
2725 1456 3012 1515 asinariam
3032 1470 3064 1509 a
3083 1453 3224 1508 collo
3249 1459 3340 1506 tuo
3380 1445 3726 1519 suspendisti.

2140 1558 2241 1615 Ubi
2260 1547 2400 1614 nunc
2415 1555 2644 1619 steteris,
2694 1561 2971 1623 postquam
3010 1547 3273 1603 infelicem
3316 1544 3549 1598 animam
3585 1552 3729 1595 tuam

2141 1649 2463 1711 demersisti,
2478 1661 2542 1702 ac
2563 1645 2655 1700 tibi
2671 1658 2790 1698 eam
2809 1639 3182 1697 necessitatem
3201 1634 3475 1698 induxisti,
3496 1643 3554 1687 ut
3569 1631 3729 1687 deor-

2142 1757 2261 1799 sum
2288 1754 2500 1809 semper
2524 1735 2709 1792 tendas
2724 1735 2747 1788 ?
2765 1732 2950 1788 Mulier
2969 1733 3146 1801 itaque
3168 1728 3256 1783 illa
3276 1741 3395 1798 qua:
3415 1723 3731 1781 drachmam

2142 1850 2302 1889 unam
2329 1832 2626 1895 invenerat,
2645 1829 2846 1881 vicinas
2871 1822 3167 1900 advocabat
3212 1818 3408 1873 laetitiae
3427 1830 3540 1873 sum
3559 1814 3729 1887 parti-

2145 1926 2295 1996 cipes
2322 1966 2339 1991 ,
2387 1921 2573 1977 dicens
2603 1938 2617 1973 :
2648 1913 3085 1988 Congratulamini
3130 1909 3293 1979 milti(
3320 1906 3450 1962 Luc.
3499 1905 3589 1961 15.
3625 1907 3656 1959 9
3684 1903 3731 1973 ).

2144 2019 2258 2089 Ego
2287 2030 2414 2070 vero
2433 2013 2638 2069 amicos
2649 2023 2842 2065 onmes
2881 2015 2936 2062 et
2951 2019 3099 2060 meos
3119 2010 3172 2057 et
3194 2011 3312 2056 tuos
3337 1998 3405 2054 ad
3433 2010 3549 2052 rem
3576 1995 3735 2066 plane

2146 2107 2467 2165 contrariam
2496 2118 2636 2160 nunc
2673 2098 2978 2157 convocabo
3010 2114 3024 2151 :
3052 2110 3151 2151 nec
3178 2094 3350 2149 dicam
3385 2108 3398 2144 :
3427 2089 3733 2159 Congratu-

2148 2203 2328 2261 lamini
2378 2196 2699 2266 mihi;sed:
2742 2195 2941 2265 Lugete
2989 2205 3222 2251 mecum,
3269 2182 3734 2253 eumdemquelu—

2148 2305 2291 2351 ctum
2352 2293 2640 2353 assumite,
2669 2296 2725 2343 et
2776 2283 3103 2341 lanientabili
3153 2281 3427 2336 nobiscum
3460 2291 3589 2332 voce
3624 2275 3737 2328 cla.

2149 2393 2312 2441 male.
2337 2384 2640 2439 Extremam
2661 2379 2857 2450 quippe
2878 2376 3138 2447 jacturam
3167 2371 3429 2434 fecimus;
3460 2382 3566 2422 non
3586 2363 3734 2436 quod

2152 2487 2230 2534 tot
2263 2485 2318 2533 et
2339 2483 2417 2531 tot
2440 2476 2553 2529 auri
2578 2473 2772 2527 talenta
2803 2485 2835 2524 e
2858 2467 3102 2523 manibus
3122 2462 3438 2524 exciderint,
3468 2472 3567 2514 nec
3590 2454 3735 2526 quod

2150 2585 2341 2642 magna
2380 2570 2461 2624 vis
2506 2566 2740 2635 lapidum
2767 2562 3165 2633 pretiosorum;
3204 2555 3298 2611 sed
3345 2552 3485 2624 quod
3522 2551 3601 2605 vir
3653 2549 3742 2604 his

2152 2665 2402 2720 omnibus
2428 2658 2734 2732 pretiosior,
2760 2655 2853 2726 qui
2894 2655 2948 2708 in
2990 2653 3089 2706 hoc
3137 2663 3329 2721 magno
3353 2657 3408 2703 et
3434 2645 3739 2700 vastissimo

2155 2758 2289 2812 mari
2318 2755 2594 2809 nobiscum
2621 2748 2921 2815 navigabat,
2948 2744 3128 2800 nescio
3144 2758 3250 2813 quo
3269 2748 3424 2809 pacto
3448 2749 3735 2802 excussus,

2156 2851 2209 2904 in
2238 2849 2407 2918 ipsum
2437 2842 2691 2915 perniciei
2718 2838 3035 2911 profundum
3053 2832 3336 2890 deciderit.

2226 2944 2280 2997 5.
2305 2939 2459 3009 Quod
2478 2938 2522 2991 si
2549 2935 2641 3007 qui
2668 2949 2754 2989 me
2776 2949 2807 2986 a
2833 2932 2975 2985 luctu
3001 2927 3265 2983 abducere
3282 2920 3619 2984 tentaverint,
3643 2934 3739 2973 eos

2157 3035 2304 3089 hisee
2324 3031 2598 3103 propheta:
2618 3025 2796 3081 verbis
2837 3023 3077 3091 alloquar
3104 3036 3120 3073 :
3147 3015 3400 3070 Dimittite
3440 3028 3538 3078 me,
3566 3024 3745 3063 amare

2157 3128 2286 3199 ﬂebo
2377 3139 2441 3177 ne
2465 3122 2566 3176 vim
2619 3117 2818 3191 faciatis
2839 3115 2908 3169 ad
2944 3109 3314 3167 consolandum
3340 3105 3461 3178 me(
3490 3103 3623 3158 lsai.
3641 3101 3736 3156 2‘2.

2157 3195 2250 3293 λ).
2303 3219 2484 3288 Neque
2525 3215 2667 3270 enim
2698 3210 2793 3266 tali
2838 3209 2981 3263 luctu
3026 3217 3167 3258 nunc
3193 3199 3418 3265 afﬁcior,
3448 3197 3539 3268 qui
3584 3195 3745 3262 mihi,

2159 3313 2300 3386 quod
2327 3287 2705 3367 immoderatus
2726 3303 2815 3366 sit,
2846 3298 2975 3353 vitio
3016 3294 3151 3350 verti
3186 3291 3383 3363 possit;
3409 3288 3502 3344 sed
3529 3287 3747 3358 qualem

2159 3423 2261 3463 nec
2277 3404 2519 3464 Paulum,
2551 3412 2650 3453 nec
2675 3395 2911 3457 Petrum,
2938 3388 3084 3445 omni
3121 3383 3490 3441 consolatione
3519 3378 3748 3449 rejects,

2160 3510 2435 3554 assumere
2457 3490 2749 3563 puduisset.

2234 3560 2549 3659 Deplorandi
2575 3580 2659 3652 qui
2709 3579 2764 3632 in
2810 3571 3025 3646 peccatis
3058 3577 3338 3624 versantur.
3372 3593 3443 3605 -—
3470 3560 3749 3632 Siquidem

2163 3701 2278 3748 eos,
2297 3654 2386 3753 qui
2408 3679 2546 3733 hanc
2566 3683 2902 3729 communem
2924 3673 3150 3720 mortem
3171 3661 3471 3731 deplorant,
3484 3657 3605 3727 jure
3621 3654 3747 3725 quis

2163 3778 2339 3851 pusilli
2362 3772 2522 3828 animi
2553 3765 2787 3838 arguerit
2816 3782 2829 3817 :
2859 3758 3071 3832 quando
3115 3764 3293 3810 autem
3346 3751 3462 3806 vice
3500 3746 3746 3817 corporis

2165 3874 2339 3927 anima
2361 3872 2621 3937 prostrata
2636 3861 2778 3929 jacet
2801 3862 3030 3917 mortua,
3055 3845 3346 3903 innumeris
3358 3841 3603 3898 confossa
3624 3836 3741 3892 vul-

2166 3962 2403 4023 neribus,
2423 3967 2478 4011 et
2503 3954 2554 4008 in
2599 3952 2710 4022 ipsa
2736 3947 2896 4002 etiam
2928 3950 3097 3996 morte
3115 3935 3349 4008 pristina:
3401 3932 3591 3988 indolis
3606 3929 3746 3998 optio

2167 4052 2330 4114 mm‘,
2362 4018 2677 4102 valetudinis
2716 4035 3018 4109 praeteritae,
3066 4029 3449 4095 exstincueqite
3503 4018 3745 4092 pulchri

2168 4145 2366 4202 tudinis
2394 4142 2545 4211 signa
2571 4133 2803 4207 pra-fort,
2829 4128 2948 4199 quis
2963 4136 3070 4179 tam
3099 4119 3345 4177 immanis
3368 4127 3623 4173 etsensus
3642 4129 3745 4168 ex-

2168 4251 2312 4307 pers,
2331 4234 2422 4303 qui
2446 4207 2562 4300 'pro
2580 4224 2864 4296 gemitibus
2886 4213 3195 4287 etlacrymis
3223 4207 3600 4266 consolationis
3624 4218 3745 4259 ver-

2169 4298 2529 4397 baprol‘erat?
2565 4309 3026 4397 Quemadmodum
3067 4304 3208 4397 enim
3246 4301 3368 4397 illic
3387 4315 3495 4397 non.
3539 4298 3746 4365 lugere,

2167 4378 2238 4464 ἶιρ
2256 4378 2546 4469 rlticlugere
2577 4378 3001 4466 plttlosnplticuut
3029 4395 3131 4440 est.
3159 4382 3262 4450 Qui
3303 4379 3372 4435 ad
3404 4378 3587 4432 caelum
3616 4391 3723 4445 per-

2166 4502 2404 4554 venerat,
2422 4466 2513 4559 qui
2543 4489 2665 4541 vita:
2710 4483 2991 4536 vanitatem
3042 4473 3336 4537 deridebat,
3382 4470 3473 4541 qui
3510 4466 3738 4522 formam

2168 4596 2452 4654 corporum
2482 4576 2699 4649 perinde
2735 4583 2893 4643 atque
2933 4568 3135 4638 lapidea
3166 4563 3450 4620 simulacra
3480 4557 3740 4628 respicie-

2171 4650 2281 4738 bat,
2312 4674 2402 4744 qui
2444 4684 2630 4725 aurum
2671 4666 2819 4737 quasi
2856 4664 3059 4725 lutum,
3098 4657 3318 4713 delicias
3359 4667 3544 4707 omnes
3583 4650 3742 4720 quasi

2171 4742 2385 4824 omnum
2435 4757 2811 4818 contemnebat
2851 4756 2918 4806 ’τ
2960 4752 3048 4806 hic
3101 4750 3390 4816 derepente
3442 4742 3568 4798 febri
3615 4756 3743 4795 cor-

2172 4867 2358 4928 reptus
2399 4853 2614 4911 insulsa:
2653 4842 3116 4915 concupiscemus,
3148 4835 3507 4892 valetudinem
3530 4873 3551 4899 ,
3578 4831 3748 4886 rohur

2171 4963 2226 5007 et
2267 4952 2500 5020 speciem
2539 4957 2750 5000 omnem
2795 4935 3054 5009 perdidit,
3088 4931 3525 4999 voluptatumque
3553 4938 3747 4978 servus

2173 5048 2396 5105 ell‘ectus’
2438 5052 2542 5099 est.
2586 5040 2777 5095 Annon
2821 5036 2960 5088 hunc
2996 5025 3428 5098 deplorabimus,
3468 5019 3554 5074 dic
3591 5015 3748 5081 mihi,

2175 5153 2355 5199 annon
2399 5132 2726 5205 lugebimus,
2771 5127 2941 5181 donec
2965 5136 3086 5178 eum
3117 5111 3538 5186 recuperemus?
3585 5111 3664 5163 An
3702 5110 3755 5160 i.|

2177 5227 2392 5286 humani
2432 5232 2574 5281 esset
2610 5217 2815 5276 animi?
2862 5213 3073 5270 Etenim
3116 5209 3304 5263 mortis
3333 5217 3601 5273 corporea:
3660 5201 3730 5252 de.

2177 5323 2397 5380 structio
2424 5318 2509 5373 hic
2535 5312 2757 5371 inveniri
2785 5307 2986 5379 nequit,
3021 5318 3195 5373 neque
3222 5311 3397 5360 tamen
3426 5296 3477 5351 id
3504 5295 3665 5363 lugcn
3682 5301 3761 5342 ιω

2241 5621 2258 5652 ι
2291 5615 2422 5664 colb.
2444 5623 2569 5662 unus
2597 5609 2719 5663 loco.
2740 5586 2916 5655 indolis
2935 5597 3140 5664 optume,
3162 5595 3343 5664 habet,’
3372 5585 3754 5664 venustatis;

2176 5679 2258 5730 vil.
3168 5644 3282 5720 pro,
3537 5644 3727 5712 optime!
3746 5681 3761 5693 .

2176 5720 2388 5802 tit-«irque
2403 5720 2547 5802 enim
2563 5720 2918 5802 sensusgraece
2941 5738 3069 5802 pene
3091 5720 3219 5802 idem

2241 5767 2541 5849 ἶ,
2557 5767 3152 5856 Ei'li’uiu‘iei'ii'ss'fu'erei.
3188 5780 3353 5834 habet.
3377 5787 3459 5839 qus
3480 5767 3752 5828 deridebat,

2177 5877 2336 5917 minus
2356 5869 2503 5913 recte.
