4096 6392
364 306 463 363 981

360 419 611 491 ἀφανίσαι
642 418 881 474 δυνατόν·
919 417 1021 473 Ἐν
1042 417 1150 488 γὰρ
1175 418 1257 483 τῷ
1279 418 1415 487 ᾄδῃ,
1444 419 1597 490 φησὶ,
1628 419 1720 485 τίς
1746 417 2026 487 ἐξομολο-

357 502 609 573 γήσεται
639 516 776 566 σοι;
812 500 937 565 Πῶς
972 496 1064 554 οὖν
1092 501 1154 554 οὐ
1197 500 1401 571 πολλῆς
1429 500 1683 571 βλακείας
1732 502 1867 558 ἐστὶ.
1901 501 2027 563 τοὺς

361 587 461 657 μὲν
473 584 563 638 τὸν
593 584 689 639 τοῦ
722 585 970 657 σώματος
990 584 1215 639 θάνατον
1245 584 1573 648 πενθοῦντας
1584 582 1727 638 οὕτω
1741 583 1984 655 σφοδρῶς
1998 595 2026 623 ι

353 668 515 723 τοῦτο
552 672 743 735 ποιεῖν,
775 669 1060 724 καὶταῦτα
1090 669 1297 733 είδότας
1324 669 1408 723 ὄτι
1428 669 1528 722 ούκ
1555 669 1915 740 άναστήσουσι
1935 667 2028 721 τὸν

357 751 608 823 κείμενον
648 755 759 816 τοῖς
800 752 1053 824 ὀδυρμοῖς
1073 770 1085 780 ·
1124 755 1273 824 ἡμᾶς
1288 751 1346 804 δέ
1375 752 1546 823 μηδὲν
1572 752 1812 805 τοιοῦτον
1840 750 2030 804 ἐπιδεί-

358 834 608 898 κνυσθαι,
645 834 930 889 καὶταῦτα
958 836 1354 907 ἐπισταμένους
1378 838 1459 890 ὃτι
1487 836 1744 900 πολλάκις
1768 835 1915 889 ἐστὶν
1941 833 2027 886 ἐλ-

359 919 453 983 πὶς
477 918 574 989 τὴν
601 917 938 972 ἀπολωλυῖαν
968 918 1144 990 ψυχὴν
1165 920 1245 983 είς
1257 919 1356 991 τὴν
1381 920 1653 991 προτέραν
1686 919 1831 991 ζωὴν
1859 918 2026 970 ἐπαν-

358 1004 618 1070 αγαγεῖν;
663 1000 854 1053 Πολλοὶ
884 1001 991 1071 γὰρ
1018 1001 1113 1055 καὶ
1141 1000 1236 1054 νῦν
1272 1003 1367 1056 καὶ
1408 1003 1500 1056 ἐπὶ
1547 1002 1656 1055 τῶν
1685 1000 1963 1073 προγόνων
1999 1000 2026 1040 b

356 1083 466 1136 τῶν
480 1082 761 1154 ἡμετέρων
782 1084 847 1136 ἐκ
889 1084 988 1153 τῆς
1034 1083 1199 1155 ὀρθῆς
1223 1085 1647 1156 περιτραπέντες
1670 1083 1909 1146 στάσεως
1936 1082 2028 1135 καὶ

358 1167 423 1219 ἐκ
443 1166 542 1236 τῆς
569 1165 1078 1236 ἐστενοχωρημένης
1114 1165 1684 1236 κατακρημνισθέντες
1713 1163 1857 1224 ὀδοῦ.
1883 1162 2028 1217 οὕτω

356 1248 705 1317 διανέστησαν
718 1247 897 1312 πάλιν,
926 1247 1002 1311 ὡς
1028 1246 1344 1317 ἀποκρύψαι
1367 1250 1479 1310 τοῖς
1495 1247 1765 1317 δευτέροις
1794 1246 1864 1298 τά
1895 1244 2029 1317 πρό-

355 1346 511 1401 τερα.
545 1330 640 1383 καὶ
670 1329 732 1382 τὸ
770 1328 1021 1400 βραϐεῖον
1063 1328 1266 1390 λαϐεῖν,
1307 1329 1401 1383 καὶ
1433 1330 1525 1382 τὸν
1555 1328 1818 1398 στέφανον
1837 1326 2029 1397 ἀναδή-

359 1411 573 1477 σασθαι,
608 1411 701 1465 καὶ
735 1410 871 1481 μετά
907 1410 1016 1464 τῶν
1039 1410 1312 1465 νικώντων
1326 1411 1787 1483 ἀνακηρυχθῆναι,
1817 1410 1912 1463 καὶ
1948 1411 2027 1471 εἰς

355 1494 448 1547 τὸν
468 1493 576 1546 τῶν
597 1492 764 1562 ἁγίων
789 1490 1157 1564 ἀριθμηθῆναι
1178 1492 1360 1563 χόρον.
1374 1492 1518 1557 Ἕως
1543 1493 1643 1563 μέν
1665 1492 1773 1563 γὰρ
1800 1491 1866 1545 ἂν
1883 1493 1942 1544 ἐν
1958 1493 2026 1561 τῇ

355 1576 574 1647 καμίνῳ
598 1591 680 1638 τις
705 1576 909 1646 ἑστήκῃ
924 1585 946 1613 ο
969 1573 1076 1626 τῶν
1098 1573 1323 1643 ἡδονῶν,
1344 1573 1445 1627 κᾶν
1469 1574 1637 1644 μυρία
1658 1572 1880 1627 τοιαῦτα
1905 1572 2029 1625 ὑπο-

355 1658 624 1729 δείγματα
666 1656 784 1729 ἐχῃ,
810 1656 1069 1710 ἀδύνατον
1123 1656 1273 1728 αύτῷ
1308 1656 1369 1709 τὸ
1405 1658 1636 1728 πρᾶγμα
1679 1651 1818 1708 εἶναι
1847 1653 2023 1707 δοκεῖ·

356 1741 422 1796 ἂν
453 1741 511 1795 δέ
543 1740 716 1812 ἀρχὴν
760 1739 1025 1811 βραχεῖαν
1066 1740 1225 1812 μόνον
1276 1738 1417 1812 λάϐῃ
1446 1739 1547 1809 τῆς
1581 1736 1789 1792 ἐκεῖθεν
1824 1736 2025 1804 ἐξόδου,

358 1824 562 1898 προῖὼν
588 1823 755 1878 ἀεὶτὸ
785 1824 882 1895 μὲν
898 1824 1252 1895 σφοδρότερον
1275 1822 1369 1877 τοῦ
1384 1822 1552 1895 πυρὸς
1574 1824 1797 1875 κατόπιν
1814 1822 2026 1891 ἀφίησι,

356 1906 426 1959 τὰ
456 1906 511 1959 δὲ
530 1904 837 1977 ἔμπροσθεν
858 1906 951 1959 καὶ
985 1905 1090 1976 πρὸ
1120 1905 1228 1958 τῶν
1261 1904 1439 1959 ποδῶν
1474 1903 1664 1975 δρόσου
1695 1905 1787 1957 καὶ
1827 1903 2028 1974 πολλῆς

356 1988 595 2059 γέμοντα
624 1990 724 2058 τῆς
744 1987 993 2051 εὐκολίας
1016 1986 1224 2056 ὄψεταιο
1260 1987 1417 2059 μόνον
1436 1987 1510 2058 μὴ
1531 1986 1875 2057 ἀπογνῶμεν,
1895 1984 2027 2057 μηδὲ

357 2067 823 2139 ἁπαγορεύσωμεν
857 2068 959 2139 τὴν
991 2067 1248 2122 ἐπάνοδον
1267 2084 1281 2099 ο
1304 2069 1334 2121 6
1355 2067 1465 2140 γὰρ
1486 2067 1643 2121 τοῦτο
1686 2066 1895 2132 παθὼν,
1925 2067 2029 2121 κᾶν

360 2150 557 2222 μυρίαν
577 2151 731 2220 ἰσχὺν
750 2150 843 2203 καὶ
864 2149 1171 2221 προθυμίαν
1187 2145 1599 2222 κεκτημένοςῇ,
1630 2149 1807 2220 μάτην
1832 2150 2029 2220 κέκτη-

354 2248 466 2286 ται.
493 2231 604 2303 Τὴν
626 2231 735 2305 γὰρ
777 2230 946 2303 θύραν
969 2231 1299 2295 ἀποκλείσας
1338 2230 1485 2297 ἅπαξ
1527 2229 1707 2302 ἐαυτῷ
1730 2231 1828 2300 τῆς
1866 2246 2029 2301 μετα-

355 2314 527 2380 νοίας,
555 2314 650 2367 καὶ
678 2312 777 2385 τὴν
806 2315 885 2376 εἰς
922 2312 983 2367 τὸ
1028 2313 1241 2367 στάδιον
1274 2312 1476 2366 είσοδον
1508 2312 1879 2383 ἀποτειχίσας,
1912 2314 2029 2376 πῶς

353 2396 640 2467 δυνήσεται
666 2394 770 2460 ἔξω
798 2395 972 2465 μένων
1000 2394 1033 2466 ἢ
1062 2395 1255 2465 μικρὸν
1284 2393 1317 2465 ἢ
1351 2394 1492 2466 μέγα
1522 2395 1856 2466 ἐργάσασθαι
1894 2395 2030 2463 ἀγα-

355 2475 449 2532 θόν
470 2477 498 2517 ά
523 2494 536 2542 ;
570 2476 670 2530 Διά
692 2476 849 2529 τοῦτο
870 2478 1046 2530 πάντα
1077 2477 1381 2547 μηχανᾶται
1404 2478 1432 2529 6
1460 2476 1711 2547 πονηρὸς,
1734 2476 1823 2529 ἵνα
1842 2476 2029 2531 τοῦτον

355 2561 556 2632 ἐνήμῖν
582 2557 825 2632 φυτεύσῃ
849 2558 940 2612 τὸν
965 2558 1361 2629 λογισμόνοούκ
1388 2557 1469 2611 ἐτι
1501 2558 1608 2630 γὰρ
1622 2558 1769 2630 αύτῷ
1791 2558 2029 2632 ἱδρώτων

354 2643 534 2713 δεήσει
563 2640 655 2693 καὶ
705 2640 881 2694 πόνων
932 2639 1068 2710 πρὸς
1092 2642 1191 2710 τὴν
1236 2639 1511 2711 ἡμετέραν
1541 2641 1879 2695 ἀντίστασινο
1910 2642 2031 2707 πῶς

354 2725 488 2797 γάρ,
517 2723 626 2777 τῶν
648 2722 918 2793 κειμένων
946 2723 1040 2776 καὶ
1070 2724 1436 2777 πεπτωκότων
1486 2724 1584 2778 καὶ
1623 2724 1900 2795 ἀνταίρειν
1931 2727 2030 2780 οὐκ

355 2807 644 2863 ἐθελόντων
668 2804 846 2875 αὑτῷ;
872 2806 929 2857 '0
958 2805 1057 2875 μὲν
1077 2805 1186 2875 γὰρ
1205 2804 1394 2859 τοῦτον
1414 2805 1660 2878 δυνηθεὶς
1677 2806 1918 2861 διαδῦναι
1939 2808 2031 2861 τὸν

355 2890 553 2962 δεσμὸν
567 2888 649 2961 [5]
669 2888 764 2941 καὶ
792 2886 890 2959 τὴν
922 2888 1075 2957 ἰσχὺν
1103 2888 1467 2959 ἀνακτήσεται
1490 2891 1590 2960 τὴν
1618 2889 1919 2954 αύτοῦ,καὶ
1951 2893 2032 2956 είς

357 2974 591 3045 ἐσχάτας
624 2973 684 3026 οὐ
716 2972 984 3025 παύσεται
1012 2971 1162 3042 αὐτῷ
1196 2970 1441 3027 παλαίων
1490 2973 1784 3039 ἀναπνοὰς,
1818 2972 1922 3028 κᾶν
1950 2975 2032 3039 είς

362 3057 529 3128 μυρία
549 3056 682 3110 ἄλλα
706 3056 845 3126 πέσῃ
874 3054 1164 3125 πτώματα,
1180 3055 1544 3125 ἀναστήσεται
1571 3054 1751 3118 πάλιν,
1777 3058 1871 3110 καὶ
1902 3073 2032 3126 συγ-

358 3139 513 3209 κόψει
545 3138 635 3192 τὸν
667 3136 888 3209 ἐχθρόν’
919 3137 948 3189 6
980 3137 1037 3189 δέ
1068 3139 1179 3200 τοῖς
1205 3137 1304 3208 τῆς
1349 3135 1713 3205 ἀπογνώσεως
1739 3137 1915 3202 δεθεὶς
1946 3139 2032 3192 λο-

357 3225 596 3294 γισμοῖς,
629 3223 723 3274 κα)⁵
746 3221 845 3291 τὴν
874 3219 1025 3289 ίσχὺν
1054 3218 1371 3291 παραλύσας
1395 3220 1492 3291 τὴν
1517 3220 1704 3285 αὑτοῦ,
1734 3220 1849 3286 πῶς
1872 3222 2033 3292 δυνή-

361 3321 513 3357 σεται
541 3301 923 3374 περιγενέσθαι
954 3300 1048 3354 καὶ
1077 3302 1415 3371 ἀντιστῆναι,
1454 3302 1762 3369 ἐξεναντίας
1812 3303 2029 3373 φυγών;

429 3388 493 3443 6'.
515 3388 557 3439 K
568 3387 624 3440 al.
648 3387 725 3458 μή
747 3403 834 3458 μοι
850 3385 975 3449 τοὺς
992 3384 1145 3454 ὀλίγα
1163 3384 1551 3457 ἡμαρτηκότας
1566 3385 1742 3458 εἴπῃς,
1763 3386 1876 3439 ἀλλ’
1892 3386 2032 3440 ἔστω

355 3486 442 3533 τις
476 3471 655 3539 πάσης
695 3467 891 3529 κακίας
939 3466 1264 3538 ἀνάμεστος,
1291 3467 1386 3521 καὶ
1419 3468 1597 3521 πάντα
1630 3469 1917 3539 πραττέτω
1963 3469 2034 3523 τά

357 3550 712 3609 ἀποκλείοντα
735 3550 831 3619 τῆς
856 3549 1129 3621 βασιλείας
1152 3549 1439 3616 αὐτὸν,κα“ι
1456 3546 1609 3613 οὗτος
1632 3551 1705 3621 μὴ
1720 3551 1828 3603 τῶν
1853 3551 1912 3615 ἐξ
1933 3552 2033 3623 ἀρ-

286 3676 294 3683 .
358 3634 462 3707 χῆς
481 3635 742 3698 ἀπίστων,
765 3631 898 3686 ἀλλά
924 3632 1030 3691 τῶν
1066 3631 1294 3697 πιστῶν,
1325 3633 1417 3686 καὶ
1460 3633 1906 3705 εύηρεστηκότων
1953 3634 2033 3706 τῷ

359 3716 479 3786 Θεῷ
504 3714 766 3786 πρότερον
797 3712 893 3780 ῶν,
927 3712 1151 3785 ὕστερον
1169 3712 1403 3783 γινέσθω
1429 3713 1646 3785 πόρνος,
1682 3715 1885 3786 μοιχὸς,
1931 3734 2035 3788 μα-

358 3797 544 3862 λακδς,
563 3798 815 3867 κλέπτης,
841 3795 1095 3869 μέθυσος,
1124 3797 1526 3869 ἀρσενοκοίτης,
1555 3797 1820 3870 λοίδορος,
1845 3801 1939 3853 καὶ
1963 3801 2034 3855 τά

359 3882 495 3941 ἄλλα
513 3884 582 3935 τά
613 3892 636 3918 ε
669 3881 877 3944 τούτοις
904 3881 1093 3951 ὃμοια⁸
1134 3881 1256 3934 ούδέ
1294 3882 1402 3952 γὰρ
1429 3881 1616 3935 τοῦτον
1638 3882 1748 3952 ἐγὼ
1781 3884 2035 3950 ἀποδέξο-

367 3983 466 4038 μαι
512 3963 955 4033 ἀπογινώσκοντα
1014 3962 1204 4016 ἐαυτοῦ
1238 3962 1282 4028 ί,
1329 3963 1430 4017 κᾶν
1467 3966 1546 4027 είς
1596 3963 1822 4035 ἔσχατον
1856 3970 2033 4039 γῆρας

363 4050 531 4119 ἐλάσῃ
567 4046 701 4119 μετά
726 4046 823 4116 τῆς
839 4046 1047 4116 ἀφάτου
1072 4048 1167 4104 καὶ
1192 4044 1523 4117 τηλικαύτης
1560 4048 1778 4111 κακίας.
1824 4048 1886 4101 El
1934 4049 2033 4120 μέν

362 4134 472 4204 γὰρ
503 4131 671 4194 πάθος
706 4125 774 4201 ἦν
811 4131 844 4200 ή
881 4130 1019 4202 ὀργὴ
1038 4130 1131 4185 τοῦ
1156 4129 1317 4192 Θεοῦ,
1352 4129 1531 4193 καλῶς
1571 4129 1637 4183 ἄν
1679 4147 1762 4195 τις
1788 4132 2030 4201 ἀπέγνω,

359 4217 436 4281 ὼς
460 4215 521 4268 ού
552 4214 843 4283 δυνάμενος
878 4213 1178 4289 σϐέσαιτὴν
1197 4212 1391 4282 φλόγα,
1413 4213 1480 4284 ἢν
1509 4213 1598 4268 διά
1628 4213 1737 4267 τῶν
1767 4216 2033 4271 τοσούτων

361 4300 536 4370 ἀνῆψε
558 4299 760 4353 κακῶν·
780 4297 1035 4369 ἐπειδὴδὲ
1049 4296 1253 4359 ἀπαθὲς
1269 4297 1328 4355 τὸ
1339 4296 1489 4349 Θεῖόν
1517 4296 1655 4362 ἐστι,
1680 4295 1783 4352 κᾶν
1806 4298 2030 4375 κολάζῃ,

362 4382 464 4437 κάν
486 4381 811 4454 τιμωρῆται,
858 4380 918 4433 ού
952 4379 1067 4451 μετ’
1113 4380 1285 4450 ὀργῆς
1326 4379 1486 4432 τοῦτο
1512 4382 1674 4444 ποιεῖ,
1722 4380 1859 4434 ἀλλά
1894 4383 2034 4452 μετά

360 4465 684 4537 κηδεμονίας
712 4465 805 4518 καὶ
830 4463 1016 4533 φιλανθ
1028 4465 1234 4536 ρωπίας
1260 4463 1486 4536 πολλῆς·
1518 4464 1597 4521 διὸ
1616 4466 1642 4507 8
1666 4465 1868 4539 σφόδρα
1899 4464 2034 4537 θαρ-

363 4552 477 4618 ρεῖν
507 4549 631 4621 χρὴ,
650 4549 744 4601 καὶ
782 4547 1095 4601 πεποιθέναι
1110 4550 1177 4620 τῇ
1206 4548 1305 4619 τῆς
1334 4549 1625 4618 μετανοίας
1644 4549 1891 4618 δυνάμει.
1925 4549 2035 4610 Καὶ

361 4632 471 4702 γὰρ
484 4635 595 4696 τοῖς
616 4633 695 4695 είς
712 4632 873 4686 αὑτὸν
896 4632 1271 4702 ἡμαρτηκόσιν
1293 4632 1353 4684 οὐ
1381 4630 1447 4684 δι’
1470 4632 1661 4688 ἐαυτὸν
1689 4632 1880 4686 εἴωθεν
1933 4633 2032 4686 ἐπ-

362 4714 680 4785 εξέρχεσθαι
700 4731 712 4744 ·
743 4714 968 4784 οὐδεμία
996 4714 1104 4784 γάρ
1133 4716 1212 4771 είς
1242 4713 1340 4785 τὴν
1361 4714 1523 4785 φύσιν
1540 4716 1754 4787 ἐκείνην
1771 4715 2033 4769 διαϐαίνει

366 4797 559 4867 βλάϐη·
595 4796 733 4850 ἀλλά
765 4797 901 4867 πρὸς
933 4797 992 4850 τὸ
1027 4796 1303 4870 συμφέρον
1336 4800 1464 4868 ήμῖν
1492 4798 1729 4863 σκοπῶν,
1766 4798 1861 4851 καὶ
1896 4799 2033 4871 ὑπὲρ

365 4879 459 4933 τοῦ
496 4881 570 4952 μὴ
599 4882 816 4952 χείρονα
851 4881 1103 4945 γενέσθαι
1143 4880 1240 4951 τὴν
1261 4879 1589 4953 διαστροφὴν
1620 4882 1719 4954 τὴν
1762 4881 2034 4959 ἡμετέραν

370 4963 715 5034 μελετώντων
737 4964 900 5018 αὐτοῦ
920 4966 1278 5035 καταφρονεῖν
1312 4965 1408 5019 καὶ
1449 4966 1740 5037 ύπερορᾷν.
1771 4964 2034 5035 Καθάπερ

431 5114 458 5178 ξι
481 5113 617 5178 Unus
634 5115 785 5165 habet
801 5115 1146 5178 σφοδροτέρως,
1168 5118 1224 5162 ut
1249 5119 1303 5163 et
1325 5113 1475 5178 Sayil.

429 5175 459 5214 ιι
488 5174 559 5223 lla
578 5176 729 5229 Savil.
754 5182 806 5224 et
827 5174 1282 5238 l'res'mauuscripli.
1308 5176 1490 5227 melius
1511 5189 1655 5237 quam
1676 5176 1850 5226 Morel.
1877 5181 1932 5226 et
1950 5174 2035 5226 alii

368 5239 449 5287 καὶ
485 5238 539 5301 ἐκ
562 5241 657 5301 τῶν
678 5237 938 5301 προγόνων.
963 5237 1072 5301 Mox
1095 5237 1282 5301 aliqum.
1300 5251 1412 5285 mss.
1437 5240 1703 5301 τραπέντες.

437 5301 459 5329 ο
489 5299 653 5365 Μυιιιί.
678 5298 828 5365 ὶιέὼεῐ
851 5300 940 5365 Eo);
965 5300 1166 5365 μὲν-γὰρ
1180 5298 1227 5346 ἐν
1253 5304 1318 5365 τῇ.
1337 5298 1521 5365 καμίνῳ
1540 5315 1609 5354 τις
1630 5300 1817 5365 ἔστηκε.
1842 5298 2037 5348 Rescri-

437 5315 458 5329 "
490 5315 653 5346 MUIILI.
680 5315 828 5348 naue:
851 5315 940 5354 εως
965 5315 1046 5361 μεν
1066 5315 1227 5409 γαῖἑν
1253 5315 1311 5408 Ἓ
1337 5315 1521 5365 καμίνῳ
1540 5315 1609 5354 τις
1630 5315 1817 5356 εστηκε.
1843 5315 2036 5348 "€80"-

370 5367 579 5429 psgrunt.
600 5362 798 5421 ἑστήκῃ,
824 5360 1110 5429 adjgclodv,
1207 5373 1269 5409 ne
1306 5359 1470 5429 ictiqu
1492 5362 1717 5407 secundae
1741 5360 2036 5429 odilolestp

367 5420 547 5483 ﬁnibus
568 5423 692 5470 hanc
710 5420 1066 5483 correctionem
1085 5429 1378 5471 mutuamur.
1407 5421 1515 5470 Mox
1538 5435 1664 5470 unus
1682 5422 1788 5471 cod.
1815 5427 1867 5470 et
1882 5420 2031 5472 Savil.

369 5482 451 5533 ἐὰν
476 5485 526 5531 δὲ
548 5484 700 5531 λάϐοι.
734 5482 869 5531 Enn.
895 5484 1102 5531 PATROL.

437 5543 464 5583 ἀ
494 5544 690 5605 ’Λγαθὸν
713 5544 856 5591 deest
876 5545 929 5592 in
950 5543 1240 5605 quibusdam
1262 5557 1378 5593 mss.

436 5614 461 5642 ο
486 5606 620 5655 Unus
639 5608 720 5654 καὶ
749 5606 809 5653 τὰ
831 5605 951 5654 ἄλλα
971 5606 1124 5653 πάντα
1136 5605 1212 5653 τά.

440 5668 455 5705 ῐ
484 5670 565 5729 Sic
604 5670 753 5729 savii.
781 5673 834 5716 el
869 5668 1055 5727 aliquot
1080 5680 1191 5714 mss.
1219 5665 1390 5716 Morel.
1436 5666 1824 5729 ἀπογινώσκοντα
1842 5667 1902 5716 τὰ
1922 5669 2032 5716 ἑαυ-

370 5730 474 5779 τοῦ.
502 5727 611 5793 Mox
634 5728 768 5793 Colh.
792 5742 923 5793 unus_
956 5728 1074 5793 μετά
1094 5733 1195 5793 τῆς
1218 5728 1461 5793 ἀφράστου
1483 5727 1657 5788 ταύτης
1677 5729 1858 5785 κακίας.
1882 5731 2033 5779 Paulo

373 5799 479 5858 ρηξι
501 5792 628 5858 idoli}
655 5797 708 5839 el
732 5792 881 5858 S_avil.
899 5790 1161 5858 ’δυνάμενος
1186 5790 1349 5839 λοιπὸν
1375 5791 1562 5840 σϐέσαι.

436 5854 461 5893 Β
487 5852 572 5903 Διό
592 5852 736 5903 deest
754 5853 806 5902 in
828 5849 1112 5915 quibusdam
1135 5864 1251 5901 mss.

1138 302 1195 359 S.
1236 301 1521 359 JOANNIS
1558 298 2049 359 CHRYSOSTOMI
2086 298 2404 358 ABGHIEP.
2443 294 2989 359 CONSTAN’I‘lNUP.

3687 298 3799 357 289.

2132 414 2243 487 γὰρ
2270 414 2407 469 ὀτοῦ
2433 415 2607 485 φωτὸς
2635 415 2791 482 ἐκτὸς
2821 415 2990 470 ποιῶν
3005 415 3215 482 ἐαυτὸν,
3234 416 3407 471 ἐκεῖνο
3439 415 3538 487 μὲν
3558 414 3801 487 ἐζημίωο

2136 514 2227 551 σεν
2253 498 2425 561 οὐδὲν,
2452 499 2642 555 ἑαυτὸν
2668 498 2725 552 δέ
2749 498 2818 553 τά
2850 498 3082 569 μέγιστα
3111 497 3287 569 σκότῳ
3310 496 3339 537 h
3368 497 3798 561 κατακλεισθείς·

2133 579 2275 634 οὕτω
2296 580 2433 635 καὶό
2457 580 2559 651 τῆς
2582 580 2890 644 παναλκοῦς
2911 580 3126 652 ἐκείνης
3143 579 3425 652 δυνάμεως
3441 582 3801 655 καταφρονεῖν

2133 660 2387 727 ἐθισθεὶς,
2440 662 2657 734 ἐκείνην
2706 663 2803 734 μέν
2832 662 3063 734 ἔϐλαψεν
3107 663 3260 717 οὐδὲν
3299 665 3344 729 ί,
3395 663 3590 718 ἐαυτὸν
3616 663 3674 718 δέ
3699 663 3801 737 τὴν

2132 743 2366 816 ἐσχάτην
2396 744 2593 816 ἔϐλαψε
2612 745 2833 817 βλάϐην.
2862 746 2971 799 Καὶ
2997 744 3086 798 διὰ
3100 744 3297 800 τοῦτοό
3324 746 3456 811 Θεὸς
3482 747 3582 811 τάς
3627 763 3802 817 τιμω-

2133 828 2257 898 ρίας
2276 830 2406 899 ήμῖν
2449 829 2690 896 ἀπειλεῖ,
2714 831 2807 882 καὶ
2835 830 3030 898 ἐπάγει
3063 828 3342 893 πολλάκις,
3375 830 3474 901 οὐχ
3504 829 3580 894 ὡς
3609 830 3803 882 ἑαυτὸν

2133 909 2381 975 ἐκδικῶν,
2410 911 2526 965 ἀλλ’
2552 913 2700 982 ἡμᾶς
2722 912 2893 965 ἕλκων
2928 912 3063 983 πρὸς
3086 912 3297 967 ἑαυτόν.
3324 912 3434 965 Καὶ
3469 911 3577 983 γὰρ
3602 912 3699 965 καὶ⁵
3720 913 3804 966 ἰα-

2131 994 2260 1063 τρὸς
2276 995 2366 1046 ἐπὶ
2386 997 2505 1058 ταῖς
2527 995 2636 1047 τῶν
2652 995 3073 1067 παραπαιόντων
3103 994 3324 1067 ὕϐρεσιν
3349 995 3449 1048 οὐκ
3496 993 3652 1064 ἀλγεῖ
3676 993 3802 1065 μὲν,

2132 1078 2252 1131 ούδέ
2278 1079 2553 1145 δάκνεται,
2585 1080 2735 1149 ὅμως
2764 1079 2821 1132 δὲ
2855 1078 3030 1133 πάντα
3048 1078 3276 1149 πράττει
3308 1078 3401 1131 καὶ
3421 1077 3805 1149 πραγματεύε-

2133 1177 2223 1215 ται
2257 1163 2393 1233 ύπέρ
2405 1162 2499 1216 τοῦ
2515 1161 2723 1216 παῦσαι
2742 1161 2965 1215 τοιαῦτα
2992 1161 3436 1233 ἀσχημονοῦντας
3464 1160 3722 1222 ἐκείνους,
3737 1161 3803 1212 ού

2132 1246 2201 1297 τὰ
2222 1244 2413 1298 ἑαυτοῦ
2441 1243 2455 1295 i
2492 1245 2731 1309 σκοπῶν,
2756 1244 2893 1298 ἀλλά
2944 1245 3045 1316 τὴν
3098 1244 3322 1298 ἐκείνων
3364 1244 3663 1314 ὠφέλειανο
3698 1242 3806 1296 κᾶν

2133 1327 2503 1395 ἐπιδείξωνται
2537 1329 2731 1400 μικρόν
2759 1345 2814 1381 τι
2859 1327 3211 1399 σωφροσύνης
3239 1329 3336 1380 καὶ
3365 1327 3598 1398 νήψεως,
3624 1326 3808 1397 χαίρει

2133 1413 2229 1465 καὶ
2253 1411 2599 1481 εὐφραίνεται
2638 1412 2734 1465 καὶ
2771 1409 2952 1480 πολλῷ
2975 1410 3328 1482 σφοδρότερον
3355 1410 3383 1450 ι
3430 1409 3499 1463 τά
3539 1411 3807 1480 φάρμακα.

2132 1493 2573 1564 ἐπιτίθησιν,ούχ
2601 1493 2743 1564 ὑπὲρ
2774 1492 2884 1546 τῶν
2914 1494 3194 1565 προτέρων
3214 1494 3413 1557 αὐτοὺς
3441 1492 3804 1564 ἀμυνόμενος,

2133 1574 2272 1628 ἀλλά
2299 1576 2396 1647 τὴν
2427 1576 2693 1645 ὠφέλειαν
2727 1574 2743 1614 ι
2778 1575 3009 1648 αὐξῆσαι
3030 1576 3219 1641 θέλων,
3260 1578 3355 1631 καὶ
3385 1576 3522 1648 πρὸς
3558 1574 3806 1646 καθαρὰν

2134 1657 2346 1725 ὑγίειαν
2366 1660 2730 1729 ἐπαναγαγεῖν
2746 1677 2759 1689 ·
2784 1657 2928 1712 οὕτω
2947 1661 3041 1713 καὶ
3055 1661 3083 1712 ὀ
3106 1659 3258 1722 Θεὸς,
3280 1660 3407 1714 ὅταν
3427 1659 3507 1723 είς
3527 1659 3625 1729 τὴν
3645 1657 3809 1727 ἐσχά-

2132 1757 2231 1812 την
2262 1741 2454 1812 μανίαν
2480 1742 2821 1813 ἐκπέσωμεν,
2849 1742 2950 1796 οὐκ
2976 1742 3312 1813 ἀμυνόμενος
3336 1744 3474 1814 ὑπὲρ
3490 1741 3598 1796 τῶν
3620 1741 3810 1813 προτέ-

2135 1839 2264 1893 ρων,
2287 1823 2402 1876 ἀλλ’
2432 1823 2734 1889 ἀπαλλάξαι
2765 1824 2866 1896 τῆς
2893 1824 3049 1877 νόσου
3093 1824 3440 1897 βουλόμενος,
3471 1824 3686 1879 ἅπαντα
3712 1825 3809 1878 καὶ

2132 1904 2405 1975 λέγεικαὶ
2461 1910 2636 1961 ποιεῖ·
2691 1907 2787 1961 καὶ
2839 1906 2999 1960 τοῦτο
3046 1907 3229 1962 ἰκανὸν
3276 1908 3374 1980 μὲν
3407 1907 3504 1962 καὶ
3542 1907 3652 1962 ἀπὸ
3696 1906 3809 1961 τῶν

2132 1987 2307 2060 ὀρθῶν
2335 1988 2615 2061 λογισμῶν
2666 1989 2918 2046 συνιδεῖν.

2204 2077 2265 2125 ε’.
2287 2072 2349 2124 El
2372 2071 2428 2124 δέ
2457 2089 2541 2136 τις
2570 2074 2704 2143 ἡμῖν
2735 2073 3107 2147 ἀμφισϐητοίη
3137 2075 3343 2129 τούτων
3358 2074 3564 2141 ἕνεκεν,
3588 2073 3684 2128 καὶ
3699 2073 3812 2128 ἀπὸ

2132 2155 2242 2208 τῶν
2260 2155 2419 2208 θείων
2434 2155 2607 2210 ταῦτα
2627 2166 2668 2194 ιιι
2684 2158 3068 2228 πιστωσόμεθα
3087 2158 3302 2229 λογίων.
3316 2159 3412 2223 Τίς
3428 2159 3537 2230 γὰρ
3554 2157 3660 2231 [6],
3685 2158 3811 2214 εἶπέ

2137 2255 2247 2310 μοι,
2265 2237 2360 2292 τοῦ
2377 2238 2731 2295 Βαϐυλωνίων
2743 2240 3007 2312 βασιλέως
3015 2242 3207 2313 γέγονε
3227 2241 3566 2315 μιαρώτερος
3580 2243 3666 2310 ζός
3679 2260 3810 2297 τοσ-

2133 2320 2307 2393 αύτην
2339 2323 2439 2394 τῆς
2473 2321 2568 2376 τοῦ
2627 2321 2764 2377 Θεοῦ
2809 2324 3092 2396 δυνάμεως
3140 2329 3336 2398 πεῖραν
3377 2325 3579 2392 λαϐὼν,
3614 2327 3691 2391 ὡς
3716 2326 3812 2381 τὸν

2135 2405 2421 2477 προφήτην
2463 2406 2839 2477 προσκυνῆσαι
2886 2409 2980 2464 τὸν
3021 2408 3210 2473 αὑτοῦ,
3242 2411 3338 2465 καὶ
3370 2409 3623 2464 κελεῦσαι
3656 2407 3811 2482 αὐτῷ

2138 2489 2321 2560 μαναά
2356 2493 2575 2544 σπεῖσαι
2629 2490 2724 2545 καὶ
2761 2490 2924 2558 θεῖον,
2964 2492 3127 2548 πάλιν
3159 2493 3240 2557 είς
3272 2492 3366 2548 τὸν
3407 2494 3672 2565 πρότερον
3716 2491 3810 2558 ἐε-

2134 2572 2337 2644 ηνέχθη
2353 2572 2542 2642 τῦφον,
2556 2574 2789 2639 καὶτοὺς
2807 2574 2882 2647 μὴ
2900 2578 3344 2648 προτιμήσαντας
3359 2576 3520 2630 αὑτὸν
3533 2576 3627 2631 τοῦ
3644 2576 3806 2640 Θεοῦ,

2133 2654 2450 2726 δεδεμένους
2473 2656 2554 2720 εἰς
2573 2656 2672 2728 τήν
2700 2658 2930 2728 κάμινον
2952 2659 3227 2714 ἐνέϐαλεν.
3268 2659 3407 2713 Ἀλλ’
3440 2660 3592 2731 ὅμως
3613 2659 3706 2714 τὸν
3722 2659 3812 2714 οῦ-

2135 2755 2242 2801 τως
2260 2738 2411 2810 ὠμὸν
2439 2748 2468 2776 ιι
2493 2741 2588 2794 καὶ
2609 2740 2782 2812 ἀσεϐῆ
2798 2742 2894 2796 καὶ
2910 2742 3099 2815 θηρίον
3118 2743 3319 2815 μᾶλλον
3333 2742 3368 2814 ἢ
3390 2742 3694 2815 ἄνθρωπον,
3727 2744 3814 2808 εις
3838 2774 3846 2783 ε

2140 2824 2430 2892 μετάνοιαν
2452 2825 2839 2897 προσκαλεῖται
2874 2835 2924 2892 ο,
2950 2827 3046 2881 καὶ
3068 2827 3286 2881 δίδωσιν
3318 2826 3470 2899 αύτῷ
3496 2828 3592 2881 καὶ
3613 2826 3813 2899 ἐτέρας

2135 2903 2230 2957 τοῦ
2270 2906 2666 2976 μεταϐαλέσθαι
2697 2909 2975 2980 ἀφορμὰς,
3013 2910 3230 2981 πρῶτον
3274 2911 3373 2982 μέν
3396 2910 3529 2965 αύτδ
3566 2910 3631 2964 :6
3661 2911 3809 2983 ἐντῇ

2136 2988 2354 3060 καμίνῳ
2382 2988 2568 3060 θαῦμα
2596 2990 2837 3058 γεγονὸς,
2857 2991 2994 3062 μετά
3018 2992 3077 3045 δὲ
3108 2993 3294 3046 ἐκεῖνα
3312 2992 3414 3066 τήν
3435 2992 3579 3062 δψιν,
3601 2993 3671 3065 ἢν
3698 2989 3812 3047 εῐδι

2141 3069 2240 3140 μὲν
2262 3072 2291 3123 6
2326 3070 2596 3141 βασιλεὺς,
2619 3074 2932 3145 ήρμήνευσε
2965 3073 3022 3128 δέ
3053 3075 3082 3128 6
3128 3075 3357 3148 Δανιὴλ,
3409 3076 3599 3148 ἱκανὴν
3642 3071 3812 3131 οὖσαν

2138 3153 2234 3207 καὶ
2263 3153 2472 3227 λιθίνην
2502 3156 2717 3226 κάμψαι
2748 3156 2995 3228 ψυχήνιν
3027 3159 3123 3214 καὶ
3155 3159 3294 3231 πρὸς
3318 3159 3533 3224 τούτοις
3557 3159 3814 3232 μετάτήν

2139 3238 2206 3291 ἐκ
2241 3239 2349 3292 τῶν
2383 3239 2725 3311 πραγμάτων
2753 3241 3112 3311 παραίνεσιν,
3142 3244 3238 3297 καὶ
3265 3243 3428 3308 αὐτὸς
3460 3245 3489 3297 6
3521 3246 3813 3317 προφήτης

2140 3321 2489 3377 συνεϐούλευε
2514 3323 2708 3393 λέγων’
2738 3324 2843 3378 Διὰ
2859 3325 3054 3389 τοῦτο,
3076 3327 3366 3393 βασιλεῦ,
3386 3327 3426 3395 ἡ
3455 3327 3659 3395 βουλή
3686 3346 3813 3398 μου

2138 3404 2408 3473 ἀρεσάτω
2427 3423 2547 3471 σοι,
2588 3407 2687 3461 καὶ
2715 3409 2822 3475 τὰς
2844 3408 3131 3478 ἁμαρτίας
3146 3425 3263 3465 σου
3283 3412 3353 3466 ἐν
3369 3411 3815 3481 ἐλεημοσύνας

2137 3489 2440 3557 λύτρωσαι
2471 3500 2522 3554 τι,
2557 3491 2659 3545 καὶ
2690 3490 2799 3559 τὰς
2828 3492 3081 3563 ἀνομίας
3101 3509 3218 3549 σου
3239 3494 3311 3549 ἐν
3352 3496 3674 3565 οίκτιρμοῖς
3700 3513 3814 3551 πε-

2138 3571 2336 3639 νήτων
2354 3588 2368 3602 ·
2400 3572 2546 3640 ἴσως
2584 3573 2758 3629 ἔσται
2804 3577 3178 3647 μακροθυμία
3211 3577 3340 3644 τοῖς
3372 3578 3816 3648 παραπτώμασι

2139 3668 2276 3708 σου.
2300 3654 2366 3707 Τί
2396 3650 2656 3723 λέγεις,ὧ
2676 3657 2807 3727 σοφέ
2837 3658 2930 3711 καὶ
2963 3660 3237 3731 μακάριε;
3267 3660 3382 3714 ἐστι
3414 3663 3508 3715 καὶ
3541 3663 3679 3733 μετά
3707 3665 3812 3736 τὴν

2137 3736 2407 3808 τοσαύτην
2433 3739 2752 3795 ἀπόπτωσιν
2776 3742 2937 3797 πάλιν
2952 3744 3232 3810 ἐπάνοδος,
3258 3746 3353 3799 καὶ
3371 3746 3509 3816 μετά
3539 3746 3812 3819 τοσαύτην

2139 3821 2293 3874 νόσον
2308 3821 2505 3890 ὑγίεια,
2542 3823 2637 3877 καὶ
2671 3824 2811 3895 μετὰ
2828 3825 2926 3898 τὴν
2951 3826 3222 3900 τοσαύτην
3253 3829 3452 3899 μανίαν
3472 3828 3634 3883 πάλιν
3653 3829 3813 3895 ἐλπὶς

2145 3906 2501 3979 σωφροσύνης
2521 3917 2567 3975 τ;
2598 3908 2788 3981 Πάσης
2809 3910 3003 3965 ἑαυτὸν
3026 3910 3310 3984 προλαϐὼν
3343 3912 3636 3985 ἐστέρησεν
3651 3912 3814 3967 ἐλπί-

2137 3988 2225 4053 δος
2252 3990 2281 4040 6
2307 3989 2578 4060 βασιλεὺς,
2614 3992 2830 4065 πρῶτον
2854 3994 2952 4065 μὲν
2980 3994 3250 4067 ἀγνοήσας
3272 3994 3364 4049 τὸν
3386 3997 3687 4068 ποιήσαντα
3705 3996 3814 4051 αύ-

2139 4072 2249 4138 τὸν,
2290 4074 2383 4126 καὶ
2408 4075 2488 4138 είς
2504 4076 2602 4147 τὴν
2624 4077 2791 4148 τιμὴν
2817 4077 3096 4147 ἀγαγόντα
3120 4078 3359 4150 ἐκείνην,
3388 4079 3568 4132 καίτοι
3593 4082 3692 4150 τῆς
3711 4078 3812 4133 δυ-

2139 4157 2355 4227 νάμεως
2393 4159 2560 4213 αὐτοῦ
2598 4161 2694 4215 καὶ
2719 4162 2978 4233 προνοίας
3007 4163 3283 4234 τεκμήρια
3308 4162 3613 4232 διηγεῖσθαι
3641 4163 3809 4233 ἔχων,

2139 4239 2234 4291 καὶ
2258 4241 2344 4292 ἐπ’
2370 4242 2558 4306 αὐτοῦ,
2584 4244 2678 4297 καὶ
2712 4244 2933 4297 ἐπὶτῶν
2963 4245 3241 4316 προγόνων
3270 4243 3436 4298 αὑτοῦ
3462 4246 3812 4317 γεγενημένα

2139 4319 2341 4374 πολλάο
2377 4324 2516 4393 μετά
2546 4324 2603 4377 δέ
2628 4325 2790 4379 τοῦτο
2828 4325 2991 4381 πάλιν
3018 4326 3120 4397 τῆς
3165 4326 3357 4396 σοφίας
3388 4326 3554 4381 αὑτοῦ
3575 4330 3670 4381 καὶ
3703 4329 3811 4400 τῆς

2140 4404 2499 4474 προγνώσεως
2533 4408 2737 4480 ἐναργῆ
2775 4411 2976 4479 σημεῖα
3016 4407 3218 4472 λαϐὼν,
3261 4408 3356 4462 καὶ
3402 4411 3663 4481 μαγικήν,
3707 4413 3811 4467 καὶ

2139 4486 2525 4561 ἀστρονομίαν,
2554 4492 2649 4545 κα)⁵
2676 4492 2855 4564 πάσης
2884 4492 2983 4564 τῆς
3002 4491 3314 4564 διαὼλικῆς
3343 4494 3678 4565 μαγγανείας
3702 4494 3809 4566 τήν

2199 4608 2229 4648 Ῑι
2248 4610 2396 4662 Savil.
2421 4614 2468 4662 ἐν
2488 4614 2667 4666 σκότει.
2687 4614 2824 4667 Colb.
2848 4615 2873 4665 1
2900 4617 2949 4666 ἐν
2973 4616 3153 4668 σκότω.

2206 4635 2229 4648 ³·
2248 4635 2396 4662 eam.
2421 4635 2468 4662 ιν
2488 4635 2667 4666 στιοτει.
2687 4635 2824 4667 ωιῡ.
2849 4635 2873 4665 1
2900 4635 2949 4666 εν
2973 4635 3093 4666 σκοτ
3139 4654 3153 4668 ι

2206 4670 2222 4710 ί
2244 4671 2576 4747 υυοψηιεελμέν
2597 4676 2749 4747 ούδέν,
2770 4679 3048 4747 hiqomlsso
3071 4635 3261 4747 εὲλαψε.
3278 4677 3434 4729 Paulo
3454 4683 3568 4743 post
3583 4678 3807 4736 Colbert.

2138 4737 2397 4809 unpsnﬁuiv
2418 4737 2715 4809 καὶάπειλεζ,
2742 4745 2797 4787 et
2817 4739 2889 4809 gic
2908 4739 3056 4809 otium
3082 4737 3231 4809 S_a\'l|.

2206 4795 2229 4873 ly
2245 4795 2364 4873 .qu
2384 4810 2499 4873 ωδε.
2523 4799 2578 4847 οῦ
2598 4800 2655 4868 τὸ
2680 4799 2871 4862 ἑαυτοῦ,
2890 4807 2945 4851 el.
2966 4800 3037 4851 sic
3059 4804 3208 4851 etiam
3227 4800 3411 4864 Savil.;
3432 4801 3604 4853 Morel.
3631 4809 3806 4855 autem

2141 4866 2191 4906 ει
2212 4860 2295 4905 alii
2315 4860 2370 4906 ού
2388 4860 2448 4906 τὰ
2465 4860 2652 4908 ἑαυτοῦ.

2202 4919 2228 4987 ἓ
2252 4917 2462 4987 (Ξοιδθηισ
2486 4933 2613 4987 limis
2633 4922 2939 4987 σφοδρςλεραε

2204 4979 2233 5053 ξ
2260 4981 2370 5053 ξαν.
2381 4982 2466 5053 τὴν
2476 4979 2702 5053 ᾠφέλειαν
2711 4979 2901 5053 ταύτηὶρ
2914 4983 3805 5053 (1011),·ιξηιιετῂνκαλῄνταύςιηνάρχήν.

2202 5051 2238 5074 ι·
2260 5039 2374 5090 Sav.
2398 5047 2449 5090 et
2471 5039 2657 5104 aliquot
2678 5058 2792 5093 mss.
2815 5039 2975 5094 τοῦτο.
3002 5045 3100 5097 Alii
3120 5053 3174 5096 et
3196 5039 3314 5098 ubr.
3337 5039 3506 5098 ταῦτα.
3536 5039 3809 5102 ιη’ίτέὗέἴὸ

2141 5113 2296 5177 μαναά
2307 5117 2386 5163 est
2395 5125 2485 5165 vox
2499 5112 2626 5162 Heb.
2639 5116 2812 5167 rma.
2826 5115 2994 5189 Cyme
3006 5128 3374 5180 expressaque
3382 5118 3808 5182 signiﬁcalmum

2139 5181 2226 5224 aut
2242 5173 2548 5223 donum.Vox
2568 5187 2800 5231 sequens.
2813 5179 2953 5231 θειον,
2972 5177 3120 5231 vulgo
3130 5180 3354 5231 sulphur.
3364 5184 3454 5231 sed
3465 5183 3808 5231 hlcsuﬂimen.

2142 5187 2226 5224 aut
2242 5187 2548 5223 aonum.vox
2568 5187 2800 5236 sequens,
2813 5187 2953 5237 θεῖον,
2972 5187 3120 5240 vulgo
3130 5187 3354 5250 sulphur,
3364 5187 3454 5231 sed
3465 5187 3808 5232 hicsuﬂimen.

2142 5241 2247 5309 tum
2259 5237 2523 5309 ἐξερύοι-οε
2545 5238 2826 5309 θλρςίιηετο
2850 5238 3144 5309 vi_detur.-ln
3169 5240 3340 5309 ngliis
3360 5243 3544 5305 legitur
3563 5244 3777 5303 εὐωδίας.

2202 5299 2232 5328 ³
2250 5297 2403 5366 ςρη),
2416 5310 2543 5366 υιῃιε
2563 5297 2837 5366 ἀλλξ-οὕτως
2858 5300 2938 5348 τὸν
2955 5298 3173 5366 τοιοῦτον
3195 5302 3341 5364 ὠμόν.

2202 5366 2227 5426 [ι
2249 5358 2333 5426 §ic
2360 5358 2521 5426 rSaviI.
2548 5365 2602 5407 et
2619 5360 2952 5426 oliquot_mss._
2969 5361 3142 5410 Morel.
3166 5358 3486 5426 προκαλεῖται.

2201 5422 2230 5462 P
2248 5421 2757 5492 Ομιιιμοςψεξηὶκανή
2796 5422 2853 5481 ἦν
2895 5423 3081 5485 κάμψαι
3118 5421 3272 5487 ψυχὴν
3307 5426 3386 5473 καὶ
3411 5425 3597 5484 λιθίνην.
3630 5427 3807 5492 Savll.,

2141 5480 2313 5531 Morel.
2340 5487 2393 5529 el
2410 5481 2511 5535 alii.
2534 5483 2658 5529 utin
2682 5490 2841 5532 lexlu.

2203 5546 2230 5609 ‘_l
2252 5540 2400 5609 Legit
2422 5541 2634 5609 Saxilius
2658 5545 2878 5609 καθαρόν,
2904 5543 3024 5609 LXX
3045 5552 3099 5597 ut
3124 5547 3174 5595 in
3200 5552 3361 5598 textu.

2204 5606 2227 5634 ¹’
2252 5604 2397 5672 Ullus_
2413 5610 2466 5651 el
2484 5604 2594 5651 Sav.
2619 5604 2997 5672 μανίαν-ἐλπίσαι
3008 5609 3318 5672 σωφροσύνην
3337 5609 3461 5672 τινά.
3485 5608 3605 5660 Ibid.
3628 5625 3809 5664 omnes

2137 5679 2253 5735 loss.
2262 5702 2275 5725 ,
2288 5664 2416 5735 guob
2423 5678 2478 5735 us
2490 5677 2548 5713 ex
2556 5664 2734 5735 copiis!
2743 5667 2901 5735 πάσςης
2922 5664 3347 5735 ἐαυτὸν-προλαβὼν
3357 5671 3609 5735 ἐπέρησεν
3618 5673 3811 5735 ἐλπίδος

2138 5729 2167 5799 ἑ
2176 5726 2412 5799 βαςιλξύς;
2422 5726 2537 5799 βων,
2546 5727 2707 5799 πάσης
2716 5728 2880 5799 ἑαυτὸν
2890 5726 3404 5799 προλαϐὼνάπολογίᾳς
3431 5726 3754 5799 ἀπεστέρησεν
3778 5726 3810 5787 δ

2141 5786 2377 5853 βασιλεύς.
2394 5786 2663 5853 ιᾷιιυςμὶιειη
2675 5789 2826 5853 οοόεκ
2848 5786 3106 5853 ἀπολογίας
3130 5786 3333 5842 tantum".
3355 5786 3473 5844 Mor.
3498 5801 3552 5843 et
3574 5786 3700 5844 uinus
3719 5786 3811 5847 eo;

2139 5849 2233 5900 de:
2245 5849 2401 5908 πάσης
2412 5850 2577 5899 ἑαυτὸν
2594 5851 2843 5915 προλαϐὼν
2869 5849 3054 5911 ἐλπίδος
3075 5853 3328 5917 ἀπολογίας
3349 5856 3598 5920 ὶστέρησεν
3621 5859 3648 5909 6
3666 5860 3785 5924 βασ.
