4096 6392
393 354 492 411 2M

394 483 424 520 a
453 467 581 520 ﬂetu
605 465 854 531 cohibet;
885 465 1074 519 animae
1095 480 1220 520 vero
1249 480 1392 518 mors
1420 465 1504 519 hic
1528 473 1729 519 tantum
1761 465 1961 520 destrui

394 566 568 626 potest
600 575 612 609 :
643 555 709 609 In
735 557 933 626 inferno
956 554 1100 614 enim
1128 557 1240 625 quis
1261 597 1275 618 ,
1307 555 1505 624 inquit,
1536 555 1850 622 conﬁtebitur
1877 554 1966 610 tibi

396 645 564 716 (Psal.
591 647 646 701 6.
669 647 763 717 6)?
787 647 902 714 Quo
931 655 1089 715 pacto
1110 647 1268 716 igitur
1290 662 1394 699 non
1424 661 1642 700 summa:
1665 646 1964 700 stoliditatis

400 741 581 805 fuerit,
611 754 730 793 cum
760 740 794 793 ii
825 740 915 808 qui
941 739 1180 806 corporis
1202 748 1424 792 mortem
1454 739 1650 807 lugent,
1679 747 1783 791 tam
1805 737 1967 791 vehe-

396 840 602 884 menter
641 831 658 862 ¹
688 829 740 884 id
782 829 1001 891 faciant,
1048 829 1168 882 licet
1220 830 1391 883 sciant
1429 844 1486 884 se
1541 827 1842 882 defunctum
1897 827 1963 880 ad

395 923 557 976 vitam
589 922 837 992 lacrymis
878 937 982 974 non
1011 929 1352 975 revocaturos
1379 935 1530 985 esse;
1563 935 1661 974 nos
1699 920 1828 972 nihil
1862 920 1961 971 hu-

393 1013 624 1084 jusmodi
668 1012 958 1077 exhibere,
996 1012 1083 1081 qui
1114 1012 1314 1065 scimus
1355 1027 1501 1078 spem
1540 1025 1658 1064 esse
1684 1010 1751 1064 de
1790 1010 1965 1063 anima

398 1117 603 1161 mortua
653 1106 704 1159 in
763 1106 1040 1174 pristinam
1087 1105 1248 1157 vitam
1295 1102 1640 1156 reducenda?
1694 1100 1966 1169 Siquidem

397 1199 546 1266 multi
576 1205 630 1250 et
656 1197 756 1250 hoc
782 1206 1020 1263 tempore
1047 1203 1102 1250 et
1139 1195 1396 1264 majorum
1431 1205 1726 1247 nostrorum
1755 1209 1900 1256 aevo,
1933 1209 1964 1247 a

398 1298 542 1342 recta
585 1288 812 1341 statione
850 1286 1089 1340 subversi
1130 1287 1276 1339 etab
1301 1294 1518 1353 angusta
1548 1285 1636 1338 via
1667 1285 1964 1352 prmcipites

399 1382 526 1440 dati.
558 1381 627 1440 ita
659 1395 941 1434 surrexere
967 1378 1162 1442 denuo,
1193 1389 1247 1431 ut
1278 1378 1570 1446 posteriore
1595 1378 1701 1429 vita
1733 1377 1964 1444 priorem

399 1472 732 1542 obtegerent,
759 1472 981 1539 palmam
1003 1471 1324 1538 acciperent,
1352 1483 1547 1522 corona
1568 1467 1960 1532 redimirentur,

398 1578 518 1617 cum
551 1561 838 1616 victoribus
877 1559 1323 1629 prwdicarentur,
1367 1569 1422 1612 et
1461 1568 1762 1612 sanctorqu
1801 1557 1966 1610 choro

399 1663 895 1708 annumerarentur.
922 1721 931 1726 η,
955 1652 1214 1718 Quamdiu
1265 1660 1438 1706 tamen
1486 1650 1604 1720 quis
1652 1651 1703 1704 in
1757 1649 1968 1704 fornace

399 1745 726 1814 voluptatum
771 1730 1048 1808 consi§iit,
1102 1742 1307 1796 etiamsi
1353 1742 1625 1796 innumera
1666 1740 1964 1810 hujusmodi

399 1837 639 1906 exempla
670 1836 936 1907 proposita
967 1835 1154 1888 habeat
1175 1876 1189 1899 ,
1223 1833 1320 1904 ipsi
1365 1849 1449 1888 res
1478 1848 1596 1887 esse
1635 1847 1797 1902 supra
1827 1833 1967 1886 vires

399 1935 620 1996 apparet
649 1945 660 1977 :
691 1937 745 1980 at
774 1926 817 1980 si
847 1926 928 1987 vel
961 1926 1222 1978 tantillum
1251 1924 1473 1992 cmperit
1497 1925 1640 1978 illinc
1669 1922 1868 1992 egredi,
1901 1922 1966 1976 ad

398 2019 650 2074 ulteriora
677 2033 889 2087 semper
916 2016 1236 2086 procedens,
1271 2024 1462 2068 statum
1493 2015 1639 2068 illum
1666 2013 1967 2082 diligentius

397 2126 555 2182 quam
593 2112 765 2180 ignem
795 2126 822 2162 a
850 2118 999 2178 tergo
1037 2109 1332 2177 relinquet,
1374 2123 1438 2162 ea
1463 2121 1588 2162 vero
1618 2121 1734 2175 quae
1762 2115 1884 2159 ante
1909 2119 1968 2160 se

397 2202 568 2272 posita
598 2210 722 2256 sunt
747 2201 882 2254 roris
909 2200 1278 2267 facilitatisque
1303 2197 1460 2266 plena
1486 2197 1778 2266 conspiciet
1807 2215 1820 2249 :
1851 2205 1966 2249 tan-

398 2302 509 2346 tum
539 2306 604 2345 ne
629 2290 996 2358 desperemus,
1027 2303 1158 2342 neve
1183 2288 1250 2341 de
1276 2287 1444 2341 reditu
1474 2286 1775 2340 dubitemus
1805 2303 1818 2340 :
1845 2299 1965 2338 nam

397 2383 487 2453 qui
515 2382 593 2437 sic
616 2381 833 2435 affectus
859 2391 960 2445 est,
989 2380 1188 2449 ingenti
1219 2379 1343 2433 licet
1372 2378 1678 2432 fortitudine
1702 2387 1756 2431 et
1778 2377 1968 2431 alacri-

399 2481 506 2526 tate
550 2471 801 2542 praaditus
829 2471 932 2534 sit,
977 2485 1094 2524 eam
1140 2469 1334 2524 frustra
1367 2467 1619 2537 possidet.
1663 2467 1797 2522 Cum
1824 2467 1965 2522 enim

394 2563 608 2632 januam
636 2561 736 2615 sibi
780 2561 1103 2630 pmnitentiaa
1131 2559 1297 2614 semel
1337 2558 1638 2625 occluserit,
1670 2567 1726 2614 et
1747 2557 1814 2612 ad
1855 2567 1967 2612 sta-

398 2653 546 2707 dium
589 2651 944 2706 intercluserit
985 2651 1217 2715 aditum,
1257 2649 1522 2719 quomodo
1571 2657 1720 2703 extra
1763 2647 1968 2718 positus

400 2745 594 2815 poterit
636 2743 718 2799 vel
766 2758 1012 2813 magnum
1044 2741 1127 2796 vel
1179 2741 1440 2795 modicum
1487 2739 1754 2810 quidpiam
1792 2739 1963 2794 boni'

397 2834 652 2904 operari?
704 2833 1036 2903 Quapropter
1064 2831 1325 2901 malignus
1355 2831 1445 2886 ille
1475 2830 1603 2884 nihil
1628 2845 1734 2885 non
1763 2829 1966 2884 machi-

400 2936 576 2993 natur,
621 2942 726 2996 quo
767 2925 919 2980 nobis
962 2925 1094 2979 hanc
1135 2924 1510 2994 cogitationem
1540 2923 1697 2977 altius
1725 2921 1964 2992 deligat:

403 3035 525 3074 nam
553 3029 736 3089 postea
767 3033 870 3072 non
903 3016 1198 3072 sudandum
1227 3019 1277 3071 ei
1297 3058 1312 3082 ,
1348 3030 1450 3070 nec
1484 3014 1827 3070 laborandum
1867 3015 1971 3068 erit

400 3123 460 3168 ut
496 3127 593 3166 nos
629 3119 930 3182 oppugnet;
973 3110 1220 3164 nimirum
1257 3110 1368 3179 jam
1408 3110 1582 3178 lapsos
1612 3119 1665 3163 et
1703 3109 1964 3179 jacentes,

401 3213 560 3275 atque
587 3204 636 3259 ei
665 3204 924 3258 obsistere
949 3202 1210 3257 nolentes.
1239 3201 1338 3268 Qui
1369 3201 1508 3256 enim
1534 3201 1602 3255 ab
1632 3199 1732 3254 hoc
1758 3199 1969 3253 vinculo

400 3313 461 3352 se
490 3295 742 3366 expedire
773 3280 996 3363 poterit,
1039 3294 1314 3364 pristinam
1347 3291 1705 3346 fortitudinem
1747 3305 1970 3359 recupe-

401 3389 560 3454 rabit,
588 3401 689 3442 nec
715 3387 946 3442 cessabit
972 3385 1037 3440 ad
1068 3397 1362 3440 extremum
1389 3398 1555 3453 usque
1581 3384 1799 3437 halitum
1844 3398 1967 3436 cum

401 3479 492 3533 illo
523 3492 755 3548 pugnare
783 3493 798 3530 :
831 3477 1036 3531 etiamsi
1064 3492 1192 3530 vero
1221 3476 1273 3528 in
1313 3483 1591 3529 sexcentos
1632 3473 1810 3541 lapsus
1839 3487 1968 3541 pro-

403 3584 540 3637 ruat,
569 3583 748 3643 surget
775 3573 989 3637 iterum,
1019 3580 1072 3625 et
1100 3571 1304 3624 hostem
1335 3570 1596 3623 conficiet.
1625 3569 1820 3622 Contra
1843 3581 1970 3620 vero

400 3667 488 3736 qui
517 3664 904 3734 desperationis
933 3662 1253 3731 cogitatione
1282 3661 1497 3729 ligatur,
1526 3659 1722 3714 fractus
1749 3657 1966 3722 viribus,

401 3756 667 3826 quomodo
692 3771 946 3824 superare
985 3755 1174 3824 poterit
1201 3754 1284 3807 vel
1313 3753 1572 3806 obsistere
1590 3792 1606 3818 ,
1631 3767 1752 3804 cum
1782 3767 1846 3804 ex
1873 3750 1967 3803 ad-

402 3865 559 3904 verso
589 3847 794 3917 fugiat?

473 3941 526 3994 4.
563 3939 759 4004 ριιωυὶε
787 3938 973 3992 scelera
1001 3937 1290 4007 paenitentia
1328 3935 1574 3990 delentur.
1601 3966 1670 3976 --
1694 3936 1801 3993 Nec
1824 3938 1970 3993 dicas

405 4030 519 4086 haec
548 4029 612 4084 ad
658 4045 750 4084 eos
790 4030 878 4098 qui
910 4029 1114 4083 modice
1156 4029 1495 4098 deliquerunt
1535 4031 1800 4098 pertinere
1831 4050 1844 4085 :
1876 4033 1968 4086 sed

403 4137 543 4191 pone
569 4120 864 4190 quempiam
907 4120 1050 4173 omni
1079 4118 1275 4189 flagitio
1303 4120 1515 4188 plenum
1537 4162 1551 4182 ,
1584 4123 1672 4190 qui
1703 4122 1834 4176 nihil
1864 4139 1967 4176 non

403 4212 592 4282 egerit,
619 4209 758 4280 quod
785 4226 813 4264 a
854 4224 1018 4279 regno
1061 4209 1151 4262 illo
1184 4209 1452 4274 excludat,
1487 4211 1575 4279 qui
1614 4225 1644 4264 a
1687 4211 1966 4282 principio,

403 4318 510 4357 non
553 4317 618 4355 ex
664 4300 974 4364 infidelium,
1019 4299 1112 4354 sed
1157 4314 1220 4353 ex
1265 4299 1531 4366 fidelium,
1562 4315 1851 4372 eorumque
1879 4305 1969 4372 qui

407 4393 522 4448 Deo
544 4391 851 4460 placuerant
871 4404 1090 4444 numero
1111 4387 1290 4454 fuerit,
1309 4389 1500 4444 deinde
1515 4405 1661 4455 vero,
1687 4401 1966 4456 scortator,

402 4482 644 4538 moechus
665 4523 679 4546 ,
708 4481 882 4536 mollis
903 4522 917 4544 ,
947 4482 1058 4545 fur,
1087 4480 1328 4534 ebriosus
1347 4521 1361 4543 ,
1391 4479 1736 4549 paederasles,
1770 4483 1972 4537 calum-

404 4577 575 4631 niator
618 4574 880 4638 evaserit,
917 4581 970 4628 et
1016 4573 1117 4626 alia
1159 4572 1180 4602 ³
1223 4571 1275 4626 id
1312 4587 1477 4640 genus
1528 4573 1750 4628 crimina
1803 4575 1969 4628 admi-

401 4667 532 4721 serit
556 4683 569 4720 :
593 4680 661 4719 ne
688 4664 825 4718 hunc
846 4663 1056 4733 quidem
1078 4663 1123 4717 si
1147 4662 1395 4732 desperet
1418 4664 1799 4733 approbaturus
1824 4681 1964 4730 sum,

400 4756 610 4811 etiamsi
637 4753 700 4808 ad
731 4763 1026 4809 extremam
1056 4769 1221 4824 usque
1249 4765 1518 4809 senectam
1546 4756 1598 4810 in
1625 4756 1843 4812 nefariis
1867 4758 1970 4813 illis

402 4848 774 4915 atrocibusque
818 4845 1027 4916 ﬂagitiis
1067 4847 1507 4915 perseveraverit.
1537 4847 1667 4902 Nam
1696 4850 1740 4903 si
1770 4850 1847 4904 ira
1876 4851 1970 4905 Dei

401 4941 563 4996 animi
596 4940 852 5010 mgritudo
881 4949 1055 5004 esset,
1096 4942 1216 5010 jure
1256 4942 1375 5012 quis
1413 4942 1758 5012 desperaret.
1788 4955 1969 5014 utpoue

399 5034 489 5104 qui
533 5047 637 5087 non
671 5041 848 5100 posset
881 5032 904 5063 ⁸
950 5031 1215 5086 flammam
1257 5041 1334 5086 tot
1370 5035 1658 5089 sceleribus
1690 5037 1968 5090 «citatam

399 5125 778 5193 exstinguere;
829 5123 951 5192 quia
991 5139 1117 5177 vero
1154 5124 1386 5177 divinum
1433 5140 1628 5180 numen
1657 5128 1970 5196 aegritudine

399 5217 561 5271 animi
590 5231 810 5270 vacuum
853 5225 956 5282 est,
1002 5232 1064 5271 ac
1109 5217 1233 5271 licet
1278 5219 1477 5286 puniat,
1525 5219 1647 5273 licet
1682 5220 1969 5275 vindictam

400 5322 594 5378 sumat,
627 5328 730 5368 non
761 5313 837 5367 ira
865 5324 1164 5368 commotus
1195 5315 1243 5368 id
1271 5317 1398 5385 agit,
1423 5315 1521 5370 sed.
1542 5331 1722 5370 curam
1744 5326 1795 5371 et
1825 5331 1970 5369 amo-

402 5418 513 5459 rem
563 5403 728 5458 nostri
770 5418 982 5474 semper
1024 5409 1204 5474 gerit:
1251 5405 1369 5460 ideo
1395 5406 1416 5438 ⁵
1449 5407 1588 5460 bono
1633 5421 1751 5463 esse
1792 5408 1970 5460 animo

465 5540 480 5567 ι
516 5543 640 5584 Unus
668 5535 837 5592 habet,
857 5534 1186 5595 vehementius,
1226 5543 1283 5586 ut
1313 5544 1365 5587 et
1385 5539 1522 5591 Savil.

464 5599 485 5672 ξ
516 5603 678 5672 Deest,
700 5596 930 5672 poenitio?
951 5600 1240 5672 quibusdam
1259 5608 1361 5650 Mss.

520 5664 646 5706 Unus
659 5659 821 5710 habet.
847 5665 890 5707 et
913 5658 1010 5708 alia
1040 5660 1216 5710 omnia.

467 5721 486 5784 ξ
517 5717 642 5766 σου).
669 5726 723 5784 et
743 5719 902 5784 SaviL,
925 5733 1017 5770 non
1031 5720 1137 5784 jam
1161 5727 1330 5784 posset.

465 5779 488 5811 ³
521 5785 682 5838 Deest,
705 5780 830 5837 ideo.
872 5783 918 5830 in
939 5779 1221 5846 quibusdam
1255 5791 1356 5838 Mss.

1527 353 1618 408 AD
1656 351 2070 411 THEODORUM
2108 353 2399 412 LAPSUM.
2435 354 2478 412 Ι.

3531 361 3636 419 982

2069 481 2164 535 par
2184 473 2286 534 est,
2311 476 2364 522 et
2388 468 2438 522 vi
2463 469 2785 539 poenitentiae
2804 470 3092 527 conlidere.
3118 471 3388 543 Siquidem
3411 476 3523 538 eos,
3544 476 3636 545 qui

2070 555 2123 608 in
2149 571 2208 610 se
2237 567 2619 625 peccaverunt,
2653 575 2758 614 non
2787 562 2868 616 sui
2893 576 3049 618 causa
3079 563 3214 618 solet
3241 564 3422 619 ulcisci
3455 583 3468 618 :
3501 565 3630 619 nihil

2069 645 2210 700 enim
2248 656 2422 716 potest
2452 649 2503 702 in
2533 650 2838 719 hujusmodi
2864 662 3102 708 naturam
3133 655 3310 709 damni
3336 656 3551 722 induci;
3581 658 3637 712 id

2074 749 2196 789 vero
2225 739 2331 806 agit
2358 738 2423 792 ad
2450 749 2686 793 nostram
2718 751 2964 809 spectans
2991 745 3289 811 utilitatem,
3318 762 3384 800 ne
3410 746 3460 798 in
3488 747 3638 801 dete-

2071 826 2265 881 riorem
2299 838 2492 882 statum
2518 833 2840 898 perversitas
2863 843 3039 888 nostra
3061 835 3291 902 decidat,
3319 837 3445 890 dum
3467 837 3637 906 ipsum

2069 931 2182 970 rem
2211 928 2552 975 contemnere
2581 937 2643 975 ac
2672 923 2944 992 despicere
2979 935 3245 994 putamus.
3287 927 3640 995 Quemadmo-

2070 1006 2195 1061 dum
2240 1010 2380 1062 enim
2426 1010 2471 1064 is
2498 1011 2586 1081 qui
2617 1027 2645 1064 a
2683 1013 2802 1068 luce
2843 1015 3079 1078 recedit,
3109 1017 3238 1069 nihil
3282 1017 3385 1071 luci
3414 1017 3508 1071 sed
3538 1015 3638 1071 sibi

2070 1100 2297 1153 multum
2336 1101 2510 1154 damni
2553 1101 2746 1170 infert,
2775 1105 2900 1159 dum
2930 1106 2983 1160 in
3014 1107 3258 1162 tenebras
3295 1123 3354 1163 se
3381 1109 3594 1179 conjicit
3622 1127 3636 1163 :

2071 1191 2146 1244 sic
2196 1191 2285 1260 qui
2333 1193 2752 1261 omnipotentem
2804 1195 2944 1249 illam
2991 1198 3243 1253 virtutem
3294 1209 3639 1254 conteumere

2070 1281 2258 1336 solitus
2284 1291 2384 1345 est,
2415 1283 2582 1352 ipsam
2605 1285 2814 1354 quidem
2846 1286 2975 1340 nihil
3003 1287 3166 1352 laedit,
3191 1297 3486 1344 extremam
3511 1306 3640 1345 vero

2070 1370 2169 1424 sibi
2203 1372 2488 1440 perniciem
2520 1374 2710 1429 adfert.
2745 1376 2853 1430 Hac
2893 1377 2960 1430 de
3001 1392 3160 1432 causa
3192 1379 3330 1434 Deus
3355 1380 3640 1436 vindictam

2072 1460 2228 1515 nobis
2251 1464 2627 1528 comminatur,
2650 1479 2899 1535 smpeque
2928 1468 3181 1531 immittit,
3211 1484 3314 1523 non
3345 1480 3401 1524 ut
3427 1485 3485 1526 se
3511 1472 3641 1526 ulci-

2070 1560 2248 1606 scatur
2267 1595 2281 1616 ,
2315 1554 2406 1608 sed
2437 1564 2492 1609 ut
2519 1570 2616 1609 nos
2641 1557 2707 1610 ad
2739 1572 2796 1610 se
2823 1559 3116 1627 pertrahat.
3147 1561 3215 1614 At
3238 1563 3377 1615 enim
3404 1562 3640 1618 medicus

2071 1641 2137 1696 de
2165 1645 2499 1699 contumeliis
2536 1645 2872 1700 delirantium
2916 1663 3018 1701 non
3050 1649 3193 1703 delet
3214 1691 3228 1716 ,
3271 1666 3441 1721 neque
3469 1653 3640 1708 offen-

2070 1730 2245 1797 ditur;
2289 1733 2380 1787 sed
2409 1743 2584 1789 tamen
2617 1735 2746 1789 nihil
2789 1753 2894 1790 non
2925 1739 3062 1807 agit,
3095 1747 3152 1792 ut
3182 1755 3274 1794 eos
3303 1742 3374 1794 ita
3417 1744 3642 1811 turpiter

2072 1836 2131 1876 se
2155 1837 2403 1892 gerentes
2430 1837 2750 1895 compescat,
2779 1843 2883 1882 non
2910 1845 3056 1883 suam
3085 1841 3330 1899 spectans
3349 1874 3364 1896 ,
3394 1834 3488 1888 sed
3517 1835 3640 1889 illo-

2070 1930 2186 1969 rum
2231 1916 2507 1971 utilitatem
2549 1936 2560 1971 :
2595 1919 2637 1973 si
2683 1931 2856 1974 autem
2904 1922 3029 1990 aegri
3071 1924 3153 1978 vel
3197 1925 3455 1980 tantillum
3497 1944 3642 1983 sana:

2073 2008 2266 2061 mentis
2292 2009 2592 2075 ostendant,
2618 2013 2814 2079 gaudet
2840 2021 2895 2066 et
2918 2013 3139 2079 laetatur,
3181 2017 3451 2085 multoque
3482 2020 3645 2076 velte-

2071 2098 2302 2153 mentius
2329 2100 2561 2154 remedia
2590 2102 2864 2164 admovet,
2907 2119 3010 2156 non
3049 2105 3187 2174 quod
3233 2121 3416 2175 poenas
3455 2119 3644 2162 contu-

2069 2191 2243 2245 meliae
2284 2200 2530 2260 expetat,
2588 2193 2680 2248 sed
2739 2205 2796 2248 ut
2863 2197 3139 2251 utilitatem
3190 2209 3381 2269 augeat
3431 2202 3489 2266 ¹,
3533 2203 3642 2256 imo

2069 2291 2124 2337 et
2148 2283 2436 2352 perfectam
2468 2286 2748 2340 sanitatem
2781 2288 3013 2343 inducat.
3058 2289 3259 2345 Eodem
3285 2293 3443 2348 modo
3479 2297 3642 2362 Deus,

2071 2384 2348 2446 postquam
2392 2391 2492 2431 nos
2536 2378 2588 2430 in
2634 2388 2927 2434 extremam
2972 2381 3266 2438 decidimus
3311 2387 3633 2451 amentiam,

2069 2479 2176 2518 non
2203 2475 2260 2519 ut
2291 2466 2557 2534 praeterita
2584 2468 2890 2536 ulciscatur,
2921 2470 3013 2524 sed
3043 2481 3098 2525 ut
3127 2489 3224 2526 nos
3248 2490 3278 2529 a
3300 2476 3488 2531 morbo
3511 2478 3645 2533 libe-

2069 2562 2176 2620 ret,
2210 2554 2339 2610 nihil
2373 2571 2476 2610 non
2519 2556 2646 2611 dicit
2681 2567 2736 2612 et
2774 2558 2899 2613 facit
2927 2578 2938 2612 :
2973 2562 3114 2630 quod
3141 2577 3270 2618 sane
3299 2565 3470 2634 quivis
3496 2576 3643 2623 recto

2069 2658 2198 2698 usus
2222 2645 2500 2700 ratiocinio
2530 2649 2834 2717 perspicere
2863 2650 3022 2704 valet.
3533 2711 3535 2714 ,

2139 2736 2193 2792 5.
2235 2737 2290 2793 Si
2316 2753 2442 2792 vero
2477 2739 2737 2810 quispiam
2767 2740 2880 2795 hare
2907 2742 2960 2795 in
2985 2742 3199 2798 dubium
3226 2747 3492 2802 vocaverit
3528 2789 3545 2815 ,
3575 2763 3639 2803 ex

2070 2827 2262 2883 divinis
2290 2830 2577 2899 Scripturis
2600 2847 2662 2886 ea
2699 2832 2810 2900 ipsa
2841 2833 3154 2890 confirmare
3185 2838 3238 2891 in
3265 2849 3508 2909 promptu
3537 2852 3639 2896 est.

2070 2919 2200 2974 Nam
2218 2921 2358 2990 quis,
2387 2937 2595 2992 quaeso,
2613 2939 2736 2993 rege
2754 2924 3158 2994 Babyloniorum
3188 2931 3494 2989 sceleratior
3515 2935 3643 2988 fuit?

2069 3011 2159 3080 qui
2189 3026 2306 3066 cum
2333 3021 2529 3067 tantam
2569 3015 2658 3069 Dei
2678 3017 2960 3084 potentiam
2977 3030 3227 3088 expertus
3257 3032 3418 3089 esset,
3439 3035 3496 3078 ut
3515 3042 3639 3094 pro-

2072 3102 2282 3170 phetam
2310 3103 2425 3172 ejus
2461 3105 2707 3159 adoraret
2726 3147 2739 3169 ,
2757 3105 3073 3178 juberctquc
3095 3111 3144 3164 ei
3171 3127 3356 3167 manaa
3384 3116 3403 3145 ²
3433 3156 3448 3180 ,
3485 3116 3535 3170 id
3559 3125 3644 3172 est

2070 3190 2230 3256 dona,
2262 3202 2318 3247 et
2339 3192 2532 3248 odores
2561 3193 2756 3259 offerri,
2790 3212 2974 3252 rursus
3005 3201 3056 3251 in
3089 3201 3363 3269 pristinam
3394 3220 3641 3263 reversus

2071 3282 2371 3350 superbiam
2408 3297 2522 3348 eos,
2559 3284 2647 3353 qui
2689 3285 2858 3354 ipsum
2892 3287 3000 3341 Deo
3042 3290 3292 3358 praeferre
3334 3294 3636 3360 noluerant,

2071 3373 2257 3443 ligatos
2279 3374 2329 3427 in
2354 3373 2620 3430 fornacem
2650 3377 2893 3446 conjecit.
2915 3379 3161 3436 Attamen
3188 3382 3329 3439 hunc
3353 3385 3422 3440 ita
3451 3388 3641 3445 crude-

2073 3464 2175 3519 lem
2197 3507 2212 3529 ,
2245 3466 2461 3535 impium
2484 3508 2498 3532 ,
2532 3467 2802 3538 feramque
2838 3471 3011 3538 potius
3039 3487 3196 3542 quam
3239 3474 3542 3546 hominem,
3569 3483 3639 3536 ad

2073 3559 2436 3628 paenitentiam
2460 3570 2733 3629 provocat,
2755 3562 2988 3632 aliasque
3006 3565 3271 3636 offertipsi
3293 3570 3641 3639 resipiscendi

2072 3650 2410 3714 occasiones;
2436 3650 2606 3719 primo
2638 3652 2807 3720 ipsum
2843 3653 3154 3709 miraculum
3178 3659 3317 3726 quod
3341 3660 3392 3714 in
3422 3660 3637 3720 fornace

2071 3740 2326 3809 contigit;
2355 3741 2545 3796 deinde
2566 3742 2840 3807 visionem,
2872 3745 2978 3813 regi
3007 3746 3256 3814 oblatam,
3283 3766 3440 3820 quam
3469 3755 3636 3810 inter-

2073 3840 2306 3898 pretatus
2327 3841 2408 3885 est
2425 3833 2626 3899 Daniel,
2649 3849 2766 3902 qua:
2797 3844 3004 3902 poterat
3025 3838 3106 3891 vel
3125 3839 3385 3908 lapideam
3407 3847 3636 3902 animam

2073 3922 2288 3976 flectere
2321 3940 2333 3975 :
2362 3923 2571 3976 tandem
2597 3935 2713 3992 post
2737 3925 2881 3979 illam
2907 3943 2969 3981 ex
2993 3929 3150 3983 rebus
3181 3932 3308 4000 ipsis
3335 3933 3523 3991 factam
3549 3941 3638 3993 ad-

2072 4014 2416 4068 monitionem
2440 4057 2455 4080 ,
2485 4015 2598 4084 ipse
2637 4017 2892 4086 prepheta
2928 4021 3204 4074 consilium
3235 4024 3379 4079 dedit
3418 4028 3499 4082 his
3521 4047 3640 4085 ver-

2073 4103 2154 4157 bis
2185 4123 2197 4157 :
2229 4102 2524 4172 Propterea,
2557 4122 2648 4158 rea:
2669 4148 2684 4172 ,
2713 4108 2975 4161 consilium
3003 4126 3165 4162 meum
3199 4113 3284 4166 tibi
3327 4115 3520 4184 placeat
3545 4161 3560 4182 ,
3593 4132 3638 4175 et

2072 4205 2274 4264 peccata
2297 4205 2380 4248 tua
2407 4197 2458 4249 in
2482 4197 2800 4266 cleemosynis
2837 4199 3042 4266 redime,
3075 4212 3121 4253 et
3139 4203 3420 4271 iniquitates
3451 4218 3562 4264 tuas
3586 4214 3637 4264 in

2085 4286 2484 4339 miserationibus
2530 4304 2806 4356 pauperum
2850 4304 2869 4342 :
2907 4293 3115 4360 forsitan
3153 4295 3246 4346 erit
3291 4295 3642 4366 longanimitas

2073 4375 2264 4430 delictis
2305 4379 2402 4430 tuis
2444 4376 2604 4448 (Dan.
2639 4380 2693 4432 4.
2723 4378 2838 4449 Ἡ).
2881 4381 3015 4448 Quid
3053 4383 3221 4449 dicis,
3268 4401 3300 4438 ο
3335 4392 3544 4458 sapiens
3587 4405 3637 4450 et

2075 4469 2272 4524 beate?
2304 4480 2454 4524 estne
2491 4479 2611 4538 post
2657 4479 2858 4524 tantum
2900 4474 3105 4542 lapsum
3152 4477 3385 4543 reditus,
3423 4493 3477 4536 et
3520 4497 3644 4555 post

2074 4569 2275 4615 tantum
2327 4561 2569 4616 morbum
2619 4563 2872 4615 sanitas?
2923 4579 3202 4622 rursumne
3253 4580 3373 4638 post
3441 4581 3642 4631 tantam

2072 4654 2355 4707 amentiam
2381 4667 2503 4721 spes
2526 4654 2903 4721 resipiscentitc
2919 4655 2940 4708 ?
2955 4653 3174 4710 Omnem
3203 4661 3350 4728 prius
3371 4679 3518 4731 spem
3542 4667 3645 4722 sibi

2074 4745 2312 4813 prrecidit
2345 4760 2458 4808 rex,
2503 4747 2674 4813 primo
2709 4761 2830 4799 cum
2872 4756 3166 4803 creatorem
3203 4765 3386 4817 suum,
3411 4771 3642 4829 emnque

2073 4834 2161 4903 qui
2189 4851 2247 4887 se
2266 4833 2330 4888 ad
2351 4843 2548 4886 tantum
2566 4834 2820 4889 honorem
2848 4846 3113 4904 evexerat,
3135 4840 3414 4910 ignoravit,
3432 4847 3641 4906 etiamsi

2073 4927 2188 4992 ejus
2242 4926 2489 4993 potentia:
2534 4937 2691 4996 atque
2741 4927 3081 4995 providentia:
3139 4947 3450 5002 argumenta
3505 4940 3643 4998 bene

2075 5015 2260 5080 multa,
2286 5023 2394 5067 tum
2420 5029 2542 5081 erga
2568 5031 2646 5075 se.
2671 5025 2780 5069 tum
2804 5031 2929 5086 erga
2953 5021 3314 5088 progenitores
3337 5041 3463 5081 suos
3485 5031 3637 5084 exhi-

2075 5105 2202 5166 bita,
2235 5105 2530 5158 enarranda
2560 5104 2800 5159 haberet.
2825 5107 3026 5162 Deinde
3051 5125 3198 5174 vero,
3230 5126 3349 5167 cum
3377 5125 3496 5183 post
3519 5117 3640 5175 data

2073 5196 2345 5266 sapientia:
2374 5203 2428 5250 et
2455 5196 2796 5264 praescientia:
2825 5198 2939 5266 ejus
2975 5200 3121 5267 signa
3160 5205 3464 5273 conspicua,
3498 5221 3640 5276 post—

2074 5304 2232 5357 quam
2263 5289 2518 5357 magicen,
2550 5291 2959 5356 astronomiam,
2993 5308 3310 5364 omnemque
3345 5299 3637 5356 diabolica-

2075 5393 2194 5431 rum
2225 5378 2602 5447 praestigiarum
2631 5393 2842 5434 scenam
2873 5394 3109 5434 eversam
3130 5384 3363 5452 vidisset,
3391 5393 3634 5457 graviora

2124 5676 2135 5703 ι
2161 5677 2378 5720 uolneri.
2404 5680 2546 5724 unus,
2570 5665 2655 5716 sed
2676 5673 2724 5716 ut
2747 5664 3001 5728 pulchrum
3023 5663 3143 5713 iliua
3171 5661 3360 5711 mitium
3381 5670 3570 5725 augetu.

2061 5796 2094 5845 ά
2124 5737 2142 5764 ²
2173 5736 2347 5780 Munca
2385 5738 2462 5780 est
2487 5743 2574 5781 vox
2599 5729 2846 5791 hebraica,
2884 5741 2994 5789 qua
3037 5728 3282 5789 signibcat
3327 5737 3513 5783 manus,
3553 5730 3638 5774 aut

2097 5808 2257 5846 ontun.
