  <div class='ocr_page' id='page_1' title='image "/cluster/home/n/w/nwhite01/storage/ocr_20150623/47/nnc1.0046978321/243.png"; bbox 0 0 4096 6392; ppageno 0'>
   <div class='ocr_carea' id='block_1_1' title="bbox 445 340 554 399">
    <p class='ocr_par' dir='ltr' id='par_1_1' title="bbox 445 340 554 399">
     <span class='ocr_line' id='line_1_1' title="bbox 445 340 554 399; baseline 0 -3"><span class='ocrx_word' id='word_1_1' title='bbox 445 340 554 399; x_wconf 69' lang='grc'><strong>283</strong></span> 
     </span>
    </p>
   </div>
   <div class='ocr_carea' id='block_1_2' title="bbox 445 451 2010 534">
    <p class='ocr_par' dir='ltr' id='par_1_2' title="bbox 445 451 2010 534">
     <span class='ocr_line' id='line_1_2' title="bbox 445 451 2010 534; baseline -0.007 -17"><span class='ocrx_word' id='word_1_2' title='bbox 445 459 710 534; x_wconf 80' lang='lat' dir='ltr'><strong>prioribus</strong></span> <span class='ocrx_word' id='word_1_3' title='bbox 729 456 959 513; x_wconf 75' lang='lat' dir='ltr'><strong>admisit.</strong></span> <span class='ocrx_word' id='word_1_4' title='bbox 978 455 1109 512; x_wconf 78' lang='lat' dir='ltr'><strong>Nam</strong></span> <span class='ocrx_word' id='word_1_5' title='bbox 1125 469 1189 512; x_wconf 91' lang='lat' dir='ltr'><strong>ea</strong></span> <span class='ocrx_word' id='word_1_6' title='bbox 1215 469 1334 526; x_wconf 65' lang='lat' dir='ltr'><strong>quae</strong></span> <span class='ocrx_word' id='word_1_7' title='bbox 1355 454 1621 524; x_wconf 90' lang='lat' dir='ltr'><strong>sapientes</strong></span> <span class='ocrx_word' id='word_1_8' title='bbox 1649 453 1726 508; x_wconf 87' lang='lat' dir='ltr'><strong>illi</strong></span> <span class='ocrx_word' id='word_1_9' title='bbox 1750 453 1888 524; x_wconf 91' lang='lat' dir='ltr'><strong>magi</strong></span> <span class='ocrx_word' id='word_1_10' title='bbox 1904 451 2010 508; x_wconf 81' lang='lat' dir='ltr'><strong>Ga-</strong></span> 
     </span>
    </p>
   </div>
   <div class='ocr_carea' id='block_1_3' title="bbox 444 544 2017 620">
    <p class='ocr_par' dir='ltr' id='par_1_3' title="bbox 444 544 2017 620">
     <span class='ocr_line' id='line_1_3' title="bbox 444 544 2017 620; baseline -0.006 -12"><span class='ocrx_word' id='word_1_11' title='bbox 444 551 623 608; x_wconf 74' lang='lat' dir='ltr'><strong>sareni</strong></span> <span class='ocrx_word' id='word_1_12' title='bbox 647 549 914 620; x_wconf 87' lang='lat' dir='ltr'><strong>explicare</strong></span> <span class='ocrx_word' id='word_1_13' title='bbox 938 561 1046 603; x_wconf 91' lang='lat' dir='ltr'><strong>non</strong></span> <span class='ocrx_word' id='word_1_14' title='bbox 1074 556 1340 618; x_wconf 77' lang='lat' dir='ltr'><strong>poterant,</strong></span> <span class='ocrx_word' id='word_1_15' title='bbox 1371 545 1468 601; x_wconf 93' lang='lat' dir='ltr'><strong>sed</strong></span> <span class='ocrx_word' id='word_1_16' title='bbox 1494 544 1881 601; x_wconf 83' lang='lat' dir='ltr'><strong>confitebantur</strong></span> <span class='ocrx_word' id='word_1_17' title='bbox 1903 558 2017 598; x_wconf 90' lang='lat' dir='ltr'><strong>ma-</strong></span> 
     </span>
    </p>
   </div>
   <div class='ocr_carea' id='block_1_4' title="bbox 441 637 2016 715">
    <p class='ocr_par' dir='ltr' id='par_1_4' title="bbox 441 637 2016 715">
     <span class='ocr_line' id='line_1_4' title="bbox 441 637 2016 715; baseline -0.007 -16"><span class='ocrx_word' id='word_1_18' title='bbox 441 644 560 715; x_wconf 90' lang='lat' dir='ltr'><strong>iora</strong></span> <span class='ocrx_word' id='word_1_19' title='bbox 585 658 724 706; x_wconf 85' lang='lat' dir='ltr'><strong>esse,</strong></span> <span class='ocrx_word' id='word_1_20' title='bbox 747 656 906 711; x_wconf 88' lang='lat' dir='ltr'><strong>quam</strong></span> <span class='ocrx_word' id='word_1_21' title='bbox 928 641 1156 694; x_wconf 89' lang='lat' dir='ltr'><strong>humana</strong></span> <span class='ocrx_word' id='word_1_22' title='bbox 1177 637 1397 692; x_wconf 78' lang='lat' dir='ltr'><strong>facultas</strong></span> <span class='ocrx_word' id='word_1_23' title='bbox 1416 645 1651 707; x_wconf 86' lang='lat' dir='ltr'><strong>caperet,</strong></span> <span class='ocrx_word' id='word_1_24' title='bbox 1683 652 1744 691; x_wconf 92' lang='lat' dir='ltr'><strong>ea</strong></span> <span class='ocrx_word' id='word_1_25' title='bbox 1766 637 1860 691; x_wconf 88' lang='lat' dir='ltr'><strong>Dei</strong></span> <span class='ocrx_word' id='word_1_26' title='bbox 1883 643 2016 689; x_wconf 91' lang='lat' dir='ltr'><strong>nutu</strong></span> 
     </span>
    </p>
   </div>
   <div class='ocr_carea' id='block_1_5' title="bbox 444 727 2016 805">
    <p class='ocr_par' dir='ltr' id='par_1_5' title="bbox 444 727 2016 805">
     <span class='ocr_line' id='line_1_5' title="bbox 444 727 2016 805; baseline -0.007 -14"><span class='ocrx_word' id='word_1_27' title='bbox 444 739 821 805; x_wconf 85' lang='lat' dir='ltr'><strong>interpretatus</strong></span> <span class='ocrx_word' id='word_1_28' title='bbox 837 732 1092 804; x_wconf 86' lang='lat' dir='ltr'><strong>puerulus</strong></span> <span class='ocrx_word' id='word_1_29' title='bbox 1116 731 1372 800; x_wconf 90' lang='lat' dir='ltr'><strong>captivus,</strong></span> <span class='ocrx_word' id='word_1_30' title='bbox 1398 729 1574 799; x_wconf 90' lang='lat' dir='ltr'><strong>ipsum</strong></span> <span class='ocrx_word' id='word_1_31' title='bbox 1595 728 1895 798; x_wconf 90' lang='lat' dir='ltr'><strong>huiusmodi</strong></span> <span class='ocrx_word' id='word_1_32' title='bbox 1916 727 2016 781; x_wconf 92' lang='lat' dir='ltr'><strong>mi-</strong></span> 
     </span>
    </p>
   </div>
   <div class='ocr_carea' id='block_1_6' title="bbox 449 818 2013 895">
    <p class='ocr_par' dir='ltr' id='par_1_6' title="bbox 449 818 2013 895">
     <span class='ocr_line' id='line_1_6' title="bbox 449 818 2013 895; baseline -0.005 -13"><span class='ocrx_word' id='word_1_33' title='bbox 449 827 636 882; x_wconf 90' lang='lat' dir='ltr'><strong>raculo</strong></span> <span class='ocrx_word' id='word_1_34' title='bbox 664 839 900 895; x_wconf 89' lang='lat' dir='ltr'><strong>eousque</strong></span> <span class='ocrx_word' id='word_1_35' title='bbox 923 823 1139 882; x_wconf 82' lang='lat' dir='ltr'><strong>deduxit</strong></span> <span class='ocrx_word' id='word_1_36' title='bbox 1158 863 1172 885; x_wconf 91' lang='lat'><strong>,</strong></span> <span class='ocrx_word' id='word_1_37' title='bbox 1205 831 1264 876; x_wconf 90' lang='lat' dir='ltr'><strong>ut</strong></span> <span class='ocrx_word' id='word_1_38' title='bbox 1293 838 1398 876; x_wconf 90' lang='lat' dir='ltr'><strong>non</strong></span> <span class='ocrx_word' id='word_1_39' title='bbox 1435 821 1592 876; x_wconf 88' lang='lat' dir='ltr'><strong>modo</strong></span> <span class='ocrx_word' id='word_1_40' title='bbox 1613 820 1857 876; x_wconf 88' lang='lat' dir='ltr'><strong>crederet</strong></span> <span class='ocrx_word' id='word_1_41' title='bbox 1876 861 1890 884; x_wconf 90' lang='lat'><strong>,</strong></span> <span class='ocrx_word' id='word_1_42' title='bbox 1919 818 2013 874; x_wconf 91' lang='lat' dir='ltr'><strong>sed</strong></span> 
     </span>
    </p>
   </div>
   <div class='ocr_carea' id='block_1_7' title="bbox 443 913 2016 984">
    <p class='ocr_par' dir='ltr' id='par_1_7' title="bbox 443 913 2016 984">
     <span class='ocr_line' id='line_1_7' title="bbox 443 913 2016 984; baseline -0.005 -11"><span class='ocrx_word' id='word_1_43' title='bbox 443 919 604 974; x_wconf 91' lang='lat' dir='ltr'><strong>etiam</strong></span> <span class='ocrx_word' id='word_1_44' title='bbox 633 917 748 972; x_wconf 90' lang='lat' dir='ltr'><strong>orbi</strong></span> <span class='ocrx_word' id='word_1_45' title='bbox 778 925 1038 971; x_wconf 89' lang='lat' dir='ltr'><strong>terrarum</strong></span> <span class='ocrx_word' id='word_1_46' title='bbox 1079 915 1173 969; x_wconf 91' lang='lat' dir='ltr'><strong>toti</strong></span> <span class='ocrx_word' id='word_1_47' title='bbox 1216 913 1370 969; x_wconf 88' lang='lat' dir='ltr'><strong>fieret</strong></span> <span class='ocrx_word' id='word_1_48' title='bbox 1406 913 1522 984; x_wconf 88' lang='lat' dir='ltr'><strong>ejus</strong></span> <span class='ocrx_word' id='word_1_49' title='bbox 1550 913 1813 983; x_wconf 80' lang='lat' dir='ltr'><strong>dogmatis</strong></span> <span class='ocrx_word' id='word_1_50' title='bbox 1839 926 2016 982; x_wconf 65' lang='lat' dir='ltr'><strong>praeco</strong></span> 
     </span>
    </p>
   </div>
   <div class='ocr_carea' id='block_1_8' title="bbox 441 1003 2016 1078">
    <p class='ocr_par' dir='ltr' id='par_1_8' title="bbox 441 1003 2016 1078">
     <span class='ocr_line' id='line_1_8' title="bbox 441 1003 2016 1078; baseline -0.004 -14"><span class='ocrx_word' id='word_1_51' title='bbox 441 1018 498 1064; x_wconf 93' lang='lat' dir='ltr'><strong>et</strong></span> <span class='ocrx_word' id='word_1_52' title='bbox 521 1009 709 1064; x_wconf 93' lang='lat' dir='ltr'><strong>doctor</strong></span> <span class='ocrx_word' id='word_1_53' title='bbox 740 1009 984 1078; x_wconf 93' lang='lat' dir='ltr'><strong>publicus</strong></span> <span class='ocrx_word' id='word_1_54' title='bbox 1011 1025 1024 1060; x_wconf 79' lang='grc' dir='ltr'>ε</span> <span class='ocrx_word' id='word_1_55' title='bbox 1053 1007 1122 1061; x_wconf 92' lang='lat' dir='ltr'><strong>ita</strong></span> <span class='ocrx_word' id='word_1_56' title='bbox 1149 1015 1207 1060; x_wconf 91' lang='lat' dir='ltr'><strong>ut</strong></span> <span class='ocrx_word' id='word_1_57' title='bbox 1246 1007 1289 1061; x_wconf 91' lang='lat' dir='ltr'><strong>si</strong></span> <span class='ocrx_word' id='word_1_58' title='bbox 1328 1013 1452 1062; x_wconf 88' lang='lat' dir='ltr'><strong>ante</strong></span> <span class='ocrx_word' id='word_1_59' title='bbox 1478 1006 1686 1077; x_wconf 89' lang='lat' dir='ltr'><strong>signum</strong></span> <span class='ocrx_word' id='word_1_60' title='bbox 1713 1003 2016 1075; x_wconf 89' lang='lat' dir='ltr'><strong>huiusmodi</strong></span> 
     </span>
    </p>
   </div>
   <div class='ocr_carea' id='block_1_9' title="bbox 441 1095 2018 1168">
    <p class='ocr_par' dir='ltr' id='par_1_9' title="bbox 441 1095 2018 1168">
     <span class='ocr_line' id='line_1_9' title="bbox 441 1095 2018 1168; baseline -0.004 -14"><span class='ocrx_word' id='word_1_61' title='bbox 441 1101 598 1162; x_wconf 84' lang='lat' dir='ltr'><strong>venia</strong></span> <span class='ocrx_word' id='word_1_62' title='bbox 619 1097 867 1168; x_wconf 89' lang='lat' dir='ltr'><strong>indignus</strong></span> <span class='ocrx_word' id='word_1_63' title='bbox 893 1106 1028 1160; x_wconf 88' lang='lat' dir='ltr'><strong>erat,</strong></span> <span class='ocrx_word' id='word_1_64' title='bbox 1055 1096 1195 1168; x_wconf 91' lang='lat' dir='ltr'><strong>quod</strong></span> <span class='ocrx_word' id='word_1_65' title='bbox 1222 1097 1389 1152; x_wconf 89' lang='lat' dir='ltr'><strong>Deum</strong></span> <span class='ocrx_word' id='word_1_66' title='bbox 1416 1097 1706 1167; x_wconf 80' lang='lat' dir='ltr'><strong>ignoraret,</strong></span> <span class='ocrx_word' id='word_1_67' title='bbox 1737 1095 1903 1149; x_wconf 92' lang='lat' dir='ltr'><strong>multo</strong></span> <span class='ocrx_word' id='word_1_68' title='bbox 1935 1095 2018 1148; x_wconf 82' lang='lat' dir='ltr'><strong>in-</strong></span> 
     </span>
    </p>
   </div>
   <div class='ocr_carea' id='block_1_10' title="bbox 441 1184 2016 1261">
    <p class='ocr_par' dir='ltr' id='par_1_10' title="bbox 441 1184 2016 1261">
     <span class='ocr_line' id='line_1_10' title="bbox 441 1184 2016 1261; baseline -0.003 -17"><span class='ocrx_word' id='word_1_69' title='bbox 441 1189 654 1261; x_wconf 74' lang='lat' dir='ltr'><strong>digniqr</strong></span> <span class='ocrx_word' id='word_1_70' title='bbox 686 1199 808 1260; x_wconf 92' lang='lat' dir='ltr'><strong>post</strong></span> <span class='ocrx_word' id='word_1_71' title='bbox 847 1188 976 1244; x_wconf 89' lang='lat' dir='ltr'><strong>illud</strong></span> <span class='ocrx_word' id='word_1_72' title='bbox 1018 1187 1332 1242; x_wconf 88' lang='lat' dir='ltr'><strong>miraculum</strong></span> <span class='ocrx_word' id='word_1_73' title='bbox 1373 1195 1429 1242; x_wconf 91' lang='lat' dir='ltr'><strong>et</strong></span> <span class='ocrx_word' id='word_1_74' title='bbox 1464 1194 1586 1257; x_wconf 90' lang='lat' dir='ltr'><strong>post</strong></span> <span class='ocrx_word' id='word_1_75' title='bbox 1628 1184 2016 1240; x_wconf 91' lang='lat' dir='ltr'><strong>confessionem</strong></span> 
     </span>
    </p>
   </div>
   <div class='ocr_carea' id='block_1_11' title="bbox 444 1277 2014 1350">
    <p class='ocr_par' dir='ltr' id='par_1_11' title="bbox 444 1277 2014 1350">
     <span class='ocr_line' id='line_1_11' title="bbox 444 1277 2014 1350; baseline -0.004 -13"><span class='ocrx_word' id='word_1_76' title='bbox 444 1296 594 1337; x_wconf 90' lang='lat' dir='ltr'><strong>suam</strong></span> <span class='ocrx_word' id='word_1_77' title='bbox 618 1291 776 1350; x_wconf 89' lang='lat' dir='ltr'><strong>atque</strong></span> <span class='ocrx_word' id='word_1_78' title='bbox 819 1280 1116 1336; x_wconf 88' lang='lat' dir='ltr'><strong>doctrinam</strong></span> <span class='ocrx_word' id='word_1_79' title='bbox 1144 1279 1261 1334; x_wconf 88' lang='lat' dir='ltr'><strong>aliis</strong></span> <span class='ocrx_word' id='word_1_80' title='bbox 1291 1278 1632 1334; x_wconf 86' lang='lat' dir='ltr'><strong>declaratam.</strong></span> <span class='ocrx_word' id='word_1_81' title='bbox 1659 1277 1842 1348; x_wconf 84' lang='lat' dir='ltr'><strong>Neque</strong></span> <span class='ocrx_word' id='word_1_82' title='bbox 1873 1277 2014 1331; x_wconf 91' lang='lat' dir='ltr'><strong>enim</strong></span> 
     </span>
    </p>
   </div>
   <div class='ocr_carea' id='block_1_12' title="bbox 444 1368 2012 1443">
    <p class='ocr_par' dir='ltr' id='par_1_12' title="bbox 444 1368 2012 1443">
     <span class='ocr_line' id='line_1_12' title="bbox 444 1368 2012 1443; baseline -0.004 -17"><span class='ocrx_word' id='word_1_83' title='bbox 444 1373 545 1427; x_wconf 89' lang='lat' dir='ltr'><strong>nisi</strong></span> <span class='ocrx_word' id='word_1_84' title='bbox 568 1372 726 1443; x_wconf 83' lang='lat' dir='ltr'><strong>plane</strong></span> <span class='ocrx_word' id='word_1_85' title='bbox 749 1371 1067 1427; x_wconf 88' lang='lat' dir='ltr'><strong>credidisset</strong></span> <span class='ocrx_word' id='word_1_86' title='bbox 1085 1371 1257 1441; x_wconf 92' lang='lat' dir='ltr'><strong>ipsum</strong></span> <span class='ocrx_word' id='word_1_87' title='bbox 1285 1370 1458 1426; x_wconf 90' lang='lat' dir='ltr'><strong>solum</strong></span> <span class='ocrx_word' id='word_1_88' title='bbox 1478 1383 1599 1425; x_wconf 89' lang='lat' dir='ltr'><strong>esse</strong></span> <span class='ocrx_word' id='word_1_89' title='bbox 1617 1383 1802 1424; x_wconf 90' lang='lat' dir='ltr'><strong>verum</strong></span> <span class='ocrx_word' id='word_1_90' title='bbox 1826 1368 2012 1430; x_wconf 91' lang='lat' dir='ltr'><strong>Deum,</strong></span> 
     </span>
    </p>
   </div>
   <div class='ocr_carea' id='block_1_13' title="bbox 445 1456 2016 1531">
    <p class='ocr_par' dir='ltr' id='par_1_13' title="bbox 445 1456 2016 1531">
     <span class='ocr_line' id='line_1_13' title="bbox 445 1456 2016 1531; baseline -0.004 -15"><span class='ocrx_word' id='word_1_91' title='bbox 445 1472 650 1517; x_wconf 89' lang='lat' dir='ltr'><strong>tantum</strong></span> <span class='ocrx_word' id='word_1_92' title='bbox 677 1476 833 1517; x_wconf 90' lang='lat' dir='ltr'><strong>servo</strong></span> <span class='ocrx_word' id='word_1_93' title='bbox 852 1461 968 1531; x_wconf 88' lang='lat' dir='ltr'><strong>ejus</strong></span> <span class='ocrx_word' id='word_1_94' title='bbox 982 1461 1241 1515; x_wconf 90' lang='lat' dir='ltr'><strong>honorem</strong></span> <span class='ocrx_word' id='word_1_95' title='bbox 1261 1459 1562 1523; x_wconf 89' lang='lat' dir='ltr'><strong>detulisset,</strong></span> <span class='ocrx_word' id='word_1_96' title='bbox 1588 1473 1688 1514; x_wconf 89' lang='lat' dir='ltr'><strong>nec</strong></span> <span class='ocrx_word' id='word_1_97' title='bbox 1711 1456 2016 1527; x_wconf 89' lang='lat' dir='ltr'><strong>huiusmodi</strong></span> 
     </span>
    </p>
   </div>
   <div class='ocr_carea' id='block_1_14' title="bbox 444 1547 2015 1620">
    <p class='ocr_par' dir='ltr' id='par_1_14' title="bbox 444 1547 2015 1620">
     <span class='ocr_line' id='line_1_14' title="bbox 444 1547 2015 1620; baseline -0.004 -12"><span class='ocrx_word' id='word_1_98' title='bbox 444 1553 694 1608; x_wconf 87' lang='lat' dir='ltr'><strong>mandata</strong></span> <span class='ocrx_word' id='word_1_99' title='bbox 732 1553 941 1607; x_wconf 68' lang='lat' dir='ltr'><strong>caneris</strong></span> <span class='ocrx_word' id='word_1_100' title='bbox 974 1552 1226 1607; x_wconf 88' lang='lat' dir='ltr'><strong>dedisset.</strong></span> <span class='ocrx_word' id='word_1_101' title='bbox 1269 1552 1515 1606; x_wconf 85' lang='lat' dir='ltr'><strong>Attamen</strong></span> <span class='ocrx_word' id='word_1_102' title='bbox 1549 1558 1670 1620; x_wconf 90' lang='lat' dir='ltr'><strong>post</strong></span> <span class='ocrx_word' id='word_1_103' title='bbox 1711 1547 2015 1618; x_wconf 91' lang='lat' dir='ltr'><strong>huiusmodi</strong></span> 
     </span>
    </p>
   </div>
   <div class='ocr_carea' id='block_1_15' title="bbox 445 1642 2018 1712">
    <p class='ocr_par' dir='ltr' id='par_1_15' title="bbox 445 1642 2018 1712">
     <span class='ocr_line' id='line_1_15' title="bbox 445 1642 2018 1712; baseline -0.004 -11"><span class='ocrx_word' id='word_1_104' title='bbox 445 1647 830 1701; x_wconf 74' lang='lat' dir='ltr'><strong>confessionem</strong></span> <span class='ocrx_word' id='word_1_105' title='bbox 858 1646 909 1700; x_wconf 94' lang='lat' dir='ltr'><strong>in</strong></span> <span class='ocrx_word' id='word_1_106' title='bbox 932 1645 1283 1700; x_wconf 91' lang='lat' dir='ltr'><strong>idololatriam</strong></span> <span class='ocrx_word' id='word_1_107' title='bbox 1311 1645 1501 1698; x_wconf 89' lang='lat' dir='ltr'><strong>iterum</strong></span> <span class='ocrx_word' id='word_1_108' title='bbox 1529 1642 1780 1712; x_wconf 89' lang='lat' dir='ltr'><strong>delapsus</strong></span> <span class='ocrx_word' id='word_1_109' title='bbox 1808 1651 1890 1697; x_wconf 90' lang='lat' dir='ltr'><strong>est</strong></span> <span class='ocrx_word' id='word_1_110' title='bbox 1917 1657 1932 1695; x_wconf 88' lang='lat'><strong>:</strong></span> <span class='ocrx_word' id='word_1_111' title='bbox 1962 1650 2018 1696; x_wconf 90' lang='lat' dir='ltr'><strong>et</strong></span> 
     </span>
    </p>
   </div>
   <div class='ocr_carea' id='block_1_16' title="bbox 444 1733 2014 1808">
    <p class='ocr_par' dir='ltr' id='par_1_16' title="bbox 444 1733 2014 1808">
     <span class='ocr_line' id='line_1_16' title="bbox 444 1733 2014 1808; baseline -0.004 -17"><span class='ocrx_word' id='word_1_112' title='bbox 444 1737 535 1808; x_wconf 87' lang='lat' dir='ltr'><strong>qui</strong></span> <span class='ocrx_word' id='word_1_113' title='bbox 582 1747 876 1808; x_wconf 84' lang='lat' dir='ltr'><strong>prostratus</strong></span> <span class='ocrx_word' id='word_1_114' title='bbox 916 1736 969 1790; x_wconf 88' lang='lat' dir='ltr'><strong>in</strong></span> <span class='ocrx_word' id='word_1_115' title='bbox 1021 1735 1211 1790; x_wconf 88' lang='lat' dir='ltr'><strong>faciem</strong></span> <span class='ocrx_word' id='word_1_116' title='bbox 1263 1750 1476 1789; x_wconf 78' lang='lat' dir='ltr'><strong>servum</strong></span> <span class='ocrx_word' id='word_1_117' title='bbox 1523 1733 1617 1788; x_wconf 91' lang='lat' dir='ltr'><strong>Dei</strong></span> <span class='ocrx_word' id='word_1_118' title='bbox 1659 1733 2014 1797; x_wconf 90' lang='lat' dir='ltr'><strong>adoraverat,</strong></span> 
     </span>
    </p>
   </div>
   <div class='ocr_carea' id='block_1_17' title="bbox 449 1823 2016 1905">
    <p class='ocr_par' dir='ltr' id='par_1_17' title="bbox 449 1823 2016 1905">
     <span class='ocr_line' id='line_1_17' title="bbox 449 1823 2016 1905; baseline -0.003 -25"><span class='ocrx_word' id='word_1_119' title='bbox 449 1836 596 1881; x_wconf 90' lang='lat' dir='ltr'><strong>tanto</strong></span> <span class='ocrx_word' id='word_1_120' title='bbox 626 1837 806 1896; x_wconf 91' lang='lat' dir='ltr'><strong>postea</strong></span> <span class='ocrx_word' id='word_1_121' title='bbox 836 1826 1016 1905; x_wconf 76' lang='lat' dir='ltr'><strong>furore</strong></span> <span class='ocrx_word' id='word_1_122' title='bbox 1043 1835 1318 1895; x_wconf 89' lang='lat' dir='ltr'><strong>correptus</strong></span> <span class='ocrx_word' id='word_1_123' title='bbox 1356 1833 1458 1891; x_wconf 91' lang='lat' dir='ltr'><strong>est,</strong></span> <span class='ocrx_word' id='word_1_124' title='bbox 1487 1836 1546 1878; x_wconf 91' lang='lat' dir='ltr'><strong>ut</strong></span> <span class='ocrx_word' id='word_1_125' title='bbox 1573 1825 1664 1879; x_wconf 87' lang='lat' dir='ltr'><strong>Dei</strong></span> <span class='ocrx_word' id='word_1_126' title='bbox 1687 1832 1898 1890; x_wconf 83' lang='lat' dir='ltr'><strong>servos,</strong></span> <span class='ocrx_word' id='word_1_127' title='bbox 1926 1823 2016 1893; x_wconf 90' lang='lat' dir='ltr'><strong>qui</strong></span> 
     </span>
    </p>
   </div>
   <div class='ocr_carea' id='block_1_18' title="bbox 445 1915 2014 1992">
    <p class='ocr_par' dir='ltr' id='par_1_18' title="bbox 445 1915 2014 1992">
     <span class='ocr_line' id='line_1_18' title="bbox 445 1915 2014 1992; baseline -0.003 -17"><span class='ocrx_word' id='word_1_128' title='bbox 445 1923 616 1992; x_wconf 90' lang='lat' dir='ltr'><strong>ipsum</strong></span> <span class='ocrx_word' id='word_1_129' title='bbox 633 1921 856 1975; x_wconf 91' lang='lat' dir='ltr'><strong>adorare</strong></span> <span class='ocrx_word' id='word_1_130' title='bbox 873 1920 1172 1986; x_wconf 87' lang='lat' dir='ltr'><strong>noluerant,</strong></span> <span class='ocrx_word' id='word_1_131' title='bbox 1187 1918 1238 1972; x_wconf 93' lang='lat' dir='ltr'><strong>in</strong></span> <span class='ocrx_word' id='word_1_132' title='bbox 1257 1918 1520 1972; x_wconf 78' lang='lat' dir='ltr'><strong>fornacem</strong></span> <span class='ocrx_word' id='word_1_133' title='bbox 1536 1917 1860 1972; x_wconf 90' lang='lat' dir='ltr'><strong>immitteret.</strong></span> <span class='ocrx_word' id='word_1_134' title='bbox 1879 1915 2014 1984; x_wconf 87' lang='lat' dir='ltr'><strong>Quid</strong></span> 
     </span>
    </p>
   </div>
   <div class='ocr_carea' id='block_1_19' title="bbox 449 2005 2015 2082">
    <p class='ocr_par' dir='ltr' id='par_1_19' title="bbox 449 2005 2015 2082">
     <span class='ocr_line' id='line_1_19' title="bbox 449 2005 2015 2082; baseline -0.004 -16"><span class='ocrx_word' id='word_1_135' title='bbox 449 2011 644 2082; x_wconf 78' lang='lat' dir='ltr'><strong>igitur?</strong></span> <span class='ocrx_word' id='word_1_136' title='bbox 674 2027 798 2065; x_wconf 92' lang='lat' dir='ltr'><strong>num</strong></span> <span class='ocrx_word' id='word_1_137' title='bbox 824 2011 964 2065; x_wconf 91' lang='lat' dir='ltr'><strong>Deus</strong></span> <span class='ocrx_word' id='word_1_138' title='bbox 991 2019 1286 2080; x_wconf 90' lang='lat' dir='ltr'><strong>apostatam</strong></span> <span class='ocrx_word' id='word_1_139' title='bbox 1318 2009 1458 2064; x_wconf 90' lang='lat' dir='ltr'><strong>ultus</strong></span> <span class='ocrx_word' id='word_1_140' title='bbox 1485 2017 1601 2074; x_wconf 91' lang='lat' dir='ltr'><strong>est,</strong></span> <span class='ocrx_word' id='word_1_141' title='bbox 1631 2019 1686 2061; x_wconf 92' lang='lat' dir='ltr'><strong>ut</strong></span> <span class='ocrx_word' id='word_1_142' title='bbox 1715 2007 1894 2061; x_wconf 90' lang='lat' dir='ltr'><strong>ulcisci</strong></span> <span class='ocrx_word' id='word_1_143' title='bbox 1918 2005 2015 2060; x_wconf 91' lang='lat' dir='ltr'><strong>de-</strong></span> 
     </span>
    </p>
   </div>
   <div class='ocr_carea' id='block_1_20' title="bbox 447 2098 2018 2170">
    <p class='ocr_par' dir='ltr' id='par_1_20' title="bbox 447 2098 2018 2170">
     <span class='ocr_line' id='line_1_20' title="bbox 447 2098 2018 2170; baseline -0.004 -12"><span class='ocrx_word' id='word_1_144' title='bbox 447 2103 645 2158; x_wconf 81' lang='lat' dir='ltr'><strong>bebat?</strong></span> <span class='ocrx_word' id='word_1_145' title='bbox 670 2101 919 2168; x_wconf 90' lang='lat' dir='ltr'><strong>Quinimo</strong></span> <span class='ocrx_word' id='word_1_146' title='bbox 941 2102 1140 2170; x_wconf 90' lang='lat' dir='ltr'><strong>maiora</strong></span> <span class='ocrx_word' id='word_1_147' title='bbox 1164 2099 1262 2170; x_wconf 91' lang='lat' dir='ltr'><strong>ipsi</strong></span> <span class='ocrx_word' id='word_1_148' title='bbox 1295 2099 1544 2170; x_wconf 66' lang='lat' dir='ltr'><strong>potentia:</strong></span> <span class='ocrx_word' id='word_1_149' title='bbox 1577 2113 1686 2153; x_wconf 70' lang='lat' dir='ltr'><strong>suae</strong></span> <span class='ocrx_word' id='word_1_150' title='bbox 1710 2098 1857 2169; x_wconf 90' lang='lat' dir='ltr'><strong>signa</strong></span> <span class='ocrx_word' id='word_1_151' title='bbox 1883 2113 2018 2167; x_wconf 82' lang='lat' dir='ltr'><strong>pra:-</strong></span> 
     </span>
    </p>
   </div>
   <div class='ocr_carea' id='block_1_21' title="bbox 451 2191 2018 2264">
    <p class='ocr_par' dir='ltr' id='par_1_21' title="bbox 451 2191 2018 2264">
     <span class='ocr_line' id='line_1_21' title="bbox 451 2191 2018 2264; baseline -0.003 -16"><span class='ocrx_word' id='word_1_152' title='bbox 451 2194 583 2262; x_wconf 90' lang='lat' dir='ltr'><strong>buit,</strong></span> <span class='ocrx_word' id='word_1_153' title='bbox 604 2195 882 2264; x_wconf 92' lang='lat' dir='ltr'><strong>ipsumque</strong></span> <span class='ocrx_word' id='word_1_154' title='bbox 909 2204 1029 2263; x_wconf 92' lang='lat' dir='ltr'><strong>post</strong></span> <span class='ocrx_word' id='word_1_155' title='bbox 1061 2203 1260 2248; x_wconf 88' lang='lat' dir='ltr'><strong>tantam</strong></span> <span class='ocrx_word' id='word_1_156' title='bbox 1300 2192 1569 2247; x_wconf 88' lang='lat' dir='ltr'><strong>vesaniam</strong></span> <span class='ocrx_word' id='word_1_157' title='bbox 1594 2191 1660 2246; x_wconf 93' lang='lat' dir='ltr'><strong>ad</strong></span> <span class='ocrx_word' id='word_1_158' title='bbox 1689 2192 1904 2261; x_wconf 88' lang='lat' dir='ltr'><strong>pristina</strong></span> <span class='ocrx_word' id='word_1_159' title='bbox 1923 2192 2018 2245; x_wconf 88' lang='lat' dir='ltr'><strong>ite-</strong></span> 
     </span>
    </p>
   </div>
   <div class='ocr_carea' id='block_1_22' title="bbox 447 2283 2019 2355">
    <p class='ocr_par' dir='ltr' id='par_1_22' title="bbox 447 2283 2019 2355">
     <span class='ocr_line' id='line_1_22' title="bbox 447 2283 2019 2355; baseline -0.001 -15"><span class='ocrx_word' id='word_1_160' title='bbox 447 2302 565 2341; x_wconf 91' lang='lat' dir='ltr'><strong>rum</strong></span> <span class='ocrx_word' id='word_1_161' title='bbox 597 2286 826 2340; x_wconf 86' lang='lat' dir='ltr'><strong>reduxit.</strong></span> <span class='ocrx_word' id='word_1_162' title='bbox 845 2286 1102 2355; x_wconf 84' lang='lat' dir='ltr'><strong>Quodque</strong></span> <span class='ocrx_word' id='word_1_163' title='bbox 1131 2285 1423 2340; x_wconf 84' lang='lat' dir='ltr'><strong>mirabilius</strong></span> <span class='ocrx_word' id='word_1_164' title='bbox 1447 2293 1546 2348; x_wconf 90' lang='lat' dir='ltr'><strong>est,</strong></span> <span class='ocrx_word' id='word_1_165' title='bbox 1573 2299 1640 2338; x_wconf 91' lang='lat' dir='ltr'><strong>ne</strong></span> <span class='ocrx_word' id='word_1_166' title='bbox 1659 2283 1728 2338; x_wconf 94' lang='lat' dir='ltr'><strong>ob</strong></span> <span class='ocrx_word' id='word_1_167' title='bbox 1752 2284 2019 2355; x_wconf 87' lang='lat' dir='ltr'><strong>prodigio-</strong></span> 
     </span>
    </p>
   </div>
   <div class='ocr_carea' id='block_1_23' title="bbox 451 2376 2019 2448">
    <p class='ocr_par' dir='ltr' id='par_1_23' title="bbox 451 2376 2019 2448">
     <span class='ocr_line' id='line_1_23' title="bbox 451 2376 2019 2448; baseline -0.002 -15"><span class='ocrx_word' id='word_1_168' title='bbox 451 2395 570 2434; x_wconf 88' lang='lat' dir='ltr'><strong>rum</strong></span> <span class='ocrx_word' id='word_1_169' title='bbox 593 2379 1004 2448; x_wconf 79' lang='lat' dir='ltr'><strong>magnitudinem</strong></span> <span class='ocrx_word' id='word_1_170' title='bbox 1029 2378 1160 2432; x_wconf 87' lang='lat' dir='ltr'><strong>fides</strong></span> <span class='ocrx_word' id='word_1_171' title='bbox 1180 2378 1308 2448; x_wconf 91' lang='lat' dir='ltr'><strong>ipsis</strong></span> <span class='ocrx_word' id='word_1_172' title='bbox 1333 2385 1636 2447; x_wconf 88' lang='lat' dir='ltr'><strong>negaretur,</strong></span> <span class='ocrx_word' id='word_1_173' title='bbox 1659 2380 1712 2430; x_wconf 92' lang='lat' dir='ltr'><strong>in</strong></span> <span class='ocrx_word' id='word_1_174' title='bbox 1741 2377 1888 2430; x_wconf 90' lang='lat' dir='ltr'><strong>nullo</strong></span> <span class='ocrx_word' id='word_1_175' title='bbox 1911 2376 2019 2430; x_wconf 91' lang='lat' dir='ltr'><strong>alio</strong></span> 
     </span>
    </p>
   </div>
   <div class='ocr_carea' id='block_1_24' title="bbox 448 2467 2020 2540">
    <p class='ocr_par' dir='ltr' id='par_1_24' title="bbox 448 2467 2020 2540">
     <span class='ocr_line' id='line_1_24' title="bbox 448 2467 2020 2540; baseline -0.001 -17"><span class='ocrx_word' id='word_1_176' title='bbox 448 2470 656 2540; x_wconf 86' lang='lat' dir='ltr'><strong>signum</strong></span> <span class='ocrx_word' id='word_1_177' title='bbox 686 2468 830 2533; x_wconf 91' lang='lat' dir='ltr'><strong>fecit,</strong></span> <span class='ocrx_word' id='word_1_178' title='bbox 863 2469 966 2523; x_wconf 88' lang='lat' dir='ltr'><strong>nisi</strong></span> <span class='ocrx_word' id='word_1_179' title='bbox 991 2469 1046 2522; x_wconf 90' lang='lat' dir='ltr'><strong>in</strong></span> <span class='ocrx_word' id='word_1_180' title='bbox 1075 2467 1187 2538; x_wconf 89' lang='lat' dir='ltr'><strong>ipsa</strong></span> <span class='ocrx_word' id='word_1_181' title='bbox 1222 2467 1435 2523; x_wconf 79' lang='lat' dir='ltr'><strong>fornace</strong></span> <span class='ocrx_word' id='word_1_182' title='bbox 1458 2509 1474 2535; x_wconf 95' lang='lat'><strong>,</strong></span> <span class='ocrx_word' id='word_1_183' title='bbox 1512 2482 1668 2538; x_wconf 90' lang='lat' dir='ltr'><strong>quam</strong></span> <span class='ocrx_word' id='word_1_184' title='bbox 1703 2467 2020 2522; x_wconf 89' lang='lat' dir='ltr'><strong>accenderat</strong></span> 
     </span>
    </p>
   </div>
   <div class='ocr_carea' id='block_1_25' title="bbox 451 2559 2017 2630">
    <p class='ocr_par' dir='ltr' id='par_1_25' title="bbox 451 2559 2017 2630">
     <span class='ocr_line' id='line_1_25' title="bbox 451 2559 2017 2630; baseline -0.001 -15"><span class='ocrx_word' id='word_1_185' title='bbox 451 2561 542 2616; x_wconf 91' lang='lat' dir='ltr'><strong>ille</strong></span> <span class='ocrx_word' id='word_1_186' title='bbox 568 2570 752 2616; x_wconf 88' lang='lat' dir='ltr'><strong>contra</strong></span> <span class='ocrx_word' id='word_1_187' title='bbox 785 2575 979 2630; x_wconf 90' lang='lat' dir='ltr'><strong>pueros</strong></span> <span class='ocrx_word' id='word_1_188' title='bbox 1016 2575 1150 2630; x_wconf 90' lang='lat' dir='ltr'><strong>quos</strong></span> <span class='ocrx_word' id='word_1_189' title='bbox 1178 2560 1365 2630; x_wconf 90' lang='lat' dir='ltr'><strong>ligatos</strong></span> <span class='ocrx_word' id='word_1_190' title='bbox 1393 2575 1459 2614; x_wconf 92' lang='lat' dir='ltr'><strong>eo</strong></span> <span class='ocrx_word' id='word_1_191' title='bbox 1482 2559 1730 2629; x_wconf 89' lang='lat' dir='ltr'><strong>coniecit.</strong></span> <span class='ocrx_word' id='word_1_192' title='bbox 1762 2559 1902 2614; x_wconf 90' lang='lat' dir='ltr'><strong>Sane</strong></span> <span class='ocrx_word' id='word_1_193' title='bbox 1929 2574 2017 2614; x_wconf 89' lang='lat' dir='ltr'><strong>res</strong></span> 
     </span>
    </p>
   </div>
   <div class='ocr_carea' id='block_1_26' title="bbox 449 2652 2015 2723">
    <p class='ocr_par' dir='ltr' id='par_1_26' title="bbox 449 2652 2015 2723">
     <span class='ocr_line' id='line_1_26' title="bbox 449 2652 2015 2723; baseline -0.002 -15"><span class='ocrx_word' id='word_1_194' title='bbox 449 2653 585 2708; x_wconf 88' lang='lat' dir='ltr'><strong>mira</strong></span> <span class='ocrx_word' id='word_1_195' title='bbox 623 2653 988 2723; x_wconf 88' lang='lat' dir='ltr'><strong>stupendaque</strong></span> <span class='ocrx_word' id='word_1_196' title='bbox 1014 2652 1235 2716; x_wconf 89' lang='lat' dir='ltr'><strong>fuisset,</strong></span> <span class='ocrx_word' id='word_1_197' title='bbox 1259 2652 1303 2706; x_wconf 87' lang='lat' dir='ltr'><strong>si</strong></span> <span class='ocrx_word' id='word_1_198' title='bbox 1332 2653 1598 2706; x_wconf 84' lang='lat' dir='ltr'><strong>flammam</strong></span> <span class='ocrx_word' id='word_1_199' title='bbox 1629 2652 1969 2708; x_wconf 80' lang='lat' dir='ltr'><strong>exstinxisset</strong></span> <span class='ocrx_word' id='word_1_200' title='bbox 1999 2669 2015 2704; x_wconf 88' lang='lat'><strong>:</strong></span> 
     </span>
    </p>
   </div>
   <div class='ocr_carea' id='block_1_27' title="bbox 445 2744 2013 2815">
    <p class='ocr_par' dir='ltr' id='par_1_27' title="bbox 445 2744 2013 2815">
     <span class='ocr_line' id='line_1_27' title="bbox 445 2744 2013 2815; baseline -0.001 -14"><span class='ocrx_word' id='word_1_201' title='bbox 445 2756 500 2801; x_wconf 90' lang='lat' dir='ltr'><strong>at</strong></span> <span class='ocrx_word' id='word_1_202' title='bbox 521 2747 966 2802; x_wconf 88' lang='lat' dir='ltr'><strong>clementissimus</strong></span> <span class='ocrx_word' id='word_1_203' title='bbox 1005 2745 1112 2811; x_wconf 89' lang='lat' dir='ltr'><strong>ille,</strong></span> <span class='ocrx_word' id='word_1_204' title='bbox 1141 2753 1200 2799; x_wconf 91' lang='lat' dir='ltr'><strong>ut</strong></span> <span class='ocrx_word' id='word_1_205' title='bbox 1237 2745 1492 2815; x_wconf 88' lang='lat' dir='ltr'><strong>maiorem</strong></span> <span class='ocrx_word' id='word_1_206' title='bbox 1535 2754 1733 2800; x_wconf 92' lang='lat' dir='ltr'><strong>metum</strong></span> <span class='ocrx_word' id='word_1_207' title='bbox 1761 2744 2013 2811; x_wconf 86' lang='lat' dir='ltr'><strong>adferret,</strong></span> 
     </span>
    </p>
   </div>
   <div class='ocr_carea' id='block_1_28' title="bbox 445 2836 2014 2909">
    <p class='ocr_par' dir='ltr' id='par_1_28' title="bbox 445 2836 2014 2909">
     <span class='ocr_line' id='line_1_28' title="bbox 445 2836 2014 2909; baseline -0.002 -16"><span class='ocrx_word' id='word_1_208' title='bbox 445 2839 846 2909; x_wconf 86' lang='lat' dir='ltr'><strong>gravioremque</strong></span> <span class='ocrx_word' id='word_1_209' title='bbox 872 2845 1129 2892; x_wconf 89' lang='lat' dir='ltr'><strong>terrorem</strong></span> <span class='ocrx_word' id='word_1_210' title='bbox 1155 2836 1437 2901; x_wconf 89' lang='lat' dir='ltr'><strong>incuteret,</strong></span> <span class='ocrx_word' id='word_1_211' title='bbox 1468 2836 1694 2906; x_wconf 92' lang='lat' dir='ltr'><strong>eiusque</strong></span> <span class='ocrx_word' id='word_1_212' title='bbox 1723 2837 2014 2891; x_wconf 84' lang='lat' dir='ltr'><strong>caecitatem</strong></span> 
     </span>
    </p>
   </div>
   <div class='ocr_carea' id='block_1_29' title="bbox 449 2927 2017 2999">
    <p class='ocr_par' dir='ltr' id='par_1_29' title="bbox 449 2927 2017 2999">
     <span class='ocr_line' id='line_1_29' title="bbox 449 2927 2017 2999; baseline -0.002 -14"><span class='ocrx_word' id='word_1_213' title='bbox 449 2931 657 2999; x_wconf 91' lang='lat' dir='ltr'><strong>penitus</strong></span> <span class='ocrx_word' id='word_1_214' title='bbox 681 2929 930 2996; x_wconf 85' lang='lat' dir='ltr'><strong>solveret,</strong></span> <span class='ocrx_word' id='word_1_215' title='bbox 956 2929 1126 2998; x_wconf 89' lang='lat' dir='ltr'><strong>maius</strong></span> <span class='ocrx_word' id='word_1_216' title='bbox 1147 2928 1414 2997; x_wconf 89' lang='lat' dir='ltr'><strong>quippiam</strong></span> <span class='ocrx_word' id='word_1_217' title='bbox 1439 2935 1492 2982; x_wconf 92' lang='lat' dir='ltr'><strong>et</strong></span> <span class='ocrx_word' id='word_1_218' title='bbox 1514 2927 1809 2982; x_wconf 88' lang='lat' dir='ltr'><strong>mirabilius</strong></span> <span class='ocrx_word' id='word_1_219' title='bbox 1823 2942 2017 2997; x_wconf 86' lang='lat' dir='ltr'><strong>opera-</strong></span> 
     </span>
    </p>
   </div>
   <div class='ocr_carea' id='block_1_30' title="bbox 449 3019 2015 3090">
    <p class='ocr_par' dir='ltr' id='par_1_30' title="bbox 449 3019 2015 3090">
     <span class='ocr_line' id='line_1_30' title="bbox 449 3019 2015 3090; baseline -0.003 -14"><span class='ocrx_word' id='word_1_220' title='bbox 449 3033 534 3078; x_wconf 91' lang='lat' dir='ltr'><strong>tus</strong></span> <span class='ocrx_word' id='word_1_221' title='bbox 574 3031 677 3078; x_wconf 90' lang='lat' dir='ltr'><strong>est.</strong></span> <span class='ocrx_word' id='word_1_222' title='bbox 703 3021 833 3077; x_wconf 91' lang='lat' dir='ltr'><strong>Cum</strong></span> <span class='ocrx_word' id='word_1_223' title='bbox 866 3021 1008 3076; x_wconf 92' lang='lat' dir='ltr'><strong>enim</strong></span> <span class='ocrx_word' id='word_1_224' title='bbox 1038 3020 1365 3090; x_wconf 89' lang='lat' dir='ltr'><strong>permisisset</strong></span> <span class='ocrx_word' id='word_1_225' title='bbox 1398 3019 1543 3073; x_wconf 89' lang='lat' dir='ltr'><strong>illam</strong></span> <span class='ocrx_word' id='word_1_226' title='bbox 1575 3019 1825 3074; x_wconf 84' lang='lat' dir='ltr'><strong>succendi</strong></span> <span class='ocrx_word' id='word_1_227' title='bbox 1848 3033 2015 3090; x_wconf 79' lang='lat' dir='ltr'><strong>quan-</strong></span> 
     </span>
    </p>
   </div>
   <div class='ocr_carea' id='block_1_31' title="bbox 447 3108 2015 3182">
    <p class='ocr_par' dir='ltr' id='par_1_31' title="bbox 447 3108 2015 3182">
     <span class='ocr_line' id='line_1_31' title="bbox 447 3108 2015 3182; baseline -0.003 -16"><span class='ocrx_word' id='word_1_228' title='bbox 447 3123 557 3166; x_wconf 91' lang='lat' dir='ltr'><strong>tum</strong></span> <span class='ocrx_word' id='word_1_229' title='bbox 579 3113 694 3182; x_wconf 89' lang='lat' dir='ltr'><strong>ipse</strong></span> <span class='ocrx_word' id='word_1_230' title='bbox 721 3111 951 3175; x_wconf 90' lang='lat' dir='ltr'><strong>volebat,</strong></span> <span class='ocrx_word' id='word_1_231' title='bbox 974 3109 1046 3164; x_wconf 91' lang='lat' dir='ltr'><strong>ita</strong></span> <span class='ocrx_word' id='word_1_232' title='bbox 1071 3125 1220 3164; x_wconf 90' lang='lat' dir='ltr'><strong>suam</strong></span> <span class='ocrx_word' id='word_1_233' title='bbox 1242 3108 1474 3163; x_wconf 90' lang='lat' dir='ltr'><strong>ostendit</strong></span> <span class='ocrx_word' id='word_1_234' title='bbox 1492 3109 1801 3178; x_wconf 88' lang='lat' dir='ltr'><strong>potentiam,</strong></span> <span class='ocrx_word' id='word_1_235' title='bbox 1832 3119 1887 3163; x_wconf 91' lang='lat' dir='ltr'><strong>ut</strong></span> <span class='ocrx_word' id='word_1_236' title='bbox 1910 3109 2015 3162; x_wconf 90' lang='lat' dir='ltr'><strong>ini-</strong></span> 
     </span>
    </p>
   </div>
   <div class='ocr_carea' id='block_1_32' title="bbox 448 3197 2014 3262">
    <p class='ocr_par' dir='ltr' id='par_1_32' title="bbox 448 3197 2014 3262">
     <span class='ocr_line' id='line_1_32' title="bbox 448 3197 2014 3262; baseline -0.005 -2"><span class='ocrx_word' id='word_1_237' title='bbox 448 3205 704 3260; x_wconf 81' lang='lat' dir='ltr'><strong>micorum</strong></span> <span class='ocrx_word' id='word_1_238' title='bbox 730 3203 1153 3258; x_wconf 89' lang='lat' dir='ltr'><strong>machinamenta</strong></span> <span class='ocrx_word' id='word_1_239' title='bbox 1196 3216 1300 3254; x_wconf 91' lang='lat' dir='ltr'><strong>non</strong></span> <span class='ocrx_word' id='word_1_240' title='bbox 1338 3200 1673 3262; x_wconf 87' lang='lat' dir='ltr'><strong>dissolveret,</strong></span> <span class='ocrx_word' id='word_1_241' title='bbox 1699 3199 1791 3254; x_wconf 91' lang='lat' dir='ltr'><strong>sed</strong></span> <span class='ocrx_word' id='word_1_242' title='bbox 1828 3197 2014 3254; x_wconf 90' lang='lat' dir='ltr'><strong>eadem</strong></span> 
     </span>
    </p>
   </div>
   <div class='ocr_carea' id='block_1_33' title="bbox 448 3290 2019 3366">
    <p class='ocr_par' dir='ltr' id='par_1_33' title="bbox 448 3290 2019 3366">
     <span class='ocr_line' id='line_1_33' title="bbox 448 3290 2019 3366; baseline -0.003 -16"><span class='ocrx_word' id='word_1_243' title='bbox 448 3295 814 3366; x_wconf 90' lang='lat' dir='ltr'><strong>permanentia</strong></span> <span class='ocrx_word' id='word_1_244' title='bbox 844 3294 990 3348; x_wconf 91' lang='lat' dir='ltr'><strong>irrita</strong></span> <span class='ocrx_word' id='word_1_245' title='bbox 1035 3292 1258 3348; x_wconf 91' lang='lat' dir='ltr'><strong>faceret.</strong></span> <span class='ocrx_word' id='word_1_246' title='bbox 1302 3290 1381 3348; x_wconf 87' lang='lat' dir='ltr'><strong>Ne</strong></span> <span class='ocrx_word' id='word_1_247' title='bbox 1419 3293 1538 3362; x_wconf 90' lang='lat' dir='ltr'><strong>quis</strong></span> <span class='ocrx_word' id='word_1_248' title='bbox 1571 3306 1702 3346; x_wconf 91' lang='lat' dir='ltr'><strong>vero</strong></span> <span class='ocrx_word' id='word_1_249' title='bbox 1730 3292 1874 3360; x_wconf 90' lang='lat' dir='ltr'><strong>ipsos</strong></span> <span class='ocrx_word' id='word_1_250' title='bbox 1898 3299 2019 3360; x_wconf 93' lang='lat' dir='ltr'><strong>post</strong></span> 
     </span>
    </p>
   </div>
   <div class='ocr_carea' id='block_1_34' title="bbox 447 3383 2018 3456">
    <p class='ocr_par' dir='ltr' id='par_1_34' title="bbox 447 3383 2018 3456">
     <span class='ocr_line' id='line_1_34' title="bbox 447 3383 2018 3456; baseline -0.003 -16"><span class='ocrx_word' id='word_1_251' title='bbox 447 3394 725 3456; x_wconf 86' lang='lat' dir='ltr'><strong>superatas</strong></span> <span class='ocrx_word' id='word_1_252' title='bbox 761 3384 1004 3439; x_wconf 83' lang='lat' dir='ltr'><strong>flammas</strong></span> <span class='ocrx_word' id='word_1_253' title='bbox 1047 3383 1404 3453; x_wconf 90' lang='lat' dir='ltr'><strong>conspiciens,</strong></span> <span class='ocrx_word' id='word_1_254' title='bbox 1429 3383 1738 3452; x_wconf 90' lang='lat' dir='ltr'><strong>phantasma</strong></span> <span class='ocrx_word' id='word_1_255' title='bbox 1770 3397 1888 3438; x_wconf 91' lang='lat' dir='ltr'><strong>esse</strong></span> <span class='ocrx_word' id='word_1_256' title='bbox 1921 3397 2018 3451; x_wconf 88' lang='lat' dir='ltr'><strong>pu-</strong></span> 
     </span>
    </p>
   </div>
   <div class='ocr_carea' id='block_1_35' title="bbox 449 3473 2020 3544">
    <p class='ocr_par' dir='ltr' id='par_1_35' title="bbox 449 3473 2020 3544">
     <span class='ocr_line' id='line_1_35' title="bbox 449 3473 2020 3544; baseline -0.001 -14"><span class='ocrx_word' id='word_1_257' title='bbox 449 3485 606 3540; x_wconf 90' lang='lat' dir='ltr'><strong>taret,</strong></span> <span class='ocrx_word' id='word_1_258' title='bbox 636 3490 730 3531; x_wconf 91' lang='lat' dir='ltr'><strong>eos</strong></span> <span class='ocrx_word' id='word_1_259' title='bbox 749 3475 989 3530; x_wconf 89' lang='lat' dir='ltr'><strong>comburi</strong></span> <span class='ocrx_word' id='word_1_260' title='bbox 1013 3474 1272 3544; x_wconf 88' lang='lat' dir='ltr'><strong>permisit,</strong></span> <span class='ocrx_word' id='word_1_261' title='bbox 1301 3473 1392 3543; x_wconf 91' lang='lat' dir='ltr'><strong>qui</strong></span> <span class='ocrx_word' id='word_1_262' title='bbox 1423 3475 1566 3543; x_wconf 91' lang='lat' dir='ltr'><strong>ipsos</strong></span> <span class='ocrx_word' id='word_1_263' title='bbox 1592 3473 1903 3542; x_wconf 91' lang='lat' dir='ltr'><strong>iniecerant,</strong></span> <span class='ocrx_word' id='word_1_264' title='bbox 1931 3489 2020 3528; x_wconf 87' lang='lat' dir='ltr'><strong>os-</strong></span> 
     </span>
    </p>
   </div>
   <div class='ocr_carea' id='block_1_36' title="bbox 450 3564 2020 3636">
    <p class='ocr_par' dir='ltr' id='par_1_36' title="bbox 450 3564 2020 3636">
     <span class='ocr_line' id='line_1_36' title="bbox 450 3564 2020 3636; baseline -0.002 -15"><span class='ocrx_word' id='word_1_265' title='bbox 450 3568 671 3622; x_wconf 88' lang='lat' dir='ltr'><strong>tendens</strong></span> <span class='ocrx_word' id='word_1_266' title='bbox 696 3581 879 3620; x_wconf 91' lang='lat' dir='ltr'><strong>verum</strong></span> <span class='ocrx_word' id='word_1_267' title='bbox 914 3567 1089 3636; x_wconf 85' lang='lat' dir='ltr'><strong>ignem</strong></span> <span class='ocrx_word' id='word_1_268' title='bbox 1115 3581 1234 3620; x_wconf 90' lang='lat' dir='ltr'><strong>esse</strong></span> <span class='ocrx_word' id='word_1_269' title='bbox 1263 3565 1316 3619; x_wconf 88' lang='lat' dir='ltr'><strong>id</strong></span> <span class='ocrx_word' id='word_1_270' title='bbox 1343 3564 1484 3635; x_wconf 87' lang='lat' dir='ltr'><strong>quod</strong></span> <span class='ocrx_word' id='word_1_271' title='bbox 1517 3565 1858 3624; x_wconf 87' lang='lat' dir='ltr'><strong>cernebatur;</strong></span> <span class='ocrx_word' id='word_1_272' title='bbox 1890 3565 2020 3618; x_wconf 87' lang='lat' dir='ltr'><strong>alio-</strong></span> 
     </span>
    </p>
   </div>
   <div class='ocr_carea' id='block_1_37' title="bbox 447 3655 2017 3729">
    <p class='ocr_par' dir='ltr' id='par_1_37' title="bbox 447 3655 2017 3729">
     <span class='ocr_line' id='line_1_37' title="bbox 447 3655 2017 3729; baseline -0.003 -17"><span class='ocrx_word' id='word_1_273' title='bbox 447 3661 574 3729; x_wconf 89' lang='lat' dir='ltr'><strong>quin</strong></span> <span class='ocrx_word' id='word_1_274' title='bbox 601 3673 702 3711; x_wconf 92' lang='lat' dir='ltr'><strong>non</strong></span> <span class='ocrx_word' id='word_1_275' title='bbox 723 3657 1029 3726; x_wconf 89' lang='lat' dir='ltr'><strong>naphtham,</strong></span> <span class='ocrx_word' id='word_1_276' title='bbox 1069 3667 1296 3725; x_wconf 90' lang='lat' dir='ltr'><strong>stupam,</strong></span> <span class='ocrx_word' id='word_1_277' title='bbox 1313 3655 1576 3724; x_wconf 88' lang='lat' dir='ltr'><strong>palmites,</strong></span> <span class='ocrx_word' id='word_1_278' title='bbox 1597 3664 1776 3724; x_wconf 91' lang='lat' dir='ltr'><strong>totque</strong></span> <span class='ocrx_word' id='word_1_279' title='bbox 1795 3670 2017 3724; x_wconf 87' lang='lat' dir='ltr'><strong>corpora</strong></span> 
     </span>
    </p>
   </div>
   <div class='ocr_carea' id='block_1_38' title="bbox 449 3747 2016 3816">
    <p class='ocr_par' dir='ltr' id='par_1_38' title="bbox 449 3747 2016 3816">
     <span class='ocr_line' id='line_1_38' title="bbox 449 3747 2016 3816; baseline -0.003 -12"><span class='ocrx_word' id='word_1_280' title='bbox 449 3750 848 3804; x_wconf 83' lang='lat' dir='ltr'><strong>eombussisset.</strong></span> <span class='ocrx_word' id='word_1_281' title='bbox 870 3747 975 3804; x_wconf 90' lang='lat' dir='ltr'><strong>Sed</strong></span> <span class='ocrx_word' id='word_1_282' title='bbox 1000 3751 1117 3816; x_wconf 84' lang='lat' dir='ltr'><strong>eius</strong></span> <span class='ocrx_word' id='word_1_283' title='bbox 1139 3747 1364 3816; x_wconf 87' lang='lat' dir='ltr'><strong>imperio</strong></span> <span class='ocrx_word' id='word_1_284' title='bbox 1393 3747 1520 3801; x_wconf 91' lang='lat' dir='ltr'><strong>nihil</strong></span> <span class='ocrx_word' id='word_1_285' title='bbox 1555 3749 1823 3816; x_wconf 88' lang='lat' dir='ltr'><strong>potentius</strong></span> <span class='ocrx_word' id='word_1_286' title='bbox 1851 3764 1865 3800; x_wconf 92' lang='lat'><strong>:</strong></span> <span class='ocrx_word' id='word_1_287' title='bbox 1898 3748 2016 3800; x_wconf 89' lang='lat' dir='ltr'><strong>uni-</strong></span> 
     </span>
    </p>
   </div>
   <div class='ocr_carea' id='block_1_39' title="bbox 449 3837 2018 3910">
    <p class='ocr_par' dir='ltr' id='par_1_39' title="bbox 449 3837 2018 3910">
     <span class='ocr_line' id='line_1_39' title="bbox 449 3837 2018 3910; baseline -0.001 -18"><span class='ocrx_word' id='word_1_288' title='bbox 449 3856 708 3910; x_wconf 77' lang='lat' dir='ltr'><strong>versaque</strong></span> <span class='ocrx_word' id='word_1_289' title='bbox 743 3855 920 3894; x_wconf 91' lang='lat' dir='ltr'><strong>rerum</strong></span> <span class='ocrx_word' id='word_1_290' title='bbox 959 3848 1145 3892; x_wconf 91' lang='lat' dir='ltr'><strong>natura</strong></span> <span class='ocrx_word' id='word_1_291' title='bbox 1187 3838 1263 3892; x_wconf 90' lang='lat' dir='ltr'><strong>illi</strong></span> <span class='ocrx_word' id='word_1_292' title='bbox 1293 3837 1620 3906; x_wconf 89' lang='lat' dir='ltr'><strong>obsequitur,</strong></span> <span class='ocrx_word' id='word_1_293' title='bbox 1663 3837 1752 3906; x_wconf 90' lang='lat' dir='ltr'><strong>qui</strong></span> <span class='ocrx_word' id='word_1_294' title='bbox 1794 3853 1912 3891; x_wconf 90' lang='lat' dir='ltr'><strong>eam</strong></span> <span class='ocrx_word' id='word_1_295' title='bbox 1951 3853 2018 3892; x_wconf 81' lang='lat' dir='ltr'><strong>ex</strong></span> 
     </span>
    </p>
   </div>
   <div class='ocr_carea' id='block_1_40' title="bbox 449 3929 2015 4002">
    <p class='ocr_par' dir='ltr' id='par_1_40' title="bbox 449 3929 2015 4002">
     <span class='ocr_line' id='line_1_40' title="bbox 449 3929 2015 4002; baseline -0.004 -14"><span class='ocrx_word' id='word_1_296' title='bbox 449 3933 616 3988; x_wconf 89' lang='lat' dir='ltr'><strong>nihilo</strong></span> <span class='ocrx_word' id='word_1_297' title='bbox 660 3931 925 4002; x_wconf 79' lang='lat' dir='ltr'><strong>produxit,</strong></span> <span class='ocrx_word' id='word_1_298' title='bbox 957 3931 1098 4001; x_wconf 86' lang='lat' dir='ltr'><strong>quod</strong></span> <span class='ocrx_word' id='word_1_299' title='bbox 1136 3945 1266 3984; x_wconf 90' lang='lat' dir='ltr'><strong>sane</strong></span> <span class='ocrx_word' id='word_1_300' title='bbox 1291 3938 1416 3984; x_wconf 92' lang='lat' dir='ltr'><strong>tunc</strong></span> <span class='ocrx_word' id='word_1_301' title='bbox 1447 3929 1866 3983; x_wconf 91' lang='lat' dir='ltr'><strong>demonstratum</strong></span> <span class='ocrx_word' id='word_1_302' title='bbox 1903 3939 2015 3983; x_wconf 91' lang='lat' dir='ltr'><strong>est:</strong></span> 
     </span>
    </p>
   </div>
   <div class='ocr_carea' id='block_1_41' title="bbox 449 4021 2016 4090">
    <p class='ocr_par' dir='ltr' id='par_1_41' title="bbox 449 4021 2016 4090">
     <span class='ocr_line' id='line_1_41' title="bbox 449 4021 2016 4090; baseline -0.003 -12"><span class='ocrx_word' id='word_1_303' title='bbox 449 4024 644 4080; x_wconf 89' lang='lat' dir='ltr'><strong>etenim</strong></span> <span class='ocrx_word' id='word_1_304' title='bbox 666 4023 876 4077; x_wconf 84' lang='lat' dir='ltr'><strong>ﬂamma</strong></span> <span class='ocrx_word' id='word_1_305' title='bbox 913 4037 1034 4076; x_wconf 93' lang='lat' dir='ltr'><strong>cum</strong></span> <span class='ocrx_word' id='word_1_306' title='bbox 1065 4021 1422 4090; x_wconf 89' lang='lat' dir='ltr'><strong>corruptibilia</strong></span> <span class='ocrx_word' id='word_1_307' title='bbox 1453 4035 1673 4089; x_wconf 91' lang='lat' dir='ltr'><strong>corpora</strong></span> <span class='ocrx_word' id='word_1_308' title='bbox 1705 4022 2016 4090; x_wconf 89' lang='lat' dir='ltr'><strong>accepisset,</strong></span> 
     </span>
    </p>
   </div>
   <div class='ocr_carea' id='block_1_42' title="bbox 453 4111 2017 4185">
    <p class='ocr_par' dir='ltr' id='par_1_42' title="bbox 453 4111 2017 4185">
     <span class='ocr_line' id='line_1_42' title="bbox 453 4111 2017 4185; baseline -0.002 -15"><span class='ocrx_word' id='word_1_309' title='bbox 453 4116 520 4170; x_wconf 85' lang='lat' dir='ltr'><strong>ab</strong></span> <span class='ocrx_word' id='word_1_310' title='bbox 545 4116 608 4170; x_wconf 91' lang='lat' dir='ltr'><strong>iis</strong></span> <span class='ocrx_word' id='word_1_311' title='bbox 638 4115 788 4185; x_wconf 91' lang='lat' dir='ltr'><strong>quasi</strong></span> <span class='ocrx_word' id='word_1_312' title='bbox 811 4113 1298 4183; x_wconf 90' lang='lat' dir='ltr'><strong>incorruptibilibus</strong></span> <span class='ocrx_word' id='word_1_313' title='bbox 1324 4112 1594 4175; x_wconf 90' lang='lat' dir='ltr'><strong>abstinuit,</strong></span> <span class='ocrx_word' id='word_1_314' title='bbox 1616 4111 2017 4183; x_wconf 90' lang='lat' dir='ltr'><strong>depositumque</strong></span> 
     </span>
    </p>
   </div>
   <div class='ocr_carea' id='block_1_43' title="bbox 452 4203 2016 4275">
    <p class='ocr_par' dir='ltr' id='par_1_43' title="bbox 452 4203 2016 4275">
     <span class='ocr_line' id='line_1_43' title="bbox 452 4203 2016 4275; baseline -0.001 -13"><span class='ocrx_word' id='word_1_315' title='bbox 452 4208 656 4262; x_wconf 89' lang='lat' dir='ltr'><strong>salvum</strong></span> <span class='ocrx_word' id='word_1_316' title='bbox 680 4206 926 4272; x_wconf 84' lang='lat' dir='ltr'><strong>reddidit,</strong></span> <span class='ocrx_word' id='word_1_317' title='bbox 958 4205 1117 4275; x_wconf 90' lang='lat' dir='ltr'><strong>idque</strong></span> <span class='ocrx_word' id='word_1_318' title='bbox 1143 4204 1309 4258; x_wconf 91' lang='lat' dir='ltr'><strong>multo</strong></span> <span class='ocrx_word' id='word_1_319' title='bbox 1335 4219 1454 4258; x_wconf 92' lang='lat' dir='ltr'><strong>cum</strong></span> <span class='ocrx_word' id='word_1_320' title='bbox 1474 4203 1788 4273; x_wconf 88' lang='lat' dir='ltr'><strong>splendore.</strong></span> <span class='ocrx_word' id='word_1_321' title='bbox 1816 4204 2016 4272; x_wconf 88' lang='lat' dir='ltr'><strong>Quem-</strong></span> 
     </span>
    </p>
   </div>
   <div class='ocr_carea' id='block_1_44' title="bbox 454 4295 2015 4366">
    <p class='ocr_par' dir='ltr' id='par_1_44' title="bbox 454 4295 2015 4366">
     <span class='ocr_line' id='line_1_44' title="bbox 454 4295 2015 4366; baseline 0 -15"><span class='ocrx_word' id='word_1_322' title='bbox 454 4298 734 4353; x_wconf 81' lang='lat' dir='ltr'><strong>admodum</strong></span> <span class='ocrx_word' id='word_1_323' title='bbox 762 4299 906 4353; x_wconf 90' lang='lat' dir='ltr'><strong>enim</strong></span> <span class='ocrx_word' id='word_1_324' title='bbox 927 4312 992 4350; x_wconf 83' lang='lat' dir='ltr'><strong>ex</strong></span> <span class='ocrx_word' id='word_1_325' title='bbox 1009 4296 1169 4366; x_wconf 81' lang='lat' dir='ltr'><strong>regiis</strong></span> <span class='ocrx_word' id='word_1_326' title='bbox 1194 4295 1397 4349; x_wconf 81' lang='lat' dir='ltr'><strong>aedibus</strong></span> <span class='ocrx_word' id='word_1_327' title='bbox 1418 4309 1589 4364; x_wconf 86' lang='lat' dir='ltr'><strong>reges,</strong></span> <span class='ocrx_word' id='word_1_328' title='bbox 1611 4296 1688 4349; x_wconf 92' lang='lat' dir='ltr'><strong>sic</strong></span> <span class='ocrx_word' id='word_1_329' title='bbox 1713 4311 1776 4350; x_wconf 87' lang='lat' dir='ltr'><strong>ex</strong></span> <span class='ocrx_word' id='word_1_330' title='bbox 1799 4295 2015 4352; x_wconf 87' lang='lat' dir='ltr'><strong>fornace</strong></span> 
     </span>
    </p>
   </div>
   <div class='ocr_carea' id='block_1_45' title="bbox 454 4378 2013 4458">
    <p class='ocr_par' dir='ltr' id='par_1_45' title="bbox 454 4378 2013 4458">
     <span class='ocr_line' id='line_1_45' title="bbox 454 4378 2013 4458; baseline 0.002 -19"><span class='ocrx_word' id='word_1_331' title='bbox 454 4389 600 4458; x_wconf 84' lang='lat' dir='ltr'><strong>pueri</strong></span> <span class='ocrx_word' id='word_1_332' title='bbox 621 4389 871 4443; x_wconf 83' lang='lat' dir='ltr'><strong>exierunt</strong></span> <span class='ocrx_word' id='word_1_333' title='bbox 894 4405 908 4452; x_wconf 92' lang='lat'><strong>;</strong></span> <span class='ocrx_word' id='word_1_334' title='bbox 937 4386 1081 4440; x_wconf 92' lang='lat' dir='ltr'><strong>nullo</strong></span> <span class='ocrx_word' id='word_1_335' title='bbox 1108 4395 1234 4440; x_wconf 91' lang='lat' dir='ltr'><strong>tunc</strong></span> <span class='ocrx_word' id='word_1_336' title='bbox 1259 4378 1438 4455; x_wconf 87' lang='lat' dir='ltr'><strong>regem</strong></span> <span class='ocrx_word' id='word_1_337' title='bbox 1464 4385 1702 4455; x_wconf 86' lang='lat' dir='ltr'><strong>aspicere</strong></span> <span class='ocrx_word' id='word_1_338' title='bbox 1728 4386 2013 4455; x_wconf 90' lang='lat' dir='ltr'><strong>dignante,</strong></span> 
     </span>
    </p>
   </div>
   <div class='ocr_carea' id='block_1_46' title="bbox 452 4478 2020 4543">
    <p class='ocr_par' dir='ltr' id='par_1_46' title="bbox 452 4478 2020 4543">
     <span class='ocr_line' id='line_1_46' title="bbox 452 4478 2020 4543; baseline 0 -9"><span class='ocrx_word' id='word_1_339' title='bbox 452 4482 544 4535; x_wconf 87' lang='lat' dir='ltr'><strong>sed</strong></span> <span class='ocrx_word' id='word_1_340' title='bbox 577 4481 813 4534; x_wconf 90' lang='lat' dir='ltr'><strong>omnium</strong></span> <span class='ocrx_word' id='word_1_341' title='bbox 854 4479 1023 4535; x_wconf 88' lang='lat' dir='ltr'><strong>oculis</strong></span> <span class='ocrx_word' id='word_1_342' title='bbox 1047 4519 1062 4543; x_wconf 90' lang='lat'><strong>,</strong></span> <span class='ocrx_word' id='word_1_343' title='bbox 1106 4478 1327 4533; x_wconf 89' lang='lat' dir='ltr'><strong>dimisso</strong></span> <span class='ocrx_word' id='word_1_344' title='bbox 1367 4478 1494 4543; x_wconf 93' lang='lat' dir='ltr'><strong>illo,</strong></span> <span class='ocrx_word' id='word_1_345' title='bbox 1523 4478 1588 4532; x_wconf 89' lang='lat' dir='ltr'><strong>ad</strong></span> <span class='ocrx_word' id='word_1_346' title='bbox 1633 4488 1738 4532; x_wconf 93' lang='lat' dir='ltr'><strong>tam</strong></span> <span class='ocrx_word' id='word_1_347' title='bbox 1778 4479 2020 4534; x_wconf 88' lang='lat' dir='ltr'><strong>mirabile</strong></span> 
     </span>
    </p>
   </div>
   <div class='ocr_carea' id='block_1_47' title="bbox 453 4569 2021 4640">
    <p class='ocr_par' dir='ltr' id='par_1_47' title="bbox 453 4569 2021 4640">
     <span class='ocr_line' id='line_1_47' title="bbox 453 4569 2021 4640; baseline 0.001 -16"><span class='ocrx_word' id='word_1_348' title='bbox 453 4571 808 4640; x_wconf 86' lang='lat' dir='ltr'><strong>spectaculum</strong></span> <span class='ocrx_word' id='word_1_349' title='bbox 847 4569 1158 4624; x_wconf 87' lang='lat' dir='ltr'><strong>conversis:</strong></span> <span class='ocrx_word' id='word_1_350' title='bbox 1205 4584 1267 4623; x_wconf 90' lang='lat' dir='ltr'><strong>ac</strong></span> <span class='ocrx_word' id='word_1_351' title='bbox 1308 4584 1478 4638; x_wconf 87' lang='lat' dir='ltr'><strong>neque</strong></span> <span class='ocrx_word' id='word_1_352' title='bbox 1521 4570 1761 4624; x_wconf 87' lang='lat' dir='ltr'><strong>diadema</strong></span> <span class='ocrx_word' id='word_1_353' title='bbox 1795 4613 1809 4636; x_wconf 95' lang='lat'><strong>,</strong></span> <span class='ocrx_word' id='word_1_354' title='bbox 1849 4587 2021 4640; x_wconf 91' lang='lat' dir='ltr'><strong>neque</strong></span> 
     </span>
    </p>
   </div>
   <div class='ocr_carea' id='block_1_48' title="bbox 457 4660 2020 4732">
    <p class='ocr_par' dir='ltr' id='par_1_48' title="bbox 457 4660 2020 4732">
     <span class='ocr_line' id='line_1_48' title="bbox 457 4660 2020 4732; baseline 0.001 -17"><span class='ocrx_word' id='word_1_355' title='bbox 457 4677 706 4732; x_wconf 89' lang='lat' dir='ltr'><strong>purpura,</strong></span> <span class='ocrx_word' id='word_1_356' title='bbox 741 4677 912 4731; x_wconf 86' lang='lat' dir='ltr'><strong>neque</strong></span> <span class='ocrx_word' id='word_1_357' title='bbox 939 4661 1082 4715; x_wconf 83' lang='lat' dir='ltr'><strong>aliud</strong></span> <span class='ocrx_word' id='word_1_358' title='bbox 1105 4660 1373 4730; x_wconf 85' lang='lat' dir='ltr'><strong>quidpiam</strong></span> <span class='ocrx_word' id='word_1_359' title='bbox 1396 4661 1557 4730; x_wconf 74' lang='lat' dir='ltr'><strong>regia:</strong></span> <span class='ocrx_word' id='word_1_360' title='bbox 1586 4676 1813 4730; x_wconf 69' lang='lat' dir='ltr'><strong>pompm,</strong></span> <span class='ocrx_word' id='word_1_361' title='bbox 1839 4663 2020 4717; x_wconf 89' lang='lat' dir='ltr'><strong>turbas</strong></span> 
     </span>
    </p>
   </div>
   <div class='ocr_carea' id='block_1_49' title="bbox 458 4751 2016 4822">
    <p class='ocr_par' dir='ltr' id='par_1_49' title="bbox 458 4751 2016 4822">
     <span class='ocr_line' id='line_1_49' title="bbox 458 4751 2016 4822; baseline 0 -16"><span class='ocrx_word' id='word_1_362' title='bbox 458 4754 748 4807; x_wconf 83' lang='lat' dir='ltr'><strong>infidelium</strong></span> <span class='ocrx_word' id='word_1_363' title='bbox 792 4751 1012 4820; x_wconf 90' lang='lat' dir='ltr'><strong>perinde</strong></span> <span class='ocrx_word' id='word_1_364' title='bbox 1056 4754 1356 4821; x_wconf 91' lang='lat' dir='ltr'><strong>permovit,</strong></span> <span class='ocrx_word' id='word_1_365' title='bbox 1387 4760 1547 4820; x_wconf 89' lang='lat' dir='ltr'><strong>atque</strong></span> <span class='ocrx_word' id='word_1_366' title='bbox 1575 4753 1778 4822; x_wconf 90' lang='lat' dir='ltr'><strong>species</strong></span> <span class='ocrx_word' id='word_1_367' title='bbox 1807 4752 2016 4806; x_wconf 91' lang='lat' dir='ltr'><strong>illorum</strong></span> 
     </span>
    </p>
   </div>
   <div class='ocr_carea' id='block_1_50' title="bbox 457 4845 2020 4916">
    <p class='ocr_par' dir='ltr' id='par_1_50' title="bbox 457 4845 2020 4916">
     <span class='ocr_line' id='line_1_50' title="bbox 457 4845 2020 4916; baseline -0.001 -15"><span class='ocrx_word' id='word_1_368' title='bbox 457 4847 713 4910; x_wconf 85' lang='lat' dir='ltr'><strong>fidelium,</strong></span> <span class='ocrx_word' id='word_1_369' title='bbox 741 4846 830 4916; x_wconf 92' lang='lat' dir='ltr'><strong>qui</strong></span> <span class='ocrx_word' id='word_1_370' title='bbox 855 4846 1016 4916; x_wconf 86' lang='lat' dir='ltr'><strong>longo</strong></span> <span class='ocrx_word' id='word_1_371' title='bbox 1054 4845 1266 4916; x_wconf 89' lang='lat' dir='ltr'><strong>quidem</strong></span> <span class='ocrx_word' id='word_1_372' title='bbox 1306 4855 1548 4914; x_wconf 91' lang='lat' dir='ltr'><strong>tempore</strong></span> <span class='ocrx_word' id='word_1_373' title='bbox 1582 4845 1632 4898; x_wconf 94' lang='lat' dir='ltr'><strong>in</strong></span> <span class='ocrx_word' id='word_1_374' title='bbox 1665 4845 1784 4914; x_wconf 86' lang='lat' dir='ltr'><strong>igne</strong></span> <span class='ocrx_word' id='word_1_375' title='bbox 1823 4846 2020 4899; x_wconf 88' lang='lat' dir='ltr'><strong>versati</strong></span> 
     </span>
    </p>
   </div>
   <div class='ocr_carea' id='block_1_51' title="bbox 454 4935 2022 5006">
    <p class='ocr_par' dir='ltr' id='par_1_51' title="bbox 454 4935 2022 5006">
     <span class='ocr_line' id='line_1_51' title="bbox 454 4935 2022 5006; baseline -0.001 -15"><span class='ocrx_word' id='word_1_376' title='bbox 454 4946 599 5003; x_wconf 82' lang='lat' dir='ltr'><strong>sunt,</strong></span> <span class='ocrx_word' id='word_1_377' title='bbox 639 4937 732 4991; x_wconf 88' lang='lat' dir='ltr'><strong>sed</strong></span> <span class='ocrx_word' id='word_1_378' title='bbox 770 4936 988 5006; x_wconf 87' lang='lat' dir='ltr'><strong>perinde</strong></span> <span class='ocrx_word' id='word_1_379' title='bbox 1030 4937 1294 5000; x_wconf 77' lang='lat' dir='ltr'><strong>exierunt,</strong></span> <span class='ocrx_word' id='word_1_380' title='bbox 1327 4951 1391 4991; x_wconf 91' lang='lat' dir='ltr'><strong>ac</strong></span> <span class='ocrx_word' id='word_1_381' title='bbox 1418 4936 1462 4988; x_wconf 92' lang='lat' dir='ltr'><strong>si</strong></span> <span class='ocrx_word' id='word_1_382' title='bbox 1488 4951 1584 5005; x_wconf 88' lang='lat' dir='ltr'><strong>per</strong></span> <span class='ocrx_word' id='word_1_383' title='bbox 1607 4937 1871 4989; x_wconf 89' lang='lat' dir='ltr'><strong>somnium</strong></span> <span class='ocrx_word' id='word_1_384' title='bbox 1909 4935 2022 4990; x_wconf 67' lang='lat' dir='ltr'><strong>haec</strong></span> 
     </span>
    </p>
   </div>
   <div class='ocr_carea' id='block_1_52' title="bbox 457 5025 2019 5098">
    <p class='ocr_par' dir='ltr' id='par_1_52' title="bbox 457 5025 2019 5098">
     <span class='ocr_line' id='line_1_52' title="bbox 457 5025 2019 5098; baseline 0 -19"><span class='ocrx_word' id='word_1_385' title='bbox 457 5028 693 5098; x_wconf 87' lang='lat' dir='ltr'><strong>perpessi</strong></span> <span class='ocrx_word' id='word_1_386' title='bbox 718 5035 915 5082; x_wconf 89' lang='lat' dir='ltr'><strong>essent.</strong></span> <span class='ocrx_word' id='word_1_387' title='bbox 937 5028 1148 5081; x_wconf 80' lang='lat' dir='ltr'><strong>Atenim</strong></span> <span class='ocrx_word' id='word_1_388' title='bbox 1176 5027 1317 5096; x_wconf 86' lang='lat' dir='ltr'><strong>quod</strong></span> <span class='ocrx_word' id='word_1_389' title='bbox 1337 5026 1390 5080; x_wconf 92' lang='lat' dir='ltr'><strong>in</strong></span> <span class='ocrx_word' id='word_1_390' title='bbox 1419 5026 1570 5080; x_wconf 91' lang='lat' dir='ltr'><strong>nobis</strong></span> <span class='ocrx_word' id='word_1_391' title='bbox 1595 5025 1796 5081; x_wconf 90' lang='lat' dir='ltr'><strong>facilius</strong></span> <span class='ocrx_word' id='word_1_392' title='bbox 1824 5042 2019 5081; x_wconf 90' lang='lat' dir='ltr'><strong>consu-</strong></span> 
     </span>
    </p>
   </div>
   <div class='ocr_carea' id='block_1_53' title="bbox 466 5115 2018 5188">
    <p class='ocr_par' dir='ltr' id='par_1_53' title="bbox 466 5115 2018 5188">
     <span class='ocr_line' id='line_1_53' title="bbox 466 5115 2018 5188; baseline -0.002 -16"><span class='ocrx_word' id='word_1_393' title='bbox 466 5120 649 5182; x_wconf 91' lang='lat' dir='ltr'><strong>mitur,</strong></span> <span class='ocrx_word' id='word_1_394' title='bbox 678 5133 870 5188; x_wconf 90' lang='lat' dir='ltr'><strong>nempe</strong></span> <span class='ocrx_word' id='word_1_395' title='bbox 896 5118 1206 5186; x_wconf 90' lang='lat' dir='ltr'><strong>capillorum</strong></span> <span class='ocrx_word' id='word_1_396' title='bbox 1233 5125 1438 5184; x_wconf 87' lang='lat' dir='ltr'><strong>natura,</strong></span> <span class='ocrx_word' id='word_1_397' title='bbox 1461 5126 1587 5170; x_wconf 91' lang='lat' dir='ltr'><strong>tunc</strong></span> <span class='ocrx_word' id='word_1_398' title='bbox 1612 5118 1890 5170; x_wconf 88' lang='lat' dir='ltr'><strong>adamante</strong></span> <span class='ocrx_word' id='word_1_399' title='bbox 1909 5115 2018 5169; x_wconf 83' lang='lat' dir='ltr'><strong>for-</strong></span> 
     </span>
    </p>
   </div>
   <div class='ocr_carea' id='block_1_54' title="bbox 457 5206 2024 5276">
    <p class='ocr_par' dir='ltr' id='par_1_54' title="bbox 457 5206 2024 5276">
     <span class='ocr_line' id='line_1_54' title="bbox 457 5206 2024 5276; baseline -0.001 -14"><span class='ocrx_word' id='word_1_400' title='bbox 457 5210 560 5263; x_wconf 91' lang='lat' dir='ltr'><strong>tius</strong></span> <span class='ocrx_word' id='word_1_401' title='bbox 589 5207 827 5262; x_wconf 82' lang='lat' dir='ltr'><strong>ﬂammas</strong></span> <span class='ocrx_word' id='word_1_402' title='bbox 871 5209 1049 5262; x_wconf 88' lang='lat' dir='ltr'><strong>omnia</strong></span> <span class='ocrx_word' id='word_1_403' title='bbox 1093 5206 1411 5262; x_wconf 90' lang='lat' dir='ltr'><strong>dcvorantes</strong></span> <span class='ocrx_word' id='word_1_404' title='bbox 1451 5207 1738 5275; x_wconf 87' lang='lat' dir='ltr'><strong>superavit.</strong></span> <span class='ocrx_word' id='word_1_405' title='bbox 1764 5207 1944 5276; x_wconf 89' lang='lat' dir='ltr'><strong>Neque</strong></span> <span class='ocrx_word' id='word_1_406' title='bbox 1974 5207 2024 5260; x_wconf 92' lang='lat' dir='ltr'><strong>id</strong></span> 
     </span>
    </p>
   </div>
   <div class='ocr_carea' id='block_1_55' title="bbox 461 5296 2020 5367">
    <p class='ocr_par' dir='ltr' id='par_1_55' title="bbox 461 5296 2020 5367">
     <span class='ocr_line' id='line_1_55' title="bbox 461 5296 2020 5367; baseline -0.001 -15"><span class='ocrx_word' id='word_1_407' title='bbox 461 5299 636 5352; x_wconf 88' lang='lat' dir='ltr'><strong>solum</strong></span> <span class='ocrx_word' id='word_1_408' title='bbox 670 5299 912 5352; x_wconf 86' lang='lat' dir='ltr'><strong>mirabile</strong></span> <span class='ocrx_word' id='word_1_409' title='bbox 945 5306 1086 5362; x_wconf 88' lang='lat' dir='ltr'><strong>erat,</strong></span> <span class='ocrx_word' id='word_1_410' title='bbox 1116 5296 1257 5367; x_wconf 89' lang='lat' dir='ltr'><strong>quod</strong></span> <span class='ocrx_word' id='word_1_411' title='bbox 1287 5298 1338 5351; x_wconf 91' lang='lat' dir='ltr'><strong>in</strong></span> <span class='ocrx_word' id='word_1_412' title='bbox 1365 5297 1500 5367; x_wconf 82' lang='lat' dir='ltr'><strong>ignis</strong></span> <span class='ocrx_word' id='word_1_413' title='bbox 1527 5297 1758 5351; x_wconf 87' lang='lat' dir='ltr'><strong>medium</strong></span> <span class='ocrx_word' id='word_1_414' title='bbox 1794 5298 2020 5365; x_wconf 90' lang='lat' dir='ltr'><strong>coniecti</strong></span> 
     </span>
    </p>
   </div>
   <div class='ocr_carea' id='block_1_56' title="bbox 460 5387 2024 5460">
    <p class='ocr_par' dir='ltr' id='par_1_56' title="bbox 460 5387 2024 5460">
     <span class='ocr_line' id='line_1_56' title="bbox 460 5387 2024 5460; baseline -0.004 -15"><span class='ocrx_word' id='word_1_415' title='bbox 460 5390 591 5445; x_wconf 90' lang='lat' dir='ltr'><strong>nihil</strong></span> <span class='ocrx_word' id='word_1_416' title='bbox 619 5399 946 5460; x_wconf 90' lang='lat' dir='ltr'><strong>paterentur,</strong></span> <span class='ocrx_word' id='word_1_417' title='bbox 978 5389 1073 5444; x_wconf 86' lang='lat' dir='ltr'><strong>sed</strong></span> <span class='ocrx_word' id='word_1_418' title='bbox 1118 5388 1257 5458; x_wconf 90' lang='lat' dir='ltr'><strong>quod</strong></span> <span class='ocrx_word' id='word_1_419' title='bbox 1297 5388 1456 5443; x_wconf 89' lang='lat' dir='ltr'><strong>etiam</strong></span> <span class='ocrx_word' id='word_1_420' title='bbox 1483 5388 1822 5457; x_wconf 89' lang='lat' dir='ltr'><strong>loquerentur</strong></span> <span class='ocrx_word' id='word_1_421' title='bbox 1853 5387 2024 5441; x_wconf 86' lang='lat' dir='ltr'><strong>conti-</strong></span> 
     </span>
    </p>
   </div>
   <div class='ocr_carea' id='block_1_57' title="bbox 462 5477 2024 5548">
    <p class='ocr_par' dir='ltr' id='par_1_57' title="bbox 462 5477 2024 5548">
     <span class='ocr_line' id='line_1_57' title="bbox 462 5477 2024 5548; baseline -0.003 -15"><span class='ocrx_word' id='word_1_422' title='bbox 462 5497 566 5534; x_wconf 91' lang='lat' dir='ltr'><strong>nuo</strong></span> <span class='ocrx_word' id='word_1_423' title='bbox 593 5499 607 5534; x_wconf 89' lang='lat'><strong>:</strong></span> <span class='ocrx_word' id='word_1_424' title='bbox 640 5495 801 5535; x_wconf 89' lang='lat' dir='ltr'><strong>nemo</strong></span> <span class='ocrx_word' id='word_1_425' title='bbox 825 5489 1001 5533; x_wconf 89' lang='lat' dir='ltr'><strong>autem</strong></span> <span class='ocrx_word' id='word_1_426' title='bbox 1029 5480 1196 5533; x_wconf 87' lang='lat' dir='ltr'><strong>nescit</strong></span> <span class='ocrx_word' id='word_1_427' title='bbox 1227 5493 1321 5533; x_wconf 91' lang='lat' dir='ltr'><strong>eos</strong></span> <span class='ocrx_word' id='word_1_428' title='bbox 1345 5477 1433 5548; x_wconf 90' lang='lat' dir='ltr'><strong>qui</strong></span> <span class='ocrx_word' id='word_1_429' title='bbox 1462 5478 1514 5532; x_wconf 92' lang='lat' dir='ltr'><strong>in</strong></span> <span class='ocrx_word' id='word_1_430' title='bbox 1548 5477 1774 5531; x_wconf 81' lang='lat' dir='ltr'><strong>flammis</strong></span> <span class='ocrx_word' id='word_1_431' title='bbox 1808 5492 2024 5531; x_wconf 83' lang='lat' dir='ltr'><strong>versan-</strong></span> 
     </span>
    </p>
   </div>
   <div class='ocr_carea' id='block_1_58' title="bbox 465 5565 2026 5636">
    <p class='ocr_par' dir='ltr' id='par_1_58' title="bbox 465 5565 2026 5636">
     <span class='ocr_line' id='line_1_58' title="bbox 465 5565 2026 5636; baseline -0.003 -12"><span class='ocrx_word' id='word_1_432' title='bbox 465 5580 573 5636; x_wconf 88' lang='lat' dir='ltr'><strong>tur,</strong></span> <span class='ocrx_word' id='word_1_433' title='bbox 601 5569 770 5624; x_wconf 89' lang='lat' dir='ltr'><strong>donec</strong></span> <span class='ocrx_word' id='word_1_434' title='bbox 793 5569 984 5624; x_wconf 88' lang='lat' dir='ltr'><strong>clausis</strong></span> <span class='ocrx_word' id='word_1_435' title='bbox 1007 5569 1156 5623; x_wconf 89' lang='lat' dir='ltr'><strong>labiis</strong></span> <span class='ocrx_word' id='word_1_436' title='bbox 1175 5577 1316 5632; x_wconf 90' lang='lat' dir='ltr'><strong>sunt,</strong></span> <span class='ocrx_word' id='word_1_437' title='bbox 1338 5565 1548 5622; x_wconf 91' lang='lat' dir='ltr'><strong>modico</strong></span> <span class='ocrx_word' id='word_1_438' title='bbox 1569 5566 1758 5620; x_wconf 90' lang='lat' dir='ltr'><strong>saltem</strong></span> <span class='ocrx_word' id='word_1_439' title='bbox 1785 5575 2026 5634; x_wconf 90' lang='lat' dir='ltr'><strong>tempore</strong></span> 
     </span>
    </p>
   </div>
   <div class='ocr_carea' id='block_1_59' title="bbox 466 5659 2026 5728">
    <p class='ocr_par' dir='ltr' id='par_1_59' title="bbox 466 5659 2026 5728">
     <span class='ocr_line' id='line_1_59' title="bbox 466 5659 2026 5728; baseline -0.002 -14"><span class='ocrx_word' id='word_1_440' title='bbox 466 5661 711 5716; x_wconf 88' lang='lat' dir='ltr'><strong>incendio</strong></span> <span class='ocrx_word' id='word_1_441' title='bbox 747 5663 1030 5725; x_wconf 88' lang='lat' dir='ltr'><strong>resistere;</strong></span> <span class='ocrx_word' id='word_1_442' title='bbox 1065 5663 1110 5716; x_wconf 90' lang='lat' dir='ltr'><strong>si</strong></span> <span class='ocrx_word' id='word_1_443' title='bbox 1138 5669 1314 5716; x_wconf 90' lang='lat' dir='ltr'><strong>autem</strong></span> <span class='ocrx_word' id='word_1_444' title='bbox 1362 5674 1423 5714; x_wconf 93' lang='lat' dir='ltr'><strong>os</strong></span> <span class='ocrx_word' id='word_1_445' title='bbox 1473 5659 1806 5728; x_wconf 87' lang='lat' dir='ltr'><strong>aperuerint,</strong></span> <span class='ocrx_word' id='word_1_446' title='bbox 1850 5659 2026 5711; x_wconf 84' lang='lat' dir='ltr'><strong>statim</strong></span> 
     </span>
    </p>
   </div>
   <div class='ocr_carea' id='block_1_60' title="bbox 466 5749 2024 5824">
    <p class='ocr_par' dir='ltr' id='par_1_60' title="bbox 466 5749 2024 5824">
     <span class='ocr_line' id='line_1_60' title="bbox 466 5749 2024 5824; baseline -0.002 -17"><span class='ocrx_word' id='word_1_447' title='bbox 466 5753 692 5808; x_wconf 81' lang='lat' dir='ltr'><strong>animam</strong></span> <span class='ocrx_word' id='word_1_448' title='bbox 722 5769 754 5810; x_wconf 87' lang='lat' dir='ltr'><strong>a</strong></span> <span class='ocrx_word' id='word_1_449' title='bbox 792 5769 1013 5824; x_wconf 79' lang='lat' dir='ltr'><strong>corpore</strong></span> <span class='ocrx_word' id='word_1_450' title='bbox 1056 5754 1287 5808; x_wconf 77' lang='lat' dir='ltr'><strong>avolare.</strong></span> <span class='ocrx_word' id='word_1_451' title='bbox 1327 5752 1701 5808; x_wconf 79' lang='lat' dir='ltr'><strong>Verumtamen</strong></span> <span class='ocrx_word' id='word_1_452' title='bbox 1751 5759 1826 5805; x_wconf 87' lang='lat' dir='ltr'><strong>tot</strong></span> <span class='ocrx_word' id='word_1_453' title='bbox 1873 5749 2024 5805; x_wconf 84' lang='lat' dir='ltr'><strong>editis</strong></span> 
     </span>
    </p>
   </div>
   <div class='ocr_carea' id='block_1_61' title="bbox 1151 331 2958 394">
    <p class='ocr_par' dir='ltr' id='par_1_61' title="bbox 1151 331 2958 394">
     <span class='ocr_line' id='line_1_61' title="bbox 1151 331 2958 394; baseline -0.001 0"><span class='ocrx_word' id='word_1_454' title='bbox 1151 337 1208 394; x_wconf 89' lang='lat' dir='ltr'><strong>S.</strong></span> <span class='ocrx_word' id='word_1_455' title='bbox 1247 333 1524 394; x_wconf 81' lang='lat' dir='ltr'><strong>JOANNIS</strong></span> <span class='ocrx_word' id='word_1_456' title='bbox 1557 331 2034 393; x_wconf 71' lang='lat' dir='ltr'><strong>CllliYSOSTOM!</strong></span> <span class='ocrx_word' id='word_1_457' title='bbox 2068 331 2384 391; x_wconf 78' lang='lat' dir='ltr'><strong>ARCHIEP.</strong></span> <span class='ocrx_word' id='word_1_458' title='bbox 2425 334 2958 394; x_wconf 80' lang='lat' dir='ltr'><strong>CONSTANTINOP.</strong></span> 
     </span>
    </p>
   </div>
   <div class='ocr_carea' id='block_1_62' title="bbox 3588 342 3693 396">
    <p class='ocr_par' dir='ltr' id='par_1_62' title="bbox 3588 342 3693 396">
     <span class='ocr_line' id='line_1_62' title="bbox 3588 342 3693 396; baseline 0.01 -1"><span class='ocrx_word' id='word_1_459' title='bbox 3588 342 3693 396; x_wconf 65' lang='grc'><strong>284</strong></span> 
     </span>
    </p>
   </div>
   <div class='ocr_carea' id='block_1_63' title="bbox 2127 451 3692 528">
    <p class='ocr_par' dir='ltr' id='par_1_63' title="bbox 2127 451 3692 528">
     <span class='ocr_line' id='line_1_63' title="bbox 2127 451 3692 528; baseline 0.003 -23"><span class='ocrx_word' id='word_1_460' title='bbox 2127 451 2416 518; x_wconf 89' lang='lat' dir='ltr'><strong>miraculis,</strong></span> <span class='ocrx_word' id='word_1_461' title='bbox 2453 453 2804 524; x_wconf 88' lang='lat' dir='ltr'><strong>omnibusque</strong></span> <span class='ocrx_word' id='word_1_462' title='bbox 2839 453 3096 522; x_wconf 87' lang='lat' dir='ltr'><strong>attonitis,</strong></span> <span class='ocrx_word' id='word_1_463' title='bbox 3127 465 3232 510; x_wconf 88' lang='lat' dir='ltr'><strong>tam</strong></span> <span class='ocrx_word' id='word_1_464' title='bbox 3259 457 3612 528; x_wconf 78' lang='lat' dir='ltr'><strong>prmsentibus</strong></span> <span class='ocrx_word' id='word_1_465' title='bbox 3639 469 3692 512; x_wconf 82' lang='lat' dir='ltr'><strong>et</strong></span> 
     </span>
    </p>
   </div>
   <div class='ocr_carea' id='block_1_64' title="bbox 2123 546 3692 620">
    <p class='ocr_par' dir='ltr' id='par_1_64' title="bbox 2123 546 3692 620">
     <span class='ocr_line' id='line_1_64' title="bbox 2123 546 3692 620; baseline 0.003 -21"><span class='ocrx_word' id='word_1_466' title='bbox 2123 546 2488 613; x_wconf 88' lang='lat' dir='ltr'><strong>spectantibus</strong></span> <span class='ocrx_word' id='word_1_467' title='bbox 2509 561 2668 614; x_wconf 89' lang='lat' dir='ltr'><strong>quam</strong></span> <span class='ocrx_word' id='word_1_468' title='bbox 2697 548 3025 615; x_wconf 83' lang='lat' dir='ltr'><strong>absentibus,</strong></span> <span class='ocrx_word' id='word_1_469' title='bbox 3055 549 3144 618; x_wconf 91' lang='lat' dir='ltr'><strong>qui</strong></span> <span class='ocrx_word' id='word_1_470' title='bbox 3179 549 3230 604; x_wconf 92' lang='lat' dir='ltr'><strong>id</strong></span> <span class='ocrx_word' id='word_1_471' title='bbox 3262 565 3359 620; x_wconf 90' lang='lat' dir='ltr'><strong>per</strong></span> <span class='ocrx_word' id='word_1_472' title='bbox 3381 551 3562 606; x_wconf 84' lang='lat' dir='ltr'><strong>literas</strong></span> <span class='ocrx_word' id='word_1_473' title='bbox 3580 551 3692 606; x_wconf 83' lang='lat' dir='ltr'><strong>edi-</strong></span> 
     </span>
    </p>
   </div>
   <div class='ocr_carea' id='block_1_65' title="bbox 2122 635 3693 708">
    <p class='ocr_par' dir='ltr' id='par_1_65' title="bbox 2122 635 3693 708">
     <span class='ocr_line' id='line_1_65' title="bbox 2122 635 3693 708; baseline 0.005 -18"><span class='ocrx_word' id='word_1_474' title='bbox 2122 635 2385 703; x_wconf 89' lang='lat' dir='ltr'><strong>dicerunt,</strong></span> <span class='ocrx_word' id='word_1_475' title='bbox 2419 651 2513 692; x_wconf 88' lang='lat' dir='ltr'><strong>rex</strong></span> <span class='ocrx_word' id='word_1_476' title='bbox 2538 638 2628 693; x_wconf 92' lang='lat' dir='ltr'><strong>ille</strong></span> <span class='ocrx_word' id='word_1_477' title='bbox 2649 638 2738 708; x_wconf 92' lang='lat' dir='ltr'><strong>qui</strong></span> <span class='ocrx_word' id='word_1_478' title='bbox 2763 638 2896 693; x_wconf 91' lang='lat' dir='ltr'><strong>alios</strong></span> <span class='ocrx_word' id='word_1_479' title='bbox 2927 639 3199 706; x_wconf 90' lang='lat' dir='ltr'><strong>docuerat,</strong></span> <span class='ocrx_word' id='word_1_480' title='bbox 3227 641 3525 697; x_wconf 89' lang='lat' dir='ltr'><strong>obstinatus</strong></span> <span class='ocrx_word' id='word_1_481' title='bbox 3545 658 3693 698; x_wconf 86' lang='lat' dir='ltr'><strong>man-</strong></span> 
     </span>
    </p>
   </div>
   <div class='ocr_carea' id='block_1_66' title="bbox 2125 727 3691 801">
    <p class='ocr_par' dir='ltr' id='par_1_66' title="bbox 2125 727 3691 801">
     <span class='ocr_line' id='line_1_66' title="bbox 2125 727 3691 801; baseline 0.007 -21"><span class='ocrx_word' id='word_1_482' title='bbox 2125 727 2215 793; x_wconf 89' lang='lat' dir='ltr'><strong>sit,</strong></span> <span class='ocrx_word' id='word_1_483' title='bbox 2247 737 2300 782; x_wconf 91' lang='lat' dir='ltr'><strong>et</strong></span> <span class='ocrx_word' id='word_1_484' title='bbox 2315 727 2379 782; x_wconf 91' lang='lat' dir='ltr'><strong>ad</strong></span> <span class='ocrx_word' id='word_1_485' title='bbox 2406 729 2681 798; x_wconf 90' lang='lat' dir='ltr'><strong>pristinam</strong></span> <span class='ocrx_word' id='word_1_486' title='bbox 2711 744 2958 786; x_wconf 90' lang='lat' dir='ltr'><strong>reversus</strong></span> <span class='ocrx_word' id='word_1_487' title='bbox 2987 740 3069 786; x_wconf 92' lang='lat' dir='ltr'><strong>est</strong></span> <span class='ocrx_word' id='word_1_488' title='bbox 3088 731 3501 801; x_wconf 91' lang='lat' dir='ltr'><strong>improbitatem.</strong></span> <span class='ocrx_word' id='word_1_489' title='bbox 3525 735 3603 788; x_wconf 85' lang='lat' dir='ltr'><strong>Ac</strong></span> <span class='ocrx_word' id='word_1_490' title='bbox 3623 751 3691 792; x_wconf 86' lang='lat' dir='ltr'><strong>ne</strong></span> 
     </span>
    </p>
   </div>
   <div class='ocr_carea' id='block_1_67' title="bbox 2123 818 3692 894">
    <p class='ocr_par' dir='ltr' id='par_1_67' title="bbox 2123 818 3692 894">
     <span class='ocr_line' id='line_1_67' title="bbox 2123 818 3692 894; baseline 0.004 -20"><span class='ocrx_word' id='word_1_491' title='bbox 2123 818 2202 874; x_wconf 89' lang='lat' dir='ltr'><strong>sic</strong></span> <span class='ocrx_word' id='word_1_492' title='bbox 2221 819 2432 890; x_wconf 91' lang='lat' dir='ltr'><strong>quidem</strong></span> <span class='ocrx_word' id='word_1_493' title='bbox 2459 822 2608 876; x_wconf 91' lang='lat' dir='ltr'><strong>illum</strong></span> <span class='ocrx_word' id='word_1_494' title='bbox 2637 823 2776 878; x_wconf 90' lang='lat' dir='ltr'><strong>Deus</strong></span> <span class='ocrx_word' id='word_1_495' title='bbox 2801 824 3023 894; x_wconf 87' lang='lat' dir='ltr'><strong>punivit,</strong></span> <span class='ocrx_word' id='word_1_496' title='bbox 3053 823 3149 878; x_wconf 89' lang='lat' dir='ltr'><strong>sed</strong></span> <span class='ocrx_word' id='word_1_497' title='bbox 3173 825 3438 894; x_wconf 89' lang='lat' dir='ltr'><strong>patienter</strong></span> <span class='ocrx_word' id='word_1_498' title='bbox 3466 827 3601 894; x_wconf 90' lang='lat' dir='ltr'><strong>tulit,</strong></span> <span class='ocrx_word' id='word_1_499' title='bbox 3629 843 3692 881; x_wconf 89' lang='lat' dir='ltr'><strong>ac</strong></span> 
     </span>
    </p>
   </div>
   <div class='ocr_carea' id='block_1_68' title="bbox 2123 912 3688 985">
    <p class='ocr_par' dir='ltr' id='par_1_68' title="bbox 2123 912 3688 985">
     <span class='ocr_line' id='line_1_68' title="bbox 2123 912 3688 985; baseline 0.005 -21"><span class='ocrx_word' id='word_1_500' title='bbox 2123 924 2220 979; x_wconf 88' lang='lat' dir='ltr'><strong>per</strong></span> <span class='ocrx_word' id='word_1_501' title='bbox 2265 912 2530 966; x_wconf 90' lang='lat' dir='ltr'><strong>somnium</strong></span> <span class='ocrx_word' id='word_1_502' title='bbox 2570 928 2767 982; x_wconf 88' lang='lat' dir='ltr'><strong>perque</strong></span> <span class='ocrx_word' id='word_1_503' title='bbox 2804 914 3118 985; x_wconf 88' lang='lat' dir='ltr'><strong>prophetam</strong></span> <span class='ocrx_word' id='word_1_504' title='bbox 3156 930 3536 980; x_wconf 90' lang='lat' dir='ltr'><strong>commonens,</strong></span> <span class='ocrx_word' id='word_1_505' title='bbox 3567 933 3688 972; x_wconf 89' lang='lat' dir='ltr'><strong>cum</strong></span> 
     </span>
    </p>
   </div>
   <div class='ocr_carea' id='block_1_69' title="bbox 2121 1003 3688 1077">
    <p class='ocr_par' dir='ltr' id='par_1_69' title="bbox 2121 1003 3688 1077">
     <span class='ocr_line' id='line_1_69' title="bbox 2121 1003 3688 1077; baseline 0.004 -19"><span class='ocrx_word' id='word_1_506' title='bbox 2121 1004 2211 1058; x_wconf 91' lang='lat' dir='ltr'><strong>tali</strong></span> <span class='ocrx_word' id='word_1_507' title='bbox 2241 1005 2322 1058; x_wconf 92' lang='lat' dir='ltr'><strong>via</strong></span> <span class='ocrx_word' id='word_1_508' title='bbox 2357 1003 2522 1060; x_wconf 89' lang='lat' dir='ltr'><strong>nihilo</strong></span> <span class='ocrx_word' id='word_1_509' title='bbox 2558 1006 2745 1061; x_wconf 91' lang='lat' dir='ltr'><strong>melior</strong></span> <span class='ocrx_word' id='word_1_510' title='bbox 2783 1008 3056 1074; x_wconf 90' lang='lat' dir='ltr'><strong>evaderet,</strong></span> <span class='ocrx_word' id='word_1_511' title='bbox 3088 1022 3300 1077; x_wconf 73' lang='lat' dir='ltr'><strong>ptenam</strong></span> <span class='ocrx_word' id='word_1_512' title='bbox 3329 1009 3543 1064; x_wconf 91' lang='lat' dir='ltr'><strong>demum</strong></span> <span class='ocrx_word' id='word_1_513' title='bbox 3584 1011 3688 1064; x_wconf 79' lang='lat' dir='ltr'><strong>im-</strong></span> 
     </span>
    </p>
   </div>
   <div class='ocr_carea' id='block_1_70' title="bbox 2120 1095 3688 1170">
    <p class='ocr_par' dir='ltr' id='par_1_70' title="bbox 2120 1095 3688 1170">
     <span class='ocr_line' id='line_1_70' title="bbox 2120 1095 3688 1170; baseline 0.005 -22"><span class='ocrx_word' id='word_1_514' title='bbox 2120 1095 2285 1158; x_wconf 87' lang='lat' dir='ltr'><strong>misit,</strong></span> <span class='ocrx_word' id='word_1_515' title='bbox 2329 1110 2434 1150; x_wconf 90' lang='lat' dir='ltr'><strong>non</strong></span> <span class='ocrx_word' id='word_1_516' title='bbox 2472 1098 2738 1166; x_wconf 65' lang='lat' dir='ltr'><strong>praeterita</strong></span> <span class='ocrx_word' id='word_1_517' title='bbox 2779 1097 3077 1165; x_wconf 84' lang='lat' dir='ltr'><strong>ulciscens,</strong></span> <span class='ocrx_word' id='word_1_518' title='bbox 3112 1098 3203 1154; x_wconf 91' lang='lat' dir='ltr'><strong>sed</strong></span> <span class='ocrx_word' id='word_1_519' title='bbox 3233 1098 3406 1154; x_wconf 92' lang='lat' dir='ltr'><strong>futura</strong></span> <span class='ocrx_word' id='word_1_520' title='bbox 3438 1102 3688 1170; x_wconf 58' lang='lat' dir='ltr'><strong>praesciu-</strong></span> 
     </span>
    </p>
   </div>
   <div class='ocr_carea' id='block_1_71' title="bbox 2119 1185 3687 1260">
    <p class='ocr_par' dir='ltr' id='par_1_71' title="bbox 2119 1185 3687 1260">
     <span class='ocr_line' id='line_1_71' title="bbox 2119 1185 3687 1260; baseline 0.004 -20"><span class='ocrx_word' id='word_1_521' title='bbox 2119 1185 2255 1241; x_wconf 91' lang='lat' dir='ltr'><strong>dens</strong></span> <span class='ocrx_word' id='word_1_522' title='bbox 2301 1187 2460 1250; x_wconf 86' lang='lat' dir='ltr'><strong>mala,</strong></span> <span class='ocrx_word' id='word_1_523' title='bbox 2501 1197 2557 1243; x_wconf 92' lang='lat' dir='ltr'><strong>et</strong></span> <span class='ocrx_word' id='word_1_524' title='bbox 2591 1187 2983 1258; x_wconf 89' lang='lat' dir='ltr'><strong>improbitatem</strong></span> <span class='ocrx_word' id='word_1_525' title='bbox 3020 1205 3088 1244; x_wconf 90' lang='lat' dir='ltr'><strong>ne</strong></span> <span class='ocrx_word' id='word_1_526' title='bbox 3114 1190 3334 1245; x_wconf 89' lang='lat' dir='ltr'><strong>ulterius</strong></span> <span class='ocrx_word' id='word_1_527' title='bbox 3376 1192 3687 1260; x_wconf 90' lang='lat' dir='ltr'><strong>procederet</strong></span> 
     </span>
    </p>
   </div>
   <div class='ocr_carea' id='block_1_72' title="bbox 2123 1282 3688 1354">
    <p class='ocr_par' dir='ltr' id='par_1_72' title="bbox 2123 1282 3688 1354">
     <span class='ocr_line' id='line_1_72' title="bbox 2123 1282 3688 1354; baseline 0.004 -22"><span class='ocrx_word' id='word_1_528' title='bbox 2123 1293 2416 1334; x_wconf 85' lang='lat' dir='ltr'><strong>coercens:</strong></span> <span class='ocrx_word' id='word_1_529' title='bbox 2462 1295 2634 1350; x_wconf 88' lang='lat' dir='ltr'><strong>neque</strong></span> <span class='ocrx_word' id='word_1_530' title='bbox 2675 1289 2850 1335; x_wconf 92' lang='lat' dir='ltr'><strong>tamen</strong></span> <span class='ocrx_word' id='word_1_531' title='bbox 2889 1297 3059 1349; x_wconf 90' lang='lat' dir='ltr'><strong>usque</strong></span> <span class='ocrx_word' id='word_1_532' title='bbox 3097 1285 3150 1336; x_wconf 91' lang='lat' dir='ltr'><strong>in</strong></span> <span class='ocrx_word' id='word_1_533' title='bbox 3190 1282 3380 1344; x_wconf 84' lang='lat' dir='ltr'><strong>ﬁnem;</strong></span> <span class='ocrx_word' id='word_1_534' title='bbox 3411 1293 3688 1354; x_wconf 90' lang='lat' dir='ltr'><strong>postquam</strong></span> 
     </span>
    </p>
   </div>
   <div class='ocr_carea' id='block_1_73' title="bbox 2119 1371 3689 1446">
    <p class='ocr_par' dir='ltr' id='par_1_73' title="bbox 2119 1371 3689 1446">
     <span class='ocr_line' id='line_1_73' title="bbox 2119 1371 3689 1446; baseline 0.003 -20"><span class='ocrx_word' id='word_1_535' title='bbox 2119 1371 2261 1426; x_wconf 90' lang='lat' dir='ltr'><strong>enim</strong></span> <span class='ocrx_word' id='word_1_536' title='bbox 2292 1373 2473 1439; x_wconf 89' lang='lat' dir='ltr'><strong>paucis</strong></span> <span class='ocrx_word' id='word_1_537' title='bbox 2511 1374 2656 1428; x_wconf 92' lang='lat' dir='ltr'><strong>illum</strong></span> <span class='ocrx_word' id='word_1_538' title='bbox 2693 1375 2847 1429; x_wconf 91' lang='lat' dir='ltr'><strong>annis</strong></span> <span class='ocrx_word' id='word_1_539' title='bbox 2888 1375 3234 1442; x_wconf 88' lang='lat' dir='ltr'><strong>castigasset,</strong></span> <span class='ocrx_word' id='word_1_540' title='bbox 3263 1376 3484 1446; x_wconf 89' lang='lat' dir='ltr'><strong>pristino</strong></span> <span class='ocrx_word' id='word_1_541' title='bbox 3510 1376 3689 1431; x_wconf 85' lang='lat' dir='ltr'><strong>reddi-</strong></span> 
     </span>
    </p>
   </div>
   <div class='ocr_carea' id='block_1_74' title="bbox 2121 1461 3689 1537">
    <p class='ocr_par' dir='ltr' id='par_1_74' title="bbox 2121 1461 3689 1537">
     <span class='ocr_line' id='line_1_74' title="bbox 2121 1461 3689 1537; baseline 0.005 -22"><span class='ocrx_word' id='word_1_542' title='bbox 2121 1461 2200 1516; x_wconf 90' lang='lat' dir='ltr'><strong>dit</strong></span> <span class='ocrx_word' id='word_1_543' title='bbox 2233 1461 2457 1527; x_wconf 91' lang='lat' dir='ltr'><strong>honori,</strong></span> <span class='ocrx_word' id='word_1_544' title='bbox 2488 1464 2632 1519; x_wconf 93' lang='lat' dir='ltr'><strong>nullo</strong></span> <span class='ocrx_word' id='word_1_545' title='bbox 2654 1463 2848 1519; x_wconf 87' lang='lat' dir='ltr'><strong>damno</strong></span> <span class='ocrx_word' id='word_1_546' title='bbox 2873 1467 3148 1520; x_wconf 89' lang='lat' dir='ltr'><strong>multatum</strong></span> <span class='ocrx_word' id='word_1_547' title='bbox 3180 1481 3246 1522; x_wconf 81' lang='lat' dir='ltr'><strong>ex</strong></span> <span class='ocrx_word' id='word_1_548' title='bbox 3275 1481 3448 1537; x_wconf 63' lang='lat' dir='ltr'><strong>pinna,</strong></span> <span class='ocrx_word' id='word_1_549' title='bbox 3481 1467 3574 1522; x_wconf 91' lang='lat' dir='ltr'><strong>sed</strong></span> <span class='ocrx_word' id='word_1_550' title='bbox 3594 1467 3689 1522; x_wconf 88' lang='lat' dir='ltr'><strong>bo-</strong></span> 
     </span>
    </p>
   </div>
   <div class='ocr_carea' id='block_1_75' title="bbox 2126 1555 3690 1628">
    <p class='ocr_par' dir='ltr' id='par_1_75' title="bbox 2126 1555 3690 1628">
     <span class='ocr_line' id='line_1_75' title="bbox 2126 1555 3690 1628; baseline 0.003 -21"><span class='ocrx_word' id='word_1_551' title='bbox 2126 1569 2252 1608; x_wconf 90' lang='lat' dir='ltr'><strong>num</strong></span> <span class='ocrx_word' id='word_1_552' title='bbox 2275 1555 2508 1609; x_wconf 91' lang='lat' dir='ltr'><strong>omnium</strong></span> <span class='ocrx_word' id='word_1_553' title='bbox 2533 1560 2821 1610; x_wconf 86' lang='lat' dir='ltr'><strong>maximum</strong></span> <span class='ocrx_word' id='word_1_554' title='bbox 2848 1557 3105 1611; x_wconf 89' lang='lat' dir='ltr'><strong>lucratum</strong></span> <span class='ocrx_word' id='word_1_555' title='bbox 3124 1598 3140 1623; x_wconf 93' lang='lat'><strong>,</strong></span> <span class='ocrx_word' id='word_1_556' title='bbox 3169 1566 3227 1611; x_wconf 92' lang='lat' dir='ltr'><strong>ut</strong></span> <span class='ocrx_word' id='word_1_557' title='bbox 3251 1573 3442 1628; x_wconf 88' lang='lat' dir='ltr'><strong>nempe</strong></span> <span class='ocrx_word' id='word_1_558' title='bbox 3468 1558 3690 1614; x_wconf 85' lang='lat' dir='ltr'><strong>firmiter</strong></span> 
     </span>
    </p>
   </div>
   <div class='ocr_carea' id='block_1_76' title="bbox 2121 1645 3686 1720">
    <p class='ocr_par' dir='ltr' id='par_1_76' title="bbox 2121 1645 3686 1720">
     <span class='ocr_line' id='line_1_76' title="bbox 2121 1645 3686 1720; baseline 0.004 -22"><span class='ocrx_word' id='word_1_559' title='bbox 2121 1645 2242 1699; x_wconf 86' lang='lat' dir='ltr'><strong>ﬁdei</strong></span> <span class='ocrx_word' id='word_1_560' title='bbox 2283 1662 2407 1715; x_wconf 79' lang='lat' dir='ltr'><strong>erga</strong></span> <span class='ocrx_word' id='word_1_561' title='bbox 2463 1647 2629 1702; x_wconf 87' lang='lat' dir='ltr'><strong>Deum</strong></span> <span class='ocrx_word' id='word_1_562' title='bbox 2660 1646 2922 1716; x_wconf 71' lang='lat' dir='ltr'><strong>hmreret,</strong></span> <span class='ocrx_word' id='word_1_563' title='bbox 2954 1663 3016 1704; x_wconf 94' lang='lat' dir='ltr'><strong>ac</strong></span> <span class='ocrx_word' id='word_1_564' title='bbox 3044 1648 3112 1704; x_wconf 92' lang='lat' dir='ltr'><strong>de</strong></span> <span class='ocrx_word' id='word_1_565' title='bbox 3149 1651 3378 1719; x_wconf 84' lang='lat' dir='ltr'><strong>peccatis</strong></span> <span class='ocrx_word' id='word_1_566' title='bbox 3420 1651 3686 1720; x_wconf 87' lang='lat' dir='ltr'><strong>prioribus</strong></span> 
     </span>
    </p>
   </div>
   <div class='ocr_carea' id='block_1_77' title="bbox 2124 1736 2716 1808">
    <p class='ocr_par' dir='ltr' id='par_1_77' title="bbox 2124 1736 2716 1808">
     <span class='ocr_line' id='line_1_77' title="bbox 2124 1736 2716 1808; baseline 0.005 -19"><span class='ocrx_word' id='word_1_567' title='bbox 2124 1736 2492 1806; x_wconf 61' lang='lat' dir='ltr'><strong>paenitentiam</strong></span> <span class='ocrx_word' id='word_1_568' title='bbox 2518 1748 2716 1808; x_wconf 88' lang='lat' dir='ltr'><strong>ageret.</strong></span> 
     </span>
    </p>
   </div>
   <div class='ocr_carea' id='block_1_78' title="bbox 2191 1847 3683 1920">
    <p class='ocr_par' dir='ltr' id='par_1_78' title="bbox 2191 1847 3683 1920">
     <span class='ocr_line' id='line_1_78' title="bbox 2191 1847 3683 1920; baseline 0.005 -18"><span class='ocrx_word' id='word_1_569' title='bbox 2191 1847 2244 1902; x_wconf 91' lang='lat'><strong>6.</strong></span> <span class='ocrx_word' id='word_1_570' title='bbox 2294 1847 2588 1918; x_wconf 84' lang='lat' dir='ltr'><strong>Numquam</strong></span> <span class='ocrx_word' id='word_1_571' title='bbox 2608 1859 2863 1904; x_wconf 79' lang='lat' dir='ltr'><strong>aversatur</strong></span> <span class='ocrx_word' id='word_1_572' title='bbox 2889 1849 3026 1904; x_wconf 84' lang='lat' dir='ltr'><strong>Deus</strong></span> <span class='ocrx_word' id='word_1_573' title='bbox 3053 1851 3296 1906; x_wconf 79' lang='lat' dir='ltr'><strong>sinceram</strong></span> <span class='ocrx_word' id='word_1_574' title='bbox 3327 1853 3683 1920; x_wconf 71' lang='lat' dir='ltr'><strong>paenitentiam.</strong></span> 
     </span>
    </p>
   </div>
   <div class='ocr_carea' id='block_1_79' title="bbox 2118 1940 3686 2013">
    <p class='ocr_par' dir='ltr' id='par_1_79' title="bbox 2118 1940 3686 2013">
     <span class='ocr_line' id='line_1_79' title="bbox 2118 1940 3686 2013; baseline 0.004 -20"><span class='ocrx_word' id='word_1_575' title='bbox 2118 1968 2188 1978; x_wconf 91' lang='lat'><strong><em>—</em></strong></span> <span class='ocrx_word' id='word_1_576' title='bbox 2223 1940 2531 2008; x_wconf 81' lang='lat' dir='ltr'><strong>Huiusmodi</strong></span> <span class='ocrx_word' id='word_1_577' title='bbox 2569 1941 2762 2010; x_wconf 92' lang='lat' dir='ltr'><strong>quippe</strong></span> <span class='ocrx_word' id='word_1_578' title='bbox 2796 1950 2877 1996; x_wconf 92' lang='lat' dir='ltr'><strong>est</strong></span> <span class='ocrx_word' id='word_1_579' title='bbox 2912 1942 3005 1998; x_wconf 91' lang='lat' dir='ltr'><strong>Dei</strong></span> <span class='ocrx_word' id='word_1_580' title='bbox 3037 1957 3162 2013; x_wconf 90' lang='lat' dir='ltr'><strong>erga</strong></span> <span class='ocrx_word' id='word_1_581' title='bbox 3186 1942 3425 1998; x_wconf 91' lang='lat' dir='ltr'><strong>homines</strong></span> <span class='ocrx_word' id='word_1_582' title='bbox 3453 1944 3686 2000; x_wconf 88' lang='lat' dir='ltr'><strong>clemen-</strong></span> 
     </span>
    </p>
   </div>
   <div class='ocr_carea' id='block_1_80' title="bbox 2120 2031 3686 2102">
    <p class='ocr_par' dir='ltr' id='par_1_80' title="bbox 2120 2031 3686 2102">
     <span class='ocr_line' id='line_1_80' title="bbox 2120 2031 3686 2102; baseline 0.004 -18"><span class='ocrx_word' id='word_1_583' title='bbox 2120 2031 2189 2084; x_wconf 89' lang='lat' dir='ltr'><strong>tia</strong></span> <span class='ocrx_word' id='word_1_584' title='bbox 2214 2048 2227 2085; x_wconf 94' lang='lat'>:</span> <span class='ocrx_word' id='word_1_585' title='bbox 2261 2046 2544 2100; x_wconf 88' lang='lat' dir='ltr'><strong>numquam</strong></span> <span class='ocrx_word' id='word_1_586' title='bbox 2574 2041 2847 2086; x_wconf 85' lang='lat' dir='ltr'><strong>aversatur</strong></span> <span class='ocrx_word' id='word_1_587' title='bbox 2874 2033 3134 2088; x_wconf 88' lang='lat' dir='ltr'><strong>sinceram</strong></span> <span class='ocrx_word' id='word_1_588' title='bbox 3163 2034 3556 2102; x_wconf 69' lang='lat' dir='ltr'><strong>paenitentiam;</strong></span> <span class='ocrx_word' id='word_1_589' title='bbox 3592 2037 3686 2090; x_wconf 85' lang='lat' dir='ltr'><strong>sed</strong></span> 
     </span>
    </p>
   </div>
   <div class='ocr_carea' id='block_1_81' title="bbox 2119 2121 3690 2196">
    <p class='ocr_par' dir='ltr' id='par_1_81' title="bbox 2119 2121 3690 2196">
     <span class='ocr_line' id='line_1_81' title="bbox 2119 2121 3690 2196; baseline 0.004 -22"><span class='ocrx_word' id='word_1_590' title='bbox 2119 2121 2324 2175; x_wconf 89' lang='lat' dir='ltr'><strong>etiamsi</strong></span> <span class='ocrx_word' id='word_1_591' title='bbox 2353 2121 2471 2190; x_wconf 94' lang='lat' dir='ltr'><strong>quis</strong></span> <span class='ocrx_word' id='word_1_592' title='bbox 2497 2122 2547 2174; x_wconf 92' lang='lat' dir='ltr'><strong>in</strong></span> <span class='ocrx_word' id='word_1_593' title='bbox 2577 2131 2871 2176; x_wconf 87' lang='lat' dir='ltr'><strong>extremum</strong></span> <span class='ocrx_word' id='word_1_594' title='bbox 2909 2123 3258 2192; x_wconf 89' lang='lat' dir='ltr'><strong>improbitatis</strong></span> <span class='ocrx_word' id='word_1_595' title='bbox 3290 2126 3560 2196; x_wconf 87' lang='lat' dir='ltr'><strong>pertigerit</strong></span> <span class='ocrx_word' id='word_1_596' title='bbox 3582 2169 3598 2191; x_wconf 92' lang='lat'><strong>,</strong></span> <span class='ocrx_word' id='word_1_597' title='bbox 3633 2139 3690 2183; x_wconf 90' lang='lat' dir='ltr'><strong>et</strong></span> 
     </span>
    </p>
   </div>
   <div class='ocr_carea' id='block_1_82' title="bbox 2120 2209 3690 2287">
    <p class='ocr_par' dir='ltr' id='par_1_82' title="bbox 2120 2209 3690 2287">
     <span class='ocr_line' id='line_1_82' title="bbox 2120 2209 3690 2287; baseline 0.006 -23"><span class='ocrx_word' id='word_1_598' title='bbox 2120 2209 2243 2266; x_wconf 91' lang='lat' dir='ltr'><strong>hinc</strong></span> <span class='ocrx_word' id='word_1_599' title='bbox 2267 2210 2334 2264; x_wconf 92' lang='lat' dir='ltr'><strong>ad</strong></span> <span class='ocrx_word' id='word_1_600' title='bbox 2361 2211 2570 2266; x_wconf 90' lang='lat' dir='ltr'><strong>virtutis</strong></span> <span class='ocrx_word' id='word_1_601' title='bbox 2596 2213 2735 2266; x_wconf 91' lang='lat' dir='ltr'><strong>viam</strong></span> <span class='ocrx_word' id='word_1_602' title='bbox 2764 2213 2939 2269; x_wconf 89' lang='lat' dir='ltr'><strong>redire</strong></span> <span class='ocrx_word' id='word_1_603' title='bbox 2962 2215 3188 2270; x_wconf 90' lang='lat' dir='ltr'><strong>voluerit</strong></span> <span class='ocrx_word' id='word_1_604' title='bbox 3211 2257 3226 2282; x_wconf 95' lang='lat'><strong>,</strong></span> <span class='ocrx_word' id='word_1_605' title='bbox 3269 2217 3440 2287; x_wconf 91' lang='lat' dir='ltr'><strong>ipsum</strong></span> <span class='ocrx_word' id='word_1_606' title='bbox 3470 2219 3690 2287; x_wconf 88' lang='lat' dir='ltr'><strong>suscipit</strong></span> 
     </span>
    </p>
   </div>
   <div class='ocr_carea' id='block_1_83' title="bbox 2119 2303 3685 2379">
    <p class='ocr_par' dir='ltr' id='par_1_83' title="bbox 2119 2303 3685 2379">
     <span class='ocr_line' id='line_1_83' title="bbox 2119 2303 3685 2379; baseline 0.004 -21"><span class='ocrx_word' id='word_1_607' title='bbox 2119 2313 2172 2358; x_wconf 89' lang='lat' dir='ltr'><strong>et</strong></span> <span class='ocrx_word' id='word_1_608' title='bbox 2198 2303 2549 2372; x_wconf 80' lang='lat' dir='ltr'><strong>amplexatur,</strong></span> <span class='ocrx_word' id='word_1_609' title='bbox 2577 2305 2816 2374; x_wconf 89' lang='lat' dir='ltr'><strong>nihilque</strong></span> <span class='ocrx_word' id='word_1_610' title='bbox 2843 2321 2945 2360; x_wconf 92' lang='lat' dir='ltr'><strong>non</strong></span> <span class='ocrx_word' id='word_1_611' title='bbox 2975 2307 3082 2377; x_wconf 88' lang='lat' dir='ltr'><strong>agit</strong></span> <span class='ocrx_word' id='word_1_612' title='bbox 3102 2317 3157 2362; x_wconf 91' lang='lat' dir='ltr'><strong>ut</strong></span> <span class='ocrx_word' id='word_1_613' title='bbox 3181 2323 3301 2363; x_wconf 91' lang='lat' dir='ltr'><strong>eum</strong></span> <span class='ocrx_word' id='word_1_614' title='bbox 3329 2310 3380 2363; x_wconf 89' lang='lat' dir='ltr'><strong>in</strong></span> <span class='ocrx_word' id='word_1_615' title='bbox 3410 2311 3685 2379; x_wconf 88' lang='lat' dir='ltr'><strong>pristinum</strong></span> 
     </span>
    </p>
   </div>
   <div class='ocr_carea' id='block_1_84' title="bbox 2119 2394 3688 2465">
    <p class='ocr_par' dir='ltr' id='par_1_84' title="bbox 2119 2394 3688 2465">
     <span class='ocr_line' id='line_1_84' title="bbox 2119 2394 3688 2465; baseline 0.006 -19"><span class='ocrx_word' id='word_1_616' title='bbox 2119 2401 2312 2447; x_wconf 89' lang='lat' dir='ltr'><strong>statum</strong></span> <span class='ocrx_word' id='word_1_617' title='bbox 2342 2394 2600 2447; x_wconf 89' lang='lat' dir='ltr'><strong>restituat.</strong></span> <span class='ocrx_word' id='word_1_618' title='bbox 2624 2394 2878 2464; x_wconf 85' lang='lat' dir='ltr'><strong>Quodque</strong></span> <span class='ocrx_word' id='word_1_619' title='bbox 2903 2397 3119 2465; x_wconf 90' lang='lat' dir='ltr'><strong>maioris</strong></span> <span class='ocrx_word' id='word_1_620' title='bbox 3143 2407 3225 2452; x_wconf 86' lang='lat' dir='ltr'><strong>est</strong></span> <span class='ocrx_word' id='word_1_621' title='bbox 3252 2399 3565 2464; x_wconf 67' lang='lat' dir='ltr'><strong>clementiae,</strong></span> <span class='ocrx_word' id='word_1_622' title='bbox 3587 2403 3688 2455; x_wconf 87' lang='lat' dir='ltr'><strong>etsi</strong></span> 
     </span>
    </p>
   </div>
   <div class='ocr_carea' id='block_1_85' title="bbox 2119 2483 3687 2556">
    <p class='ocr_par' dir='ltr' id='par_1_85' title="bbox 2119 2483 3687 2556">
     <span class='ocr_line' id='line_1_85' title="bbox 2119 2483 3687 2556; baseline 0.007 -21"><span class='ocrx_word' id='word_1_623' title='bbox 2119 2483 2237 2553; x_wconf 91' lang='lat' dir='ltr'><strong>quis</strong></span> <span class='ocrx_word' id='word_1_624' title='bbox 2261 2497 2364 2536; x_wconf 91' lang='lat' dir='ltr'><strong>non</strong></span> <span class='ocrx_word' id='word_1_625' title='bbox 2392 2483 2648 2554; x_wconf 89' lang='lat' dir='ltr'><strong>integram</strong></span> <span class='ocrx_word' id='word_1_626' title='bbox 2676 2485 3035 2554; x_wconf 63' lang='lat' dir='ltr'><strong>paenitentiam</strong></span> <span class='ocrx_word' id='word_1_627' title='bbox 3058 2489 3340 2556; x_wconf 87' lang='lat' dir='ltr'><strong>exhibeat,</strong></span> <span class='ocrx_word' id='word_1_628' title='bbox 3369 2488 3583 2546; x_wconf 77' lang='lat' dir='ltr'><strong>brevem</strong></span> <span class='ocrx_word' id='word_1_629' title='bbox 3605 2501 3687 2546; x_wconf 83' lang='lat' dir='ltr'><strong>ta-</strong></span> 
     </span>
    </p>
   </div>
   <div class='ocr_carea' id='block_1_86' title="bbox 2121 2573 3688 2647">
    <p class='ocr_par' dir='ltr' id='par_1_86' title="bbox 2121 2573 3688 2647">
     <span class='ocr_line' id='line_1_86' title="bbox 2121 2573 3688 2647; baseline 0.006 -20"><span class='ocrx_word' id='word_1_630' title='bbox 2121 2589 2242 2628; x_wconf 92' lang='lat' dir='ltr'><strong>men</strong></span> <span class='ocrx_word' id='word_1_631' title='bbox 2269 2573 2411 2628; x_wconf 90' lang='lat' dir='ltr'><strong>illam</strong></span> <span class='ocrx_word' id='word_1_632' title='bbox 2438 2583 2492 2628; x_wconf 91' lang='lat' dir='ltr'><strong>et</strong></span> <span class='ocrx_word' id='word_1_633' title='bbox 2509 2574 2574 2629; x_wconf 93' lang='lat' dir='ltr'><strong>ad</strong></span> <span class='ocrx_word' id='word_1_634' title='bbox 2606 2575 2870 2630; x_wconf 89' lang='lat' dir='ltr'><strong>modicum</strong></span> <span class='ocrx_word' id='word_1_635' title='bbox 2897 2577 3185 2633; x_wconf 86' lang='lat' dir='ltr'><strong>exbibitam</strong></span> <span class='ocrx_word' id='word_1_636' title='bbox 3213 2595 3318 2634; x_wconf 90' lang='lat' dir='ltr'><strong>non</strong></span> <span class='ocrx_word' id='word_1_637' title='bbox 3348 2581 3562 2647; x_wconf 91' lang='lat' dir='ltr'><strong>abnuit,</strong></span> <span class='ocrx_word' id='word_1_638' title='bbox 3592 2583 3688 2638; x_wconf 81' lang='lat' dir='ltr'><strong>sed</strong></span> 
     </span>
    </p>
   </div>
   <div class='ocr_carea' id='block_1_87' title="bbox 2120 2664 3688 2737">
    <p class='ocr_par' dir='ltr' id='par_1_87' title="bbox 2120 2664 3688 2737">
     <span class='ocr_line' id='line_1_87' title="bbox 2120 2664 3688 2737; baseline 0.006 -19"><span class='ocrx_word' id='word_1_639' title='bbox 2120 2680 2361 2735; x_wconf 87' lang='lat' dir='ltr'><strong>magnam</strong></span> <span class='ocrx_word' id='word_1_640' title='bbox 2390 2664 2511 2720; x_wconf 90' lang='lat' dir='ltr'><strong>huic</strong></span> <span class='ocrx_word' id='word_1_641' title='bbox 2535 2665 2832 2721; x_wconf 90' lang='lat' dir='ltr'><strong>mercedem</strong></span> <span class='ocrx_word' id='word_1_642' title='bbox 2860 2667 3042 2721; x_wconf 88' lang='lat' dir='ltr'><strong>tribuit</strong></span> <span class='ocrx_word' id='word_1_643' title='bbox 3074 2685 3088 2721; x_wconf 90' lang='lat'><strong>:</strong></span> <span class='ocrx_word' id='word_1_644' title='bbox 3119 2670 3258 2737; x_wconf 87' lang='lat' dir='ltr'><strong>quod</strong></span> <span class='ocrx_word' id='word_1_645' title='bbox 3299 2685 3425 2726; x_wconf 90' lang='lat' dir='ltr'><strong>sane</strong></span> <span class='ocrx_word' id='word_1_646' title='bbox 3466 2672 3688 2727; x_wconf 55' lang='lat' dir='ltr'><strong>manife.</strong></span> 
     </span>
    </p>
   </div>
   <div class='ocr_carea' id='block_1_88' title="bbox 2119 2757 3689 2827">
    <p class='ocr_par' dir='ltr' id='par_1_88' title="bbox 2119 2757 3689 2827">
     <span class='ocr_line' id='line_1_88' title="bbox 2119 2757 3689 2827; baseline 0.004 -16"><span class='ocrx_word' id='word_1_647' title='bbox 2119 2766 2259 2811; x_wconf 91' lang='lat' dir='ltr'><strong>stum</strong></span> <span class='ocrx_word' id='word_1_648' title='bbox 2287 2767 2368 2812; x_wconf 91' lang='lat' dir='ltr'><strong>est</strong></span> <span class='ocrx_word' id='word_1_649' title='bbox 2395 2773 2460 2812; x_wconf 82' lang='lat' dir='ltr'><strong>ex</strong></span> <span class='ocrx_word' id='word_1_650' title='bbox 2486 2757 2571 2823; x_wconf 91' lang='lat' dir='ltr'><strong>iis,</strong></span> <span class='ocrx_word' id='word_1_651' title='bbox 2591 2773 2708 2827; x_wconf 70' lang='lat' dir='ltr'><strong>quae</strong></span> <span class='ocrx_word' id='word_1_652' title='bbox 2736 2757 2802 2812; x_wconf 92' lang='lat' dir='ltr'><strong>de</strong></span> <span class='ocrx_word' id='word_1_653' title='bbox 2826 2759 3020 2826; x_wconf 89' lang='lat' dir='ltr'><strong>populo</strong></span> <span class='ocrx_word' id='word_1_654' title='bbox 3041 2759 3342 2815; x_wconf 63' lang='lat' dir='ltr'><strong>Iudaeorum</strong></span> <span class='ocrx_word' id='word_1_655' title='bbox 3371 2763 3499 2817; x_wconf 91' lang='lat' dir='ltr'><strong>dicit</strong></span> <span class='ocrx_word' id='word_1_656' title='bbox 3527 2764 3689 2818; x_wconf 84' lang='lat' dir='ltr'><strong>Isaias</strong></span> 
     </span>
    </p>
   </div>
   <div class='ocr_carea' id='block_1_89' title="bbox 2121 2847 3686 2923">
    <p class='ocr_par' dir='ltr' id='par_1_89' title="bbox 2121 2847 3686 2923">
     <span class='ocr_line' id='line_1_89' title="bbox 2121 2847 3686 2923; baseline 0.004 -21"><span class='ocrx_word' id='word_1_657' title='bbox 2121 2850 2374 2918; x_wconf 89' lang='lat' dir='ltr'><strong>propheta</strong></span> <span class='ocrx_word' id='word_1_658' title='bbox 2400 2848 2482 2903; x_wconf 92' lang='lat' dir='ltr'><strong>his</strong></span> <span class='ocrx_word' id='word_1_659' title='bbox 2506 2849 2680 2904; x_wconf 87' lang='lat' dir='ltr'><strong>verbis</strong></span> <span class='ocrx_word' id='word_1_660' title='bbox 2711 2865 2724 2902; x_wconf 87' lang='lat'><strong>:</strong></span> <span class='ocrx_word' id='word_1_661' title='bbox 2754 2847 2972 2920; x_wconf 86' lang='lat' dir='ltr'><strong>Propter</strong></span> <span class='ocrx_word' id='word_1_662' title='bbox 3007 2862 3261 2920; x_wconf 82' lang='lat' dir='ltr'><strong>peccatum</strong></span> <span class='ocrx_word' id='word_1_663' title='bbox 3287 2855 3542 2923; x_wconf 80' lang='lat' dir='ltr'><strong>paulisper</strong></span> <span class='ocrx_word' id='word_1_664' title='bbox 3563 2871 3686 2908; x_wconf 90' lang='lat' dir='ltr'><strong>con-</strong></span> 
     </span>
    </p>
   </div>
   <div class='ocr_carea' id='block_1_90' title="bbox 2121 2945 3689 3018">
    <p class='ocr_par' dir='ltr' id='par_1_90' title="bbox 2121 2945 3689 3018">
     <span class='ocr_line' id='line_1_90' title="bbox 2121 2945 3689 3018; baseline 0.003 -22"><span class='ocrx_word' id='word_1_665' title='bbox 2121 2945 2312 2998; x_wconf 82' lang='lat' dir='ltr'><strong>tristavi</strong></span> <span class='ocrx_word' id='word_1_666' title='bbox 2336 2963 2468 3012; x_wconf 85' lang='lat' dir='ltr'><strong>eum,</strong></span> <span class='ocrx_word' id='word_1_667' title='bbox 2500 2956 2548 3000; x_wconf 92' lang='lat' dir='ltr'><strong>et</strong></span> <span class='ocrx_word' id='word_1_668' title='bbox 2576 2949 2798 3015; x_wconf 75' lang='lat' dir='ltr'><strong>percussi</strong></span> <span class='ocrx_word' id='word_1_669' title='bbox 2815 2962 2953 3012; x_wconf 84' lang='lat' dir='ltr'><strong>eum,</strong></span> <span class='ocrx_word' id='word_1_670' title='bbox 2979 2956 3028 3001; x_wconf 91' lang='lat' dir='ltr'><strong>et</strong></span> <span class='ocrx_word' id='word_1_671' title='bbox 3054 2948 3212 3000; x_wconf 85' lang='lat' dir='ltr'><strong>averti</strong></span> <span class='ocrx_word' id='word_1_672' title='bbox 3231 2949 3411 3018; x_wconf 75' lang='lat' dir='ltr'><strong>faciem</strong></span> <span class='ocrx_word' id='word_1_673' title='bbox 3437 2964 3596 3000; x_wconf 85' lang='lat' dir='ltr'><strong>meam</strong></span> <span class='ocrx_word' id='word_1_674' title='bbox 3624 2950 3689 3000; x_wconf 85' lang='lat' dir='ltr'><strong>ab</strong></span> 
     </span>
    </p>
   </div>
   <div class='ocr_carea' id='block_1_91' title="bbox 2121 3038 3689 3104">
    <p class='ocr_par' dir='ltr' id='par_1_91' title="bbox 2121 3038 3689 3104">
     <span class='ocr_line' id='line_1_91' title="bbox 2121 3038 3689 3104; baseline 0.003 -17"><span class='ocrx_word' id='word_1_675' title='bbox 2121 3049 2177 3087; x_wconf 80' lang='lat' dir='ltr'><strong>eo</strong></span> <span class='ocrx_word' id='word_1_676' title='bbox 2199 3051 2218 3088; x_wconf 88' lang='lat'><strong><em>:</em></strong></span> <span class='ocrx_word' id='word_1_677' title='bbox 2246 3045 2293 3088; x_wconf 80' lang='lat' dir='ltr'><strong>et</strong></span> <span class='ocrx_word' id='word_1_678' title='bbox 2317 3038 2638 3091; x_wconf 86' lang='lat' dir='ltr'><strong>contristatus</strong></span> <span class='ocrx_word' id='word_1_679' title='bbox 2667 3047 2773 3104; x_wconf 88' lang='lat' dir='ltr'><strong>est,</strong></span> <span class='ocrx_word' id='word_1_680' title='bbox 2809 3048 2854 3092; x_wconf 88' lang='lat' dir='ltr'><strong>et</strong></span> <span class='ocrx_word' id='word_1_681' title='bbox 2879 3039 3150 3091; x_wconf 77' lang='lat' dir='ltr'><strong>ambulavit</strong></span> <span class='ocrx_word' id='word_1_682' title='bbox 3178 3047 3415 3099; x_wconf 65' lang='lat' dir='ltr'><strong>mlestus;</strong></span> <span class='ocrx_word' id='word_1_683' title='bbox 3443 3048 3489 3091; x_wconf 86' lang='lat' dir='ltr'><strong>et</strong></span> <span class='ocrx_word' id='word_1_684' title='bbox 3516 3044 3689 3092; x_wconf 74' lang='lat' dir='ltr'><strong>sanari</strong></span> 
     </span>
    </p>
   </div>
   <div class='ocr_carea' id='block_1_92' title="bbox 2121 3126 3689 3199">
    <p class='ocr_par' dir='ltr' id='par_1_92' title="bbox 2121 3126 3689 3199">
     <span class='ocr_line' id='line_1_92' title="bbox 2121 3126 3689 3199; baseline 0.002 -21"><span class='ocrx_word' id='word_1_685' title='bbox 2121 3141 2252 3191; x_wconf 86' lang='lat' dir='ltr'><strong>eum,</strong></span> <span class='ocrx_word' id='word_1_686' title='bbox 2275 3134 2321 3179; x_wconf 90' lang='lat' dir='ltr'><strong>et</strong></span> <span class='ocrx_word' id='word_1_687' title='bbox 2340 3127 2622 3182; x_wconf 80' lang='lat' dir='ltr'><strong>consolatus</strong></span> <span class='ocrx_word' id='word_1_688' title='bbox 2645 3144 2756 3182; x_wconf 89' lang='lat' dir='ltr'><strong>sum</strong></span> <span class='ocrx_word' id='word_1_689' title='bbox 2782 3145 2895 3182; x_wconf 85' lang='lat' dir='ltr'><strong>eum</strong></span> <span class='ocrx_word' id='word_1_690' title='bbox 2938 3126 3106 3199; x_wconf 81' lang='lat' dir='ltr'><strong>(Isni.</strong></span> <span class='ocrx_word' id='word_1_691' title='bbox 3129 3130 3217 3184; x_wconf 83' lang='lat'><strong>57.</strong></span> <span class='ocrx_word' id='word_1_692' title='bbox 3245 3129 3330 3184; x_wconf 83' lang='grc'><strong>17.</strong></span> <span class='ocrx_word' id='word_1_693' title='bbox 3355 3129 3422 3182; x_wconf 77' lang='grc'><strong>18</strong></span> <span class='ocrx_word' id='word_1_694' title='bbox 3441 3128 3480 3199; x_wconf 95' lang='grc'><strong>).</strong></span> <span class='ocrx_word' id='word_1_695' title='bbox 3517 3128 3689 3182; x_wconf 87' lang='lat' dir='ltr'><strong>Testis</strong></span> 
     </span>
    </p>
   </div>
   <div class='ocr_carea' id='block_1_93' title="bbox 2121 3218 3690 3289">
    <p class='ocr_par' dir='ltr' id='par_1_93' title="bbox 2121 3218 3690 3289">
     <span class='ocr_line' id='line_1_93' title="bbox 2121 3218 3690 3289; baseline 0.003 -20"><span class='ocrx_word' id='word_1_696' title='bbox 2121 3225 2294 3271; x_wconf 92' lang='lat' dir='ltr'><strong>autem</strong></span> <span class='ocrx_word' id='word_1_697' title='bbox 2321 3218 2472 3272; x_wconf 89' lang='lat' dir='ltr'><strong>nobis</strong></span> <span class='ocrx_word' id='word_1_698' title='bbox 2497 3220 2598 3274; x_wconf 92' lang='lat' dir='ltr'><strong>erit</strong></span> <span class='ocrx_word' id='word_1_699' title='bbox 2636 3220 2977 3289; x_wconf 87' lang='lat' dir='ltr'><strong>impiissimus</strong></span> <span class='ocrx_word' id='word_1_700' title='bbox 3023 3236 3116 3276; x_wconf 88' lang='lat' dir='ltr'><strong>rex</strong></span> <span class='ocrx_word' id='word_1_701' title='bbox 3161 3221 3248 3274; x_wconf 91' lang='lat' dir='ltr'><strong>ille</strong></span> <span class='ocrx_word' id='word_1_702' title='bbox 3270 3262 3285 3285; x_wconf 94' lang='lat'><strong>,</strong></span> <span class='ocrx_word' id='word_1_703' title='bbox 3315 3221 3405 3289; x_wconf 89' lang='lat' dir='ltr'><strong>qui</strong></span> <span class='ocrx_word' id='word_1_704' title='bbox 3431 3220 3497 3274; x_wconf 91' lang='lat' dir='ltr'><strong>ab</strong></span> <span class='ocrx_word' id='word_1_705' title='bbox 3526 3235 3690 3274; x_wconf 85' lang='lat' dir='ltr'><strong>uxore</strong></span> 
     </span>
    </p>
   </div>
   <div class='ocr_carea' id='block_1_94' title="bbox 2120 3308 3692 3382">
    <p class='ocr_par' dir='ltr' id='par_1_94' title="bbox 2120 3308 3692 3382">
     <span class='ocr_line' id='line_1_94' title="bbox 2120 3308 3692 3382; baseline 0.003 -21"><span class='ocrx_word' id='word_1_706' title='bbox 2120 3308 2330 3378; x_wconf 92' lang='lat' dir='ltr'><strong>quidem</strong></span> <span class='ocrx_word' id='word_1_707' title='bbox 2363 3311 2590 3379; x_wconf 89' lang='lat' dir='ltr'><strong>peccatis</strong></span> <span class='ocrx_word' id='word_1_708' title='bbox 2616 3311 2839 3366; x_wconf 91' lang='lat' dir='ltr'><strong>traditus</strong></span> <span class='ocrx_word' id='word_1_709' title='bbox 2864 3323 2945 3367; x_wconf 92' lang='lat' dir='ltr'><strong>est</strong></span> <span class='ocrx_word' id='word_1_710' title='bbox 2972 3329 2986 3364; x_wconf 89' lang='lat'><strong>:</strong></span> <span class='ocrx_word' id='word_1_711' title='bbox 3013 3321 3066 3366; x_wconf 90' lang='lat' dir='ltr'><strong>at</strong></span> <span class='ocrx_word' id='word_1_712' title='bbox 3094 3313 3181 3366; x_wconf 92' lang='lat' dir='ltr'><strong>ubi</strong></span> <span class='ocrx_word' id='word_1_713' title='bbox 3211 3313 3437 3382; x_wconf 89' lang='lat' dir='ltr'><strong>primum</strong></span> <span class='ocrx_word' id='word_1_714' title='bbox 3466 3313 3613 3375; x_wconf 85' lang='lat' dir='ltr'><strong>luxit,</strong></span> <span class='ocrx_word' id='word_1_715' title='bbox 3635 3323 3692 3366; x_wconf 77' lang='lat' dir='ltr'><strong>et</strong></span> 
     </span>
    </p>
   </div>
   <div class='ocr_carea' id='block_1_95' title="bbox 2121 3399 3690 3467">
    <p class='ocr_par' dir='ltr' id='par_1_95' title="bbox 2121 3399 3690 3467">
     <span class='ocr_line' id='line_1_95' title="bbox 2121 3399 3690 3467; baseline 0.003 -15"><span class='ocrx_word' id='word_1_716' title='bbox 2121 3414 2275 3452; x_wconf 91' lang='lat' dir='ltr'><strong>sacco</strong></span> <span class='ocrx_word' id='word_1_717' title='bbox 2305 3399 2516 3454; x_wconf 90' lang='lat' dir='ltr'><strong>indutus</strong></span> <span class='ocrx_word' id='word_1_718' title='bbox 2545 3399 2777 3456; x_wconf 89' lang='lat' dir='ltr'><strong>facinora</strong></span> <span class='ocrx_word' id='word_1_719' title='bbox 2805 3417 2897 3456; x_wconf 90' lang='lat' dir='ltr'><strong>sua</strong></span> <span class='ocrx_word' id='word_1_720' title='bbox 2925 3402 3213 3467; x_wconf 86' lang='lat' dir='ltr'><strong>damnavit,</strong></span> <span class='ocrx_word' id='word_1_721' title='bbox 3243 3403 3312 3456; x_wconf 90' lang='lat' dir='ltr'><strong>ita</strong></span> <span class='ocrx_word' id='word_1_722' title='bbox 3338 3403 3436 3457; x_wconf 92' lang='lat' dir='ltr'><strong>sibi</strong></span> <span class='ocrx_word' id='word_1_723' title='bbox 3471 3403 3559 3458; x_wconf 92' lang='lat' dir='ltr'><strong>Dei</strong></span> <span class='ocrx_word' id='word_1_724' title='bbox 3587 3418 3690 3456; x_wconf 86' lang='lat' dir='ltr'><strong>mt-</strong></span> 
     </span>
    </p>
   </div>
   <div class='ocr_carea' id='block_1_96' title="bbox 2123 3490 3686 3556">
    <p class='ocr_par' dir='ltr' id='par_1_96' title="bbox 2123 3490 3686 3556">
     <span class='ocr_line' id='line_1_96' title="bbox 2123 3490 3686 3556; baseline 0.004 -14"><span class='ocrx_word' id='word_1_725' title='bbox 2123 3490 2464 3545; x_wconf 90' lang='lat' dir='ltr'><strong>sericordiam</strong></span> <span class='ocrx_word' id='word_1_726' title='bbox 2508 3493 2842 3556; x_wconf 90' lang='lat' dir='ltr'><strong>conciliavit,</strong></span> <span class='ocrx_word' id='word_1_727' title='bbox 2889 3501 2947 3546; x_wconf 92' lang='lat' dir='ltr'><strong>ut</strong></span> <span class='ocrx_word' id='word_1_728' title='bbox 2993 3495 3169 3548; x_wconf 90' lang='lat' dir='ltr'><strong>omnia</strong></span> <span class='ocrx_word' id='word_1_729' title='bbox 3212 3495 3310 3550; x_wconf 89' lang='lat' dir='ltr'><strong>sibi</strong></span> <span class='ocrx_word' id='word_1_730' title='bbox 3361 3495 3686 3549; x_wconf 88' lang='lat' dir='ltr'><strong>imminentia</strong></span> 
     </span>
    </p>
   </div>
   <div class='ocr_carea' id='block_1_97' title="bbox 2122 3582 3688 3654">
    <p class='ocr_par' dir='ltr' id='par_1_97' title="bbox 2122 3582 3688 3654">
     <span class='ocr_line' id='line_1_97' title="bbox 2122 3582 3688 3654; baseline 0.004 -20"><span class='ocrx_word' id='word_1_731' title='bbox 2122 3582 2257 3635; x_wconf 87' lang='lat' dir='ltr'><strong>mala</strong></span> <span class='ocrx_word' id='word_1_732' title='bbox 2279 3583 2517 3638; x_wconf 77' lang='lat' dir='ltr'><strong>evitarei.</strong></span> <span class='ocrx_word' id='word_1_733' title='bbox 2542 3583 2672 3640; x_wconf 85' lang='lat' dir='ltr'><strong>Nam</strong></span> <span class='ocrx_word' id='word_1_734' title='bbox 2694 3585 2830 3639; x_wconf 90' lang='lat' dir='ltr'><strong>Deus</strong></span> <span class='ocrx_word' id='word_1_735' title='bbox 2853 3585 3014 3640; x_wconf 59' lang='lat' dir='ltr'><strong>Heliae</strong></span> <span class='ocrx_word' id='word_1_736' title='bbox 3038 3587 3202 3642; x_wconf 80' lang='lat' dir='ltr'><strong>dixit:</strong></span> <span class='ocrx_word' id='word_1_737' title='bbox 3241 3587 3421 3642; x_wconf 83' lang='lat' dir='ltr'><strong>Vidisti</strong></span> <span class='ocrx_word' id='word_1_738' title='bbox 3439 3589 3688 3654; x_wconf 87' lang='lat' dir='ltr'><strong>quomodo</strong></span> 
     </span>
    </p>
   </div>
   <div class='ocr_carea' id='block_1_98' title="bbox 2121 3673 3690 3745">
    <p class='ocr_par' dir='ltr' id='par_1_98' title="bbox 2121 3673 3690 3745">
     <span class='ocr_line' id='line_1_98' title="bbox 2121 3673 3690 3745; baseline 0.003 -20"><span class='ocrx_word' id='word_1_739' title='bbox 2121 3683 2446 3741; x_wconf 84' lang='lat' dir='ltr'><strong>compunctus</strong></span> <span class='ocrx_word' id='word_1_740' title='bbox 2458 3683 2528 3728; x_wconf 73' lang='lat' dir='ltr'><strong>est</strong></span> <span class='ocrx_word' id='word_1_741' title='bbox 2546 3673 2717 3729; x_wconf 82' lang='lat' dir='ltr'><strong>Achab</strong></span> <span class='ocrx_word' id='word_1_742' title='bbox 2735 3692 2766 3728; x_wconf 90' lang='lat' dir='ltr'><strong>a</strong></span> <span class='ocrx_word' id='word_1_743' title='bbox 2785 3676 2916 3745; x_wconf 81' lang='lat' dir='ltr'><strong>facie</strong></span> <span class='ocrx_word' id='word_1_744' title='bbox 2935 3678 3081 3731; x_wconf 84' lang='lat' dir='ltr'><strong>mea?</strong></span> <span class='ocrx_word' id='word_1_745' title='bbox 3098 3677 3218 3732; x_wconf 88' lang='lat' dir='ltr'><strong>Non</strong></span> <span class='ocrx_word' id='word_1_746' title='bbox 3240 3679 3474 3732; x_wconf 84' lang='lat' dir='ltr'><strong>inducam</strong></span> <span class='ocrx_word' id='word_1_747' title='bbox 3501 3678 3690 3731; x_wconf 81' lang='lat' dir='ltr'><strong>malum</strong></span> 
     </span>
    </p>
   </div>
   <div class='ocr_carea' id='block_1_99' title="bbox 2121 3764 3684 3841">
    <p class='ocr_par' dir='ltr' id='par_1_99' title="bbox 2121 3764 3684 3841">
     <span class='ocr_line' id='line_1_99' title="bbox 2121 3764 3684 3841; baseline 0.005 -26"><span class='ocrx_word' id='word_1_748' title='bbox 2121 3764 2172 3816; x_wconf 87' lang='lat' dir='ltr'><strong>in</strong></span> <span class='ocrx_word' id='word_1_749' title='bbox 2199 3764 2370 3818; x_wconf 84' lang='lat' dir='ltr'><strong>diebus</strong></span> <span class='ocrx_word' id='word_1_750' title='bbox 2393 3766 2522 3835; x_wconf 79' lang='lat' dir='ltr'><strong>ejus,</strong></span> <span class='ocrx_word' id='word_1_751' title='bbox 2551 3783 2608 3821; x_wconf 83' lang='lat' dir='ltr'><strong>eo</strong></span> <span class='ocrx_word' id='word_1_752' title='bbox 2631 3767 2764 3836; x_wconf 87' lang='lat' dir='ltr'><strong>quod</strong></span> <span class='ocrx_word' id='word_1_753' title='bbox 2799 3768 2988 3838; x_wconf 82' lang='lat' dir='ltr'><strong>ﬂeverit</strong></span> <span class='ocrx_word' id='word_1_754' title='bbox 3013 3785 3044 3821; x_wconf 93' lang='lat' dir='ltr'><strong>a</strong></span> <span class='ocrx_word' id='word_1_755' title='bbox 3071 3770 3201 3838; x_wconf 82' lang='lat' dir='ltr'><strong>facie</strong></span> <span class='ocrx_word' id='word_1_756' title='bbox 3219 3787 3326 3823; x_wconf 87' lang='lat' dir='ltr'><strong>mea</strong></span> <span class='ocrx_word' id='word_1_757' title='bbox 3344 3769 3417 3841; x_wconf 92' lang='grc'><strong>(5.</strong></span> <span class='ocrx_word' id='word_1_758' title='bbox 3444 3771 3568 3840; x_wconf 83' lang='lat' dir='ltr'><strong>Reg.</strong></span> <span class='ocrx_word' id='word_1_759' title='bbox 3589 3771 3650 3824; x_wconf 74' lang='lat' dir='ltr'><strong>2i</strong></span> <span class='ocrx_word' id='word_1_760' title='bbox 3668 3809 3684 3823; x_wconf 95' lang='lat'><strong>.</strong></span> 
     </span>
    </p>
   </div>
   <div class='ocr_carea' id='block_1_100' title="bbox 2120 3855 3688 3930">
    <p class='ocr_par' dir='ltr' id='par_1_100' title="bbox 2120 3855 3688 3930">
     <span class='ocr_line' id='line_1_100' title="bbox 2120 3855 3688 3930; baseline 0.002 -20"><span class='ocrx_word' id='word_1_761' title='bbox 2120 3855 2236 3926; x_wconf 75' lang='lat'><strong>29).</strong></span> <span class='ocrx_word' id='word_1_762' title='bbox 2253 3857 2380 3911; x_wconf 91' lang='lat' dir='ltr'><strong>Post</strong></span> <span class='ocrx_word' id='word_1_763' title='bbox 2407 3856 2546 3912; x_wconf 94' lang='lat' dir='ltr'><strong>hunc</strong></span> <span class='ocrx_word' id='word_1_764' title='bbox 2566 3860 2723 3914; x_wconf 89' lang='lat' dir='ltr'><strong>etiam</strong></span> <span class='ocrx_word' id='word_1_765' title='bbox 2750 3858 3016 3915; x_wconf 86' lang='lat' dir='ltr'><strong>Manasses</strong></span> <span class='ocrx_word' id='word_1_766' title='bbox 3040 3860 3114 3930; x_wconf 68' lang='lat'><strong>(2.</strong></span> <span class='ocrx_word' id='word_1_767' title='bbox 3137 3860 3319 3914; x_wconf 89' lang='lat' dir='ltr'><strong>Paral.</strong></span> <span class='ocrx_word' id='word_1_768' title='bbox 3343 3863 3430 3916; x_wconf 87' lang='grc'><strong>55.</strong></span> <span class='ocrx_word' id='word_1_769' title='bbox 3464 3862 3574 3930; x_wconf 82' lang='lat' dir='ltr'><strong>i5),</strong></span> <span class='ocrx_word' id='word_1_770' title='bbox 3597 3861 3688 3930; x_wconf 82' lang='lat' dir='ltr'><strong>qui</strong></span> 
     </span>
    </p>
   </div>
   <div class='ocr_carea' id='block_1_101' title="bbox 2122 3949 3688 4023">
    <p class='ocr_par' dir='ltr' id='par_1_101' title="bbox 2122 3949 3688 4023">
     <span class='ocr_line' id='line_1_101' title="bbox 2122 3949 3688 4023; baseline 0.002 -21"><span class='ocrx_word' id='word_1_771' title='bbox 2122 3964 2306 4004; x_wconf 90' lang='lat' dir='ltr'><strong>omnes</strong></span> <span class='ocrx_word' id='word_1_772' title='bbox 2334 3949 2538 4004; x_wconf 89' lang='lat' dir='ltr'><strong>insania</strong></span> <span class='ocrx_word' id='word_1_773' title='bbox 2555 3951 2831 4020; x_wconf 87' lang='lat' dir='ltr'><strong>superavit</strong></span> <span class='ocrx_word' id='word_1_774' title='bbox 2855 3960 3010 4021; x_wconf 91' lang='lat' dir='ltr'><strong>atque</strong></span> <span class='ocrx_word' id='word_1_775' title='bbox 3041 3953 3316 4023; x_wconf 87' lang='lat' dir='ltr'><strong>tyrannide</strong></span> <span class='ocrx_word' id='word_1_776' title='bbox 3339 3995 3354 4018; x_wconf 93' lang='lat'><strong>,</strong></span> <span class='ocrx_word' id='word_1_777' title='bbox 3385 3961 3439 4006; x_wconf 88' lang='lat' dir='ltr'><strong>et</strong></span> <span class='ocrx_word' id='word_1_778' title='bbox 3468 3953 3688 4021; x_wconf 82' lang='lat' dir='ltr'><strong>legalem</strong></span> 
     </span>
    </p>
   </div>
   <div class='ocr_carea' id='block_1_102' title="bbox 2123 4041 3689 4110">
    <p class='ocr_par' dir='ltr' id='par_1_102' title="bbox 2123 4041 3689 4110">
     <span class='ocr_line' id='line_1_102' title="bbox 2123 4041 3689 4110; baseline 0 -16"><span class='ocrx_word' id='word_1_779' title='bbox 2123 4041 2312 4094; x_wconf 91' lang='lat' dir='ltr'><strong>evertit</strong></span> <span class='ocrx_word' id='word_1_780' title='bbox 2333 4041 2551 4105; x_wconf 90' lang='lat' dir='ltr'><strong>cultum,</strong></span> <span class='ocrx_word' id='word_1_781' title='bbox 2582 4041 2832 4110; x_wconf 91' lang='lat' dir='ltr'><strong>templum</strong></span> <span class='ocrx_word' id='word_1_782' title='bbox 2855 4043 3063 4104; x_wconf 87' lang='lat' dir='ltr'><strong>clausit,</strong></span> <span class='ocrx_word' id='word_1_783' title='bbox 3093 4051 3148 4096; x_wconf 92' lang='lat' dir='ltr'><strong>et</strong></span> <span class='ocrx_word' id='word_1_784' title='bbox 3172 4042 3431 4096; x_wconf 90' lang='lat' dir='ltr'><strong>idolorum</strong></span> <span class='ocrx_word' id='word_1_785' title='bbox 3453 4057 3689 4096; x_wconf 87' lang='lat' dir='ltr'><strong>errorem</strong></span> 
     </span>
    </p>
   </div>
   <div class='ocr_carea' id='block_1_103' title="bbox 2125 4130 3692 4202">
    <p class='ocr_par' dir='ltr' id='par_1_103' title="bbox 2125 4130 3692 4202">
     <span class='ocr_line' id='line_1_103' title="bbox 2125 4130 3692 4202; baseline -0.001 -17"><span class='ocrx_word' id='word_1_786' title='bbox 2125 4131 2314 4186; x_wconf 81' lang='lat' dir='ltr'><strong>florere</strong></span> <span class='ocrx_word' id='word_1_787' title='bbox 2334 4131 2474 4195; x_wconf 89' lang='lat' dir='ltr'><strong>fecit,</strong></span> <span class='ocrx_word' id='word_1_788' title='bbox 2497 4130 2836 4202; x_wconf 91' lang='lat' dir='ltr'><strong>omniumque</strong></span> <span class='ocrx_word' id='word_1_789' title='bbox 2855 4134 2942 4201; x_wconf 93' lang='lat' dir='ltr'><strong>qui</strong></span> <span class='ocrx_word' id='word_1_790' title='bbox 2963 4142 3087 4187; x_wconf 89' lang='lat' dir='ltr'><strong>ante</strong></span> <span class='ocrx_word' id='word_1_791' title='bbox 3113 4133 3318 4188; x_wconf 90' lang='lat' dir='ltr'><strong>fuerant</strong></span> <span class='ocrx_word' id='word_1_792' title='bbox 3348 4133 3692 4202; x_wconf 87' lang='lat' dir='ltr'><strong>impiissimus</strong></span> 
     </span>
    </p>
   </div>
   <div class='ocr_carea' id='block_1_104' title="bbox 2123 4220 3688 4292">
    <p class='ocr_par' dir='ltr' id='par_1_104' title="bbox 2123 4220 3688 4292">
     <span class='ocr_line' id='line_1_104' title="bbox 2123 4220 3688 4292; baseline 0.001 -17"><span class='ocrx_word' id='word_1_793' title='bbox 2123 4220 2240 4286; x_wconf 89' lang='lat' dir='ltr'><strong>fuit,</strong></span> <span class='ocrx_word' id='word_1_794' title='bbox 2270 4237 2388 4276; x_wconf 90' lang='lat' dir='ltr'><strong>cum</strong></span> <span class='ocrx_word' id='word_1_795' title='bbox 2416 4232 2598 4292; x_wconf 90' lang='lat' dir='ltr'><strong>postea</strong></span> <span class='ocrx_word' id='word_1_796' title='bbox 2627 4223 2967 4292; x_wconf 88' lang='lat' dir='ltr'><strong>resipuisset,</strong></span> <span class='ocrx_word' id='word_1_797' title='bbox 2996 4225 3191 4278; x_wconf 89' lang='lat' dir='ltr'><strong>relatus</strong></span> <span class='ocrx_word' id='word_1_798' title='bbox 3217 4233 3298 4278; x_wconf 94' lang='lat' dir='ltr'><strong>est</strong></span> <span class='ocrx_word' id='word_1_799' title='bbox 3327 4223 3378 4278; x_wconf 89' lang='lat' dir='ltr'><strong>in</strong></span> <span class='ocrx_word' id='word_1_800' title='bbox 3411 4239 3688 4277; x_wconf 88' lang='lat' dir='ltr'><strong>numerum</strong></span> 
     </span>
    </p>
   </div>
   <div class='ocr_carea' id='block_1_105' title="bbox 2124 4313 3692 4383">
    <p class='ocr_par' dir='ltr' id='par_1_105' title="bbox 2124 4313 3692 4383">
     <span class='ocr_line' id='line_1_105' title="bbox 2124 4313 3692 4383; baseline 0.001 -17"><span class='ocrx_word' id='word_1_801' title='bbox 2124 4314 2412 4367; x_wconf 90' lang='lat' dir='ltr'><strong>amicorum</strong></span> <span class='ocrx_word' id='word_1_802' title='bbox 2443 4313 2555 4368; x_wconf 93' lang='lat' dir='ltr'><strong>Dei.</strong></span> <span class='ocrx_word' id='word_1_803' title='bbox 2590 4313 2647 4368; x_wconf 89' lang='lat' dir='ltr'><strong>Si</strong></span> <span class='ocrx_word' id='word_1_804' title='bbox 2677 4322 2852 4374; x_wconf 81' lang='lat' dir='ltr'><strong>autem</strong></span> <span class='ocrx_word' id='word_1_805' title='bbox 2885 4324 3170 4382; x_wconf 88' lang='lat' dir='ltr'><strong>conspecta</strong></span> <span class='ocrx_word' id='word_1_806' title='bbox 3208 4315 3539 4383; x_wconf 80' lang='lat' dir='ltr'><strong>iniquitatum</strong></span> <span class='ocrx_word' id='word_1_807' title='bbox 3568 4329 3692 4368; x_wconf 84' lang='lat' dir='ltr'><strong>sua-</strong></span> 
     </span>
    </p>
   </div>
   <div class='ocr_carea' id='block_1_106' title="bbox 2123 4406 3688 4478">
    <p class='ocr_par' dir='ltr' id='par_1_106' title="bbox 2123 4406 3688 4478">
     <span class='ocr_line' id='line_1_106' title="bbox 2123 4406 3688 4478; baseline 0.003 -20"><span class='ocrx_word' id='word_1_808' title='bbox 2123 4421 2240 4459; x_wconf 91' lang='lat' dir='ltr'><strong>rum</strong></span> <span class='ocrx_word' id='word_1_809' title='bbox 2269 4406 2625 4476; x_wconf 91' lang='lat' dir='ltr'><strong>magnitudine</strong></span> <span class='ocrx_word' id='word_1_810' title='bbox 2648 4448 2661 4472; x_wconf 94' lang='lat'><strong>,</strong></span> <span class='ocrx_word' id='word_1_811' title='bbox 2691 4407 2758 4462; x_wconf 88' lang='lat' dir='ltr'><strong>de</strong></span> <span class='ocrx_word' id='word_1_812' title='bbox 2787 4407 2956 4462; x_wconf 89' lang='lat' dir='ltr'><strong>reditu</strong></span> <span class='ocrx_word' id='word_1_813' title='bbox 2984 4424 3046 4463; x_wconf 89' lang='lat' dir='ltr'><strong>ac</strong></span> <span class='ocrx_word' id='word_1_814' title='bbox 3075 4409 3141 4463; x_wconf 92' lang='lat' dir='ltr'><strong>de</strong></span> <span class='ocrx_word' id='word_1_815' title='bbox 3171 4410 3460 4464; x_wconf 87' lang='lat' dir='ltr'><strong>mutatione</strong></span> <span class='ocrx_word' id='word_1_816' title='bbox 3496 4410 3688 4478; x_wconf 83' lang='lat' dir='ltr'><strong>despe-</strong></span> 
     </span>
    </p>
   </div>
   <div class='ocr_carea' id='block_1_107' title="bbox 2125 4499 3692 4570">
    <p class='ocr_par' dir='ltr' id='par_1_107' title="bbox 2125 4499 3692 4570">
     <span class='ocr_line' id='line_1_107' title="bbox 2125 4499 3692 4570; baseline 0.002 -19"><span class='ocrx_word' id='word_1_817' title='bbox 2125 4507 2312 4561; x_wconf 91' lang='lat' dir='ltr'><strong>rasset,</strong></span> <span class='ocrx_word' id='word_1_818' title='bbox 2341 4499 2584 4552; x_wconf 91' lang='lat' dir='ltr'><strong>omnibus</strong></span> <span class='ocrx_word' id='word_1_819' title='bbox 2609 4507 2754 4553; x_wconf 84' lang='lat' dir='ltr'><strong>certe</strong></span> <span class='ocrx_word' id='word_1_820' title='bbox 2781 4514 2899 4569; x_wconf 77' lang='lat' dir='ltr'><strong>qua:</strong></span> <span class='ocrx_word' id='word_1_821' title='bbox 2921 4509 3101 4568; x_wconf 92' lang='lat' dir='ltr'><strong>postea</strong></span> <span class='ocrx_word' id='word_1_822' title='bbox 3128 4511 3477 4570; x_wconf 84' lang='lat' dir='ltr'><strong>consequutus</strong></span> <span class='ocrx_word' id='word_1_823' title='bbox 3497 4509 3576 4555; x_wconf 91' lang='lat' dir='ltr'><strong>cst</strong></span> <span class='ocrx_word' id='word_1_824' title='bbox 3599 4515 3692 4554; x_wconf 82' lang='lat' dir='ltr'><strong>ex-</strong></span> 
     </span>
    </p>
   </div>
   <div class='ocr_carea' id='block_1_108' title="bbox 2125 4589 3694 4662">
    <p class='ocr_par' dir='ltr' id='par_1_108' title="bbox 2125 4589 3694 4662">
     <span class='ocr_line' id='line_1_108' title="bbox 2125 4589 3694 4662; baseline 0.003 -20"><span class='ocrx_word' id='word_1_825' title='bbox 2125 4589 2370 4644; x_wconf 89' lang='lat' dir='ltr'><strong>cidisset:</strong></span> <span class='ocrx_word' id='word_1_826' title='bbox 2395 4605 2533 4644; x_wconf 92' lang='lat' dir='ltr'><strong>nunc</strong></span> <span class='ocrx_word' id='word_1_827' title='bbox 2551 4600 2746 4656; x_wconf 91' lang='lat' dir='ltr'><strong>autem,</strong></span> <span class='ocrx_word' id='word_1_828' title='bbox 2769 4607 2872 4646; x_wconf 91' lang='lat' dir='ltr'><strong>non</strong></span> <span class='ocrx_word' id='word_1_829' title='bbox 2893 4591 2960 4646; x_wconf 90' lang='lat' dir='ltr'><strong>ad</strong></span> <span class='ocrx_word' id='word_1_830' title='bbox 2985 4593 3179 4647; x_wconf 90' lang='lat' dir='ltr'><strong>molem</strong></span> <span class='ocrx_word' id='word_1_831' title='bbox 3207 4603 3537 4662; x_wconf 88' lang='lat' dir='ltr'><strong>peccatorum</strong></span> <span class='ocrx_word' id='word_1_832' title='bbox 3569 4608 3694 4647; x_wconf 87' lang='lat' dir='ltr'><strong>suo-</strong></span> 
     </span>
    </p>
   </div>
   <div class='ocr_carea' id='block_1_109' title="bbox 2126 4681 3693 4750">
    <p class='ocr_par' dir='ltr' id='par_1_109' title="bbox 2126 4681 3693 4750">
     <span class='ocr_line' id='line_1_109' title="bbox 2126 4681 3693 4750; baseline -0.001 -15"><span class='ocrx_word' id='word_1_833' title='bbox 2126 4698 2264 4746; x_wconf 90' lang='lat' dir='ltr'><strong>rum,</strong></span> <span class='ocrx_word' id='word_1_834' title='bbox 2293 4681 2387 4736; x_wconf 90' lang='lat' dir='ltr'><strong>sed</strong></span> <span class='ocrx_word' id='word_1_835' title='bbox 2413 4682 2477 4736; x_wconf 92' lang='lat' dir='ltr'><strong>ad</strong></span> <span class='ocrx_word' id='word_1_836' title='bbox 2507 4683 2816 4737; x_wconf 91' lang='lat' dir='ltr'><strong>immensam</strong></span> <span class='ocrx_word' id='word_1_837' title='bbox 2851 4683 2939 4738; x_wconf 88' lang='lat' dir='ltr'><strong>Dei</strong></span> <span class='ocrx_word' id='word_1_838' title='bbox 2967 4684 3480 4738; x_wconf 82' lang='lat' dir='ltr'><strong>commiserationent</strong></span> <span class='ocrx_word' id='word_1_839' title='bbox 3520 4683 3693 4750; x_wconf 86' lang='lat' dir='ltr'><strong>respi-</strong></span> 
     </span>
    </p>
   </div>
   <div class='ocr_carea' id='block_1_110' title="bbox 2127 4775 3687 4844">
    <p class='ocr_par' dir='ltr' id='par_1_110' title="bbox 2127 4775 3687 4844">
     <span class='ocr_line' id='line_1_110' title="bbox 2127 4775 3687 4844; baseline -0.002 -16"><span class='ocrx_word' id='word_1_840' title='bbox 2127 4776 2272 4828; x_wconf 88' lang='lat' dir='ltr'><strong>ciens</strong></span> <span class='ocrx_word' id='word_1_841' title='bbox 2289 4816 2304 4838; x_wconf 95' lang='lat'><strong>,</strong></span> <span class='ocrx_word' id='word_1_842' title='bbox 2331 4775 2556 4844; x_wconf 91' lang='lat' dir='ltr'><strong>diruptis</strong></span> <span class='ocrx_word' id='word_1_843' title='bbox 2575 4776 2770 4830; x_wconf 89' lang='lat' dir='ltr'><strong>diaboli</strong></span> <span class='ocrx_word' id='word_1_844' title='bbox 2795 4776 3038 4840; x_wconf 89' lang='lat' dir='ltr'><strong>vinculis,</strong></span> <span class='ocrx_word' id='word_1_845' title='bbox 3063 4777 3289 4830; x_wconf 83' lang='lat' dir='ltr'><strong>surrexit</strong></span> <span class='ocrx_word' id='word_1_846' title='bbox 3310 4784 3362 4830; x_wconf 85' lang='lat' dir='ltr'><strong>et</strong></span> <span class='ocrx_word' id='word_1_847' title='bbox 3383 4776 3687 4840; x_wconf 66' lang='lat' dir='ltr'><strong>decertat-it,</strong></span> 
     </span>
    </p>
   </div>
   <div class='ocr_carea' id='block_1_111' title="bbox 2127 4865 3690 4934">
    <p class='ocr_par' dir='ltr' id='par_1_111' title="bbox 2127 4865 3690 4934">
     <span class='ocr_line' id='line_1_111' title="bbox 2127 4865 3690 4934; baseline -0.001 -15"><span class='ocrx_word' id='word_1_848' title='bbox 2127 4865 2428 4934; x_wconf 89' lang='lat' dir='ltr'><strong>bonumque</strong></span> <span class='ocrx_word' id='word_1_849' title='bbox 2456 4881 2668 4920; x_wconf 90' lang='lat' dir='ltr'><strong>cursum</strong></span> <span class='ocrx_word' id='word_1_850' title='bbox 2705 4868 3107 4920; x_wconf 74' lang='lat' dir='ltr'><strong>consummavit.</strong></span> <span class='ocrx_word' id='word_1_851' title='bbox 3149 4866 3264 4921; x_wconf 85' lang='lat' dir='ltr'><strong>Non</strong></span> <span class='ocrx_word' id='word_1_852' title='bbox 3307 4867 3475 4920; x_wconf 88' lang='lat' dir='ltr'><strong>solum</strong></span> <span class='ocrx_word' id='word_1_853' title='bbox 3516 4875 3690 4918; x_wconf 86' lang='lat' dir='ltr'><strong>autem</strong></span> 
     </span>
    </p>
   </div>
   <div class='ocr_carea' id='block_1_112' title="bbox 2129 4955 3692 5026">
    <p class='ocr_par' dir='ltr' id='par_1_112' title="bbox 2129 4955 3692 5026">
     <span class='ocr_line' id='line_1_112' title="bbox 2129 4955 3692 5026; baseline 0.001 -19"><span class='ocrx_word' id='word_1_854' title='bbox 2129 4970 2194 5008; x_wconf 90' lang='lat' dir='ltr'><strong>ex</strong></span> <span class='ocrx_word' id='word_1_855' title='bbox 2219 4955 2414 5021; x_wconf 90' lang='lat' dir='ltr'><strong>verbis,</strong></span> <span class='ocrx_word' id='word_1_856' title='bbox 2445 4972 2562 5025; x_wconf 69' lang='lat' dir='ltr'><strong>qua:</strong></span> <span class='ocrx_word' id='word_1_857' title='bbox 2587 4957 2653 5011; x_wconf 91' lang='lat' dir='ltr'><strong>ad</strong></span> <span class='ocrx_word' id='word_1_858' title='bbox 2678 4972 2770 5012; x_wconf 90' lang='lat' dir='ltr'><strong>eos</strong></span> <span class='ocrx_word' id='word_1_859' title='bbox 2798 4959 3044 5026; x_wconf 84' lang='lat' dir='ltr'><strong>loquutus</strong></span> <span class='ocrx_word' id='word_1_860' title='bbox 3063 4968 3165 5021; x_wconf 88' lang='lat' dir='ltr'><strong>est,</strong></span> <span class='ocrx_word' id='word_1_861' title='bbox 3193 4957 3286 5012; x_wconf 90' lang='lat' dir='ltr'><strong>sed</strong></span> <span class='ocrx_word' id='word_1_862' title='bbox 3309 4958 3465 5010; x_wconf 87' lang='lat' dir='ltr'><strong>etiam</strong></span> <span class='ocrx_word' id='word_1_863' title='bbox 3492 4973 3553 5010; x_wconf 80' lang='lat' dir='ltr'><strong>ex</strong></span> <span class='ocrx_word' id='word_1_864' title='bbox 3576 4957 3692 5009; x_wconf 86' lang='lat' dir='ltr'><strong>aliis</strong></span> 
     </span>
    </p>
   </div>
   <div class='ocr_carea' id='block_1_113' title="bbox 2131 5045 3696 5118">
    <p class='ocr_par' dir='ltr' id='par_1_113' title="bbox 2131 5045 3696 5118">
     <span class='ocr_line' id='line_1_113' title="bbox 2131 5045 3696 5118; baseline 0.001 -19"><span class='ocrx_word' id='word_1_865' title='bbox 2131 5060 2224 5112; x_wconf 87' lang='lat' dir='ltr'><strong>per</strong></span> <span class='ocrx_word' id='word_1_866' title='bbox 2243 5045 2550 5114; x_wconf 88' lang='lat' dir='ltr'><strong>prophetam</strong></span> <span class='ocrx_word' id='word_1_867' title='bbox 2579 5049 2924 5115; x_wconf 89' lang='lat' dir='ltr'><strong>pronuntiatis</strong></span> <span class='ocrx_word' id='word_1_868' title='bbox 2947 5048 3090 5102; x_wconf 90' lang='lat' dir='ltr'><strong>Dcus</strong></span> <span class='ocrx_word' id='word_1_869' title='bbox 3109 5063 3294 5102; x_wconf 85' lang='lat' dir='ltr'><strong>omnes</strong></span> <span class='ocrx_word' id='word_1_870' title='bbox 3315 5049 3696 5118; x_wconf 77' lang='lat' dir='ltr'><strong>desperationis</strong></span> 
     </span>
    </p>
   </div>
   <div class='ocr_carea' id='block_1_114' title="bbox 2129 5137 3696 5208">
    <p class='ocr_par' dir='ltr' id='par_1_114' title="bbox 2129 5137 3696 5208">
     <span class='ocr_line' id='line_1_114' title="bbox 2129 5137 3696 5208; baseline 0.001 -18"><span class='ocrx_word' id='word_1_871' title='bbox 2129 5137 2472 5206; x_wconf 81' lang='lat' dir='ltr'><strong>cogitationes</strong></span> <span class='ocrx_word' id='word_1_872' title='bbox 2499 5139 2800 5206; x_wconf 79' lang='lat' dir='ltr'><strong>prmsciudit</strong></span> <span class='ocrx_word' id='word_1_873' title='bbox 2831 5157 2844 5193; x_wconf 90' lang='lat'><strong>:</strong></span> <span class='ocrx_word' id='word_1_874' title='bbox 2876 5137 3072 5200; x_wconf 81' lang='lat' dir='ltr'><strong>Hodie,</strong></span> <span class='ocrx_word' id='word_1_875' title='bbox 3107 5139 3296 5208; x_wconf 90' lang='lat' dir='ltr'><strong>inquit,</strong></span> <span class='ocrx_word' id='word_1_876' title='bbox 3323 5141 3366 5193; x_wconf 86' lang='lat' dir='ltr'><strong>si</strong></span> <span class='ocrx_word' id='word_1_877' title='bbox 3395 5155 3559 5191; x_wconf 82' lang='lat' dir='ltr'><strong>vocem</strong></span> <span class='ocrx_word' id='word_1_878' title='bbox 3584 5140 3696 5208; x_wconf 75' lang='lat' dir='ltr'><strong>eius</strong></span> 
     </span>
    </p>
   </div>
   <div class='ocr_carea' id='block_1_115' title="bbox 2132 5230 3696 5290">
    <p class='ocr_par' dir='ltr' id='par_1_115' title="bbox 2132 5230 3696 5290">
     <span class='ocr_line' id='line_1_115' title="bbox 2132 5230 3696 5290; baseline 0.003 -11"><span class='ocrx_word' id='word_1_879' title='bbox 2132 5231 2388 5282; x_wconf 85' lang='lat' dir='ltr'><strong>audieritis</strong></span> <span class='ocrx_word' id='word_1_880' title='bbox 2407 5270 2421 5290; x_wconf 88' lang='lat'><strong>,</strong></span> <span class='ocrx_word' id='word_1_881' title='bbox 2451 5231 2603 5284; x_wconf 83' lang='lat' dir='ltr'><strong>nolite</strong></span> <span class='ocrx_word' id='word_1_882' title='bbox 2630 5230 2876 5284; x_wconf 82' lang='lat' dir='ltr'><strong>obdurare</strong></span> <span class='ocrx_word' id='word_1_883' title='bbox 2899 5232 3054 5284; x_wconf 86' lang='lat' dir='ltr'><strong>corda</strong></span> <span class='ocrx_word' id='word_1_884' title='bbox 3078 5242 3238 5285; x_wconf 82' lang='lat' dir='ltr'><strong>vestra</strong></span> <span class='ocrx_word' id='word_1_885' title='bbox 3263 5233 3390 5285; x_wconf 82' lang='lat' dir='ltr'><strong>sicut</strong></span> <span class='ocrx_word' id='word_1_886' title='bbox 3415 5235 3466 5285; x_wconf 87' lang='lat' dir='ltr'><strong>in</strong></span> <span class='ocrx_word' id='word_1_887' title='bbox 3495 5249 3696 5285; x_wconf 73' lang='lat' dir='ltr'><strong>exacer-</strong></span> 
     </span>
    </p>
   </div>
   <div class='ocr_carea' id='block_1_116' title="bbox 2133 5320 2743 5392">
    <p class='ocr_par' dir='ltr' id='par_1_116' title="bbox 2133 5320 2743 5392">
     <span class='ocr_line' id='line_1_116' title="bbox 2133 5320 2743 5392; baseline 0 -18"><span class='ocrx_word' id='word_1_888' title='bbox 2133 5321 2328 5374; x_wconf 83' lang='lat' dir='ltr'><strong>batione</strong></span> <span class='ocrx_word' id='word_1_889' title='bbox 2355 5320 2521 5392; x_wconf 84' lang='lat' dir='ltr'><strong>(Psal.</strong></span> <span class='ocrx_word' id='word_1_890' title='bbox 2549 5322 2636 5376; x_wconf 63' lang='lat'><strong>94.</strong></span> <span class='ocrx_word' id='word_1_891' title='bbox 2665 5322 2743 5392; x_wconf 89' lang='grc'><strong>9).</strong></span> 
     </span>
    </p>
   </div>
   <div class='ocr_carea' id='block_1_117' title="bbox 2206 5431 3694 5503">
    <p class='ocr_par' dir='ltr' id='par_1_117' title="bbox 2206 5431 3694 5503">
     <span class='ocr_line' id='line_1_117' title="bbox 2206 5431 3694 5503; baseline -0.002 -16"><span class='ocrx_word' id='word_1_892' title='bbox 2206 5431 2327 5487; x_wconf 80' lang='lat' dir='ltr'><strong>Non</strong></span> <span class='ocrx_word' id='word_1_893' title='bbox 2354 5450 2416 5488; x_wconf 80' lang='lat' dir='ltr'><strong>ea:</strong></span> <span class='ocrx_word' id='word_1_894' title='bbox 2447 5444 2666 5503; x_wconf 86' lang='lat' dir='ltr'><strong>tempore</strong></span> <span class='ocrx_word' id='word_1_895' title='bbox 2685 5475 2699 5498; x_wconf 91' lang='lat'><strong>,</strong></span> <span class='ocrx_word' id='word_1_896' title='bbox 2733 5434 2820 5489; x_wconf 87' lang='lat' dir='ltr'><strong>sed</strong></span> <span class='ocrx_word' id='word_1_897' title='bbox 2847 5449 2909 5489; x_wconf 73' lang='lat' dir='ltr'><strong>ea:</strong></span> <span class='ocrx_word' id='word_1_898' title='bbox 2937 5433 3118 5500; x_wconf 75' lang='lat' dir='ltr'><strong>a/fectu</strong></span> <span class='ocrx_word' id='word_1_899' title='bbox 3159 5434 3448 5501; x_wconf 74' lang='lat' dir='ltr'><strong>paenitentia</strong></span> <span class='ocrx_word' id='word_1_900' title='bbox 3471 5435 3694 5486; x_wconf 65' lang='lat' dir='ltr'><strong>aestima-</strong></span> 
     </span>
    </p>
   </div>
   <div class='ocr_carea' id='block_1_118' title="bbox 2137 5524 3695 5594">
    <p class='ocr_par' dir='ltr' id='par_1_118' title="bbox 2137 5524 3695 5594">
     <span class='ocr_line' id='line_1_118' title="bbox 2137 5524 3695 5594; baseline -0.001 -16"><span class='ocrx_word' id='word_1_901' title='bbox 2137 5536 2234 5579; x_wconf 87' lang='lat' dir='ltr'><strong>tur.</strong></span> <span class='ocrx_word' id='word_1_902' title='bbox 2257 5555 2327 5564; x_wconf 95' lang='lat'><strong>—</strong></span> <span class='ocrx_word' id='word_1_903' title='bbox 2356 5526 2482 5579; x_wconf 91' lang='lat' dir='ltr'><strong>Illud</strong></span> <span class='ocrx_word' id='word_1_904' title='bbox 2509 5537 2683 5580; x_wconf 86' lang='lat' dir='ltr'><strong>autem</strong></span> <span class='ocrx_word' id='word_1_905' title='bbox 2711 5525 2860 5579; x_wconf 82' lang='lat' dir='ltr'><strong>hodie</strong></span> <span class='ocrx_word' id='word_1_906' title='bbox 2883 5540 2975 5594; x_wconf 91' lang='lat' dir='ltr'><strong>per</strong></span> <span class='ocrx_word' id='word_1_907' title='bbox 3003 5534 3165 5579; x_wconf 90' lang='lat' dir='ltr'><strong>totam</strong></span> <span class='ocrx_word' id='word_1_908' title='bbox 3189 5524 3350 5578; x_wconf 83' lang='lat' dir='ltr'><strong>vitam</strong></span> <span class='ocrx_word' id='word_1_909' title='bbox 3375 5524 3478 5578; x_wconf 93' lang='lat' dir='ltr'><strong>dici</strong></span> <span class='ocrx_word' id='word_1_910' title='bbox 3505 5535 3695 5593; x_wconf 82' lang='lat' dir='ltr'><strong>potest,</strong></span> 
     </span>
    </p>
   </div>
   <div class='ocr_carea' id='block_1_119' title="bbox 2136 5615 3703 5686">
    <p class='ocr_par' dir='ltr' id='par_1_119' title="bbox 2136 5615 3703 5686">
     <span class='ocr_line' id='line_1_119' title="bbox 2136 5615 3703 5686; baseline -0.004 -16"><span class='ocrx_word' id='word_1_911' title='bbox 2136 5617 2262 5681; x_wconf 90' lang='lat' dir='ltr'><strong>imo,</strong></span> <span class='ocrx_word' id='word_1_912' title='bbox 2285 5616 2328 5671; x_wconf 92' lang='lat' dir='ltr'><strong>si</strong></span> <span class='ocrx_word' id='word_1_913' title='bbox 2353 5616 2497 5680; x_wconf 90' lang='lat' dir='ltr'><strong>libet,</strong></span> <span class='ocrx_word' id='word_1_914' title='bbox 2520 5616 2584 5670; x_wconf 92' lang='lat' dir='ltr'><strong>ad</strong></span> <span class='ocrx_word' id='word_1_915' title='bbox 2606 5625 2930 5672; x_wconf 87' lang='lat' dir='ltr'><strong>senectutem</strong></span> <span class='ocrx_word' id='word_1_916' title='bbox 2952 5630 3118 5686; x_wconf 89' lang='lat' dir='ltr'><strong>usque</strong></span> <span class='ocrx_word' id='word_1_917' title='bbox 3141 5631 3154 5668; x_wconf 91' lang='lat'>:</span> <span class='ocrx_word' id='word_1_918' title='bbox 3181 5630 3284 5670; x_wconf 90' lang='lat' dir='ltr'><strong>non</strong></span> <span class='ocrx_word' id='word_1_919' title='bbox 3307 5615 3447 5669; x_wconf 89' lang='lat' dir='ltr'><strong>enim</strong></span> <span class='ocrx_word' id='word_1_920' title='bbox 3475 5629 3539 5668; x_wconf 79' lang='lat' dir='ltr'><strong>ex</strong></span> <span class='ocrx_word' id='word_1_921' title='bbox 3563 5623 3703 5666; x_wconf 80' lang='lat' dir='ltr'><strong>tem-</strong></span> 
     </span>
    </p>
   </div>
   <div class='ocr_carea' id='block_1_120' title="bbox 2138 5705 3702 5781">
    <p class='ocr_par' dir='ltr' id='par_1_120' title="bbox 2138 5705 3702 5781">
     <span class='ocr_line' id='line_1_120' title="bbox 2138 5705 3702 5781; baseline -0.003 -18"><span class='ocrx_word' id='word_1_922' title='bbox 2138 5709 2280 5779; x_wconf 91' lang='lat' dir='ltr'><strong>poris</strong></span> <span class='ocrx_word' id='word_1_923' title='bbox 2313 5709 2632 5781; x_wconf 87' lang='lat' dir='ltr'><strong>longitudine</strong></span> <span class='ocrx_word' id='word_1_924' title='bbox 2659 5749 2673 5777; x_wconf 90' lang='lat'><strong>,</strong></span> <span class='ocrx_word' id='word_1_925' title='bbox 2709 5708 2802 5766; x_wconf 91' lang='lat' dir='ltr'><strong>sed</strong></span> <span class='ocrx_word' id='word_1_926' title='bbox 2844 5725 2909 5766; x_wconf 81' lang='lat' dir='ltr'><strong>ex</strong></span> <span class='ocrx_word' id='word_1_927' title='bbox 2949 5710 3106 5765; x_wconf 83' lang='lat' dir='ltr'><strong>animi</strong></span> <span class='ocrx_word' id='word_1_928' title='bbox 3157 5707 3345 5761; x_wconf 71' lang='lat' dir='ltr'><strong>affectu</strong></span> <span class='ocrx_word' id='word_1_929' title='bbox 3397 5705 3702 5777; x_wconf 67' lang='lat' dir='ltr'><strong>pmnitcnt.)</strong></span> 
     </span>
    </p>
   </div>
  </div>
