4096 6392
193 358 302 415 283

196 474 401 546 σκηνὴν
430 474 831 544 ἀνατραπεῖσαν
858 472 1005 535 ἰδὼν,
1036 470 1396 544 χαλεπώτερα
1434 471 1543 526 τῶν
1584 470 1868 543 προτέρων

192 557 526 623 ἐπεδείξατο.
557 559 625 611 Ἀ
648 558 758 628 γὰρ
774 558 824 610 οἰ
857 557 1011 627 σοφοὶ
1029 557 1193 626 μάγοι
1213 556 1523 626 Γαζαρηνοὶ
1536 554 1870 622 διασαφῆσαι

190 640 291 693 ούκ
329 641 574 710 ἴσχυσαν,
601 639 716 693 ἀλλ’
734 638 1049 709 ὡμολόγουν
1087 638 1307 709 μείζονα
1338 636 1372 707 ἢ
1404 635 1547 689 κατὰ
1594 634 1871 705 ἀνθρωπί-

190 739 289 792 νην
321 722 482 790 φύσιν
507 718 666 782 εἶναι,
701 720 874 774 ταῦτα
892 720 1101 773 παιδίον
1131 719 1478 789 αἰχμάλωτον
1509 716 1871 771 ἐπιλύσασθαι

193 806 429 876 ποιήσας
458 804 627 875 αὐτῷ,
662 803 833 867 οῦτως
877 804 1041 857 αὑτὸν
1064 803 1376 872 ἐπηγάγετο
1410 801 1603 872 ἐκείνῳ
1629 800 1707 870 τῷ
1741 799 1869 851 θαύ-

194 904 344 958 ματι,
373 888 447 950 ὡς
483 888 557 958 μὴ
596 889 755 958 μόνον
785 886 946 940 αὑτὸν
972 886 1283 951 πιστεῦσαι,
1318 885 1455 938 ἀλλά
1480 886 1577 939 καλ.
1601 888 1667 955 τῇ
1694 887 1873 936 οἰκου-

194 973 331 1043 μένῃ
378 972 527 1043 πάσῃ
562 971 654 1023 τοῦ
695 972 969 1040 δόγματος
1016 970 1207 1024 τούτου
1235 972 1490 1039 γενέσθαι
1526 971 1747 1041 κήρυκα
1776 968 1871 1022 καὶ

190 1054 503 1107 διδάσκαλον
522 1053 691 1123 σαφῆ.
720 1054 881 1105 Ὥστε
917 1055 965 1105 εἰ
1000 1054 1094 1106 καὶ
1116 1054 1246 1123 πρὶν
1277 1058 1498 1124 σημεῖον
1518 1053 1757 1106 τοιοῦτον
1776 1053 1871 1105 λα-

190 1139 303 1190 ϐεῖν
330 1136 712 1205 άσύγγνωστος
734 1132 802 1207 ἦν
829 1136 1040 1205 ἀγνοῶν
1055 1136 1145 1189 τὸν
1163 1137 1315 1200 Θεὸν,
1335 1137 1513 1208 πολλῷ
1538 1137 1733 1209 μᾶλλον
1753 1134 1869 1205 μετ’

190 1224 373 1276 ἐκεῖνο
405 1221 466 1273 τὸ
497 1220 705 1290 θαῦμα.
742 1221 837 1272 καὶ
866 1220 966 1291 τὴν
994 1219 1288 1291 ὁμολογίαν
1318 1220 1507 1285 αὑτοῦ,
1546 1222 1641 1274 καὶ
1666 1220 1763 1290 τὴν
1792 1219 1870 1271 δι-

188 1303 480 1358 δασκαλίαν
514 1304 612 1374 τὴν
638 1304 717 1360 εἰς
743 1302 964 1374 ἐτέρους
998 1305 1373 1375 γεγενημένην
1403 1317 1452 1359 ιι.
1502 1303 1639 1358 Οὔτε
1666 1304 1775 1374 γάρ
1804 1303 1870 1355 ἂν

190 1390 265 1458 μὴ
294 1387 591 1450 πιστεύσας
611 1386 812 1450 καλῶς,
838 1388 921 1439 ὅτι
950 1387 1107 1456 μόνος
1131 1385 1327 1442 ἐστὶν’ὁ
1341 1388 1473 1451 Θεὸς
1501 1388 1870 1458 ἀληθὴς,τοσ-

186 1472 357 1543 αύτην
390 1475 469 1535 εἰς
498 1473 589 1525 τὸν
638 1472 847 1525 ἐκείνου
897 1472 1205 1543 θεράποντα
1229 1472 1392 1541 τιμὴν
1422 1470 1751 1536 ἐπεδείξατο.
1776 1469 1870 1523 καὶ

186 1556 412 1609 τοιαῦτα
432 1558 546 1619 τοῖς
578 1555 760 1619 ἄλλοις
782 1556 1195 1627 ἐνομοθέτησεν.
1243 1557 1382 1609 Ἀλλ’
1425 1556 1574 1626 ὅμως
1612 1554 1750 1625 μετὰ
1772 1553 1869 1624 τὴν

184 1639 439 1709 τοιαύτην
483 1639 773 1709 ὁμολογίαν
820 1641 899 1702 εἰς
930 1638 1375 1710 εἰδωλολατρείαν
1423 1638 1584 1692 πάλιν
1620 1638 1865 1703 ἐξέπεσε,

188 1722 285 1777 καὶ
325 1724 353 1775 6
385 1720 569 1773 πεσὼν
590 1721 684 1774 ἐπὶ
714 1722 1027 1791 πρόσωπον,
1054 1722 1149 1775 καὶ
1173 1722 1263 1774 τὸν
1281 1722 1375 1774 τοῦ
1405 1722 1539 1775 Θεοῦ
1562 1720 1869 1792 προσκυνή-

188 1820 286 1867 σας
308 1802 511 1868 δοῦλον,
528 1797 681 1867 οὗτος
703 1805 781 1866 εἰς
812 1803 1065 1857 τοσοῦτον
1087 1802 1453 1874 ἐξεϐακχεύθη
1487 1806 1703 1874 μανίας,
1728 1802 1867 1855 ὥστε

185 1889 314 1950 τοὺς
344 1888 439 1941 τοῦ
457 1886 595 1940 Θεοῦ
614 1886 834 1950 δούλους
857 1889 929 1959 μὴ
956 1888 1397 1959 προσκυνοῦντας
1415 1889 1576 1941 αὑτὸν
1595 1890 1672 1951 εἰς
1699 1888 1867 1959 κάμι-

185 1988 276 2023 νον
307 1970 591 2042 ἐμϐαλεῖν.
631 1971 696 2023 Τί
730 1967 856 2035 οῦν;
897 1972 1165 2041 μετῆλθεν
1194 1974 1222 2024 6
1259 1972 1388 2035 Θεὸς
1415 1972 1505 2024 τὸν
1531 1972 1865 2041 ἀποστάτην,

184 2055 261 2117 ὡς
289 2056 569 2125 μετελθεῖν
595 2055 738 2121 ἕδει;
771 2055 1010 2119 Μείζονα
1041 2056 1141 2127 μὲν
1169 2051 1262 2110 οῦν
1294 2055 1445 2127 αὑτῷ
1478 2054 1868 2126 τεκμήριατῆς

183 2138 389 2201 οἰκείας
412 2139 653 2209 παρέσχε
690 2138 976 2208 δυνάμεως
998 2180 1012 2203 ,
1052 2138 1191 2209 μετά
1212 2140 1312 2209 τὴν
1328 2138 1594 2209 τοσαύτην
1610 2139 1868 2191 ἀπόνοιαν

183 2222 359 2274 ἐλκων
380 2222 473 2275 ἐπὶ
500 2222 569 2274 τά
600 2222 845 2293 πρότερα
882 2224 907 2261 b
944 2224 1105 2276 πάλιν
1130 2223 1321 2275 αὐτόν·
1350 2222 1444 2275 καὶ
1470 2222 1532 2274 τὸ
1560 2222 1625 2292 δὴ
1661 2222 1871 2290 θαυμα-

185 2305 441 2375 στότερον
460 2321 472 2334 ·
519 2306 604 2358 ἵνα
647 2305 757 2377 γάρ
787 2306 862 2375 μὴ
891 2306 1191 2375 ἀπιστῆται
1226 2304 1387 2357 πάλιν
1406 2303 1493 2356 διὰ
1506 2303 1605 2374 τὴν
1629 2302 1866 2373 ὑπερϐοο

182 2388 281 2458 λὴν
303 2389 411 2441 τῶν
448 2388 745 2458 θαυμάτων
775 2389 843 2441 τά
870 2388 1151 2459 γινόμενα,
1175 2391 1276 2441 οὐκ
1295 2390 1354 2442 ἐν
1380 2389 1524 2458 ἄλλῳ
1555 2390 1661 2441 τινὶ
1693 2390 1753 2441 τὸ
1778 2405 1870 2458 ση-

185 2476 335 2542 μεῖον
363 2473 642 2544 ἐποίησεν,
669 2472 784 2525 ἀλλ’
816 2473 911 2524 ἐπὶ
936 2473 1034 2541 τῆς
1070 2473 1327 2544 καμίνου,
1357 2473 1423 2544 ἥν
1442 2471 1743 2544 [ηάνῆψεν
1765 2472 1865 2525 αὺ-

180 2556 271 2619 τὸς
300 2557 392 2608 ἐπὶ
425 2555 533 2608 τῶν
575 2556 803 2619 παίδων,
838 2554 933 2618 οῦς
984 2554 1143 2625 ἔδησε
1180 2558 1269 2609 καὶ
1310 2555 1586 2609 ἐνέϐαλεν.
1618 2550 1727 2607 τΗν
1766 2554 1866 2625 μὲν

182 2636 278 2691 οὖν
312 2640 405 2691 καὶ
423 2638 483 2690 τὸ
513 2638 703 2690 σϐέσαι
732 2638 831 2709 τὴν
862 2638 1034 2707 φλόγα
1069 2639 1381 2710 θαυμαστὸν
1415 2640 1509 2692 καὶ
1542 2637 1863 2709 παράδοξον·

178 2720 211 2774 ὀ
234 2721 290 2774 δὲ
316 2721 699 2791 φιλάνθρωπος
724 2722 864 2792 ὑπὲρ
890 2721 983 2774 τοῦ
1020 2720 1240 2792 μείζονα
1271 2722 1505 2776 ἐνθεῖναι
1532 2723 1695 2791 φόϐον
1712 2761 1725 2784 ,
1774 2722 1867 2775 καὶ

183 2804 405 2856 πλείονα
438 2805 664 2875 ποιῆσαι
695 2806 795 2863 τὴν
818 2804 1101 2875 ἔκπληξιν,
1140 2806 1235 2860 καὶ
1267 2807 1449 2858 πᾶσαν
1506 2804 1672 2858 αὑτοῦ
1705 2805 1866 2858 λῦσαι

176 2889 281 2958 τὴν
302 2886 578 2958 πώρωσιν,
606 2887 668 2939 τὸ
696 2884 889 2940 τούτου
925 2888 1109 2958 μεῖζον
1136 2888 1361 2958 ἐποίησε
1386 2890 1479 2941 καὶ
1504 2885 1866 2959 παραδοξότε-

181 2988 296 3044 ρον.
336 2972 519 3041 ’Λφεὶς
541 2972 650 3041 γάρ
671 2973 842 3043 αὐτὴν
867 2972 1207 3041 ἐκκαυθῆναι
1230 2972 1501 3036 τοσοῦτον,
1526 2974 1649 3026 ὅσον
1670 2972 1867 3043 ἠθέλη-

181 3072 274 3107 σεν
300 3055 527 3117 ἐκεῖνος,
562 3053 707 3107 οῦτω
741 3055 840 3124 τὴν
878 3055 1088 3107 οἰκείαν
1134 3054 1472 3109 ἐνδείκνυται
1508 3054 1757 3126 δύναμιν,
1803 3057 1863 3108 ού

180 3136 465 3191 καταλύων
507 3137 575 3190 τά
626 3139 995 3208 μηχανήματα
1035 3136 1145 3191 τῶν
1190 3137 1402 3208 ἐχθρῶν
1426 3178 1441 3201 ,
1482 3137 1609 3190 ἀλλ’
1654 3138 1865 3192 ἐστῶτα

181 3224 361 3293 ἄκυρα
390 3220 577 3274 ποιῶν.
605 3222 723 3275 Ἵνα
755 3222 813 3275 δὲ
847 3222 920 3292 μή
944 3239 1029 3285 τις
1054 3222 1252 3286 αὐτοὺς
1284 3222 1409 3275 ἰδὼν
1442 3223 1867 3293 περιγεγονότας

179 3305 281 3375 τῆς
311 3305 527 3375 φλογὸς,
555 3306 848 3376 φάντασμα
872 3301 1011 3359 εἷναι
1044 3306 1241 3377 νομίσῃ
1272 3346 1285 3368 ,
1336 3306 1684 3377 συνεχώρησε
1732 3325 1867 3361 καυ-

182 3389 342 3460 θῆναι
369 3392 492 3450 τοὺς
514 3388 851 3459 ἐμϐαλόντας
888 3390 1110 3453 αὐτοὺς,
1143 3391 1360 3455 δεικνὺς
1397 3392 1479 3443 ὅτι
1511 3390 1624 3462 πῦρ
1664 3392 1761 3461 μὲν
1798 3388 1866 3461 ἦν

181 3473 397 3544 ἀληθῶς
425 3474 484 3525 τὸ
514 3473 821 3544 ὁρώμενον·
856 3474 917 3527 οὐ
954 3472 1062 3545 γάρ
1088 3472 1153 3526 ἂν
1181 3474 1391 3542 νάφθαν
1427 3475 1521 3527 καὶ
1556 3472 1821 3527 στύππιον
1840 3486 1861 3512 ο

182 3560 277 3609 καὶ
307 3557 644 3625 κληματίδας
674 3557 769 3609 καὶ
798 3554 1036 3608 τοσαῦτα
1069 3556 1347 3625 κατέφαγε
1379 3556 1636 3629 σώματα·
1681 3558 1777 3628 τῆς
1810 3558 1867 3611 δὲ

182 3640 347 3693 αὐτοῦ
365 3642 677 3711 προσταγῆς
706 3641 1051 3713 ἰσχυρότερον
1071 3640 1242 3693 οὐδέν·
1265 3640 1380 3693 ἀλλ’
1418 3642 1613 3694 ’έπεται
1652 3640 1758 3693 τῶν
1782 3641 1869 3694 δν-

180 3742 290 3776 των
321 3724 573 3776 ἀπάντων
610 3726 641 3795 ἡ
667 3724 830 3793 φύσις
863 3723 942 3795 τῷ
967 3726 1030 3777 ἐκ
1057 3723 1153 3776 τοῦ
1193 3726 1267 3795 μὴ
1302 3724 1453 3787 ὄντος
1480 3725 1650 3793 αὐτὴν
1698 3726 1778 3787 είς
1805 3724 1868 3777 τὸ

184 3804 323 3861 εἶναι
353 3810 763 3879 παραγαγόντι·
804 3810 943 3880 ὅπερ
991 3805 1084 3861 οῦν
1132 3808 1227 3861 καὶ
1267 3808 1388 3861 τότε
1428 3808 1730 3861 ἐδείκνυτο·
1760 3809 1861 3860 σώ-

189 3909 335 3962 ματα
371 3894 478 3963 γὰρ
506 3895 537 3963 ὴ
579 3891 711 3963 φλὸξ
737 3892 1084 3945 ἀπολαϐοῦσα
1116 3892 1357 3960 φθαρτά,
1383 3892 1638 3963 καθάπερ
1658 3891 1869 3962 ἀφθάρ-

185 3994 294 4030 των
330 3976 617 4046 ἀπέσχετο,
656 3976 751 4029 καί
783 3975 928 4029 σώαν
951 3976 1050 4046 τὴν
1084 3974 1569 4046 παρακαταθήκην
1592 3976 1864 4041 ἀπέδωκε,

187 4058 279 4109 καὶ
308 4057 446 4127 μετά
470 4058 670 4128 πολλῆς
694 4058 791 4128 τῆς
815 4057 1219 4129 λαμπρότητος.
1247 4058 1461 4127 Ὠσπερ
1489 4058 1597 4127 γάρ
1616 4059 1679 4110 ἐκ
1716 4058 1866 4127 βασι-

187 4147 344 4200 λείων
369 4147 529 4200 τινῶν
561 4146 829 4217 βασιλεῖς,
863 4146 1035 4210 οῦτως
1059 4147 1167 4200 ἀπὸ
1198 4148 1296 4216 τῆς
1334 4145 1566 4216 καμίνου
1592 4146 1868 4217 προῄεσαν

187 4237 237 4286 οἱ
272 4236 457 4298 παῖδες
490 4239 717 4298 ἐκεῖνοι,
749 4235 964 4298 οὐδενὸς
1005 4236 1087 4297 είς
1124 4234 1216 4287 τὸν
1264 4235 1491 4305 βασιλέα
1537 4235 1867 4306 ἀνεχομένου

189 4322 375 4375 λοιπὸν
415 4324 571 4394 ὁρᾷν,
621 4322 758 4376 ἀλλὰ
787 4323 1003 4376 πάντων
1028 4324 1154 4385 τοὺς
1176 4323 1486 4393 ὀφθαλμοὺς
1528 4323 1623 4376 ἀπ’
1658 4322 1867 4376 ἐκείνου

194 4412 531 4481 μεταθέντων
556 4412 583 4453 ἀ
619 4414 710 4466 ἐπὶ
742 4413 841 4483 τὴν
874 4412 1177 4484 παράδοξον
1214 4412 1486 4483 θεωρίαν,
1522 4414 1617 4465 καὶ
1652 4412 1775 4466 οὔτε
1809 4413 1868 4466 τὸ

189 4500 447 4570 διάδημα,
470 4500 592 4553 οὔτε
618 4504 649 4571 ή
678 4502 954 4571 ἁλουργὶς,
971 4500 1094 4553 οῦτε
1121 4500 1248 4555 ἄλλο
1262 4518 1313 4553 τι
1330 4502 1429 4571 τῆς
1455 4501 1755 4569 φαντασίας
1770 4502 1869 4572 τῆς

192 4587 493 4657 βασιλικῆς,
517 4587 660 4641 οῦτω
686 4592 812 4651 τοὺς
843 4589 1031 4658 ὄχλους
1068 4588 1179 4643 τῶν
1214 4589 1462 4641 ἀπίστων
1505 4588 1865 4660 ἐπέστρεψεν,

190 4674 265 4738 ὡς
294 4678 326 4745 ή
351 4675 447 4728 θέα
480 4676 590 4729 τῶν
627 4676 835 4729 πιστῶν
874 4677 1130 4741 ἐκείνων,
1175 4677 1608 4747 ἐγχρονισάντων
1658 4677 1756 4746 μὲν
1792 4676 1867 4747 τῷ

193 4764 345 4835 πυρὶ,
378 4763 519 4817 οὕτω
554 4765 610 4819 δὲ
664 4764 987 4831 ἐξελθόντων
1024 4764 1260 4827 ἐκεῖθεν,
1306 4765 1383 4828 ώς
1416 4765 1544 4827 τοὺς
1590 4765 1647 4817 ἐν
1673 4764 1867 4835 ὀνείρῳ

190 4852 352 4904 τοῦτο
384 4851 655 4916 παθόντας
690 4853 835 4914 εἰκὸς
862 4848 948 4923 ἦν.
982 4853 1090 4905 Καὶ
1110 4852 1264 4923 γάρὸ
1297 4854 1514 4906 πάντων
1538 4852 1868 4923 εύθραυστό-

193 4939 347 5008 τερόν
375 4940 490 4992 ἐστι
515 4939 624 4991 τῶν
656 4942 713 4992 ἐν
742 4941 891 5009 ἡμῖν,
916 4942 949 5009 ἡ
974 4940 1083 4991 τῶν
1102 4940 1307 5009 τριχῶν
1337 4942 1496 5007 φύσις
1519 4980 1532 5002 ,
1558 4940 1866 5009 ἀδάμαντος

192 5030 311 5079 τότε
339 5027 685 5098 ἰσχυρότερον
716 5028 934 5097 ἐκράτει
964 5028 1063 5095 τῆς
1087 5029 1386 5096 παμφάγου
1416 5028 1631 5094 φλογός.
1664 5030 1770 5080 Καὶ
1804 5030 1864 5080 ού

192 5114 351 5167 τοῦτο
378 5116 536 5184 μόνον
554 5111 622 5185 ἦν
648 5117 708 5166 τὸ
734 5114 1067 5183 θαυμαστὸν,
1094 5115 1175 5166 ὅτι
1201 5116 1279 5176 εἰς
1303 5114 1467 5183 μέσον
1486 5126 1507 5151 ε
1529 5115 1865 5184 ἀπορριφέν-

196 5221 285 5269 τες
314 5205 511 5258 ἔπαθον
541 5204 713 5268 οὐδὲν,
736 5204 848 5256 ἀλλ’
871 5205 951 5257 ὅτι
973 5205 1067 5257 καὶ
1096 5203 1455 5271 φθεγγόμενοι
1479 5198 1619 5271 ἦσαν
1640 5202 1865 5254 διαπαν-

196 5293 305 5355 τός
329 5293 546 5347 ἴσασιδέ
575 5292 775 5354 πάντες
808 5293 1047 5354 ὅσοιτοῖς
1065 5289 1375 5359 καιομένοις
1402 5289 1862 5359 παραγεγόνασιν,

197 5382 272 5443 ώς
301 5380 319 5418 ί
349 5381 453 5442 ’έως
484 5381 581 5450 μέν
610 5379 675 5432 ἂν
705 5378 870 5448 ἔχωσι
904 5380 1187 5448 μεμυκότα
1229 5378 1429 5429 ἐκεῖνοι
1465 5376 1533 5428 τά
1562 5376 1735 5446 χείλη,
1765 5377 1864 5429 κᾶν

201 5469 373 5539 βραχὺ
392 5470 521 5536 γοῦν
538 5468 823 5537 ἀντέχουσι
841 5468 975 5538 πρὸς
995 5468 1085 5519 τὸν
1109 5467 1455 5538 ἐμπρησμόν·
1478 5468 1527 5518 εἰ
1548 5466 1605 5518 δέ
1626 5466 1862 5538 συμϐαίη

262 5618 286 5677 ἐ
314 5616 395 5665 Sic
419 5616 569 5665 Savil.
595 5624 642 5665 el
671 5630 845 5666 nmnes
869 5616 972 5665 fere
999 5630 1114 5665 mss.
1140 5616 1315 5677 Morel.
1337 5617 1603 5677 γενομένην.

260 5676 287 5716 δ
310 5679 447 5727 Unus
486 5680 560 5727 ἐπὶ
581 5680 641 5726 τὰ
682 5680 923 5742 πρότερον.
956 5680 1061 5728 Duo
1097 5676 1181 5727 alii
1220 5678 1295 5725 ἐπὶ
1322 5679 1378 5725 τὸ
1414 5676 1654 5740 πρότερον.
1692 5676 1863 5737 Savil.,

199 5739 372 5790 Morel.
398 5747 451 5787 el
471 5742 651 5801 reliqui
676 5739 752 5789 ἐπὶ
770 5739 1069 5803 τάπρότερα.

262 5806 283 5832 ο
312 5803 460 5851 Savil.
488 5808 540 5850 et
558 5800 745 5863 aliquot
777 5800 899 5849 msq;
938 5800 1209 5850 στυππεῖον.
1250 5800 1360 5848 Mox
1395 5813 1492 5847 nuo
1515 5807 1768 5863 προταγῆς.

260 5863 284 5903 ἀ
314 5864 397 5912 Sic
418 5864 530 5912 Sav.
553 5871 606 5913 el
628 5876 802 5912 omnes
825 5863 929 5912 fere
952 5877 1069 5911 mss.
1101 5864 1189 5911 15d.
1214 5863 1383 5912 Morol.
1412 5864 1762 5924 μετατιθέντων.

256 5926 276 5947 ⁶
306 5927 456 5975 Savil.
500 5930 554 5974 et
596 5940 725 5973 unus
766 5927 871 5974 cod.
906 5927 1261 5986 ἀποληφθέντες.
1295 5928 1513 5985 Quatuor
1555 5925 1637 5973 alii
1668 5926 1861 5971 ἀπολει-

199 5990 391 6050 ςιιιέγτες.
420 5987 588 6035 Morel.
617 5988 955 6050 άπορριφέντες.

266 6047 282 6089 ί
327 6049 617 6099 Particulam
640 6047 773 6105 ὡςίίι
790 6050 1056 6112 pauloanto
1072 6049 1193 6108 ἦσαν
1206 6062 1315 6099 cum
1344 6052 1449 6098 "'av.
1467 6047 1750 6099 addidimuc.
1770 6047 1855 6101 Ep.

1395 354 1488 410 AD
1535 351 1966 411 THEODORUM
2010 350 2313 407 LAPSUM.
2358 350 2397 407 Ι.

1970 470 2153 539 διᾶραι
2177 468 2239 521 τὸ
2268 468 2438 536 στόμα
2457 467 2636 522 αὐτῶν
2655 470 2704 533 ε,
2722 467 2926 531 εὐθέως
2950 464 3362 535 ἀφίπταταιτοῦ
3394 466 3646 539 σώματος
3736 483 3744 496 ⁸

3532 351 3643 408 εει

1969 553 2001 621 ὴ
2032 552 2199 622 ψυχή.
2238 550 2377 603 Ἀλλ’
2407 552 2556 622 ὅμως
2584 550 2853 605 τοσούτων
2875 549 3182 620 γενομένων
3202 549 3518 620 θαυμάτων,
3549 557 3643 606 καὶ

1970 634 2188 689 πάντων
2230 634 2694 703 καταπλαγέντων
2731 634 2842 688 τῶν
2870 634 3154 705 παρόντων
3200 635 3293 686 καὶ
3334 634 3646 705 θεωμένων,

1969 720 2197 773 καὶτῶν
2214 720 2463 772 ἀπόντων
2481 719 2571 772 διὰ
2606 719 2951 791 γραμμάτων
2980 717 3140 771 τοῦτο
3167 717 3587 787 μεμαθηκότων,
3621 720 3651 774 6

1968 803 2097 865 τοὺς
2122 802 2315 866 ἄλλους
2333 802 2547 867 διδάξας
2576 802 2828 872 βασιλεὺς
2852 803 3178 880 ἀδιόρθωτος
3206 802 3409 872 ἔμεινε,
3434 805 3528 855 καὶ
3545 804 3651 856 πά-

1971 885 2053 939 λιν
2083 888 2175 940 ἐπὶ
2203 890 2301 956 τὴν
2338 888 2609 959 προτέραν
2640 888 2907 957 ἐπανῄειιι
2935 887 3154 944 κακίαν.
3195 887 3306 940 Καὶ
3334 886 3453 940 οὐδὲ
3477 884 3649 949 οῦτως

1970 970 2134 1024 αὐτὸν
2170 973 2199 1024 ό
2240 971 2373 1033 Θεὸς
2420 971 2708 1031 ἐκόλασεν,
2749 969 2865 1022 ἀλλ’
2916 968 3376 1042 ἐμακροθύμησεν
3403 969 3504 1029 ἔτι,
3554 968 3651 1021 καὶ

1970 1054 2038 1107 δι’
2065 1055 2359 1126 ὀνειράτων
2393 1056 2488 1107 καὶ
2509 1055 2597 1107 διά
2630 1054 2723 1107 τοῦ
2748 1054 3026 1125 προφήτου
3071 1051 3455 1123 συμϐουλεύων
3476 1050 3647 1121 αὐτῷ.

1984 1139 2201 1210 Ἐπειδὴ
2241 1139 2299 1191 δὲ
2327 1139 2480 1191 οὐδὲν
2518 1138 2696 1191 οὐδενὶ
2738 1138 2943 1191 τούτων
2985 1138 3209 1209 βελτίων
3264 1138 3498 1206 ἐγένετο,
3526 1136 3649 1187 τότε

1971 1223 2167 1290 ἐπάγει
2204 1222 2304 1293 τὴν
2344 1222 2617 1293 τιμωρίαν
2643 1221 2963 1292 λοιπὸν,ούχ
2992 1222 3131 1291 ὑπὲρ
3157 1220 3267 1273 τῶν
3296 1220 3397 1291 ήδη
3431 1216 3651 1287 γεγονό⁴

1969 1324 2078 1358 των
2106 1308 2467 1377 ἀμυνόμενος,
2494 1305 2631 1358 ἀλλὰ
2659 1305 2727 1358 τά
2756 1306 3017 1377 μέλλοντα
3041 1305 3324 1358 ἐκκόπτων
3352 1304 3523 1365 δεινὰ,
3556 1302 3651 1354 καὶ

1968 1390 2067 1462 τὴν
2089 1394 2168 1455 εἰς
2192 1392 2253 1445 τὸ
2280 1391 2590 1463 ἔμπροσθεν
2606 1390 2948 1444 ἀναστέλλων
2969 1389 3187 1453 κακίαν,
3221 1388 3316 1442 καὶ
3346 1388 3462 1440 οὐδὲ
3491 1384 3651 1438 τοῦτο

1970 1476 2049 1537 εἰς
2081 1477 2253 1539 τέλος,
2270 1476 2383 1530 ἀλλ’
2408 1476 2493 1529 ἐπ’
2510 1475 2713 1543 ὀλίγοις
2741 1474 2902 1527 αὐτὸν
2927 1471 3226 1534 παιδεύσας
3252 1471 3415 1531 ἔτεσι,
3432 1473 3496 1540 τῇ
3515 1485 3650 1539 προ-

1968 1557 2103 1630 τέρᾳ
2138 1559 2299 1612 πάλιν
2325 1558 2574 1612 ἀπέδωκε
2609 1560 2775 1627 τιμῇ,
2798 1555 3143 1627 ζημιωθέντα
3176 1555 3276 1625 μὲν
3306 1554 3415 1607 ἀπὸ
3434 1554 3533 1624 τῆς
3557 1569 3649 1604 κο-

1972 1641 2181 1705 λάσεως
2198 1642 2711 1713 ούδέν,κερδάναντα
2726 1641 2782 1693 δὲ
2798 1641 2858 1693 τὸ
2878 1641 3098 1693 πάντων
3117 1639 3373 1709 μέγιστον
3387 1637 3497 1690 τῶν
3512 1637 3650 1704 ἀγα-

1970 1724 2099 1789 θῶν,
2128 1726 2190 1778 τὸ
2222 1725 2466 1798 στερρῶς
2495 1727 2593 1797 τῆς
2630 1727 2710 1789 είς
2735 1726 2824 1778 τὸν
2851 1724 2983 1777 Θεὸν
3014 1724 3236 1794 ἔχεσθαι
3264 1723 3525 1786 πίστεως,
3551 1720 3648 1774 καὶ

1972 1810 2315 1882 μεταγνῶναι
2365 1811 2458 1863 ἐπὶ
2509 1812 2623 1873 τοῖς
2680 1809 2946 1880 πρότερον
2996 1807 3407 1879 ἡμαρτημένοις
3444 1805 3613 1876 αύτῷ.

2042 1893 2122 1965 [8]
2142 1900 2218 1958 ς’.
2244 1893 2477 1963 Τοιαύτη
2497 1893 2654 1964 γάρή
2676 1894 2770 1947 τοῦ
2790 1893 2925 1946 Θεοῦ
2953 1892 3332 1964 φιλανθρωπία
3352 1908 3364 1921 ·
3396 1893 3649 1945 οὐδέποτε

1973 1978 2261 2047 μετάνοιαν
2280 1978 2572 2048 γινομένην
2606 1978 2912 2049 εἰλικρινῶς
2942 1978 3365 2046 ἀποστρέφεται.
3390 1976 3524 2029 άλλά
3542 1978 3648 2030 κᾶν

1969 2062 2108 2133 πρὸς
2130 2063 2261 2115 αύτό
2289 2080 2371 2126 τις
2392 2062 2493 2132 τῆς
2516 2062 2715 2124 κακίας
2739 2063 2906 2133 ἐλάσῃ
2936 2062 2996 2114 τὸ
3026 2061 3221 2133 πέρας,
3244 2061 3496 2114 κάκεῖθεν
3518 2063 3650 2115 ὑπο-

1972 2148 2202 2218 στρέψαι
2234 2149 2395 2203 πάλιν
2416 2148 2605 2219 ἐληται
2634 2148 2769 2219 πρὸς
2783 2146 2881 2218 τὴν
2904 2148 3003 2218 τῆς
3033 2148 3233 2218 ἀρετῆς
3268 2146 3407 2203 ὁδὸν.
3434 2146 3529 2199 καὶ
3563 2146 3649 2199 δέ·

1968 2248 2122 2299 χεται
2152 2233 2245 2285 καὶ
2269 2232 2549 2302 προσίεται
2580 2229 2789 2292 τοῦτον,
2820 2232 2914 2283 καὶ
2937 2231 3116 2284 πάντα
3146 2232 3292 2283 ποιεῖ
3323 2229 3461 2283 ὥστε
3484 2229 3647 2282 αὐτὸν

1969 2316 2049 2377 είς
2079 2313 2174 2384 τὴν
2204 2314 2477 2385 προτέραν
2495 2314 2825 2367 κατάστασιν
2854 2316 3227 2383 ἐπαναγαγεῖν
3251 2316 3293 2370 ί.
3311 2314 3421 2367 Καὶ
3433 2313 3491 2366 τὸ
3512 2314 3645 2366 πολ-

1966 2395 2045 2467 λῷ
2078 2397 2268 2450 τούτου
2306 2396 2855 2467 φιλανθρωπότερον·
2898 2397 3001 2450 κᾶν
3059 2397 3168 2469 γάρ
3214 2396 3287 2467 μή
3330 2397 3511 2450 πᾶσάν
3564 2413 3649 2458 τις

1967 2479 2300 2552 ἐπιδείξηται
2317 2478 2417 2550 τὴν
2438 2478 2749 2549 μετάνοιαν,
2787 2479 2910 2532 ούδέ
2940 2478 3039 2549 τὴν
3078 2478 3339 2549 βραχεῖαν
3379 2479 3473 2531 καὶ
3511 2477 3647 2548 πρὸς

1966 2561 2145 2631 ὀλίγον
2160 2560 2532 2631 γεγενημένην
2558 2560 3013 2632 παραπέμπεται,
3036 2560 3173 2613 ἀλλὰ
3192 2561 3287 2612 καὶ
3311 2559 3485 2629 ταύτῃ
3514 2559 3527 2608 i
3564 2560 3649 2611 τί-

1968 2644 2093 2715 θησι
2120 2646 2287 2699 πολὺν
2317 2645 2410 2699 τὸν
2440 2643 2630 2715 μισθόν
2648 2662 2661 2675 ·
2683 2644 2776 2697 καὶ
2811 2642 2972 2696 τοῦτο
2994 2643 3150 2712 δῆλον
3171 2643 3229 2709 ἐξ
3250 2637 3323 2695 ὦν
3357 2645 3586 2707 Ἡσαΐας
3618 2642 3649 2694 6

1966 2729 2254 2799 προφήτης
2301 2727 2433 2797 περὶ
2480 2724 2576 2778 τοῦ
2626 2724 2735 2777 τῶν
2802 2725 3075 2777 Ἰουδαίων
3118 2723 3249 2777 λαοῦ
3288 2725 3487 2777 οὑτωσί
3533 2724 3650 2787 πώς

1968 2828 2120 2881 φησι·
2146 2813 2225 2863 Δι’
2244 2810 2536 2879 ἁμαρτίαν
2546 2810 2750 2879 ,ϐραχύ
2777 2826 2835 2861 τι
2852 2809 3137 2876 ἐλύπησα
3162 2811 3369 2873 αὐτὸν,
3395 2809 3491 2862 καί
3509 2806 3651 2862 ἐπά-

1965 2894 2119 2959 ταξα
2164 2893 2371 2959 αὑτὸν,
2407 2892 2505 2945 καὶ
2547 2891 2901 2960 ἀπέστρεψα
2933 2893 2998 2944 τὸ
3031 2894 3359 2960 πρόσωπόν
3394 2909 3514 2960 μου
3547 2892 3651 2944 ἀπ’

1966 2976 2174 3044 αὑτοῦ,
2200 2978 2296 3029 καὶ
2316 2976 2614 3044 ἐλυπήθη,
2638 2975 2734 3028 καὶ
2751 2976 3044 3043 ἐπορεύθη
3062 2976 3348 3045 στυγνὸς,
3369 2976 3463 3027 καί
3487 2974 3651 3027 ἰασά-

1963 3076 2089 3128 μην
2120 3058 2326 3121 αὑτὸν,
2368 3059 2466 3111 καὶ
2501 3056 2893 3125 παρεκάλεσα
2929 3058 3137 3111 αὐτόν.
3183 3059 3564 3127 Μαρτυρήσειε
3602 3056 3647 3109 δ’

1968 3142 2034 3196 ἂν
2062 3146 2195 3214 ἡμῖν
2228 3142 2322 3195 καὶ
2366 3144 2394 3195 ὁ
2422 3141 2785 3204 ἀσεϐέστατος
2820 3138 3070 3210 βασιλεὺς
3100 3141 3325 3202 ἐκεῖνος,
3351 3140 3378 3190 6
3410 3137 3649 3207 γεγονὼς

1971 3229 2070 3298 μὲν
2096 3227 2310 3287 ἔκδοτος
2331 3228 2443 3288 τοῖς
2469 3226 2866 3295 ἁμαρτήμασιν
2895 3222 3001 3275 ὑπὸ
3017 3223 3116 3292 τῆς
3142 3222 3427 3289 γυναικός·
3458 3222 3645 3292 ἐπειδὴ

1965 3312 2023 3364 δέ
2053 3311 2212 3380 μόνον
2241 3308 2527 3378 ἐπένθησε,
2551 3308 2646 3362 καὶ
2663 3308 2868 3362 σάκκον
2886 3306 3263 3377 περιεϐάλετο,
3285 3307 3379 3359 καὶ
3399 3307 3649 3374 κατέγνω

1966 3395 2074 3448 τῶν
2127 3392 2624 3464 πλημμεληθέντων
2684 3391 2857 3461 αὐτῷ,
2909 3388 3083 3452 οῦτως
3116 3389 3515 3442 ἐπεσπάσατοιι
3552 3388 3646 3442 τοῦ

1966 3476 2100 3530 Θεοῦ
2130 3478 2220 3530 τὸν
2234 3477 2403 3542 ἔλεον,
2425 3475 2501 3538 ὡς
2526 3474 2739 3527 πάντων
2758 3474 2925 3526 αὑτὸν
2949 3472 3259 3536 ἀπαλλάξαι
3276 3474 3382 3525 τῶν
3401 3475 3648 3543 ἐπηρτη-

1970 3560 2146 3631 μένων
2165 3559 2368 3612 κακῶν.
2388 3553 2523 3610 Εἶπε
2552 3556 2660 3628 γάρ
2683 3558 2711 3609 6
2726 3555 2859 3618 Θεὸς
2880 3554 2957 3625 τῷ
2995 3554 3169 3625 Ἠλία·
3205 3553 3506 3622 Ἑώρακας
3522 3554 3648 3621 πῶς

1966 3645 2263 3714 κατενύγη
2311 3642 2532 3711 Ἀχαὰϐ
2573 3642 2692 3695 ἀπὸ
2726 3639 3054 3709 προσώπου
3082 3655 3241 3708 μους
3287 3642 3406 3693 Οὐκ
3444 3639 3648 3704 ἐπάξω

1966 3728 2083 3797 τὴν
2101 3730 2320 3783 κακίαν
2339 3729 2409 3781 ἐν
2434 3728 2565 3794 ταῖς
2578 3723 3049 3796 ἡμέραιςαύτοῦ,
3070 3726 3201 3778 ἀνθ’
3216 3717 3305 3777 ὧν
3320 3723 3408 3777 ὅτι
3427 3724 3648 3778 ἔκλαυ-

1968 3829 2081 3868 σεν
2122 3813 2239 3867 ἀπὸ
2282 3812 2606 3881 προσώπου
2633 3828 2773 3879 μου.
2811 3811 2923 3863 Καὶ
2960 3808 3100 3879 μετὰ
3122 3808 3280 3861 τοῦτο
3302 3808 3649 3861 πάλινόΜα-

1967 3898 2173 3968 νασσῆς
2190 3898 2394 3960 πάντας
2415 3899 2481 3967 τῇ
2517 3896 2682 3966 μανίᾳ
2701 3894 3017 3965 παρελάσας
3036 3894 3129 3946 καὶ
3142 3895 3208 3962 τῇ
3228 3892 3524 3963 τυραννίδι,
3552 3894 3648 3945 καὶ

1966 3983 2067 4053 τὴν
2095 3981 2323 4051 νομικὴν
2342 3980 2648 4050 ἀνατρέψας
2678 3978 2955 4050 λατρείαν,
2990 3977 3201 4030 καὶτὸν
3234 3975 3361 4029 ναὸν
3391 3977 3649 4029 ἀποκλεί-

1971 4082 2089 4128 σας,
2120 4066 2213 4117 καί
2237 4064 2333 4133 τὴν
2365 4063 2473 4115 τῶν
2517 4061 2751 4114 εἰδώλων
2796 4061 3006 4130 πλάνην
3036 4060 3266 4129 ποιήσας
3300 4059 3504 4121 ἀνθεῖν,
3553 4060 3649 4111 καὶ

1970 4150 2185 4202 πάντων
2224 4148 2331 4199 τῶν
2377 4145 2685 4217 ἔμπροσθεν
2722 4144 3013 4213 γενόμενος
3033 4142 3411 4212 ἀσεϐέστερος,
3458 4141 3647 4213 ἐπειδὴ

1972 4231 2295 4302 μετενόησεν
2315 4228 2441 4281 ῦστε
2450 4245 2560 4298 ρον,
2577 4229 2657 4290 είς
2667 4228 2793 4289 τοὺς
2804 4226 2897 4279 τοῦ
2913 4224 3049 4278 Θεοῦ
3062 4224 3419 4277 κατετάττετο
3437 4242 3465 4292 φ
3480 4224 3643 4285 ίλους.

1969 4316 2032 4367 Εἰ
2053 4315 2107 4367 δὲ
2130 4315 2209 4376 εἰς
2233 4313 2292 4365 τὸ
2312 4311 2535 4382 μέγεθος
2558 4309 2764 4363 ἀπιδὼν
2780 4309 2887 4361 τῶν
2911 4308 3127 4361 οἰκείων
3149 4306 3409 4377 ἀνομιῶν,
3424 4307 3647 4375 ἀπέγνω

1968 4398 2065 4468 τὴν
2103 4396 2359 4449 ἐπάνοδον
2393 4396 2487 4448 καὶ
2508 4394 2606 4463 τὴν
2640 4390 2940 4462 μεταϐολὴν
2962 4430 2977 4453 ,
3008 4390 3225 4443 πάντων
3263 4389 3330 4442 ἂν
3366 4388 3644 4454 ἐξέπεσεν,

1969 4474 2043 4533 ὧν
2080 4480 2218 4550 μετά
2239 4480 2411 4532 ταῦτα
2438 4477 2688 4546 ἐπέτυχε’
2710 4475 2805 4529 νῦν
2827 4475 2904 4537 δὲ,
2928 4475 3049 4527 ἀντῖ⁹
3076 4474 3176 4543 τῆς
3206 4472 3509 4543 ὑπερϐολῆς
3537 4474 3646 4526 τῶν

1969 4563 2371 4634 ἡμαρτημένων
2391 4560 2558 4630 αύτῷ,
2574 4562 2655 4622 εἰς
2674 4559 2735 4611 τὸ
2756 4550 2981 4628 ἀπεὶρον
2995 4558 3092 4627 τῆς
3109 4556 3507 4625 εὐσπλαγχνίας
3523 4555 3647 4609 ἰδὼν

1967 4647 2060 4699 τοῦ
2076 4646 2233 4704 Θεοῦ.
2262 4645 2357 4699 καὶ
2376 4644 2444 4697 τα
2468 4642 2640 4712 δεσμὰ
2652 4642 2949 4713 διαρρήξας
2963 4642 3058 4694 τοῦ
3079 4640 3349 4704 διαϐόλου,
3366 4640 3646 4711 διανέστη,

1967 4729 2063 4783 καὶ
2090 4728 2415 4796 ἠγωνίσατο,
2447 4726 2655 4779 καὶτὸν
2683 4724 2883 4795 δρόμον
2931 4723 3148 4777 ἐτέλεσε
3199 4722 3291 4776 τὸν
3334 4722 3517 4775 καλόν.
3558 4724 3649 4775 Οὐ

1971 4813 2129 4883 μόνον
2160 4812 2215 4864 δὲ
2240 4811 2329 4864 διά
2356 4810 2465 4862 τῶν
2505 4811 2585 4872 είς
2609 4808 2835 4871 τούτους
2855 4808 3258 4879 γεγενημένων,
3281 4806 3417 4860 ἀλλά
3439 4807 3534 4860 καὶ
3558 4806 3651 4860 διὰ

1964 4898 2073 4950 τῶν
2090 4896 2181 4950 τοῦ
2209 4896 2487 4967 προφήτου
2519 4893 2779 4965 ῥημάτων
2807 4893 3063 4945 ἐκκόπτει
3106 4893 3232 4955 τοὺς
3259 4891 3361 4961 τῆς
3398 4888 3647 4959 ἀπογνιῦ-

1969 4998 2107 5045 σεως
2146 4980 2443 5049 λογισμοὺς
2472 4980 2500 5030 6
2526 4977 2681 5042 Θεὸς,
2731 4976 2933 5030 οὑτωσὶ
2962 4976 3138 5045 λέγων
3159 4995 3171 5007 ·
3204 4977 3487 5044 Σήμερον
3536 4973 3651 5027 ἐὰν

1966 5060 2075 5132 τῆς
2109 5061 2314 5131 φωνῆς
2353 5060 2539 5114 αὑτοῦ
2586 5060 2929 5125 ἀκούσητε,
2965 5059 3052 5129 μὴ
3100 5060 3486 5127 σκληρύνητε
3537 5057 3647 5123 τὰς

1966 5147 2213 5215 καρδίας
2232 5145 2418 5215 ὑμῶν,
2435 5146 2515 5210 ώς
2542 5146 2610 5197 ἑν
2630 5143 2710 5209 τῷ
2740 5144 3238 5213 παραπικρασμῷ.

2040 5232 2112 5282 Τὸ
2131 5231 2211 5290 δέ,
2225 5230 2512 5297 σήμερον,
2539 5230 2596 5280 ἐν
2619 5228 2782 5281 παντὶ
2798 5227 2879 5298 τῷ
2907 5228 3005 5299 βίῳ
3022 5228 3274 5296 λέγεσθαι
3290 5227 3533 5291 δυνατὸν,
3550 5227 3647 5280 καὶ

1966 5314 2104 5384 πρὸς
2116 5315 2262 5385 αύτῴ
2281 5314 2297 5352 ι
2313 5316 2389 5377 δέ,
2406 5315 2451 5366 εἰ
2470 5313 2623 5383 βούλε
2634 5312 2751 5381 ι,τῷ
2767 5313 2931 5381 γήρᾳ·
2950 5312 3009 5363 ού
3023 5312 3130 5382 γάρ
3142 5312 3352 5382 χρόνων
3363 5311 3645 5380 ποσότητι,

1966 5398 2101 5450 ἀλλὰ
2132 5400 2369 5452 διαθέσει
2406 5398 2583 5468 ψυχῆς
2622 5400 2654 5467 ή
2687 5396 2944 5467 μετάνοια
2979 5396 3245 5468 κρίνεται.
3281 5395 3385 5449 Καὶ
3441 5395 3550 5466 γάρ
3590 5394 3643 5449 οε

2029 5557 2054 5619 F
2082 5556 2277 5613 Morel..
2300 5557 2410 5607 Sav.
2442 5564 2493 5619 ei
2516 5571 2642 5605 unus
2657 5557 2764 5605 cod.
2792 5557 2947 5619 στόμα
2970 5555 3157 5613 αὐτούς,
3177 5556 3261 5604 alii
3282 5556 3455 5603 αὐτῶν.

2029 5615 2054 5653 h
2098 5620 2203 5665 Duo
2247 5618 2560 5680 manuscripli
2606 5620 2833 5675 ἐπάνεισι,
2882 5615 2934 5666 él
2978 5620 3051 5665 sic
3092 5618 3241 5666 Savil.
3294 5620 3343 5666 in
3400 5617 3636 5679 margine.

1967 5676 2138 5727 Morel.
2162 5688 2345 5737 autem,
2370 5676 2520 5729 Savil.
2548 5683 2598 5730 in
2627 5689 2787 5736 lexlu,
2812 5688 2865 5728 et
2884 5682 2963 5728 alii
2989 5681 3199 5741 ἐπανῄει.

2034 5742 2047 5777 i
2078 5741 2674 5804 l.egebalur&yayeiv,sed
2698 5740 3055 5804 prmstatleclio
3082 5742 3193 5804 Savr.
3209 5740 3532 5804 ἐπαναγαγεῖν.
3554 5740 3641 5787 Ει).

2032 5804 2046 5852 l
2078 5802 2226 5851 gavil.
2252 5812 2305 5851 et
2331 5802 2775 5862 ιιυυεοοόπαύτὴς.
2848 5804 2873 5840 κ
2906 5805 3011 5852 Ι)ιιο
3034 5802 3560 5863 ῐηες,ἐπισπασάμενος.

2040 5865 2053 5903 ι
2084 5866 2164 5913 Sic
2184 5879 2373 5923 omnes,
2390 5874 2603 5928 excepto
2628 5867 2729 5915 Mur
2754 5868 2860 5926 .qui
2884 5865 3025 5928 hal'cl
3041 5864 3155 5928 πρὸς
3176 5861 3516 5928 αὐτοῦηΡοιιΙο
3538 5868 3646 5923 ιιι-ιςί

1970 5928 2379 6001 ιιιιυεέδεήθησαν
2402 5926 2683 6001 χρόνωνὶκαί
2714 5930 2919 6001 ἡμερῶν.
2950 5926 3057 5975 Mox
3084 5926 3208 5974 ’Savl
3224 5933 3288 6001 ,ει
3319 5926 3505 6001 ιΙγὶψεοι
3528 5940 3638 5995 nis-2.

1961 5990 2051 6059 τῂν
2092 5987 2547 6059 ἀμαρτίανέὶιείνην.
2567 5991 2719 6059 Paulo
2741 5987 2852 6059 [νυνι
2875 5990 2970 6037 duo
2984 6002 3092 6059 _mss
3127 5988 3294 6059 μανίαν
3312 6000 3403 6059 pro
3426 5987 3638 6057 ἀνομίαν.

1969 6048 2075 6098 Mox
2092 6047 2298 6101 $311.9.)
2309 6052 2348 6099 λ’
2368 6052 2483 6109 ὅσην
2504 6052 2557 6097 ἄν
2587 6047 2949 6107 τιςάναλώσειεν
2973 6052 3097 6113 ὤραν
3131 6052 3255 6116 ῥῆμα
3278 6050 3579 6111 ςτιεελγίμεηῦς
3599 6047 3651 6094 έν
