4096 6392
376 366 483 421 285

378 478 688 533 aestimatur.
708 474 953 531 Ninivitte
974 472 1235 545 siquidem
1254 487 1359 526 non
1381 470 1560 526 multis
1579 472 1767 527 diebus
1790 474 1807 504 ¹
1829 487 1965 541 opus

382 570 702 633 habuerunt,
718 577 776 623 ut
796 578 1069 637 peccatum
1089 566 1332 621 delerent
1352 582 1504 618 suum
1533 567 1576 627 ³,
1596 565 1687 619 sed
1716 565 1960 633 exiguum

381 661 488 715 diei
520 669 727 731 tempus
768 659 940 729 potuit
978 658 1279 713 universam
1308 672 1492 712 eorum
1521 657 1735 710 abolere
1770 656 1963 725 iniqui-

382 759 545 805 tatem
578 768 593 802 :
626 758 680 804 et
718 750 854 804 latro
880 765 987 803 non
1014 749 1183 802 multo
1212 757 1449 816 tempore
1486 748 1714 816 paradisi
1760 748 1965 816 ingres-

383 857 500 897 sum
528 841 847 911 impetravit,
876 840 969 896 sed
994 856 1060 895 eo
1085 840 1255 909 spatio
1281 855 1385 909 quo
1412 839 1631 893 verbum
1658 855 1817 893 unum
1847 854 1968 907 pro-

383 934 550 989 fertur
572 975 587 1000 ,
628 949 692 989 eo
721 942 990 988 momento
1016 931 1269 986 abstersis
1298 931 1458 983 totius
1493 930 1611 983 vitae
1640 946 1749 983 sua:
1776 944 1965 998 pecca-

386 1026 476 1089 tis,
510 1025 667 1079 etiam
696 1033 818 1079 ante
846 1024 1115 1093 apostolos
1146 1021 1471 1091 probationis
1505 1022 1779 1089 prmmium
1816 1034 1968 1073 acce-

386 1120 483 1187 pit.
516 1117 767 1171 Videmus
796 1117 953 1171 etiam
987 1124 1278 1185 martyres,
1308 1129 1411 1167 non
1455 1113 1633 1167 multis
1660 1114 1843 1176 anuis,
1872 1111 1967 1166 sed

387 1214 545 1266 etiam
576 1212 764 1266 diebus
793 1210 995 1281 paucis,
1027 1209 1135 1264 imo
1160 1209 1242 1263 vel
1273 1224 1377 1264 una
1403 1208 1491 1263 die
1515 1207 1821 1277 splendidas
1842 1222 1968 1260 con-

389 1312 643 1375 sequutus
668 1318 912 1357 coronas.

458 1404 513 1450 '7.
548 1397 884 1466 Quapropter
920 1396 1114 1466 ubique
1153 1394 1306 1449 nobis
1341 1393 1612 1449 alacritate
1635 1433 1650 1461 ,
1679 1392 1969 1461 seduloque

390 1488 551 1541 animi
580 1488 771 1541 aﬁ‘ectu
790 1497 870 1541 est
891 1502 1055 1556 opus:
1079 1486 1219 1555 quod
1250 1487 1292 1540 si
1323 1487 1392 1540 ita
1426 1502 1669 1555 paremus
1694 1487 1970 1539 conscien-

392 1579 539 1645 tiam,
564 1587 620 1632 ut
640 1587 781 1631 tanta
804 1578 1135 1632 vehementia
1158 1578 1433 1647 pristinam
1455 1578 1706 1630 malitiam
1731 1576 1967 1629 deteste-

394 1685 532 1734 mur,
547 1679 599 1723 et
614 1670 932 1724 contrariam
955 1670 1091 1722 viam
1114 1670 1427 1738 deligamus,
1447 1677 1694 1737 quantam
1720 1668 1858 1721 Deus
1882 1669 1973 1721 im-

394 1770 545 1826 perat
571 1774 633 1814 ac
662 1760 899 1829 requirit,
930 1759 1058 1812 nihil
1086 1759 1155 1813 ob
1184 1760 1436 1828 temporis
1463 1759 1770 1814 brevitatem
1804 1759 1970 1813 habe—

394 1850 567 1904 bimus
593 1852 767 1904 minus
789 1892 804 1916 ,
840 1849 1266 1919 quandoquidem
1297 1851 1444 1903 multi
1475 1850 1749 1904 novissimi
1774 1850 1972 1919 primos

393 1942 547 2011 longe
560 1942 1005 1997 antecesserunt’.
1022 1942 1133 1996 Non
1152 1943 1291 1996 enim
1307 1942 1563 1997 cecidisse
1577 1958 1738 2011 grave
1758 1953 1855 2007 est,
1878 1942 1971 1996 sed

394 2031 597 2100 lapsum
614 2031 813 2100 jacere,
844 2047 940 2087 nec
970 2048 1269 2102 resurgere,
1296 2033 1390 2087 sed
1422 2033 1573 2088 malis
1595 2035 1732 2087 ultro
1761 2034 1969 2087 ἣξει-θη-

395 2131 500 2176 tem
526 2134 578 2176 et
603 2132 898 2193 torpentem
937 2123 1228 2194 desperatis
1256 2126 1663 2194 cogitationibus
1709 2126 1967 2196 propositi

395 2213 807 2270 imbecillitatem
837 2226 1032 2287 tegere.
1055 2216 1360 2286 Cujusmodi
1380 2217 1679 2271 hominibus
1700 2218 1847 2288 quasi
1870 2218 1972 2272 du-

396 2305 566 2360 bitans
583 2306 836 2376 propheta
857 2308 1061 2363 diccbat
1082 2325 1095 2361 :
1122 2308 1263 2361 Num
1284 2308 1371 2379 qui
1389 2310 1522 2362 cadit
1539 2326 1637 2362 non
1662 2319 1904 2377 resurget,
1928 2319 1975 2363 et

395 2400 481 2469 qui
494 2402 730 2453 avertitur
754 2418 851 2455 non
867 2412 1137 2455 revertetur
1166 2400 1374 2472 (Jerem.
1390 2401 1441 2457 8.
1466 2401 1555 2474 4)?
1577 2402 1724 2469 Quod
1752 2404 1796 2455 si
1817 2416 1976 2471 quos-

401 2490 539 2558 piam
567 2504 596 2543 a
623 2490 773 2544 nobis
797 2506 1026 2561 quaeras,
1052 2493 1140 2561 qui
1167 2502 1445 2562 postquam
1474 2492 1811 2546 crediderant
1836 2491 1977 2546 ceci-

398 2581 575 2636 derint
595 2624 608 2646 ,
643 2581 755 2636 hinc
785 2597 913 2637 sane
948 2582 1125 2637 omnia
1173 2582 1194 2614 ⁸
1244 2583 1312 2638 de
1341 2583 1447 2637 illis
1492 2584 1629 2637 dicta
1660 2592 1784 2638 sunt
1812 2601 1825 2636 :
1854 2599 1975 2637 nam

397 2674 485 2742 qui
515 2674 705 2727 cecidit
726 2690 791 2728 ex
807 2690 991 2728 eorum
1024 2690 1246 2729 numero
1266 2684 1367 2741 est,
1399 2675 1488 2745 qui
1514 2676 1657 2745 prius
1688 2684 1973 2741 steterunt,

400 2780 504 2818 non
532 2766 622 2834 qui
643 2766 955 2835 jacuerunt:
986 2767 1074 2836 qui
1105 2769 1246 2822 enim
1291 2766 1433 2836 jacet
1472 2768 1740 2837 quomodo
1780 2769 1976 2823 cadat?

400 2855 513 2908 Alia
542 2871 754 2926 quoque
797 2856 1041 2911 dicentur
1082 2867 1191 2911 tum
1228 2873 1324 2929 per
1360 2859 1637 2928 parabolas
1662 2902 1677 2923 ,
1731 2869 1840 2913 tum
1884 2877 1978 2929 per

398 2946 623 2999 clariora
667 2947 800 2999 facta
833 2948 915 3001 vel
960 2946 1099 3001 dicta
1152 2967 1162 2999 :
1211 2949 1406 3003 etenim
1449 2950 1563 3003 ovis
1606 2949 1692 3002 illa
1737 2966 1765 3001 a
1807 2965 1977 3003 nona-

399 3036 541 3104 ginta
565 3052 750 3090 novem
776 3047 1017 3107 separata
1041 3077 1057 3102 ,
1097 3046 1151 3092 et
1179 3047 1360 3107 postea
1391 3038 1604 3093 reducta
1631 3080 1645 3104 ,
1675 3040 1804 3092 nihil
1834 3040 1977 3095 aliud

401 3128 553 3182 nobis
592 3126 858 3195 declarat,
888 3144 1047 3199 quam
1093 3128 1324 3183 ﬁdelium
1360 3129 1562 3199 lapsum
1603 3141 1657 3183 et
1696 3132 1926 3184 reditum
1960 3148 1973 3185 :

402 3218 662 3287 siquidem
707 3219 819 3273 haec
849 3221 964 3273 ovis
994 3236 1099 3274 nun
1138 3221 1357 3274 alterius
1386 3222 1562 3291 gregis
1600 3231 1715 3275 erat
1739 3264 1754 3287 ,
1787 3222 1878 3276 sed
1910 3238 1975 3276 ex

401 3309 721 3377 reliquarum
768 3326 1033 3377 numero,
1100 3310 1167 3364 ab
1222 3310 1516 3380 eodemque
1565 3321 1774 3379 pastore
1833 3313 1978 3381 prius

403 3400 714 3468 pascebatur
754 3418 765 3452 :
798 3410 955 3470 atque
1002 3416 1184 3455 errore
1219 3416 1324 3454 non
1360 3401 1560 3470 vulgari
1606 3400 1831 3455 abducta
1870 3412 1973 3469 est,

401 3492 495 3545 sed
524 3507 617 3561 per
642 3504 849 3549 montes
873 3503 926 3547 et
955 3494 1121 3548 saltus
1148 3536 1161 3559 ,
1194 3503 1504 3564 remotaque
1537 3494 1619 3547 via
1645 3534 1658 3555 .
1704 3502 1758 3547 et
1783 3510 1810 3545 a
1835 3505 1977 3548 recta

404 3583 557 3651 longe
579 3582 827 3637 distante.
870 3584 1003 3637 Num
1031 3600 1157 3652 ergo
1184 3585 1416 3653 neglexit
1441 3584 1743 3639 errantem?
1765 3584 1977 3654 Nequa-

402 3690 597 3743 quam:
626 3675 718 3728 sed
761 3674 975 3729 reduxit
1014 3691 1117 3729 non
1165 3676 1490 3743 compellens
1536 3683 1594 3728 et
1641 3677 1973 3729 verberans:

406 3766 515 3819 imo
542 3767 775 3821 humeris
801 3777 1102 3838 reportans.
1132 3767 1589 3834 Quemadmodum
1618 3768 1759 3821 enim
1788 3768 1977 3822 medici

407 3858 685 3923 peritiores
738 3873 909 3925 :rgros
950 3858 1200 3912 diuturno
1229 3858 1415 3913 morbo
1460 3858 1481 3888 ⁵
1521 3866 1737 3911 vexatos
1772 3872 1978 3911 summa

404 3960 531 4000 cura
559 3948 838 4001 valetudini
867 3950 1180 4011 restituunt,
1226 3965 1328 4002 non
1358 3948 1515 4003 modo
1543 3948 1819 4003 medicina:
1845 3950 1980 4018 legi-

405 4034 508 4089 bus
531 4044 760 4104 utentes,
785 4038 877 4092 sed
906 4039 1165 4093 interdum
1197 4039 1530 4109 indulgentes
1553 4040 1729 4109 aegris,
1756 4040 1826 4093 ita
1851 4055 1982 4109 quo-

407 4142 511 4197 que
554 4128 695 4182 Deus
738 4128 1022 4183 admodum
1068 4138 1483 4197 corruptusnon
1527 4130 1831 4184 vehementi
1875 4131 1977 4183 im-

410 4217 564 4286 pulsu
600 4218 666 4271 ad
705 4219 949 4272 virtutem
995 4218 1178 4285 ducit,
1230 4220 1324 4274 sed
1374 4220 1627 4289 paulatim
1684 4230 1739 4276 et
1779 4222 1979 4276 sensim

406 4318 727 4377 supportaus
754 4310 964 4379 ubique,
991 4325 1056 4363 ne
1077 4310 1158 4363 vel
1187 4310 1355 4379 major
1383 4311 1633 4375 scissura,
1663 4311 1747 4366 vel
1769 4313 1981 4381 gravius

406 4409 638 4453 erratum
667 4401 892 4455 accidat.
943 4401 1122 4471 Neque
1151 4401 1202 4455 id
1229 4401 1312 4454 illa
1336 4402 1505 4454 solum
1528 4402 1781 4469 parabola
1806 4403 1982 4456 subiuo

407 4492 645 4557 dicatur,
682 4492 774 4547 sed
797 4503 849 4547 et
877 4493 975 4546 alia
1007 4495 1168 4548 etiam
1198 4492 1265 4547 de
1295 4492 1403 4546 ﬁlio
1427 4493 1669 4564 prodigo.
1707 4493 1978 4562 Siquidem

408 4582 495 4640 hic
518 4598 621 4637 non
665 4584 871 4638 alienus
908 4593 1059 4649 erat,
1104 4585 1211 4638 imo
1250 4584 1390 4637 ﬁlius
1414 4626 1429 4650 ,
1466 4584 1734 4655 fraterque
1767 4585 1857 4639 ﬁlii
1887 4586 1979 4655 qui

409 4674 543 4743 patri
574 4683 821 4743 acceptus
862 4683 1016 4728 erat:
1050 4675 1095 4727 is
1143 4675 1197 4727 in
1236 4673 1627 4743 improbitatem
1677 4676 1855 4743 lapsus
1901 4683 1983 4729 est

410 4780 515 4819 non
540 4765 812 4833 vulgarem
838 4805 853 4830 ,
885 4764 977 4819 sed
1005 4765 1055 4818 in
1083 4765 1251 4833 ipsum
1271 4804 1285 4827 ,
1318 4772 1379 4817 ut
1400 4764 1467 4816 ita
1495 4764 1687 4826 dicam,
1721 4764 1981 4818 malorum

408 4868 706 4912 extremum
737 4874 749 4909 :
781 4856 927 4909 dives
953 4897 966 4919 ,
999 4856 1165 4919 liber,
1190 4855 1382 4909 nobilis
1403 4896 1418 4921 ,
1451 4854 1679 4921 famulis,
1711 4855 1981 4909 extraneis

407 4947 853 5015 mercenariisque
884 4946 1126 4999 miserior
1149 4945 1369 5000 effectus
1395 4954 1495 4998 est.
1524 4947 1770 4998 Attamen
1804 4945 1982 5014 pristi-

411 5056 535 5094 num
568 5040 620 5092 in
646 5047 837 5092 statum
866 5038 1061 5103 rediit,
1103 5038 1457 5105 amissamque
1493 5037 1714 5105 gloriam
1757 5051 1980 5105 recupe-

411 5131 567 5186 ravit.
612 5131 665 5186 Si
709 5130 1074 5200 desperasset,
1105 5138 1159 5184 et
1179 5134 1246 5183 ob
1270 5130 1622 5183 calamitatem
1645 5129 1983 5198 chpOIidens

410 5226 643 5278 animum
685 5226 735 5278 iu
774 5225 945 5278 aliena
974 5236 1111 5277 terra
1145 5224 1444 5289 mansisset,
1476 5238 1763 5293 numquam
1789 5238 1982 5278 conse-

479 5531 494 5564 ι
530 5536 656 5577 Unus
675 5528 843 5587 habet,
881 5526 1043 5577 multis
1092 5527 1386 5589 armisalque
1410 5526 1592 5589 diebus.

478 5595 497 5628 ι
530 5591 665 5644 Savil.
692 5598 743 5639 et
758 5590 941 5651 aliquot
962 5597 1088 5651 Mss,
1116 5588 1363 5651 peccatum
1378 5588 1589 5639 delerent
1612 5588 1767 5638 istum.

480 5655 498 5683 ⁸
531 5652 671 5702 sevit.
698 5659 750 5701 at
772 5649 874 5713 tres
915 5659 1039 5707 Mss,
1068 5649 1203 5713 longe
1223 5650 1292 5700 sic
1316 5657 1663 5701 αηιεςεδδενηηι

481 5716 499 5741 ⁸
538 5722 652 5771 vox,
675 5712 849 5771 omnia,
874 5713 1018 5762 deest
1042 5712 1089 5761 in
1112 5712 1271 5761 tribus
1294 5720 1397 5762 Mss.

481 5775 501 5807 ³
533 5774 662 5823 ωω.
686 5788 825 5828 unus.
848 5776 1052 5832 quodam
1083 5772 1260 5823 morbo.

1578 358 1670 413 AD
1710 353 2132 414 THEODORUM
2170 354 2460 413 LAPSUN.
2499 354 2544 411 ῑ.

3539 361 3644 418 286

2068 483 2328 540 quuturus
2395 481 2511 527 erat
2567 485 2667 541 ea,
2714 488 2835 544 qua:
2882 472 3219 543 postmodum
3266 473 3502 544 recepit,
3552 477 3647 532 sed

2068 560 2210 618 fame
2229 572 2593 633 consumptus,
2610 564 2906 620 miserrima
2922 565 3160 619 omnium
3179 576 3349 619 morte
3365 569 3646 637 periisset:

2072 671 2257 709 verum
2294 656 2415 725 quia
2457 655 2719 725 resipuit,
2766 672 2867 712 nec
2907 656 3244 727 desperavit,
3291 669 3409 727 post
3437 668 3636 714 tantam

2069 748 2501 816 corruptionem,
2544 748 2789 803 eumdem
2839 749 3012 819 ipsum
3057 761 3375 820 asscquntus
3424 755 3647 807 fortuna

2070 837 2432 906 Splendorcm,
2484 838 2841 907 pulcherrimo
2887 840 3121 894 induitur
3172 844 3389 906 amictu,
3438 853 3489 896 et
3538 860 3647 896 mu-

2065 926 2272 996 joribus
2300 928 2491 983 fruitur
2521 930 2673 983 bonis
2696 972 2712 996 ,
2760 946 2917 1000 quam
2950 931 3111 985 frater
3154 948 3257 985 non
3302 933 3482 999 lapsus
3551 933 3647 987 Tot

2070 1020 2217 1072 annis
2240 1062 2253 1085 ,
2280 1020 2449 1089 inquit
2475 1020 2582 1084 ille,
2612 1022 2775 1075 servio
2804 1021 2924 1087 tibi,
2970 1032 3017 1075 et
3047 1039 3318 1090 numquam
3348 1026 3642 1076 mamlatum

2072 1121 2215 1164 tuum
2259 1114 2539 1180 prwterivi,
2597 1123 2643 1167 ct
2695 1130 2969 1182 numquam
3015 1114 3199 1167 dedisti
3246 1115 3369 1167 milii
3420 1117 3641 1179 Iuedmn,

2071 1214 2125 1255 ut
2151 1220 2266 1257 cum
2290 1206 2463 1258 amicis
2506 1207 2630 1259 meis
2672 1208 2869 1260 lecturer
2895 1224 2913 1260 :
2940 1207 3027 1261 sed
3068 1217 3328 1276 postquam
3359 1209 3495 1277 ﬁlius
3535 1220 3649 1263 tuus

2073 1295 2153 1347 hic
2175 1337 2189 1359 ,
2219 1296 2303 1364 qui
2326 1296 2575 1349 devoravit
2612 1296 2937 1349 substantiam
2974 1315 3115 1349 suam
3142 1314 3255 1350 cum
3286 1300 3645 1362 meretricibus,

2071 1386 2221 1448 venit,
2262 1386 2488 1439 occidisti
2538 1386 2615 1438 illi
2672 1386 2881 1439 vitulum
2932 1389 3215 1457 saginatum
3263 1387 3411 1457 (Luc.
3447 1388 3644 1443 15.29.

2072 1479 2184 1545 ΞΟ).
2219 1478 2384 1532 Tanta
2415 1488 2496 1532 est
2522 1479 2685 1532 virtus
2717 1481 3056 1548 pmnitentiai.

2147 1571 2199 1625 8.
2233 1570 2447 1623 Nullum
2469 1581 2538 1624 est
2561 1582 2814 1640 peccatum
2835 1573 2916 1625 cui
2940 1573 3213 1625 remedium
3225 1572 3397 1639 a/ferri
3415 1592 3513 1627 non
3532 1593 3647 1644 pos-

2074 1664 2158 1716 sit.
2177 1663 2362 1716 —Tot
2384 1664 2643 1731 tantisque
2661 1663 2917 1732 exemplis
2948 1664 2965 1694 ¹
3006 1664 3216 1717 excitati
3253 1681 3318 1718 ne
3346 1681 3651 1720 maneamur

2077 1756 2127 1808 in
2160 1755 2311 1809 malis
2331 1797 2345 1818 ,
2379 1769 2474 1808 nec
2500 1754 2567 1808 de
2597 1756 2946 1808 conversione
2970 1754 3344 1823 desperemus;
3384 1756 3475 1809 St'd
3502 1757 3647 1810 dica-

2076 1864 2193 1901 mus
2217 1857 2271 1901 et
2292 1861 2407 1909 nos,
2448 1846 2642 1898 Vadam
2663 1846 2729 1897 ad
2752 1846 2954 1898 Patrem
2980 1864 3164 1911 meum,
3193 1856 3246 1900 et
3270 1848 3650 1917 appropinque

2076 1955 2195 1994 mus
2222 1940 2350 1993 Deo.
2380 1939 2675 2008 Numquam
2708 1939 2848 1992 enim
2878 1939 2963 1993 ille
2988 1953 3084 1991 nos
3110 1951 3404 2005 aversatur,
3436 1942 3529 1994 sed
3552 1942 3654 2010 ipsi.

2076 2033 2143 2086 ab
2172 2047 2235 2086 eo
2271 2033 2424 2101 longe
2461 2032 2760 2087 recedimus
2791 2049 2804 2083 :
2837 2032 2974 2085 Deus
3006 2033 3173 2099 enim,
3230 2034 3398 2102 inquit
3450 2037 3469 2065 ³
3492 2076 3505 2097 ,
3552 2052 3653 2101 αρ-

2078 2125 2422 2193 propinquans
2465 2141 2553 2192 ego
2603 2140 2753 2187 sum,
2801 2133 2848 2175 et
2895 2140 2995 2176 non
3026 2122 3163 2177 Deus
3192 2125 3370 2195 procul
3399 2125 3529 2195 (J,er.
3558 2128 3649 2183 23.

2076 2215 2192 2283 23).
2240 2216 2314 2267 Ac
2344 2230 2440 2283 per
2484 2214 2625 2269 hunc
2680 2214 2991 2284 prophetam
3034 2230 3243 2269 rursum
3286 2216 3492 2269 incusat
3514 2233 3606 2271 eos
3633 2218 3655 2251 ⁸

2080 2305 2160 2358 bis
2187 2305 2360 2358 verbis
2394 2322 2405 2356 :
2442 2304 2627 2357 Nonne
2652 2315 2856 2374 peccata
2882 2313 3041 2357 vestra
3080 2305 3310 2358 dividunt
3346 2308 3474 2360 inter
3500 2324 3584 2361 vos
3608 2320 3654 2362 et

2078 2415 2157 2451 me
2182 2396 2331 2466 (Isai.
2356 2397 2444 2452 59.
2475 2398 2577 2465 2)?
2615 2397 2748 2450 Cum
2797 2398 2971 2466 itaque
3014 2397 3127 2451 ba‘c
3161 2414 3257 2451 nos
3293 2410 3600 2454 retnoveaut
3624 2417 3654 2456 a

2082 2488 2224 2553 Deo,
2279 2486 2714 2541 molestissimum
2771 2487 2871 2539 hoc
2911 2497 3116 2555 St‘plltm
3145 2530 3160 2554 ,
3214 2487 3352 2556 quod
3402 2499 3549 2543 arcet
3586 2491 3655 2545 ab

2082 2599 2332 2650 accessu,
2360 2584 2428 2638 de
2452 2584 2627 2637 medio
2658 2583 2926 2637 tollamus.
2953 2583 3086 2636 Audi
3110 2584 3218 2649 jam
3247 2599 3309 2637 ex
3344 2584 3504 2638 rebus
3526 2582 3655 2653 ipsis

2081 2674 2130 2728 id
2162 2674 2302 2743 quod
2349 2674 2576 2728 dicimus
2619 2672 2975 2741 comprobari.
3029 2674 3180 2743 Apud
3230 2674 3533 2729 Corinthios
3578 2676 3655 2730 vir

2079 2764 2290 2833 quidam
2340 2764 2560 2819 illustris
2591 2764 2693 2817 tale
2725 2773 2998 2833 peccatum
3040 2764 3359 2827 admiserat,
3406 2766 3561 2835 quale
3589 2782 3657 2821 ne

2079 2855 2216 2925 apud
2244 2856 2466 2924 gentiles
2506 2854 2717 2924 quidem
2755 2854 3165 2907 memorabatur.
3215 2854 3262 2907 Is
3288 2864 3463 2909 autem
3488 2856 3657 2910 ﬁdelis

2080 2958 2195 3001 erat
2238 2948 2305 3002 de
2347 2949 2694 3003 familiaribus
2734 2948 2929 3003 Chriin
2968 2966 2979 3000 :
3021 2957 3145 3001 sunt
3188 2948 3276 3017 qui
3319 2947 3650 3001 sacerdotem

2082 3054 2293 3111 quoque
2319 3040 2483 3094 fuisse
2510 3040 2710 3094 dicant.
2743 3039 2879 3105 Quid
2903 3039 3101 3109 igitur?
3132 3038 3397 3092 Paulusne
3425 3038 3596 3106 ipsum
3624 3054 3652 3091 a

2080 3142 2224 3187 Sorte
2264 3148 2483 3199 eorum,
2516 3132 2603 3201 qui
2653 3131 2873 3185 salutem
2916 3138 3347 3198 consequuntur,
3390 3128 3656 3182 abscidit!

2079 3224 2417 3293 Nequaquam
2450 3241 2461 3276 :
2489 3224 2599 3293 ipse
2613 3222 2805 3292 quippe
2824 3230 2901 3275 est
2924 3221 3011 3290 qui
3033 3219 3332 3273 sexcenties
3351 3217 3655 3273 Corinthios

2082 3315 2241 3368 variis
2267 3314 2440 3367 modis
2464 3314 2663 3382 carpit,
2710 3311 2851 3382 quod
2881 3328 3000 3365 eum
3030 3310 3093 3363 ad
3140 3310 3502 3380 ptenitentiam
3549 3326 3653 3364 non

2080 3408 2383 3477 redegerint
2420 3425 2432 3459 :
2474 3417 2533 3460 ut
2577 3416 2752 3460 autem
2804 3404 3049 3458 ostendat
3095 3404 3246 3457 nobis
3288 3403 3488 3456 nullum
3536 3418 3655 3456 esse

2080 3508 2353 3570 peccatum
2377 3540 2389 3557 .
2423 3499 2504 3551 cui
2538 3496 2831 3551 remedium
2876 3494 3051 3548 all'erri
3084 3510 3186 3547 non
3223 3495 3410 3563 possit,
3444 3507 3654 3546 rursum

2083 3590 2149 3645 de
2177 3591 2267 3643 illo
2293 3631 2306 3653 ,
2339 3590 2426 3658 qui
2454 3589 2663 3657 gravius
2691 3602 2847 3656 quam
2872 3595 3059 3655 gentes
3097 3592 3406 3653 peccaverat
3429 3625 3443 3645 ,
3476 3583 3544 3636 ita
3580 3585 3657 3635 Io-

2081 3684 2259 3753 quitur
2291 3700 2304 3735 :
2349 3682 2551 3735 Tradite
2596 3682 2741 3733 illum
2784 3688 2975 3733 satana:
3009 3678 3058 3730 in
3089 3678 3346 3729 interitum
3375 3676 3570 3737 carnis,
3602 3685 3656 3728 tu

2082 3776 2286 3842 spiritus
2328 3772 2493 3826 salvus
2536 3773 2597 3825 sit
2639 3773 2690 3824 in
2732 3772 2814 3823 die
2856 3769 3056 3822 Domini
3099 3769 3256 3821 nostri
3295 3768 3419 3821 Iesu
3470 3767 3655 3823 Christi

2083 3867 2158 3934 (l.
2191 3864 2307 3919 Cor.
2328 3865 2378 3918 5.
2396 3865 2474 3931 5).
2500 3862 2601 3917 Sed
2630 3862 2679 3915 id
2705 3861 2915 3930 quidem
2943 3868 3065 3913 ante
3089 3858 3448 3928 paenitentiam
3475 3876 3486 3911 :
3524 3870 3656 3927 post-

2083 3971 2240 4025 quam
2267 3963 2442 4008 autem
2472 3954 2691 4021 resipuit
2724 3969 2737 4003 :
2771 3951 2966 4021 Sufﬁcit
2990 3992 3005 4016 ,
3048 3950 3249 4018 inquit,
3279 3950 3379 4013 illi,
3408 3950 3493 4017 qui
3521 3951 3657 4017 ejus-

2083 4048 2221 4101 modi
2249 4056 2336 4109 est,
2363 4047 2644 4115 objurgatio
2672 4044 2692 4074 ‘
2719 4058 2830 4112 quae
2849 4044 2904 4110 ﬁt
2941 4059 2973 4094 α
3009 4041 3231 4110 pluribus
3250 4039 3332 4107 (2.
3354 4040 3472 4092 (lor.
3494 4039 3545 4093 2.
3567 4038 3653 4108 (i):

2084 4139 2398 4207 scripsitque
2426 4136 2504 4190 eis
2527 4177 2541 4199 ,
2575 4144 2631 4189 ut
2658 4134 3063 4189 consolarentur
3088 4148 3235 4197 eum,
3267 4142 3321 4186 et
3345 4133 3457 4202 ejus
3482 4132 3654 4201 pinni-

2085 4232 2302 4284 tentiam
2348 4228 2726 4285 admitterent.
2770 4240 2837 4279 ne
2877 4225 3349 4279 circumveniretur
3385 4240 3413 4277 a
3448 4233 3652 4277 satana.

2086 4320 2214 4375 Item
2245 4320 2543 4373 universam
2569 4317 2870 4371 Galatarum
2908 4317 3174 4369 nationem
3201 4325 3317 4383 post
3344 4322 3644 4383 susceptam

2087 4412 2267 4475 fidem,
2299 4420 2419 4479 post
2460 4417 2658 4478 patrata
2688 4408 2856 4473 signa,
2890 4417 2941 4459 et
2970 4405 3164 4458 multas
3195 4420 3291 4473 pro
3312 4393 3504 4457 Christi
3538 4403 3642 4457 ﬁde

2085 4511 2357 4572 superatas
2385 4500 2717 4555 tentationes.
2743 4499 2940 4567 lapsos,
2970 4497 3199 4566 inquam,
3222 4495 3436 4550 Galatas
3464 4495 3653 4548 iterum

2085 4594 2258 4663 erigit.
2307 4591 2456 4659 Quod
2496 4591 2637 4644 enim
2684 4588 2933 4642 miracula
2978 4586 3257 4650 fecissent,
3303 4585 3390 4639 ille
3418 4583 3654 4639 declarat

2086 4685 2169 4739 his
2191 4682 2363 4737 verbis
2396 4699 2408 4734 :
2446 4680 2544 4747 Qui
2569 4696 2684 4749 ergo
2712 4678 2880 4731 tribuit
2906 4677 3043 4734 vobis
3058 4677 3309 4744 spiritum,
3340 4686 3390 4728 et
3418 4686 3655 4744 operatur

2085 4776 2287 4829 virtutes
2326 4774 2377 4826 in
2411 4772 2546 4825 vobis
2579 4769 2771 4840 (Galat.
2800 4769 2853 4825 5.
2885 4768 2939 4837 5)
2976 4786 2987 4822 :
3020 4766 3157 4835 quod
3208 4782 3333 4819 vero
3361 4765 3521 4818 multa
3555 4780 3652 4845 pro

2086 4866 2188 4920 ﬁde
2204 4864 2492 4919 certamina
2520 4860 2750 4923 inierint,
2779 4859 2829 4913 id
2851 4861 3008 4913 etiam
3036 4858 3320 4912 declaravit
3339 4857 3421 4911 his
3442 4857 3651 4910 verbis:

2086 4956 2251 5010 Tanta
2273 4955 2405 5026 passi
2428 4954 2545 5006 estis
2564 4954 2672 5006 sine
2698 4968 2882 5015 causa,
2910 4951 2954 5003 si
2981 4961 3145 5002 tamen
3174 4950 3280 5002 sine
3299 4964 3470 5002 causa.
3502 4948 3624 5001 Atta
3640 4976 3655 4986 -

2088 5063 2209 5101 men
2240 5054 2356 5115 post
2402 5052 2601 5098 tantum
2645 5043 2853 5096 virtutis
2902 5042 3323 5104 incrementum,
3374 5048 3648 5108 peccatum

2089 5139 2434 5201 admiserunt,
2462 5134 2600 5205 quod
2626 5142 2801 5203 posset
2829 5148 2921 5187 eos
2946 5148 2975 5184 a
2992 5131 3203 5185 Christo
3226 5130 3426 5183 alienos
3450 5130 3657 5182 facere:

2088 5230 2154 5285 de
2180 5246 2283 5298 quo
2316 5230 2425 5297 ipse
2449 5228 2586 5281 hanc
2613 5226 2813 5295 profert
2838 5224 3150 5277 sententiam
3188 5240 3202 5276 :
3237 5222 3366 5275 Ecce
3390 5238 3478 5289 ego
3508 5219 3646 5272 Pau-

2089 5323 2166 5375 lus
2201 5322 2313 5374 dico
2347 5320 2480 5373 vobis
2499 5362 2515 5387 ,
2557 5319 2599 5372 si
2628 5316 3055 5371 circumcidamiui
3074 5357 3088 5382 ,
3116 5314 3343 5368 Christus
3369 5314 3496 5367 niltil
3524 5313 3659 5365 vobis

2154 5522 2168 5551 ί
2206 5517 2344 5567 Savil.
2370 5523 2422 5581 et
2448 5529 2573 5581 unus
2593 5522 2719 5573 Mss,
2753 5511 2813 5562 iss
2856 5511 3117 5581 exemplis.
3237 5572 3248 5581 _
3331 5579 3340 5581 4

2154 5586 2173 5614 ί
2206 5581 2277 5651 sic
2298 5577 2437 5628 s‘avil.
2462 5586 2514 5626 et
2535 5578 2630 5625 duo
2654 5568 2977 5636 manuscripti.
2997 5568 3067 5622 ἰιι
3109 5572 3269 5623 Morel.
3298 5579 3347 5622 et
3372 5570 3477 5619 aliis
3498 5568 3657 5628 deest,

2090 5649 2375 5771 “(inlices-vt,
2393 5714 2489 5771 eos,
2508 5703 2556 5751 in
2572 5701 2760 5771 duobus

2156 5770 2177 5801 ⁸
2208 5767 2335 5817 Colb.
2364 5761 2527 5821 habet.
2572 5763 2837 5820 obiurgatio
2854 5761 2955 5810 illa.
