4096 6392
465 367 577 431 287.

466 479 691 552 proderit
715 496 736 532 :
771 486 827 534 et
853 478 1070 547 iterum,
1091 477 1400 548 Quicumque
1430 479 1485 533 in
1503 478 1610 550 lege
1628 478 1983 549 justiﬁcamini
2010 493 2044 530 α

462 572 629 644 gratia
657 570 911 625 excidisti:
944 568 1087 641 (Gal.
1109 569 1163 625 5.
1186 568 1223 622 2
1256 576 1305 621 et
1325 569 1403 636 4).
1434 570 1682 622 Attamen
1713 576 1831 636 post
1860 566 2045 635 hujus-

463 660 609 715 modi
640 660 866 731 lapsum,
896 660 1041 730 ipsos
1069 658 1293 728 recipit,
1315 657 1499 712 dicens
1530 672 1545 711 :
1578 656 1755 710 Filioli
1782 657 1898 719 mei,
1924 672 2046 725 quos

465 753 649 803 iterum
670 749 895 819 parturio
911 788 926 813 ,
955 748 1111 802 donec
1137 748 1383 817 formetur
1409 746 1637 801 Christus
1662 748 1716 803 in
1740 747 1877 800 vobis
1898 744 2042 815 (Gal.

463 844 520 896 4.
554 842 669 912 l9),
689 841 996 906 ostendens,
1017 841 1176 895 etiam
1198 849 1314 909 post
1331 848 1624 894 extremam
1648 839 2046 908 corruptionem

468 946 628 1001 posse
658 945 843 986 rursus
869 930 1140 985 Christum
1179 929 1432 984 divinitus
1469 929 1735 984 elformari
1776 930 1830 982 in
1857 929 2042 993 nobis;

478 1037 585 1078 non
612 1022 754 1078 enim
781 1023 894 1076 vult
921 1032 1146 1079 mortem
1174 1020 1487 1090 peccatoris,
1511 1019 1608 1075 sed
1631 1030 1690 1074 ut
1708 1028 2047 1075 convertatur

469 1125 524 1171 et
544 1117 685 1171 vivat
709 1114 921 1186 (Ezech.
950 1114 1039 1170 ss.
1071 1115 1130 1168 tt
1139 1116 1180 1183 ).

541 1208 596 1263 9.
628 1206 866 1262 Cebenna
894 1208 1024 1277 ignis
1049 1204 1378 1271 dtemonibus,
1407 1220 1618 1274 regnum
1643 1204 1881 1258 calorum
1906 1203 2046 1257 nobis

470 1298 758 1368 deputatur.
786 1327 858 1337 -
883 1297 1267 1352 Convertamur
1301 1299 1496 1366 itaque,
1529 1312 1563 1350 0
1588 1296 1837 1350 dilectum
1866 1304 2044 1364 caput,

469 1399 524 1443 et
550 1388 871 1442 voluntatem
902 1387 994 1441 Dei
1022 1386 1375 1456 perficiamus.
1406 1385 1530 1441 Ideo
1555 1386 1748 1455 quippe
1774 1400 1871 1439 nos
1896 1399 2048 1440 crea-

469 1481 546 1535 vit
572 1492 626 1535 et
656 1479 931 1550 produxit,
959 1490 1016 1534 ut
1044 1479 1335 1534 caelestium
1367 1476 1624 1532 bonorum
1660 1485 1937 1532 consortes
1965 1475 2047 1531 fa-

476 1580 660 1637 ceret,
709 1580 766 1626 ut
804 1587 1026 1641 regnum
1071 1572 1321 1626 eaalorum
1365 1569 1624 1625 tribueret
1678 1571 1721 1632 ⁸,
1752 1585 1857 1624 non
1896 1579 1955 1624 ut
1994 1569 2046 1622 in

469 1662 766 1731 gehennam
786 1661 1093 1731 conjiceret,
1119 1662 1329 1732 ignique
1350 1660 1582 1715 traderet
1604 1676 1618 1713 :
1643 1660 1729 1714 hic
1746 1660 1886 1714 enim
1913 1660 2049 1730 ignis

473 1770 575 1809 non
599 1764 811 1824 propter
831 1770 949 1819 nos,
972 1753 1063 1807 sed
1085 1763 1299 1824 propter
1315 1753 1581 1808 diabolum
1603 1754 1917 1809 constitutus
1935 1760 2046 1815 est;

472 1861 691 1916 regnum
720 1860 848 1899 vero
888 1844 1040 1899 nobis
1080 1853 1317 1914 paratum
1358 1845 1599 1913 primitus
1636 1853 1690 1898 et
1726 1844 2047 1914 assignatum

470 1946 572 1989 est.
602 1935 894 2003 Utrumque
934 1951 1059 1989 vero
1096 1935 1393 1990 subindicat
1429 1951 1549 1989 eum
1578 1935 1708 1989 dicit
1746 1936 1809 1990 iis
1837 1935 2048 2003 quidem

469 2026 558 2094 qui
587 2040 617 2077 a
642 2024 842 2079 dextris
867 2035 990 2078 sunt
1021 2043 1034 2078 :
1072 2022 1263 2090 Venite,
1295 2024 1536 2079 benedicti
1571 2023 1742 2078 Patris
1770 2025 1887 2087 mei,
1928 2041 2048 2092 pos-

469 2116 625 2170 sidete
674 2127 904 2187 paratum
952 2117 1087 2171 vobis
1135 2134 1343 2187 regnum
1389 2135 1422 2171 a
1472 2119 1823 2172 constitutione
1875 2120 2051 2173 mundi

472 2208 684 2278 (Matth.
712 2207 801 2263 9.5.
832 2209 960 2277 Si);
994 2208 1058 2262 iis
1086 2223 1212 2263 vero
1241 2208 1330 2278 qni
1368 2223 1396 2260 a
1436 2208 1666 2262 sinistris
1696 2228 1709 2262 :
1741 2208 1993 2262 Discedite
2016 2225 2050 2262 α

472 2316 588 2363 me,
632 2301 917 2364 maledicti,
960 2300 1013 2354 in
1061 2301 1226 2370 ignem
1284 2311 1526 2353 wternum
1559 2302 1600 2363 ³,
1630 2311 1893 2370 paratum;
1944 2317 2047 2355 non

473 2391 653 2460 utique
689 2392 868 2456 vobis,
899 2391 993 2445 sed
1021 2390 1221 2445 diabolo
1250 2401 1296 2444 et
1333 2390 1526 2462 angelis
1563 2392 1669 2463 ejus
1697 2390 1869 2446 '.Non
1893 2391 2050 2461 igitur

471 2482 626 2538 nobis
652 2491 828 2551 parata
854 2490 938 2537 est
961 2482 1223 2551 gebenna,
1247 2481 1339 2536 sed
1364 2483 1575 2537 diabolo
1599 2492 1653 2537 ct
1676 2482 1878 2552 angelis
1898 2483 2045 2553 ejus;

472 2590 696 2644 regnum
726 2583 903 2628 autem
933 2590 965 2629 a
992 2570 1594 2629 constitutione'mundi
1633 2576 1785 2629 nobis
1819 2575 2048 2629 adorna-

472 2674 584 2721 tum
604 2677 705 2721 est.
735 2665 814 2721 Ne
837 2667 1013 2737 itaque
1039 2682 1138 2721 nos
1163 2666 1375 2721 thalami
1404 2666 1644 2736 ingressu
1671 2667 1911 2737 indignos
1929 2667 2052 2722 red-

472 2757 698 2812 damus:
740 2757 989 2827 quamdiu
1028 2757 1170 2812 enim
1199 2755 1221 2789 ⁴
1251 2756 1336 2811 hic
1374 2772 1579 2824 sumus,
1622 2758 1829 2813 etiamsi
1856 2757 2050 2814 millies

470 2863 755 2913 peccemus
775 2894 791 2921 ς
822 2847 995 2911 ottntia
1037 2848 1162 2912 hcet
1199 2849 1382 2911 eluere
1423 2858 1757 2918 peccatorum
1788 2850 2052 2918 poeniten-

474 2953 599 3006 tiam
637 2950 1010 3005 exhibentibus
1041 2968 1055 3004 :
1086 2965 1204 3004 eum
1248 2957 1425 3003 autem
1471 2941 1595 2995 illuc
1634 2941 1843 2996 abducti
1886 2940 2050 2996 fueri-

473 3059 608 3107 mus,
633 3043 842 3098 etiamsi
861 3042 1126 3114 ingentem
1150 3042 1512 3112 paenitentiam
1532 3034 1897 3098 exhibeamus,
1917 3034 2047 3088 nihil

472 3134 626 3193 nobis
656 3134 922 3204 proderit;
953 3133 1047 3190 sed
1073 3134 1410 3204 quantumvis
1436 3126 1681 3186 dentibus
1717 3125 2044 3191 frendamus,

468 3228 807 3299 quantumvis
848 3228 1153 3298 lugeamus,
1193 3225 1528 3297 quantumvis
1566 3225 1939 3286 obsecramus,
1981 3235 2048 3277 ne

470 3329 712 3374 extremo
736 3319 949 3389 quidem
976 3319 1141 3389 digito
1174 3318 1432 3387 quispiam
1474 3317 1627 3373 nobis
1663 3316 1861 3385 aliquid
1893 3317 2048 3370 refri-

468 3410 599 3480 gerii
621 3411 924 3471 distillabit;
953 3411 1044 3464 sed
1065 3426 1125 3463 ea
1152 3408 1262 3479 ipsa
1292 3409 1586 3474 audiemus,
1610 3424 1728 3477 qua:
1753 3407 1901 3462 dives
1921 3408 2046 3461 olim

467 3499 563 3556 ille
580 3539 598 3564 ,
628 3515 819 3569 nempe
837 3542 853 3565 ,
890 3498 1135 3569 Magnum
1163 3498 1313 3552 chaos
1337 3500 1466 3553 inter
1491 3515 1582 3552 nos
1606 3506 1652 3551 et
1676 3512 1762 3552 vos
1793 3497 2049 3565 ﬁrmatum

469 3599 543 3643 est
568 3588 717 3661 (Luc.
751 3589 834 3644 16.
861 3588 975 3659 9.6).
1012 3589 1398 3658 Resipiseamns
1426 3588 1622 3658 itaque,
1650 3589 1892 3650 obsecro,
1920 3587 2047 3641 dum

468 3680 561 3736 hic
585 3680 844 3751 (legimus,
876 3688 931 3735 et
961 3680 1236 3734 Dominum
1264 3693 1641 3749 agnoscamus,
1673 3688 1733 3732 ut
1759 3692 2049 3748 agnoscere

469 3780 700 3841 oportet.
730 3771 879 3825 Tunc
916 3770 1058 3825 enim
1102 3770 1273 3824 solum
1310 3769 1377 3825 de
1414 3769 1724 3839 poenitentia
1754 3768 2047 3838 desperan-

467 3863 599 3919 dum
628 3863 752 3929 erit,
779 3876 899 3916 cum
926 3861 979 3915 in
1009 3861 1216 3916 inferno
1239 3860 1508 3916 constituti
1532 3859 1768 3916 erimus:
1792 3859 1865 3914 ibi
1892 3875 2048 3914 nant-

470 3972 577 4025 que
612 3955 782 4009 solmn
824 3954 925 4010 hoc
969 3954 1263 4012 remedium
1300 3953 1565 4008 infirmum
1604 3952 1891 4022 inutileque
1912 3958 2000 4006 est
2030 3969 2044 4006 :

471 4048 596 4100 dmn
618 4055 793 4101 autem
816 4044 900 4100 hic
920 4059 1210 4109 versamur,
1227 4044 1431 4099 etiamsi
1455 4044 1505 4097 in
1530 4044 1641 4111 ipsa
1661 4050 1929 4098 senecmte
1949 4040 2047 4097 ad-

473 4139 741 4202 hibeatur,
782 4137 889 4192 vim
929 4137 1087 4191 habet
1115 4137 1418 4190 maximam.
1446 4136 1777 4204 Quapropter
1803 4134 2046 4188 diabolus

470 4228 602 4301 nihil
632 4244 735 4283 non
763 4224 1111 4292 machinatur,
1139 4236 1197 4282 ut
1221 4226 1607 4296 desperationis
1633 4226 1866 4279 radicem
1897 4224 2047 4278 nobis

474 4329 635 4390 ponat
662 4337 675 4374 :
705 4321 852 4375 novit
880 4321 1056 4384 enim,
1085 4321 1130 4375 si
1157 4319 1244 4375 vel
1274 4318 1530 4373 tantillum
1561 4317 1965 4385 resipuerimus,
1994 4315 2047 4370 id

472 4426 578 4464 non
607 4411 723 4466 sine
749 4411 997 4466 mercede
1025 4410 1254 4465 futurum
1284 4424 1421 4464 esse.
1451 4408 1554 4463 Sed
1593 4408 1731 4461 sicut
1765 4411 1809 4461 is
1836 4407 1925 4476 qui
1960 4422 2047 4461 ca-

473 4501 629 4557 licem
655 4516 804 4571 aqua:
829 4500 1032 4571 frigida:
1056 4502 1368 4571 porrexerit,
1394 4499 1687 4568 depositam
1712 4497 1872 4552 habet
1894 4498 2050 4552 retri-

471 4593 773 4656 butionem,
805 4592 883 4647 sic
918 4592 998 4658 is,
1025 4606 1182 4660 quem
1208 4590 1277 4644 de
1313 4589 1559 4644 admissis
1587 4604 1615 4642 a
1645 4604 1703 4644 se
1728 4588 2048 4644 facinoribus

471 4683 729 4754 paenitet,
776 4682 901 4737 licet
943 4681 1154 4751 dignam
1207 4680 1571 4749 pcenitentiam
1616 4695 1721 4733 non
1768 4679 2044 4745 exhibeat,

469 4776 713 4845 ejusdem
742 4784 914 4829 tamen
943 4774 1341 4829 retributionem
1365 4774 1605 4842 accipiet.
1629 4770 1767 4827 Nihil
1788 4772 1932 4828 enim
1954 4772 2050 4827 bo-

473 4881 699 4929 norum,
740 4865 1076 4932 quantumvis
1107 4865 1352 4935 exiguum
1393 4866 1490 4929 sit,
1556 4879 1588 4917 a
1624 4863 1771 4934 justo
1809 4864 1832 4896 ⁸
1871 4863 2049 4934 judice

480 4958 815 5029 iespieietur.
849 4957 980 5012 Nam
1017 4957 1062 5011 si
1109 4966 1324 5026 peccata
1361 4972 1482 5011 eum
1522 4964 1667 5010 tanta
1709 4957 2051 5011 accuratione

481 5049 868 5119 lisquiruntur,
913 5057 973 5102 ut
1014 5048 1173 5102 etiam
1216 5047 1284 5101 de
1326 5047 1503 5101 verbis
1541 5055 1597 5101 et
1639 5046 2043 5115 cogitationibus

476 5155 657 5210 prunas
682 5140 890 5204 demus,
920 5150 1119 5209 quanto
1145 5139 1312 5208 magis
1341 5138 1476 5192 bona
1505 5152 1686 5207 opera,
1710 5152 1806 5191 seu
1832 5152 2044 5206 magna,

469 5246 565 5286 seu
595 5246 751 5299 parva
782 5230 994 5294 fuerint,
1026 5229 1177 5284 nobis
1203 5231 1293 5283 illo
1320 5238 1558 5298 tempore
1579 5229 2041 5298 computabttntur.

469 5322 648 5389 Quare
676 5323 798 5377 licet
821 5321 887 5376 ad
917 5322 1191 5392 pristinam
1219 5320 1360 5374 illam
1383 5320 1708 5391 diligentiam
1735 5320 1907 5375 redire
1935 5334 2044 5375 non

535 5463 553 5491 ί
588 5457 729 5509 savii.
761 5465 813 5509 et
832 5471 959 5507 unus
978 5456 1128 5516 Colb.,
1152 5454 1285 5506 nobis
1306 5454 1551 5506 tribueret.

536 5523 557 5592 ξ
589 5524 661 5592 sic
682 5519 820 5568 savii.
846 5531 899 5570 et
917 5515 1122 5583 quatuor
1143 5525 1249 5568 Mss.
1292 5517 1453 5567 Morel.
1487 5526 1538 5567 et
1555 5517 1653 5566 duo
1669 5515 1764 5578 alii,
1808 5517 1861 5568 in
1883 5517 2041 5582 ignem

473 5591 870 5714 ⁸²ίίῗὲ²ἑῖἲῖ⁷⁷ἔιήυε
888 5641 1054 5701 habet,
1072 5645 1296 5702 paratum
1326 5637 1514 5691 diabolo
1534 5645 1580 5691 et
1603 5639 1783 5705 angelis
1805 5639 1926 5703 ejus,
1950 5652 2044 5691 non

474 5705 729 5814 WQ'Ss'avn;
756 5771 807 5813 et
828 5776 951 5812 unus
969 5768 1072 5818 lus,
1093 5760 1237 5825 enim.
1260 5770 1416 5814 recte.
1443 5769 1492 5813 tu
1514 5763 1619 5815 altis
1638 5762 1799 5825 deest,
1823 5761 1965 5813 ettim.

533 5826 557 5861 ⁸
589 5833 639 5877 ω
661 5841 757 5877 uno
772 5825 903 5876 Colb.
934 5824 1093 5888 deest,
1112 5823 1257 5886 justo.

1178 363 1236 425 S.
1274 362 1553 421 JOANNIS
1588 360 2063 421 CHRYSOSTOMI
2102 358 2417 417 ARCIllEP.
2457 361 2985 451 CONSTANTINOP.

3627 370 3735 429 9.88

2152 475 2351 541 valeas,
2377 476 2471 532 sed
2495 478 2684 547 quovis
2711 478 2924 534 tandem
2949 478 3111 534 modo
3136 494 3166 533 a
3194 483 3440 551 praesenti
3468 484 3653 539 morbo
3679 494 3735 540 et

2151 565 2355 622 luxuria
2387 576 2439 623 te
2465 568 2719 635 abducas,
2753 585 2820 625 ne
2847 568 2949 624 hoc
2975 569 3188 640 quidem
3225 572 3318 626 tibi
3346 571 3732 631 infructuosum

2149 660 2253 713 erit
2279 677 2293 713 :
2319 658 2402 714 fac
2427 661 2574 714 ineas
2597 676 2749 730 opus,
2777 669 2833 715 et
2857 661 3056 715 aditum
3079 661 3144 716 ad
3170 664 3458 717 certamina
3483 665 3690 732 aperias
3718 683 3734 719 :

2150 750 2403 818 quamdiu
2443 753 2586 806 enim
2629 763 2780 805 extra
2817 754 3089 816 manebis,
3117 753 3237 822 jure
3266 753 3358 807 tibi
3393 754 3605 809 difficile
3638 770 3732 808 ar-

2150 841 2419 910 duumque
2442 843 2458 874 ⁵
2498 843 2779 898 videbitur.
2817 842 2948 898 Nam
2983 852 3265 915 antequam
3295 846 3587 915 periculum
3610 844 3730 914 fiat,

2149 935 2488 1000 quantumvis
2524 934 2705 989 faciles
2733 947 2787 989 et
2814 936 3074 1004 expeditae
3106 952 3193 992 res
3221 936 3452 1003 fuerint,
3483 954 3730 1008 magnam

2151 1030 2340 1076 tamen
2366 1023 2689 1078 difficultatis
2747 1026 2980 1095 speciem
3052 1042 3161 1096 pra:
3220 1042 3281 1083 se
3315 1027 3455 1084 ferre
3504 1031 3727 1097 solent;

2150 1125 2271 1165 cum
2301 1121 2476 1165 autent
2514 1128 2606 1167 eas
2639 1123 2859 1169 strenuo
2884 1115 3175 1186 audacique
3213 1118 3392 1171 animo
3428 1118 3686 1175 adivimus
3709 1160 3727 1183 ,

2151 1217 2342 1272 magna
2373 1219 2495 1274 pars
2526 1204 2723 1259 laboris
2748 1206 2957 1269 evolat;
2986 1221 3050 1261 ac
3079 1207 3268 1262 fiducia
3287 1250 3304 1276 ,
3335 1209 3451 1263 loco
3481 1213 3731 1267 tremoris

2151 1294 2643 1366 desperationisqne
2669 1298 3027 1368 subingressa,
3056 1310 3253 1354 metum
3277 1301 3484 1366 minuit,
3514 1303 3733 1358 facilita-

2154 1398 2260 1442 tem
2300 1396 2488 1456 auget,
2529 1388 2827 1459 bonamque
2862 1404 3011 1458 Spem
3051 1391 3283 1446 roborat.
3314 1391 3437 1448 Ideo
3472 1394 3732 1463 malignus

2154 1479 2243 1533 ille
2265 1478 2456 1534 ludant
2481 1495 2546 1534 ex
2578 1480 2677 1534 hac
2706 1482 2810 1534 vita
2837 1481 3085 1545 abduxit,
3113 1497 3180 1537 ne
3206 1482 3357 1536 initio
3387 1484 3731 1553 resipiscendi

2154 1568 2314 1636 facto,
2347 1585 2439 1637 per
2462 1570 2825 1639 paenitentiam
2852 1571 2916 1624 ad
2945 1571 3118 1626 locum
3146 1572 3285 1627 unde
3317 1574 3582 1628 exciderat
3609 1574 3731 1628 red-

2154 1661 2275 1715 iret.
2308 1662 2419 1731 Ego
2443 1662 2583 1715 enim
2603 1703 2619 1728 ,
2646 1662 2746 1716 etsi
2787 1676 2945 1732 supra
2968 1662 3126 1717 ﬁdem
3157 1662 3298 1733 loqui
3328 1663 3526 1730 videar,
3556 1680 3730 1735 neque

2153 1752 2282 1807 illud
2321 1752 2544 1823 (ludat)
2587 1763 2858 1823 peccatum
2901 1754 3072 1823 majus
3113 1770 3231 1809 esse
3271 1756 3531 1824 dixerim,
3571 1774 3731 1827 quam

2153 1845 2453 1912 auxilium,
2480 1845 2622 1915 quod
2660 1846 2814 1901 nobis
2842 1862 2870 1899 a
2908 1846 3218 1916 prenitentia
3253 1847 3492 1903 offertur.
3527 1849 3733 1915 Quam-

2152 1938 2336 1992 obrem
2369 1952 2497 2007 rogo
2520 1949 2576 1991 et
2602 1937 2854 2005 obsecro,
2883 1938 3026 1990 onmi
3065 1937 3285 2007 depulsa
3320 1938 3553 1994 satanica
3580 1940 3732 2011 cogi-

2153 2031 2355 2085 talione
2396 2031 2464 2083 ab
2505 2030 2679 2082 anima
2721 2038 2837 2095 tua,
2877 2030 2943 2083 ad
2987 2029 3123 2084 hanc
3163 2030 3387 2084 salutem
3430 2031 3635 2085 redeas.
3672 2032 3731 2087 Si

2130 2136 2381 2195 namque
2417 2119 2696 2176 confestim
2726 2120 2791 2173 ad
2821 2119 2947 2174 illud
2989 2129 3041 2174 te
3080 2119 3342 2190 fastigium
3372 2120 3733 2176 conscendere

2149 2212 2412 2282 jubercm,
2444 2214 2493 2265 id
2518 2213 2640 2282 jure
2673 2212 2895 2266 moleste
2924 2211 3111 2275 ferres,
3137 2221 3318 2281 utpote
3344 2229 3455 2266 rem
3485 2212 3733 2267 diﬂicilli-

2154 2317 2336 2366 mam;
2385 2317 2506 2356 cum
2551 2316 2727 2356 autem
2759 2300 2809 2354 id
2846 2309 3047 2355 tantum
3089 2317 3232 2356 nunc
3281 2304 3302 2334 ³
3346 2303 3640 2370 postulem,
3672 2312 3734 2357 ut

2156 2393 2503 2463 prtcsentibus
2534 2392 2686 2446 malis
2721 2390 2852 2445 nihil
2882 2391 3100 2460 adjicias
3119 2432 3134 2457 ,
3166 2391 3258 2445 sed
3287 2406 3508 2461 surgens
3536 2392 3601 2446 ad
3631 2394 3732 2447 iter

2154 2484 2474 2539 contrarium
2507 2491 2557 2537 te
2586 2492 2888 2548 eouvertas,
2914 2482 3039 2552 quid
3065 2483 3368 2538 cunctaris?
3389 2499 3486 2538 cur
3512 2484 3727 2556 refugis,

2153 2583 2209 2630 et
2232 2574 2297 2628 ad
2328 2575 2622 2645 posteriora
2655 2583 2707 2628 te
2731 2573 3004 2628 retrahis?
3033 2576 3222 2628 Annon
3258 2574 3434 2629 vidisti
3472 2576 3727 2641 quosdam

2152 2667 2242 2736 qni
2271 2666 2322 2720 in
2352 2665 2585 2732 deliciis,
2613 2675 2667 2719 et
2712 2665 2764 2719 in
2795 2664 3140 2719 ebrietatibus
3176 2672 3232 2719 et
3268 2665 3321 2719 in
3344 2665 3479 2734 jocis
3506 2666 3529 2697 ³
3550 2706 3566 2731 ,
3594 2677 3647 2720 et
3672 2668 3724 2720 in

2152 2757 2358 2826 reliquo
2401 2757 2559 2826 hujus
2599 2757 2720 2810 vitae
2755 2756 2984 2810 ludibrio
3025 2756 3220 2810 mortui
3262 2757 3426 2810 sunt?
3460 2755 3554 2811 Ubi
3588 2771 3731 2812 nunc

2152 2855 2278 2901 sunt
2309 2845 2399 2917 qui
2439 2847 2624 2901 tumidi
2665 2846 2912 2916 superbia
2939 2861 3060 2900 cum
3088 2846 3270 2900 multis
3296 2846 3607 2916 sequacibus
3634 2860 3729 2915 per

2152 2936 2330 2992 forum
2362 2938 2718 2993 incedebant?
2746 2938 2833 3007 qui
2864 2938 3049 2991 sericis
3077 2936 3245 2990 induti
3287 2937 3519 2991 vestibus
3545 2946 3598 2991 et
3624 2952 3694 2991 un
3712 2967 3727 2977 -

2151 3040 2403 3102 guentum
2428 3031 2652 3097 olentes,
2678 3029 3042 3099 parasitosqne
3066 3029 3291 3095 alentes,
3320 3043 3493 3084 scena:
3517 3042 3729 3096 semper

2152 3123 2296 3177 afﬁxi
2323 3123 2510 3177 erant?
2535 3121 2625 3176 ubi
2653 3135 2791 3174 nunc
2818 3120 3104 3174 ostentatio
3134 3119 3222 3173 illa
3247 3128 3301 3173 et
3329 3116 3555 3188 pompa?
3581 3117 3725 3173 Abiit

2152 3229 2425 3270 cumarum
2450 3222 2719 3282 sumptus,
2751 3212 3076 3266 musicorum
3119 3210 3303 3276 turba,
3342 3210 3721 3264 assentantiutn

2152 3306 2427 3371 clientela,
2459 3305 2596 3361 risus
2633 3303 2972 3370 immodicus,
3012 3302 3172 3358 animi
3218 3302 3491 3368 remissio,
3533 3302 3722 3357 mentis

2153 3400 2373 3465 et'fnsio,
2405 3399 2508 3452 vita
2549 3396 2754 3461 mollis,
2788 3396 2993 3459 otiosa,
3024 3396 3149 3450 luxu
3187 3393 3411 3464 perdita.
3440 3395 3555 3461 Quo
3584 3408 3725 3448 nunc

2152 3492 2431 3549 evolarunt
2458 3489 2677 3544 omnia?
2703 3487 2830 3558 quid
2858 3487 3055 3542 factum
3085 3495 3168 3542 est
3205 3486 3273 3541 de
3305 3502 3556 3556 corpore,
3584 3487 3722 3555 quod

2152 3582 2357 3652 pridem
2396 3588 2543 3635 tanto
2584 3579 2878 3644 famulitio,
2908 3587 3050 3632 tanta
3088 3577 3346 3631 munditia
3386 3576 3723 3631 abundabat?

2152 3676 2321 3745 Perge
2357 3689 2496 3727 nunc
2536 3672 2603 3726 ad
2645 3672 2946 3741 sepulcrum
2978 3687 2993 3726 :
3022 3669 3384 3738 contemplare
3411 3669 3676 3738 pulverem
3698 3710 3719 3736 ,

2152 3768 2389 3832 cineres,
2443 3780 2686 3829 vermes,
2736 3764 2838 3818 loci
2872 3760 2895 3794 ‘
2938 3760 3330 3817 deformitatem
3373 3762 3604 3824 intuere,
3670 3773 3727 3816 et

2151 3875 2333 3915 amare
2357 3858 2583 3928 suspira.
2616 3858 2788 3926 Atque
2814 3854 3014 3908 utinam
3038 3853 3106 3907 ad
3134 3854 3341 3907 cineres
3377 3852 3625 3906 damnum
3651 3852 3727 3905 si-

2151 3958 2349 4015 steret;
2371 3950 2480 4020 jam
2500 3957 2677 4002 autem
2699 3962 2729 3999 a
2756 3945 3002 4014 sepulcro
3023 3953 3077 3998 et
3095 3959 3123 3997 a
3145 3943 3413 3999 vermibus
3435 3944 3721 4012 cogitatum

2154 4042 2384 4099 transfer
2406 4041 2472 4094 ad
2499 4039 2853 4094 immortalem
2883 4036 3030 4090 illum
3058 4049 3314 4098 vermem,
3344 4034 3409 4086 ad
3441 4034 3610 4102 ignem
3640 4033 3723 4085 in-

2152 4130 2612 4203 exstinguibilem,
2651 4127 2717 4182 ad
2761 4125 3028 4181 fremitum
3072 4124 3307 4179 dentium
3330 4165 3344 4189 ,
3376 4122 3440 4177 ad
3482 4122 3725 4176 tenebras

2151 4228 2476 4291 exteriores,
2505 4224 2572 4279 ad
2597 4222 2937 4278 afﬂictioncm
2963 4229 3021 4275 et
3046 4219 3377 4289 angustiam,
3405 4216 3468 4270 ad
3499 4216 3721 4284 parabo—

2151 4322 2256 4376 lam
2282 4319 2463 4375 Lazari
2486 4328 2542 4372 et
2561 4317 2758 4379 divitis,
2787 4314 2874 4385 qui
2903 4322 2979 4368 tot
3005 4312 3245 4384 pecuniis
3269 4311 3574 4371 instructus,
3600 4324 3727 4377 pur-

2152 4427 2390 4484 puraque
2421 4409 2633 4464 indutus
2653 4448 2670 4472 ,
2700 4422 2767 4461 ne
2807 4406 3003 4460 stillam
3041 4402 3253 4473 quidem
3282 4416 3433 4471 aqum
3459 4410 3640 4469 postea
3671 4400 3722 4452 in

2154 4502 2413 4574 potestate
2454 4501 2638 4555 habuit
2666 4499 2687 4530 ⁸
2711 4538 2727 4563 ,
2760 4498 2812 4552 in
2863 4504 3008 4550 tanta
3045 4494 3349 4549 calamitate
3386 4491 3719 4547 constitutus.

2152 4594 2323 4663 Hujus
2347 4593 2488 4647 enim
2522 4592 2644 4644 vitae
2671 4587 2907 4643 conditio
2944 4584 3167 4640 somniis
3207 4583 3374 4637 nihilo
3411 4581 3597 4636 melior
3618 4589 3721 4635 est.

2152 4681 2608 4752 Quemadmodum
2636 4678 2777 4732 enim
2800 4677 2891 4747 qui
2918 4675 3129 4730 metalla
3152 4672 3430 4736 effodiunt,
3451 4679 3544 4726 aut
3565 4671 3724 4724 aliam

2153 4774 2434 4845 quamdam
2460 4786 2671 4842 poenam
2694 4771 2845 4824 luunt
2869 4769 2968 4823 hac
2986 4766 3307 4838 graviorem,
3328 4765 3373 4818 si
3397 4761 3605 4834 quando
3627 4762 3726 4817 sub

2152 4866 2299 4922 duris
2339 4864 2446 4919 illis
2476 4860 2743 4917 laberibus
2779 4869 2834 4915 et
2870 4857 3210 4913 acerbissima
3235 4856 3342 4910 vita
3378 4854 3726 4909 dormitantes

2154 4971 2248 5028 per
2270 4954 2535 5010 somnium
2560 4967 2619 5008 se
2642 4950 2872 5005 viderint
2897 4949 2950 5003 in
2976 4947 3201 5011 deliciis,
3222 4955 3275 5000 et
3298 4960 3476 5000 rerum
3504 4942 3727 4996 afﬂuen-

2153 5049 2222 5105 tia
2242 5089 2257 5114 ,
2288 5045 2585 5116 experrecti
2630 5052 2811 5112 postea
2830 5080 2848 5106 ,
2892 5039 3091 5095 nullam
3131 5036 3353 5092 somniis
3380 5035 3598 5104 gratiam
3627 5031 3726 5086 ha—

2152 5142 2314 5195 bent:
2342 5138 2418 5191 sic
2442 5145 2495 5191 et
2519 5135 2667 5189 dives
2698 5132 2805 5196 ille,
2835 5145 2955 5186 cum
2986 5145 3039 5182 tn
3070 5125 3318 5197 praesenti
3340 5125 3469 5190 vita,
3497 5121 3645 5193 quasi
3675 5123 3727 5174 in

2151 5218 2383 5295 somnio,
2403 5227 2598 5283 divitiis
2624 5223 2965 5287 abundasset,
2991 5229 3335 5291 posteaquam
3361 5215 3486 5270 hinc
3503 5214 3725 5283 emigra-

2213 5452 2230 5483 ¹
2265 5450 2336 5499 sic
2358 5445 2498 5496 savii.
2518 5451 2571 5494 et
2590 5443 2686 5492 duo
2702 5447 2810 5490 Mss.
2832 5447 2952 5488 't‘res
2973 5437 3070 5495 alii,
3093 5432 3511 5499 interdictumque.

2212 5516 2233 5545 ²
2265 5491 2413 5560 savii:
2424 5491 2479 5558 et
2488 5491 2588 5557 duo
2606 5512 2733 5564 Mss,
2750 5514 2893 5561 nunc,
2921 5491 3076 5549 recte.
3110 5503 3160 5545 tn
3183 5495 3288 5545 aliis
3310 5505 3362 5546 et
3384 5491 3567 5552 Morel.,
3583 5504 3728 5551 nunc,

2148 5573 2429 5689 “istiista,
2451 5634 2498 5680 et
2517 5625 2726 5689 injocis,
2745 5626 2793 5689 in
2815 5636 2912 5689 ιιοο
2932 5619 3063 5689 ςοίδ·
3083 5626 3134 5668 et
3158 5619 3205 5689 Ψ
3229 5617 3442 5689 “inme
3466 5613 3755 5665 mamma

2148 5680 2296 5760 Hujus
2314 5680 2450 5741 voL‘i's
2484 5680 2592 5739 loeti
2610 5680 2919 5756 Savil.babet,
2941 5683 2990 5733 in
3013 5680 3281 5749 voracitate.

2208 5759 2231 5789 δ
2263 5755 2400 5795 savii-
2425 5754 2589 5795 habet.
2610 5749 2794 5795 tumult.
2817 5754 2935 5795 'l‘res
2957 5753 3081 5795 διεδ..
3104 5752 3325 5795 nonanus

2211 5754 2233 5789 ί
2263 5755 2401 5804 savil.
2424 5754 2589 5811 habet,
2610 5754 2794 5799 tumuti.
2817 5754 2935 5795 't‘res
2957 5754 3081 5800 Mss,
3104 5754 3340 5806 unagmts.

2211 5818 2234 5852 ⁵
2266 5817 2404 5869 Savil.
2432 5825 2483 5867 et
2505 5813 2685 5866 aliuuot
2706 5819 2836 5869 διες..
2858 5806 2923 5859 ibi
2943 5805 3124 5856 habuit.
