4096 6392
354 361 464 421 εἶθ

356 493 475 549 ροις
511 477 656 531 ἴσασι
676 484 855 548 χάριν·
881 477 1024 531 οὕτω
1051 478 1146 532 καὶ
1166 481 1194 533 ὁ
1223 479 1478 546 πλούσιος
1499 479 1614 554 [l3]
1633 482 1836 544 ἐκεῖνος
1865 479 2036 532 καθά-

355 577 462 632 περ
509 563 567 614 ἐν
612 561 804 632 ὀνείρῳ
846 561 923 632 τῷ
980 561 1206 631 παρόντι
1253 563 1351 633 βίῳ
1381 564 1711 634 πλουτήσας,
1772 564 1910 634 μετὰ
1941 564 2038 633 τὴν

355 645 566 699 ἐνθένδε
593 656 618 684 α
653 645 982 715 ἀποδημίαν,
1021 645 1116 715 τὴν
1140 646 1343 716 πικρὰν
1373 647 1591 718 ἐκείνην
1623 647 1912 711 ἐκολάζετο
1947 648 2038 700 κό-

353 727 508 782 λασιν
550 728 732 782 Ταῦτα
750 729 1022 800 ἐννόησον,
1052 730 1148 782 καὶ
1181 731 1241 783 τὺ
1263 731 1375 802 πῦρ
1407 732 1742 800 ἀντιστήσας
1762 730 1938 783 ἐκεῖνο
1963 730 2042 800 τῷ

355 812 641 883 κατέχοντι
663 829 720 865 σε
750 811 844 864 νῦν
871 811 948 882 τῷ
964 813 1071 866 τῶν
1096 813 1404 885 ἐπιθυμιῶν
1431 814 1769 886 ἐμπρησμῷ,
1799 815 2043 870 ἀπαλλά-

355 897 486 966 γηθι
511 897 608 966 τῆς
635 895 866 966 καμίνου
893 896 1042 950 ποτέ.
1082 898 1140 949 ’0
1180 898 1277 968 μὲν
1303 899 1412 971 γὰρ
1442 897 1647 969 ταύτην
1671 899 1858 952 ἐνθάδε
1903 899 2043 956 ἀπο-

359 980 561 1044 σϐέσας
588 980 930 1042 καλῶς,οὺδέ
967 981 1186 1051 ἐκείνης
1219 982 1456 1053 λήψεται
1503 985 1703 1052 πεῖραν
1727 999 1742 1015 ·
1790 984 1838 1034 εί
1877 981 1933 1034 δέ
1960 997 2046 1042 τις

357 1064 562 1134 ταύτης
597 1061 671 1133 μὴ
717 1063 1076 1134 περιγένοιτο,
1123 1065 1482 1138 σφοδρότερον
1525 1067 1688 1122 αὑτὸν
1741 1064 2047 1120 ἀπελθόντα

360 1147 573 1200 ἐνθένδε
614 1146 832 1212 καθέξει
855 1146 977 1199 τότε
1023 1147 1231 1218 ἐκείνη.
1263 1149 1434 1202 Πόσον
1458 1150 1634 1220 βούλει
1656 1167 1738 1203 σοι
1769 1163 2049 1218 παρεκτα-

361 1231 520 1302 θῆναι
544 1229 572 1270 ι’
601 1229 694 1282 τοῦ
729 1229 996 1301 παρόντος
1021 1229 1138 1300 βίου
1173 1231 1274 1299 τὴν
1311 1232 1614 1286 ἀπόλαυσιν
1642 1231 1862 1302 χρόνον;
1907 1225 2050 1294 Ἐγὼ

365 1315 466 1384 μὲν
504 1314 613 1384 7&9
647 1313 747 1367 οὐκ
783 1309 940 1383 οἶμαί
976 1331 1056 1366 σοι
1101 1313 1266 1367 πλέον
1296 1314 1328 1386 ἦ
1378 1319 1717 1387 πεντήκοντα
1750 1313 1842 1383 ἐτη
1869 1311 2052 1364 λείπε-

364 1397 510 1456 σθαι,
540 1397 682 1451 ῶστε
707 1396 843 1467 πρὸς
875 1397 1102 1467 ἔσχατον
1143 1399 1322 1469 γῆρας
1354 1399 1549 1464 ἐλθεῖν,
1603 1399 1802 1470 μᾶλλον
1827 1397 1883 1449 δὲ
1931 1394 2050 1448 οὐδὲ

361 1480 518 1534 τοῦτό
540 1497 639 1532 που
670 1479 829 1549 δῆλόν
860 1481 1007 1532 ἐστιν
1037 1481 1188 1549 ἡμῖν·
1219 1481 1545 1552 οἱγάρμηδὲ
1566 1482 1728 1553 μέχρι
1761 1478 1859 1549 τῆς
1891 1477 2053 1531 ἐσπέ-

368 1581 466 1636 ρας
493 1564 634 1636 ὑπὲρ
654 1565 755 1632 τῆς
779 1565 922 1634 ζωῆς
949 1564 1163 1634 ἔχοντες
1194 1564 1419 1637 θαρρεῖν
1448 1569 1548 1636 τῆς
1580 1564 1807 1625 ἑαυτῶν,
1845 1563 1960 1625 πῶς
1988 1562 2053 1616 ἂν

365 1648 507 1718 ὑπὲρ
533 1646 810 1700 τοσούτων
841 1646 1265 1718 διισχυρίσαιντο
1298 1649 1468 1713 ἐτῶν;
1494 1649 1603 1702 Καὶ
1628 1649 1689 1700 οὐ
1711 1647 1870 1700 τοῦτο
1896 1646 2054 1714 μόνον

365 1732 514 1784 ἐστὶν
547 1730 760 1800 ἄδηλον,
781 1729 918 1782 ἀλλά
948 1732 1043 1782 καὶ
1063 1728 1124 1784 τὸ
1157 1731 1258 1802 τῆς
1283 1730 1394 1783 τῶν
1423 1730 1765 1802 πραγμάτων
1824 1726 2054 1799 μεταϐο·

365 1813 465 1884 λῆς
488 1833 502 1845 ·
527 1813 786 1876 πολλάκις
808 1813 918 1883 7&9
958 1814 1057 1884 τῆς
1087 1813 1232 1884 ζωῆς
1265 1815 1592 1884 ἐκταθείσης
1625 1816 1704 1876 εἰς
1732 1812 1922 1884 χρόνον
1951 1829 2056 1878 μα-

368 1898 520 1970 κρὸν,
541 1898 601 1950 οὐ
631 1895 958 1967 ωνεξετάθη
979 1895 1049 1949 τά
1064 1897 1162 1966 τῆς
1187 1897 1424 1966 τρυφῆς,
1453 1895 1716 1966 ἀλλ’όμοῦ
1740 1894 1834 1948 καὶ
1853 1894 2054 1962 ἐπέστη

369 1980 465 2033 καὶ
505 1979 827 2050 ἀπεπήδησε
857 1990 905 2032 ε.
943 1978 1092 2048 Πλὴν
1116 1978 1232 2032 ἀλλ’
1256 1981 1305 2032 εί
1325 1979 1526 2050 βούλει,
1570 1977 1772 2032 κείσθω
1795 1977 1871 2048 τῷ
1892 1976 2056 2046 λογῳ,

370 2063 466 2117 καί⁸
493 2063 754 2134 ζήσεσθαι
792 2063 885 2134 έτη
913 2063 1172 2125 τοσαῦτα,
1205 2064 1300 2117 καί¹
1317 2063 1594 2135 μηδεμίαν
1650 2060 2058 2132 ὑποστήσεσθαι

373 2146 698 2220 μεταϐολὴν,
726 2147 780 2200 τί
808 2147 972 2202 τοῦτο
1002 2148 1140 2218 πρὸς
1165 2148 1701 2219 τοὺςάτελευτήτους
1721 2145 1945 2210 αἰῶνας.
1965 2146 2060 2199 καὶ

369 2232 469 2296 τὰς
493 2229 744 2294 κολάσεις
765 2230 861 2294 τὰς
889 2230 1093 2300 πικρὰς
1126 2231 1219 2283 καὶ
1253 2231 1565 2302 ἀφορήτους
1591 2230 1618 2270 ἀ
1647 2231 1892 2297 ἐκείνας;
1946 2231 2062 2283 Ἐν-

371 2313 548 2368 ταῦθα
574 2314 673 2384 μὲν
708 2313 817 2386 7&9
837 2315 931 2366 καὶ
959 2315 1029 2367 τὰ
1061 2312 1246 2382 ἀγαθά
1271 2314 1366 2367 καὶ
1398 2313 1468 2367 τὰ
1509 2315 1721 2384 χαλεπά
1745 2314 1894 2378 τέλος
1924 2315 2058 2385 ἔχει,

372 2400 470 2453 καὶ
496 2397 654 2452 τοῦτο
675 2397 948 2468 τάχιστον·
990 2399 1107 2451 ἐκεῖ
1135 2397 1189 2450 δέ
1224 2395 1512 2460 ἀθανάτοις
1528 2397 1816 2469 ἀμφότερα
1855 2415 2065 2469 παρεκ-

371 2481 606 2536 τείνεται
654 2480 851 2543 αίῶσι,
901 2481 996 2532 καὶ
1038 2483 1104 2551 τῇ
1146 2481 1396 2550 ποιότητι
1427 2479 1484 2534 δὲ
1533 2481 1789 2536 τοσοῦτον
1816 2481 1925 2535 τῶν
1969 2482 2064 2537 νῦν

373 2563 702 2636 διενήνοχεν,
724 2565 847 2618 ὅσον
876 2564 998 2616 οὐδὲ
1033 2565 1180 2617 ἐστιν
1211 2565 1407 2618 εἰπεῖν.

448 2655 500 2704 ι’.
522 2649 611 2720 Μὴ
641 2647 751 2719 7&9
771 2659 794 2687 ο
821 2648 1010 2718 ἐπειδὴ
1045 2647 1155 2720 πῦρ
1191 2649 1452 2718 ἤκουσας,
1472 2647 1712 2703 τοιοῦτον
1749 2643 1887 2702 εἶναι
1910 2651 2067 2721 νομί-

379 2750 478 2805 σῃς
496 2735 672 2786 ἐκεῖνο
691 2731 752 2784 τὸ
782 2731 894 2802 πῦρ
915 2749 928 2762 ·
955 2731 1116 2785 τοῦτο
1151 2735 1250 2802 μὲν
1304 2733 1444 2804 7&9,
1476 2733 1615 2804 ὅπερ
1643 2733 1709 2786 ἂν
1737 2733 1900 2805 λάϐῃ,
1932 2751 2066 2787 κατ-

376 2816 577 2871 έκαυσε
618 2817 715 2871 καὶ
742 2816 1051 2887 ἀπήλλαξεν
1094 2815 1140 2854 ί·
1177 2819 1355 2870 ἐκεῖνο
1387 2817 1444 2870 δὲ
1476 2817 1602 2880 τοὺς
1619 2815 1770 2882 ἅπαξ
1794 2835 2066 2887 κατασχε-

377 2901 572 2966 θέντας
599 2901 746 2956 καίει
775 2902 1092 2966 διαπαντὸς,
1111 2901 1208 2955 καὶ
1239 2901 1495 2955 οὐδέποτε
1528 2901 1762 2956 παύεται
1784 2901 1899 2955 ’διὰ
1913 2903 2069 2956 τοῦτο

379 2986 476 3040 καὶ
513 2985 780 3041 ἄσϐεστον
813 2985 1052 3058 εἴρηται.
1096 2987 1208 3040 Καὶ
1244 2986 1356 3060 7&9
1382 2986 1478 3041 καὶ
1517 2987 1648 3050 τοὺς
1679 2987 2070 3057 ἡμαρτηκότας

379 3067 691 3138 ἀφθαρσίαν
717 3066 1044 3122 ἐνδύσασθαι
1080 3067 1179 3133 δεῖ,
1201 3069 1262 3122 οῦ
1286 3068 1425 3140 πρὸς
1448 3068 1638 3140 τιμὴν,
1669 3066 1785 3121 ἀλλ’
1823 3066 1963 3120 ῶστε
1991 3067 2071 3119 δι-

378 3150 576 3220 ηνεκές
607 3151 819 3220 ἐφόδιον
837 3149 984 3222 ἐχειν
999 3151 1100 3221 τῆς
1131 3150 1402 3222 τιμωρίας
1426 3151 1670 3222 ἐκείνης·
1698 3147 1859 3203 τοῦτο
1876 3148 1919 3201 δ’
1946 3149 2071 3203 ὅσον

381 3233 503 3288 ἐστὶ
531 3234 725 3296 δεινὸν,
752 3235 782 3287 ό
816 3235 916 3306 μὲν
965 3234 1124 3303 λόγος
1158 3236 1184 3276 ⁸
1211 3234 1314 3288 οὐκ
1341 3234 1406 3288 ἂν
1448 3233 1687 3305 ίσχύσειε
1718 3231 2071 3303 παραστῆσαι

383 3334 536 3383 ποτε,
567 3317 675 3372 ἀπὸ
695 3318 752 3372 δὲ
779 3317 881 3388 τῆς
920 3317 1118 3389 πείρας
1151 3317 1262 3370 τῶν
1298 3317 1514 3389 μικρῶν
1547 3317 1770 3370 δυνατὸν
1811 3315 2072 3386 βραχεῖάν

380 3419 504 3458 τινα
541 3402 753 3456 ἔννοιαν
769 3401 878 3457 τῶν
913 3401 1170 3473 μεγάλων
1206 3403 1434 3456 ἐκείνων
1463 3401 1670 3455 λαϐεῖν.
1708 3401 1772 3454 El
1800 3401 1909 3472 7&9
1938 3414 2072 3452 ποτε

381 3485 442 3539 ἐν
469 3484 737 3554 βαλανείῳ
787 3483 966 3554 γένοιο
1009 3483 1365 3554 σφοδρότερον
1396 3482 1895 3554 κατεσκευασμένῳ
1917 3483 1946 3521 h
1973 3480 2070 3533 τοῦ

379 3566 616 3631 δέοντος,
642 3567 765 3620 τότε
791 3585 882 3638 μοι
918 3566 980 3620 τὸ
1007 3567 1108 3636 τῆς
1153 3567 1382 3636 γεέννης
1421 3566 1674 3637 ἐννόησον
1708 3564 1840 3635 πῦρ·
1878 3565 1973 3620 καὶ
2023 3565 2078 3619 εί

383 3667 516 3704 ποτε
547 3650 711 3706 πάλιν
735 3651 842 3704 ὑπὸ
871 3650 1114 3722 πυρετοῦ
1159 3648 1594 3720 καταφλεχθείης
1631 3647 1870 3719 χαλεποῦ
1890 3689 1904 3714 ,
1937 3648 2074 3720 πρὸς

385 3735 600 3804 ἐκείνην
615 3734 714 3804 τὴν
738 3733 912 3802 φλόγα
939 3734 1030 3787 τὸν
1055 3733 1180 3787 νοῦν
1211 3733 1570 3803 μετάστησον,
1605 3733 1700 3786 καὶ
1713 3732 1836 3785 τότε
1867 3732 2074 3806 δυνήσῃ

383 3816 682 3872 διαστεῖλαι
712 3817 728 3858 ί
759 3817 962 3879 καλῶς.
997 3816 1187 3888 Είγάρ
1218 3817 1498 3886 βαλανεῖον
1523 3816 1620 3870 καὶ
1646 3815 1881 3886 πυρετὸς
1901 3815 2075 3881 οὕτως

386 3903 535 3972 ἡμᾶς
548 3901 721 3956 θλίϐει
739 3903 834 3956 καὶ⁵
864 3901 1104 3973 θορυϐεῖ,
1134 3903 1263 3955 ὅταν
1293 3903 1373 3965 είς
1402 3900 1492 3954 τὸν
1523 3899 1768 3970 ποταμὸν
1797 3898 1890 3953 τοῦ
1904 3900 2075 3970 πυρὸς

387 3985 723 4058 ἐμπέσωμεν
752 3987 963 4040 ἐκεῖνον
991 3986 1084 4038 τὸν
1121 3985 1416 4055 ἑλκόμενον
1449 3983 1556 4053 πρὸ
1579 3983 1675 4036 τοῦ
1714 3982 1951 4054 βήματος
1980 3981 2073 4035 τοῦ

389 4068 655 4140 φοϐεροῦ,
687 4069 805 4132 πῶς
831 4068 952 4122 τότε
981 4067 1402 4138 διακεισόμεθας
1452 4067 1595 4138 Ἀρα
1650 4065 1918 4138 βρύξομεν
1950 4068 2076 4130 τοὺς

387 4152 609 4217 ὀδόντας
646 4153 751 4207 ὑπὸ
780 4153 890 4206 τῶν
930 4152 1108 4205 πόνων
1147 4152 1241 4205 καὶ
1272 4152 1382 4204 τῶν
1441 4151 1734 4220 ἀφορήτων
1769 4149 2076 4220 ἀλγηδόνων

389 4236 676 4289 ἐκείνων·ὁ
701 4235 758 4290 δὲ
774 4235 1070 4305 ἐπαμύνων
1101 4235 1254 4288 ἐσται
1278 4234 1470 4298 οὐδείς·
1501 4233 1616 4286 ἀλλ’
1645 4232 1953 4304 οἱμὼξομεν
1977 4251 2076 4305 με-

388 4319 530 4387 γάλα
549 4361 563 4383 ,
590 4319 947 4391 σφοδρότερον
967 4318 1352 4389 ἐπιτιθεμένης
1382 4315 1396 4366 i
1433 4319 1563 4388 ήμῖν
1590 4317 1692 4386 τῆς
1720 4317 2077 4385 φλογὸς.δῷ-

395 4402 535 4473 μεθα
549 4402 606 4455 δὲ
626 4403 838 4465 οὐδένα,
865 4402 1004 4473 πλὴν
1034 4402 1143 4454 τῶν
1167 4401 1552 4471 κολαζομένων
1575 4401 1672 4453 σῦν
1701 4403 1853 4470 ἡμῖν,
1869 4399 2077 4469 καὶτῆς

393 4485 629 4556 ἐρημίας
647 4485 746 4555 τῆς
771 4485 991 4554 πολλῆς.
1025 4485 1092 4537 Τί
1131 4484 1196 4538 άν
1225 4502 1308 4548 τις
1343 4487 1487 4538 εἴποι
1505 4483 1574 4536 τὰ
1597 4483 1706 4536 ἀπὸ
1727 4482 1820 4536 τοῦ
1853 4483 2078 4548 σκότους

391 4569 624 4639 δείματά
644 4572 766 4632 ταῖς
798 4567 1098 4639 ἡμετέραις
1133 4566 1462 4637 ἐγγινόμενα
1495 4566 1697 4638 ψυχαῖς
1723 4584 1736 4632 ;
1759 4565 1949 4637 ὥσπερ
1971 4566 2078 4637 γὰρ

394 4653 497 4704 οὐκ
537 4651 684 4705 ἐστιν
715 4651 1053 4705 ἀναλωτικὸν
1089 4651 1266 4704 ἐκεῖνο
1293 4649 1357 4702 τὸ
1384 4649 1516 4723 πῦρ,
1547 4649 1720 4714 οὔτως
1755 4649 1877 4702 οῦδὲ
1914 4665 2080 4718 φωτι-

396 4735 581 4790 στικόν
606 4751 618 4764 ·
651 4735 774 4788 οὑδέ
813 4734 923 4806 7&9
947 4733 1014 4788 ἂν
1045 4733 1238 4797 σκότος
1273 4729 1364 4804 ἦν,
1413 4733 1517 4786 Τὸν
1541 4734 1722 4788 τοίνυν
1751 4732 1860 4787 άπὸ
1885 4733 2076 4787 τούτου

395 4817 624 4890 θόρυϐον
657 4818 1008 4889 ἐγγινόμενον
1031 4816 1152 4870 τότε
1185 4819 1340 4888 ἡμῖν,
1374 4817 1470 4871 καὶ
1501 4816 1592 4871 τὸν
1627 4816 1832 4888 τρόμον
1861 4817 1956 4869 καὶ
1981 4819 2079 4888 τήν

459 4978 486 5056 ξ
513 4978 666 5029 Savil.
689 4984 742 5030 el
763 4992 892 5030 unus
923 4979 1008 5038 τήν
1035 4976 1259 5028 ἐντεῦθεν.
1301 4976 1459 5027 Paulo
1483 4981 1596 5038 post
1631 4989 1758 5025 unus
1798 4975 1908 5026 cod.
1930 4973 2082 5024 ταῦτα

393 5055 742 5182 ἷοῖσξξξηιλίη
765 5116 920 5182 τρεῖς.
947 5107 1152 5182 et'unus
1174 5101 1282 5182 cod.
1306 5099 1610 5182 παραμεῖγμι.
1628 5100 1734 5182 llo}
1756 5099 1907 5182 ξένξι.
1922 5101 2083 5182 ειυοιὶί

397 5162 614 5229 όιιομέγὼ
637 5167 718 5229 μὲν
741 5167 831 5229 γὰρ
851 5162 940 5229 οῦκ
978 5167 1160 5229 οἴομαι,
1193 5162 1390 5229 Morel.’
1409 5162 1464 5210 el.
1488 5165 1572 5211 alii
1599 5169 1655 5210 ul.
1682 5163 1733 5210 in
1762 5166 1925 5229 textu.
1959 5163 2082 5211 Tres

396 5227 489 5291 ξιῇὶΔ
506 5226 599 5291 ἐγὼ
728 5226 818 5291 γὰρ
837 5227 926 5291 οῦ-ιι
951 5226 1100 5291 οἶμαι.
1128 5228 1248 5291 Qua}
1287 5226 1536 5291 diversum
1559 5236 1758 5271 sensum
1781 5228 2080 5291 exprimuul.

397 5286 425 5331 ἲ
445 5286 548 5349 ωε
568 5286 845 5338 ἱηΜοιιίιο.
881 5286 1036 5338 Paulo
1075 5296 1186 5349 post
1207 5287 1358 5349 δεινῇ.
1386 5291 1440 5334 el
1464 5297 1638 5334 omnes
1668 5296 1800 5346 pene
1831 5297 1948 5333 mss.
1974 5286 2084 5334 οὐδὲ

396 5347 542 5397 τοῦτό
561 5367 655 5399 που
675 5352 833 5410 δῆλον.
860 5351 1032 5400 Morel.
1057 5347 1114 5398 οὖ
1137 5347 1280 5398 τοῦτὸ
1301 5365 1404 5404 πως
1426 5349 1584 5410 δῆλον.

461 5412 488 5442 ⁸
510 5412 660 5461 Savll.
689 5407 742 5462 el
761 5427 888 5461 unus
905 5413 1201 5470 ἀπεπήδησε.
1230 5410 1403 5459 Morel.
1418 5415 1467 5457 el
1490 5409 1572 5458 alii
1598 5407 1892 5470 ἀπεδήμησε.

461 5471 489 5538 9
511 5474 732 5538 Quatuor
748 5488 863 5538 mss.
891 5469 1204 5538 ἀπορῤᾗτους,
1227 5471 1391 5538 minus
1413 5477 1571 5538 recte,
1597 5471 1646 5517 ni
1671 5469 1832 5518 fallor.

459 5535 490 5598 ἶ
511 5534 647 5598 Linus
671 5537 826 5585 codex
852 5547 907 5585 et
934 5533 1085 5584 Sav'il.
1114 5535 1263 5583 habet
1283 5535 1404 5598 μηδέ
1419 5533 1526 5598 γάρ.

468 5593 490 5634 ἲ
521 5597 658 5647 Unus
688 5599 848 5647 codex
871 5599 1135 5655 ἀπήλασεν,
1165 5593 1316 5646 Savii.
1344 5593 1519 5652 ἔληξεν.

467 5660 492 5698 ε
517 5659 721 5708 SicSw.
747 5667 799 5708 ei
815 5672 990 5708 omnes
1005 5658 1113 5706 fere
1132 5672 1248 5706 mss.
1265 5657 1385 5706 Mor.
1412 5656 1580 5716 δεινὸν,
1603 5657 1630 5703 ὁ
1647 5655 1800 5717 λόγος.
1819 5655 1887 5705 Ib.
1903 5656 2015 5705 Sav.
2033 5659 2086 5704 el.

401 5725 508 5786 tres
527 5735 642 5786 gnss.
669 5728 993 5786 παραστῆσαι,
1014 5721 1194 5768 melius
1213 5733 1356 5781 quam
1378 5719 1495 5786 Μοις.
1511 5719 1656 5786 etalii
1669 5719 2082 5786 παραστήσασθαι.

467 5781 495 5818 ³³
519 5782 667 5832 Snvil.
694 5781 898 5832 ἐκκεκαυ
949 5784 1047 5845 ’νῳ,
1076 5788 1129 5829 el
1146 5795 1258 5830 mox
1278 5781 1595 5842 κατεφλέχθης
1616 5781 1666 5826 in
1690 5781 1971 5830 indicalivo.

471 5842 486 5881 ί
520 5845 604 5893 Sic
649 5845 824 5894 Savil..
871 5799 1048 5894 ιίῗτθι.
1090 5848 1144 5892 ει
1176 5846 1365 5894 aliquoi
1391 5855 1506 5890 mss.
1552 5842 1652 5892 Alii
1695 5841 1970 5894 διαστῆσαι.

471 5842 604 5893 ‘Sic
649 5845 824 5905 Savil.,
871 5842 949 5894 M0

403 5907 735 5964 διαναστῆσαι.

471 5969 485 6014 ι
514 5966 647 6037 l'olh.
670 5980 796 6018 unus
821 5967 1084 6032 οίμώξομεν
1124 5968 1304 6031 σφόδρα
1343 5964 1675 6026 ἐπιτιθεμένης.
1701 5963 1850 6015 Savil.
1883 5967 2086 6028 οἰμώξο-

406 6043 491 6086 μιν
514 6043 650 6086 μιγα.

953 5841 1048 5893 rel.
1090 5848 1144 5892 et
1176 5846 1365 5906 aliquoi
1391 5841 1511 5890 mss.
1552 5842 1652 5892 Alii
1695 5841 1970 5902 διαστῆσαι,
1999 5843 2085 5892 alii

1141 364 1198 423 S.
1239 362 1534 422 JOANMS
1571 361 2072 423 CHRYSOSTOMI
2109 361 2446 420 ARCHIEP.
2487 362 3043 420 CONSTANTINOP.

3719 357 3842 420 290

2147 479 2459 551 παράλυσιν
2504 480 2598 533 καὶ
2621 480 2720 550 τὴν
2767 479 3026 532 ἔκστασιν
3070 477 3169 548 τὴν
3197 474 3396 549 πιλλὴν
3424 477 3628 540 ἐκεῖνος
3667 477 3839 545 μόνος

2147 562 2498 632 παραστῆσαι
2531 564 2561 615 ό
2594 563 2784 633 καιρὸς
2807 563 2992 627 ἱκανός
3022 560 3070 615 ι.
3097 559 3212 632 [14]
3236 559 3415 613 Πολλά
3451 559 3560 632 γὰρ
3589 558 3684 612 καὶ
3713 576 3845 611 ποια

2148 647 2276 699 κίλα
2304 649 2421 700 ἐκεῖ
2461 646 2529 700 τὰ
2561 647 2983 718 βασανιστήρια,
3015 648 3109 700 καὶ
3137 647 3356 716 νιφάδες
3385 645 3649 699 πάντοθεν
3672 645 3846 698 κολά-

2150 747 2290 782 σεων
2337 731 2634 800 ἐπάγονται
2683 735 2750 803 τῇ
2786 729 2955 804 ψυχῇ.
2991 731 3054 784 El
3087 732 3143 785 δὲ
3177 731 3326 799 λέγοι
3349 747 3454 796 τις,
3469 729 3581 784 Καὶ
3595 729 3710 794 πῶς
3740 731 3846 801 ἀρ-

2147 813 2309 867 κέσαι
2343 814 2551 868 δύναιτ’
2587 815 2654 869 ἂν
2683 817 2716 886 ἡ
2754 815 2902 886 ψυχὴ
2931 814 3068 886 πρὸς
3115 815 3371 869 τοσοῦτον
3399 813 3601 886 πλῆθος
3657 830 3842 884 τιμω-

2149 898 2303 968 ριῶν,
2340 899 2437 952 καὶ
2453 898 2846 971 ἀτελευτήτους
2879 900 3082 963 αἰῶνας
3104 899 3381 970 διαμεῖναι
3413 895 3750 968 κολαζομένη
3786 895 3838 962 l;

2148 981 2460 1052 ἐννοησάτω
2488 982 2554 1036 τά
2589 981 2824 1036 ἐνταῦθα
2874 984 3158 1054 γινόμενα,
3200 983 3317 1048 πῶς
3367 982 3549 1037 πολλοὶ
3573 981 3845 1044 πολλάκις

2148 1063 2287 1135 πρὸς
2313 1065 2468 1118 νόσον
2503 1064 2722 1136 μακρὰν
2749 1069 2846 1120 καὶ
2875 1065 3121 1138 χαλεπὴν
3148 1068 3410 1138 ἤρκεσαν.
3430 1067 3492 1119 Ei
3521 1065 3576 1117 δὲ
3597 1066 3691 1118 καὶ
3720 1066 3846 1118 ἐτε-

2149 1146 2442 1219 λεύτησαν,
2475 1149 2536 1201 οὐ
2553 1149 2654 1220 τῆς
2669 1149 2846 1221 ψυχῆς
2877 1151 3267 1223 ἀναλωθείσης,
3297 1150 3434 1204 ἀλλὰ
3464 1148 3558 1202 τοῦ
3585 1148 3842 1218 σώματος

2151 1231 2655 1301 ἀπαγορεύσαντος,
2715 1234 2791 1297 ὡς
2813 1233 2868 1286 εἴ
2915 1253 2979 1303 γε
3016 1237 3193 1288 ἐκεῖνο
3227 1235 3301 1307 μὴ
3350 1234 3602 1296 ἐνεδίδου,
3635 1233 3735 1286 οὐκ
3767 1231 3842 1285 ἂν

2154 1312 2433 1366 ἐπαύσατο
2479 1312 2880 1386 βασανιζομένη
2928 1319 2964 1388 ἡ
3000 1317 3166 1390 ψυχή.
3211 1319 3380 1372 Ὅταν
3425 1314 3520 1370 οὖν
3559 1314 3844 1388 ἄφθαρτον

2154 1394 2314 1448 τοῦτο
2337 1393 2477 1466 λάϐῃ
2521 1396 2616 1450 καὶ
2649 1397 2943 1462 ἀνάλωτον,
2980 1400 3132 1453 οὐδὲν
3160 1399 3222 1452 τὺ
3252 1399 3461 1453 κωλῦον
3503 1399 3582 1460 είς
3611 1397 3844 1467 ἄπειρον

2155 1475 2561 1547 ἐκταθῆναιτὴν
2591 1478 2829 1532 κόλασιν.
2861 1480 3124 1535 Ἐνταῦθα
3156 1482 3254 1552 μὲν
3279 1481 3388 1553 7&9
3403 1482 3504 1535 ούκ
3532 1479 3678 1534 ἐστιν
3699 1479 3844 1548 ὁμοῦ

2157 1555 2226 1607 τὰ
2252 1557 2538 1629 ἀμφότερα
2586 1560 2890 1623 συνελθεῖν,
2919 1564 3257 1636 σφοδρότητα
3305 1564 3448 1633 λέγω
3498 1562 3772 1617 κολάσεων
3797 1572 3846 1600 ι·

2157 1640 2251 1692 καὶ
2269 1640 2611 1712 παραμονὴν,
2626 1642 2762 1696 ἀλλά
2787 1644 3013 1718 θάτερον
3032 1645 3248 1717 θατέρῳ
3275 1647 3530 1717 μάχεται,
3552 1645 3639 1698 διὰ
3659 1646 3720 1697 τὸ
3740 1645 3848 1716 τὴν

2159 1720 2255 1774 τοῦ
2307 1721 2561 1793 σώματος
2603 1726 2766 1792 φύσιν
2797 1722 2936 1780 εἶναι
2985 1728 3252 1799 φθαρτὴν,
3285 1729 3380 1782 καὶ
3417 1728 3492 1800 μὴ
3526 1729 3710 1800 φέρειν
3734 1729 3850 1796 ἀμ-

2161 1803 2406 1874 φοτέρων
2441 1805 2539 1876 τὴν
2585 1807 2801 1862 σύνοδον
2822 1826 2834 1838 ·
2867 1810 2969 1879 τῆς
3020 1812 3329 1883 ἀφθαρσίας
3358 1812 3415 1865 δὲ
3451 1811 3784 1881 ἐπελθούσης
3818 1819 3848 1846 ο

2160 1887 2368 1948 λοιπὸν,
2403 1889 2503 1960 τῆς
2533 1891 2712 1961 μάχης
2735 1891 2940 1964 ταύτης
2967 1894 3208 1958 διάλυσις
3240 1896 3436 1964 γένοιτ’
3457 1895 3544 1958 ἀν,
3577 1895 3670 1948 καὶ
3706 1893 3852 1964 μετά

2163 1970 2365 2042 πολλῆς
2387 1972 2484 2042 τῆς
2516 1973 2766 2038 ἐξουσίας
2790 1977 2871 2038 εἰς
2898 1977 3125 2046 ἄπειρον
3149 1981 3296 2049 ἡμᾶς
3317 1978 3605 2050 ἀμφότερα
3628 1976 3852 2042 καθέξει

2160 2051 2231 2105 τά
2263 2053 2431 2108 δεινά.
2465 2055 2558 2126 Μὴ
2597 2056 2779 2111 τοίνυν
2815 2058 2890 2123 ὡς
2918 2061 3016 2131 τῆς
3050 2061 3358 2132 ὑπερϐολῆς
3390 2062 3496 2114 τῶν
3529 2062 3856 2133 βασανιστηο

2169 2135 2298 2205 ρίων
2331 2143 2355 2170 °
2387 2137 2790 2212 ἀναλισκούσης
2818 2143 2974 2212 ήμῶν
3009 2154 3036 2192 ιι
3081 2143 3180 2216 τὴν
3208 2144 3567 2217 ψυχὴν,οῦτω
3587 2144 3854 2198 διατεθῶ-

2167 2237 2267 2290 μεν
2297 2219 2392 2273 νῦν
2419 2237 2432 2250 ·
2460 2222 2581 2275 οὐδὲ
2618 2223 2728 2296 γὰρ
2754 2225 2816 2278 τὸ
2848 2226 3008 2298 σῶμα
3039 2228 3324 2300 δυνήσεται
3357 2228 3515 2282 τοῦτο
3551 2231 3607 2281 ἐν
3655 2228 3856 2298 ἐκείνῳ

2168 2303 2364 2356 παθεῖν
2389 2303 2468 2374 τῷ
2509 2306 2710 2378 καιρῷ,
2747 2308 2884 2362 ἀλλά
2911 2313 3064 2379 μενεῖ
3106 2311 3244 2382 μετά
3265 2312 3364 2381 τῆς
3384 2311 3563 2383 ψυχῆς
3615 2312 3855 2375 αίωνίως

2165 2386 2554 2458 κολαζόμενον,
2587 2390 2684 2444 καὶ
2715 2393 2890 2464 πέρας
2912 2394 3098 2464 ἕτερον
3151 2394 3305 2448 ἐσται
3342 2395 3515 2448 οὐδέν.
3553 2397 3733 2466 Πόσην
3755 2389 3856 2449 οῦν

2168 2469 2350 2540 βούλει
2390 2474 2629 2544 τρυφὴν,
2659 2475 2756 2529 καὶ
2785 2477 2950 2530 πόσον
2980 2478 3171 2548 καιρὸν
3210 2477 3506 2532 ἀντιθεῖναι
3525 2481 3592 2550 τῇ
3629 2479 3853 2533 κολάσει

2165 2553 2337 2626 ταύτῃ
2377 2555 2474 2608 καὶ
2505 2558 2571 2626 τῇ
2608 2557 2894 2629 τιμωρίᾳ;
2934 2558 3122 2612 Βούλει
3148 2561 3340 2631 χρόνον
3363 2559 3500 2612 ἐτῶν
3535 2559 3730 2612 ἐκατὸν
3757 2560 3854 2614 καὶ

2169 2635 2253 2700 δὶς
2272 2637 2566 2703 τοσοῦτον;
2594 2639 2688 2692 καὶ
2711 2639 2764 2692 τί
2791 2639 2948 2694 τοῦτο
2980 2641 3116 2713 πρὸς
3143 2643 3270 2704 τοὺς
3298 2641 3688 2712 ἀτελευτήτους
3720 2645 3857 2695 ali:-

2169 2736 2267 2782 νας
2287 2736 2302 2783 ;
2335 2719 2516 2792 Ὅπερ
2538 2721 2646 2790 γὰρ
2669 2721 2804 2793 δναρ
2834 2721 3046 2794 ἡμέρας
3061 2725 3189 2793 μιᾶς
3219 2725 3276 2777 ἐν
3294 2723 3482 2795 τῷβίῳ
3496 2727 3679 2788 παντὶ,
3694 2725 3858 2780 τοῦτο

2169 2802 2204 2872 ἡ
2228 2803 2340 2855 τῶν
2375 2803 2565 2857 ἐνθάδε
2597 2805 2900 2870 ἀπόλαυσίς
2927 2808 3043 2859 ἐστι
3075 2809 3212 2878 πρὸς
3242 2809 3344 2878 τὴν
3389 2809 3497 2862 τῶν
3551 2809 3856 2882 μελλόντων

2171 2886 2726 2943 κατάστασιν.”Εστιν
2753 2885 2846 2942 οὖν
2871 2885 2980 2960 ἆρα
3000 2891 3150 2952 ὅστις
3178 2890 3318 2961 ὑπὲρ
3347 2890 3441 2944 τοῦ
3465 2892 3698 2962 χρηστὸν
3719 2891 3856 2963 ὄναρ

2173 2968 2301 3022 ίδεῖν
2338 2970 2634 3036 διαπαντὸς
2667 2971 2991 3037 κολάζεσθαι
3031 2971 3191 3026 ἕλοιτ’
3230 2973 3332 3038 άν;
3396 2975 3492 3028 καὶ
3551 2973 3636 3037 τίς
3679 2972 3857 3037 οὕτως

2173 3051 2423 3122 ἀνόητος,
2441 3053 2519 3116 ὡς
2545 3055 2639 3107 ἐπὶ
2663 3054 2868 3126 ταύτην
2889 3054 3065 3108 ἐλθεῖν
3082 3055 3183 3126 τὴν
3212 3055 3515 3121 ἀντίδοσιν;
3548 3055 3714 3110 Οὔπω
3743 3057 3860 3128 γὰρ

2172 3133 2447 3190 διαϐάλλω
2478 3137 2578 3208 τὴν
2602 3136 2836 3210 τρυφὴν,
2885 3139 3008 3192 οὺδέ
3038 3139 3136 3210 τὴν
3165 3140 3225 3192 ἐν
3281 3139 3419 3209 αὐτῇ
3459 3140 3718 3212 κειμένην
3771 3157 3860 3193 πι-

2172 3217 2334 3290 κρίαν
2357 3219 2610 3273 ἀποκαλύ
2621 3239 2738 3274 πτω
2763 3221 2858 3274 νῦν
2875 3239 2888 3252 ·
2923 3221 2984 3274 ού
3013 3222 3124 3292 7&9
3145 3216 3298 3284 οὗτος
3333 3221 3442 3274 τῶν
3459 3221 3634 3290 λόγων
3649 3221 3860 3275 τούτων

2171 3302 2200 3354 ὁ
2239 3303 2450 3374 καιρὸς,
2485 3303 2601 3357 ἀλλ’
2630 3305 2761 3358 ὅταν
2816 3305 2985 3376 αὐτὴν
3020 3307 3280 3376 ἐκφυγεῖν
3313 3305 3566 3378 δυνηθῇς.
3601 3305 3716 3360 Νῦν
3755 3305 3861 3375 μὲν

2172 3385 2282 3455 γὰρ
2315 3388 2636 3457 ἐνεχόμενος
2652 3388 2731 3458 τῷ
2748 3388 2934 3454 πάθει,
2965 3390 3058 3442 καὶ
3079 3389 3267 3460 ληρεῖν
3299 3391 3449 3462 ἡμᾶς
3470 3388 3859 3450 ὑποπτεύσεις,

2172 3470 2221 3522 εί
2252 3467 2350 3539 τὴν
2386 3469 2578 3541 ἡδονὴν
2639 3471 2936 3542 καλοίημεν
2959 3483 2986 3522 τι
3021 3474 3225 3544 πικράν
3244 3490 3258 3504 ·
3293 3474 3422 3528 ὅταν
3446 3473 3504 3526 δὲ
3536 3472 3862 3541 ἀπαλλαγῇς

2171 3553 2240 3622 τῇ
2257 3550 2354 3604 τοῦ
2367 3551 2502 3606 Θεοῦ
2531 3553 2714 3622 χάριτι
2753 3554 2848 3606 τοῦ
2873 3555 3329 3625 νοσήματος,τότε
3362 3558 3480 3628 εἴσῃ
3510 3557 3604 3611 κα)⁵
3632 3557 3732 3627 τὴν
3761 3574 3866 3610 κα-

2173 3637 2301 3689 κίαν
2327 3635 2496 3689 αὐτοῦ
2530 3637 2730 3700 καλῶς.
2756 3638 2846 3691 Διὸ
2871 3638 3093 3702 τούτους
3118 3640 3176 3691 ἐν
3198 3640 3371 3711 ἑτέρῳ
3393 3641 3574 3712 καιρῷ
3591 3642 3716 3703 τοὺς
3744 3640 3865 3694 ι’λό-

2176 3734 2314 3787 γους
2360 3721 2798 3791 ταμιευσάμενοι
2816 3761 2832 3783 ,
2879 3723 3055 3795 ἐκεῖνο
3098 3722 3331 3794 ἐροῦμεν
3359 3723 3480 3776 νῦν·
3508 3725 3691 3779 Ἔστω
3717 3719 3863 3778 εἶναι

2174 3801 2389 3873 τρυφὴν
2417 3802 2517 3874 τὴν
2552 3805 2786 3876 τρυφὴν,
2817 3806 2912 3858 καὶ
2938 3805 3133 3877 ἡδονὴν
3153 3805 3252 3876 τὴν
3295 3806 3491 3876 ἡδονὴν
3515 3847 3530 3870 ,
3567 3809 3660 3860 καὶ
3693 3808 3864 3878 μηδὲν

2175 3883 2322 3954 ἔχειν
2348 3886 2574 3958 ἀνιαρὸν
2608 3888 2742 3958 μηδέ
2768 3889 3152 3951 ἐπονείδιστον,
3189 3891 3243 3942 τί
3274 3891 3412 3961 πρὸς
3443 3890 3542 3962 τὴν
3571 3893 3868 3962 ἀποκειμέ-

2175 3985 2274 4040 νην
2303 3969 2527 4024 κόλασιν
2554 3972 2790 4043 ἐροῦμεν
2815 3989 2828 4038 ;
2862 3972 2916 4025 τί
2943 3973 3000 4026 δὲ
3018 3974 3140 4025 τότε
3163 3973 3464 4044 πράξομεν,
3483 3974 3739 4045 ἡσθέντες
3763 3977 3864 4046 μέν

2175 4052 2251 4116 ὡς
2281 4055 2340 4108 ἐν
2364 4057 2495 4126 σκιᾷ
2518 4057 2612 4109 καὶ
2637 4057 2804 4110 εἰκόνι
2837 4056 3025 4119 τανῦν,
3053 4055 3200 4128 ἔργῳ
3228 4057 3284 4110 δὲ
3326 4057 3424 4128 τὴν
3469 4058 3699 4128 βάσανον
3733 4061 3866 4112 αἰω-

2177 4139 2296 4192 νίαν
2321 4140 2632 4204 τιννύοντες
2665 4149 2686 4178 ⁸
2721 4142 2858 4201 ἐκεῖ,
2890 4142 2984 4192 καὶ
3021 4140 3196 4194 ταῦτα
3223 4141 3340 4206 ἐξὸν
3382 4142 3440 4193 ἐν
3470 4141 3659 4212 βραχεῖ
3686 4147 3868 4213 χρόνῳ

2178 4223 2249 4275 τά
2288 4241 2348 4276 τε
2380 4223 2652 4295 εἰρημένα
2694 4224 3102 4296 στρεϐλωτήρια
3129 4225 3437 4293 διαφυγεῖν,
3469 4227 3563 4278 καὶ
3591 4225 3698 4278 τῶν
3727 4227 3866 4280 ἀποε-

2182 4324 2269 4360 κει
2279 4307 2456 4376 μένων
2497 4306 2802 4362 ἀπολαῦσαι
2825 4307 3037 4373 καλῶν;
3063 4309 3175 4361 Καὶ
3197 4308 3306 4379 γάρ
3334 4309 3431 4362 καὶ
3471 4309 3628 4362 τοῦτο
3646 4309 3747 4379 τῆς
3765 4309 3864 4362 τοῦ

2181 4390 2318 4443 Θεοῦ
2337 4390 2747 4463 φιλανθρωπίας
2780 4391 2960 4463 ἔργον,
2995 4391 3058 4444 τὸ
3090 4391 3164 4463 μὴ
3194 4395 3274 4456 εἰς
3319 4392 3491 4463 μῆκος
3533 4395 3663 4464 ἡμῖν
3701 4395 3866 4446 ἐκτα-

2181 4473 2338 4544 θῆναι
2359 4474 2485 4535 τοὺς
2512 4473 2730 4540 ἀγῶνας
2763 4475 2992 4546 μακρὸν,
3018 4475 3131 4528 ἀλλ’
3162 4479 3219 4529 ἐν
3248 4475 3440 4546 βραχεῖ
3462 4478 3553 4529 καὶ
3590 4478 3867 4549 ἀκαριαίῳ

2181 4556 2277 4608 καὶ
2321 4554 2602 4626 ὀφθαλμοῦ
2661 4558 2792 4626 ῥιπῇ
2820 4556 3010 4625 (τοῦτο
3037 4555 3144 4629 7&9
3191 4560 3220 4628 ἡ
3278 4557 3530 4628 παροῦσα
3568 4559 3680 4630 ζωὴ
3725 4561 3867 4631 πρὸς

2183 4638 2418 4707 ἐκείνην)
2433 4638 2893 4708 ἀγωνισαμένους,
2912 4641 2970 4692 ἐν
2989 4643 3103 4702 τοῖς
3128 4641 3376 4712 ἀπείροις
3395 4642 3814 4712 στεφανωθῆναι
3843 4646 3866 4680 ⁸

2186 4720 2398 4774 αἰῶσιν.
2441 4722 2554 4791 Οὐχ
2601 4721 2676 4783 ὡς
2709 4721 2865 4792 ἔτυχε
2918 4721 2976 4775 δὲ
3013 4722 3296 4776 καὶτοῦτο
3328 4723 3450 4777 τότε
3465 4722 3578 4796 [15]
3612 4725 3716 4789 τὰς
3753 4726 3867 4780 τῶν

2182 4801 2566 4874 κολαζομένων
2593 4805 2806 4858 ἀνιάσει
2828 4805 3172 4876 ψυχὰς,ὂταν
3193 4808 3522 4877 ἐννοήσωσιν
3551 4810 3655 4870 δτι,
3691 4809 3868 4880 παρὸν

2183 4887 2244 4942 ἐν
2279 4891 2402 4951 ταῖς
2439 4887 2652 4958 ὀλίγαις
2683 4889 2923 4961 ἡμέραις
2959 4889 3186 4954 ταύταις
3230 4891 3577 4963 κατορθῶσαι
3623 4892 3685 4945 τὸ
3729 4894 3866 4958 πᾶν,

2184 4970 2564 5041 ἀμελήσαντες
2584 4973 2696 5036 τοῖς
2719 4971 3010 5036 ἀθανάτοις
3043 4973 3272 5036 ἐαυτοὺς
3299 4973 3624 5045 παρέδωκαν
3651 4977 3862 5037 κακοῖς.

2185 5054 2364 5128 Ὅπερ
2385 5055 2474 5110 ἵνα
2504 5055 2579 5126 μὴ
2594 5056 2878 5128 πάθωμεν,
2899 5055 3271 5128 διαναστῶμεν
3291 5057 3397 5120 ἓως
3419 5057 3607 5130 καιρὸς
3627 5057 3868 5129 εὐπρόσ-

2247 5161 2272 5199 ιι
2298 5163 2443 5212 Savil.
2494 5161 2709 5227 el‘Colb.
2736 5177 2864 5227 unus
2901 5164 2988 5221 τὴν
3023 5164 3204 5227 πολλὴν
3241 5164 3442 5225 ἐκείνην,
3485 5164 3661 5222 ἐκεῖνος
3699 5165 3872 5227 σαφῶς

2183 5231 2490 5322 παραστῆσαι
2515 5223 2654 5287 μόνος
2675 5226 2832 5281 ἱκανὸς
2852 5228 2878 5273 ὁ
2897 5225 3074 5289 καιρός.

2302 5287 2438 5322 Addil
2466 5287 2559 5322 an
2604 5289 2634 5322 ἦ
2660 5286 2776 5322 ιτάηῖ
2808 5299 3022 5322 ππηηιιρ
3057 5287 3074 5322 ι

2296 5287 2446 5350 Audit
2466 5286 2577 5350 Salv.
2604 5289 2634 5342 ἡ
2660 5286 3022 5350 σάρξπιοιισιιξε
3054 5287 3206 5337 habet
3234 5287 3556 5348 composilum
3581 5287 3866 5350 ἐπήρκεσαν.

2246 5355 2285 5377 ³·
2312 5346 2394 5396 Sic
2437 5349 2587 5396 Savil.
2611 5357 2665 5410 et
2689 5346 2791 5410 lies
2813 5362 2926 5397 mss.
2945 5346 3129 5398 Morel.
3154 5362 3274 5398 vero
3293 5346 3555 5404 κολάσεως.
3581 5346 3716 5396 Unus
3741 5350 3868 5410 lleg.

2187 5411 2530 5488 lolulu‘l‘o‘cui’n
2552 5410 2622 5458 sic
2638 5409 2806 5488 liabet,
2828 5411 3146 5488 σφοδροτέραν
3181 5412 3306 5474 λέγω
3329 5412 3528 5460 κόλασιν
3547 5411 3627 5458 καὶ
3647 5409 3874 5474 παραμο-

2185 5470 2287 5558 νὴῖθ
2300 5471 2834 5594 ἕὲἓῗῖῗὲἰίὶῗέιῗέῖῗὲἓῗ
2856 5470 3236 5594 ἓὲἒῗὲἔίδοισης.

2255 5595 2277 5660 ξ
2300 5595 2362 5660 Sa
2369 5597 2448 5644 \‘il.
2469 5596 2821 5660 κολαστηρίων.

2247 5656 2278 5697 ι’
2307 5657 2442 5720 Unus
2469 5658 2595 5720 Reg.
2620 5665 2673 5705 ei
2695 5656 2855 5706 Savil.
2879 5657 3011 5719 ἡμῖν.

2250 5720 2276 5783 ξι
2298 5719 2446 5768 δδνὶι.
2489 5719 2692 5768 el'umis
2717 5721 2837 5780 Reg.
2862 5719 3230 5783 ἀποκαλοίημεν.

2253 5782 2274 5809 ¹’
2299 5783 2379 5829 Sic
2399 5783 2549 5830 Savil.
2575 5789 2627 5844 et
2645 5779 2859 5844 quatuor;
2881 5795 2994 5844 mss.
3020 5779 3199 5844 Morel-7
3216 5786 3269 5829 et
3289 5781 3372 5830 alii
3393 5781 3440 5829 ἐν
3462 5785 3605 5844 ἑτέρῳ
3631 5779 3759 5836 τούς.
3787 5780 3873 5829 ln-

2187 5841 2256 5892 fra
2283 5857 2410 5892 unus
2430 5844 2552 5903 Reg.
2580 5841 2768 5904 ἀνιαρὸν
2789 5843 2871 5890 καὶ
2895 5843 3135 5898 ἐπίπονον,
3157 5843 3202 5890 τί
3220 5844 3335 5904 πρὸς
3356 5844 3453 5904 τήν.

2253 5907 2274 5935 ⁸
2324 5904 2474 5956 Savil.
2502 5901 2622 5968 ἔργῳ
2650 5901 2701 5952 δέ
2723 5905 2916 5952 αἰωνίαν
2954 5906 3039 5963 τήν
3063 5901 3269 5954 κόλασιν
3293 5903 3534 5960 τιννύντες.
3574 5901 3628 5952 In
3654 5910 3877 5965 quatuor

2189 5981 2303 6017 mss.
2321 5968 2513 6015 αἰωνίαν
2530 5968 2692 6016 deest.

2258 6029 2276 6063 ⁸
2299 6027 2449 6078 Savil.
2475 6032 2523 6077 in
2562 6035 2702 6078 lexlu
2742 6025 3104 6092 στεφανοῦσθαι,
3134 6027 3184 6077 in
3209 6040 3362 6092 marg.
3398 6029 3770 6091 στεφανωθῆναι.
