4096 6392
294 404 404 461 289

299 529 487 584 verat,
527 518 663 573 duro
711 514 968 587 supplicio
1016 512 1367 584 plectebatur.
1412 512 1538 567 llaec
1577 511 1793 581 cogita,
1836 517 1894 563 et

299 612 475 683 ignem
508 610 653 664 illum
683 608 961 663 conferens
984 620 1105 660 cum
1144 620 1245 671 eo,
1286 619 1392 674 quo
1425 618 1569 657 nunc
1596 602 1851 657 detinerts
1875 640 1889 664 ,

299 701 647 771 cupiditatum
674 698 940 761 incendio,
966 696 1179 752 tandem
1203 711 1232 749 a
1256 696 1469 751 fornace
1490 695 1580 750 illa
1607 705 1657 749 te
1677 696 1887 765 expedi.

302 791 434 847 Nam
460 791 548 861 qui
578 790 713 843 hanc
746 788 834 843 hic
872 788 1039 859 probe
1082 786 1364 853 restinxit,
1408 801 1508 841 nec
1547 786 1693 840 illam
1732 786 1891 841 aliam

304 882 608 951 experietur
634 898 646 933 :
676 880 719 935 si
748 881 866 950 quis
892 894 1019 934 vero
1045 878 1182 933 hanc
1204 893 1307 932 non
1337 878 1703 947 superaverit,
1730 876 1893 933 vebe«

302 973 537 1028 mentius
560 971 683 1025 hinc
706 971 972 1041 profectus
997 970 1049 1024 in
1079 969 1163 1023 illa
1193 979 1318 1024 tunc
1342 970 1687 1024 cruciabitur.
1712 969 1893 1035 Quan-

302 1073 357 1118 to
384 1073 624 1133 tempore
651 1063 730 1116 vis
766 1061 858 1116 tibi
900 1060 1180 1131 praesentis
1222 1060 1344 1113 vita:
1385 1074 1601 1113 usuram
1639 1057 1894 1113 extendi?

304 1154 565 1224 Equidem
603 1169 712 1208 non
753 1162 880 1223 puto
908 1153 1001 1207 tibi
1038 1152 1155 1221 plus
1183 1152 1563 1222 quinquaginta
1589 1152 1744 1205 annis
1771 1151 1892 1205 vita:

302 1262 617 1317 superesse,
646 1254 704 1300 ut
731 1245 800 1300 ad
833 1254 1127 1301 extremam
1166 1252 1495 1299 senectutem
1536 1242 1755 1307 venias;
1786 1242 1894 1296 imo

304 1355 371 1394 ne
399 1338 499 1393 hoc
530 1337 745 1408 quidem
769 1346 975 1392 certum
1015 1335 1172 1390 nobis
1199 1345 1282 1390 est
1311 1352 1325 1389 :
1355 1350 1476 1389 nam
1503 1335 1592 1404 qui
1632 1349 1697 1388 ne
1723 1347 1893 1402 usque

302 1432 369 1487 ad
394 1447 673 1502 vesperam
700 1430 769 1486 de
793 1432 899 1485 vita
936 1430 1110 1485 securi
1141 1444 1348 1494 sumus,
1377 1427 1645 1499 quomodo
1676 1434 1751 1481 tot
1780 1425 1894 1481 fore

305 1525 427 1578 vita:
452 1538 621 1577 annos
649 1522 915 1577 affirmare
938 1522 1265 1591 possumus?
1288 1520 1474 1590 Neque
1505 1520 1556 1574 id
1584 1527 1788 1573 tantum
1818 1517 1894 1572 la-

306 1626 401 1681 tet,
431 1615 523 1670 sed
553 1615 713 1671 etiam
739 1614 916 1669 futura
946 1630 1126 1669 rerum
1158 1613 1381 1668 mutatio
1412 1629 1426 1666 :
1461 1626 1700 1683 persaepe
1728 1611 1892 1676 enim,

305 1710 429 1765 licet
456 1711 561 1763 vita
588 1710 643 1763 in
667 1709 884 1779 longum
908 1717 1115 1779 tempus
1138 1708 1483 1778 producatur,
1508 1722 1613 1760 non
1639 1705 1749 1775 pari
1777 1720 1897 1775 gra-

307 1800 380 1854 du
411 1800 703 1870 procedunt
728 1801 1028 1870 voluptates
1057 1818 1068 1852 :
1099 1799 1191 1854 sed
1230 1800 1409 1853 statim
1444 1809 1602 1868 atque
1629 1798 1897 1852 affuerunt

305 1893 632 1949 dilabuntur.
656 1892 852 1947 Verum
877 1908 972 1963 per
996 1908 1081 1946 me
1107 1892 1252 1956 licet,
1277 1905 1414 1959 pone
1443 1890 1487 1944 si
1515 1890 1594 1944 vis
1623 1898 1673 1943 te
1702 1898 1776 1943 tot
1801 1904 1897 1942 an—

308 2000 407 2040 nos
435 1985 693 2039 victurum
734 1998 883 2049 esse,
922 1998 1021 2038 nec
1051 1983 1210 2036 ullam
1238 1982 1354 2037 fore
1382 1982 1433 2036 in
1463 1982 1621 2035 rebus
1649 1980 1749 2035 tuis
1776 1996 1896 2033 mu-

310 2077 562 2131 tationem
600 2096 613 2132 :
643 2076 768 2148 quid
811 2077 913 2131 hoc
938 2086 1021 2132 est
1045 2077 1110 2129 ad
1143 2076 1345 2129 infinita
1389 2075 1613 2140 sarcula,
1641 2074 1766 2144 quid
1796 2073 1899 2127 hoc

308 2172 376 2226 ad
422 2170 646 2226 acerbos
690 2172 812 2226 illos
870 2178 925 2224 et
983 2170 1345 2224 intolerabiles
1380 2170 1397 2199 ¹
1445 2168 1749 2223 cruciatus?
1803 2167 1898 2221 llic

308 2264 450 2319 enim
481 2274 586 2318 tam
619 2263 778 2328 bona,
809 2278 966 2333 quam
998 2262 1135 2316 mala
1163 2261 1319 2315 finem
1350 2260 1569 2325 habent,
1603 2269 1657 2315 et
1680 2259 1897 2330 quidem

307 2354 687 2419 celerrimum;
721 2354 829 2408 illic
862 2369 989 2408 vero
1018 2364 1239 2422 utraque
1274 2352 1661 2406 immortalibus
1689 2351 1910 2405 sarculis

308 2455 587 2519 aequantur
616 2465 629 2501 :
660 2463 760 2502 nec
790 2447 892 2501 dici
930 2455 1105 2516 potest
1129 2454 1384 2514 quantum
1423 2445 1672 2499 differant
1698 2459 1728 2497 a
1759 2460 1897 2514 prte-

308 2539 566 2594 sentibus.

380 2630 468 2685 10.
516 2629 660 2701 Ignis
708 2630 892 2700 inferni
927 2646 1029 2684 non
1060 2629 1175 2683 huic
1200 2629 1306 2699 igni
1348 2629 1545 2683 similis.
1585 2657 1659 2667 —
1685 2626 1896 2682 Etenim

310 2736 429 2775 cum
454 2721 627 2792 ignem
657 2722 828 2787 audis,
858 2736 986 2776 cave
1016 2730 1169 2786 putes
1194 2736 1313 2776 esse
1340 2721 1464 2775 huic
1493 2720 1597 2790 igni
1625 2719 1854 2773 similem
1880 2735 1895 2771 :

314 2816 400 2869 hic
421 2816 561 2869 enim
605 2815 858 2885 quidquid
891 2815 1133 2884 corripit,
1165 2814 1387 2869 devorat
1431 2823 1484 2868 et
1514 2813 1777 2877 absumit;
1811 2812 1900 2865 ille

312 2922 440 2962 vero
467 2923 599 2977 quos
624 2908 791 2961 semel
811 2908 1183 2975 apprehendit,
1210 2918 1467 2976 perpetuo
1492 2906 1776 2971 comburit,
1801 2918 1900 2960 nec

312 3016 544 3071 unquam
575 3000 819 3065 desistit;
853 3000 1079 3071 ideoque
1106 3000 1543 3070 inexstinguibilis
1567 3000 1779 3054 dicitur.
1809 3001 1898 3054 Si-

312 3092 526 3163 quidem
566 3091 725 3145 etiam
768 3103 1077 3162 peccatores
1103 3101 1310 3161 oportet
1338 3092 1556 3146 induere
1584 3091 1900 3146 immortali-

314 3191 498 3245 tatem,
528 3198 632 3237 non
665 3181 729 3236 ad
773 3184 1053 3248 honorem,
1084 3183 1178 3237 sed
1210 3191 1265 3237 ut
1294 3191 1607 3253 perpetuum
1640 3182 1709 3236 sit
1757 3183 1901 3238 illius

312 3275 558 3345 supplicii
605 3274 896 3329 viaticum:
932 3274 984 3328 id
1037 3289 1167 3330 vero
1212 3290 1370 3345 quam
1418 3275 1488 3327 sit
1531 3272 1855 3327 horrendum
1882 3315 1897 3339 ,

316 3367 462 3421 nullo
480 3381 727 3436 umquam
748 3377 919 3436 potest
935 3382 1180 3421 sermone
1200 3366 1456 3421 declarari
1474 3383 1486 3427 ;
1504 3366 1597 3419 sed
1615 3382 1641 3418 a
1658 3366 1902 3419 minima-

315 3473 433 3513 rum
463 3473 639 3512 rerum
665 3458 1031 3527 experimento
1053 3467 1263 3511 tenuem
1288 3472 1595 3527 magnarum
1622 3471 1902 3525 possumus

315 3548 676 3618 conjecturam
724 3564 933 3618 capere.
965 3550 1019 3603 Si
1049 3549 1263 3619 quando
1295 3549 1459 3603 fueris
1491 3550 1541 3603 in
1579 3549 1773 3604 balneo
1818 3550 1902 3602 ni-

317 3641 481 3694 mium
529 3640 930 3703 effervescente,
964 3650 1089 3695 tunc
1131 3640 1198 3694 de
1246 3640 1489 3710 gehenna
1522 3641 1656 3708 ignis
1684 3641 1854 3709 Cogita
1885 3658 1899 3695 :

318 3740 374 3786 et
400 3732 442 3785 si
472 3731 683 3801 quando
711 3732 904 3785 acriori
946 3732 1095 3786 febre
1120 3733 1338 3797 arseris,
1366 3731 1432 3786 ad
1462 3731 1728 3785 flammam
1759 3733 1901 3786 illam

320 3833 554 3878 mentem
586 3822 845 3877 tradttcito
870 3842 883 3889 ;
916 3834 970 3878 et
993 3837 1117 3877 tunc
1142 3825 1341 3894 poteris
1367 3825 1528 3893 probe
1554 3824 1901 3893 distinguere.

325 3913 456 3967 Nam
489 3913 532 3966 si
563 3914 807 3968 balneum
841 3924 896 3968 et
939 3915 1099 3968 febris
1129 3931 1226 3970 nos
1255 3915 1387 3968 adeo
1430 3917 1667 3969 cruciant
1696 3925 1749 3969 et
1775 3930 1905 3968 con-

326 4008 580 4072 tutbant,
628 4023 746 4060 cum
820 4008 872 4060 in
923 4006 1139 4061 ﬂuvium
1191 4009 1325 4077 ignis
1368 4008 1515 4062 illum
1564 4007 1905 4062 inciderimns

324 4096 593 4159 ﬂuentem,
632 4110 756 4151 ante
789 4098 1109 4152 horrendum
1160 4099 1285 4152 illttd
1319 4099 1567 4158 tribunal,
1597 4113 1702 4168 quo
1728 4099 1906 4152 animo

323 4191 481 4244 futuri
545 4191 793 4243 smnus?
860 4191 1001 4244 Sane
1070 4190 1317 4245 dentibus
1385 4191 1728 4245 stridebimus
1805 4207 1903 4260 op-

325 4282 492 4351 pressi
524 4281 791 4335 laboribus
815 4293 870 4335 et
900 4284 1244 4337 intolerandis
1284 4282 1625 4347 cruciatibus,
1668 4290 1722 4338 et
1750 4299 1906 4336 nemo

321 4374 592 4441 suppetias
622 4370 793 4428 foret,
827 4374 920 4426 sed
963 4374 1368 4441 ingeniiscemus
1409 4374 1660 4442 graviter,
1694 4374 1903 4427 [lamina

325 4464 477 4515 nobis
540 4464 906 4518 \elicmcntius
968 4464 1228 4528 instante;
1290 4465 1555 4517 neminem
1611 4465 1906 4519 videbimus

324 4563 518 4623 pra‘tcr
542 4556 868 4609 crttciatumn
900 4566 1197 4620 consortes,
1230 4563 1283 4608 et
1328 4555 1610 4609 immanem
1660 4556 1905 4610 solitudi-

324 4664 466 4701 "CIII.

398 4734 735 4808 Infernalium
758 4754 1015 4807 poenarum
1038 4738 1323 4806 descriptio.
1347 4769 1416 4777 —
1433 4738 1561 4805 Quis
1578 4739 1908 4794 cnarraverit

328 4844 559 4886 terrores
605 4848 633 4883 a
684 4831 918 4885 tenebris
977 4831 1082 4884 illis
1142 4832 1369 4899 injectus
1424 4832 1615 4887 animis
1665 4834 1907 4887 nostris?

321 4921 788 4990 Quemadmodum
820 4921 959 4974 enim
1016 4923 1148 4989 ignis
1197 4922 1285 4976 ille
1332 4938 1435 4975 non
1484 4925 1781 4986 consumit,
1836 4926 1905 4978 ita

323 5031 495 5084 neque
527 5013 667 5067 lucet
694 5030 706 5066 :
736 5013 966 5081 alioquin
996 5028 1100 5066 non
1132 5024 1311 5068 essent
1341 5014 1592 5069 tenebrat.
1624 5014 1909 5070 Perturba-

323 5108 522 5160 tionent
554 5106 730 5173 itaque
762 5106 913 5159 nobis
939 5107 1249 5169 imtnissam,
1290 5116 1596 5173 tremorem,
1627 5110 1907 5162 resolutio-

320 5224 482 5273 nem,
526 5216 797 5274 stuporem
826 5246 841 5270 ,
890 5205 1019 5259 illud
1074 5206 1245 5259 solum
1295 5215 1503 5276 tempus
1566 5206 1839 5261 declarare
1884 5207 1905 5237 '

325 5308 519 5369 potest.
554 5298 714 5353 Multa
740 5298 934 5367 quippe
965 5298 1069 5352 illic
1099 5296 1350 5366 variaque
1389 5307 1669 5362 tormenta,
1703 5298 1908 5352 crucia-

323 5398 577 5458 tuumqne
607 5391 792 5459 ingens
818 5389 1050 5459 procella
1098 5388 1333 5459 undique
1377 5388 1677 5443 immittitur
1707 5391 1759 5444 in
1786 5391 1905 5444 ani-

323 5496 486 5535 mam.
527 5480 677 5549 Quod
728 5480 773 5535 si
818 5481 935 5552 quis
981 5481 1219 5535 dixerit:
1251 5481 1529 5549 Quomodo
1570 5492 1767 5537 tantam
1800 5485 1906 5537 vim

323 5572 651 5627 cruciatuum
679 5571 818 5628 ferre
857 5573 1026 5643 possit
1052 5572 1251 5639 anima,
1283 5581 1338 5627 et
1362 5572 1583 5627 infinitis
1611 5575 1822 5629 sacculis
1853 5574 1906 5629 in

388 5795 404 5861 ξ
440 5802 647 5861 mutuor
684 5802 789 5861 Mss.
831 5796 1030 5855 habent,
1053 5800 1292 5861 ιηΙαηάοδ·

387 5858 405 5887 ³
440 5854 577 5906 Savtl.
612 5865 664 5906 et
693 5858 822 5908 Cotti.
851 5872 976 5911 unus
1002 5854 1201 5921 hab'ent,
1238 5859 1495 5922 perspicue
1518 5860 1792 5915 declarare.

1448 398 1537 452 AD
1574 390 1998 451 THEODORUM
2039 391 2331 448 LAPSUM.
2374 394 2414 449 1.

3481 398 3587 455 290

2001 510 2262 579 supplicio
2304 510 2645 579 perdurare?
2674 512 2717 566 is
2764 513 2959 581 cogitet
3001 527 3061 567 ea
3110 529 3227 583 qua:
3256 512 3310 568 in
3356 513 3454 569 hac
3481 517 3585 569 vita

1999 599 2346 671 contingunt,
2377 602 2644 670 quomodo
2678 604 2881 658 scilicet
2924 605 3072 658 multi
3118 605 3424 660 diuturnum
3466 622 3585 676 gra-

1999 705 2226 761 vemque
2256 692 2497 747 morbum
2546 695 2905 749 toleraverint.
2941 696 2996 750 Si
3028 706 3203 750 autem
3232 706 3459 752 mortem
3485 698 3583 751 ob-

2001 780 2179 844 ierint,
2210 782 2260 837 id
2291 784 2483 838 accidit
2524 801 2628 838 non
2656 785 2797 855 quod
2826 787 3003 841 anima
3031 797 3341 857 consumpta
3372 790 3461 853 sit,
3488 789 3582 843 sed

1998 878 2139 946 quod
2180 893 2375 948 corpus
2415 879 2710 944 defecerit;
2743 880 2786 933 si
2819 896 2925 935 non
2965 882 3215 936 cessisset
3244 882 3395 948 illud,
3426 898 3583 938 num-

1998 986 2156 1040 quam
2185 972 2362 1025 anima
2391 973 2616 1026 cruciari
2645 972 2911 1028 desiisset.
2943 972 3118 1039 Quare
3149 984 3427 1044 postquam
3462 990 3582 1030 cor-

1999 1077 2099 1132 pus
2126 1063 2228 1118 hoc
2252 1063 2650 1133 incorruptibile
2678 1074 2731 1118 et
2757 1064 3119 1121 indissolubile
3142 1068 3427 1135 acceperit,
3453 1067 3583 1122 nihil

1998 1155 2252 1224 impediet
2296 1156 2580 1226 quominus
2631 1172 2788 1226 poena
2833 1159 2886 1210 in
2915 1166 3175 1213 :rternum
3221 1158 3579 1228 protrahatur.

1999 1245 2096 1301 Hic
2124 1255 2302 1301 autem
2347 1262 2454 1301 non
2509 1256 2680 1316 poteSt
2714 1256 2995 1318 utrumque
3021 1250 3177 1302 simul
3222 1250 3533 1320 contingere
3564 1291 3580 1313 .

1997 1340 2333 1395 vehementia
2396 1356 2588 1410 nempe
2659 1342 2903 1411 supplicii
2969 1351 3023 1397 et
3089 1342 3406 1398 diuturnitas
3447 1344 3585 1397 :sed

1998 1432 2225 1487 alterum
2265 1448 2384 1487 cum
2412 1434 2582 1488 altero
2610 1443 2828 1505 pugnat,
2859 1450 2924 1490 eo
2953 1435 3093 1504 quod
3134 1438 3374 1506 corporis
3400 1447 3585 1491 natura

1999 1526 2325 1594 corrttptioni
2377 1525 2607 1580 obnoxia
2655 1542 2836 1581 earum
2894 1543 3209 1582 concorsum
3258 1545 3360 1583 non
3407 1530 3584 1584 ferat:

2000 1614 2396 1670 immortalitate
2417 1625 2593 1671 autem
2626 1618 2963 1683 succedente,
2993 1619 3229 1673 solvetur
3248 1621 3360 1673 lucc
3387 1636 3579 1692 pugna,

1999 1714 2054 1760 et
2098 1721 2287 1776 magna
2338 1722 2457 1761 cum
2507 1708 2756 1762 violentia
2806 1712 2855 1762 in
2906 1721 3162 1763 :ctcrnunt
3213 1728 3308 1763 nos
3362 1722 3584 1780 utraque

2001 1798 2138 1853 mala
2182 1800 2454 1854 tenebunt.
2501 1800 2578 1855 Ne
2624 1801 2818 1871 itaque,
2870 1818 2931 1856 ac
2974 1802 3017 1855 si
3065 1803 3391 1856 cruciatnmn
3426 1805 3584 1857 vehe-

2000 1890 2198 1945 mentia
2224 1891 2455 1945 animam
2489 1904 2721 1945 nostram
2762 1894 2999 1947 consumi
3037 1904 3300 1963 oporteat,
3330 1910 3395 1949 eo
3427 1896 3586 1949 modo

2000 1998 2143 2037 nunc
2168 1983 2340 2038 affecti
2375 1984 2542 2039 simus
2572 2004 2584 2038 :
2614 2002 2786 2055 neque
2817 1988 2957 2041 enim
2981 2003 3171 2056 corpus
3196 1996 3321 2043 tunc
3341 1990 3582 2043 consumi

2002 2074 2195 2141 poterit
2220 2085 2279 2127 ut
2306 2075 2357 2128 itt
2404 2078 2685 2144 prtescnti;
2720 2077 2814 2132 sed
2859 2094 2979 2132 cum
3026 2080 3200 2133 anima
3232 2090 3488 2135 attet'nutn
3531 2082 3584 2135 in

2000 2164 2273 2234 suppliciis
2304 2166 2562 2231 manebit,
2611 2183 2710 2222 nec
2740 2169 2858 2223 finis
2885 2170 3020 2223 ullus
3052 2170 3170 2223 erit.
3220 2170 3456 2238 Quantas
3486 2171 3584 2241 igi-

2002 2263 2089 2310 tur
2129 2256 2347 2312 delicias
2391 2268 2446 2313 et
2474 2269 2728 2328 quantum
2781 2262 3035 2331 temporis
3068 2263 3171 2315 illis
3200 2264 3474 2331 suppliciis
3505 2266 3584 2318 vis

2002 2351 2345 2420 comparari?
2371 2352 2519 2406 visne
2546 2364 2757 2407 centum
2791 2369 2979 2419 annos,
3012 2365 3102 2408 aut
3126 2356 3288 2426 duplo
3318 2357 3586 2425 amplius?

2001 2440 2135 2506 Quid
2169 2441 2268 2495 hoc
2307 2443 2410 2496 erit
2436 2443 2480 2495 si
2526 2454 2865 2512 comparetur
2901 2460 3020 2498 cum
3074 2446 3284 2499 s:t-culis
3323 2446 3587 2501 inﬁnitis?

2000 2531 2150 2598 Quod
2192 2533 2333 2587 enim
2364 2543 2447 2587 est
2487 2536 2752 2588 somnium
2783 2536 2937 2590 unius
2966 2536 3070 2591 diei
3117 2537 3183 2591 ad
3230 2547 3392 2593 totam
3422 2539 3583 2592 vitam

2001 2627 2274 2691 collatum,
2305 2627 2353 2680 id
2385 2628 2554 2697 ipsum
2583 2636 2666 2682 est
2708 2644 2883 2682 rerum
2918 2631 3254 2699 prirsentittm
3286 2646 3466 2698 usura,
3502 2630 3585 2685 fu-

2005 2726 2242 2773 turorum
2271 2721 2430 2774 statui
2452 2732 2779 2791 comparata.
2811 2721 2942 2775 Νιιιιι
2966 2722 3157 2792 aliquis
3184 2730 3286 2789 est,
3312 2724 3401 2793 qui
3424 2738 3587 2780 suave

2003 2812 2268 2866 somnium
2315 2822 2480 2881 optet,
2532 2828 2593 2867 ea
2637 2813 2940 2867 comlitione
2971 2825 3027 2867 ιιι
3076 2830 3168 2883 per
3213 2824 3375 2869 totam
3423 2817 3584 2870 vitam

2002 2904 2308 2959 crucietur?
2336 2907 2517 2974 ecquis
2560 2906 2629 2959 ita
2661 2906 2854 2960 stultus
2896 2918 2997 2969 est,
3031 2916 3089 2960 ut
3115 2906 3181 2961 ad
3228 2908 3388 2962 talem
3428 2910 3589 2963 retri-

2003 2996 2275 3051 butionem
2317 2998 2572 3052 accedat?
2603 2997 2868 3052 Nihildum
2896 2998 3067 3052 dicam
3097 3006 3284 3053 contra
3325 2998 3544 3054 delicias
3568 3039 3585 3065 ,

2004 3102 2103 3142 nec
2147 3098 2340 3157 quanta
2389 3088 2496 3142 illic
2528 3089 2762 3144 resideat
2803 3090 3102 3144 amaritudo
3133 3105 3275 3145 nunc
3300 3091 3539 3161 aperiam

2004 3194 2177 3247 neque
2197 3178 2339 3232 enim
2352 3178 2460 3247 jam
2479 3189 2683 3248 tempus
2701 3188 2783 3235 est
2796 3179 2910 3236 haec
2922 3181 3325 3248 enarrandi,sed
3341 3197 3460 3237 cum
3476 3182 3587 3252 pri-

2005 3285 2149 3324 mum
2180 3284 2272 3325 cas
2296 3270 2529 3341 effugere
2558 3270 2817 3341 potueris.
2849 3270 3001 3326 Nunc
3023 3271 3219 3325 etenim
3249 3272 3371 3342 quia
3398 3274 3589 3328 morbo

2006 3361 2099 3415 illo
2141 3361 2417 3426 detineris,
2468 3363 2653 3431 nugari
2703 3362 2795 3416 tibi
2842 3363 3136 3427 videamur,
3183 3364 3228 3419 si
3258 3365 3586 3435 voluptatem

2005 3470 2241 3507 amaram
2283 3466 2521 3509 dicamus
2553 3474 2564 3510 :
2594 3470 2713 3509 cum
2756 3467 2931 3509 autem
2983 3472 3077 3525 per
3125 3457 3218 3512 Dei
3263 3460 3487 3527 gratiam
3521 3460 3588 3513 ab

2006 3545 2318 3614 :rgritutlinc
2350 3546 2599 3601 liberatus
2621 3545 2803 3609 fueris,
2835 3556 2957 3602 tunc
2983 3548 3099 3618 ejus
3121 3549 3387 3603 miseriam
3422 3550 3586 3619 probe

2006 3651 2314 3706 cognosces.
2343 3637 2520 3705 Quare
2562 3639 2626 3691 iis
2651 3638 2702 3691 in
2733 3639 2888 3692 aliam
2934 3641 3383 3709 opportunitatem
3418 3651 3587 3694 trans-

2008 3729 2206 3792 missis,
2259 3728 2359 3783 hoc
2403 3745 2543 3785 nunc
2585 3729 2845 3786 dicemus.
2896 3730 3163 3786 Ponaintts
3212 3732 3427 3787 delicias
3468 3749 3590 3788 esse

2008 3836 2132 3874 vere
2161 3820 2398 3885 delicias,
2444 3832 2497 3876 et
2540 3822 2860 3891 voluptatem
2891 3838 3015 3877 vere
3054 3824 3399 3892 voluptatem,
3434 3824 3566 3879 nihil

2009 3928 2113 3982 que
2141 3913 2339 3967 habere
2382 3915 2646 3985 ingratum
2676 3916 2757 3969 vel
2783 3916 3046 3984 vituperio
3069 3915 3283 3986 dignum
3314 3934 3327 3969 :
3359 3916 3484 3985 quid
3524 3917 3592 3971 de

2010 4005 2270 4074 supplicio
2316 4005 2581 4059 destinato
2623 4008 2906 4062 dicemus?
2933 4007 3061 4077 quid
3105 4024 3231 4062 vero
3263 4018 3385 4062 tunc
3427 4008 3590 4062 facie-

2009 4114 2150 4163 mus,
2177 4101 2265 4167 qui
2296 4101 2347 4152 in
2375 4100 2622 4169 praesenti
2652 4100 2755 4152 vita
2800 4100 2881 4153 his
2908 4101 3058 4168 quasi
3086 4100 3138 4153 in
3170 4099 3354 4154 umbra
3380 4110 3434 4153 ct
3463 4101 3566 4154 ima

2010 4192 2132 4261 gine
2190 4192 2336 4259 potiti
2384 4209 2599 4257 sumus,
2642 4209 2701 4246 re
2748 4203 2922 4246 autem
2977 4193 3087 4260 itsa
3132 4193 3237 4248 illic
3278 4203 3533 4247 aeternum
3570 4195 3587 4226 ⁸

2011 4282 2329 4350 supplicium
2379 4283 2584 4337 luemus
2614 4302 2625 4337 :
2660 4283 2817 4352 idque
2857 4299 2976 4337 cum
3010 4282 3322 4337 brevissimo
3354 4295 3592 4353 tempore

2012 4373 2295 4442 prmdictos
2338 4375 2603 4427 cruciatus
2652 4372 2885 4443 effugere
2906 4414 2920 4437 ,
2950 4382 3004 4427 et
3032 4374 3264 4442 reposita
3313 4375 3447 4427 bona
3475 4375 3591 4428 adi-

2014 4467 2141 4536 pisci
2173 4466 2445 4520 licuisset?
2478 4467 2590 4520 lloc
2614 4475 2697 4520 est
2726 4468 2865 4519 enim
2894 4481 3030 4535 Opus
3050 4467 3343 4520 clementia:
3376 4466 3586 4530 divina),

2011 4558 2151 4628 quod
2179 4559 2332 4613 nobis
2375 4559 2662 4613 certamina
2691 4574 2794 4612 non
2824 4559 2873 4612 in
2906 4559 3117 4627 longum
3152 4570 3358 4627 tempus
3385 4568 3592 4627 protra-

2015 4652 2230 4717 hantur,
2259 4651 2353 4706 sed
2397 4667 2516 4704 cum
2545 4651 2689 4705 brevi
2721 4662 2773 4705 et
2800 4651 2852 4704 in
2884 4652 2989 4704 ictu
3019 4651 3157 4704 oculi
3198 4651 3593 4721 (momentauca

2012 4747 2155 4797 enim
2201 4751 2284 4797 est
2327 4756 2563 4812 prmsens
2617 4741 2721 4795 vita
2767 4741 2840 4795 illi
2883 4738 3211 4811 Cotttparala)
3241 4740 3596 4794 decertaveri-

2012 4850 2151 4899 mus,
2185 4833 2404 4887 infinitis
2448 4833 2500 4887 in
2527 4833 2733 4887 sasculis
2770 4848 3127 4897 coronemur;
3158 4832 3315 4901 idque
3346 4842 3470 4886 tunc
3496 4832 3596 4887 da-

2015 4936 2312 4979 mnatorum
2342 4926 2547 4979 animas
2575 4926 2919 4991 excruciabit,
2945 4925 3157 4994 quando
3180 4925 3486 4994 cogitabunt
3511 4941 3592 4991 se,

2011 5034 2132 5073 cum
2162 5028 2339 5088 posset
2369 5034 2464 5088 per
2504 5033 2702 5088 paucos
2748 5018 2876 5072 istos
2919 5018 3033 5072 dies
3061 5018 3236 5073 omnia
3266 5016 3551 5072 emendare
3575 5057 3596 5084 ,

2014 5112 2327 5182 negligentia
2356 5126 2480 5165 usos
2508 5111 2895 5165 immortalibus
2926 5125 3046 5164 sese
3090 5109 3243 5164 malis
3289 5109 3595 5164 tradidisse.

2013 5203 2163 5271 Quod
2188 5218 2252 5258 ne
2281 5204 2561 5272 patiamur,
2592 5216 2891 5273 surgamus,
2916 5201 3087 5255 donec
3119 5211 3324 5271 tempus
3350 5209 3595 5269 accepta-

2014 5295 2139 5357 bile,
2178 5295 2349 5349 donec
2377 5295 2491 5349 dies
2534 5294 2720 5348 salutis
2764 5293 2936 5359 adest,
2968 5293 3138 5348 donec
3176 5284 3256 5344 vis
3284 5305 3470 5360 magna
3516 5302 3589 5345 est

2012 5391 2360 5461 paenitentia).
2404 5389 2583 5459 Neque
2625 5390 2765 5440 enim
2812 5386 3061 5456 prazdicta
3110 5384 3283 5439 Solum
3322 5385 3456 5437 mala
3501 5399 3596 5438 not

2014 5486 2248 5556 segniter
2289 5494 2507 5553 agentes
2556 5483 2839 5551 excipient,
2889 5480 2998 5534 imo
3045 5489 3099 5534 et
3142 5479 3242 5531 alia
3290 5478 3391 5531 illis
3430 5476 3599 5530 multo

2014 5578 2277 5647 graviora.
2308 5577 2432 5629 llaec
2461 5576 2601 5629 enim
2632 5582 2757 5628 sunt
2792 5588 2909 5643 qua:
2940 5573 2990 5625 in
3016 5572 3257 5642 geltcnna
3302 5578 3554 5637 parantur
3578 5606 3596 5630 ,

2015 5677 2069 5723 et
2098 5669 2160 5722 iis
2188 5670 2342 5737 longe
2376 5664 2649 5720 acerbiora
2675 5683 2688 5718 :
2711 5679 2741 5718 a
2770 5663 2928 5718 tantis
2958 5675 3133 5717 autem
3159 5660 3419 5715 excidisse
3446 5659 3601 5714 bonis

2083 5862 2099 5893 ι
2133 5852 2293 5913 Savil.,
2316 5858 2547 5904 a'ternum
2566 5864 2582 5911 ;
2602 5863 2697 5901 vox
2714 5849 2857 5900 deest
2877 5849 2925 5897 in
2940 5854 3142 5895 quatuor
3170 5850 3269 5889 uss.
3300 5854 3425 5887 υυευ.
