4096 6392
482 362 579 415 991

487 488 691 532 tantum
713 478 873 534 infert
893 479 1114 548 doloris,
1134 482 1457 546 afﬂictionis,
1482 485 1762 554 angttstite,
1781 494 1840 538 ut
1860 485 2066 538 etiamsi

470 569 690 622 "nullum
720 571 860 625 aliud
905 581 1050 628 esset
1077 575 1392 644 supplicium
1435 577 1803 644 peccatoribus
1831 577 2071 631 destina-

490 670 638 726 tum,
687 660 811 714 illud
858 663 1028 716 solum
1073 674 1253 734 posset
1297 667 1592 736 graviorem
1644 667 1762 720 aliis
1812 667 2073 736 gehennae

490 751 810 807 cruciatibus
858 753 1054 809 inferre
1110 771 1321 826 pmnatu
1370 757 1668 827 animaeque
1713 758 2072 828 perturbatio-

492 858 636 895 nem.

565 933 653 987 ll.
709 931 942 987 .‘Eterute
965 935 1078 990 vita:
1096 937 1329 1008 felicitas.
1353 967 1426 978 —
1451 938 1639 994 Animo
1669 949 1841 994 tecum
1885 947 2074 1010 reputa

493 1023 618 1079 vitae
663 1025 800 1079 illius
829 1035 1025 1081 statum
1068 1037 1122 1082 et
1149 1029 1543 1096 conditionem,
1574 1041 1830 1100 quantum
1872 1032 2076 1086 scilicet

495 1129 687 1182 capere
726 1124 877 1184 potes
901 1135 915 1170 :
938 1132 1060 1170 nam
1093 1132 1187 1187 pro
1223 1119 1301 1173 rei
1341 1119 1596 1189 dignitate
1643 1121 1788 1174 nullo
1825 1135 2075 1176 sermone

497 1205 759 1260 declarari
787 1208 934 1263 valet
958 1226 970 1262 :
995 1209 1088 1264 sed
1111 1225 1174 1264 ex
1203 1210 1266 1264 iis
1295 1227 1414 1280 qua:
1443 1211 1741 1266 audivimus
1760 1252 1773 1276 ,
1802 1212 1952 1280 quasi
1982 1227 2076 1280 per

496 1296 799 1366 aenigmata,
823 1299 1103 1353 obscuram
1132 1301 1413 1369 quamdam
1452 1302 1568 1371 ejus
1597 1302 1672 1356 rei
1715 1303 2075 1372 conjecturam

495 1391 767 1444 faciamus.
819 1393 1048 1463 Aufugit,
1098 1394 1286 1463 inquit,
1318 1394 1482 1459 dolor,
1533 1396 1730 1448 tristitia
1773 1405 1822 1449 et
1866 1395 2078 1465 gemitus

502 1482 657 1552 (Isai.
687 1485 773 1539 55.
806 1483 915 1556 10).
943 1486 1078 1551 Quid
1119 1487 1278 1556 igitur
1321 1502 1384 1541 ea
1413 1487 1515 1540 vita
1555 1487 1758 1542 felicius
1801 1488 1918 1542 est?
1960 1486 2074 1541 Non

497 1581 581 1628 est
619 1574 688 1627 ibi
723 1575 1004 1629 metuenda
1061 1586 1343 1646 paupertas
1392 1586 1448 1633 et
1487 1578 1766 1646 atgritudo,
1803 1578 1980 1632 nullus
2006 1578 2077 1632 ibi

495 1663 661 1729 lmdil,
685 1664 862 1718 nullus
883 1665 1114 1733 larditur,
1139 1666 1317 1720 nullus
1347 1666 1517 1721 irritat
1537 1683 1636 1722 nec
1667 1668 1923 1734 irritatur,
1956 1670 2077 1723 nul-

495 1753 583 1808 lus
612 1755 876 1820 irascitur,
905 1765 996 1811 aut
1034 1757 1262 1821 invidet,
1291 1768 1381 1812 aut
1434 1760 1663 1813 absurda
1698 1762 2079 1831 concupiscen-

495 1845 567 1899 tia
612 1845 927 1910 exardescit,
986 1863 1144 1902 nemo
1195 1848 1262 1904 de
1307 1849 1726 1904 necessariorum
1780 1862 2078 1906 commeatu

496 1937 687 1992 anxius
729 1947 832 2003 est,
868 1953 1028 1994 nemo
1063 1954 1225 2008 super
1278 1941 1590 2010 magistratu
1643 1950 1733 1995 aut
1784 1942 2076 2012 principatu

496 2029 646 2084 dolet
673 2048 687 2084 :
710 2031 884 2095 omnis
905 2031 1048 2086 enim
1075 2031 1360 2088 affectuum
1391 2035 1622 2103 procella
1649 2035 1832 2089 sedata
1875 2036 2075 2090 exstin-

496 2122 695 2190 gttitur,
724 2122 904 2176 omnia
931 2123 982 2177 in
1006 2137 1156 2193 pace,
1185 2123 1366 2178 lattitia
1401 2133 1455 2179 et
1478 2123 1669 2193 gaudio
1688 2165 1702 2188 ,
1727 2125 1902 2178 omnia
1935 2135 2079 2179 tran-

497 2213 659 2282 quilla
689 2221 742 2269 et
768 2229 974 2278 serena,
1004 2217 1184 2270 omnia
1213 2216 1348 2280 dies,
1375 2215 1646 2285 splendor,
1683 2217 1773 2270 lux
1807 2234 1820 2270 :
1848 2233 1951 2270 non
1990 2217 2080 2271 lux

500 2303 780 2368 hodierna,
818 2305 912 2360 sed
951 2307 1050 2360 alia
1083 2315 1228 2360 tanto
1255 2307 1356 2361 hac
1383 2307 1727 2377 splendidior,
1759 2319 1958 2378 quanto
2001 2309 2080 2363 lu-

497 2409 660 2450 cerna
678 2396 764 2450 lux
778 2396 906 2450 diei.
931 2396 1082 2451 Nulla
1110 2397 1179 2451 ibi
1203 2408 1358 2452 nocte
1387 2415 1557 2466 neque
1579 2398 1797 2454 nubium
1819 2414 2080 2455 concursu

497 2485 837 2554 obscuratur;
864 2503 960 2542 nec
989 2487 1157 2551 ardet,
1187 2503 1284 2543 nec
1308 2504 1530 2559 corpora
1551 2489 1742 2544 adurit.
1761 2489 1911 2544 Nulla
1933 2492 2078 2546 enim

500 2593 630 2645 nox,
686 2595 859 2650 neque
905 2596 1128 2652 veSpera
1174 2583 1267 2646 ibi,
1303 2598 1410 2637 non
1443 2585 1604 2654 frigus
1633 2600 1733 2641 nec
1753 2595 1945 2650 mstus,
1974 2602 2080 2640 non

499 2668 601 2722 alia
627 2677 1003 2740 tempestatum
1034 2673 1292 2739 mutatio;
1333 2674 1425 2728 sed
1455 2675 1590 2729 alius
1626 2675 1777 2730 adest
1810 2684 1980 2732 status
2005 2686 2084 2731 ta-

499 2759 695 2830 lisque,
717 2761 926 2831 qualem
953 2763 986 2816 ii
1014 2763 1183 2818 solum
1207 2763 1516 2834 intelligent,
1536 2767 1622 2835 qui
1645 2765 1821 2836 adepti
1847 2767 2080 2833 fuerint;

501 2865 606 2906 non
637 2850 743 2906 illic
783 2861 1065 2920 senectus,
1095 2869 1195 2910 nec
1245 2858 1533 2911 senectutis
1586 2857 1939 2924 incommoda,
1986 2859 2082 2914 sed

471 2971 478 2976 -
501 2944 700 3009 omnia,
726 2959 844 3014 qua:
869 2945 933 2999 ad
956 2947 1346 3016 corruptionem
1373 2957 1614 3017 spectant
1631 2989 1646 3012 ,
1686 2947 1755 3004 de
1785 2949 1958 3004 medio
1983 2950 2083 3003 tol-

501 3034 703 3100 Ισιιιιιιν,
732 3035 854 3105 quia
881 3035 1294 3109 incorruptibilis
1320 3037 1487 3107 gloria
1514 3038 1708 3108 ubique
1757 3038 2080 3094 dominatur.

501 3127 762 3198 Quodque
813 3129 1050 3183 omnium
1090 3130 1345 3199 optimum
1401 3141 1520 3197 est,
1578 3131 1771 3186 Christi
1816 3133 2084 3188 consortio

502 3220 744 3273 furentur
769 3234 889 3274 cum
917 3220 1138 3291 angelis,
1169 3237 1289 3276 cum
1312 3221 1663 3293 archangelis,
1687 3237 1806 3276 cum
1833 3223 2081 3292 superio-

503 3310 651 3364 ribus
677 3312 1044 3380 potestatibus.
1090 3312 1462 3382 Contcmplare
1493 3327 1635 3368 nunc
1671 3313 1876 3379 cadum,
1895 3323 1951 3368 et
1995 3328 2081 3378 ea,

505 3420 626 3473 qua:
668 3419 828 3475 super
863 3405 1024 3459 cmlos
1059 3413 1202 3470 sunt,
1231 3405 1462 3475 cogitatu
1505 3404 1820 3460 transcende
1852 3420 1867 3457 :
1911 3405 2082 3473 cogita

504 3495 666 3550 totius
686 3505 946 3550 creatura:
988 3497 1512 3562 transmutationem;
1545 3511 1650 3549 non
1678 3497 1818 3550 enim
1851 3503 1906 3549 ut
1943 3510 2084 3550 nunc

504 3598 587 3643 est
598 3589 849 3656 manebit,
862 3587 955 3643 sed
972 3591 1134 3643 multo
1147 3588 1421 3660 pulchrior
1435 3591 1536 3644 erit
1551 3599 1604 3644 et
1618 3589 1831 3655 clarior,
1850 3599 1904 3644 et
1918 3605 2086 3660 quan-

507 3702 618 3744 tum
650 3690 866 3760 plumbo
894 3691 1143 3760 fulgidius
1171 3700 1256 3745 est
1281 3705 1501 3756 aurum,
1533 3696 1735 3744 tantum
1775 3687 1876 3742 hac
1905 3702 2082 3742 rerum

505 3784 846 3852 praascutium
873 3784 1178 3839 conditione
1207 3783 1541 3852 pmstantior
1565 3782 1666 3836 erit
1689 3781 1796 3846 illa,
1825 3779 2084 3850 quemad-

505 3873 722 3928 modum
748 3875 821 3928 ait
844 3875 1028 3929 beatus
1052 3874 1286 3929 Paulus:
1322 3873 1454 3941 Quia
1480 3882 1527 3927 et
1561 3873 1673 3942 ipsa
1708 3881 1939 3926 creatura
1965 3870 2088 3924 libe-

504 3965 700 4018 rabitur
751 3983 781 4018 a
827 3966 1062 4019 servitute
1110 3966 1444 4035 corruptionis
1501 3964 1674 4035 (Rom.
1701 3964 1757 4018 8.
1784 3962 1900 4034 21).
1937 3963 2087 4018 Nunc

507 4055 672 4121 enim,
706 4065 883 4126 utpote
934 4056 1289 4126 corruptionis
1324 4056 1610 4126 particeps,
1648 4054 1813 4108 multa
1867 4054 2084 4123 patitur,

509 4162 624 4218 quze
649 4147 859 4217 corpori
899 4147 1253 4210 conveniunt;
1285 4155 1409 4200 tunc
1437 4159 1564 4199 vero
1590 4144 1672 4199 Itis
1697 4145 1945 4199 omnibus
1986 4160 2087 4199 ex-

510 4247 624 4304 uta,
655 4237 1114 4308 incorruptibilem
1144 4238 1298 4292 nobis
1342 4237 1592 4293 decorem
1621 4236 1912 4291 exhibebit.
1943 4234 2088 4302 Quo—
2115 4263 2121 4268 -

511 4331 653 4386 niam
685 4331 825 4386 enim
862 4340 1052 4395 natura
1082 4328 1500 4398 incorruptibilia
1539 4343 1762 4398 corpora
1806 4335 2088 4395 acceptura

509 4431 608 4487 est,
643 4423 753 4493 ipsa
784 4437 996 4492 quoque
1039 4421 1251 4475 demum
1308 4419 1360 4474 in
1412 4420 1603 4473 melius
1654 4417 2086 4473 commutabitur.

508 4515 664 4571 Nulla
693 4525 818 4569 tunc
845 4515 945 4568 erit
966 4501 1166 4569 seditio.
1185 4521 1278 4567 aut
1307 4527 1477 4582 pugna
1509 4527 1522 4564 :
1556 4526 1742 4580 magna
1767 4511 1962 4580 quippe
1989 4509 2093 4564 erit

508 4609 562 4660 iu
584 4608 750 4660 choro
773 4614 1076 4660 sanctorum
1102 4604 1405 4667 concordia,
1447 4603 1694 4657 omnibus
1715 4617 1927 4671 semper
1951 4602 2092 4656 inter

505 4713 565 4752 se
591 4696 1066 4752 consentientibus.
1090 4696 1206 4750 Non
1235 4695 1341 4750 illic
1379 4695 1624 4749 diabolus
1663 4692 1958 4757 timendus,
1985 4707 2088 4746 non

515 4789 817 4844 da'monum
860 4789 1087 4856 insidim,
1126 4803 1231 4843 non
1275 4787 1535 4858 gehennae
1582 4785 1942 4852 comminatio,
1989 4769 2124 4840 non-

509 4896 677 4947 tnors,
705 4896 878 4951 neque
905 4879 1136 4933 humana
1174 4879 1308 4944 hare,
1334 4893 1506 4948 neque
1542 4878 1628 4932 illa
1653 4877 1755 4930 alia
1790 4877 1958 4930 multo
1979 4892 2096 4946 gra-

509 4971 659 5035 vior;
690 4969 786 5026 sed
814 4971 988 5024 omnis
1021 4969 1387 5040 hujuscemodi
1433 4979 1607 5023 metus
1636 4968 1842 5022 solutus
1876 4975 1978 5022 est.
2020 4967 2097 5023 Ac

509 5061 649 5114 sicut
673 5075 800 5130 puer
827 5061 1003 5130 regius
1027 5100 1042 5123 ,
1082 5059 1310 5128 primum
1352 5058 1579 5127 simplici
1618 5057 1777 5111 modo
1807 5057 2092 5124 educatur,

513 5153 794 5207 timoribus
821 5161 977 5222 atque
998 5151 1154 5206 minis
1175 5161 1470 5215 coercetur,
1503 5166 1570 5204 ne
1594 5165 1688 5219 per
1714 5148 2093 5218 indulgentiam

513 5244 663 5313 pejor
689 5242 899 5308 evadat,
930 5258 1092 5313 seque
1114 5251 1332 5312 paterna
1363 5241 1636 5311 indignum
1658 5239 1844 5294 reddat
1874 5238 2101 5293 haeredi-

515 5344 654 5398 tate;
687 5342 967 5404 postquam
985 5344 1164 5387 autem
1193 5333 1388 5402 regiam
1411 5333 1717 5402 dignitatem
1747 5331 1971 5402 adeptus
1992 5341 2095 5394 est,

515 5425 600 5480 his
623 5425 870 5479 omnibus
890 5424 1170 5480 coitfestim
1196 5423 1473 5494 depositis,
1505 5439 1734 5493 purpura
1764 5422 2098 5477 diademate-

515 5534 622 5586 quc
648 5527 900 5580 ornatus,
922 5533 983 5572 ac
1022 5533 1308 5571 numeroso
1345 5517 1595 5572 satellitio
1623 5517 1847 5586 stipatus
1867 5557 1881 5580 ,
1909 5529 2098 5586 magna

518 5627 638 5666 cum
666 5612 912 5667 libertate
945 5610 1224 5682 prmsidet,
1252 5609 1463 5681 abjecto
1495 5610 1564 5665 ab
1604 5610 1778 5663 anima
1829 5623 1922 5663 sua
1961 5617 2100 5662 statu

519 5705 610 5757 illo
642 5704 824 5760 humili
861 5713 1020 5774 atque
1063 5703 1317 5769 demisso,
1346 5703 1555 5772 aliaque
1595 5701 1876 5756 substituta
1919 5714 2101 5754 rerum

519 5795 823 5852 conditione
861 5812 873 5849 :
919 5797 989 5851 ita
1018 5803 1144 5850 tunc
1186 5795 1456 5867 continget
1486 5794 1684 5849 sanctis
1713 5792 1979 5850 omnibus.
2025 5790 2102 5847 Ne

1189 368 1244 423 S.
1281 368 1558 424 JOANNIS
1595 369 2063 426 CIIR'YSOSTOMI
2101 371 2414 429 ARClllEI‘.
2454 375 2986 432 CONSTANTINOP.

3646 377 3762 431 292

2182 495 2335 554 putes
2361 497 2539 542 autem
2567 487 2681 543 haec
2725 503 2824 543 ceu
2867 487 3094 557 quadam
3123 487 3403 542 verborum
3437 503 3623 558 pompa
3672 488 3758 557 ja-

2177 579 2331 639 ctari.
2362 579 2428 632 ad
2453 589 2688 634 montem
2721 595 3002 649 pergamus
3022 579 3112 633 ubi
3135 578 3380 633 Christus
3407 581 3758 648 transﬁgura—

2178 678 2263 724 tus
2282 679 2362 725 est
2383 688 2396 724 :
2423 671 2844 741 contemplemur
2863 671 3009 725 illum
3030 670 3314 740 splendore
3333 683 3524 740 magno
3544 671 3752 740 fulgen-

2180 771 2286 816 tem
2312 802 2328 826 ,
2357 763 2478 817 licet
2498 773 2673 818 tamen
2703 763 2816 834 ipse
2843 778 2949 818 non
2978 771 3147 819 totum
3175 761 3337 816 futuri
3367 762 3546 817 sreculi
3575 765 3756 832 splen-

2179 855 2365 907 dorem
2393 854 2711 909 exhibuerit.
2733 854 2862 909 Nam
2879 855 3020 924 quod
3040 854 3479 923 attemperatione
3501 855 3753 924 quadam,

2180 959 2286 997 non
2311 953 2556 998 accurata
2576 958 2756 998 rerum
2785 944 3254 1006 demonstratione,
3282 944 3399 997 talis
3427 946 3754 1012 apparuerit.

2181 1049 2244 1088 ex
2271 1034 2399 1102 ipsis
2423 1035 2764 1104 evangelista:
2791 1034 2968 1089 verbis
2993 1033 3310 1088 ostenditur.
3328 1033 3466 1101 Quid
3489 1035 3625 1088 enim
3646 1034 3758 1086 ait?

2185 1126 2514 1194 Respleuduit
2540 1127 2670 1181 sicut
2694 1126 2770 1180 sol
2803 1125 3015 1194 (Matth.
3043 1126 3131 1180 17.
3161 1124 3240 1195 2).
3271 1124 3755 1193 lncorruptibilium

2180 1225 2359 1271 autem
2393 1232 2675 1286 corporum
2700 1216 2864 1285 gloria
2911 1199 3016 1270 no'n
3069 1223 3268 1268 tantam
3320 1214 3511 1268 emittit
3554 1213 3752 1270 lucem.

2181 1317 2430 1378 quantam
2476 1323 2669 1375 corpus
2715 1306 2818 1360 hoc
2863 1305 3223 1372 corruptibile,
3249 1320 3419 1373 neque
3446 1304 3603 1358 talem
3636 1311 3698 1357 ut
3721 1319 3756 1357 ι

2181 1399 2494 1453 mortalibus
2519 1397 2689 1452 oculis
2722 1397 2890 1452 videri
2919 1397 3119 1467 possit;
3149 1395 3242 1450 sed
3268 1395 3757 1464 iucorruptibilibus

2182 1499 2238 1544 et
2257 1489 2642 1544 immortalibus
2667 1489 2836 1544 oculis
2882 1497 2964 1544 est
3007 1501 3140 1557 opus
3175 1486 3241 1540 ad
3271 1487 3387 1556 ejus
3430 1486 3757 1553 contempla-

2183 1582 2406 1636 tionem.
2439 1581 2494 1636 ln
2523 1589 2704 1636 monte
2733 1589 2909 1634 autem
2937 1589 3133 1636 tantam
3165 1579 3295 1649 ipsis
3322 1578 3558 1646 aperuit,
3586 1594 3756 1649 quan-

2187 1685 2295 1730 tam
2347 1676 2463 1731 sine
2509 1676 2784 1730 oculorunt
2837 1674 3054 1729 laesione
3096 1673 3234 1728 ferre
3273 1682 3517 1743 poterant
3546 1689 3755 1742 :neque

2184 1779 2361 1824 tamen
2391 1769 2657 1824 sustinere
2680 1776 2985 1838 potuerunt,
3015 1765 3109 1820 sed
3138 1766 3445 1820 ceciderunt
3484 1765 3537 1818 in
3567 1764 3752 1819 facient

2182 1874 2332 1914 suam
2349 1859 2389 1911 ’.
2409 1859 2504 1914 Dic
2525 1859 2675 1923 mihi,
2694 1871 2894 1929 quazso,
2919 1857 2965 1912 si
2982 1857 3098 1926 quis
3124 1865 3174 1912 te
3206 1855 3258 1909 in
3277 1856 3450 1909 locum
3473 1854 3752 1924 quemdam

2183 1947 2519 2019 splendidum
2548 1949 2569 1979 ³
2591 1948 2864 2003 induceret
2889 1988 2903 2011 ,
2929 1947 3020 2002 ubi
3066 1961 3253 2000 omnes
3293 1945 3541 1999 sederent
3579 1945 3756 1999 aures

2186 2040 2357 2095 induti
2385 2041 2642 2107 vestibus,
2675 2049 2731 2095 et
2754 2040 2807 2094 in
2834 2039 3010 2094 medio
3051 2047 3194 2094 coetu
3229 2036 3392 2090 alium
3427 2033 3752 2097 ostenderet,

2185 2133 2273 2202 qui
2297 2141 2352 2188 et
2371 2140 2570 2188 vestem
2598 2140 2653 2188 et
2675 2132 2864 2202 capitis
2893 2145 3145 2186 coronam
3168 2128 3387 2184 haberet
3410 2143 3476 2182 ex
3495 2126 3756 2198 lapidibus

2187 2231 2392 2277 tantum
2415 2223 2661 2294 pretiosis
2702 2232 3025 2292 eompamas,
3074 2220 3370 2289 deindeque
3418 2219 3756 2289 polliceretur

2188 2323 2240 2368 te
2278 2314 2331 2368 in
2359 2328 2638 2368 numerum
2665 2313 2823 2383 hujus
2854 2311 3034 2382 pepuli
3069 2310 3454 2380 adscripturum
3480 2324 3632 2372 esse;
3662 2323 3756 2362 an.

2187 2419 2292 2459 non
2313 2403 2520 2474 quidvis
2544 2404 2767 2471 faceres,
2794 2412 2851 2457 ut
2867 2403 2971 2457 tale
2991 2402 3313 2472 promissum
3329 2399 3756 2469 consequerere?

2185 2497 2346 2567 Aperi
2374 2512 2513 2552 nunc
2539 2497 2742 2562 oculos,
2772 2505 2826 2551 et
2845 2495 2970 2550 illud
2996 2496 3200 2564 respice
3221 2493 3501 2558 theatrum,
3529 2506 3634 2545 non
3655 2489 3756 2544 hu-

2182 2587 2419 2657 jusmodi
2447 2588 2574 2643 viris
2597 2586 2988 2658 frequentatum
3009 2626 3025 2648 ,
3056 2585 3151 2640 sed
3181 2585 3273 2649 iis,
3297 2583 3386 2654 qui
3431 2591 3486 2636 et
3511 2596 3676 2648 auro,
3706 2591 3759 2636 et

2188 2681 2451 2751 lapidibus
2488 2680 2754 2752 pretiosis,
2787 2687 2842 2734 et
2879 2679 3042 2734 radiis
3068 2677 3349 2741 solaribus,
3377 2684 3433 2730 et
3474 2674 3620 2728 omni
3667 2675 3757 2742 qui

2187 2777 2286 2830 Sttb
2308 2783 2578 2844 aspectum
2603 2773 2742 2828 cadit
2777 2770 3061 2841 Splendore
3078 2813 3092 2834 ,
3120 2770 3275 2838 longe
3299 2767 3565 2837 digniores
3600 2775 3756 2823 sunt:

2187 2883 2293 2923 non
2321 2865 2621 2922 hominibus
2645 2863 2823 2927 modo,
2856 2861 2951 2918 sed
2980 2861 3136 2916 etiam
3167 2860 3229 2914 iis
3249 2861 3338 2930 qui
3359 2858 3597 2912 homines
3625 2857 3762 2910 mul-

2189 2967 2244 3012 to
2289 2959 2460 3027 spatio
2501 2955 2843 3019 antecellunt,
2889 2952 3090 3022 angelis
3137 2965 3349 3020 nempe,
3405 2945 3757 3017 archangelis,

2190 3049 2415 3114 thronis,
2443 3047 2913 3111 dominationibus,
2953 3043 3356 3116 principatibus,
3385 3039 3757 3111 potestatibus.

2192 3140 2271 3194 De
2297 3154 2424 3209 rege
2454 3152 2716 3205 namque,
2742 3136 2912 3206 qualis
2941 3135 3010 3188 sit
3035 3148 3103 3188 ne
3130 3131 3308 3186 dicere
3333 3130 3542 3200 quidem
3572 3143 3759 3198 possu-

2189 3245 2338 3293 mus;
2366 3229 2501 3285 adeo
2521 3241 2820 3283 sermonem
2851 3235 2906 3281 et
2931 3233 3162 3280 mentem
3185 3237 3399 3278 omnem
3424 3219 3760 3290 cxceditejus

2193 3321 2553 3394 pulchritudo,
2584 3319 2812 3389 species,
2842 3317 3113 3388 splendor,
3136 3316 3328 3386 gloria,
3361 3314 3762 3382 majestas,ma-

2188 3413 2512 3484 gniﬁcentia.
2549 3411 2719 3466 Totne
2747 3410 2768 3440 ³
2810 3409 2985 3473 bonis,
3020 3407 3105 3462 dic
3129 3406 3280 3471 milti,
3303 3419 3400 3458 nos
3417 3402 3759 3473 privabimus,

2189 3514 2249 3559 ttt
2273 3505 2600 3560 declinemus
2626 3501 2799 3570 exigui
2824 3501 3076 3570 temporis
3108 3496 3378 3553 laborem?
3403 3495 3536 3549 Nam
3576 3493 3622 3548 si
3646 3493 3764 3547 mil-

2189 3597 2288 3651 lies
2310 3593 2546 3665 quotidie
2566 3592 2897 3647 moriendum
2928 3601 3091 3654 esset,
3118 3591 3161 3644 si
3195 3589 3437 3660 gehenna
3464 3588 3574 3656 ipsa
3604 3584 3765 3639 susti-

2191 3689 2364 3744 nenda
2386 3688 2543 3752 foret,
2568 3695 2625 3741 ut
2643 3685 2910 3740 Christum
2938 3686 2989 3739 in
3010 3684 3174 3754 gloria
3201 3697 3294 3736 sua
3310 3681 3609 3735 venientem
3635 3692 3765 3732 con-

2191 3781 2548 3851 spiceremus,
2598 3786 2652 3833 et
2697 3786 3000 3832 sanctorum
3053 3775 3219 3828 choro
3257 3783 3763 3829 annumeraremur,

2192 3889 2372 3928 nonne
2421 3872 2600 3926 omnia
2646 3871 2737 3924 illa
2789 3868 3002 3924 ferenda
3048 3862 3418 3920 essent?Audi
3449 3859 3572 3931 quid
3625 3858 3768 3913 dicat

2192 3967 2378 4021 beatus
2401 3966 2586 4020 Petrus
2613 3980 2627 4017 :
2655 3963 2850 4016 Bonum
2869 3970 2941 4015 est
2968 3977 3056 4014 uos
3087 3959 3168 4011 hic
3195 3973 3299 4012 esse
3330 3954 3540 4026 (Matth.
3567 3952 3655 4006 17.
3685 3950 3765 4015 4).

2194 4055 2345 4124 Quod
2373 4055 2420 4110 si
2461 4055 2552 4110 ille
2590 4055 2815 4109 obscura
2866 4051 3092 4122 quadam
3137 4056 3421 4116 conspecta
3470 4043 3765 4098 futurorum

2195 4148 2445 4217 imagine,
2468 4147 2643 4201 omnia
2670 4146 2847 4199 statim
2877 4142 3060 4213 rejecit
3080 4140 3145 4193 ab
3163 4139 3361 4201 animo,
3387 4135 3457 4190 ob
3490 4133 3708 4188 inditam
3738 4146 3768 4181 a

2197 4243 2286 4297 tali
2307 4239 2513 4293 visione
2541 4237 2866 4306 voluptatem
2888 4233 3040 4304 :quid
3079 4232 3283 4286 dicetur
3309 4227 3520 4298 quando
3544 4226 3653 4294 ipsa
3682 4239 3770 4277 re-

2197 4349 2316 4388 rum
2361 4330 2561 4385 veritas
2610 4327 2802 4390 aderit,
2856 4323 3087 4395 quando,
3116 4320 3312 4390 apertis
3345 4316 3502 4386 regiis
3529 4312 3767 4374 aedibus,

2198 4426 2370 4495 ipsum
2392 4436 2570 4492 regem
2596 4417 2904 4487 conspicere
2930 4413 3130 4478 licebit,
3149 4426 3253 4466 non
3281 4409 3416 4462 ultra
3440 4406 3492 4460 in
3515 4405 3772 4473 aenigma-

2199 4528 2272 4583 te,
2304 4529 2478 4585 neque
2506 4528 2602 4583 per
2632 4509 2926 4580 speculum,
2964 4505 3058 4560 sed
3115 4503 3248 4558 facie
3293 4499 3361 4555 ad
3409 4497 3619 4561 faciem,
3661 4508 3772 4548 non

2201 4612 2337 4664 ultra
2368 4623 2460 4677 per
2487 4606 2666 4668 fidem,
2691 4602 2784 4658 sed
2804 4615 2900 4671 per
2920 4597 3192 4669 Speciem?

2273 4699 2359 4755 12.
2380 4698 2594 4752 Amissio
2616 4694 2756 4766 regni
2777 4692 2987 4748 catiestis
3013 4689 3211 4760 gravior
3229 4685 3428 4740 uternis
3452 4679 3771 4736 cruciatibus.

2201 4825 2272 4834 —
2299 4791 2442 4846 Multi
2461 4803 2591 4843 sane
2620 4795 2762 4853 sunt,
2789 4785 2878 4854 qui
2903 4779 3134 4836 absurdo
3156 4777 3357 4848 judicio
3384 4775 3487 4839 usi,
3514 4789 3544 4827 a
3569 4771 3773 4842 gehen-

2205 4901 2268 4939 na
2295 4883 2465 4938 solum
2488 4878 2701 4935 liberari
2746 4881 3029 4948 peroptant
3060 4888 3073 4923 :
3105 4884 3204 4940 ego
3231 4883 3360 4922 vero
3379 4865 3620 4936 gehenna
3649 4862 3779 4914 mul-

2205 4986 2259 5030 to
2285 4973 2584 5045 graviorem
2613 4984 2731 5025 esse
2759 4980 2969 5037 ptenam
2995 4973 3142 5033 puto,
3169 4975 3275 5013 non
3302 4963 3642 5025 assequutum
3660 4965 3781 5007 esse

2205 5068 2429 5138 gloriam
2452 5061 2799 5130 illam,eique
2843 5057 2932 5127 qui
2978 5053 3100 5108 inde
3150 5049 3407 5106 exciderit
3431 5047 3621 5138 opinor
3671 5058 3780 5138 non

2207 5133 2339 5213 adeo
2354 5154 2640 5226 lugendum
2667 5165 2784 5207 esse
2805 5149 2873 5204 de
2905 5146 3164 5217 gehennae
3190 5140 3344 5196 ntalis
3364 5179 3380 5203 ,
3409 5147 3467 5191 ttt
3493 5136 3561 5191 de
3586 5133 3784 5187 amisso

2207 5252 2457 5308 αιτιοι-ωτι
2510 5260 2676 5316 regno
2718 5242 2849 5297 :hic
2903 5241 3045 5294 enim
3095 5244 3178 5291 est
3227 5232 3494 5288 cruciatus
3547 5226 3783 5284 omnium

2210 5340 2607 5397 acerbissimus.
2647 5335 2800 5391 Nunc
2840 5342 2985 5388 certe
3009 5345 3127 5385 cunt
3154 5341 3332 5397 regem
3382 5322 3623 5377 videmus
3675 5317 3785 5371 fre-

2208 5433 2392 5507 quenti
2411 5447 2532 5487 cum
2551 5427 2799 5485 satellitio
2818 5425 3015 5496 regiam
3042 5421 3349 5484 adeuntem,
3379 5417 3603 5472 clientes
3627 5412 3746 5480 ejus
3770 5451 3786 5474 ,

2275 5612 2290 5644 ί
2328 5616 2492 5665 Deest,
2516 5620 2670 5665 suam,
2696 5605 2746 5654 in
2769 5615 2865 5651 uno
2879 5600 2989 5665 ϐοᾷ.
3020 5659 3030 5665 _
3354 5656 3366 5665 _
3525 5653 3535 5665 .
3617 5653 3648 5665 ..

2272 5675 2293 5705 '
2317 5653 2670 5722 sa'viti'éiiiiih's'
2687 5653 2798 5715 Cod.
2814 5678 2918 5727 pro,
2941 5663 2992 5712 in
3014 5659 3169 5711 locum
3189 5656 3448 5722 quemdam
3463 5653 3788 5717 splendidum.

2213 5736 2412 5790 habent,
2433 5733 2485 5782 iu
2507 5733 2760 5781 theatrum.

2281 5799 2299 5830 ³
2333 5783 2472 5846 savii.
2500 5802 2552 5844 et
2568 5805 2696 5843 unus
2721 5798 2844 5855 post,
2863 5794 3004 5845 tome,
3024 5783 3222 5844 addunt,
3245 5794 3302 5831 ac
3319 5788 3479 5831 tantis.
