4096 6392
309 381 407 438 ΞΜ

315 494 522 558 δεκτός,
566 495 670 560 ἓως
693 497 872 568 ἡμέρα
919 500 1213 569 σωτηρίας,
1243 500 1347 564 ἐως
1381 502 1550 573 πολλὴ
1576 503 1672 574 τῆς
1703 507 1993 574 μετανοίας

315 582 348 651 ἡ
384 580 554 650 ἰσχύς.
577 580 710 633 Οὐδὲ
737 581 844 654 γὰρ
862 587 928 638 τά
956 587 1221 654 εἰρημένα
1247 586 1406 655 μόνον
1428 587 1575 656 ἡμᾶς
1601 587 1877 653 ἐκδέξεται
1897 591 1993 660 ρᾳ-

317 664 666 734 θυμήσαντας
693 667 861 731 κακά,
895 667 1029 721 ἀλλὰ
1064 670 1159 721 καὶ
1187 668 1351 740 ’έτερα
1386 669 1567 740 πολλῷ
1602 670 1808 724 τούτων
1829 672 1992 741 χαλε-

318 745 760 818 πώτερα.Ταῦτα
778 753 874 820 μὲν
895 754 1001 822 γὰρ
1029 755 1086 806 ἐν
1109 755 1173 823 τῇ
1204 753 1422 824 γεέννῃ,
1449 755 1544 807 καὶ
1576 754 1782 808 τούτων
1809 757 1997 826 πικρό-

315 846 450 899 τερα
470 847 483 859 ·
518 833 550 902 ἡ
583 831 639 883 δὲ
688 833 794 885 τῶν
825 835 1045 902 ἀγαθῶν
1091 836 1411 899 ἀπόπτωσις
1454 837 1727 907 τοσαύτην
1752 837 1866 907 ἔχει
1895 837 1996 908 τὴν

317 913 529 982 ὀδύνην,
545 915 812 987 τοσαύτην
848 918 946 988 τὴν
973 919 1148 988 θλῖψιν
1181 921 1272 973 καὶ
1302 919 1402 991 τὴν
1431 922 1819 993 στενοχωρίαν,
1846 921 1922 985 ὡς
1946 923 1995 974 εἰ

319 997 413 1049 καὶ
441 996 680 1066 μηδεμία
695 1000 935 1070 τιμωρία
961 1005 1074 1065 τοῖς
1101 1002 1336 1056 ἐνταῦθα
1361 1005 1769 1074 ἁμαρτάνουσιν
1796 1004 1992 1069 ἔκειτο,

317 1079 487 1151 αὐτὴν
519 1082 640 1135 καθ’
664 1085 865 1155 ἑαυτὴν
897 1086 1254 1156 ἀρκέσαιτῶν
1286 1087 1343 1138 ἐν
1367 1089 1431 1156 τῇ
1465 1087 1656 1158 γεέννῃ
1675 1087 1997 1158 βασανιστη-

316 1162 449 1232 ρίων
475 1166 796 1238 πικρότερον
817 1168 1002 1220 δακεῖν
1031 1181 1080 1234 ιι,
1108 1169 1200 1221 καὶ
1225 1167 1554 1240 συνταράξαι
1588 1171 1685 1233 τὰς
1723 1171 1996 1241 ἡμετέρας

315 1245 514 1316 ψυχάς.

389 1337 474 1385 ια’.
497 1331 781 1402 Ἐννόησον
793 1335 901 1405 γάρ
917 1351 1005 1404 μοι
1136 1332 1281 1404 ζωῆς
1409 1333 1745 1388 κατάστασιν
1759 1334 1994 1404 ἐκείνης,

317 1412 439 1465 καθ’
476 1415 598 1466 ὅσον
622 1417 871 1483 ἐννοῆσαι
902 1416 1126 1469 δυνατόν
1153 1434 1165 1445 ·
1219 1418 1354 1486 πρὸς
1382 1416 1491 1489 γὰρ
1518 1419 1617 1489 τὴν
1649 1417 1806 1484 ἀξίαν
1825 1417 1999 1480 οὐδεὶς

315 1498 448 1566 ἡμῖν
479 1498 703 1563 ἀρκέσει
741 1497 917 1568 λόγος·
948 1499 1062 1553 ἀλλ’
1096 1499 1156 1566 ἐξ
1183 1495 1259 1554 ὧν
1288 1501 1560 1571 ἀκούομεν
1590 1500 1779 1573 ὥσπερ
1801 1500 1890 1555 διά
1927 1519 2001 1554 τι-

317 1597 424 1632 νων
447 1582 786 1652 αἰνιγμάτων
801 1582 952 1636 λάϐω
960 1583 1060 1654 μέν
1077 1600 1198 1637 τινα
1217 1585 1516 1652 φαντασίαν
1543 1583 1714 1654 αὐτῆς
1727 1584 1996 1656 ἀμυδράν.

317 1661 582 1730 Ἀπέδρω
624 1666 809 1735 φησιν,
853 1665 1039 1732 ὀδύνη
1073 1665 1172 1718 καὶ
1219 1667 1387 1733 λύπη
1424 1667 1521 1721 καὶ
1548 1669 1902 1736 στεναγμός.
1935 1667 2000 1719 Τί

317 1740 409 1796 οὗν
439 1745 644 1818 ταύτης
679 1747 1092 1820 μακαριώτερον
1107 1749 1304 1818 γένοιτ’
1326 1749 1390 1802 ἂν
1410 1751 1509 1821 τῆς
1528 1750 1672 1821 ζωῆς
1691 1767 1704 1814 ;
1722 1752 1835 1804 Οὐκ
1855 1751 2001 1803 ἔστιν

319 1830 438 1881 ἐκεῖ
460 1831 652 1884 πενίαν
672 1832 844 1885 δεῖσαι
869 1834 964 1886 καὶ
1005 1834 1190 1886 νόσον·
1229 1833 1329 1886 οὐκ
1373 1833 1520 1886 ἔστιν
1560 1833 1852 1888 ἀδικοῦντα
1881 1834 2002 1887 οὐδὲ

319 1912 670 1984 ἀδικούμενον
719 1916 865 1978 ἰδεῖν,
901 1917 960 1968 οὐ
983 1915 1359 1986 παροξύνοντα
1411 1918 1505 1970 καὶ
1535 1916 1999 1988 παροξυνόμενον,

319 1996 418 2048 οὐκ
450 1995 800 2068 ὀργιζόμενον
821 2039 834 2060 ,
861 1999 922 2051 οὐ
955 1998 1317 2068 βασκαίνοντα
1337 2041 1351 2063 ,
1381 2000 1482 2052 οὐκ
1516 1999 1783 2071 ἐπιθυμίᾳ
1816 1999 2003 2069 ἀτόπῳ

321 2078 672 2148 φλεγόμενον,
701 2082 800 2150 οὐχ
832 2082 972 2150 ὑπὲρ
1011 2083 1109 2152 τῆς
1142 2082 1251 2135 τῶν
1285 2082 1604 2150 ἀναγκαίων
1655 2082 1892 2136 ἀλύοντα
1919 2099 2004 2152 χο-

325 2162 540 2232 ρηγίας,
559 2164 657 2234 οὐχ
670 2165 811 2234 ὐπέρ
828 2166 1003 2235 ἀρχῆς
1022 2165 1112 2219 καὶ
1140 2165 1460 2229 δυναστείας
1482 2168 1836 2236 κοπτόμενον·
1857 2166 2005 2218 πᾶσα

322 2245 477 2316 γάρὴ
497 2245 633 2318 ζάλη
664 2247 772 2300 τῶν
797 2249 854 2300 ἐν
881 2249 1010 2318 ἡμῖν
1040 2247 1233 2301 παθῶν
1263 2248 1552 2301 σϐεσθεῖσα
1578 2247 2006 2309 άπόλλυται,κα“ι

325 2330 504 2382 πάντα
537 2333 595 2382 ἐν
624 2333 810 2402 εἰρήνῃ
838 2333 933 2384 καὶ
953 2330 1263 2403 εὐφροσύνῃ
1290 2332 1442 2384 ἐσται
1473 2332 1567 2386 καὶ
1597 2331 1806 2402 χαρᾷιι,
1829 2331 2008 2384 πάντα

324 2409 476 2464 εὔδια
509 2413 603 2465 καὶ
623 2413 852 2483 γαληνὰ,
878 2414 1055 2466 πάντα
1080 2413 1262 2483 ἡμέρα
1281 2415 1374 2466 καὶ
1394 2413 1722 2486 λαμπρότης
1744 2414 1837 2467 καὶ¹
1867 2413 2005 2481 φῶς,

326 2495 442 2562 φῶς
467 2495 527 2547 οὐ
554 2496 714 2549 τοῦτο
740 2497 802 2549 τὸ
829 2495 925 2548 νῦν
942 2536 956 2556 ,
1015 2495 1130 2549 ἀλλ’
1158 2496 1344 2567 ἕτερον
1371 2497 1563 2550 τούτου
1586 2496 1844 2549 τοσοῦτον
1877 2495 2011 2566 λαμ-

328 2578 614 2649 πρότερον,
637 2581 761 2633 ὅσον
795 2579 1072 2649 λυχνιαίου
1126 2578 1286 2632 τοῦτο
1328 2579 1702 2652 φαιδρότερον.
1733 2577 1870 2632 Οὔτε
1902 2579 2009 2647 γάρ

327 2663 444 2714 ἐκεῖ
470 2663 656 2725 νυκτὶ,
704 2661 826 2715 οὐτε
860 2662 1132 2732 συνδρομῇ
1179 2661 1483 2731 κρύπτεται
1518 2674 1542 2701 ο
1611 2663 1790 2729 νεφῶν
1828 2661 1853 2700 d
1881 2680 1893 2691 ·
1948 2663 2008 2713 οὐ

328 2747 472 2799 καίει
496 2747 590 2800 καὶ
613 2747 886 2817 φλέγειτά
914 2746 1173 2816 σώματα·
1218 2745 1343 2797 οὐτε
1383 2746 1492 2817 γάρ
1520 2745 1637 2811 νὺξ,
1658 2744 1779 2798 οὐτε
1805 2745 2010 2811 ἑσπέρα

329 2831 462 2883 ἐκεῖ.
489 2831 548 2882 οὐ
568 2829 753 2901 κρύος,
775 2829 836 2882 οὐ
863 2828 1088 2891 Θάλπος,
1104 2829 1204 2881 οὐκ
1223 2828 1354 2898 άλλη
1367 2846 1450 2890 τις
1474 2827 1691 2898 τροπῶν
1718 2827 2006 2897 μεταϐολή·

329 2912 620 2984 ἀλλ’ἐτέρα
653 2930 736 2975 τις
767 2913 1100 2974 κατάστασις
1130 2911 1376 2982 τοιαύτη,
1409 2911 1474 2982 ἢν
1501 2913 1549 2963 οἱ
1585 2910 2012 2974 καταξιωθέντες

331 2995 564 3049 εἴσονται
601 2996 778 3066 μόνοι·
813 2997 911 3048 οὐκ
949 2996 1062 3047 ἔστι
1095 2996 1272 3065 γῆρας
1307 2995 1441 3055 ἐκεῖ,
1471 2992 1592 3046 οὔτε
1624 2993 1694 3046 τὰ
1724 2993 1818 3046 τοῦ
1849 3004 1872 3030 θ
1908 2993 2011 3061 γή-

335 3096 440 3150 ρως
474 3079 640 3140 κακὰ,
673 3077 810 3132 ἀλλά
833 3079 1010 3131 πάντα
1045 3076 1289 3131 ἐκποδὼν
1317 3077 1527 3144 γίνεται
1560 3076 1627 3129 τά
1657 3077 1756 3147 τῆς
1787 3075 2010 3145 φθορᾶς,

331 3163 427 3232 τῆς
455 3163 734 3234 ἀφθάρτου
772 3162 930 3232 δόξης
963 3161 1271 3233 κρατούσης
1293 3159 1594 3231 πανταχοῦ.
1628 3160 1701 3212 Τὸ
1734 3159 1791 3212 δὲ
1809 3159 2013 3212 τούτων

332 3247 587 3300 ἁπάντων
615 3246 818 3317 μεῖζον,
842 3246 902 3298 τὸ
927 3249 1024 3316 τῆς
1047 3246 1186 3316 πρὸς
1213 3245 1305 3298 τὸν
1343 3244 1576 3310 Χριστὸν
1608 3243 1825 3312 ὁμιλίας
1876 3243 2014 3295 ἀπο-

331 3329 515 3383 λαύειν
531 3329 813 3399 διηνεκῶς,
833 3329 971 3399 μετὰ
999 3328 1271 3396 ἀγγέλων,
1310 3326 1449 3398 μετά
1475 3325 1849 3397 ἀρχαγγέλων,
1877 3325 2015 3396 μετά

333 3413 441 3464 τῶν
474 3413 731 3482 ἀνωτέρω
770 3412 1071 3482 δυνάμεων.
1107 3413 1212 3464 Ἴδε
1235 3411 1327 3463 τὸν
1348 3411 1574 3481 οὐρανὸν
1620 3409 1736 3471 νῦν,
1769 3409 1861 3462 καὶ
1904 3407 2018 3460 διά-

333 3497 460 3566 ϐηθι
493 3496 569 3567 τῷ
602 3495 848 3565 λογισμῷ
880 3495 1014 3567 πρὸς
1054 3493 1071 3532 ί
1111 3494 1179 3547 τά
1212 3494 1353 3564 ὑπὲρ
1380 3495 1470 3546 τὸν
1499 3492 1748 3563 οὐρανὸν,
1806 3491 2018 3560 λόγισαι

337 3583 431 3650 τῆς
465 3582 694 3642 κτίσεως
751 3579 970 3651 ἀπάσης
1026 3579 1117 3632 τὸν
1166 3578 1729 3648 μετασχηματισμόν·
1795 3577 1853 3629 οὐ
1909 3576 2019 3645 γὰρ

335 3663 557 3732 τοιαύτη
579 3667 747 3734 μενεῖ,
767 3663 899 3716 ἀλλά
926 3662 1102 3732 πολλῴ
1121 3663 1354 3715 καλλίων
1373 3661 1524 3714 ἔσται
1548 3662 1640 3714 καὶ
1668 3660 2016 3738 φομδροτέρα,

339 3748 432 3799 καὶ
455 3749 564 3817 ὅσῳ
597 3746 794 3816 μᾶλλον
827 3745 1089 3815 μολύϐδου
1120 3746 1257 3817 πρὸς
1291 3746 1491 3816 χρυσὸν
1521 3744 1922 3797 ἀποστίλϐοντα
1956 3744 2018 3796 τὸ

343 3833 523 3901 μέσον,
551 3831 803 3884 τοσοῦτον
831 3831 930 3899 τῆς
955 3830 1301 3900 κατασκευῆς
1325 3829 1528 3899 ταύτης
1556 3827 1704 3881 ἔσται
1732 3828 1955 3898 βελτίων
1987 3830 2019 3898 ή

339 3919 484 3977 τότε,
547 3915 730 3978 καθὼς
774 3915 870 3967 καὶ
904 3916 932 3966 ὁ
969 3916 1239 3985 μακάριος
1276 3913 1488 3976 Παῦλός
1525 3930 1707 3983 φησιν·
1773 3914 1893 3964 ’Ὁτι
1921 3915 2020 3965 καὶ

231 4019 248 4035 ·
340 4000 493 4069 αὑτὴ
525 4002 562 4068 ἠ
591 4000 788 4064 κτίσις
840 3997 1387 4065 ἐλευθερωθήσεται
1439 3996 1559 4050 ἀπὸ
1598 3995 1710 4064 τῆς
1741 3995 2024 4059 δουλείας

343 4084 452 4152 τῆς
479 4081 722 4153 φθορᾶς.
741 4083 854 4136 Νῦν
890 4083 987 4153 μὲν
1018 4082 1127 4152 γάρ
1163 4083 1257 4134 διτε
1279 4081 1484 4151 φθορᾶς
1509 4079 1829 4150 μετέχουσα,
1855 4077 2025 4132 πολλὰ

347 4171 541 4240 πάσχει
579 4163 668 4222 οἵα
689 4168 756 4221 τά
781 4166 1007 4220 τοιαῦτα
1045 4165 1274 4236 σώματα
1315 4165 1548 4234 πάσχειν
1597 4163 1772 4226 εἰκός·
1809 4163 1930 4216 τότε
1969 4162 2026 4215 δὲ

343 4255 512 4308 ταῦτα
532 4253 914 4323 άποδυσαμένη
947 4252 1146 4312 πάντα,
1172 4249 1449 4320 ἄφθαρτον
1478 4252 1502 4287 κ
1531 4250 1668 4318 ἡμῖν
1697 4247 2026 4312 ἐπιδείξεται

343 4342 442 4407 τὴν
469 4338 831 4409 εὐπρέπειαν·
864 4337 1052 4408 ἐπειδὴ
1094 4337 1202 4408 γάρ
1252 4335 1504 4406 ἄφθαρτα
1542 4333 1730 4403 μέλλει
1775 4332 2026 4402 δέχεσθαι

346 4423 595 4493 σώματα,
618 4423 712 4475 καὶ
726 4421 863 4491 αὐτὴ
893 4420 1078 4473 λοιπὸν
1112 4421 1206 4472 ἐπὶ
1239 4419 1300 4472 τὸ
1333 4421 1584 4489 κρεῖττον
1621 4432 2028 4487 μετασχηματιο

345 4505 626 4576 σθήσεται.
656 4503 907 4574 Οὐδαμοῦ
940 4504 1061 4555 τότε
1093 4501 1281 4564 στάσις
1311 4500 1407 4553 καὶ
1443 4499 1611 4570 μάχη·
1654 4499 1824 4568 πολλὴ
1861 4497 1968 4568 γάρ
1992 4498 2026 4568 ἡ

350 4589 634 4660 συμφωνία
657 4587 751 4640 τοῦ
769 4586 930 4657 χοροῦ
959 4586 1068 4639 τῶν
1098 4585 1289 4652 ἁγίων,
1325 4583 1443 4655 [16]
1468 4583 1685 4636 πάντων
1712 4582 2029 4650 ὁμογνωμο⁸

347 4672 581 4725 νούντων
623 4670 874 4738 ἀλλήλοις
907 4670 1014 4722 ἀεί.
1057 4669 1170 4721 Οὐκ
1202 4667 1349 4720 ἐστιν
1394 4667 1512 4719 ἐκεῖ
1552 4664 1798 4717 διάϐολον
1829 4663 2024 4726 δεῖσαι,

348 4757 443 4809 καὶ
461 4755 731 4826 δαιμόνων
754 4752 1062 4816 ἐπιϐουλὰς.
1083 4753 1143 4805 οὐ
1165 4751 1390 4820 γεέννης
1415 4749 1666 4818 ἀπειλὴν,
1691 4748 1752 4800 οὐ
1776 4746 2025 4810 θάνατον,

347 4839 410 4892 οὐ
441 4837 630 4892 τοῦτον
654 4837 745 4891 τὸν
781 4836 876 4888 νῦν
897 4877 910 4899 ,
970 4837 1030 4888 οὐ
1059 4836 1150 4888 τὸν
1191 4833 1373 4904 πολλῷ
1400 4831 1591 4886 τούτου
1646 4827 2028 4901 χαλεπώτερον

349 4921 577 4986 ἐκεῖνον,
609 4920 744 4972 ἀλλά
783 4913 891 4981 πᾶς
914 4921 941 4972 ό
965 4917 1206 4981 τοιοῦτος
1231 4917 1450 4970 λέλυται
1483 4914 1667 4984 φόϐος.
1709 4915 1818 4966 Καὶ
1855 4911 2029 4965 καθά-

350 5021 456 5076 περ
495 5005 706 5058 παιδίον
736 5002 1013 5074 βασιλικὸν
1061 5002 1326 5072 πρότερον
1357 5003 1413 5052 ἐν
1459 4998 1669 5052 εὐτελεῖ
1698 4995 2032 5070 τρεφόμενον

351 5089 616 5160 σχήματι,
665 5087 757 5140 καὶ
805 5086 910 5138 ὑπὸ
940 5085 1102 5152 φόὸον
1137 5085 1196 5138 ὂν
1229 5084 1323 5137 καὶ
1363 5083 1595 5144 ἀπειλάς
1617 5123 1630 5144 ,
1681 5079 1822 5132 ὥστε
1862 5079 2029 5149 μὴτῇ

351 5172 532 5224 ἀνέσει
567 5171 820 5238 γενέσθαι
848 5173 1028 5240 χεῖρον
1051 5170 1146 5221 καὶ
1175 5170 1273 5236 τῆς
1303 5167 1577 5238 πατρικῆς
1597 5164 1816 5229 ἀνάξιον
1835 5163 1936 5232 κλη
1948 5179 2034 5230 ρο-

355 5253 565 5324 νομίας,
591 5252 813 5306 ἐπειδάν
829 5253 980 5314 είςτὺ
999 5250 1278 5320 βασιλικὸν
1303 5249 1476 5302 ἐλθεῖν
1497 5250 1521 5288 ιι
1543 5246 1759 5318 ἀξίωμα
1774 5247 1888 5316 δέῃ,
1906 5246 2034 5298 πάν-

415 5372 441 5399 ⁸
472 5370 580 5419 Duo
598 5384 714 5418 mss.
735 5370 936 5418 δάκνειν.
963 5369 1083 5416 Ιιιὶό.
1108 5382 1233 5416 unus
1256 5366 1604 5429 συνταράττειν.

411 5431 446 5472 ι
469 5432 580 5481 Sav.
605 5440 794 5480 elunus
821 5433 927 5480 cod.
940 5431 1094 5478 πάντα
1105 5431 1261 5492 εἰρήνη
1276 5423 1416 5492 ἔσται’
1431 5429 1510 5492 καὶ
1525 5425 1784 5492 εὐφροσύνῃ
1798 5423 2029 5492 καὶχαρά.

421 5497 444 5523 θ
470 5493 622 5544 Savil.
647 5501 702 5542 et
723 5506 851 5541 unus
873 5493 981 5541 cod.
1008 5486 1311 5539 καλύπτεται.
1348 5490 1498 5537 Paulo
1525 5486 1635 5550 post
1659 5488 1808 5534 μανία.
1841 5486 2032 5548 κρυμοί,

355 5567 486 5617 nan
509 5557 615 5604 cod.
642 5556 838 5617 κρυμός,
864 5553 1036 5617 Morel.
1064 5561 1118 5600 et
1135 5554 1218 5617 alji
1242 5551 1398 5617 κρύος.

419 5569 486 5603 Ius
509 5567 615 5604 eoa.
642 5573 674 5603 κ
734 5567 838 5617 μος,
866 5567 1036 5603 morel.
1064 5567 1218 5601 etalll
1242 5569 1273 5598 κ
1301 5567 1398 5606 υος.

419 5615 446 5656 ἀ
479 5619 561 5682 Sic
611 5571 759 5682 eligit
797 5617 928 5682 liunc
971 5616 1128 5682 lociim
1161 5567 1402 5682 ngilius;
1442 5610 1647 5682 legebat
1698 5607 2035 5682 Monl[...."xai

361 5680 628 5742 ’.αμπρότης
651 5679 731 5726 καὶ
754 5680 869 5742 φῶς,
910 5677 1098 5742 καὶ-οὐᾼ
1131 5673 1341 5742 τοῦτοεί..
1375 5673 1544 5721 τούτου
1587 5672 1887 5742 τοσούτῳηλ.
1922 5672 2035 5718 ὅσον

433 5860 452 5900 1
483 5863 566 5912 Sic
584 5863 714 5912 bene
732 5863 882 5912 Savil.
909 5860 1093 5912 Deerat
1114 5861 1244 5924 πρός.

431 5924 456 5963 ⁸
480 5925 630 5974 Savil.
658 5931 711 5972 ρῐ
735 5938 861 5972 unus
891 5915 1344 5987 oiqaﬁaptovfldorel.
1371 5928 1424 5972 et
1443 5921 1526 5972 alii
1553 5919 1748 5983 ἄφατον.
1781 5915 1936 5965 Vetus
1962 5916 2037 5964 in-

366 5996 562 6047 Ierprea
580 5987 704 6047 legit
725 5987 974 6048 ἄφθαρτον.

426 6045 457 6085 κ
474 6045 701 6097 8ΞινίΙ.ἐι
728 6045 862 6096 uhus‘
876 6048 979 6095 cod.
1008 6045 1264 6098 προελθεῖν.

803 6139 1069 6194 ι’Λτιιοι..
1115 6132 1229 6188 (in.
1287 6127 1505 6186 XLV”

1536 389 1626 441 an
1667 387 2097 474 τιιεουοιιωι
2151 389 2454 446 LAPSUM.
2503 391 2532 442 ι.

3668 389 3775 449 992

2099 525 2167 560 τα
2194 507 2406 579 ἀθρόως
2429 506 2615 558 ἐκεῖνα
2650 491 3171 588 μεταμφιασάμενον
3219 504 3476 574 ἐξαίφνης
3504 504 3640 574 μετά
3676 506 3775 575 τῆς

2101 590 2434 662 άλουργίδος,
2460 588 2553 641 καὶ
2588 586 2681 639 τοῦ
2716 585 3085 657 διαδήματος,
3121 588 3213 639 καὶ⁹
3247 587 3342 640 τοῦ
3391 586 3626 658 πλήθους
3664 589 3776 643 τῶν

2097 673 2433 744 δορυφόρων,
2472 669 2613 742 μετά
2645 668 2845 739 πολλῆς
2868 669 3210 740 προκάθηται
3233 669 3332 739 τῆς
3355 671 3685 742 παρρησίας,
3708 675 3776 724 τά

2097 753 2331 808 ταπεινά
2378 754 2470 806 καὶ
2509 751 2730 824 κατηφῆ
2767 752 2928 822 ῥίψας
2957 754 2973 793 ί
3010 753 3118 805 ἀπὸ
3152 753 3252 821 τῆς
3273 752 3470 823 ψυχῆς,
3495 754 3591 806 καὶ
3614 755 3777 826 ἔτερα

2097 838 2212 893 ἀντ’
2234 837 2458 890 ἐκείνων
2473 834 2674 889 λαϐών·
2695 833 2838 888 οῦτω
2853 837 2949 890 καὶ
2967 837 3088 889 τότε
3105 853 3169 888 συ
3178 836 3445 906 μδήσεται
3462 839 3577 900 τοῖς
3600 837 3777 906 ἀγίοις

2099 923 2254 975 πᾶσι.
2280 922 2392 975 Καὶ
2423 921 2505 973 ὅτι
2530 920 2590 972 οὐ
2617 919 2912 989 κόμποςτά
2936 921 3180 990 ῥήματα,
3210 917 3572 992 πορευθῶμεν
3593 918 3688 972 ἐπὶ
3718 920 3778 972 τὸ

2097 1005 2223 1074 ὅρος
2254 1003 2332 1074 τῷ
2369 1003 2534 1074 λόγῳ,
2569 1001 2700 1056 ἔνθα
2727 1003 3124 1074 μετεμορφώθη
3160 1002 3418 1073 Χριστός·
3455 1001 3654 1072 ἴδωμεν
3676 1003 3777 1055 αὐ-

2097 1087 2188 1139 τὸν
2215 1086 2501 1156 λάμποντα
2525 1084 2714 1158 ὥσπερ
2738 1085 2977 1156 ἔλαμψε·
3001 1087 3180 1139 καίτοι
3205 1102 3268 1154 γε
3290 1085 3412 1138 οὐδὲ
3433 1085 3574 1138 οὕτω
3598 1089 3779 1139 πᾶσαν

2099 1171 2229 1241 ἡμῖν
2249 1163 2449 1234 ἐδειξεὶ
2483 1171 2579 1242 τὴν
2606 1170 2698 1223 τοῦ
2723 1169 3004 1240 μέλλοντος
3029 1168 3223 1232 αἰῶνος
3245 1167 3626 1238 λαμπρότητα.
3655 1167 3778 1222 Ὅτι

2098 1253 2206 1324 γάρ
2235 1254 2643 1322 συγκατάϐασις
2665 1254 2726 1306 τὸ
2760 1254 3082 1323 φαινόμενον
3112 1249 3202 1324 ἦν,
3227 1253 3340 1306 ἀλλ’
3373 1254 3474 1306 οὐκ
3522 1252 3780 1317 ἐπίδειξις

2099 1337 2191 1389 τοῦ
2220 1338 2542 1410 πράγματος
2576 1337 2829 1408 ἀκριϐὴς,
2854 1339 2947 1390 ἀπ’
2980 1337 3162 1390 αὐτῶν
3195 1337 3352 1406 δῆλον
3384 1339 3492 1390 τῶν
3517 1338 3781 1408 ῥημάτων

2099 1422 2193 1474 τοῦ
2216 1423 2628 1492 εὐαγγελιστοῦ.
2649 1422 2713 1474 Τί
2739 1423 2846 1492 γάρ
2878 1439 3075 1492 φησιν;
3097 1424 3407 1490 Ἕλαμψεν
3431 1422 3558 1488 ὠςό
3581 1421 3776 1489 ἣλιος.

2112 1505 2174 1557 Ἠ
2201 1506 2257 1558 δέ
2281 1505 2389 1559 τῶν
2417 1505 2710 1576 ἀφθάρτων
2747 1506 3014 1575 σωμάτων
3045 1504 3172 1571 δόξα
3211 1507 3272 1558 οὐ
3301 1505 3555 1558 τοσοῦτον
3586 1504 3780 1576 ἀφίησι

2101 1589 2162 1642 τὸ
2191 1589 2326 1658 φῶς,
2370 1591 2496 1643 ὅσον
2524 1589 2682 1642 τοῦτο
2709 1589 2770 1643 τὸ
2798 1589 2957 1660 σῶμα
2991 1590 3050 1641 τὸ
3085 1588 3345 1658 φθαρτὸν,
3383 1589 3505 1642 οὐδὲ
3539 1589 3780 1644 τοιοῦτον

2101 1668 2211 1726 οἷον
2239 1674 2334 1726 καὶ
2369 1673 2584 1744 θνητοῖς
2607 1673 2814 1744 ὄμμασι
2837 1671 3092 1740 γενέσθαι
3114 1671 3381 1742 χωρητδν,
3400 1671 3537 1724 ἀλλά
3569 1669 3782 1740 ἀφθάρ-

2101 1773 2209 1808 των
2242 1758 2337 1810 καὶ
2376 1756 2658 1809 ἀθανάτων
2701 1755 2954 1826 δεόμενον
2981 1754 3277 1824 ὀφθαλμῶν
3325 1755 3460 1826 πρὸς
3499 1755 3598 1824 τὴν
3653 1752 3783 1806 θέαν

2103 1839 2290 1893 αὐτοῦ.
2321 1839 2454 1892 Τότε
2485 1840 2542 1892 δέ
2567 1839 2662 1892 ἐπὶ
2691 1837 2786 1891 τοῦ
2818 1838 2980 1910 δρους
3005 1837 3258 1890 τοσυῦτον
3288 1838 3472 1900 αὐτοῖς
3501 1835 3782 1890 ἀπεκάλυ-

2103 1923 2225 1992 ψεν,
2253 1923 2378 1976 ὅσον
2430 1923 2558 1976 ἰδεῖν
2579 1921 2801 1976 δυνατὸν
2846 1918 2946 1992 ἦν,
2978 1920 3072 1974 καὶ
3105 1921 3178 1991 μὴ
3207 1919 3405 1990 βλάψαι
3451 1920 3476 1958 li
3533 1918 3634 1982 τάς
3670 1918 3784 1971 τῶν

2105 2003 2356 2076 ὁρώντων
2383 2004 2675 2074 δψεις·καὶ
2701 2004 2822 2058 οὐδέ
2844 2003 3018 2068 οὕτως
3044 2004 3304 2074 ήνεγκαν,
3334 2004 3448 2056 ἀλλ’
3470 2003 3665 2057 ἔπεσον
3690 2003 3784 2056 ἐπὶ

2108 2089 2396 2160 πρόσωπον
2419 2089 2620 2143 αὐτῶν.
2647 2088 2782 2142 Είπέ
2817 2105 2927 2160 μοι,
2965 2087 3112 2150 εῖτίς
3135 2105 3193 2140 σε
3227 2091 3305 2149 εἰς
3320 2088 3483 2140 τόπον
3510 2086 3633 2140 τινὰ
3659 2103 3785 2156 φαι-

2106 2171 2231 2243 δρὸν
2267 2173 2493 2241 ἢγαγεν,
2551 2173 2679 2226 ἔνθα
2711 2172 2910 2236 πάντες
2945 2173 3211 2242 ἐκάθηντο
3239 2173 3446 2242 χρυσᾶς
3484 2170 3786 2239 ἀναϐεϐλη-

2112 2257 2263 2324 μένοι
2293 2257 2505 2320 στολὰς,
2531 2257 2627 2309 καὶ¹
2652 2259 2708 2309 ἐν
2735 2256 2884 2327 μέσῳ
2900 2255 2976 2326 τῷ
3007 2255 3201 2325 πλήθει
3229 2255 3416 2326 ἐτερόν
3434 2271 3556 2307 τινα
3579 2252 3788 2306 ἐπέδει-

2109 2339 2198 2404 ξεν
2227 2340 2333 2392 ἀπὸ
2363 2341 2526 2393 λίθων
2557 2341 2753 2412 τιμίων
2785 2341 2944 2411 μόνον
2983 2340 3077 2393 καὶ
3101 2339 3170 2392 τὰ
3203 2340 3394 2409 ἱμάτια
3424 2339 3519 2392 καὶ
3548 2338 3639 2390 τὸν
3666 2337 3788 2389 στέ-

2111 2440 2277 2491 φανον
2304 2423 2497 2494 ἔχοντα
2527 2425 2619 2478 τὸν
2655 2424 2749 2477 ἐπὶ
2778 2427 2877 2495 τῆς
2892 2424 3159 2494 κεφαλῆς,
3191 2421 3312 2476 εἶτά
3337 2439 3396 2474 σε
3421 2421 3789 2492 ἐπηγγείλατο

2110 2512 2190 2573 εἰς
2213 2512 2417 2563 ἐκεῖνον
2434 2509 2734 2575 κατατάξαι
2755 2509 2846 2562 τὸν
2872 2510 3062 2579 δῆμον,
3086 2505 3173 2580 ἆρ’
3200 2507 3380 2560 οὐκᾶν
3407 2507 3582 2560 πάντα
3615 2504 3788 2575 ἐπρα-

2112 2593 2227 2658 ξας,
2252 2595 2394 2647 ὥστε
2432 2595 2532 2664 τῆς
2561 2594 2892 2662 ἐπαγγελίας
2921 2595 3124 2658 ταύτης
3169 2595 3388 2661 τυχεῖνς
3425 2590 3789 2643 Ἀναπέτασον

2110 2675 2204 2731 οὖν
2227 2679 2322 2732 καὶ
2356 2679 2450 2732 νῦν
2470 2678 2548 2749 τῷ
2568 2677 2642 2748 νῷ
2667 2679 2791 2741 τοὺς
2817 2676 3145 2746 ὀφθαλμοὺς,
3174 2676 3264 2728 καὶ
3289 2675 3480 2745 βλέψον
3499 2676 3577 2736 είς
3615 2674 3792 2724 ἐκεῖνο

2111 2763 2171 2814 τὸ
2215 2758 2463 2835 θέατρον,
2490 2763 2588 2816 οὐκ
2611 2762 2719 2816 ἀπὸ
2737 2763 2845 2814 τῶν
2875 2762 3130 2814 τοιούτων
3176 2760 3530 2829 συγκείμενον
3559 2756 3789 2827 ἀνδρῶν,

2113 2845 2228 2900 ἀλλ’
2260 2847 2352 2899 ἀπ’
2375 2846 2624 2910 ἐκείνων,
2659 2845 2708 2898 οἳ
2739 2845 2833 2897 καὶ
2862 2843 2956 2896 τοῦ
2985 2841 3210 2913 χρυσοῦ,
3246 2843 3340 2895 καὶ
3371 2841 3480 2894 τῶν
3504 2839 3668 2892 λίθων
3684 2839 3793 2891 τῶν

2112 2930 2332 3000 τιμίων,
2383 2931 2479 2983 καὶ
2507 2929 2616 2982 τῶν
2651 2929 2888 2982 ἀκτίνων
2919 2927 3027 2978 τῶν
3057 2925 3320 2996 ἡλιακῶν,
3347 2926 3440 2978 καὶ
3483 2924 3659 2993 πάσης
3693 2923 3794 2993 τῆς

2113 3014 2398 3084 όρωμένης
2439 3011 2793 3083 φαιδρότητός
2837 3012 2942 3064 εἰσι
2973 3009 3312 3080 τιμιώτεροι,
3357 3009 3452 3061 καὶ
3491 3008 3591 3060 οὐκ
3617 3006 3676 3072 ἐξ
3697 3009 3795 3060 άν-

2117 3097 2144 3150 θ
2153 3097 2352 3168 ρώπων
2385 3097 2660 3166 δέεμόνον,
2689 3095 2824 3148 ἀλλὰ
2857 3095 2952 3148 καὶ
2967 3093 3074 3146 ἀπὸ
3101 3094 3210 3146 τῶν
3234 3093 3414 3163 πολλῷ
3446 3092 3462 3131 ι
3489 3092 3694 3145 τούτων
3715 3107 3798 3144 τι-

2120 3181 2424 3254 μιωτέρων,
2447 3178 2716 3247 ἀγγέλων,
2765 3177 3145 3248 ἀρχαγγέλων,
3173 3176 3397 3247 θρόνων,
3431 3174 3795 3246 κυριοτήτων,

2117 3264 2321 3335 ἀρχῶν,
2357 3261 2636 3326 ἐξουσιῶν.
2662 3261 2799 3332 Περὶ
2833 3261 2942 3332 γὰρ
2960 3260 3055 3312 τοῦ
3080 3260 3342 3330 βασιλέως
3367 3259 3490 3312 οὐδέ
3519 3259 3692 3310 εἰπεῖν
3716 3255 3798 3310 ἐνι

2117 3344 2227 3410 οἷός
2245 3349 2392 3399 ἐστιν
2414 3361 2427 3374 ·
2454 3343 2626 3408 οὕτως
2655 3343 2871 3396 ἅπαντα
2896 3343 3052 3409 λόγον
3093 3342 3188 3396 καὶ
3225 3341 3347 3396 νοῦν
3371 3343 3546 3394 ἐκεῖνο
3579 3338 3800 3408 διαφεύ-

2118 3448 2206 3498 γει
2240 3429 2300 3482 τὸ
2329 3427 2544 3492 κάλλος,
2575 3429 2610 3497 ή
2639 3427 2930 3498 ώραιότης,
2965 3428 2999 3496 ἡ
3031 3426 3374 3496 λαμπρότης,
3412 3427 3445 3494 ἡ
3468 3423 3617 3489 δόξα,
3646 3425 3679 3492 ἡ
3703 3438 3801 3492 μι-

2118 3512 2427 3581 γαλωσύνη,
2463 3513 2496 3580 ἡ
2533 3510 2999 3580 μεγαλοπρέπεια.
3032 3509 3313 3560 Τοσούτων
3361 3505 3454 3560 οὖν
3506 3505 3727 3574 ἀγαθῶν
3757 3513 3800 3544 ll

2120 3596 2569 3666 ἀποστερήσομεν
2607 3594 2855 3653 ἑαυτοὺς,
2889 3592 3010 3643 εἰπέ
3049 3608 3158 3661 μοι,
3192 3591 3278 3643 ἴνα
3299 3590 3372 3660 μὴ
3410 3589 3605 3660 μικρὸν
3636 3604 3804 3640 κακο-

2122 3679 2457 3750 παθήσωμεν
2489 3676 2713 3747 χρόνον;
2750 3676 2812 3728 Εἰ
2842 3675 2948 3746 γὰρ
2987 3676 3214 3745 μυρίους
3251 3672 3372 3726 καθ’
3400 3674 3636 3740 ἑκάστην
3670 3671 3805 3740 ὴμέ-

2126 3779 2227 3832 ραν
2257 3762 2522 3823 θανάτους
2562 3758 2856 3827 ὑπομένειν
2890 3757 3078 3828 ἐχρῆν,
3108 3757 3157 3808 εί
3197 3756 3308 3824 γάρ
3336 3756 3434 3824 τὴν
3453 3753 3676 3821 γέενναν
3707 3753 3804 3804 αὐ-

2123 3845 2241 3914 τὴν,
2268 3845 2407 3914 ὑπὲρ
2427 3841 2520 3896 τοῦ
2543 3843 2633 3894 τὸν
2659 3841 2892 3912 Χριστὸν
2915 3839 3208 3911 ἐρχόμενον
3241 3839 3367 3890 ἰδεῖν
3397 3839 3456 3888 ἐν
3476 3839 3542 3906 τῇ
3563 3835 3689 3907 δόξῃ
3714 3834 3808 3896 qi-

2123 3926 2240 3988 τοῦ,
2259 3926 2354 3979 καὶ
2381 3926 2462 3984 είς
2486 3924 2576 3976 τὸν
2591 3924 2703 3976 τῶν
2738 3923 2908 3988 ἁγίων
2930 3921 3301 3990 καταλεγῆναι
3317 3920 3499 3990 χορὸν,
3514 3919 3616 3972 οὐκ
3638 3917 3806 3988 ἐχρῆν

2127 4008 2242 4081 [171
2263 4008 2480 4061 ἅπαντα
2498 4007 2792 4077 ὑπομένειν
2807 4006 3019 4069 ἐκεῖνα;
3039 4007 3205 4057 Ἀκου
3216 4021 3303 4056 σον
3323 4003 3372 4056 τί
3403 4019 3567 4071 φησιν
3589 4002 3618 4054 ό
3637 4000 3810 4070 μακά-

2129 4109 2242 4163 ριος
2267 4091 2470 4162 Πέτρος
2488 4107 2500 4119 ·
2524 4093 2724 4144 Καλόν
2741 4091 2915 4143 ἐστιν
2935 4087 3092 4158 ἡμᾶς
3107 4083 3222 4140 ὦδε
3239 4083 3411 4139 εἶναι.
3429 4086 3491 4138 Ei
3513 4084 3570 4137 δέ
3599 4085 3806 4144 ἐκεῖνος

2127 4177 2162 4229 ἀ
2170 4175 2375 4246 μυδράν
2387 4191 2506 4226 τινα
2518 4173 2624 4226 τῶν
2656 4173 2958 4244 μελλόντων
2977 4173 3159 4225 εἰκόνα
3176 4169 3322 4233 ἰδὼν,
3341 4169 3519 4223 πάντα
3549 4166 3809 4236 ἐξαίφνης

2127 4258 2352 4329 ἔρριψεν
2385 4258 2493 4310 ἀπὸ
2526 4257 2626 4327 τῆς
2654 4257 2832 4327 ψυχῆς
2865 4255 2951 4308 διὰ
2982 4255 3080 4325 τὴν
3130 4254 3238 4308 ἀπὸ
3265 4254 3365 4324 τῆς
3389 4252 3566 4322 ὅψεως
3593 4250 3809 4317 ἐκείνης

2127 4342 2323 4412 ήδονὴν
2352 4339 2518 4394 αὐτοῦ
2551 4339 2856 4392 ἐντεθεῖσαν
2883 4341 2947 4407 τῇ
2975 4339 3148 4407 ψυχῇ·
3173 4339 3225 4390 τί
3272 4337 3336 4391 ἄν
3374 4353 3457 4398 τις
3487 4333 3653 4395 εἴποι,
3680 4333 3811 4385 ὅταν

2129 4425 2270 4491 αὐτὴ
2297 4424 2408 4476 τῶν
2424 4421 2772 4491 πραγμάτων
2799 4424 2834 4488 ὴ
2854 4420 3081 4489 ἀλήθεια
3099 4419 3500 4490 παραγένηται,
3524 4418 3674 4475 ὅταν,
3699 4414 3811 4468 τῶν

2133 4507 2418 4578 βασιλείων
2430 4504 2774 4572 ἀνοιγέντων,
2789 4504 3145 4557 κατοπτεύειν
3168 4503 3263 4574 ἐξῇ
3281 4503 3370 4554 τὸν
3384 4499 3607 4570 βασιλέα
3624 4499 3808 4562 αὐτὸν,

2135 4591 2329 4662 μηκέτι
2352 4591 2412 4642 ἐν
2429 4588 2732 4658 αἰνίγματι,
2761 4587 2896 4657 μηδέ
2919 4587 2986 4638 δι’
3011 4587 3278 4657 ἐσόπτρου
3293 4596 3341 4650 υ,
3363 4585 3499 4639 ἀλλὰ
3521 4585 3812 4654 πρόσωπον

2132 4674 2270 4744 πρὸς
2295 4673 2606 4742 πρόσωπον,
2645 4671 2842 4740 μηκέτι
2888 4669 2976 4722 διά
3011 4670 3266 4731 πίστεως,
3294 4668 3430 4722 ἀλλά
3472 4665 3561 4720 διὰ
3601 4665 3811 4728 είδους;

2207 4758 2294 4810 ιδ’.
2314 4757 2377 4809 Οἱ
2409 4755 2505 4825 μὲν
2525 4749 2618 4806 οὖν
2641 4753 2827 4806 πολλοὶ
2850 4752 2956 4804 τῶν
2984 4752 3336 4822 άλογωτέρως
3367 4749 3724 4818 διακειμένων
3752 4749 3815 4800 τὸ

2131 4839 2230 4909 τῆς
2264 4839 2485 4908 γεέννης
2505 4835 2885 4905 ἀπαλλαγῆναι
2915 4831 3200 4904 ἀγαπητὸν
3228 4834 3468 4886 τίθενται
3504 4833 3682 4904 μόνον·
3703 4830 3816 4897 ἐγὼ

2131 4920 2190 4972 δέ
2214 4923 2314 4990 τῆς
2327 4920 2554 4989 γεέννης
2581 4917 2762 4988 πολλῷ
2783 4916 3170 4988 χαλεπωτέραν
3194 4915 3414 4969 κόλασιν
3434 4911 3572 4968 εἷναί
3588 4931 3731 4984 φημι
3755 4913 3816 4964 τὸ

2140 5003 2214 5072 μὴ
2247 5000 2503 5070 γενέσθαι
2535 5003 2592 5053 ἐν
2623 5001 2810 5068 ἐκείνῃ
2832 5001 2897 5069 τῇ
2930 4998 3076 5069 δόξῃ,
3109 4999 3204 5050 καὶ
3217 4997 3306 5050 τὸν
3339 4997 3643 5050 ἐκπεσόντα
3673 4998 3816 5048 ἐκεῖ-

2135 5085 2227 5138 θεν
2250 5086 2350 5155 οὐχ
2387 5083 2562 5145 οῦτως
2588 5078 2743 5152 οἶμαι
2768 5081 2877 5134 δεῖν
2905 5082 3121 5133 πενθεῖν
3150 5080 3221 5134 τά
3240 5082 3299 5133 ἐν
3326 5082 3394 5151 τῇ
3419 5080 3614 5150 γεέννῃ
3648 5079 3814 5139 κακά,

2134 5170 2209 5231 ώς
2235 5169 2333 5237 τήν
2367 5167 2686 5220 ἀπόπτωσιν
2719 5163 2816 5234 τὴν
2843 5165 2907 5216 ἐκ
2939 5165 3048 5215 τῶν
3078 5161 3353 5234 οὐρανῶν·
3385 5161 3544 5214 τοῦτο
3577 5159 3685 5230 γὰρ
3718 5159 3817 5227 μός

2137 5267 2225 5302 νον
2257 5251 2475 5304 πάντων
2517 5245 2900 5318 χαλεπώτερον
2927 5246 3006 5309 εἰς
3036 5245 3311 5309 κολάσεως
3349 5244 3508 5313 λόγον
3535 5242 3669 5296 ἐστί.
3704 5241 3817 5293 Νῦν

2152 5414 2154 5416 ⁷
2203 5411 2219 5449 ί
2248 5410 2357 5475 Sav.
2376 5411 2533 5475 ῥίψαν,
2547 5414 2601 5475 ει
2619 5412 2789 5468 postea
2811 5404 3254 5475 laSo’yJeferexigo
3273 5403 3332 5451 ad
3343 5403 3545 5475 παιδίον.
3561 5400 3658 5450 Alii
3682 5401 3820 5464 ῥίψας

2137 5465 2498 5524 ειλαϐών.’Νὸιι
2523 5465 2811 5531 iufréqueus
2831 5476 2910 5515 est
2930 5465 3212 5531 hujusmodi
3229 5467 3544 5514 commulatio
3556 5477 3816 5526 generum.

2203 5537 2219 5588 ί
2253 5535 2404 5583 Savil.
2428 5536 2487 5582 ad
2507 5529 2738 5593 margIet
2758 5543 2885 5578 unus
2908 5531 3013 5593 cod.
3039 5529 3266 5583 ὑπέδειξε.

2203 5601 2229 5638 k
2255 5594 2408 5646 Savil.
2435 5601 2489 5643 ει
2514 5588 2643 5658 unu§
2665 5595 2914 5658 βλαϐῆναι.
2940 5592 3094 5658 Egilio
3115 5589 3448 5658 posgquidam
3479 5588 3820 5658 ms_s..£1teog~g.

2138 5661 2262 5711 Ibid.
2287 5659 2443 5708 αὐτῶν
2464 5659 2609 5704 deest
2629 5650 2678 5704 ili
2700 5668 2799 5703 uno
2825 5655 2933 5702 cod.
2965 5653 3085 5702 Ibid.
3113 5650 3343 5701 SavilIel
3369 5663 3494 5699 unus
3524 5650 3625 5697 εἶπέ
3650 5663 3730 5710 μοι
3750 5650 3821 5706 δὲ,

2139 5726 2180 5771 εἷ
2205 5724 2274 5778 τίς
2307 5737 2362 5769 σε
2385 5722 2450 5776 εἰς
2471 5720 2662 5780 θέατρον
2682 5719 2873 5782 ἤγαγεν,
2896 5717 3258 5782 ιιι-εἰσήγαγεν.
3425 5772 3455 5782 ἢ.

2210 5785 2224 5822 l
2253 5773 2334 5831 Sic
2361 5773 2514 5831 Sairil.
2543 5773 2597 5828 ei
2629 5773 2765 5830 (loli).
2787 5773 2934 5826 imus.
2967 5773 3138 5826 Morel.
3170 5773 3289 5826 iero
3322 5783 3368 5822 ei
3393 5773 3476 5823 alii
3495 5773 3633 5819 πολύ.

2201 5857 2237 5878 ³
2260 5843 2412 5894 Savil.
2447 5851 2500 5891 et
2545 5856 2672 5890 unus
2698 5847 2804 5902 post
2838 5841 3026 5901 ἀγαθῶν
3049 5839 3237 5902 διίόυιιι
3255 5840 3335 5886 καὶ
3366 5836 3679 5902 τηλικούτων1
3705 5831 3820 5902 ’Μαι

2140 5909 2292 5958 Savil.
2319 5914 2371 5954 el
2393 5905 2589 5967 quidam
2615 5896 2732 5952 mss'.
2766 5896 3061 5967 πονεσωμεν,
3087 5901 3262 5967 Morel.
3291 5906 3343 5948 cl
3365 5896 3447 5948 alii
3469 5897 3821 5953 κακοπαθήσαν-

2141 5990 2240 6036 μεν.
2270 5965 2424 6017 Pauld
2448 5974 2557 6028 post
2578 5967 2677 6015 duo
2701 5980 2816 6013 mss.
2852 5965 3101 6028 ὑπομένειν
3119 5965 3228 6026 χρή.

2206 6037 2229 6062 ⁸⁸
2264 6033 2367 6080 Duo
2389 6044 2502 6077 mss.
2532 6030 2578 6076 ἐν
2599 6029 2832 6086 ἐσόπτρω.

2440 6045 2502 6076 κδ.
2532 6045 2578 6076 εν
2599 6045 2832 6076 εσοπτοω.

3331 6105 3402 6163 16
