4096 6392
413 406 517 462 293

414 521 699 587 sermonis,
721 522 931 576 consilii
959 533 1013 577 ct
1031 524 1213 595 gloria:
1234 528 1520 595 participes
1542 570 1555 591 ,
1585 530 1771 585 beatus
1802 534 1998 603 praedi-

416 628 620 675 camus,
657 629 858 683 nosque
889 617 1133 680 miseros,
1166 621 1265 671 etsi
1299 620 1518 676 infinitis
1563 622 1715 678 bonis
1764 628 2002 685 abunde-

420 720 557 769 lllllS,
585 720 809 774 quorum
840 722 1054 761 sensum
1083 726 1188 763 non
1214 712 1554 781 percipimus,
1579 731 1761 770 eorum
1780 718 2001 787 gloriam

422 797 728 863 intuentes;
762 799 971 853 etiamsi
996 816 1329 870 compertum
1359 807 1425 857 sit
1457 806 1627 870 nobis,
1662 807 1802 865 hunc
1823 812 2003 878 Splen-

419 886 606 941 dorem
632 887 872 943 fallacem
904 906 1025 945 esse
1049 893 1372 963 minimeque
1393 907 1619 962 certum,
1656 909 1767 953 tum
1794 901 1863 954 ob
1899 903 2006 956 bel-

423 978 491 1039 la,
524 987 633 1033 tum
664 979 733 1031 ob
763 981 982 1062 insidias
1010 983 1370 1053 invidiamque
1390 1028 1402 1045 ,
1436 997 1542 1039 tum
1564 990 1746 1054 etiam,
1770 992 1911 1060 quod
1943 995 2006 1048 iis

422 1071 670 1125 ouinibus
700 1073 948 1141 sepositis
981 1075 1094 1142 ipse
1123 1090 1220 1143 per
1267 1092 1325 1129 se
1384 1093 1477 1145 pro
1524 1078 1688 1133 nihilo
1734 1081 2006 1140 habendus

423 1165 511 1215 sit.
546 1167 621 1218 Ac
655 1165 741 1219 ubi
788 1167 964 1235 agitur
1004 1168 1069 1220 de
1121 1167 1266 1238 Rege
1324 1172 1711 1239 universorum,
1761 1175 1850 1244 qui
1902 1192 2004 1230 non

426 1264 653 1321 partem,
685 1255 777 1308 sed
804 1270 993 1326 gyrum
1043 1264 1208 1309 totum
1255 1266 1407 1311 terra:
1462 1260 1714 1326 possidet,
1765 1264 1871 1316 imo
1918 1267 2006 1332 qui

425 1355 591 1399 totam
612 1347 759 1401 illam
789 1364 963 1418 pugno
982 1352 1352 1418 complectitur
1372 1392 1387 1416 ,
1420 1359 1475 1404 et
1498 1353 1672 1421 palmo
1701 1357 1861 1409 cados
1890 1373 2004 1409 me-

428 1439 575 1502 titur,
593 1438 681 1508 qui
711 1449 884 1508 portat
911 1440 1088 1493 omnia
1134 1442 1297 1495 verbo
1323 1443 1530 1496 virtutis
1559 1456 1687 1507 Sine,
1714 1446 1797 1498 cni
1821 1460 2008 1503 omnes

429 1543 614 1601 gentes
644 1533 792 1601 quasi
821 1532 954 1586 nihil
973 1543 1023 1587 et
1041 1535 1190 1602 quasi
1205 1535 1367 1587 saliva
1390 1545 1764 1604 computantur
1791 1554 1806 1591 :
1831 1554 2007 1593 annon

431 1623 739 1691 putabimus
788 1636 1087 1679 extremum
1132 1642 1250 1681 esse
1280 1627 1594 1695 supplicium
1616 1671 1630 1695 ,
1660 1630 1702 1681 si
1760 1630 1811 1683 in
1844 1630 2009 1685 choro

430 1715 529 1783 ipsi
549 1715 924 1785 circumposita
946 1732 1048 1770 non
1063 1718 1472 1783 constituamur,
1498 1719 1592 1773 sed
1619 1730 1700 1773 sat
1720 1721 1871 1776 nobis
1889 1737 2009 1777 esse

428 1806 729 1871 credemus,
759 1806 803 1860 si
831 1806 1127 1875 gehennam
1153 1807 1527 1878 emigcrimus?
1569 1810 1704 1877 Quid
1736 1813 1907 1865 anima
1932 1815 2010 1867 sic

431 1895 616 1951 all'ccta
649 1898 1065 1953 miserius'Hlex
1097 1901 1238 1952 enim
1281 1900 1372 1953 ille
1432 1916 1535 1954 non
1582 1902 1710 1971 jugo
1765 1903 2007 1957 alborum

429 1996 691 2047 mulorum
714 2035 727 2057 ,
751 2009 854 2048 non
885 2009 1049 2047 aureo
1092 2010 1250 2049 curru
1277 2004 1489 2058 vectus,
1522 2012 1624 2050 non
1656 2013 1883 2067 purpura
1913 2013 2011 2052 nec

428 2103 624 2141 corona
651 2096 892 2153 ornatus,
924 2104 1028 2141 non
1056 2088 1154 2152 sic,
1188 2089 1426 2158 inquam,
1450 2089 1784 2159 judicaturus
1811 2100 2007 2145 terram

429 2183 625 2233 veniet.

503 2269 805 2323 Testimonia
850 2272 913 2325 de
941 2271 1114 2340 futuro
1144 2272 1359 2342 judicio.
1386 2302 1455 2311 —
1484 2273 1761 2340 Quomodo
1802 2275 1959 2344 igitur
1986 2275 2009 2329 ?

430 2363 563 2416 Audi
589 2363 872 2431 prophetas
894 2363 1187 2418 clamantes
1220 2373 1274 2419 et
1310 2364 1549 2419 dicentes
1574 2407 1587 2430 ,
1612 2376 1866 2434 quantum
1907 2368 2005 2419 ho-

429 2456 661 2509 minibus
689 2456 867 2510 dicere
891 2455 969 2510 fas
998 2466 1081 2511 est
1105 2474 1118 2509 :
1148 2457 1282 2511 alius
1304 2457 1514 2526 quidem
1543 2459 1617 2511 ait
1647 2476 1661 2512 :
1696 2457 1826 2511 Deus
1848 2461 2010 2511 mani-

429 2549 554 2617 feste
577 2547 765 2612 veniet,
792 2546 929 2601 Deus
960 2557 1143 2612 noster,
1170 2558 1216 2601 et
1262 2565 1361 2601 non
1390 2549 1548 2602 silebit
1583 2566 1600 2601 :
1627 2550 1757 2618 ignis
1801 2552 1854 2603 in
1884 2567 2008 2603 con-

428 2645 595 2705 spectu
625 2637 737 2706 ejus
769 2638 1053 2691 exardescet
1077 2681 1090 2702 ,
1120 2649 1165 2691 et
1193 2639 1245 2691 in
1266 2639 1477 2691 circuitu
1506 2640 1614 2709 ejus
1638 2650 1899 2709 tempestas
1923 2656 2011 2693 va-

428 2728 534 2780 lida
558 2744 575 2779 :
600 2731 858 2781 tulvocabit
894 2730 1073 2782 malum
1115 2730 1374 2782 desursum
1395 2772 1408 2793 ,
1432 2740 1479 2784 et
1519 2741 1701 2784 terram
1731 2733 2009 2786 discernere

432 2820 672 2888 populum
697 2838 841 2872 suunt
868 2820 1033 2889 (Psal.
1062 2822 1149 2874 49.
1182 2823 1231 2874 5.
1257 2821 1334 2889 4).
1366 2822 1524 2874 Is:tias
1553 2838 1676 2876 vero
1693 2823 2007 2893 supplicium

431 2912 601 2980 ipsum
651 2911 803 2964 nobis
850 2913 1094 2980 proponit
1131 2912 1211 2967 bis
1249 2912 1425 2966 verbis
1461 2930 1472 2964 :
1506 2912 1638 2966 Ecce
1667 2915 1771 2966 dies
1804 2912 2009 2968 Domini

429 3003 560 3055 venit
604 3002 898 3057 insanabilis
938 3004 1121 3072 furoris
1164 3014 1209 3058 et
1252 3006 1377 3070 ine,
1412 3005 1479 3057 ad
1522 3009 1805 3073 ponendum
1851 3017 2009 3061 totum

430 3097 597 3149 orbem
628 3107 875 3150 terrarum
903 3098 1153 3151 desertum
1174 3140 1186 3162 ,
1216 3109 1261 3152 et
1290 3100 1357 3151 ad
1386 3098 1696 3168 perdendum
1727 3112 2008 3169 peccatores

430 3204 492 3242 ea:
538 3204 613 3241 eo.
674 3187 813 3241 Nam
855 3189 1015 3243 stella:
1034 3189 1177 3254 cteli,
1206 3200 1254 3243 et
1296 3190 1488 3256 Orion,
1518 3202 1563 3244 et
1592 3194 1753 3245 omnis
1800 3204 2007 3247 ornatus

430 3281 540 3333 (“teli
562 3322 577 3344 ,
611 3280 772 3333 lucem
809 3298 953 3335 suam
979 3298 1078 3335 non
1105 3282 1293 3335 dabunt
1323 3300 1341 3336 :
1371 3294 1416 3337 et
1447 3283 1803 3337 obtenebrescet
1842 3284 1919 3339 sol
1954 3288 2007 3340 in

428 3381 602 3423 exortu
624 3388 714 3424 suo
737 3413 751 3435 ,
782 3380 826 3424 et
868 3372 988 3425 luna
1032 3390 1131 3425 non
1161 3373 1298 3427 dabit
1346 3374 1513 3427 lumen
1560 3391 1724 3428 suum.
1756 3374 1822 3428 Et
1862 3392 2007 3430 man-

428 3462 559 3515 dabo
606 3463 833 3515 universo
880 3462 988 3515 orbi
1034 3464 1205 3528 nulla,
1258 3476 1303 3516 et
1348 3466 1517 3535 impiis
1560 3477 1763 3535 peccata
1802 3483 1895 3520 sua
1924 3477 2007 3521 :et

429 3553 637 3619 perdant
682 3555 1032 3607 contumeliam
1076 3556 1397 3622 iniquorum,
1442 3567 1490 3610 et
1527 3559 1879 3612 contumeliam
1915 3575 2005 3612 su-

428 3645 694 3714 perborum
720 3646 995 3699 humiliabo
1019 3662 1037 3700 :
1063 3656 1108 3700 et
1129 3658 1275 3701 erant
1298 3649 1384 3713 qui
1404 3649 1563 3703 relicti
1592 3650 1796 3720 fuerint,
1820 3652 2007 3720 pretio-

427 3753 581 3791 siores
609 3755 762 3807 quam
789 3755 970 3791 aurum
1013 3739 1262 3793 incoctum
1286 3783 1299 3805 ,
1329 3752 1372 3793 et
1416 3741 1564 3795 homo
1609 3743 1872 3812 pretiosior
1913 3744 2006 3796 erit

432 3846 583 3898 quant
609 3829 739 3898 lapis
776 3844 839 3882 ea:
864 3828 1079 3898 Supltir.
1112 3828 1311 3883 Etenim
1357 3832 1535 3885 rwlum
1583 3834 1894 3886 concutietur
1914 3873 1930 3899 ,
1960 3844 2006 3887 et

429 3928 562 3970 terra
600 3920 988 3972 commovebitur
1009 3937 1039 3971 a
1069 3920 1409 3989 fundamentis
1442 3923 1574 3986 suis,
1611 3933 1813 3991 propter
1859 3927 2004 3994 furo-

430 4026 535 4063 rem
561 4010 665 4064 irte‘
682 4009 884 4063 Domini
915 4011 1168 4076 Sabaoth,
1194 4014 1246 4065 in
1276 4013 1356 4066 die
1381 4032 1479 4083 qua
1524 4018 1833 4082 superveniet
1864 4020 2007 4084 furor

429 4104 539 4172 ejus
565 4101 716 4173 (Isai.
746 4104 830 4158 15.
857 4105 890 4158 9
919 4105 1030 4172 15).
1060 4104 1127 4157 Et
1177 4120 1419 4169 rursum,
1461 4104 1751 4169 Fenestrar,
1800 4108 1963 4177 inquit
1985 4149 2001 4172 ,

429 4198 493 4248 de
537 4195 660 4248 coelo
711 4196 1014 4265 aperientur,
1060 4206 1106 4249 et
1178 4200 1615 4251 commovebuntur
1676 4198 2005 4266 fundamenta

429 4295 599 4339 teme:
611 4282 902 4339 turbatione
917 4286 1209 4340 turbabitur
1222 4294 1380 4355 terra,
1394 4296 1617 4360 egestate
1626 4291 1808 4358 egebit,
1825 4291 1998 4360 agita-

432 4378 564 4431 tione
603 4378 875 4449 agitabitur
911 4379 1040 4432 sicut
1084 4379 1246 4432 ebrius
1285 4392 1332 4433 et
1358 4383 1629 4451 crapulatis
1659 4384 2007 4436 :roncutietur

428 4469 554 4522 sicut
601 4470 857 4540 tugurium
902 4470 1182 4540 pomarium
1236 4481 1370 4525 terra
1407 4488 1425 4525 :
1466 4475 1641 4537 cadet,
1693 4491 1781 4527 nec
1828 4477 2005 4543 poterit

428 4578 687 4630 resurgere
714 4577 733 4615 :
756 4561 964 4616 invaluit
991 4563 1123 4615 enim
1150 4580 1302 4631 super
1327 4581 1437 4616 eam
1460 4565 1717 4634 iniquitas.
1746 4565 1813 4619 Et
1849 4568 2005 4619 indu-

428 4662 503 4706 cet
533 4653 668 4705 Deus
687 4669 840 4723 super
864 4664 1097 4707 ornatum
1119 4654 1227 4707 ια’ιὶ
1249 4655 1301 4707 in
1326 4656 1429 4708 alto
1452 4673 1659 4708 manum
1681 4673 1825 4709 suam
1850 4658 1901 4710 in
1925 4660 2007 4711 die

428 4744 518 4796 illa
542 4784 557 4808 ,
584 4754 632 4797 et
658 4761 810 4813 super
838 4761 994 4813 regna
1034 4756 1179 4798 terra:
1212 4760 1229 4797 :
1253 4754 1300 4797 et
1326 4745 2005 4819 congregabuntvongrega-

428 4835 612 4885 tionem
642 4836 751 4904 ejus
790 4834 843 4887 in
871 4850 1153 4896 carcerem,
1184 4845 1230 4888 et
1267 4836 1531 4889 occludent
1578 4838 1631 4889 in
1679 4839 2005 4893 munitionem

429 4923 695 4993 (Isai.24.
722 4925 935 4995 19-22).
965 4925 1247 4979 Malachias
1294 4927 1419 4981 item
1452 4927 1534 4981 his
1578 4918 1808 4983 consona
1852 4930 2006 4985 locu-

428 5028 512 5071 tus
542 5028 622 5072 est
654 5036 667 5071 :
702 5017 829 5071 Ecce
856 5019 983 5071 venit
1015 5017 1260 5073 Dominus
1287 5020 1603 5088 omnipotens
1624 5061 1639 5084 ,
1668 5031 1714 5073 et
1739 5022 1853 5088 quis
1896 5039 2007 5075 sus.

429 5110 599 5163 tinebit
654 5111 785 5162 diem
832 5111 1087 5177 ingressus
1126 5110 1283 5180 ejus?
1311 5120 1397 5163 aut
1438 5112 1548 5181 quis
1595 5112 1827 5169 subsistet
1852 5115 1905 5166 in
1934 5114 2008 5166 vi-

429 5202 565 5254 sione
592 5203 703 5271 ejus
723 5202 749 5255 ?
781 5200 913 5265 Quia
938 5204 1047 5271 ipse
1073 5201 1352 5271 ingreditur
1373 5204 1500 5255 sicut
1528 5203 1658 5272 ignis
1683 5205 1969 5273 conflatorii
1987 5248 2002 5271 ,

430 5304 474 5344 et
504 5293 629 5345 sicut
657 5292 809 5344 herba
831 5292 1154 5347 lavantium‘:
1178 5302 1226 5345 et
1246 5292 1429 5346 sedebit
1453 5294 1681 5361 conﬂans
1708 5305 1753 5347 et
1782 5311 2008 5366 purgans

431 5385 572 5453 quasi
592 5394 855 5454 argentum
882 5395 927 5437 et
948 5401 1127 5437 aurum
1156 5382 1407 5454 (Malach.
1434 5386 1485 5437 5.
1506 5385 1561 5438 2.
1591 5384 1666 5457 5).
1691 5386 1755 5439 Et
1772 5401 2003 5452 rursum,

432 5475 563 5530 Ecce
584 5518 600 5542 ,
636 5476 836 5546 inquit,
881 5477 988 5530 dies
1017 5475 1223 5530 Domini
1254 5477 1382 5529 venit
1406 5494 1615 5531 accensa
1645 5487 1698 5529 ut
1728 5482 1930 5547 [ογ-παπ,
1963 5490 2008 5532 et

432 5572 761 5638 inﬂammavit
790 5588 892 5623 eos.
926 5569 989 5622 Et
1018 5579 1163 5625 erunt
1188 5586 1358 5623 omnes
1387 5570 1683 5640 alienigena:
1710 5587 1728 5623 :
1758 5580 1806 5624 et
1830 5587 2003 5625 omnes

433 5674 692 5731 aperantes
716 5664 887 5731 iniqua
910 5704 927 5729 ,
950 5661 1148 5715 arundo
1173 5678 1191 5716 :
1215 5671 1262 5718 et
1284 5661 1519 5714 accendet
1542 5678 1623 5714 eos
1652 5661 1756 5714 dies
1778 5672 2005 5729 ventura,

434 5757 554 5809 dicit
578 5753 821 5808 Dominus
852 5755 1185 5825 omnipotens,
1217 5771 1306 5807 nec
1334 5753 1676 5821 relinquentur
1712 5754 1883 5818 radix,
1914 5770 2005 5806 nc-

434 5864 527 5917 que
552 5851 740 5917 palmes
767 5847 1014 5924 (Malach.
1038 5849 1089 5902 4.
1129 5850 1200 5920 1).
1235 5848 1326 5903 Vir
1365 5857 1540 5902 autem
1590 5848 1676 5903 ille
1709 5847 2006 5904 desiderio-

1516 419 1604 471 AD
1643 417 2062 476 TllEODORUM
2099 420 2387 481 LAPSUM.
2430 425 2470 479 l.

3579 432 3677 489 ‘29-l

2114 550 2231 590 rum
2259 580 2272 603 ,
2315 538 2588 607 Videbunt,
2621 542 2822 613 inquit,
2852 546 3007 598 donec
3046 546 3215 599 tln-oni
3258 545 3411 615 positi
3450 554 3565 598 sunt
3588 585 3605 611 ,
3640 552 3693 597 et

2111 631 2347 699 antiquus
2373 632 2565 686 dierum
2594 635 2792 688 sedebat
2823 652 2840 687 :
2868 646 2911 689 et
2938 638 3277 689 vestimentum
3318 636 3424 705 ejus
3453 638 3579 688 sicut
3604 634 3699 686 nia:

2114 720 2281 772 album
2306 764 2318 785 ,
2344 724 2558 792 capillus
2584 726 2764 794 capitis
2790 728 2898 796 ejus
2923 727 3063 794 quasi
3091 728 3209 779 lana
3233 728 3421 777 munda
3439 740 3459 778 :
3484 725 3692 778 thronus

2115 812 2223 878 ejus
2251 812 2456 880 ﬂamma
2484 814 2613 881 ignis
2634 855 2648 875 ,
2678 825 2725 867 et
2750 826 2873 868 rota:
2898 818 3005 884 ejus
3033 816 3163 885 ignis
3187 816 3512 883 inﬂammans
3537 829 3556 866 :
3585 815 3687 883 [lu-

2114 902 2222 955 vius
2259 904 2391 972 ignis
2417 904 2643 958 trahebat
2677 908 3000 975 progrediens
3036 916 3151 958 ante
3194 922 3325 958 eum.
3354 904 3499 958 Mille
3532 904 3694 957 millia

2115 994 2464 1047 ministrabant
2502 997 2566 1058 ei,
2598 1007 2645 1048 et
2676 998 2848 1049 decies
2899 998 3080 1048 millies
3130 996 3260 1048 dena
3312 994 3474 1047 millia
3517 995 3692 1047 adsta-

2114 1082 2233 1136 bant
2283 1086 2335 1136 in
2382 1097 2647 1153 conspectu
2676 1087 2785 1154 ejus
2834 1085 3095 1138 Judicium
3120 1087 3267 1150 sedit,
3299 1096 3344 1139 et
3376 1084 3491 1137 libri
3528 1083 3696 1152 aperti

2119 1184 2237 1227 sunt
2279 1174 2439 1243 (Dan.
2487 1177 2541 1229 7.
2573 1176 2625 1231 9.
2657 1176 2766 1247 10).
2799 1179 2863 1230 Et
2908 1178 3085 1246 paucis
3140 1176 3501 1246 interpositis,
3539 1173 3693 1227 Vide;

2115 1264 2263 1329 bam,
2291 1266 2487 1335 inquit,
2524 1268 2577 1319 in
2627 1269 2815 1320 visione
2856 1268 3049 1331 noctis,
3086 1278 3131 1321 et
3184 1284 3293 1320 ecce
3333 1284 3447 1320 cum
3486 1266 3697 1319 nubibus

2116 1358 2226 1411 εωιὶ
2251 1359 2394 1426 quasi
2414 1360 2549 1426 ﬁlius
2576 1359 2789 1412 hominis
2823 1361 3018 1413 veniens
3045 1369 3150 1412 erat
3170 1401 3185 1424 ,
3216 1370 3260 1411 et
3292 1376 3447 1426 usque
3468 1359 3536 1411 ad
3561 1360 3694 1411 anti-

2113 1464 2267 1515 quum
2306 1447 2498 1501 dierum
2544 1452 2761 1517 pervenit
2788 1491 2803 1511 ,
2854 1459 2900 1502 et
2939 1465 3111 1502 coram
3173 1465 3230 1502 eo
3275 1448 3471 1502 oblatus
3511 1460 3581 1502 est
3610 1464 3628 1501 :
3652 1458 3697 1500 et

2116 1541 2215 1605 ipsi
2243 1540 2418 1592 datum
2448 1550 2521 1593 est
2556 1542 2823 1610 imperium
2842 1583 2856 1605 ,
2885 1541 3045 1594 Itonor
3084 1550 3131 1593 et
3157 1557 3365 1609 regnum
3397 1556 3415 1593 :
3444 1549 3489 1592 et
3527 1555 3697 1592 omnes

2117 1630 2291 1698 p0puli
2310 1673 2325 1697 ,
2352 1630 2507 1684 tribus
2531 1642 2575 1683 et
2603 1631 2788 1701 lingua:
2808 1633 2905 1699 ipsi
2929 1633 3166 1685 serviunt.
3196 1630 3427 1685 Potestas
3447 1631 3577 1703 ejus,
3597 1646 3689 1698 po-

2116 1731 2267 1776 testas
2304 1725 2638 1791 sempiterna,
2669 1738 2780 1792 qua:
2806 1738 2905 1774 non
2936 1722 3207 1791 preteribit
3226 1763 3241 1783 ,
3276 1732 3322 1775 et
3348 1739 3557 1792 regnum
3582 1720 3693 1788 ejus

2116 1829 2215 1865 non
2252 1812 2550 1865 destruetur.
2583 1810 2847 1864 lit/torruit
2889 1812 3098 1880 spiritus
3144 1828 3283 1864 meus
3304 1852 3318 1875 ,
3350 1828 3438 1881 ego
3465 1810 3655 1863 Daniel
3675 1850 3692 1873 ,

2117 1903 2170 1956 in
2192 1902 2363 1956 habitu
2394 1920 2503 1956 meo
2528 1944 2542 1968 ,
2570 1913 2615 1956 et
2642 1904 2856 1957 visiones
2886 1904 3063 1971 capitis
3088 1906 3183 1956 ntei
3225 1904 3585 1955 conturbabant
3618 1919 3697 1958 mc

2116 1994 2223 2064 (Ib.
2302 1993 2511 2064 15-15).
2574 1994 2727 2049 Tunc
2790 1996 3103 2066 aperientur
3164 2008 3355 2049 omnes
3402 1994 3694 2048 ctelesu'utn

2114 2087 2373 2141 fornicum
2414 2094 2611 2155 portae;
2644 2087 2751 2140 imo
2780 2094 2835 2140 et
2863 2086 3034 2155 ipsum
3062 2086 3253 2141 caelum
3285 2101 3316 2139 e
3356 2086 3532 2138 medio
3563 2094 3695 2139 sub-

2113 2179 2355 2233 ducetur.
2418 2177 2652 2232 Volvetur
2698 2179 2863 2245 enim,
2895 2179 3094 2248 inquit,
3149 2180 3328 2232 cadum
3382 2180 3524 2248 quasi
3572 2179 3694 2230 iiber

2115 2270 2269 2341 (Isai.
2292 2272 2381 2326 54.
2405 2270 2460 2342 4)
2492 2290 2504 2324 :
2542 2272 2703 2326 veluti
2744 2272 3017 2341 cujusdam
3053 2272 3375 2326 tabernaculi
3424 2272 3574 2340 pellis
3612 2281 3696 2323 at-

2113 2377 2216 2431 que
2241 2363 2412 2417 velum
2440 2380 2469 2416 e
2500 2363 2677 2417 medio
2704 2363 3052 2429 contrahitur,
3078 2364 3144 2416 ita
3174 2372 3231 2417 ut
3256 2363 3307 2416 in
3330 2363 3517 2417 melius
3544 2377 3694 2417 com—

2114 2462 2365 2507 tnuletur.
2391 2455 2521 2508 Tum
2549 2457 2723 2508 omnia
2754 2467 2991 2525 stupore,
3026 2456 3245 2509 horrore
3270 2467 3428 2524 atque
3464 2463 3695 2508 tremore

2113 2549 2374 2616 completa
2414 2559 2586 2600 erunt.
2635 2547 2767 2600 Tum
2821 2548 2979 2601 etiam
3028 2558 3199 2601 metus
3245 2547 3428 2615 ingens
3476 2546 3696 2615 angelos

2115 2641 2258 2709 ipsos
2290 2641 2601 2710 occupabit;
2632 2654 2805 2708 neque
2851 2640 3066 2709 angelos
3113 2649 3351 2704 tantum,
3399 2638 3490 2691 sed
3534 2639 3692 2691 etiam

2113 2730 2459 2799 archangelos
2487 2771 2502 2794 ,
2536 2732 2753 2783 thronos
2778 2772 2791 2791 ,
2831 2730 3220 2784 dominationes
3246 2771 3259 2794 ,
3285 2729 3612 2798 principatus
3638 2739 3696 2781 et

2116 2832 2444 2891 potestates:
2494 2821 2712 2874 Virtutes
2761 2823 2932 2886 enim,
2981 2824 3083 2885 ait,
3127 2822 3363 2874 cazlorum
3418 2835 3693 2872 commove-

2114 2916 2296 2967 buntur
2319 2913 2635 2986 (Matt/Lat.
2663 2913 2777 2981 ‘29),
2804 2914 2924 2982 quia
2949 2914 3177 2981 ipsorum
3223 2913 3466 2965 conservi
3510 2926 3693 2979 pennas

2111 3008 2283 3063 daturi
2314 3016 2437 3061 sunt
2471 3007 2536 3060 de
2576 3018 2785 3075 peracta
2828 3007 2879 3059 in
2917 3004 3114 3058 llllllldO
3160 3006 3287 3057 vita.
3317 3003 3446 3057 Nam
3491 3003 3535 3056 si
3571 3018 3694 3055 cum

2113 3099 2181 3153 de
2221 3114 2323 3151 una
2366 3099 2381 3128 ⁸
2426 3098 2637 3152 civitate
2662 3097 2915 3165 judicium
2963 3096 3269 3158 instituitur,
3303 3093 3383 3147 his
3413 3094 3691 3163 magistra~

2112 3188 2253 3244 tibus
2278 3230 2293 3253 ,
2331 3188 2703 3243 inhorrescunt
2746 3200 2931 3239 oittncs
2975 3186 3132 3239 etiam
3167 3185 3236 3249 ii,
3259 3185 3346 3253 qni
3375 3194 3521 3237 extra
3550 3182 3693 3250 pari-

2111 3281 2288 3335 culum
2325 3289 2475 3343 sunt,
2503 3295 2623 3334 cum
2659 3278 2725 3333 de
2771 3280 3020 3331 universo
3047 3277 3174 3330 Orbe
3195 3276 3516 3343 iudicabitur
3542 3290 3571 3327 a
3602 3275 3691 3325 tali

2106 3374 2286 3443 judice
2308 3414 2321 3438 ,
2351 3372 2439 3441 qui
2468 3387 2639 3440 neque
2680 3369 2930 3432 tcStibus,
2959 3383 3130 3438 neque
3171 3366 3571 3436 probationibus
3607 3366 3689 3417 in-

2111 3465 2255 3532 diget
2276 3506 2289 3527 ,
2322 3462 2414 3517 sed
2444 3462 2644 3531 absque
2670 3461 2751 3514 bis
2781 3460 3027 3515 omnibus
3050 3500 3065 3524 ,
3094 3468 3150 3513 et
3178 3473 3337 3527 Opera
3368 3468 3421 3511 et
3442 3457 3601 3511 verba
3630 3466 3685 3508 et

2111 3557 2458 3627 cogitationes
2503 3557 2553 3608 in
2600 3553 2832 3607 medium
2878 3551 3125 3615 adducit,
3171 3551 3455 3617 omniaque
3496 3564 3592 3603 ceu
3638 3549 3689 3601 iu

2112 3648 2339 3719 imagine
2365 3657 2417 3703 et
2458 3647 2797 3716 peccantibus
2846 3654 2900 3699 et
2937 3644 3301 3714 ignorantibus
3329 3641 3689 3695 demonstrat.

2111 3741 2378 3811 qttomodo
2401 3740 2513 3794 ﬁeri
2542 3749 2752 3809 potest,
2784 3747 2841 3791 ut
2878 3736 3125 3806 quaelibet
3156 3736 3323 3787 virtus
3365 3750 3467 3786 non
3501 3742 3690 3786 tremat

2110 3845 2163 3889 et
2188 3831 2560 3889 concutiatur?
2591 3831 2739 3884 Licet
2766 3829 2905 3883 enim
2937 3827 3128 3880 ﬂuvius
3163 3827 3346 3894 igneus
3377 3838 3479 3877 non
3510 3822 3687 3875 trabc«

2111 3938 2276 3987 retur,
2307 3940 2479 3992 neque
2513 3922 2682 3991 angeli
2725 3919 2999 3974 adstarent
3039 3915 3435 3979 formidabiles;
3468 3914 3566 3967 soli
3597 3926 3689 3965 an-

2112 4027 2217 4071 tem
2277 4016 2519 4069 homines
2567 4010 2875 4076 convocati,
2916 4009 3004 4061 alii
3051 4007 3289 4061 laudibus
3322 4014 3378 4059 et
3415 4003 3692 4074 priccouiis

2111 4110 2545 4168 celebrarentur;
2579 4106 2664 4157 alii
2700 4120 2822 4157 cum
2869 4100 3152 4171 ignominia
3202 4098 3589 4166 abjicerentur,
3622 4111 3690 4147 ne

2113 4200 2351 4255 viderent
2401 4199 2621 4267 gloriam
2678 4196 2767 4248 Dei
2801 4212 2813 4247 :
2848 4194 3076 4246 Tollatnr
3101 4193 3121 4222 ²
3148 4232 3162 4252 ,
3220 4190 3422 4257 iuqttit,
3467 4187 3686 4256 impius,

2112 4311 2174 4348 ne
2193 4291 2357 4346 videat
2382 4291 2595 4361 gloriam
2623 4287 2860 4347 Domini;
2884 4297 3058 4339 nonne
3082 4281 3263 4350 quavis
3286 4278 3520 4347 gehenna
3544 4291 3694 4329 acer-

2113 4386 2230 4439 bius
2256 4384 2336 4437 vel
2379 4381 2429 4434 id
2477 4380 2680 4439 solum,
2713 4375 2853 4445 quod
2889 4390 2917 4427 a
2952 4373 3110 4426 tantis
3150 4370 3471 4423 excidissent
3498 4366 3649 4418 bouis
3674 4406 3689 4428 ,

2112 4477 2438 4544 abjectorum
2466 4470 2668 4523 animas
2695 4463 3073 4521 excruciaret?
3116 4462 3245 4516 Illud
3281 4475 3408 4514 vero
3436 4468 3690 4528 quantum

2112 4568 2177 4620 sit
2209 4564 2402 4618 malum
2425 4604 2439 4627 ,
2474 4576 2611 4613 nunc
2636 4559 2847 4626 quidem
2889 4569 3135 4610 sermone
3169 4552 3426 4606 declarari
3468 4550 3649 4617 nequit
3679 4567 3691 4608 ;

2114 4668 2237 4711 tunc
2284 4673 2411 4709 vero
2452 4670 2515 4708 ex
2573 4670 2629 4705 re
2673 4653 2783 4720 ipsa
2827 4647 3101 4701 manifeste
3158 4658 3559 4713 cognoscemus.
3610 4640 3690 4693 Tu

2112 4762 2242 4802 vero
2272 4761 2411 4799 nunc
2442 4745 2522 4797 his
2550 4742 2682 4795 adde
2728 4739 3040 4807 supplicium
3074 4734 3199 4789 illud
3226 4776 3240 4799 ,
3284 4748 3457 4802 neque
3488 4740 3689 4785 tantem

2114 4841 2355 4896 homines
2384 4837 2586 4906 pudore
2614 4832 2860 4896 sulfusos,
2894 4831 2977 4883 vel
3008 4836 3194 4897 operto
3220 4826 3391 4894 capite
3409 4866 3424 4890 ,
3448 4834 3500 4877 et
3526 4823 3694 4875 oculis

2115 4932 2168 4986 in
2210 4940 2405 4985 terram
2433 4926 2652 4989 deﬁxis,
2686 4922 2779 4977 sed
2822 4923 2981 4975 etiam
3027 4929 3224 4973 tractos
3271 4932 3365 4986 per
3404 4917 3541 4969 viam
3575 4930 3696 4983 quas

2115 5024 2284 5079 tendit
2308 5021 2373 5074 ad
2416 5020 2589 5089 ignem
2615 5059 2629 5080 ,
2658 5025 2713 5070 et
2741 5015 2805 5069 ad
2836 5022 3098 5068 tormenta
3128 5014 3375 5079 abreptos
3400 5052 3414 5075 ,
3434 5009 3684 5062 'traditos'

2114 5131 2216 5185 que
2248 5112 2563 5166 immanibus
2589 5106 2939 5177 potestatibus
2968 5122 2980 5157 :
3012 5104 3169 5172 idque
3189 5117 3253 5156 eo
3283 5112 3522 5170 tempore
3545 5139 3560 5165 ,
3589 5115 3699 5168 quo

2115 5216 2457 5270 coronantur,
2485 5203 2822 5257 celebrantur
2851 5199 3148 5266 thronoque
3177 5197 3320 5266 regio
3346 5196 3604 5249 sistentur
3637 5195 3701 5255 ii,

2116 5301 2202 5370 qui
2235 5300 2369 5353 bona
2399 5303 2619 5366 egerunt
2638 5302 2691 5348 ct
2712 5293 2872 5363 gestis
2897 5291 3007 5344 suis
3027 5301 3224 5344 aeterna
3253 5288 3357 5341 vita
3382 5286 3524 5354 digni
3551 5296 3693 5338 sunt.

2189 5392 2275 5445 15.
2300 5389 2519 5442 Cwlestis
2549 5385 2801 5457 felicitatis
2830 5381 3160 5452 imago.—Et
3204 5379 3317 5432 hmc
3357 5377 3567 5447 quidem
3611 5376 3697 5427 illa

2117 5484 2235 5538 die:
2268 5497 2386 5552 qua:
2414 5493 2541 5533 vero
2577 5486 2693 5547 post
2716 5475 2888 5529 futura
2919 5481 3042 5527 sunt
3076 5473 3193 5542 quis
3223 5485 3398 5523 sermo
3428 5468 3579 5521 nobis
3604 5482 3697 5518 ex-

2119 5576 2331 5644 primat,
2364 5571 2686 5640 voluptatem
2718 5581 2907 5635 nempe
2935 5580 3000 5617 ex
3020 5561 3214 5617 Christi
3236 5558 3524 5622 consortio,
3559 5558 3669 5611 utili

2178 5743 2199 5768 τ
2236 5734 2454 5793 Quinque
2495 5728 2710 5793 Mss.,rde
2740 5740 2906 5790 parva.
2932 5723 3115 5793 Morel”
3140 5720 3358 5793 Savil.__et
3380 5718 3479 5793 alii.
3504 5721 3565 5767 (te
3584 5730 3691 5793 una.

2182 5798 2202 5828 ³
2235 5781 2305 5844 sic
2322 5781 2430 5843 etim
2448 5790 2587 5841 Savil.
2609 5781 2705 5840 duo
2741 5781 2853 5839 'Mss.
2880 5797 2927 5838 In
2952 5781 3113 5837 litorei;
3142 5791 3193 5840 et
3215 5783 3418 5845 reliquis
3457 5781 3589 5840 hac,
3609 5788 3680 5830 ω.

2125 5858 2268 5919 tatur,
2299 5868 2392 5907 etc.
2401 5890 2415 5917 ,
2440 5856 2635 5905 desunt.
