4096 6392
374 386 476 440 Ξῖιδ

377 513 580 568 tatem,
633 499 884 572 gaudium
943 499 1003 552 ίῖ
1051 501 1239 554 Anima
1311 502 1505 571 quippe
1560 500 1627 555 ad
1691 500 1962 572 propriam

376 593 595 648 reducta
625 591 975 659 nobilitatem,
998 606 1116 663 quae
1131 591 1323 647 deinde
1350 592 1634 647 Dominum
1662 607 1817 648 suum
1843 607 1964 646 cum

379 685 622 740 libertate
649 684 965 752 conspicere
991 683 1151 746 valet,
1183 692 1377 753 quanta
1404 683 1677 753 voluptate
1704 684 1967 738 afficiatur

378 785 433 830 et
456 786 711 845 quantum
741 775 872 828 lucri
899 773 1113 838 referat,
1139 775 1377 828 enarrari
1400 775 1586 845 nequit
1610 792 1622 828 :
1671 774 1791 828 laeta
1819 775 1964 828 scili-

378 876 486 934 cet,
518 882 624 920 non
648 874 848 920 tantum
871 867 1012 935 quod
1039 865 1195 921 bonis
1216 867 1576 935 prresentibus
1601 866 1808 921 fruatur
1831 908 1846 932 ,
1874 865 1968 920 sed

382 958 523 1028 quod
551 966 698 1012 certa
719 958 788 1011 sit
815 972 877 1012 ea
899 973 1188 1027 numquam
1213 957 1450 1012 desitura
1483 972 1624 1012 esse.
1654 957 1800 1012 Hanc
1821 966 1969 1012 certe

385 1051 620 1105 lzetitiam
664 1064 763 1104 nec
810 1049 986 1104 verbis
1035 1054 1336 1119 exprimere
1364 1090 1381 1116 ,
1411 1063 1511 1104 nec
1552 1058 1731 1103 mente
1776 1063 1969 1118 capere

387 1154 670 1215 possumus
735 1142 797 1196 ἐ
858 1140 1086 1195 obscure
1152 1149 1328 1196 tamen
1363 1181 1379 1208 ,
1423 1149 1688 1210 quatenus
1747 1147 1973 1209 possunt

385 1247 574 1302 magna
604 1233 781 1303 parvis
805 1231 1086 1298 declarari,
1113 1247 1232 1286 eam
1260 1231 1561 1288 describere
1583 1232 1816 1288 tentabo.
1846 1232 1974 1287 Per-

386 1323 681 1394 pendamus
705 1337 798 1377 eos
820 1323 911 1393 qui
933 1323 986 1377 in
1019 1324 1269 1391 praesenti
1291 1324 1397 1377 vita
1426 1322 1584 1393 hujus
1607 1322 1790 1377 mundi
1819 1337 1969 1376 coni-

386 1415 559 1471 modis
586 1415 855 1482 fruuntur,
882 1415 1102 1481 divitiis,
1134 1415 1371 1485 inquam,
1402 1415 1734 1486 magistratu,
1764 1415 1932 1486 gloria
1961 1433 1973 1470 :

385 1521 493 1576 quo
530 1515 686 1576 pacto
714 1506 916 1561 scilicet
939 1506 1006 1561 de
1031 1506 1169 1561 bona
1199 1505 1406 1560 fortuna
1437 1506 1806 1576 superbientes
1833 1547 1847 1571 ,
1879 1521 1976 1561 ue-

392 1611 498 1663 qne
518 1611 576 1652 se
601 1598 824 1668 interra
857 1597 1061 1668 positos
1087 1598 1452 1664 arbitrantur;
1486 1599 1700 1654 tametsi
1728 1599 1792 1653 iis
1823 1598 1977 1652 bonis

389 1692 631 1753 fruantur
661 1731 675 1753 ,
719 1705 837 1758 quae
868 1704 1042 1760 neque
1063 1689 1199 1743 bona
1225 1703 1344 1744 esse
1371 1689 1664 1744 creduntur
1683 1730 1698 1756 ,
1729 1703 1903 1757 neque
1926 1689 1976 1742 in

388 1797 573 1836 eorum
607 1783 945 1852 possessione
983 1791 1331 1852 permanent,
1373 1783 1467 1837 sed
1498 1783 1709 1836 somnio
1735 1781 1980 1838 velocius

389 1874 647 1929 avolant:
676 1873 818 1945 quod
861 1875 906 1928 si
938 1874 1208 1945 paulisper
1246 1872 1534 1945 aliquando
1560 1875 1892 1937 consistant,
1925 1873 1981 1928 in

389 1967 640 2036 praesenti
680 1967 853 2022 solum
893 1965 1001 2020 vita
1044 1966 1162 2021 usui
1201 1979 1322 2021 esse
1345 1977 1570 2036 possunt
1599 2009 1614 2033 ,
1640 1981 1736 2021 nec
1762 1966 1982 2021 ulterius

390 2074 495 2112 una
520 2060 771 2130 progredi
800 2060 997 2114 valent.
1028 2059 1280 2116 Siautem
1299 2060 1603 2128 hujusmodi
1638 2061 1775 2114 bona
1805 2059 1979 2114 domi-

391 2166 492 2206 nos
518 2161 664 2206 tanto
706 2153 903 2222 gaudio
939 2151 1246 2217 extollunt,
1284 2151 1411 2222 quid
1457 2153 1691 2207 futurum
1737 2161 1889 2222 putas
1915 2151 1982 2206 de

391 2244 674 2298 animabus
703 2245 808 2299 illis
833 2287 847 2306 ,
876 2244 1149 2300 accersitis
1175 2245 1240 2298 ad
1264 2244 1467 2299 infinita
1496 2246 1580 2300 illa
1603 2262 1723 2316 qua:
1753 2247 1805 2300 in
1833 2246 1982 2301 caelis

393 2346 521 2392 sunt
559 2335 696 2390 bona
729 2377 744 2402 ,
775 2353 894 2406 qua:
925 2336 1080 2391 firma
1108 2350 1322 2406 semper
1361 2345 1419 2392 et
1469 2336 1684 2391 immota
1715 2347 1934 2392 manent
1961 2337 1984 2391 ?

395 2425 579 2496 Neque
606 2442 668 2481 ea
693 2442 752 2482 re
779 2427 952 2481 solum
996 2427 1326 2483 antecellunt
1352 2469 1366 2491 ,
1408 2429 1502 2483 sed
1532 2428 1694 2483 etiam
1721 2428 1984 2499 magnitu-

395 2517 523 2575 dine
545 2527 600 2574 et
625 2518 933 2574 conditione
982 2535 1077 2574 sua
1117 2520 1189 2574 ita
1231 2521 1585 2590 praesentibus
1614 2522 1983 2590 praestantiora

413 2619 524 2670 ntut
543 2609 601 2678 ³,
650 2620 709 2666 ut
737 2612 976 2683 nequein
1013 2629 1107 2668 cor
1137 2613 1367 2667 hominis
1401 2613 1453 2667 id
1475 2613 1768 2669 ascendere
1795 2616 1982 2684 possit.

395 2702 550 2759 Nunc
587 2706 785 2760 etenim
826 2705 1274 2775 quemadmodum
1312 2707 1365 2760 in
1409 2715 1563 2762 utero
1584 2707 1755 2761 infans
1785 2750 1797 2770 ,
1829 2709 1986 2762 sicin

398 2797 501 2851 hoc
523 2797 724 2852 mundo
748 2799 1004 2868 angustiis
1028 2799 1261 2854 conclusi
1283 2798 1544 2870 degimus,
1576 2814 1676 2854 nec
1705 2814 1989 2869 possumus

397 2888 563 2944 futuri
591 2891 770 2945 saeculi
801 2892 1141 2960 splendorem
1172 2901 1227 2946 et
1273 2892 1579 2948 libertatem
1608 2896 1852 2949 contueri
1887 2913 1900 2947 :
1932 2905 1989 2951 at

404 2982 493 3037 ubi
526 2994 709 3053 partus
750 2996 959 3053 tempus
996 2986 1276 3041 advenerit
1306 3027 1322 3052 ,
1354 3002 1649 3056 omnesque
1695 2988 1939 3043 homines
1970 3031 1986 3055 ,

398 3092 534 3145 quos
553 3088 877 3148 susceperat,
896 3079 980 3135 hic
998 3078 1225 3133 mundus
1241 3079 1307 3134 ad
1327 3078 1668 3148 diemjudicii
1686 3080 1986 3150 protulerit,

400 3168 627 3221 abortivi
659 3167 872 3238 quidem
895 3183 927 3224 e
953 3169 1187 3224 tenebris
1215 3169 1265 3224 in
1298 3169 1548 3226 tenebras
1579 3170 1953 3241 ingredientur
1974 3213 1986 3236 ,

399 3269 454 3313 et
480 3276 542 3314 ex
567 3262 828 3331 angustiis
859 3262 910 3316 in
941 3263 1214 3332 angustias
1240 3263 1543 3332 graviores;
1588 3265 1782 3319 maturi
1810 3274 1986 3319 autem

399 3349 559 3414 fetus,
592 3352 680 3420 qui
709 3351 868 3421 regiae
895 3353 1140 3422 imaginis
1164 3351 1391 3408 formam
1419 3366 1474 3410 et
1505 3367 1659 3410 notas
1683 3364 1986 3421 servarunt,

405 3441 517 3512 regi
540 3441 824 3507 sistentur,
854 3442 1090 3513 illudque
1119 3444 1474 3500 ministerium
1505 3457 1790 3516 capessent
1810 3488 1826 3513 ,
1846 3447 1988 3517 quod

400 3531 573 3601 angeli
603 3542 657 3586 et
692 3525 996 3604 archangeli
1043 3535 1413 3591 universorum
1447 3537 1556 3592 Deo
1588 3538 1884 3608 perhibent.
1915 3539 1992 3595 Ne

401 3623 580 3692 itaque
603 3623 698 3678 hos
726 3623 1064 3680 characwres
1089 3669 1103 3690 ,
1131 3644 1162 3681 o
1187 3629 1357 3682 amice
1387 3669 1402 3696 ,
1439 3644 1605 3699 usque
1626 3631 1678 3684 in
1713 3629 1869 3683 finem
1893 3630 1988 3685 de-

401 3712 512 3767 lere
531 3714 684 3779 velis,
715 3715 809 3770 sed
838 3730 932 3770 eos
952 3720 1346 3788 quamprimum
1368 3720 1694 3776 instauratos
1720 3722 1771 3776 in
1801 3724 1990 3777 melio-

403 3820 518 3858 rem
562 3803 785 3859 formam
827 3806 1073 3862 reducas.
1120 3809 1250 3863 Nam
1295 3810 1744 3880 pulchritudinem
1776 3813 1990 3884 quidem

399 3911 715 3967 corpoream
742 3899 879 3953 intra
901 3909 1107 3956 natura:
1151 3902 1348 3957 limites
1384 3905 1644 3961 conclusit
1670 3905 1840 3960 Deus:
1872 3909 1989 3961 ani-

403 4003 507 4044 ma;
530 4003 660 4044 vero
680 3989 844 4046 decor
859 3992 967 4048 illic
985 4007 1017 4047 a
1041 3995 1356 4050 necessitate
1368 4006 1417 4049 et
1435 3997 1691 4052 servitute
1712 3998 1990 4064 liberatur,

403 4088 586 4150 utpote
611 4095 870 4152 corporea
906 4083 1073 4141 forma
1108 4086 1263 4156 longe
1307 4088 1688 4156 prmstantior:
1734 4100 1896 4163 atque
1939 4093 1991 4146 in

404 4173 559 4228 nobis
582 4183 637 4229 et
662 4175 714 4229 in
748 4175 839 4230 Dei
881 4189 1010 4232 nutu
1033 4178 1171 4233 situs
1199 4189 1282 4234 est
1305 4191 1468 4236 totus.
1501 4182 1776 4252 Siquidem
1805 4185 1990 4239 Domi-

406 4281 506 4320 nus
536 4279 717 4322 noster
743 4269 1012 4324 beneﬁcus
1051 4287 1171 4326 cum
1211 4273 1301 4339 sit,
1337 4273 1436 4329 hoc
1466 4276 1704 4331 maxime
1730 4275 1870 4331 dono
1895 4293 1993 4348 ge-

401 4370 503 4412 nus
531 4366 772 4412 nostrum
801 4363 1080 4415 exornavit
1105 4405 1121 4424 ,
1177 4371 1234 4416 ut
1271 4379 1392 4434 qua:
1437 4367 1644 4421 minora
1696 4375 1860 4436 sunt,
1893 4384 1993 4425 nec

403 4449 579 4520 magni
609 4450 891 4518 intersunt,
921 4468 1020 4508 nec
1049 4451 1216 4508 refert
1251 4455 1521 4527 quidpiam
1551 4459 1599 4514 si
1622 4461 1943 4516 intercidant
1972 4503 1988 4530 ,

401 4556 463 4593 ea
497 4551 698 4596 naturae
728 4544 1034 4599 necessitati
1074 4545 1378 4614 addixerit;
1413 4563 1658 4604 verorum
1689 4559 1868 4606 autem
1897 4551 1993 4606 bu-

402 4647 594 4687 norum
625 4649 722 4689 nos
747 4635 965 4704 opifices
990 4651 1110 4692 esse
1135 4641 1480 4694 concesserit.
1521 4643 1736 4697 Atenim
1779 4643 1824 4697 si
1872 4645 1991 4713 pul-

403 4725 721 4779 chritudinis
770 4741 1046 4796 corporeae
1131 4743 1229 4783 nos
1301 4729 1551 4786 dominos
1621 4731 1988 4801 reddidisset,

403 4815 728 4886 superfluam
770 4818 1180 4875 sollicitudinem
1233 4823 1698 4894 suscepissemus,
1747 4833 1908 4896 atque
1938 4826 1991 4880 in

403 4909 564 4964 rebus
656 4907 1004 4967 infructuosis
1097 4921 1265 4966 totum
1343 4923 1554 4986 tempus
1622 4915 1991 4986 impendisse-

406 5017 545 5066 tuus,
574 5001 767 5055 animae
791 5016 917 5056 cura
943 5018 1161 5072 prorsus
1188 5005 1446 5075 neglecta.

477 5092 717 5163 Corporis
739 5093 1067 5164 pulchritudo
1078 5096 1254 5168 augeri
1271 5113 1370 5152 non
1392 5107 1571 5168 potest,
1594 5099 1780 5154 animat
1797 5116 1995 5170 semper

407 5188 786 5256 potest.—Cum
796 5189 934 5244 enim
946 5190 1286 5261 negatanobis
1299 5191 1582 5260 huiusmodi
1595 5186 1842 5249 facultate
1856 5209 1995 5248 nunc

404 5280 581 5333 omnia
601 5277 876 5342 faciamus,
901 5281 1076 5334 omnia
1099 5281 1399 5347 moliamur,
1422 5297 1484 5336 ac
1501 5297 1622 5336 cum
1647 5297 1826 5338 veram
1847 5298 1992 5338 asse-

407 5371 496 5441 qui
525 5372 758 5441 speciem
771 5387 1114 5441 nequeamus,
1136 5371 1415 5442 pigmentis
1432 5372 1573 5426 illam
1593 5373 1746 5429 nobis
1761 5373 1994 5429 vindice-

407 5475 550 5527 tnus,
577 5475 643 5516 ac
666 5460 952 5528 coloribus,
979 5462 1229 5531 picturis,
1257 5462 1570 5532 capillorum
1607 5463 1989 5533 concinnitate,

472 5601 493 5694 ξ
672 5599 925 5678 gaudium,
951 5599 1094 5672 aliqui
1107 5598 1309 5672 addunt,
1317 5599 1693 5674 juctmditatent.
1757 5665 1769 5676 .
1825 5665 1836 5677 ο

525 5669 600 5710 Eae
654 5675 718 5710 uo
738 5669 846 5710 Mss.
883 5671 936 5710 et
965 5661 1164 5710 uutdem
1198 5662 1375 5710 melius
1395 5675 1540 5710 uuam
1561 5661 1661 5710 alii.
1686 5677 1769 5710 aut
1797 5677 1836 5710 SI

525 5663 600 5711 sic
619 5661 718 5712 duo
883 5671 936 5712 et
965 5661 1164 5727 quidem
1198 5661 1375 5712 melius
1395 5675 1540 5725 quam
1561 5661 1661 5724 alii,
1686 5665 1769 5727 qui
1797 5665 1868 5715 sic
1901 5664 1989 5714 ba-

406 5723 550 5808 Bent.
579 5735 668 5773 me
734 5724 891 5777 verbis
926 5723 1220 5787 exprimere,
1284 5737 1372 5775 nec
1412 5723 1586 5774 ruente.
1646 5723 1854 5779 Obscura
1915 5735 1992 5780 ta-

407 5796 668 5897 n‘n
691 5856 738 5899 ct
756 5850 850 5898 duo
876 5857 976 5898 uss.
1006 5847 1198 5908 addunt,
1224 5848 1327 5909 illa,
1350 5856 1475 5910 post,
1493 5855 1616 5900 sunt.
1881 5815 1886 5825 ’

1088 384 1142 439 S.
1185 382 1464 441 JO.\NN|S
1500 382 1978 444 CHRYSOSTOMI
2019 385 2332 441 ARCHIEP.
2375 385 2908 442 CONSTANTlNOP.

3553 383 3663 440 ωε

2076 499 2301 554 vestium
2354 500 2584 563 amictu,
2628 497 2901 554 oculorum
2944 500 3171 554 artificio
3213 499 3436 569 aliisque
3485 502 3670 553 multis

2076 589 2336 644 machinis
2349 588 2536 644 falsam
2557 591 3000 660 pulchritudinem
3017 589 3666 661 ementiamur,quodnain

2077 680 2310 734 studium
2337 681 2527 734 animm
2556 691 2610 735 et
2635 681 2796 734 rebus
2819 681 3055 735 honestis
3078 695 3398 750 poneremus
3416 721 3432 744 ,
3461 681 3506 734 si
3537 695 3668 735 cor-

2080 788 2178 842 pus
2208 774 2258 827 in
2299 773 2574 843 pulchram
2604 772 2828 828 formam
2870 782 3077 827 mutare
3114 772 3428 842 possemus?
3451 771 3667 827 Nullam

2080 863 2302 919 fortasse
2325 864 2481 918 aliam
2511 879 2728 934 operam
2759 865 3151 933 susciperemus
3178 865 3218 926 ί,
3247 864 3291 917 si
3323 863 3440 917 haec
3469 872 3664 918 nostra:

2082 953 2348 1010 facultatis
2375 965 2556 1022 esset,
2588 955 2682 1010 sed
2711 964 2878 1009 totum
2906 970 3342 1010 consumeremus
3378 964 3584 1024 tempus
3607 965 3670 1010 nt

2080 1064 2290 1104 servam
2313 1049 2532 1104 infinitis
2551 1050 2878 1104 ornamentis
2894 1049 3291 1114 decoraremus,
3309 1049 3435 1103 dttm
3450 1049 3666 1103 domina

2080 1140 2200 1211 plus
2225 1155 2385 1211 quam
2411 1141 2516 1195 vile
2544 1141 2865 1211 mancipium
2894 1142 2946 1194 in
2985 1140 3321 1194 deformitate
3359 1148 3415 1194 et
3445 1140 3670 1210 segnitie

2076 1234 2302 1304 jaceret.
2340 1233 2452 1300 Qua
2478 1233 2546 1288 de
2586 1248 2745 1288 causa
2791 1235 2928 1288 Deus
2948 1275 2962 1296 ,
2993 1232 3240 1302 adempta
3276 1231 3473 1286 infelici
3501 1247 3626 1286 cura
3647 1273 3668 1297 ,

2083 1327 2323 1383 melioris
2352 1327 2431 1381 rei
2456 1336 2626 1381 artem
2653 1325 2807 1380 nobis
2837 1324 3066 1389 indidit;
3094 1325 3163 1378 ita
3189 1325 3355 1393 utqui
3386 1338 3580 1392 corpus
3598 1338 3672 1378 ex

2083 1420 2307 1474 deformi
2327 1419 2547 1488 elegans
2566 1417 2792 1472 reddere
2813 1431 2919 1471 non
2943 1425 3135 1486 potest,
3162 1415 3208 1469 is
3230 1414 3395 1484 possit
3413 1415 3670 1480 animam,

2087 1510 2295 1564 etiamsi
2321 1511 2372 1564 in
2398 1517 2691 1565 extremam
2721 1508 3112 1563 deformitatem
3134 1505 3414 1571 deciderit,
3442 1507 3493 1560 in
3520 1521 3672 1561 sum-

2089 1617 2228 1657 mam
2271 1601 2718 1671 pulchritudinem
2763 1599 3059 1666 reducere,
3105 1599 3348 1668 adeoque
3387 1598 3672 1653 amabilem

2081 1695 2474 1764 jucundatnque
2495 1693 2750 1756 reddere,
2786 1701 2842 1746 ut
2869 1708 2974 1746 non
3004 1692 3153 1762 probi
3180 1700 3384 1744 tantum
3415 1691 3507 1743 viri
3532 1731 3547 1754 ,
3575 1690 3673 1745 sed

2086 1788 2247 1842 etiam
2273 1787 2511 1842 omnium
2541 1787 2653 1842 Rex
2682 1795 2736 1842 et
2779 1787 2920 1841 Deus
2951 1787 3002 1839 in
3043 1785 3157 1854 ejus
3187 1785 3678 1854 concupiscentiam

2089 1879 2268 1933 veniat
2302 1896 2315 1932 :
2345 1877 2792 1948 quemadmodum
2824 1888 2877 1932 et
2907 1877 3178 1946 psalmista
3208 1877 3274 1931 de
3310 1875 3402 1930 illa
3438 1875 3676 1946 pulchri—

2091 1971 2272 2026 tudine
2288 1971 2520 2040 loquitur
2538 1987 2550 2022 :
2576 1969 2644 2023 Et
2661 1970 2975 2042 concupiscet
2995 1985 3086 2023 rex
3100 1969 3326 2022 decorem
3348 1979 3485 2020 tuum
3503 1965 3675 2039 (Psal.

2088 2063 2156 2117 Η
2177 2105 2192 2128 ,
2223 2064 2332 2135 12).
2357 2067 2547 2118 Annon
2577 2061 2727 2116 vides
2758 2062 2809 2116 in
2838 2061 3183 2132 lupanaribus
3207 2059 3475 2114 deformes
3503 2068 3556 2113 et
3577 2060 3678 2111 im-

2090 2153 2351 2224 pudentes
2381 2154 2634 2209 mulieres
2661 2169 2730 2208 ne
2759 2169 2786 2206 a
2818 2152 3200 2222 gladiatoribus
3226 2152 3462 2222 quidem,
3495 2152 3676 2222 fngiti—

2091 2248 2192 2312 vis,
2220 2256 2274 2302 et
2300 2248 2364 2300 iis
2388 2247 2477 2317 qui
2500 2262 2622 2302 cum
2648 2247 2834 2301 bestiis
2857 2245 3161 2316 depugnant
3185 2287 3200 2311 ,
3232 2245 3436 2299 admitti
3458 2260 3472 2307 ;
3501 2245 3542 2297 si
3574 2259 3676 2314 qua

2091 2355 2219 2394 vero
2243 2342 2311 2393 sit
2339 2340 2592 2404 formosa,
2625 2339 2852 2409 ingenua
2877 2345 2932 2392 et
2964 2336 3286 2404 pudibunda,
3312 2351 3428 2404 qua:
3455 2335 3678 2389 calami-

2093 2445 2201 2488 tate
2245 2431 2473 2502 quadam
2523 2433 2572 2485 in
2618 2432 2778 2485 talem
2826 2430 3072 2484 inciderit
3118 2429 3528 2491 necessitatem,
3557 2441 3680 2480 eam

2092 2541 2310 2580 uxorem
2335 2525 2530 2578 ducere
2555 2539 2621 2578 ne
2649 2524 2791 2576 viros
2817 2521 3030 2592 quidem
3058 2534 3280 2591 magnos
3307 2529 3360 2573 et
3387 2517 3680 2587 splendide

2094 2621 2317 2671 fortuna:
2347 2615 2706 2671 erubescere?
2734 2614 2884 2682 Quod
2916 2615 2959 2668 si
2987 2623 3131 2668 tanta
3154 2621 3236 2666 est
3265 2611 3406 2681 apud
3438 2609 3681 2663 homines

2093 2709 2477 2774 misericordia,
2491 2715 2545 2762 et
2565 2707 2933 2776 tantusglorize
2949 2715 3368 2774 contemptus,ut
3383 2717 3523 2770 saepe
3538 2701 3678 2763 illas,

2093 2814 2211 2869 qua:
2236 2800 2287 2853 in
2312 2799 2514 2853 fornice
2536 2798 2818 2868 ignominia
2843 2807 2966 2850 sunt
2986 2795 3208 2859 affectae,
3229 2795 3296 2848 ab
3319 2794 3408 2847 illa
3428 2794 3683 2847 servitute

2094 2890 2324 2944 liberent
2345 2930 2362 2956 ,
2393 2897 2449 2943 et
2491 2904 2587 2958 pro
2615 2889 2929 2957 coniugibus
2967 2885 3199 2941 habeant
3231 2903 3245 2939 :
3276 2894 3471 2954 quanto
3510 2885 3684 2950 major

2093 2980 2234 3048 apud
2275 2979 2446 3035 Deum
2467 2979 2571 3033 erit
2609 2994 2731 3048 erga
2771 2979 3005 3041 animas,
3048 2991 3166 3046 quae
3207 2991 3301 3044 per
3346 2972 3682 3045 tyrannidem

2093 3073 2287 3127 diaboli
2332 3088 2363 3127 a
2410 3074 2583 3144 prisca
2624 3072 2713 3126 illa
2760 3071 3034 3126 nobilitate
3076 3071 3096 3100 ³
3146 3070 3198 3122 in
3244 3067 3520 3138 praesentis
3557 3066 3685 3117 vitze

2097 3166 2320 3236 lupanar
2365 3165 2596 3219 reducta:
2639 3163 2801 3218 sunt?
2846 3160 3160 3231 Hnjusmodi
3204 3157 3444 3226 exempla
3484 3157 3682 3225 passim

2095 3259 2233 3329 apud
2261 3258 2548 3329 prephetas
2572 3257 2827 3327 reperias,
2851 3269 2972 3310 cum
2999 3251 3289 3308 Jerusalem
3313 3249 3679 3317 alloquuntur,

2094 3368 2211 3422 qu;e
2240 3351 2420 3421 utique
2448 3351 2502 3404 in
2545 3349 2945 3404 fornicationem
2980 3343 3238 3398 inciderat
3260 3383 3274 3405 ,
3306 3341 3413 3394 imo
3451 3335 3683 3391 fornicu-

2099 3445 2294 3498 tionem
2337 3442 2462 3496 novi
2530 3441 2763 3514 generis,
2805 3434 3257 3510 quemadmodum
3287 3432 3364 3486 ait
3391 3429 3632 3485 Ezechiel
3669 3447 3684 3482 :

2101 3534 2343 3587 Omnibus
2369 3533 2708 3587 meretricibus
2728 3535 2913 3584 dantur
2934 3526 3204 3588 mercedes,
3231 3534 3282 3578 tu
3305 3539 3417 3577 vero
3438 3522 3686 3575 mercedes

2097 3624 2272 3689 dabas,
2303 3633 2350 3678 et
2379 3625 2519 3693 apud
2543 3631 2590 3676 te
2613 3623 2807 3675 diverso
2838 3623 2984 3674 modo
3015 3620 3208 3690 agitur,
3242 3631 3390 3685 quant
3417 3613 3552 3683 apud
3578 3629 3683 3667 ca:-

2097 3724 2228 3770 teras
2255 3713 2482 3788 (Exeo/1.
2512 3714 2598 3768 16.
2625 3715 2693 3768 5³5
2715 3714 2756 3783 ).
2791 3713 2857 3765 Et
2885 3713 3038 3776 alius,
3068 3708 3260 3766 Sediin
3289 3715 3579 3776 exspectans
3599 3721 3686 3757 eos

2099 3818 2355 3877 tamquam
2396 3808 2573 3860 cornix
2601 3805 2795 3861 deserta
2821 3804 2841 3834 ³
2868 3801 2998 3876 (Jer.
3029 3805 3081 3858 5.
3107 3802 3145 3855 2⁷
3167 3802 3209 3870 ).
3235 3797 3382 3851 Hanc
3409 3796 3582 3864 itaque
3606 3797 3687 3848 sic

2101 3895 2409 3952 fornicatam
2433 3911 2640 3950 rursum
2665 3905 2853 3949 evocat
2870 3895 3026 3947 Deus.
3049 3889 3260 3947 Etenim
3283 3887 3558 3956 captivitas
3579 3901 3687 3938 non

2100 4001 2206 4045 tam
2227 3989 2295 4044 ad
2323 3989 2605 4042 vindictam
2627 3981 2916 4050 acciderat,
2939 4001 3096 4056 quam
3119 3981 3613 4038 ad'conrersionem
3632 3989 3688 4030 ut

2097 4082 2547 4137 emendationem.
2570 4079 2842 4150 Siquidem
2864 4079 2909 4134 si
2930 4094 3024 4134 eos
3046 4092 3262 4149 prorsus
3282 4072 3466 4131 ulcisci
3489 4072 3688 4124 voluis-

2097 4185 2179 4230 set
2204 4176 2362 4241 Deus,
2389 4189 2491 4228 non
2509 4175 2813 4228 reduxisset
2832 4172 3069 4230 domum.
3097 4185 3196 4225 nec
3217 4170 3405 4224 urbem
3424 4165 3686 4234 majorem

2097 4276 2150 4320 et
2162 4265 2596 4336 Splendidiorem,
2613 4278 2711 4318 nec
2724 4263 2976 4332 templum
2990 4261 3172 4315 itidem
3185 4260 3358 4315 denuo
3371 4260 3678 4314 excitaSSt-t:

2101 4358 2212 4411 Erit
2229 4357 2382 4421 enim,
2406 4359 2498 4419 ait,
2518 4354 2684 4427 gloria
2708 4355 2886 4409 domus
2905 4354 3056 4424 hujus
3077 4353 3346 4406 nouissima
3368 4350 3686 4420 praestantior

2101 4450 2266 4519 priore
2294 4447 2446 4523 (Agg.
2465 4447 2653 4520 2.10).
2685 4446 2836 4515 Quod
2866 4447 2910 4501 si
2938 4446 3079 4500 Deus
3107 4459 3250 4514 saepe
3275 4452 3684 4513 eonspurcatam

2099 4539 2317 4593 libidine
2350 4554 2380 4592 a
2420 4538 2730 4608 paenitentia
2763 4552 2869 4591 non
2892 4535 3152 4603 exclusit,
3180 4536 3345 4589 multo
3372 4534 3535 4605 magis
3563 4533 3682 4587 ani-

2101 4645 2240 4684 mam
2264 4639 2409 4684 tuam
2429 4627 2836 4698 amplexabitur,
2859 4641 2978 4696 quze
2999 4640 3138 4680 nunc
3160 4626 3386 4696 primum
3411 4625 3556 4694 lapsa
3580 4635 3683 4678 est.

2099 4721 2268 4776 Nemo
2289 4720 2456 4784 enim,
2480 4734 2639 4774 nemo
2659 4732 2932 4787 corporea:
2951 4725 3157 4772 amator
3175 4716 3383 4782 formae,
3407 4724 3689 4785 quantum-

2099 4815 2228 4870 libet
2268 4815 2486 4868 insanus
2506 4853 2519 4876 ,
2551 4820 2695 4865 tanta
2727 4810 2913 4864 amicas
2951 4825 3061 4862 sua:
3087 4808 3109 4840 δ
3129 4807 3281 4864 ardet
3303 4807 3690 4876 coacupiscen-

2101 4907 2196 4971 tia,
2224 4915 2424 4975 quanto
2453 4904 2630 4957 studio
2661 4902 2804 4956 Deus
2830 4902 3125 4954 animarum
3159 4909 3459 4952 nostrarum
3486 4897 3689 4966 appetit

2099 4999 2326 5053 salutem
2357 5015 2370 5050 :
2395 4996 2534 5067 quod
2565 5008 2672 5049 tuin
2702 5011 2766 5049 ex
2796 4995 2858 5049 iis
2879 5008 2999 5064 qua:
3019 4992 3257 5062 quotidie
3281 4992 3548 5056 accidunt,
3573 5003 3687 5044 tum

2100 5108 2167 5146 ex
2184 5091 2482 5145 divinarum
2503 5088 2894 5159 Scripturarum
2912 5087 3067 5140 dictis
3087 5085 3266 5140 videre
3287 5087 3429 5140 licet.
3452 5085 3689 5139 Observa

2101 5194 2208 5238 tam
2237 5185 2289 5238 in
2316 5185 2431 5253 ipso
2449 5180 2697 5237 Jereuiiue
2723 5179 2964 5246 exordio,
2993 5194 3150 5250 quam
3177 5179 3304 5234 alibi
3330 5180 3526 5247 passim
3549 5179 3689 5246 apud

2101 5279 2410 5348 prophetas,
2438 5275 2706 5346 quomodo
2727 5273 3010 5342 despectus
3032 5282 3085 5326 et
3108 5272 3433 5341 contemptui
3457 5270 3689 5334 habitus,

2101 5385 2312 5426 rursum
2345 5369 2506 5422 instet
2539 5376 2593 5422 et
2617 5365 2904 5420 amicitiam
2938 5379 3166 5430 eorum,
3196 5365 3285 5431 qui
3325 5363 3393 5418 ab
3433 5379 3491 5417 se
3518 5363 3692 5417 aversi

2103 5465 2350 5530 fuerant,
2380 5462 2628 5532 exquirat
2654 5478 2667 5514 :
2697 5459 2839 5531 quod
2860 5460 3021 5514 etiam
3048 5459 3161 5529 ipse
3190 5460 3240 5512 in
3271 5458 3572 5528 Evangeliis
3597 5456 3690 5512 de-

2165 5666 2179 5696 ¹
2217 5662 2356 5727 Savil.
2381 5672 2434 5715 et
2449 5663 2646 5727 quidam
2673 5670 2782 5727 lusa.
2808 5661 3008 5727 addunt,
3027 5659 3079 5712 in
3096 5661 3208 5727 uita.

2163 5729 2184 5758 '
2218 5726 2357 5775 Savil.
2377 5735 2429 5777 et
2451 5721 2578 5775 tinus
2597 5724 2730 5784 Cod.,
2755 5722 3000 5774 nobilitate
3017 5731 3062 5774 et
3087 5721 3276 5773 decore.

2167 5789 2189 5821 ⁸
2219 5788 2362 5838 savil.
2381 5795 2434 5837 et
2448 5796 2654 5851 quatuor
2670 5782 2797 5843 mas,
2819 5786 2990 5836 cornix
3008 5785 3058 5836 in
3081 5787 3274 5836 deserto
3292 5782 3412 5835 sola.

2171 5858 2192 5883 ⁸
2225 5856 2390 5910 Deest,
2411 5863 2533 5910 sua'.
2552 5851 2601 5900 in
2624 5851 2802 5912 aliquot
2823 5855 2930 5900 MSS.
