4096 6392
369 381 478 440 295

365 496 459 550 ἐπὶ
487 495 550 549 τὸ
580 495 686 568 πῦρ
725 497 1046 566 ἑλκομένους
1070 496 1209 559 ὁδὸν,
1241 495 1330 548 καὶ
1370 495 1506 568 πρὸς
1540 497 1678 550 αὑτά
1713 494 2044 569 συρομένους

364 582 433 634 τὰ
451 581 841 652 βασανιστήρια
861 581 952 633 καὶ
982 583 1103 643 ταῖς
1130 580 1424 650 ἀποτόμοις
1456 580 1914 650 παραδιδομένους
1949 582 2041 635 δυ-

364 661 581 733 νάμεσι,
612 666 706 718 καὶ
730 665 902 717 ταῦτα
927 665 1234 734 πάσχοντας
1277 659 1420 718 κατά
1463 664 1553 717 τὸν
1585 665 1794 736 καιρὸν,
1827 668 1946 719 καθ’
1975 665 2034 718 ὃν

367 747 754 816 στεφανοῦνται
789 749 882 801 καὶ
929 748 1394 819 ἀποκηρύττονται
1421 749 1513 800 καὶ
1545 747 1621 817 τῷ
1673 748 1844 820 θρόνῳ
1890 766 2035 821 παρ-

367 829 611 884 ίστανται
639 829 716 900 τῷ
751 829 1014 900 βασιλικῷ
1044 832 1092 882 οἱ
1123 829 1189 882 τά
1241 830 1422 897 ἀγαθά
1477 829 1782 900 πράξαντες
1812 831 2030 896 πάντες,

365 913 459 966 καὶ¹
483 911 610 976 ἀξια
634 913 732 982 τῆς
756 913 975 966 αἰωνίου
1007 912 1154 981 ζωῆς
1188 912 1532 982 ποιήσαντες.

436 1001 525 1056 ιγ’.
552 996 658 1048 Καὶ
675 996 844 1048 ταῦτα
866 996 964 1066 μὲν
983 999 1038 1048 ἐν
1055 995 1238 1068 ἐκείνῃ
1254 997 1319 1064 τῇ
1337 994 1538 1066 ἡμέρα·
1556 994 1622 1048 τά
1635 995 1691 1048 δὲ
1708 994 1834 1067 ἑξῆς
1853 995 2036 1050 λοιπὸν

361 1077 445 1141 τίς
477 1080 608 1148 ἡμῖν
634 1081 979 1149 παραστήσει
1005 1080 1184 1148 λόγος,
1211 1081 1312 1149 τῆς
1345 1078 1482 1147 μετά
1516 1077 1610 1130 τοῦ
1641 1077 1877 1148 Χριστοῦ
1907 1096 2034 1131 συν-

289 1197 296 1202 -
362 1161 549 1222 ουσίας
605 1161 704 1231 τὴν
736 1162 948 1232 ἡδονὴν,
974 1163 1072 1233 τὴν
1106 1161 1398 1230 ὠφέλειαν,
1429 1160 1528 1231 τὴν
1559 1161 1731 1231 χαράν
1765 1173 1831 1226 δὲ
1876 1161 2036 1232 Ψυχὴ

362 1244 470 1314 γὰρ
499 1247 578 1308 εἰς
605 1244 702 1315 τὴν
729 1238 936 1299 οἰκείαν
989 1246 1272 1313 εὐγένειαν
1332 1243 1724 1307 ἐπανελθοῦσα,
1761 1243 1855 1296 καὶ
1899 1245 2038 1315 μετά

363 1329 674 1400 παρρησίας
702 1329 883 1382 λοιπὸν
917 1329 1207 1400 δυνηθεῖσα
1238 1328 1328 1382 τὸν
1351 1327 1551 1398 ἑαυτῆς
1579 1327 1857 1398 Δεσπότην
1885 1329 2035 1400 ὁρᾷν,

359 1409 459 1462 οὐκ
501 1411 646 1464 ἐστιν
683 1412 856 1465 εἰπεῖν
903 1413 1035 1482 ὅσην
1068 1411 1376 1482 καρποῦται
1415 1410 1512 1482 τὴν
1544 1410 1759 1482 ἡδονὴν,
1823 1411 1946 1463 ὅσον
1977 1413 2037 1466 τὸ

361 1494 572 1564 κέρδος,
619 1497 678 1548 οὐ
712 1499 826 1558 τοῖς
862 1498 919 1548 ἐν
957 1497 1111 1567 χερσὶ
1141 1496 1300 1566 μόνον
1331 1495 1596 1565 χαίρουσα
1626 1495 1868 1564 ἀγαθοῖς,
1901 1496 2036 1550 ἀλλά

361 1577 456 1628 καὶ
483 1575 560 1646 τῷ
591 1579 880 1632 πεπεῖσθαι
905 1579 1110 1641 λοιπὸν,
1145 1580 1226 1632 ὅτι
1261 1578 1496 1649 οὐδαμοῦ
1523 1579 1550 1618 ι)
1575 1579 1748 1632 ταῦτα
1785 1578 2036 1651 τελευτή-

362 1676 444 1711 σει
466 1659 535 1712 τά
562 1661 720 1714 καλά.
741 1663 928 1715 Πᾶσαν
957 1664 1054 1732 μὲν
1082 1659 1173 1714 οὖν
1190 1660 1288 1733 τὴν
1312 1661 1650 1731 εὐφροσύνην
1675 1661 1890 1731 ἐκείνην
1911 1661 2035 1716 οὐτε

357 1743 501 1816 λόγῳ
529 1747 897 1818 παραστῆσαι,
918 1746 1040 1800 οὐτε
1073 1747 1148 1818 νῷ
1167 1745 1437 1799 διαλαϐεῖν
1463 1745 1628 1798 ἐστιν·
1648 1745 1906 1817 ἀμυδρῶς
1929 1758 1950 1786 ο
1977 1747 2034 1800 δὲ

358 1828 453 1880 καὶ
481 1827 556 1892 ὡς
575 1829 641 1883 ἄν
671 1847 754 1893 τις
782 1831 869 1883 διά
906 1830 1116 1902 μικρῶν
1151 1830 1363 1900 μεγάλα
1394 1830 1637 1901 δεικνύῃ,
1695 1831 2034 1902 πειράσομαι

359 1911 582 1982 ποιῆσαι
607 1913 857 1984 φανερόν.
901 1913 1276 1984 Ἐξετάσωμεν
1317 1914 1426 1982 γάρ
1450 1914 1576 1976 τοὺς
1611 1915 1669 1966 ἐν
1695 1913 1774 1983 τῷ
1807 1915 2034 1983 παρόντι

360 1997 460 2066 βίῳ
478 1995 586 2048 τῶν
619 1996 713 2049 τοῦ
745 1997 952 2066 κόσμου
994 1996 1175 2052 καλῶν
1204 1997 1595 2060 ἀπολαύοντας,
1640 1995 1871 2050 πλούτου
1892 1997 2035 2066 λέγω

359 2079 452 2132 καὶ⁵
473 2079 790 2144 δυναστείας
838 2081 934 2134 καὶ
959 2080 1140 2153 δόξης,
1183 2081 1301 2144 πῶς
1329 2081 1432 2134 ὐπὸ
1469 2081 1569 2148 τῆς
1604 2079 1872 2151 εὐθυμίας
1900 2099 2033 2150 γαυ-

359 2162 631 2236 ρούμενοι,
665 2164 786 2218 οὐδὲ
823 2167 914 2218 ἐπί
953 2166 1052 2235 τῆς
1088 2165 1193 2236 γῆς
1231 2162 1368 2218 εῖναι
1401 2165 1701 2236 νομίξουσι.
1741 2165 2034 2219 καὶταῦτα

355 2245 478 2300 οὐτε
503 2247 948 2319 ὁμολογουμένων
985 2249 1352 2314 ἀπολαύοντας
1395 2251 1597 2313 καλῶν,
1629 2249 1754 2304 οὐτε
1779 2267 2031 2321 παραμε-

355 2411 414 2463 δέ
445 2429 578 2465 ποτε
623 2414 717 2467 καὶ
756 2415 914 2485 σταίη
959 2418 1176 2486 μικρὸν,
1239 2417 1399 2489 μέχρι
1443 2417 1542 2488 τῆς
1573 2417 1854 2487 παρούσης
1887 2416 2033 2487 ζωῆς

360 2495 460 2567 τὴν
487 2496 699 2550 εὔνοιαν
733 2499 1216 2569 ἐπιδεικνυμένων,
1261 2501 1574 2572 περαιτέρω
1610 2501 1667 2553 δὲ
1689 2500 1789 2553 οὐκ
1821 2499 2030 2570 ἰσχυόν-

353 2597 462 2633 των
501 2580 861 2644 συνεξελθεῖν.
898 2583 960 2635 Εἰ
988 2583 1043 2635 δέ
1074 2583 1242 2636 ταῦτα
1275 2585 1353 2647 εἰς
1399 2584 1672 2653 τοσαύτην
1727 2585 1871 2654 αῐρει
1903 2587 2032 2649 τοὺς

355 2663 576 2732 ἔχοντας
611 2665 806 2735 χαρὰν,
844 2665 894 2718 τί
925 2665 1025 2719 οἴει
1061 2665 1306 2734 γίνεσθαι
1354 2667 1568 2729 ἐκείνας
1590 2666 1687 2730 τάς
1701 2666 1898 2736 ψυχὰς,
1934 2667 2031 2730 τὰς

355 2746 696 2817 καλουμένας
730 2750 822 2800 ἐπὶ
844 2749 912 2801 τὰ
945 2748 1114 2819 μυρία
1140 2749 1319 2817 ἀγαθά
1348 2748 1418 2801 τὰ
1443 2751 1502 2802 ἐν
1526 2752 1638 2812 τοῖς
1663 2750 1934 2821 οὐρανοῖς,
1961 2751 2031 2802 τὰ

355 2829 640 2900 πεπηγότα
673 2832 767 2883 καὶ
821 2832 1028 2883 ἑστῶτα
1089 2831 1321 2900 βεϐαίως
1374 2831 1700 2896 διαπαντός;
1763 2831 1898 2884 υύδέ
1922 2832 2030 2903 γάρ

353 2914 510 2966 τοῦτο
545 2914 720 2984 μόνον,
750 2913 885 2966 ἀλλὰ
919 2917 1012 2967 καὶ
1039 2918 1104 2986 τῇ
1146 2916 1406 2984 ποσότητι
1445 2916 1540 2970 καὶ
1576 2919 1642 2987 τῇ
1669 2917 1912 2987 ποιότητι
1928 2921 2027 2968 ’το-

358 2997 531 3067 σούτῳ
567 2998 798 3066 κρείττω
835 2997 950 3068 [‘20]
989 2998 1098 3050 τῶν
1116 2999 1396 3070 παρόντων
1419 3000 1566 3052 ἐστὶν
1587 2999 1638 3061 ά,
1672 2999 1747 3062 ὡς
1773 2998 1912 3070 μηδὲ
1936 2999 2028 3052 ἐπὶ

359 3079 585 3151 καρδίαν
616 3080 900 3148 ἀνθρώπου
930 3081 1358 3151 ἀναϐῆναίποτε.
1384 3082 1497 3134 Νῦν
1525 3082 1623 3152 μὲν
1653 3081 1761 3154 γάρ
1778 3083 2029 3154 καθάπερ

358 3165 416 3216 ἐν
453 3165 633 3235 μήτρα
664 3163 893 3227 παιδίον,
945 3163 1116 3227 οῦτως
1153 3167 1211 3218 ἐν
1239 3165 1318 3235 τῷ
1351 3165 1538 3235 κόσμῳ
1563 3165 1737 3235 τούτῳ
1770 3164 2029 3236 διάγομεν

361 3246 871 3317 στενοχωρούμενοι,
892 3247 985 3298 καὶ
1015 3247 1108 3299 τοῦ
1137 3247 1420 3317 μέλλοντος
1436 3246 1630 3310 αίῶνος
1658 3248 1757 3318 τὴν
1777 3245 2028 3318 λαμπρό-

357 3346 496 3398 τητα
531 3329 623 3382 καὶ
654 3328 751 3398 τὴν
780 3328 1091 3399 ἐλευθερίαν
1122 3331 1183 3382 οὐ
1211 3329 1496 3399 δυνάμενοι
1540 3328 1790 3382 συνιδεῖν·
1823 3329 1950 3382 ὅταν
1973 3329 2028 3383 δὲ

355 3416 384 3465 6
415 3412 605 3483 καιρὸς
634 3415 826 3483 ἐπιστῇ
866 3413 974 3464 τῶν
989 3412 1214 3477 ὠδίνων,
1233 3413 1330 3465 καὶ
1361 3413 1605 3484 ἀποτέκῃ
1637 3413 1778 3467 κατὰ
1811 3413 1910 3485 τὴν
1933 3414 2029 3484 τῆς

357 3495 590 3564 κρίσεως
611 3493 924 3564 ἡμέρανοῦς
952 3494 1246 3560 ὑπεδέξατο
1262 3495 1468 3558 πάντας
1489 3495 1809 3566 ἀνθρώπους
1837 3497 1866 3548 6
1893 3513 2030 3566 παρε-

355 3577 432 3630 ὼν
471 3577 604 3647 βίος,
640 3577 708 3629 τά
747 3577 844 3647 μὲν
877 3576 1294 3648 ἐξαμϐλωθέντα
1332 3578 1440 3631 ἀπὸ
1485 3579 1710 3641 σκότους
1735 3579 1814 3640 είς
1839 3577 2027 3642 σκότος

358 3661 596 3731 ἔρχεται,
632 3661 724 3712 καὶ
748 3661 856 3712 ἀπὸ
889 3660 1120 3730 θλίψεως
1145 3663 1224 3724 είς
1245 3661 1420 3731 θλῖψιν
1447 3662 1852 3733 χαλεπωτέρων
1876 3661 1944 3714 τὰ
1972 3662 2028 3714 δὲ

358 3745 521 3814 ἄρτια
555 3754 578 3782 ο
612 3744 707 3795 καὶ
733 3744 832 3812 τῆς
861 3744 1145 3814 βασιλικῆς
1171 3745 1377 3808 εἰκόνος
1406 3747 1532 3810 τοὺς
1554 3745 1908 3816 χαρακτῆρας
1923 3744 2031 3797 δια-

359 3825 669 3895 φυλάξαντα
706 3828 1146 3896 παραστήσονται
1177 3826 1253 3896 τῷ
1281 3827 1510 3896 βασιλεῖ,
1540 3828 1637 3880 καὶ
1664 3827 1762 3896 τὴν
1789 3827 2030 3898 λειτουρ-

360 3912 484 3976 γίαν
511 3909 855 3974 ἀναδέξονται
878 3910 1190 3980 ὲκείνην,ἢν
1220 3909 1442 3978 ἄγγελοι
1471 3911 1566 3962 καὶ
1588 3910 1922 3980 ἀρχάγγελοι
1951 3910 2029 3980 τῷ

361 3994 578 4047 πάντων
609 3993 979 4045 διακονοῦνται
1016 3992 1154 4063 Θεῷ.
1177 3994 1268 4063 Μὴ
1294 3993 1473 4046 τοίνυν
1517 3995 1596 4054 εἰς
1626 3993 1778 4056 τέλος
1803 3994 2028 4059 τούτους

359 4077 490 4144 ἡμῖν
521 4075 792 4147 ἀφανίσῃς
823 4077 947 4138 τοὺς
965 4076 1338 4147 χαρακτῆρας,
1383 4073 1427 4128 ὦ
1453 4075 1622 4145 φίλος,
1655 4074 1791 4128 ἀλλά
1823 4076 2030 4147 ταχέως

359 4159 556 4222 αὐτοὺς
587 4160 1052 4230 ἀνακτησάμενος,
1099 4159 1190 4211 ἐπὶ
1227 4159 1287 4211 τὸ
1312 4159 1516 4217 βέλτιον
1555 4157 1912 4212 διατύπωσον.
1955 4160 2028 4212 Τὸ

364 4242 585 4313 μὲνγὰρ
610 4243 801 4304 κάλλος
817 4243 876 4293 τδ
906 4243 1213 4311 σωματικὸν
1233 4242 1361 4293 εἴσω
1394 4241 1500 4292 τῶν
1517 4240 1616 4309 τῆς
1650 4241 1866 4306 φύσεως
1890 4242 2030 4310 δρων

362 4324 700 4377 συνέκλεισεν
729 4326 756 4376 6
787 4325 936 4384 Θεὸς,
973 4328 1005 4394 ἡ
1039 4326 1094 4377 δέ
1127 4325 1224 4394 τῆς
1251 4322 1428 4393 ψυχῆς
1461 4321 1579 4394 ὥρα
1617 4324 1716 4391 τῆς
1751 4322 1848 4392 μὲν
1891 4323 2032 4376 ἐκεῖ-

360 4405 450 4458 θεν
483 4407 725 4473 ἀνάγκης
754 4409 846 4460 καὶ
879 4407 1120 4469 δουλείας
1149 4406 1168 4445 ί
1203 4406 1568 4475 ἀπήλλακται,
1605 4405 1699 4458 ἆτε
1737 4404 1801 4476 δὴ
1851 4406 2031 4478 πολλῷ

362 4488 584 4555 βελτίων
632 4485 764 4541 οὖσα
812 4489 912 4554 τῆς
965 4489 1283 4558 σωματικῆς
1338 4487 1662 4558 εὐμορφίας·
1693 4475 1945 4558 ἐφ’νήμῖν
1971 4475 2028 4541 δέ

360 4571 547 4628 ἅπασα
579 4574 752 4623 κεῖται
787 4573 880 4624 καὶ
898 4575 964 4641 τῇ
995 4574 1134 4641 ῥοπῇ
1169 4571 1262 4622 τοῦ
1287 4569 1442 4621 Θεοῦ.
1489 4567 1872 4639 Φιλάνθρωπος
1917 4570 2027 4641 γάρ

359 4656 435 4708 ῶν
462 4657 490 4708 6
539 4656 814 4724 Δεσπότης
857 4657 1032 4724 ἡμῶν,
1076 4656 1170 4707 καὶ
1191 4654 1362 4723 τούτῳ
1394 4651 1627 4722 μάλιστα
1660 4653 1723 4704 τὸ
1756 4652 2026 4725 ἡμέτερον

360 4739 583 4807 ἐτίμησε
599 4739 770 4804 γένος,
790 4741 854 4791 τὰ
877 4739 972 4808 μὲν
991 4739 1245 4792 ἐλάττονα
1268 4739 1354 4790 καὶ
1375 4737 1525 4789 οὐδὲν
1545 4736 1685 4806 μέγα
1710 4737 2026 4790 συντελοῦν-

359 4837 428 4873 τα
452 4823 601 4891 ήμῖν,
628 4821 740 4874 ἀλλ’
765 4823 911 4885 ὅπως
943 4821 1009 4874 ἂν
1043 4822 1183 4892 πέσῃ
1216 4821 1483 4891 ἀδιάφορα
1533 4819 1683 4883 ὄντα,
1712 4821 1780 4890 τῇ
1802 4820 1904 4890 τῆς
1927 4822 2028 4889 φύ-

361 4919 498 4966 σεως
519 4905 814 4974 ἐπιτρέψας
844 4907 1077 4976 ἀνάγκῃ.
1106 4905 1214 4955 τῶν
1229 4903 1284 4955 δὲ
1301 4904 1468 4966 ὅντως
1504 4901 1682 4954 καλῶν
1713 4903 1744 4972 ἡ
1753 4904 1858 4971 μᾶς
1875 4907 2027 4976 ποιη-

361 5003 460 5049 σας
480 4983 1018 5058 είναιδημιουργούς.
1073 4988 1136 5041 Et
1174 4987 1272 5057 μὲν
1324 4986 1431 5058 γάρ
1453 4987 1547 5039 καὶ
1587 4985 1680 5039 τοῦ
1711 4989 2024 5058 σωματικοῦ

359 5069 588 5132 κάλλους
615 5071 760 5140 ἡμᾶς
791 5071 1042 5141 ἐποίησεν
1077 5068 1213 5123 εἶναι
1250 5071 1492 5140 κυρίους,
1529 5071 1622 5123 καὶ
1652 5069 1906 5141 φροντίδα
1930 5087 2026 5124 πε-

364 5153 546 5222 ριττὴν
569 5153 866 5224 ἐδεξάμεθα
891 5156 914 5192 π
959 5153 1044 5216 ἂν,
1080 5155 1171 5207 καὶ
1198 5155 1254 5204 ἐν
1295 5155 1409 5215 τοῖς
1449 5152 1596 5205 οὐδὲν
1631 5152 1899 5220 ὠφελοῦσι
1935 5154 2025 5207 τὸν

359 5235 574 5288 ἅπαντα
604 5236 669 5289 ἂν
694 5237 1151 5307 ἀπησχολήσαμεν
1190 5236 1398 5306 χρόνον,
1426 5235 1520 5288 καὶ
1549 5233 1650 5304 τῆς
1677 5234 1855 5306 ψυχῆς
1898 5237 2026 5304 σφό-

357 5317 457 5388 δρα
498 5319 563 5370 ἂν
609 5320 983 5391 ῆμελήσαμεν.

431 5401 604 5455 Ὅπου
652 5403 759 5474 γὰρ
815 5403 908 5456 νῦν
966 5403 1066 5455 οὐκ
1114 5401 1281 5473 οὔσης
1329 5403 1386 5454 ἐν
1439 5403 1571 5471 ἡμῖν
1626 5401 1723 5472 τῆς
1777 5400 2025 5466 ἐξουσίας

357 5483 561 5556 ταύτης
606 5485 820 5540 ἅπαντα
875 5487 1184 5557 πράττομν
1226 5486 1322 5539 καὶ
1377 5483 1713 5555 βιαζόμεθα,
1742 5486 1836 5537 καὶ⁸
1866 5501 2024 5538 σκια-

358 5567 618 5636 γραφίαις
653 5569 969 5638 ἐκδιδόαμεν
1024 5567 1247 5630 ἐαυτοὺς
1298 5568 1326 5606 h
1353 5607 1369 5632 ,
1420 5565 1515 5618 καὶ
1560 5563 1746 5635 ἐπειδὴ
1791 5567 1858 5637 τῇ
1892 5566 2024 5638 ἀλη-

420 5655 444 5684 ⁸
475 5655 749 5718 Ροσῐχαράν
758 5657 907 5717 aliqui
927 5655 1109 5718 addunt
1129 5650 1616 5718 dvitepmémmtub
1629 5652 2022 5718 Ξᾏνὶιβύδαμῶς.

423 5718 456 5779 ⁸³,
473 5718 554 5779 δίο
572 5714 891 5776 (Ιὺο’ωεε.,ἐι
909 5717 1110 5779 quidem
1138 5714 1318 5779 meliu's
1339 5728 1483 5779 quem
1504 5714 1587 5779 9H}
1601 5720 1652 5762 el
1664 5715 1780 5779 jpse
1803 5714 1914 5764 Savl
1937 5719 2021 5778 qui

359 5778 436 5853 sie
448 5777 644 5853 hqbeqt,
657 5776 961 5852 παραστῆσαι
988 5778 1280 5853 Eorw,_m3‘re
1297 5776 1378 5839 νῷ·
1401 5776 1636 5853 ἀμυδρῶς.
1663 5776 1771 5852 ῌοχ
1787 5790 1914 5853 unus:
1939 5776 2022 5853 με·

361 5840 479 5914 τάλα
499 5838 738 5914 ίςτκὺτιειεέ
752 5841 1036 5914 “Primam
1062 5845 1258 5914 ποιῆςται
1272 5838 1862 5914 ,φενερὲνλέβὲξῖοὲεφιξξῖ
1876 5838 2023 5914 είδο-

361 5899 584 5974 ιεῖΔττούςί
593 5901 666 5974 Ἐκ.
686 5901 797 5974 ξαν.
825 5899 1117 5974 ἐξετάσωμεν
1136 5903 1224 5974 γὰρ
1249 5899 1528 5974 είδοκεῖζὶξι
1549 5901 1744 5974 (galeris
1767 5906 1821 5948 ul
1840 5901 2020 5951 editur.

424 5960 451 6000 ἀ
475 5960 624 6022 Savil.
651 5968 702 6010 et
724 5963 822 6011 duo
844 5977 960 6010 mss.
981 5959 1166 6011 ad'dun'l
1189 5959 1343 6008 ἐκεῖνα
1367 5966 1474 6022 post
1498 5959 1642 6022 ἐστίν.

426 6034 454 6066 ο
474 6021 609 6074 Unus
635 6025 739 6074 cod.
760 6026 816 6073 τὰ
839 6025 888 6074 δί
911 6025 1230 6086 ἀπηρτισμένα
1253 6021 1406 6086 ἄρτια,
1432 6023 1557 6072 alius
1577 6021 1635 6068 τά
1668 6022 1716 6071 δὲ
1741 6022 1927 6086 ἀρτίως.

1603 381 1694 435 AD
1734 380 2164 440 THEODURUM
2205 385 2502 442 LAPSUM.
2545 387 2584 442 Ι.

3722 391 3831 449 296

2154 498 2273 574 θείᾳ
2323 501 2399 574 μὴ
2426 503 2723 575 δυνάμεθα,
2775 506 2868 559 καὶ
2895 506 3148 578 χρώμασι
3201 507 3294 560 καὶ
3333 506 3530 577 βαφαῖς
3571 507 3664 560 καὶ
3703 525 3829 562 συν-

2151 584 2298 639 θέσει
2333 586 2533 658 τριχῶν
2553 589 2647 641 καὶ
2668 589 2898 659 ἱματίων
2926 591 3236 664 περιϐολαῖς
3264 591 3359 644 καὶ
3376 593 3612 660 γραφαῖς
3629 590 3828 660 ὀφθαλ-

2149 669 2286 740 μῶν,
2319 671 2413 723 καὶ
2447 670 2661 735 πολλοῖς
2712 671 2928 744 ἑτέροις
2958 675 3317 745 μηχανήμασι
3359 673 3586 726 τοιαῦτα
3607 672 3826 744 σοφιζόο

2149 750 2288 820 μεθα
2319 753 2512 825 κάλλη·
2530 755 2652 808 τίνα
2679 755 2744 810 ἂν
2771 760 2838 829 τῇ
2869 758 3012 830 ψυχῇ
3046 759 3140 813 καὶ
3165 762 3278 822 τοῖς
3306 757 3614 822 σπουδαίοις
3631 757 3827 829 σχολὴν

2145 838 2542 909 ἀπενείμαμεν,
2582 843 2630 894 εί
2675 842 2812 913 πρὸς
2833 843 2930 915 τὴν
2964 844 3131 908 ὅντως
3159 843 3289 897 αὐτὸ
3323 843 3626 915 εὐμορφίαν
3663 861 3828 914 μετα-

2147 920 2318 975 θεῖναι
2350 923 2604 995 εῖχομεν;
2646 926 2800 996 Τάχα
2836 927 2945 999 γάρ
2969 929 3076 981 οὐδ’
3113 928 3180 983 ἂν
3233 930 3452 998 ἐγένετο
3491 931 3633 998 ἡμῖν,
3664 927 3825 998 ἔργον

2143 1005 2350 1076 ἕτερον,
2410 1010 2458 1061 εί
2509 1009 2668 1064 τοῦτο
2699 1009 2716 1048 ί
2751 1010 2911 1082 ἔργον
2935 1012 3205 1084 ἡμέτερον
3231 1009 3322 1084 ἦν,
3359 1012 3498 1066 ἀλλὰ
3528 1011 3705 1066 πάντα
3733 1011 3825 1064 τὸν

2145 1089 2336 1160 χρόνον
2374 1091 2441 1145 ἂν
2468 1093 2849 1165 ἀνηλώσαμεν·
2881 1095 2979 1166 τὴν
3014 1095 3113 1166 μὲν
3143 1095 3338 1166 δούλην
3391 1091 3824 1158 καλλωπίζοντες

2149 1173 2362 1245 μυρίοις
2414 1176 2844 1247 καλλωπισμοῖς,
2883 1180 2984 1250 τὴν
3035 1179 3089 1232 δὲ
3137 1179 3342 1251 ταύτης
3381 1179 3577 1251 κυρίαν
3623 1177 3824 1242 παντὸς

2145 1256 2479 1327 ἀνδραπόδου
2529 1259 2732 1329 μᾶλλον
2789 1263 2846 1314 ἐν
2879 1262 3128 1334 ἀμορφία
3182 1263 3277 1316 καὶ
3319 1262 3562 1333 ῥᾳθυμία
3626 1263 3824 1325 ἐῶντες

2145 1339 2358 1393 κεῖσθαι
2403 1341 2716 1408 διαπαντός.
2772 1345 2871 1398 Δια
2907 1345 3065 1399 τοῦτο
3105 1345 3308 1416 ταύτης
3340 1347 3488 1417 ἡμᾶς
3524 1346 3624 1415 τῆς
3657 1363 3823 1400 κακο-

2147 1424 2364 1494 σχολίας
2384 1424 2696 1492 ἀπαλλάξας
2721 1430 2749 1479 ὀ
2773 1427 2924 1494 Θεὸς,
2941 1429 3032 1482 τοῦ
3054 1428 3324 1498 βελτίονος
3357 1431 3490 1500 ἡμῖν
3505 1429 3604 1500 τὴν
3623 1429 3819 1500 τέχνην

2145 1505 2391 1574 ἐνέθηκε,
2418 1509 2512 1560 καὶ
2549 1507 2651 1561 ὁτὸ
2691 1509 2850 1579 σῶμα
2875 1509 2949 1580 μὴ
2965 1510 3261 1580 δυνάμενος
3296 1509 3572 1581 εὐμορφον
3597 1510 3818 1579 ποιῆσαι

2145 1588 2202 1655 ἐξ
2223 1588 2513 1659 εἰδεχθοῦς.
2549 1585 2700 1654 οὗτος
2725 1593 2824 1662 τὴν
2851 1593 3050 1662 ψυχὴν,
3076 1595 3178 1646 κᾶν
3199 1595 3280 1656 είς
3293 1593 3529 1664 ἐσχάτην
3550 1592 3821 1646 δυσειδίαν

2145 1671 2462 1743 κατενεχθῇ,
2496 1674 2576 1735 είς
2599 1673 2768 1744 αὐτὴν
2797 1674 2896 1744 τὴν
2927 1674 3026 1743 τῆς
3051 1675 3197 1745 ὧρας
3215 1675 3514 1744 ἀναγαγεῖν
3534 1675 3822 1745 δυνήσεται

2145 1753 2409 1825 κορυφὴν,
2463 1754 2556 1808 καὶ
2585 1754 2759 1820 οὕτως
2792 1756 3097 1827 ἐπέραστον
3125 1761 3348 1828 ποιῆσαι
3397 1757 3492 1810 καὶ
3544 1755 3818 1824 ποθεινὴν,

2142 1832 2283 1887 ὥστε
2310 1837 2383 1907 μὴ
2413 1838 2573 1906 μόνον
2601 1839 2728 1901 τοὺς
2775 1839 2974 1909 ἀνδρας
3003 1840 3129 1903 τοὺς
3145 1840 3383 1908 ἀγαθοὺς
3412 1841 3492 1902 εἰς
3525 1836 3822 1907 ἐπιθυμίαν

2143 1919 2312 1987 αὐτῆς
2347 1920 2542 1985 ἐλθεῖν,
2576 1921 2712 1975 ἀλλά
2745 1922 2838 1974 καὶ
2863 1923 3026 1976 αὐτὸν
3055 1924 3147 1976 τὸν
3163 1924 3272 1976 τῶν
3312 1923 3567 1993 ἁπάντων
3597 1920 3822 1993 βασιλέα

2143 2001 2236 2051 καὶ
2274 2000 2426 2066 Θεὸν,
2477 2002 2660 2066 καθὼς
2692 2003 2786 2057 καὶ
2812 2003 3166 2074 ὁΨαλμῳδὸς
3197 2005 3325 2076 περὶ
3349 1991 3538 2058 τούτου
3566 1991 3659 2056 τοῦ
3686 2002 3821 2056 κάλ-

2141 2080 2266 2144 λους
2287 2081 2668 2154 διαλεγόμενος
2713 2084 2887 2153 ἐλεγε·
2925 2087 3034 2140 Καὶ
3068 2085 3425 2155 ἐπιθυμήσει
3458 2089 3491 2140 ό
3519 2085 3822 2151 ,βασιλεὺς

2141 2163 2246 2217 τοῦ
2277 2164 2544 2232 κάλλους
2570 2183 2705 2221 σου.
2744 2169 2856 2240 Οὐχ
2895 2169 3026 2239 ὁρᾷς
3057 2170 3150 2222 καὶ
3173 2171 3230 2222 ἐν
3255 2173 3367 2234 τοῖς
3403 2169 3820 2240 χαμαιτυπείοις

2139 2243 2250 2297 τῶν
2287 2249 2582 2313 γυναικῶν,
2629 2251 2710 2303 ὅτι
2747 2252 2846 2314 τὰς
2887 2253 2984 2321 μὲν
3018 2251 3278 2323 εἰδεχθεῖς
3311 2252 3404 2305 καλ¹
3431 2250 3820 2321 ἀναισχύντους

2143 2329 2441 2401 μονομάχοι
2473 2332 2568 2385 καὶ
2595 2333 2860 2404 δραπέται
2885 2335 2978 2388 καὶ
3009 2334 3332 2407 θηριομάχοι
3382 2333 3534 2406 μόλις
3559 2333 3626 2388 ἂν
3649 2333 3818 2404 πρόσ-

2139 2427 2303 2466 οιντο·
2368 2413 2482 2486 [21]
2538 2417 2586 2468 εἰ
2619 2416 2676 2468 δέ
2711 2417 2814 2470 πού
2859 2435 2944 2481 τις
2990 2417 3264 2490 εὔμορφος
3296 2419 3392 2472 καὶ
3443 2416 3670 2488 εὐγενὴς
3725 2415 3818 2468 καὶ

2139 2495 2475 2567 αίσχυντηρά
2507 2499 2650 2552 κατά
2681 2516 2802 2553 τινα
2832 2501 3151 2571 περίστασιν
3196 2504 3271 2565 εἰς
3317 2500 3522 2572 ταύτην
3561 2499 3819 2571 ἔλθοιτὴν

2138 2579 2406 2652 ἀνάγκην,
2442 2581 2562 2634 οὐδὲ
2616 2581 2726 2636 τῶν
2769 2583 2974 2653 σφόδρα
3012 2582 3284 2654 λαμπρῶν
3315 2583 3411 2637 καὶ
3443 2581 3696 2654 μεγάλων
3721 2581 3818 2634 ἀν-

2137 2663 2278 2734 δρῶν
2306 2664 2398 2718 τὸν
2427 2665 2643 2734 ἐκείνης
2675 2682 2758 2729 τις
2788 2667 2965 2733 γάμον
3007 2667 3416 2737 ἐρυθριάσειεν;
3469 2666 3534 2718 Εί
3576 2664 3634 2718 δὲ
3666 2663 3818 2734 παρά

2137 2747 2444 2818 ἀνθρώποις
2468 2748 2720 2812 τοσοῦτος
2754 2747 2926 2812 ἔλεος,
2953 2750 3048 2802 καὶ
3071 2749 3308 2820 τοσαύτη
3340 2749 3498 2818 δόξης
3523 2745 3814 2818 ὑπεροψία,

2136 2829 2278 2882 ὥστε
2319 2831 2420 2894 τὰς
2461 2830 2724 2894 πολλάκις
2765 2831 3252 2902 καταισχυνθείσας
3280 2832 3372 2884 ἐπὶ
3396 2831 3492 2884 τοῦ
3547 2831 3740 2898 τέγους
3790 2826 3806 2877 i

2137 2912 2445 2979 ἀπαλλάξαι
2469 2914 2568 2984 τῆς
2593 2915 2838 2978 δουλείας
2871 2917 3107 2984 ἐκείνης,
3140 2917 3234 2968 καὶ
3261 2918 3319 2968 ἐν
3370 2915 3521 2980 τάξει
3548 2913 3690 2984 ἐχειν
3718 2928 3819 2981 γυ-

2137 2997 2361 3063 ναικῶν,
2394 2997 2571 3067 πολλῷ
2597 2999 2797 3068 μᾶλλον
2832 3000 2924 3051 ἐπὶ
2953 2999 3046 3051 τοῦ
3078 2999 3213 3052 Θεοῦ
3243 2998 3403 3052 τοῦτό
3428 2999 3566 3062 ἐστι,
3600 2993 3817 3050 καὶτῶν

2136 3079 2324 3150 ψυχῶν
2355 3081 2464 3135 τῶν
2488 3081 2597 3134 ἀπὸ
2629 3081 2728 3151 τῆς
2759 3081 2965 3136 ἀνωθεν
2994 3082 3272 3150 εὐγενείας
3301 3079 3445 3134 κατά
3464 3081 3563 3152 τὴν
3588 3076 3684 3132 τοῦ
3709 3077 3820 3130 δια-

2138 3161 2292 3214 ϐόλου
2315 3162 2603 3234 τυραννίδα
2633 3165 2713 3225 εἰς
2743 3161 2804 3215 τὸ
2829 3162 2923 3216 τοῦ
2949 3163 3218 3236 παρόντος
3254 3163 3370 3233 βίου
3413 3161 3819 3234 χαμαιτυπεῖον

2139 3245 2565 3298 καταπεσουσῶν
2581 3243 2628 3297 Ιι.
2669 3245 2782 3298 Καὶ
2802 3245 3008 3298 τούτων
3033 3247 3288 3317 εὑρήσεις
3308 3245 3417 3297 τῶν
3443 3243 3819 3316 παράδειγμά·-

2135 3345 2242 3380 των
2258 3330 2383 3390 τοὺς
2401 3329 2686 3402 προφήτας
2713 3328 3200 3399 πεπληρωμένους,
3230 3330 3357 3382 ὅταν
3376 3327 3731 3396 διαλέγωνται
3745 3326 3814 3395 τῇ

2149 3412 2455 3482 Ίερουσαλή
2466 3429 2522 3482 μ·
2561 3413 2656 3465 καὶ
2684 3411 2792 3483 γάρ
2809 3412 3026 3482 ἐκείνην
3050 3413 3130 3474 είς
3161 3412 3418 3481 πορνείαν
3443 3409 3813 3481 ἐμπεσοῦσαν,

2137 3494 2392 3565 πορνείαν
2421 3494 2542 3546 τινὰ
2567 3497 2909 3566 καινοτέραν,
2967 3493 3151 3558 καθὼς
3177 3495 3269 3548 καὶ
3295 3498 3325 3550 6
3349 3493 3610 3564 Ίεξεκιήλ
3656 3509 3812 3564 φησι·

2136 3578 2369 3643 Πάσαις
2406 3578 2658 3645 πόρναις
2686 3579 2914 3631 δίδοται
2942 3579 3311 3647 μισθώματα,
3345 3578 3427 3632 σὺ
3448 3577 3516 3629 δὲ
3545 3575 3818 3645 προσεδί-

2136 3663 2252 3727 δως
2289 3661 2660 3731 μισθώματα,
2698 3661 2797 3728 καὶ
2828 3661 3065 3730 ἐγένετο
3095 3662 3164 3715 ἐν
3201 3663 3300 3715 σοὶ
3340 3659 3816 3730 διεστραμμένων

2137 3744 2296 3812 παρὰ
2325 3745 2430 3809 τὰς
2443 3743 2682 3809 λοιπάς·
2706 3745 2799 3797 καὶ
2825 3743 2984 3796 πάλιν
3003 3745 3207 3814 ’έτερος-
3239 3741 3552 3807 Ἐκάθισας
3565 3739 3818 3808 προσδοο

2138 3827 2308 3880 κῶσα
2344 3825 2568 3892 αὐτοὺς
2598 3826 2741 3879 ὡσεὶ
2767 3827 2996 3894 κορώνη
3026 3825 3385 3894 ἡρημωμένη
3411 3823 3687 3895 ¹.Ταύτην
3720 3819 3814 3878 οῦν

2135 3907 2234 3978 τὴν
2277 3906 2422 3960 οὕτω
2447 3907 2827 3977 πορνεύσασαν
2877 3907 3226 3960 ἀνακαλεῖται
3253 3907 3415 3961 πάλιν
3445 3907 3473 3959 6
3502 3906 3656 3970 Θεός.
3703 3905 3815 3958 Καὶ

2137 3992 2244 4064 γὰρ
2272 3994 2305 4063 ἡ
2339 3991 2735 4062 αἰχμαλωσίαή
2759 3993 3048 4063 γενομένη,
3077 3993 3137 4044 οὐ
3160 3991 3431 4063 τιμωρίας
3445 3990 3696 4044 τοσοῦτον
3721 3984 3812 4061 ἦν,

2136 4076 2259 4128 ὅσον
2284 4075 2621 4146 ἐπιστροφῆς
2653 4075 2748 4128 καὶ
2799 4073 3156 4145 διορθώσεως·
3189 4077 3331 4143 ἐπεὶ,
3369 4077 3417 4128 εί
3451 4073 3679 4128 κολάσαι
3718 4073 3815 4126 αὐ-

2135 4159 2261 4222 τοὺς
2294 4157 2547 4224 καθάπαξ
2569 4157 2821 4211 ἐϐούλετο
2867 4160 2896 4210 ό
2922 4157 3076 4220 Θεὸς,
3104 4158 3205 4210 οὐκ
3234 4157 3300 4210 ἂν
3336 4156 3498 4210 πάλιν
3535 4156 3813 4227 ἐπανήγα-

2137 4258 2234 4310 γεν
2270 4242 2474 4307 οἴκαδε,
2505 4243 2606 4295 οὐκ
2639 4242 2706 4294 ἂν
2747 4241 2968 4312 μείζονα
3002 4242 3096 4294 καὶ
3146 4241 3534 4313 λαμπροτέραν
3581 4241 3674 4294 καὶ
3713 4240 3814 4310 τὴν

2139 4326 2292 4379 πόλιν
2347 4326 2440 4378 καὶ
2472 4325 2563 4378 τὸν
2592 4325 2721 4378 ναὸν
2749 4325 3168 4388 κατεσκεύαζεν·
3216 4327 3424 4378 Ἔσται
3457 4323 3590 4395 γάρ,
3623 4322 3812 4393 φησὶν,

2138 4409 2176 4474 ἡ
2215 4405 2365 4470 δόξα
2391 4406 2496 4459 τοῦ
2521 4407 2692 4459 οῑκου
2718 4407 2934 4459 τούτου
2953 4407 2990 4472 ἠ
3017 4405 3245 4474 ἐσχάτη
3277 4405 3428 4474 ὑπὲρ
3456 4403 3570 4472 τὴν
3596 4404 3814 4474 ἔμπρο-

2137 4493 2306 4541 σθεν.
2347 4488 2410 4540 Εἰ
2431 4487 2488 4539 δέ
2502 4489 2602 4557 τὴν
2629 4486 2888 4549 πολλάκις
2915 4486 3360 4556 ἐκπορνεύσασαν
3381 4487 3481 4538 οὐκ
3519 4485 3812 4539 ἀπέκλεισε

2138 4573 2234 4640 τῆς
2268 4567 2555 4638 μετανοίας
2579 4568 2608 4619 ό
2637 4567 2788 4630 Θεὸς,
2820 4567 2998 4637 πολλῷ
3030 4567 3229 4638 μᾶλλον
3283 4567 3384 4638 τῆς
3414 4569 3513 4640 σῆς
3532 4566 3812 4634 ἀνθέξεται

2135 4651 2336 4722 ψυχῆς,
2358 4649 2517 4703 τοῦτο
2566 4650 2780 4720 πρῶτον
2809 4649 3084 4722 πεσούσης
3111 4652 3171 4705 τὸ
3215 4653 3435 4721 πτῶμα.
3466 4653 3653 4717 Οὐδεὶς
3678 4653 3808 4725 γάρ,

2135 4735 2308 4798 οὐδεὶς
2351 4733 2620 4802 σωμάτων
2651 4734 2908 4804 ἐραστὴς,
2941 4735 3044 4788 κᾶν
3080 4736 3284 4808 σφόδρα
3398 4735 3653 4806 μανικὸς,
3667 4738 3823 4795 οὕτω.

2133 4819 2233 4888 τῆς
2259 4819 2540 4889 ἐρωμένης
2561 4821 2659 4889 τῆς
2697 4817 2860 4871 αὐτοῦ
2889 4829 2928 4857 ω
2961 4819 3324 4888 περικαίεται,
3359 4819 3435 4883 ώς
3475 4822 3504 4874 6
3543 4819 3676 4884 Θεὸς
3710 4820 3819 4890 τῆς,

2138 4902 2407 4972 σωτηρίας
2441 4902 2651 4970 ἐφίεται
2691 4901 2797 4954 τῶν
2825 4901 3109 4972 ἡμετέρων
3137 4901 3348 4972 ψυχῶν·
3401 4903 3497 4956 καὶ
3535 4903 3694 4957 τοῦτο
3724 4904 3810 4958 ἐν·

2133 5001 2251 5036 εστι
2281 4985 2381 5054 μὲν
2398 4985 2492 5038 καὶ
2506 4987 2570 5037 ἐκ
2584 4986 2689 5037 τῶν
2711 4984 2833 5037 καθ’
2852 4985 3089 5056 ἑκάστην
3105 4987 3138 5055 ἡ
3150 4984 3323 5056 μέραν
3334 4985 3635 5056 γινομένων
3659 4987 3805 5053 ίδεῖν,

2133 5066 2309 5120 ἔνεστι
2337 5068 2393 5121 δὲ
2422 5069 2514 5122 καὶ
2543 5067 2652 5121 ἀπὸ
2678 5067 2786 5121 τῶν
2815 5068 2974 5121 θείων
3002 5067 3258 5138 Γραφῶν.
3293 5069 3434 5140 Ὅρα
3463 5069 3613 5138 γοῦν,
3637 5070 3730 5122 καὶ
3749 5072 3808 5124 ἐν

2203 5222 2222 5260 f
2252 5223 2337 5292 _Sic
2358 5225 2561 5292 ειιὶψιοιΔ
2583 5237 2698 5292 m_ss_.
2743 5224 2974 5292 et_Savil.
3000 5224 3119 5275 Haec
3161 5225 3443 5290 recepimus
3468 5242 3557 5292 pro
3584 5242 3646 5278 eo
3677 5233 3810 5290 quod

2135 5285 2411 5345 legebatur,
2434 5292 2517 5343 τῆς
2539 5286 2767 5341 δουλείας.
2797 5287 2927 5335 Εοιτ.

2198 5350 2222 5409 β
2249 5349 2397 5396 Savil.
2421 5355 2473 5395 et
2499 5348 2596 5396 duo
2615 5347 2940 5409 ἀνεδεξάμεθα.

2195 5408 2598 5485 μῗᾼιμίιιιοῂωεξ.
2633 5408 3076 5485 καὶεσκιαγραφίαις
3097 5408 3256 5485 *τοῦτο
3293 5412 3805 5485 ἐκδιδὸαμν.έαυτοῖς.

2133 5469 2414 5545 ﬂontfq’ex
2437 5471 2632 5545 Mo'rel?
2660 5472 2740 5518 καὶ
2761 5469 3007 5545 σκ..τοῦτο
3037 5471 3316 5545 ἐκδικοῦμεν
3337 5469 3518 5545 ἑαυτοῖς
3553 5476 3658 5545 Μρι
3681 5469 3806 5527 ἐπεί.

2131 5532 2406 5600 δήωγβιηθ
2443 5533 2544 5589 καί,
2581 5537 2634 5579 et
2666 5531 2892 5600 στροφαῖς
2937 5533 3049 5600 Ioco_
3075 5531 3314 5600 jpdgdig
3342 5537 3805 5600 Saviliscripluram

2130 5592 2291 5656 seeugri
2307 5607 2493 5656 sumus,
2527 5592 2739 5642 servatis'
2763 5592 2928 5642 Limen
2950 5592 3218 5644 verbié'xdi
3241 5596 3337 5652 τοῖς
3363 5592 3652 5656 σπουδαίοις.
3669 5601 3805 5651 Enn.

2201 5655 2214 5722 ξ
2247 5654 2401 5722 §avil.
2428 5661 2482 5703 el.
2501 5655 2699 5722 quidam
2719 5655 3091 5722 ms_s._£repév5t
3114 5657 3162 5705 ἐν
3179 5659 3248 5718 τῷ
3275 5658 3382 5722 βίῳ,
3406 5661 3446 5722 εἰ
3470 5654 3711 5711 ταῦτατὸ.

2163 5778 2174 5793 ‘
2199 5718 2214 5766 ι
2247 5715 2357 5794 Βυο
2399 5715 2528 5765 mss;
2545 5718 2756 5778 στέγους.
2780 5715 2908 5767 Infra
2929 5715 3079 5769 Savil.
3105 5726 3159 5770 et.
3180 5715 3309 5769 umis
3338 5715 3448 5769 bed.
3476 5722 3705 5785 εὐγενείας
3725 5726 3806 5774 καὶ

2132 5794 2475 5910 mipégi‘ﬁf'e:
2499 5853 2627 5889 unus
2662 5839 2768 5890 00d.
2792 5842 3217 5904 κατενηνεγμὲνων.
3242 5841 3398 5893 Paulo
3424 5844 3547 5894 infra
3569 5847 3699 5902 ﬁdem
3723 5847 3812 5899 ιιι-ι,

2129 5918 2374 5950 πεσουσαν
2383 5936 2392 5945 .

2197 5963 2388 6031 183v“.
2405 5967 2467 6031 ⁵ει
2483 5967 2704 6031 ῃσ-θιυοις
2865 5966 2983 6031 ὼςή
3009 5967 3196 6030 κορώνη
3219 5966 3266 6016 ἐν
3292 5967 3454 6031 ἐρήμῳ
3483 5970 3620 6031 μόνη.

2189 6024 2228 6054 π’
2251 6027 2345 6084 Τῆς
2364 6023 2515 6074 αὐτοῦ
2532 6025 2675 6076 deest
2691 6024 2742 6075 in
2767 6026 2951 6086 aliquot
2969 6023 3084 6078 mssl
