4096 6392
373 403 471 455 ιυῖ

376 529 546 574 rlarat
574 520 653 574 his
690 525 865 577 verbis
898 540 911 577 :
944 524 1225 579 Jerusalem
1250 566 1262 590 ,
1295 525 1573 580 Jerusalem
1595 568 1608 588 ,
1639 542 1753 596 qua:
1775 526 1959 580 occidis

378 617 647 678 prop/tetas
666 658 681 680 ,
709 627 757 668 et
794 618 993 687 lapidas
1028 634 1109 670 eos
1135 620 1219 686 qui
1257 619 1322 670 ad
1358 628 1404 672 te
1436 619 1573 671 missi
1599 629 1741 685 sunt,
1773 620 1963 687 quoties

380 708 514 759 robii
533 722 839 778 congregare
863 711 998 777 ﬁlios
1026 720 1157 777 tuos,
1180 712 1601 778 quemadmodum
1627 714 1816 781 gallina
1839 730 1961 767 eon-

378 809 552 867 gregat
575 802 740 868 pullos
761 819 878 855 suos
898 804 990 856 sub
1009 805 1139 868 alas,
1166 813 1210 857 et
1232 804 1463 857 noluistis
1488 804 1697 874 (Matth.
1720 808 1809 860 25.
1835 807 1963 877 '57)?

384 891 448 943 Et
471 891 663 945 Paulus
692 894 742 945 in
769 892 998 962 Epistula
1026 896 1089 949 ad
1115 896 1418 951 Corinthios
1436 896 1647 953 dicebat
1672 916 1684 949 :
1712 898 1965 965 Quoniam

382 981 519 1033 [lens
558 992 665 1035 erat
702 984 754 1036 in
790 984 1024 1047 Christo,
1058 988 1303 1040 mundum
1340 990 1669 1042 reconcilians
1706 992 1832 1055 sibi,
1863 1008 1963 1045 non

381 1083 618 1135 reputans
642 1076 744 1128 illis
771 1077 952 1129 delicta
982 1079 1227 1147 ipsorum,
1257 1090 1303 1133 et
1330 1083 1494 1150 posuit
1519 1085 1571 1135 in
1596 1084 1738 1138 nobis
1763 1086 1962 1138 verbum

381 1168 819 1222 reconciliationis.
856 1170 958 1222 Pro
984 1171 1183 1226 Christo
1226 1190 1342 1243 ergo
1378 1176 1625 1245 legatione
1667 1178 1961 1248 fungimur,

384 1266 621 1327 tanquam
650 1257 755 1310 Deo
781 1262 1075 1314 exhortante
1096 1279 1183 1331 per
1207 1281 1317 1317 nos.
1348 1263 1678 1321 Obsecramus
1703 1286 1794 1337 pro
1818 1268 1966 1324 Chri-

385 1360 479 1409 sto,
504 1352 895 1406 reconciliamini
917 1353 1025 1409 Deo
1048 1356 1122 1425 (9..
1153 1354 1270 1410 Cor.
1293 1359 1346 1412 5.
1374 1358 1462 1413 19.
1489 1360 1602 1430 20).
1631 1361 1757 1417 Haec
1777 1363 1843 1416 ad
1867 1378 1967 1417 nos

389 1454 530 1493 nunc
556 1440 693 1495 dicta
719 1453 898 1512 putato
927 1463 938 1497 :
966 1462 1067 1500 non
1090 1448 1233 1502 enim
1257 1449 1598 1505 incredulitas
1621 1460 1846 1521 tantum,
1872 1455 1965 1509 sed

386 1534 545 1587 etiam
575 1536 681 1588 vita
711 1536 979 1592 immunda
1008 1540 1248 1596 odiosam
1284 1541 1417 1597 hanc
1446 1544 1775 1599 inimicitiam
1818 1549 1965 1602 exci-

389 1634 502 1678 tare
529 1634 701 1694 potest
726 1644 738 1678 :
769 1626 904 1680 Nam
928 1632 1175 1698 sapientia
1199 1633 1382 1698 carnis,
1406 1634 1593 1703 inquit,
1612 1636 1874 1691 inimicitia
1896 1648 1967 1691 est

392 1712 499 1765 Deo
528 1713 548 1772 l
571 1714 721 1768 Rom.
754 1721 805 1771 8.
837 1720 866 1771 7
894 1724 931 1787 ).
964 1721 1305 1777 Destruamus
1336 1725 1494 1792 igitur
1519 1725 1619 1781 hoc
1645 1739 1876 1797 septum,
1905 1743 1970 1784 ac

390 1810 665 1861 diruamus
695 1821 1065 1881 mortuumque
1096 1830 1374 1883 ponamus,
1400 1826 1456 1870 ut
1485 1817 1692 1871 beatam
1724 1822 1967 1876 reconci-

386 1896 663 1951 liationem
688 1897 1045 1966 adipiscamur
1063 1945 1077 1968 ,
1106 1914 1163 1958 ut
1188 1904 1471 1962 reddamur
1498 1909 1689 1964 iterum
1717 1913 1971 1969 amabiles

398 1999 441 2040 et
475 1988 854 2046 desiderabiles
879 1993 1006 2048 Deo.

489 2099 576 2151 14.
630 2098 933 2154 Theodorus
968 2100 1274 2157 flermiones
1305 2120 1483 2157 amore
1509 2113 1713 2172 captus.
1754 2134 1824 2143 —
1855 2104 1982 2157 Scio

416 2203 467 2246 te
501 2206 646 2245 nunc
678 2191 1001 2247 liermioues
1033 2196 1265 2249 formam
1291 2197 1502 2257 mirari,
1526 2196 1768 2264 nihilque
1792 2196 1845 2248 in
1875 2202 1982 2248 ter-

415 2284 493 2337 ris
545 2284 665 2352 ejus
703 2284 1113 2353 pulchritudine
1145 2301 1241 2355 par
1275 2302 1399 2341 esse
1442 2296 1651 2355 putare.
1704 2285 1902 2340 Verum
1935 2286 1980 2339 si

415 2377 570 2442 velis,
604 2392 637 2430 ο
670 2377 864 2439 amice,
908 2385 1075 2431 tanto
1110 2378 1201 2431 illa
1250 2377 1551 2447 elegantior
1594 2386 1648 2431 et
1703 2377 1983 2446 pulchrior

414 2468 547 2529 eris,
569 2475 774 2536 quanto
793 2468 952 2522 luteis
984 2483 1163 2523 aurem
1185 2475 1400 2523 stature.
1425 2467 1557 2521 Nam
1595 2469 1639 2521 si
1664 2470 1717 2521 in
1748 2481 1981 2537 corpore

419 2560 770 2629 pulchritudo
807 2560 1101 2613 multorum
1143 2560 1358 2614 animos
1391 2560 1464 2613 ita
1502 2559 1749 2629 percellit
1783 2566 1837 2612 et
1892 2574 1987 2612 ex-

412 2653 565 2717 citat,
616 2651 835 2720 quando
879 2668 942 2707 ea
979 2653 1033 2705 in
1068 2652 1250 2705 anima
1285 2650 1585 2713 refulserit,
1620 2650 1749 2720 quid
1806 2650 1988 2718 hujus-

414 2743 559 2797 modi
587 2736 799 2811 spccie‘;
830 2758 893 2797 ac
918 2741 1311 2812 pulchritudini
1347 2743 1526 2797 simile
1569 2742 1775 2796 fuerit?
1807 2740 1987 2810 Siqui-

412 2836 535 2889 dem
563 2835 727 2903 hujus
759 2834 1183 2904 pulchritudinis
1213 2834 1522 2888 substantia
1553 2834 1691 2887 nihil
1718 2831 1865 2886 aliud
1883 2838 1988 2895 est,

410 2940 571 2992 quam
602 2925 872 2993 phlegma,
903 2923 1149 2993 sanguis,
1190 2922 1407 2985 humor,
1427 2923 1575 2986 bilis,
1600 2930 1655 2976 et
1684 2921 1791 2975 cibi
1813 2919 1988 2974 mansi

409 3029 633 3069 succus.
673 3013 766 3067 llis
809 3013 1008 3083 quippe
1057 3013 1221 3067 rebus
1252 3014 1421 3079 oculi,
1470 3028 1622 3083 gente
1669 3019 1724 3067 et
1777 3011 1987 3079 reliqua

408 3107 655 3183 membra
703 3106 999 3175 irrigantur
1041 3105 1233 3175 :quod
1283 3105 1329 3160 si
1380 3105 1754 3175 irrigationem
1805 3103 1992 3172 hujus-

408 3196 552 3249 modi
596 3212 626 3249 a
681 3205 869 3251 ventre
896 3205 950 3251 et
978 3212 1007 3250 a
1033 3197 1222 3265 jecore
1259 3204 1673 3266 promanantem
1709 3212 1815 3251 non
1848 3212 1987 3267 quo-

409 3288 851 3358 tidieaccipiant.
870 3298 994 3343 cute
1018 3289 1680 3355 indecoremarcescente,
1695 3290 1979 3359 oculisque

408 3382 705 3451 depressis,
739 3381 851 3435 oris
882 3381 1096 3450 species
1133 3388 1244 3434 tota
1284 3381 1548 3435 continuo
1585 3382 1783 3435 avolat.
1814 3380 1891 3435 Ita
1925 3390 1985 3434 ut

406 3477 452 3529 si
493 3475 831 3532 consideres.
874 3490 994 3543 quae
1032 3473 1384 3543 pulchritudo
1435 3474 1565 3529 insit
1613 3474 1812 3536 oculis,
1865 3489 1987 3541 qua:

404 3573 554 3617 recte
582 3564 905 3633 compositis
932 3564 1178 3627 naribus,
1207 3580 1329 3633 qua:
1359 3566 1575 3633 corpori
1607 3573 1661 3618 et
1690 3565 1865 3635 genis,
1898 3564 1980 3616 ni-

406 3655 481 3706 hil
513 3654 656 3707 aliud
689 3671 811 3710 esse
838 3655 1087 3724 corporis
1116 3656 1580 3724 pulchritudinem
1613 3656 1788 3720 dicas,
1817 3671 1982 3725 quam

404 3747 758 3816 sepulchrum
800 3747 1112 3799 dealbatum
1160 3766 1172 3800 :
1206 3754 1359 3800 tanta
1389 3763 1585 3816 nempe
1632 3748 1782 3802 intus
1822 3746 1985 3802 sorde

408 3841 632 3908 plenum
686 3848 787 3893 est.
832 3838 1033 3893 Deinde
1073 3854 1314 3908 pannum
1368 3840 1413 3893 si
1447 3839 1652 3893 videris
1692 3840 1981 3893 intinctum

406 3930 717 3995 hujusmodi
763 3932 951 3997 rebus,
999 3930 1196 4000 pituita
1244 3932 1497 3985 videlicet
1539 3940 1633 3985 aut
1686 3931 1875 3994 ﬂuore.
1914 3947 1982 3987 ne

402 4019 662 4072 extremis
689 4019 906 4087 quidem
932 4019 1116 4088 digitis
1142 4021 1482 4090 contingere,
1519 4022 1630 4074 inio
1672 4037 1773 4075 nec
1807 4022 1983 4091 respi-

403 4124 526 4163 cere
555 4109 723 4163 audes
760 4129 772 4163 :
816 4118 871 4163 et
902 4119 1082 4165 tamen
1126 4112 1439 4181 hujusmodi
1482 4127 1664 4166 rerum
1698 4114 1977 4167 conclavia

400 4210 453 4254 et
489 4203 785 4271 apothecas
817 4204 1038 4272 plurimi
1074 4204 1249 4260 facis?
1276 4205 1345 4258 At
1370 4206 1718 4275 pulchritudo
1750 4214 1840 4259 tua
1868 4222 1976 4260 non

403 4294 718 4362 hujusmodi
755 4304 894 4357 erat,
938 4296 1030 4350 sed
1068 4296 1141 4349 ita
1180 4298 1531 4366 praestantior
1578 4298 1691 4361 illa,
1742 4307 1799 4352 ut
1852 4300 1976 4353 coeli

400 4395 601 4439 terram
633 4389 969 4442 antecellunt
993 4404 1008 4453 ;
1049 4388 1158 4441 imo
1186 4388 1340 4443 caelis
1369 4388 1507 4457 ipsis
1538 4390 1708 4443 multo
1736 4390 1977 4459 splendi-

402 4478 524 4529 dior
564 4487 616 4529 et
656 4477 867 4531 melior.
899 4478 1150 4531 Animam
1195 4478 1397 4548 quippe
1439 4478 1701 4534 nudatam
1744 4496 1975 4550 corpore

400 4576 557 4613 nemo
585 4561 840 4617 hactenus
885 4564 1014 4619 vidit
1054 4586 1066 4620 :
1113 4568 1326 4625 aliunde
1353 4580 1526 4627 tamen
1568 4575 1684 4644 ejus
1728 4580 1819 4631 tibi
1853 4584 1973 4647 pul-

396 4652 750 4707 chritudinem
804 4654 1171 4713 demonstrare
1219 4663 1469 4729 tentabo,
1517 4681 1547 4719 a
1601 4669 1849 4735 potentiis
1892 4673 1976 4724 ni-

398 4745 589 4795 mirum
641 4744 951 4813 majoribus.
982 4751 1115 4803 Audi
1160 4751 1318 4820 igitur
1346 4756 1613 4822 quomodo
1637 4758 1807 4813 virum
1829 4760 1974 4815 desi-

397 4832 664 4887 deriorum
686 4836 700 4864 ¹
724 4834 931 4889 illarum
954 4838 1119 4894 decor
1146 4844 1457 4910 perculscrit
1478 4864 1490 4898 :
1508 4862 1628 4901 cum
1652 4850 1813 4904 vellet
1831 4853 1972 4905 enim

395 4938 577 4976 carum
624 4924 1067 4992 pulchritudinem
1112 4932 1401 5001 declarare,
1431 4950 1530 4992 nec
1560 4952 1741 5007 posset
1780 4956 1976 5013 corpus

397 5015 480 5068 his
505 5016 679 5070 simile
709 5020 965 5086 reperire,
988 5022 1053 5074 ad
1078 5025 1395 5079 metallicam
1418 5031 1693 5084 materiam
1716 5032 1971 5104 confugit,

394 5124 567 5176 neque
608 5109 691 5163 bis
735 5120 1039 5178 contentus,
1088 5116 1307 5185 fulguris
1337 5120 1674 5188 splendorem
1707 5123 1758 5178 in
1787 5141 1970 5179 exem-

394 5209 535 5273 plum
567 5206 763 5261 attulit.
798 5207 908 5260 Etsi
951 5217 1127 5261 autem
1169 5211 1273 5263 illic
1308 5227 1412 5265 non
1446 5230 1634 5282 puram
1673 5215 1972 5285 nudamque

391 5300 740 5352 substantiam
788 5317 934 5353 suam
980 5300 1328 5364 ostenderint,
1376 5303 1470 5357 sed
1514 5304 1740 5360 obscure
1784 5307 1972 5361 admo-

391 5392 541 5454 dum,
573 5408 634 5445 ac
666 5394 809 5445 velut
839 5394 887 5445 in
921 5393 1143 5456 umbris,
1186 5397 1261 5447 ita
1287 5404 1463 5449 tamen
1503 5396 1969 5464 resplenduerunt,

391 5496 449 5537 ut
478 5499 571 5538 eas
598 5500 855 5556 apparere
883 5487 1167 5541 verisimile
1186 5496 1269 5542 est
1286 5502 1406 5541 cum
1437 5504 1595 5543 omne
1614 5491 1968 5545 velamentum

393 5586 655 5630 remotum
685 5578 863 5633 fuerit.
897 5578 1023 5633 Tale
1050 5580 1316 5648 quidpiam
1342 5580 1409 5636 de
1438 5582 1829 5650 pulchritudine
1858 5584 1971 5637 ani—

456 5738 471 5765 '
492 5743 638 5801 timui
653 5736 806 5801 codex
822 5744 888 5801 ‘et
910 5736 1049 5785 savii.
1088 5738 1142 5801 in
1167 5738 1405 5801 margine,
1434 5738 1636 5787 tentabo.
1670 5739 1802 5801 tfnde
1826 5739 1971 5801 igitur

392 5797 445 5847 id
468 5797 838 5861 demonstrabo?
859 5812 891 5846 a
925 5799 1187 5848 celeslibus
1231 5797 1464 5860 potentiis.
1495 5808 1545 5848 Et
1587 5800 1705 5849 audi
1740 5797 1972 5861 quomodo

397 5860 834 5911 woenwtmalibus
859 5860 1096 5911 initiatum
1122 5860 1273 5911 cirum
1298 5862 1646 5913 desideriorum
1674 5900 1681 5911 .
1716 5902 1725 5911 .
1754 5860 1762 5910 ζ
1787 5898 1800 5911 .
1833 5904 1841 5912 .

1543 411 1632 467 Ali
1672 409 2095 468 TllEODORUﬂ
2138 410 2426 469 LAPSUM.
2467 416 2507 471 1.

3547 413 3650 470 298

2079 546 2179 584 mm
2210 533 2439 600 cogitare
2464 541 2689 600 oportet.
2724 531 2905 597 Erunt,
2939 532 3124 601 inquit,
3151 532 3277 585 sicut
3307 534 3470 603 angeli
3504 533 3650 592 (Luc.

2076 626 2171 681 20.
2196 626 2309 697 '56).
2342 626 2395 679 In
2427 626 2739 694 corporibus
2763 640 2971 695 quoque
2998 641 3081 688 ea,
3110 640 3227 695 qua:
3251 625 3443 678 leviora
3472 635 3524 679 et
3573 636 3653 679 te-

2076 718 2264 771 nuiora
2296 726 2441 781 sunt,
2469 732 2692 787 quaeque
2717 731 2811 785 per
2834 717 2969 769 viain
2994 715 3232 769 feruntur
3251 715 3321 769 ad
3341 715 3653 784 incorporea

2076 808 2405 871 tendentem,
2435 809 2591 877 longe
2614 808 2980 876 prrcstantiora
3016 817 3067 860 et
3096 806 3416 861 mirabiliora
3444 807 3655 860 caneris

2079 900 2357 955 habentur.
2386 898 2585 954 Czelum
2618 900 2775 970 igitur
2801 900 2979 965 terris,
3017 899 3152 969 ignis
3177 899 3351 969 aquis,
3378 899 3543 954 stellae
3578 898 3655 952 la.-

2075 992 2285 1060 pidibus
2332 993 2611 1061 pretiosis,
2660 993 2818 1063 longe
2875 991 3198 1061 speciosiora
3242 1000 3417 1044 sunt:
3463 990 3651 1046 iridcm

2081 1085 2248 1138 multo
2279 1086 2464 1153 magis,
2512 1099 2667 1154 quam
2695 1085 2881 1149 violas,
2920 1096 3071 1138 rosas
3095 1093 3424 1152 czeterosque
3467 1096 3655 1137 omnes

2080 1188 2237 1231 terra:
2271 1176 2430 1231 flores
2455 1177 2799 1232 admiramur.
2830 1176 2887 1231 In
2908 1191 3115 1231 summa
3152 1176 3197 1230 si
3238 1190 3423 1245 posses
3462 1175 3654 1231 animai

2083 1267 2531 1336 pulchritudinem
2576 1269 2741 1323 oculis
2786 1268 3062 1335 corporeis
3110 1267 3345 1333 intueri,
3395 1281 3654 1336 corporea

2080 1361 2191 1412 tunc
2237 1360 2476 1429 exempla
2524 1359 2817 1424 derideres,
2869 1374 3036 1428 u5que
3062 1358 3195 1413 adeo
3232 1358 3460 1413 tenuiter
3503 1357 3656 1412 nobis

2079 1453 2269 1506 animae
2316 1452 2539 1506 formam
2587 1452 2941 1521 decoremque
2982 1451 3273 1506 delineant.
3299 1450 3398 1515 Ne,
3449 1465 3653 1521 quazso,

2082 1545 2238 1599 talem
2272 1545 2682 1613 possessionem,
2720 1554 2772 1599 et
2808 1543 3112 1614 hujusmodi
3154 1543 3460 1599 felicitatem
3491 1545 3661 1614 negli~

2077 1652 2262 1706 gamus
2304 1656 2315 1690 :
2364 1652 2484 1691 cum
2531 1637 2761 1691 maxime
2800 1636 2970 1692 facilis
3001 1636 3155 1693 nobis
3195 1637 3371 1692 aditus
3400 1638 3467 1691 ad
3511 1637 3657 1692 illam

2079 1726 2520 1796 pulchritudinem
2551 1727 2705 1781 detur
2725 1742 2820 1797 per
2839 1742 2986 1796 spem
3015 1728 3356 1783 futurorum‘.
3375 1727 3659 1782 Momentu-

2078 1837 2227 1874 neum
2256 1821 2407 1886 enim,
2452 1822 2640 1890 inquit,
2673 1833 2720 1875 et
2758 1822 2862 1876 lere
2910 1821 3250 1875 tribulationis
3292 1830 3475 1875 nostra:
3503 1837 3659 1891 supra

2078 1912 2283 1964 modum
2308 1912 2360 1965 in
2383 1911 2703 1978 sublimitate,
2726 1922 2967 1965 aeternum
2992 1910 3171 1983 gloria:
3184 1913 3384 1981 pondus
3400 1921 3655 1981 operatur,

2081 2018 2179 2055 non
2205 2001 2654 2069 contemplantibus
2694 2002 2834 2055 nobis
2861 2017 2973 2072 qua:
2997 2002 3248 2067 videntur,
3277 2004 3364 2056 sed
3404 2018 3518 2075 quae
3556 2018 3661 2056 non

2078 2094 2349 2147 videntur:
2392 2111 2503 2159 qua:
2537 2095 2669 2147 enim
2715 2096 2942 2148 videntur
2990 2095 3286 2165 temporalia
3334 2104 3502 2159 sunt;
3548 2111 3661 2165 quin

2079 2196 2244 2238 autem
2268 2202 2367 2239 non
2396 2187 2645 2249 videntur,
2687 2196 2871 2239 (eterna
2899 2186 2975 2260 (2.
3006 2185 3125 2242 Cor.
3152 2188 3204 2241 4.
3253 2186 3365 2256 17).
3415 2186 3570 2253 Quod
3613 2189 3659 2243 si

2082 2276 2470 2338 tribulationes,
2500 2292 2632 2345 quas
2655 2276 2813 2343 nosti,
2838 2278 2983 2332 leves
3006 2277 3212 2332 vocavit
3230 2278 3419 2333 beatus
3439 2277 3658 2343 Paulus,

2080 2367 2203 2436 quia
2230 2381 2333 2421 non
2364 2367 2647 2435 respicitur
2670 2368 2736 2421 ad
2763 2382 2824 2422 ea
2846 2382 2965 2437 qua:
2994 2367 3261 2432 videntur,
3293 2368 3462 2423 multo
3488 2368 3661 2422 levius

2079 2469 2134 2512 ct
2163 2458 2371 2512 facilius
2413 2460 2516 2513 erit
2552 2459 2822 2514 libidinem
2872 2459 3080 2515 sedare.
3111 2458 3354 2514 Nondum
3406 2460 3567 2514 enim.
3593 2459 3675 2513 ad.

2082 2551 2317 2622 pericula
2349 2559 2400 2606 te
2430 2550 2520 2605 illa
2546 2567 2821 2619 vocamus,
2850 2566 2954 2606 non
2985 2551 3052 2605 ad
3081 2560 3282 2609 mortes
3301 2551 3659 2621 quotidianas,

2080 2659 2187 2699 non
2216 2644 2281 2698 ad
2311 2644 2489 2714 plagas
2517 2643 2846 2714 frequentes,
2888 2643 3129 2707 verbera,
3174 2644 3402 2710 vincula,
3434 2642 3660 2697 inimici-

2081 2736 2182 2789 tias
2210 2750 2329 2790 cum
2360 2734 2489 2790 orbe
2519 2744 2803 2800 terrarum,
2848 2749 2951 2789 non
2981 2733 3049 2789 ad
3075 2733 3195 2790 odia
3220 2734 3660 2800 domesticorum,

2083 2841 2188 2881 non
2236 2827 2301 2880 ad
2333 2827 2537 2896 vigilias
2584 2826 2927 2896 frequentes,
2958 2826 3145 2896 longas
3185 2826 3659 2895 peregrinationes,

2080 2916 2374 2988 naufragia,
2419 2919 2682 2973 latronum
2729 2917 2993 2985 incursus,
3024 2928 3371 2986 cognatorum
3421 2915 3661 2980 insidias,

2080 3011 2295 3067 dolores
2314 3013 2607 3067 amicorum
2637 3027 2830 3074 causa;
2862 3026 2966 3065 non
3008 3010 3073 3065 ad
3103 3012 3318 3073 famem,
3348 3008 3535 3078 frigus,
3562 3025 3662 3063 nu-

2080 3104 2317 3169 ditatem,
2348 3104 2703 3169 exustionem,
2737 3102 3041 3158 mmstiliam
3078 3116 3175 3171 pro
3209 3103 3368 3156 rebus
3392 3101 3507 3156 sive
3536 3099 3658 3167 tuis,

2082 3196 2193 3251 sive
2214 3210 2320 3250 non
2354 3195 2475 3250 tuis.
2516 3194 2657 3250 Nihil
2707 3195 2895 3248 horum
2937 3194 3045 3265 jam
3075 3194 3402 3263 postulamus
3443 3210 3459 3259 ;
3487 3193 3578 3247 sed
3610 3192 3661 3246 id

2080 3289 2250 3343 solum
2270 3303 2539 3358 rogamus,
2563 3304 2592 3342 a
2621 3288 2901 3342 maledicta
2922 3288 3176 3342 servitute
3206 3287 3397 3342 liberes
3420 3295 3491 3350 te,
3512 3294 3569 3342 et
3596 3287 3662 3340 ad

2082 3382 2359 3452 pristinam
2405 3381 2704 3437 libertatem
2752 3390 3056 3444 revertare,
3100 3389 3271 3434 tecum
3321 3388 3573 3447 reputans
3609 3385 3665 3431 et

2080 3473 2314 3527 libidinis
2338 3487 2544 3541 pinnas,
2578 3480 2633 3527 et
2662 3472 2895 3526 debitum
2918 3471 3156 3542 pristina:
3176 3470 3357 3524 virtuti
3394 3478 3498 3525 tum
3528 3484 3664 3538 prae—

2082 3566 2265 3618 mium.
2292 3564 2422 3618 Nam
2470 3564 2611 3634 quod
2644 3562 2904 3617 increduli
2928 3562 3542 3617 circaresurrcctionem
3572 3574 3662 3615 se-

2082 3658 2256 3728 gniter
2286 3656 2460 3711 affecti
2506 3657 2631 3722 sint,
2666 3670 2765 3709 nec
2812 3669 3061 3723 umquam
3090 3651 3215 3707 inde
3249 3660 3465 3710 metum
3495 3651 3664 3705 susci-

2083 3752 2248 3819 piant,
2276 3749 2407 3804 nihil
2432 3758 2579 3804 certe
2621 3748 2815 3802 mirum
2843 3754 2967 3802 est:
3000 3744 3098 3800 sed
3142 3744 3283 3815 quod
3312 3760 3410 3798 nos
3453 3743 3545 3812 qui
3594 3742 3662 3797 de

2083 3842 2271 3901 futuris
2300 3843 2469 3912 magis
2511 3856 2669 3911 quam
2713 3840 2779 3893 de
2824 3838 3177 3909 prmsentibus
3220 3838 3380 3891 rebus
3424 3837 3661 3906 persuasi

2081 3948 2287 3995 sumus,
2324 3940 2433 3987 tam
2460 3933 2654 3987 misere
2682 3931 2956 4001 degamus,
2988 3939 3095 3984 tam
3125 3928 3452 3992 calamitose,
3484 3928 3660 3982 nullo-

2081 4040 2184 4094 que
2210 4040 2370 4079 sensu
2400 4038 2465 4078 ex
2496 4040 2678 4085 earum
2720 4022 2974 4076 memoria
3000 4021 3315 4079 afficiamus.
3354 4020 3451 4075 sed
3487 4019 3539 4073 in
3569 4034 3663 4074 ex-

2084 4126 2305 4171 tremam
2355 4115 2613 4177 incuriam
2644 4114 2973 4178 delabamur,
3006 4111 3058 4165 id
3103 4125 3233 4167 sane
3258 4110 3504 4165 amentia:
3546 4108 3661 4177 ple-

2083 4225 2207 4262 num
2236 4216 2337 4263 est.
2369 4208 2422 4262 Si
2450 4209 2593 4262 enim
2626 4223 2723 4265 nos
2761 4206 2945 4261 fideles
2966 4204 3151 4260 eadem
3182 4219 3300 4272 quae
3327 4200 3565 4261 inﬁdeles
3586 4202 3663 4256 illi

2082 4299 2324 4361 facimus.
2349 4300 2457 4352 imo
2476 4298 2836 4355 miserabilius
2858 4310 3014 4364 quam
3039 4294 3113 4349 illi
3136 4293 3307 4348 allecti
3333 4292 3659 4361 sumus(non

2082 4390 2274 4445 desunt
2289 4390 2431 4445 enim
2455 4391 2591 4443 inter
2608 4389 2745 4453 illos,
2762 4387 2849 4456 qui
2869 4386 3097 4443 humana
3118 4386 3310 4439 virtute
3327 4382 3657 4452 claruerint):

2082 4497 2200 4549 qua:
2232 4481 2383 4534 nobis
2413 4480 2529 4541 erit
2562 4477 2877 4542 consolatio,
2908 4491 3027 4546 qua:
3053 4472 3480 4529 demumVenia?
3510 4474 3659 4527 Multi

2083 4571 2297 4641 quidem
2320 4577 2646 4630 mercatores
2667 4566 2996 4636 naufragium
3020 4566 3160 4634 passi
3188 4580 3297 4619 non
3319 4565 3497 4619 animo
3530 4580 3659 4619 con—

2082 4660 2445 4729 ciderunt,sed
2469 4661 2654 4715 eadem
2681 4659 2925 4714 institere
2943 4658 3045 4724 via;
3070 4671 3387 4727 quamquam
3407 4655 3461 4711 id
3481 4655 3658 4710 damni

2083 4772 2187 4810 non
2215 4770 2281 4810 ex
2310 4754 2533 4824 segnitie
2561 4753 2801 4808 evenerit
2824 4752 2923 4806 sibi
2953 4792 2969 4817 ,
2995 4749 3089 4805 sed
3118 4750 3168 4803 vi
3199 4756 3478 4804 ventorum
3516 4766 3530 4802 :
3562 4764 3659 4804 nos

2080 4860 2279 4911 autem,
2320 4847 2512 4916 quibus
2557 4846 2627 4901 de
2670 4845 2811 4899 bono
2859 4844 2965 4899 ﬁne
2993 4859 3208 4913 semper
3252 4858 3469 4913 sperare
3510 4843 3656 4910 licet,

2080 4955 2199 4992 cum
2242 4940 2409 5007 probe
2460 4939 2712 5003 sciamus,
2762 4953 2933 5006 neque
2981 4937 3335 5006 naufragium,
3367 4952 3540 5006 neque
3565 4936 3660 4991 dei-

2085 5032 2314 5085 trunenti
2341 5030 2599 5099 quidlibet
2620 5030 2797 5083 invitis
2825 5029 2981 5083 nobis
3008 5028 3362 5083 ohventurum
3390 5043 3530 5094 esse,
3564 5045 3659 5086 an.-

2083 5140 2187 5177 non
2213 5138 2325 5176 rem
2352 5121 2755 5191 aggrediemur?
2774 5135 2951 5174 annon
2991 5119 3257 5185 eamdem,
3288 5134 3446 5189 quam
3489 5120 3657 5189 prius,

2082 5224 2432 5269 mercaturam
2483 5227 2835 5276 resumemus,
2878 5212 2970 5266 sed
3006 5212 3183 5281 supini
3228 5213 3489 5267 consertis
3517 5213 3656 5282 apud

2081 5324 2179 5363 nos
2227 5309 2470 5363 manibus
2512 5306 2847 5377 jacebimus?
2885 5306 2954 5360 Et
2996 5306 3195 5359 utinam
3238 5306 3378 5375 apud
3408 5320 3506 5360 nos
3537 5317 3654 5359 tan-

2082 5412 2215 5466 tum,
2266 5411 2319 5455 et
2351 5417 2456 5455 non
2484 5403 2641 5456 etiam
2674 5410 2855 5453 contra
2880 5414 2998 5462 nos,
3027 5397 3169 5466 quod
3197 5409 3397 5468 aperta:
3435 5398 3656 5453 insaniae

2080 5502 2179 5545 est.
2211 5491 2345 5546 Nam
2378 5492 2423 5545 si
2450 5492 2567 5561 quis
2613 5491 2757 5560 pugil
2797 5490 2999 5544 omisso
3036 5489 3363 5553 adversario,
3414 5489 3465 5542 in
3494 5500 3657 5557 caput

2079 5602 2231 5641 suum
2265 5599 2452 5638 manus
2476 5590 2812 5639 converteret
2840 5581 3133 5651 faciemque
3175 5596 3325 5635 suam
3354 5579 3654 5635 contunde-

2080 5689 2181 5739 ret,
2210 5692 2388 5729 annon
2416 5692 2537 5730 eum
2560 5677 2696 5730 inter
2725 5674 2953 5729 furiosos
2980 5670 3495 5727 annumeraremus?
3518 5671 3655 5739 Sup-

2144 5795 2157 5820 ι
2180 5792 2354 5851 Regius
2373 5802 2498 5839 unus
2514 5790 2668 5839 addit:
2686 5795 2740 5838 Et
2762 5788 2888 5855 quod
2912 5787 2999 5837 hoc
3023 5801 3193 5855 verum
3208 5793 3296 5855 est,
3319 5786 3437 5835 audi
3450 5785 3655 5855 fautum

2079 5853 2200 5913 illud
2220 5847 2349 5909 nobis
2373 5847 2847 5907 demmutrantem'iis
2872 5864 2979 5923 quin
2996 5852 3062 5900 ad
3084 5850 3346 5902 Corinthios
3363 5847 3539 5909 scribit.
