4096 6392
351 328 456 385 239

355 444 606 515 plantavit
633 457 729 496 nos
759 441 1000 497 diabolus
1037 456 1102 496 ac
1128 440 1323 511 deiecit
1351 457 1365 493 :
1394 449 1720 511 quapropter
1747 454 1928 494 resur-

355 550 482 603 gere
521 543 752 603 oportet,
795 547 1092 602 curareque
1132 547 1201 587 ne
1245 530 1606 600 abripiamur,
1654 546 1788 586 neve
1837 545 1935 586 nos

359 623 659 693 prtecipites
684 623 894 688 demus,
923 638 1028 677 neu
1070 622 1188 688 ejus
1215 621 1382 691 plagis
1410 621 1540 674 alias
1569 637 1595 673 a
1625 621 1780 675 nobis
1807 620 1936 689 ipsis

364 717 540 771 illatas
565 715 899 785 adjiciamus.
927 712 1199 784 Siquidem
1236 713 1424 767 beatus
1451 712 1616 766 David
1651 713 1701 765 in
1731 712 1936 779 lapsum

360 805 555 859 decidit
605 813 696 858 tuo
738 803 990 863 similem.
1033 803 1140 855 imo
1185 810 1240 855 et
1282 801 1442 855 aliunt
1483 800 1696 869 adjecit,
1747 815 1939 868 nempe

365 892 731 948 homicidium.
778 893 914 960 Quid
967 881 1166 962 igitur?
1208 907 1333 944 num
1382 902 1676 961 prostratus
1705 889 1942 944 mansit?

362 1001 539 1040 sitnon
583 986 757 1038 statim
788 985 960 1038 erexit
1006 999 1100 1048 se,
1132 993 1454 1052 strenueque
1498 983 1690 1036 bellum
1742 983 1946 1051 paravit

362 1089 546 1132 eontra
594 1078 906 1132 inimicum?
935 1077 1047 1131 ltno
1078 1077 1144 1130 ita
1188 1077 1394 1130 fortiter
1423 1076 1594 1145 ipsum
1638 1075 1942 1139 debellavit,

365 1180 421 1223 ttt
459 1170 618 1223 etiam
666 1177 908 1222 mortuus
951 1168 1222 1236 progeniei
1276 1183 1385 1220 suae
1437 1166 1683 1234 praesidio
1729 1175 1873 1220 esset
1903 1167 1943 1218 ³.

373 1261 644 1316 Salomoni
678 1263 874 1330 quippe
905 1259 1088 1329 ingens
1119 1259 1371 1329 ﬂagitium
1403 1275 1673 1329 aggresso,
1720 1268 1774 1313 et
1804 1259 1950 1313 mille

374 1362 578 1406 mortes
610 1353 922 1419 promerito,
968 1362 1187 1421 prepter
1227 1352 1387 1405 David
1418 1367 1638 1421 regnum
1685 1352 1947 1420 integrum

368 1458 430 1497 se
457 1443 754 1512 relinquere
783 1443 910 1496 dicit
933 1443 1072 1494 Deus
1103 1443 1184 1494 his
1205 1442 1380 1495 verbis
1408 1460 1420 1494 :
1451 1441 1701 1496 Scindens
1722 1441 1952 1495 scindam

381 1547 592 1602 regnum
637 1543 778 1584 tuum
821 1531 884 1583 de
915 1549 1068 1584 manu
1109 1542 1214 1595 tua,
1244 1541 1293 1586 et
1313 1531 1442 1584 dabo
1489 1531 1620 1584 illud
1661 1547 1806 1585 servo
1845 1542 1951 1584 tuo.

389 1620 580 1674 Verum
609 1621 662 1673 in
709 1621 883 1675 diebus
925 1621 1023 1674 tuis
1053 1621 1147 1673 hoc
1184 1623 1204 1652 ²
1236 1637 1337 1674 non
1375 1621 1562 1692 faciam
1607 1620 1681 1689 ('5.
1710 1621 1834 1691 Reg.
1865 1623 1954 1675 Η.

379 1713 496 1782 Η).
543 1712 757 1777 Quare?
809 1711 1031 1780 Pr0pter
1080 1710 1248 1765 David
1285 1722 1475 1781 patrem
1519 1724 1657 1765 tuum
1705 1729 1723 1766 :
1761 1715 1822 1767 de
1848 1731 1958 1765 ma-

377 1805 524 1858 nibus
550 1805 642 1872 ﬁlii
672 1805 746 1855 tui
769 1803 899 1855 illud
924 1804 1189 1870 accipiant.
1218 1804 1457 1856 Ezechize
1488 1821 1697 1872 quoque
1723 1805 1790 1858 de
1812 1821 1960 1858 sutu-

373 1897 462 1938 ma
493 1896 671 1936 rerum
699 1877 1048 1948 periclitanti.
1074 1888 1405 1946 quamquam
1425 1873 1610 1943 justus
1661 1879 1825 1932 esset,
1857 1885 1970 1938 pro-

377 1985 499 2046 pter
527 1974 742 2027 beatum
786 1970 936 2024 illum
972 1969 1151 2022 virum
1182 1966 1443 2019 auxilium
1487 1963 1736 2033 promisit
1769 1979 1780 2014 :
1830 1961 1958 2015 Pro-

380 2077 576 2135 tegam,
605 2063 801 2132 inquit,
829 2060 1008 2114 urbem
1029 2059 1186 2121 hanc,
1217 2067 1274 2111 ut
1297 2073 1491 2111 servem
1518 2072 1631 2108 eam
1656 2063 1870 2120 propter
1894 2069 1973 2106 me

377 2171 428 2213 et
453 2171 666 2228 propter
696 2157 866 2210 David
882 2172 1099 2223 puerum
1119 2169 1289 2207 meum
1310 2153 1382 2220 (ι.
1409 2149 1532 2220 Reg.
1559 2149 1645 2204 i9.
1667 2149 1757 2219 54)
1800 2147 1974 2201 Tanta

380 2261 484 2311 test
506 2252 835 2324 paenitentiae
859 2251 1050 2304 virtus.
1075 2247 1248 2303 Porro
1273 2249 1314 2301 si
1343 2263 1427 2308 ea,
1454 2261 1560 2314 qua
1579 2253 1638 2299 tu
1662 2260 1824 2309 nunc,
1846 2260 1973 2299 sen-

390 2347 550 2402 entia
599 2343 814 2405 fuisset,
857 2342 1022 2396 Deum
1071 2355 1178 2393 non
1233 2354 1395 2408 posse
1425 2339 1682 2405 deinceps
1713 2337 1914 2404 placari
1959 2354 1971 2389 :

387 2448 444 2495 et
496 2440 540 2494 si
587 2439 728 2491 intra
782 2451 840 2490 se
870 2435 1136 2496 dixisset,
1174 2431 1394 2485 llonore
1433 2445 1629 2500 magno
1670 2445 1754 2483 me
1798 2428 1977 2483 alTecit

365 2531 558 2590 'Deus.
593 2532 735 2584 inter
764 2528 1057 2598 prophetas
1085 2522 1390 2583 constituit.
1427 2523 1480 2574 itt
1511 2521 1847 2574 contribules
1876 2520 1978 2572 im-

382 2623 594 2692 perium
629 2620 874 2679 tradidit.
903 2616 1286 2683 sexcentisque
1316 2629 1403 2668 me
1439 2613 1703 2682 periculis
1729 2611 1928 2666 exemit
1959 2629 1971 2663 :

387 2712 664 2781 quomodo
705 2719 828 2780 post
867 2717 947 2760 tot
972 2707 1234 2761 beneﬁcia
1275 2707 1486 2774 lapsus.
1522 2713 1576 2757 ct
1607 2712 1849 2759 extrema
1879 2713 1979 2755 au'

387 2818 486 2858 sus
508 2803 782 2864 facinora,
809 2800 1017 2870 possim
1039 2813 1161 2852 cttm
1185 2797 1366 2852 demto
1387 2796 1522 2850 mihi
1541 2795 1836 2866 propitium
1859 2795 1980 2848 red—

370 2895 561 2970 ﬁdere?
603 2894 648 2945 si
680 2893 795 2946 haec
839 2892 891 2944 in
926 2899 1108 2944 mente
1139 2889 1460 2951 habuisset,
1508 2903 1619 2941 non
1667 2886 1842 2941 solum
1877 2901 1975 2951 ca,

391 3003 514 3055 tntae
545 2995 733 3056 postea
763 2992 914 3039 recte
953 2984 1144 3053 gessit,
1182 2997 1290 3036 non
1327 2979 1602 3035 ell‘ecisset
1625 3021 1638 3044 ,
1687 2977 1780 3032 sed
1810 2979 1974 3033 etiam

390 3080 577 3149 priora
605 3091 824 3144 pessum
856 3074 1127 3128 dedisset.

466 3169 553 3223 15.
580 3170 785 3222 Animw
800 3167 971 3219 morbi
993 3163 1211 3234 quilibet
1231 3180 1432 3232 semper
1453 3163 1634 3216 curari
1658 3169 1898 3228 possunt.
1913 3187 1984 3198 —-

374 3260 580 3330 .Neque
631 3260 778 3314 enim
825 3259 1001 3312 solum
1044 3257 1065 3286 ³
1111 3258 1395 3326 corporis,
1429 3254 1525 3310 sed
1573 3254 1735 3308 etiam
1778 3252 1980 3304 animae

375 3357 624 3410 vulnera
663 3351 933 3406 inducunt
965 3356 1219 3403 mortem.
1265 3348 1518 3401 Attamen
1553 3360 1619 3400 eo
1652 3342 1986 3413 insipientia:

376 3445 668 3508 venimus,
687 3455 746 3499 ut
763 3445 854 3497 illa
867 3441 1158 3512 diligenter
1171 3454 1452 3504 curemus,
1471 3438 1584 3492 haec
1604 3436 1979 3506 negligamus:

398 3555 731 3612 quamquam
769 3552 986 3607 corpus.
1010 3533 1304 3590 insanabili
1341 3546 1484 3602 saepe
1519 3530 1713 3584 morbo
1748 3529 1979 3590 laboret,

402 3636 536 3689 nihil
569 3642 749 3686 tamen
778 3629 846 3684 de
875 3629 1052 3684 salute
1085 3628 1444 3694 desperemus
1478 3641 1491 3677 :
1535 3637 1600 3676 ac
1627 3621 1751 3674 licet
1786 3616 1981 3671 medici

382 3729 715 3795 ‘ithuenter
733 3723 1140 3783 dieant,morbo
1158 3734 1263 3772 non
1281 3731 1442 3788 posse
1459 3712 1757 3769 remedium
1779 3708 1983 3771 aderri,

384 3823 673 3875 instamus
692 3813 1342 3878 nihilominusrogantes,
1359 3808 1595 3875 aliquam
1617 3804 1697 3857 vel
1717 3800 1981 3856 tantillam

385 3912 588 3996 ἐπιπεττὶ
614 3906 1071 3964 consolationem:
1098 3905 1152 3958 in
1182 3901 1390 3957 morbis
1413 3907 1594 3954 autem
1615 3896 1831 3958 animze,
1856 3908 1986 3963 quo-

386 3990 528 4060 iram
553 4003 684 4056 nulli
715 3998 1048 4056 insanabiles
1075 4002 1226 4058 sunt,
1250 3995 1450 4064 quippe
1474 3990 1566 4060 qui
1601 4005 1628 4042 a
1662 3998 1868 4041 natura:
1895 3999 1988 4038 ne-

406 4098 663 4152 cessitate
688 4109 796 4148 non
829 4090 1150 4162 procedant,
1176 4103 1240 4143 ac
1262 4087 1309 4142 si
1336 4087 1527 4141 alienae
1547 4091 1732 4140 essent
1757 4063 2009 4134 inﬁrmi:

389 4200 547 4245 ‘tates
565 4191 606 4255 ’⁸,
628 4185 852 4256 perinde
871 4182 1207 4253 negligenter
1222 4180 1455 4251 agimus,
1472 4178 1582 4250 imq
1599 4176 1983 4244 desperamus:

399 4281 562 4341 atque
589 4276 675 4326 ubi
703 4285 887 4324 natura
918 4274 1086 4324 morbi
1126 4272 1454 4338 deploratam
1486 4269 1838 4322 valetudinem
1865 4282 1984 4321 esse

404 4364 616 4428 suadet,
650 4377 712 4417 ac
737 4363 780 4414 si
809 4376 932 4430 spes
951 4371 1093 4414 esset
1115 4362 1278 4414 multa
1305 4359 1520 4424 salutis,
1553 4373 1734 4413 curam
1762 4358 1985 4412 adhibe-

408 4471 557 4519 mus;
587 4455 674 4508 ubi
712 4453 1006 4507 vero'nulla
1033 4451 1348 4520 desperandi
1377 4465 1534 4504 causa
1553 4490 1568 4515 ,
1597 4449 1990 4518 despondemus

409 4548 680 4609 aninmm,
723 4553 778 4598 et
820 4543 888 4596 ab
929 4541 1072 4594 omni
1113 4555 1240 4595 cura
1284 4541 1587 4594 absistimus
1612 4557 1623 4591 :
1648 4553 1816 4607 usque
1859 4537 1994 4594 adeo

413 4640 673 4708 majorem
722 4635 998 4703 corporis,
1040 4649 1196 4702 quant
1239 4633 1459 4696 animae,
1505 4631 1764 4684 rationem
1826 4629 1993 4682 habe-

416 4746 557 4786 mus.
579 4729 910 4796 Quaproptcr
931 4742 995 4779 ne
1015 4737 1210 4791 corpus
1228 4724 1438 4792 quidem
1464 4736 1676 4774 scrvare
1695 4733 1996 4790 possumus.

419 4823 552 4879 Nam
585 4821 834 4891 quiquod
867 4820 1187 4888 pra-eipuum
1217 4826 1298 4870 cst
1327 4814 1543 4885 negligit
1567 4854 1581 4877 ,
1613 4822 1667 4867 et
1696 4812 1746 4865 in
1778 4809 2003 4863 minori-

423 4926 525 4980 bus
553 4937 765 4975 omuem
795 4915 1203 4971 sollicitudinem
1235 4911 1403 4979 ponit,
1449 4917 1670 4975 utraque
1699 4904 1923 4958 destruit
1952 4911 2006 4956 et

431 5015 750 5088 perdit:qui
795 5021 969 5062 autent
999 5005 1240 5058 ordinem
1271 5007 1476 5063 servat,
1506 5006 1560 5051 et
1588 4995 1728 5066 quod
1759 4995 1906 5063 prius
1930 5001 2011 5047 est

436 5086 668 5165 maxime
707 5117 856 5160 curat
881 5143 896 5167 ,
945 5097 1150 5153 etiamsi
1179 5094 1320 5164 quod
1353 5092 1616 5160 posterius
1641 5098 1722 5141 est
1747 5086 2012 5155 negligat,

441 5220 536 5274 per
561 5201 787 5256 salutem
821 5196 960 5249 illius
984 5195 1084 5244 hoc
1111 5189 1270 5243 etiam
1297 5190 1596 5238 conservat.
1623 5178 1676 5232 Id
1709 5194 1834 5230 vero
1857 5175 2015 5230 Citri-

446 5273 556 5358 itus
606 5293 800 5349 nobis“
845 5289 1081 5344 declarat
1133 5283 1216 5336 his
1265 5279 1478 5332 verbis:
1508 5273 1682 5329 Nolite
1723 5273 1896 5324 timere
1931 5283 2015 5321 eos

511 5418 526 5446 ι
556 5421 684 5462 Unus
719 5417 822 5468 ωε..
841 5417 942 5456 esse
965 5405 1136 5466 posset.
1167 5395 1310 5446 Savil.
1335 5400 1460 5456 post,
1485 5394 1715 5447 mortuus,
1739 5383 1885 5442 addit,
1911 5383 2030 5432 θεας

446 5487 463 5528 ι
485 5490 544 5568 (δ’.
567 5534 709 5587 Savil.
739 5540 791 5584 et
804 5532 1136 5592 aliquot_tlss.,
1155 5523 1279 5572 hac.

519 5599 538 5629 ³
574 5584 759 5660 aliquot
783 5584 911 5651 Mss;
936 5589 1043 5660 sold
1059 5584 1272 5660 vulttera.
1300 5653 1315 5660 Α
1370 5639 1429 5660 ἠ

522 5661 541 5688 .
567 5635 1114 5709 ggfg,";;;.;s'emex
1140 5647 1338 5702 habent,
1363 5639 1522 5691 aliena
1538 5635 1688 5709 me.“-

526 5723 548 5751 ⁶
951 5691 1119 5763 ὄῶἶιῖἐ
1140 5691 1419 5773 pene—"ams.
1450 5709 1498 5750 tu
1537 5698 1653 5748 Edit.
1689 5704 1847 5746 iteret.
1879 5691 2039 5745 deest.

462 5790 609 5838 nobis.

1023 324 1079 380 S.
1118 322 1397 380 JOANNIS
1433 321 1904 380 CHRYSOSTOMI
1942 320 2261 378 ARCHIEP.
2300 321 2832 380 CONSTANTINOP.

3513 317 3620 372 300

2043 443 2128 510 qui
2147 442 2378 495 occidunt
2415 458 2600 512 corpus
2620 482 2633 502 ,
2666 441 2886 493 animam
2911 448 3077 492 autem
3105 455 3202 491 non
3232 446 3438 506 possunt
3478 452 3616 488 occ:—

2042 532 2200 596 dere;
2244 532 2332 586 sed
2373 533 2537 600 potius
2581 532 2745 584 timete
2781 547 2893 583 eunt
2935 530 3022 598 qui
3052 539 3208 597 potest
3239 538 3284 579 et
3323 527 3542 578 animum
3571 532 3624 577 et

2044 639 2224 694 corpus
2259 622 2465 694 perdere
2503 625 2555 676 in
2584 623 2808 693 geltettna
2829 621 3042 690 (Matth.
3084 621 3170 674 10.
3211 619 3326 689 28).
3358 616 3622 686 Numquid

2042 716 2151 785 jam
2183 715 2278 769 tibi
2324 730 2630 784 persuasum
2671 725 2752 770 est
2791 728 3076 784 numquam
3101 713 3167 767 de
3195 713 3388 766 anima:
3421 711 3626 765 morbis

2048 807 2196 875 qtmsi
2219 805 2595 858 insanabilibus
2611 804 3000 873 desperandum
3017 818 3155 869 esse,
3178 817 3244 855 an
3266 815 3630 856 veronecesse

2051 906 2134 950 est
2158 906 2210 950 et
2250 897 2350 949 alia
2387 896 2641 950 adbibere
2685 893 2998 949 ratiocinia?
3037 891 3436 961 Quantumlibet
3476 891 3622 944 enim

2053 992 2165 1058 ipse
2191 991 2425 1043 animum
2447 988 2802 1058 despondeas,
2832 1003 2930 1042 nos
2952 1002 3237 1058 numquam
3259 987 3326 1040 de
3353 994 3404 1040 te
3431 985 3629 1054 despe-

2056 1082 2290 1135 rabimus
2315 1098 2326 1133 :
2351 1095 2522 1149 neque
2550 1080 2600 1133 id
2631 1080 2771 1149 quod
2798 1079 2916 1132 aliis
2941 1079 3070 1131 vitio
3099 1077 3374 1138 vertimus,
3404 1075 3502 1144 ipsi
3527 1074 3631 1128 ad-

2056 1173 2359 1236 ntittentus;
2404 1171 2527 1224 licet
2568 1185 2674 1224 non
2717 1184 2812 1239 par
2839 1178 2895 1224 et
2931 1167 3136 1234 aequale
3161 1168 3262 1231 sit,
3298 1167 3523 1235 aliquem
3560 1165 3632 1217 de

2056 1266 2234 1334 seipse
2272 1263 2591 1332 desperare,
2641 1270 2734 1314 aut
2768 1262 2925 1315 alium
2960 1259 3028 1314 de
3063 1260 3178 1328 ipso
3211 1259 3248 1309 ί.
3281 1257 3410 1311 Nam
3445 1257 3530 1326 qui
3559 1255 3637 1310 de

2058 1356 2162 1409 alio
2192 1356 2348 1408 talem
2379 1353 2537 1407 habet
2579 1353 2883 1421 opinionem
2903 1393 2918 1416 ,
2959 1351 3066 1404 cito
3103 1349 3311 1402 veniam
3339 1346 3632 1409 obtinebit;

2059 1447 2148 1516 qui
2176 1453 2351 1499 autem
2379 1445 2446 1500 de
2473 1445 2672 1514 seipso,
2701 1431 2812 1496 non.
2831 1445 2977 1498 item.
2999 1442 3212 1508 Quare?
3241 1441 3370 1508 Quia
3399 1439 3486 1494 ille
3514 1439 3635 1509 qui-

2062 1539 2183 1594 dem
2212 1538 2327 1606 ejus
2355 1535 2586 1591 studium
2629 1547 2682 1589 et
2729 1535 3091 1604 pcenitentiam
3136 1533 3187 1585 in
3235 1539 3495 1600 potestate
3529 1545 3638 1583 non

2064 1630 2220 1683 habet
2247 1647 2259 1682 :
2283 1628 2376 1683 sed
2400 1629 2510 1696 ipse
2531 1627 2677 1681 solus
2696 1628 2918 1680 obtinet.
2942 1624 3115 1679 Nihilo
3137 1625 3302 1694 magis
3322 1631 3497 1676 tamen
3519 1621 3645 1675 ideo

2063 1722 2130 1776 de
2162 1730 2212 1775 te
2242 1720 2643 1789 desperabimus
2664 1759 2680 1783 ,
2720 1718 2927 1772 etiamsi
2961 1727 3013 1769 tu
3046 1715 3239 1769 millies
3279 1715 3513 1767 animum
3541 1711 3642 1766 de-

2067 1815 2332 1884 spondeas
2357 1831 2368 1866 :
2394 1811 2619 1866 fortasse
2647 1811 2788 1866 enim
2811 1852 2825 1876 ,
2855 1809 3081 1864 fortasse
3104 1811 3338 1878 inquam,
3364 1807 3550 1877 aliquis
3575 1806 3646 1859 ad

2067 1909 2314 1961 virtutem
2337 1921 2632 1976 regressus,
2651 1906 2822 1975 aliqua
2855 1905 3090 1973 pristina:
3120 1904 3240 1956 vitae
3267 1901 3650 1970 redintegratio

2067 2000 2295 2055 dabitur.
2311 1999 2446 2052 Audi
2465 1998 2756 2068 sequentia.
2772 1996 3012 2050 Ninivitte
3027 1995 3207 2049 audito
3220 1993 3476 2062 propheta
3491 1991 3651 2046 vehe—

2070 2099 2277 2144 menter
2305 2090 2683 2151 comminantr,
2703 2087 2884 2140 Adhuc
2914 2097 3022 2147 tres.
3041 2087 3166 2149 dies,
3181 2098 3228 2138 et
3252 2083 3438 2138 Ninive
3449 2083 3655 2137 subver-

2073 2194 2201 2237 tetur
2231 2181 2535 2254 (Jnn.5.i),
2567 2199 2631 2236 ne
2657 2183 2724 2234 ita
2746 2180 2959 2250 quidem
2986 2174 3655 2238 animoconcidernut,sed

2073 2275 2282 2332 etiamsi
2304 2275 2445 2329 nulla
2462 2273 2529 2330 de
2545 2277 2652 2328 Deo
2671 2271 2939 2327 exorando
2957 2286 3077 2340 spes
3097 2269 3363 2323 videretur
3384 2283 3520 2332 esse,
3545 2267 3655 2319 imo

2078 2370 2250 2439 potius
2263 2367 2583 2421 contrarium
2600 2380 2664 2420 ex
2679 2365 2893 2419 oraculo
2905 2362 3221 2416 suaderetur
3236 2363 3361 2430 (non
3374 2359 3512 2414 enim
3532 2373 3656 2412 eum

2077 2460 2416 2514 distinctione
2464 2457 2706 2526 quapiam
2753 2455 2803 2510 id
2836 2455 3033 2509 dictum
3072 2452 3262 2515 fuerat,
3295 2450 3387 2505 sed
3417 2459 3660 2519 apertum

2079 2552 2351 2607 decretum
2381 2549 2540 2622 erat);
2573 2550 2741 2616 nihilo
2765 2559 2940 2602 tamen
2967 2547 3139 2600 minus
3166 2544 3531 2616 pmuitentiam
3567 2559 3660 2595 cs-

2083 2646 2302 2700 hibuere
2330 2645 2566 2699 dicentes
2597 2661 2610 2696 :
2647 2643 2770 2708 Quis
2796 2644 2888 2696 scit
2917 2657 3038 2694 num
3078 2637 3418 2708 paenitentiam
3452 2645 3584 2704 aget,
3611 2645 3662 2686 et

2085 2741 2375 2795 exorabitur
2399 2737 2556 2800 Deus,
2576 2747 2623 2790 et
2647 2745 2897 2790 evertetur
2925 2735 2986 2786 ab
3013 2735 3091 2786 ira
3124 2733 3314 2801 furoris
3351 2729 3446 2794 sui,
3481 2739 3525 2781 et
3561 2745 3668 2781 non

2089 2831 2395 2900 peribiums?
2421 2829 2485 2882 Et
2512 2829 2634 2882 vidit
2660 2828 2798 2880 Deus
2826 2843 2979 2894 opera
3000 2841 3191 2887 eorum,
3223 2823 3360 2892 quod
3396 2823 3553 2875 aversi
3581 2837 3666 2874 es-

2089 2932 2195 2976 sent
2223 2941 2254 2974 α
2281 2922 2372 2975 viis
2398 2922 2505 2975 suis
2539 2919 2704 2972 malis.
2739 2917 2802 2970 Et
2828 2917 3056 2985 paenituit
3093 2915 3228 2967 Deus
3267 2929 3418 2980 super
3446 2911 3668 2975 malitia,

2090 3033 2241 3085 quam
2285 3014 2480 3068 dixerat
2553 3028 2612 3067 se
2666 3012 2962 3082 facturum,
3015 3016 3065 3062 et
3117 3022 3220 3059 non
3263 3005 3385 3074 fecit
3421 3000 3582 3071 (Ibid.
3619 3001 3687 3058 9.

2095 3108 2206 3179 10).
2225 3107 2376 3174 Quod
2395 3108 2440 3160 si
2457 3106 2696 3161 homines
2723 3103 2930 3157 barbari
2953 3111 3007 3155 et.
3027 3100 3221 3153 indocti
3253 3108 3452 3152 tantum
3477 3105 3668 3164 potue-

2094 3211 2217 3254 runt
2251 3200 2575 3266 intelligere,
2604 3197 2772 3250 multo
2803 3194 2968 3263 magis
3000 3208 3095 3246 nos
3141 3191 3190 3244 id
3224 3191 3399 3244 facere
3435 3196 3672 3256 oportet,

2095 3294 2184 3360 qui
2214 3291 2404 3346 divinis
2434 3290 2764 3359 dogmatibus
2802 3287 2991 3341 eruditi
3035 3299 3238 3346 sumus,
3281 3293 3333 3338 et
3364 3282 3522 3336 multa
3567 3279 3645 3333 lin

2092 3383 2326 3451 jusmodi
2357 3381 2598 3448 exempla
2632 3391 2735 3433 tam
2769 3378 2942 3432 verbis
2979 3391 3134 3445 qttam
3163 3374 3414 3442 operibus
3441 3371 3676 3426 exhibita

2099 3477 2346 3531 vidimus.
2377 3473 2496 3528 Non
2519 3473 2669 3534 enim,
2690 3471 2875 3540 inquit,
2898 3478 3014 3522 sunt
3036 3466 3246 3521 consilia
3273 3481 3383 3518 mea
3401 3465 3527 3517 sicut
3549 3478 3677 3514 cou-

2100 3568 2214 3619 silia
2241 3574 2425 3630 vestra,
2458 3578 2611 3633 neque
2637 3562 2730 3615 viae
2759 3575 2883 3612 mete
2906 3559 3030 3611 sicut
3059 3558 3152 3609 via:
3173 3565 3350 3610 vestrm
3365 3571 3384 3618 ;
3403 3551 3492 3606 sed
3516 3567 3682 3622 quan-

2103 3669 2210 3711 tum
2246 3659 2400 3710 distat
2437 3656 2614 3708 caelum
2639 3670 2672 3706 a
2708 3663 2873 3715 terra,
2907 3659 3100 3701 tantum
3129 3647 3316 3699 distant
3355 3643 3684 3714 cogitationes

2105 3765 2228 3803 mea:
2271 3765 2305 3801 a
2346 3746 2647 3816 cogitatione
2685 3753 2878 3806 vestra,
2922 3749 2969 3793 et
3007 3738 3216 3792 consilia
3237 3752 3348 3790 mea
3384 3751 3416 3786 a
3458 3732 3683 3786 consiliis

2105 3842 2278 3896 vestris
2321 3837 2469 3910 (Isai.
2617 3836 2670 3890 8.
2705 3834 2782 3904 9).
2819 3832 2874 3887 Si
2915 3845 3046 3885 vero
3087 3829 3317 3884 famulos
3349 3835 3559 3880 nostros
3586 3823 3681 3892 qui

2107 3949 2250 4004 smpe
2262 3931 2598 4000 deliquerint,
2623 3944 2742 3981 cum
2773 3925 3083 3995 promittunt
3103 3937 3161 3977 se
3182 3921 3430 3975 meliores
3458 3919 3684 3981 futuros,

2109 4039 2164 4082 et
2182 4025 2507 4080 admittimus
2533 4032 2587 4076 et
2625 4022 2676 4074 in
2723 4020 2998 4089 pristinum
3029 4017 3284 4070 honorem
3315 4014 3646 4068 restituimu<
3668 4050 3685 4071 ,

2112 4122 2219 4175 imo
2248 4119 2549 4187 frequenter
2576 4116 2832 4181 majorem
2865 4110 2992 4180 ipsis
3023 4108 3264 4162 lidueiam
3287 4105 3496 4170 damus,
3522 4103 3692 4156 multo

2113 4209 2281 4278 magis
2310 4208 2360 4262 id
2381 4207 2615 4261 facturus
2642 4203 2728 4257 ille
2753 4214 2852 4256 est.
2877 4201 3008 4253 Nam
3037 4200 3081 4252 si
3116 4197 3236 4250 ideo
3265 4210 3366 4250 nos
3393 4195 3604 4250 iecisset
3629 4202 3690 4245 ut

2113 4299 2373 4368 supplicio
2404 4296 2678 4358 alliceret,
2703 4292 2825 4362 jure
2863 4288 3222 4357 desponderes
3264 4286 3496 4338 animum
3523 4298 3584 4336 ac
3623 4283 3695 4335 de

2115 4391 2284 4449 salute
2311 4398 2396 4442 tua
2423 4386 2696 4442 dubitares
2725 4400 2739 4436 :
2769 4382 2814 4437 si
2847 4396 2976 4434 vero
3007 4394 3110 4432 non
3131 4378 3230 4430 alia
3253 4376 3319 4430 de
3347 4390 3503 4429 causa
3530 4389 3692 4443 quam

2118 4480 2355 4536 bonitate
2375 4493 2468 4533 sua
2492 4485 2687 4540 motus,
2715 4488 2813 4528 nos
2833 4470 3113 4536 creaverit,
3143 4476 3194 4521 ut
3220 4466 3434 4521 mternis
3460 4465 3698 4518 fruamur

2120 4574 2295 4638 bonis,
2341 4582 2502 4641 atque
2542 4569 2662 4623 ideo
2706 4565 2882 4621 omnia
2926 4563 3034 4633 agit
3078 4573 3133 4616 et
3159 4568 3411 4630 cperatur
3453 4573 3482 4610 a
3525 4555 3697 4623 prima

2121 4680 2288 4736 usque
2322 4664 2386 4717 ad
2417 4669 2733 4732 prrcscntem
2764 4656 2926 4719 diem,
2958 4653 3085 4722 quid
3127 4667 3224 4706 nos
3253 4651 3316 4704 ad
3345 4664 3461 4703 eam
3493 4646 3703 4699 dubita-

2123 4759 2320 4812 tionem
2368 4751 2641 4823 impellat?
2687 4749 2840 4803 lllum
2883 4745 3229 4800 vehementer
3270 4738 3604 4801 oﬂ'endiuuts,
3646 4746 3703 4788 et

2122 4859 2376 4922 quantum
2419 4847 2554 4900 alius
2577 4842 2770 4899 nemo?
2796 4850 2851 4895 at
2870 4839 2996 4893 ideo
3040 4836 3268 4891 maxime
3292 4849 3321 4887 a
3350 4829 3703 4902 praesentibus

2124 4943 2381 4997 absistere
2413 4945 2643 5008 oportet,
2667 4944 2721 4990 et
2749 4931 3111 5004 paenitentiam
3147 4928 3214 4982 de
3243 4925 3518 4996 praeteritis
3543 4936 3705 4990 agere

2127 5046 2480 5104 magnamque
2518 5030 2866 5083 mutationem
2912 5022 3182 5078 exhibere.
3231 5018 3412 5086 Neque
3438 5015 3575 5069 enim
3615 5028 3706 5075 ea,

2129 5142 2248 5196 quae
2289 5131 2595 5193 perpetrare
2620 5119 2732 5173 ausi
2773 5131 2978 5180 sumus,
3003 5115 3147 5167 illum
3191 5112 3361 5172 ',taut
3388 5105 3706 5178 possuatir-

2132 5195 2314 5279 ritare,
2345 5229 2501 5286 quam
2523 5211 2664 5281 quod
2694 5209 2926 5264 nolimus
2953 5205 3167 5259 demum
3205 5200 3540 5269 resipiscere.
3575 5195 3708 5248 Nam

2137 5323 2358 5380 peccare
2380 5305 2613 5376 quidem,
2641 5302 2930 5356 humanum
2968 5308 3084 5362 est;
3113 5303 3168 5349 at
3196 5296 3247 5348 in
3277 5291 3507 5362 peccatis
3532 5304 3703 5358 perse-

2209 5636 2224 5666 ί
2259 5633 2470 5691 Quidam,
2496 5627 2700 5692 aliquem
2725 5627 2786 5692 de
2807 5640 2856 5678 se
2879 5626 2980 5692 ipso
3001 5630 3045 5676 et
3061 5625 3129 5692 _(_l_e
3147 5622 3242 5672 alio
3259 5623 3531 5692 (temerare.

2211 5701 2228 5728 ²
2265 5683 2311 5742 [ᾖ
2327 5683 2470 5745 savii:
2492 5701 2544 5742 et
2565 5683 2660 5741 uno
2682 5689 2846 5740 codice
2868 5683 3028 5750 deest,
3053 5685 3206 5746 illum,
3235 5695 3286 5734 et
3312 5683 3432 5733 mira
3456 5689 3579 5745 lost,
3603 5694 3688 5739 pa

2150 5769 2277 5816 siml,
2303 5758 2541 5822 utimur,
2562 5765 2728 5806 Deum.
