4096 6392
198 352 289 409 5M

196 484 395 535 vetare,
429 465 479 519 id
508 481 611 520 non
636 465 923 520 humanum
952 471 1056 527 est,
1083 460 1181 516 sed
1207 460 1424 514 omnino
1445 458 1764 513 satanicum.

198 559 594 615 Auimadvertas
623 557 761 611 enim
790 553 1057 625 quomodo
1082 567 1173 621 per
1193 550 1503 620 prophetam
1530 547 1627 600 hoc
1651 546 1767 615 plus

196 669 347 724 quam
379 651 505 705 illud
543 648 896 719 reprehendat
932 646 1076 700 Deus
1110 662 1121 697 :
1152 644 1220 696 Et
1250 642 1379 707 dixi,
1411 641 1598 709 inquit,
1624 648 1765 705 post-

193 763 340 817 quam
366 744 610 807 fornicata
640 750 711 794 est
735 740 813 793 his
837 739 1082 797 omnibus,
1108 735 1176 788 ad
1208 750 1287 787 me
1305 741 1564 795 revertere,
1592 741 1637 782 et
1666 745 1767 782 non

193 852 383 890 reversa
422 842 494 887 cst
537 832 667 901 (Jer.
710 832 763 885 5.
806 832 881 899 7).
915 828 984 883 Ει
1018 827 1140 880 alibi
1180 838 1391 879 rursum
1427 829 1486 874 ut
1522 821 1769 874 ostendat

194 947 346 1001 quam
374 941 670 998 propensus
710 923 777 976 sit
816 922 880 975 ad
924 928 1163 974 nostram
1204 917 1453 977 salutem,
1480 912 1601 981 quia
1648 919 1770 980 post

195 1023 354 1075 multa
377 1020 565 1073 delicta
585 1016 936 1086 promiserant
955 1028 1012 1065 se
1028 1016 1172 1064 recta
1192 1008 1277 1062 via
1301 1006 1622 1067 incessuras,
1646 1017 1767 1055 cum

196 1115 242 1166 id
273 1111 525 1172 audisset,
560 1108 635 1161 ait
664 1125 676 1159 :
704 1105 827 1169 Quis
855 1102 991 1156 dabit
1021 1110 1074 1152 ut
1103 1100 1175 1152 ita
1198 1097 1299 1151 sint
1328 1095 1482 1149 corda
1506 1108 1676 1146 eorum
1715 1091 1767 1142 in

194 1205 312 1272 ipsis
341 1211 391 1253 ut
423 1201 624 1253 timeant
642 1213 741 1261 me,
766 1204 813 1248 et
839 1192 1125 1247 custodiant
1147 1186 1388 1241 mandata
1408 1200 1517 1237 mea
1539 1182 1767 1236 omnibus

195 1298 366 1349 diebus
391 1294 515 1356 suis,
544 1299 599 1343 ut
642 1292 762 1343 bene
792 1287 856 1338 sit
882 1285 951 1338 eis
995 1291 1041 1337 et
1085 1281 1205 1349 ﬁliis
1236 1293 1409 1334 eorum
1440 1277 1490 1328 in
1527 1273 1768 1328 swculam

196 1387 367 1457 (Deut.
394 1385 445 1438 5.
475 1381 607 1452 €29)?
638 1380 703 1435 Et
727 1378 933 1448 Moyses
958 1375 1101 1443 ipsos
1129 1369 1455 1439 compellans
1484 1366 1597 1418 haec
1628 1364 1769 1417 dice-

194 1456 282 1531 bat
309 1495 323 1531 t
361 1475 422 1528 Et
452 1489 601 1533 nunc,
645 1469 829 1529 Israel,
876 1466 996 1535 quid
1038 1462 1288 1517 Dominus
1317 1458 1452 1512 Deus
1491 1456 1612 1527 petit
1642 1470 1673 1507 α
1701 1465 1765 1517 te,

195 1568 291 1620 nisi
320 1576 371 1619 ut
394 1567 566 1617 timeas
594 1561 865 1615 Dominum
894 1557 1055 1609 Deum
1076 1565 1237 1617 tuum,
1261 1560 1306 1603 et
1332 1548 1554 1601 ambules
1584 1548 1635 1597 in
1663 1564 1772 1598 om-

195 1658 338 1710 nibus
366 1656 455 1709 viis
485 1656 612 1724 ejus.
639 1661 687 1706 et
713 1650 837 1719 dilig
858 1666 895 1701 ts
922 1649 1089 1715 ipsum
1118 1641 1293 1715 (Deut.
1332 1641 1418 1694 10.
1446 1638 1535 1707 12)
1554 1642 1575 1689 ’ἐ
1606 1636 1766 1706 Igitur

195 1748 281 1817 qui
317 1746 515 1813 expetit
544 1760 572 1795 a
605 1742 759 1795 nobis
785 1738 995 1801 amari,
1030 1744 1085 1790 et
1118 1740 1338 1804 prepter
1374 1730 1475 1784 hoc
1504 1727 1635 1782 nihil
1664 1741 1769 1780 non

195 1842 318 1910 agit,
340 1839 427 1909 qui
469 1853 536 1892 ne
573 1835 680 1890 ﬁlio
720 1833 933 1903 quidem
979 1844 1076 1884 suo
1103 1827 1172 1882 ob
1211 1838 1448 1879 amorem
1480 1819 1648 1876 nostri
1680 1833 1772 1887 pe-

197 1934 383 2002 percit,
413 1946 475 1985 ac
499 1927 686 1999 quovis
711 1938 948 1994 tempore
974 1930 1034 1977 ut
1066 1935 1186 1975 cum
1212 1919 1304 1973 illo
1339 1914 1766 1973 reconciliemur,

196 2041 306 2079 rem
338 2023 440 2079 sibi
469 2019 851 2091 optatissimam
874 2013 1055 2076 habet,
1080 2013 1169 2080 qui
1196 2010 1307 2063 lieri
1328 2008 1499 2077 possit
1519 2015 1576 2057 ut
1603 2003 1772 2073 pumi-

197 2125 366 2171 tentes
409 2130 513 2167 non
554 2111 797 2164 admittat
840 2116 894 2162 et
933 2102 1303 2174 amplexetur?
1346 2098 1481 2153 Audi
1524 2098 1647 2167 quid
1678 2111 1773 2164 per

197 2207 509 2277 pr0phetam
530 2199 709 2257 ‘dicat:
734 2200 829 2253 Dic
861 2207 933 2261 tu,
965 2197 1056 2260 ait,
1082 2194 1367 2264 iniquitates
1405 2200 1517 2242 tuas
1544 2188 1683 2259 prior
1729 2189 1771 2253 ',

195 2312 248 2353 ut
278 2294 745 2371 justiﬁceris(lsai.
789 2293 876 2346 45.
904 2289 1019 2359 9.6).
1062 2288 1117 2341 ld
1160 2302 1309 2349 vero,
1337 2298 1443 2354 quo
1472 2280 1770 2335 vehementi

199 2393 251 2445 in
273 2407 394 2446 cum
430 2404 612 2441 amore
639 2385 945 2454 llagrcmus,
974 2378 1176 2447 expetit
1207 2392 1236 2429 a
1264 2375 1439 2430 nobis.
1466 2373 1597 2426 Cum
1628 2370 1769 2425 enim

197 2485 247 2538 is
265 2482 353 2553 qui
375 2490 549 2543 amat,
582 2478 649 2530 ah
677 2476 741 2530 iis
767 2474 857 2545 qui
881 2480 1128 2527 amantur
1149 2467 1485 2524 contumeliis
1515 2463 1736 2518 affectus
1754 2503 1769 2526 ,

198 2592 305 2629 non
328 2585 500 2628 tamen
530 2567 822 2638 exstinguit
843 2579 1117 2627 amorem;
1147 2577 1252 2614 non
1291 2560 1388 2612 alia
1416 2557 1484 2611 de
1519 2570 1678 2610 causa
1707 2554 1771 2607 il-

197 2669 327 2719 latas
356 2661 704 2717 contumelias
729 2659 782 2711 in
812 2655 1044 2711 medium
1079 2651 1256 2706 allerri
1299 2649 1506 2714 studet,
1534 2662 1690 2716 quam
1717 2654 1774 2701 ut

197 2759 584 2815 vehementiam
613 2755 812 2809 amoris
841 2754 921 2807 sui
946 2750 1245 2815 declarans,
1274 2747 1340 2801 ad
1371 2747 1653 2799 arctiorem
1679 2758 1774 2797 eos

196 2866 249 2909 et
279 2854 530 2923 majorem
553 2849 886 2904 dilectionem
912 2842 1203 2914 pertrahat.
1232 2842 1285 2896 Si
1311 2848 1487 2893 autem
1508 2836 1774 2892 confessio

199 2954 533 3015 peccatorum
564 2949 763 2993 tantum
784 2936 940 2992 alien
967 2935 1164 2999 solatii,
1194 2933 1360 2987 multo
1389 2930 1557 2999 majus
1587 2928 1776 2982 afferet

197 3055 379 3092 eorum
401 3052 498 3109 per
522 3035 655 3088 bona
677 3046 837 3102 Opera
858 3028 1075 3083 ablutio.
1095 3025 1367 3097 Siquidem
1396 3024 1495 3078 nisi
1518 3024 1587 3077 ita
1610 3028 1771 3087 esset,

197 3132 291 3186 sed
322 3130 484 3184 semel
513 3126 716 3182 aversis
749 3140 778 3178 a
809 3131 954 3178 recta
986 3122 1069 3175 via
1098 3119 1162 3174 ad
1192 3118 1411 3189 pristina
1439 3116 1664 3170 reditum
1691 3113 1774 3167 in-

200 3221 542 3279 tercluderct,
584 3230 743 3271 nemo
785 3214 958 3283 plane,
1005 3211 1108 3266 nisi
1152 3209 1290 3264 forte
1329 3205 1632 3277 paucissimi
1674 3220 1771 3258 nu-

197 3330 366 3377 mero,
405 3313 457 3366 in
487 3325 709 3380 regnum
739 3307 988 3363 caalorum
1016 3302 1416 3375 ingrederetur;
1447 3298 1591 3369 atqui
1637 3314 1773 3367 prm-

193 3406 451 3462 elariores
478 3404 637 3457 fuisse
673 3416 765 3456 eos
795 3399 1144 3468 reperiemus,
1172 3394 1259 3465 qui
1305 3394 1448 3461 prius
1479 3390 1617 3459 lapsi
1665 3389 1781 3443 fue—

199 3509 338 3554 rant.
367 3498 465 3566 Qui
494 3497 635 3552 enim
660 3507 907 3564 magnam
937 3490 990 3543 in
1022 3488 1175 3543 malis
1203 3486 1451 3555 operibus
1479 3483 1773 3537 vehemen-

198 3592 325 3644 tiam
365 3587 737 3650 adhibuerant,
775 3581 1018 3638 eamdcm
1058 3586 1241 3649 postea
1284 3577 1337 3629 in
1378 3573 1532 3628 bonis
1558 3572 1777 3641 agendis

196 3682 557 3744 exhibebunt,
589 3687 770 3748 utpote
809 3676 898 3746 qui
938 3674 1109 3728 sciant
1147 3670 1359 3741 quantis
1400 3668 1507 3722 sint
1538 3665 1777 3720 obstricti

197 3776 394 3831 debitis
422 3791 436 3827 :
468 3771 608 3842 quod
636 3779 690 3825 et
713 3769 954 3822 Christus
981 3762 1292 3825 declaravit,
1322 3760 1535 3830 quando
1572 3757 1778 3813 Simoni

197 3871 341 3925 circa
371 3866 650 3921 mulierem
691 3862 1043 3931 loquebatur:
1076 3856 1249 3921 Vides,
1280 3856 1383 3919 ait,
1429 3854 1561 3907 hanc
1596 3851 1780 3906 multa-

200 3961 348 4015 rem?
372 3957 568 4012 Intraui
595 3956 647 4008 in
674 3954 878 4007 domum
910 3962 1069 4013 tuam,
1093 3964 1275 4018 aquam
1299 3945 1504 4017 pedibus
1536 3945 1658 3997 meis
1681 3959 1782 3996 non

204 4050 389 4105 dedisti
421 4065 439 4102 :
469 4048 573 4101 lucc
599 4055 763 4098 autem
789 4042 1022 4112 lacrymis
1046 4040 1226 4109 rigavit
1254 4037 1404 4106 pedes
1433 4052 1588 4099 meos,
1622 4045 1668 4087 ct
1697 4049 1785 4085 ca-

205 4143 345 4214 pillis
365 4141 468 4195 suis
498 4138 656 4192 tersit.
683 4135 927 4189 Osculum
954 4132 1076 4185 milii
1101 4148 1201 4183 non
1231 4129 1413 4181 dedisti
1433 4144 1451 4191 ;
1473 4128 1579 4180 lucc
1616 4135 1783 4178 autem

205 4251 270 4288 ετ
294 4250 391 4303 quo
423 4229 623 4293 intravi,
654 4244 753 4280 non
787 4224 996 4278 cessavit
1034 4219 1255 4275 osculari
1284 4218 1432 4286 pedes
1474 4233 1627 4270 meos.
1660 4214 1783 4266 Oleo

206 4333 359 4394 caput
390 4338 553 4374 meum
588 4336 686 4371 non
724 4316 912 4369 auxisti
949 4329 966 4366 :
1002 4313 1107 4365 lucc
1145 4320 1311 4362 autent
1349 4318 1602 4375 unguento
1643 4305 1784 4358 unxit

208 4419 359 4488 pedes
385 4430 539 4468 meas.
571 4410 786 4479 Propter
814 4404 949 4478 quod
972 4405 1085 4457 dico
1115 4402 1224 4465 tibi,
1257 4408 1576 4453 remittuntur
1596 4396 1641 4448 ei
1668 4412 1785 4463 pec-

208 4486 324 4560 cata
354 4523 447 4560 sua
485 4503 664 4566 multa,
692 4501 808 4569 quia
837 4496 1011 4549 dilexit
1041 4493 1278 4545 multum.
1305 4489 1399 4542 Cui
1431 4497 1595 4539 autem
1621 4486 1787 4536 minus

209 4598 497 4659 dimittitur,
518 4594 684 4646 minus
709 4589 895 4659 diligit.
925 4585 1066 4639 Dixit
1086 4593 1254 4635 autem
1280 4583 1346 4632 ad
1376 4578 1520 4632 illam
1551 4593 1568 4629 :
1600 4575 1787 4629 Remit-

176 4670 385 4745 ἰιιηωτ
410 4686 493 4740 tibi
525 4692 726 4755 peccata
758 4680 903 4751 (Luc.
937 4679 988 4731 7.
1015 4675 1229 4744 ιιοιδ).

284 4782 371 4836 16.
406 4778 606 4833 Idcirco
632 4773 875 4828 diabolus
905 4784 1100 4839 gnarus
1129 4782 1242 4828 eos,
1270 4764 1356 4831 qui
1391 4760 1619 4829 iugentia
1652 4759 1788 4811 mala

216 4877 606 4943 perpelrarunt,
626 4865 711 4920 ubi
732 4864 956 4932 primum
969 4858 1221 4926 cmperint
1240 4854 1517 4923 pcenitcrc,
1536 4850 1584 4902 id
1602 4864 1792 4917 magno

212 4941 387 5023 studio
402 4977 580 5033 agere,
595 4967 776 5028 utpote
792 4954 1037 5009 conscios
1052 4950 1368 5004 delictorum
1385 4957 1622 5006 suorum,
1644 4941 1794 4993 timet

214 5069 270 5115 ct
303 5055 549 5113 formidat
579 5067 646 5105 ne
673 5047 886 5120 quando
929 5058 1039 5097 rem
1069 5040 1430 5095 exordiantur.
1469 5034 1600 5088 Nam
1642 5038 1788 5101 post-

210 5166 370 5221 quam
406 5119 702 5214 caeperint,
724 5133 981 5192 contineri
1020 5134 1155 5185 ultra
1183 5134 1484 5197 nequeunt,
1520 5136 1584 5176 ac
1624 5119 1797 5189 pinni-

212 5244 377 5299 tentia
405 5238 551 5309 quasi
579 5237 696 5306 igne
721 5228 985 5296 succensi,
1011 5240 1139 5279 auro
1167 5236 1296 5291 puro
1327 5219 1565 5288 puriores
1592 5214 1798 5267 animas

215 5353 341 5392 suas
367 5333 622 5395 efficiunt,
654 5324 975 5381 conscientia
1018 5332 1210 5385 nempe
1232 5329 1295 5367 ac
1322 5307 1578 5365 memoria
1606 5319 1798 5375 pecca-

219 5442 393 5483 torum
438 5437 653 5478 suorum
692 5418 842 5489 quasi
893 5420 1053 5467 vento
1095 5406 1325 5478 quodam
1372 5400 1700 5456 validissimo
1743 5397 1795 5448 iu

220 5520 428 5575 virtutis
453 5519 474 5549 '
507 5521 712 5586 portum
758 5505 988 5579 impulsi.
1022 5504 1201 5571 anue
1243 5498 1295 5551 in
1342 5510 1401 5550 re
1440 5499 1689 5564 praestant
1737 5488 1800 5541 iis

289 5675 305 5703 '
340 5678 458 5717 Tres
494 5674 582 5714 Mss
605 5700 618 5723 ,
648 5660 732 5713 Dic
753 5666 804 5709 tu
843 5657 1051 5723 primum
1093 5646 1366 5720 iniquitates
1388 5649 1509 5694 tuas.
1547 5642 1618 5691 sic
1656 5640 1798 5688 etiam

221 5713 388 5785 savil:
407 5713 498 5778 sed
525 5713 628 5789 pro,
652 5713 884 5789 primum,
913 5719 1078 5789 habet:
1102 5713 1251 5789 ηνέρζ.
1291 5765 1449 5789 ____.,__.

289 5765 678 5852 Γίξῖιὲἔοῖηλῗέδν
691 5765 1045 5843 ἰόἇξέίἶὶγιαιις,
1061 5765 1256 5833 habent,
1285 5765 1512 5832 apathia'.

1352 345 1442 399 AD
1481 341 1901 400 TllEODORUM
1939 341 2230 400 LAPSUM.
2272 344 2314 399 ι.

3355 348 3458 403 502

1876 457 1964 526 qui
1996 474 2282 529 numquam
2303 461 2630 525 ceciderunt,
2655 465 2791 534 quod
2816 464 3013 534 majore
3032 474 3245 520 utantur
3265 468 3456 523 alacri-

1872 558 2001 614 tate,
2029 553 2072 604 si
2097 562 2317 617 tantum,
2352 565 2407 609 ut
2429 557 2537 622 jam
2566 558 2694 623 dixi,
2720 574 2832 612 rem
2867 562 3257 628 aggrediantur.

1945 642 2258 701 Pwnitentiz
2276 648 2473 700 initium
2496 649 2732 716 arduum,
2755 662 2933 705 autem
2953 653 3183 722 deinceps
3202 651 3454 722 faciliora.

1870 762 1942 772 —
1963 734 2094 788 Nam
2124 736 2225 790 hoc
2250 752 2383 805 Opus
2402 781 2415 800 ,
2450 738 2536 794 hic
2562 741 2711 795 labor
2734 753 2815 796 est
2838 785 2852 807 ,
2886 758 3040 811 posse
3062 745 3332 797 introitum
3365 761 3458 813 pu-

1873 835 2005 892 tere,
2030 843 2092 882 ac
2115 829 2371 884 vestibula
2396 832 2717 899 ptenitentia-
2734 838 3058 905 contingere,
3083 836 3459 908 inimicumque

1872 919 2093 972 multum
2124 921 2411 989 spirantem
2442 932 2497 977 et
2523 924 2806 979 instantem
2847 926 3115 994 depellere
3144 939 3299 997 atque
3329 943 3456 998 pro-

1871 1019 2132 1066 sternere.
2160 1013 2360 1070 Deinde
2390 1031 2515 1069 vero
2546 1032 2648 1070 non
2680 1028 2879 1072 tantum
2908 1019 3000 1074 ille
3033 1020 3265 1075 furorem
3306 1022 3459 1075 exhi-

1872 1100 2036 1166 bebit,
2066 1104 2229 1158 semel
2254 1116 2534 1174 superatus
2564 1116 2618 1161 et
2640 1123 2741 1177 qua
2766 1120 2913 1177 parte
2942 1111 3129 1165 fortior
3157 1121 3271 1166 erat
3314 1113 3462 1182 deje-

1871 1205 2017 1248 ctus:
2038 1211 2135 1250 nos
2162 1206 2337 1252 autem
2364 1199 2633 1255 alacritate
2661 1213 2923 1272 resumpta
2944 1204 3164 1273 majore,
3185 1205 3462 1273 pulchrum

1875 1284 1979 1340 hoc
2006 1287 2230 1341 stadium
2263 1288 2508 1344 facillime
2533 1291 2898 1349 decurramus.
2944 1296 3329 1364 Aggrediamur
3358 1297 3459 1349 ita-

1873 1394 1979 1447 que
2006 1379 2232 1433 reditum
2258 1422 2272 1442 ,
2323 1397 2659 1438 recurramus
2688 1384 2740 1437 in
2780 1386 3048 1439 civitatem
3094 1387 3361 1443 cmlestem
3403 1389 3460 1442 in

1872 1484 2030 1538 quam
2059 1470 2331 1540 adscripti,
2366 1473 2453 1527 ubi
2474 1473 2666 1542 degere
2692 1475 2823 1543 jussi
2846 1491 3047 1529 sunms.
3070 1476 3200 1531 Nam
3222 1478 3288 1532 de
3310 1478 3466 1531 nobis

1875 1562 2004 1630 ipsis
2032 1562 2318 1631 desperare
2349 1581 2452 1617 non
2500 1564 2550 1619 id
2577 1565 2748 1619 Solum
2776 1566 2928 1623 alter:
2971 1568 3135 1634 mali,
3178 1570 3315 1638 quod
3348 1572 3461 1637 ejus

1874 1653 2021 1706 urbis
2048 1663 2227 1720 portas
2258 1655 2410 1708 nobis
2436 1656 2781 1722 intercludat,
2817 1673 2913 1712 nec
2950 1659 3091 1729 quod
3118 1660 3170 1714 in
3200 1660 3456 1728 majorem

1874 1743 2152 1811 segnitiem
2183 1753 2238 1799 et
2264 1757 2626 1815 contemptum
2655 1748 2915 1815 deducat,
2939 1751 3029 1804 sed
3062 1750 3200 1820 quod
3234 1751 3284 1804 in
3317 1750 3465 1804 faro.-

1874 1850 1985 1889 rem
2017 1851 2114 1891 nos
2148 1838 2441 1891 satanicum
2472 1838 2704 1908 dejiciat.
2736 1842 2940 1895 Etenim
2967 1843 3208 1897 diabolus
3236 1859 3337 1896 non
3361 1845 3459 1897 alia

1876 1925 1943 1979 de
1969 1942 2128 1980 causa
2153 1927 2271 1981 talis
2302 1930 2469 1983 evasit
2497 1972 2511 1994 ,
2547 1946 2703 1998 quam
2732 1933 2853 2001 quia
2882 1949 3110 2002 primum
3140 1934 3457 2004 desperavit.

1876 2016 2194 2089 domumque
2224 2035 2289 2074 ex
2316 2020 2689 2089 desperatione
2733 2023 2784 2076 in
2815 2025 3072 2078 insaniam
3114 2025 3327 2080 decidit.
3360 2026 3469 2081 Ubi

1879 2113 2103 2181 primum
2126 2113 2267 2167 enim
2314 2114 2489 2168 anima
2539 2129 2686 2184 spem
2736 2117 2924 2170 salutis
2961 2117 3174 2181 amisit,
3205 2134 3274 2172 ne
3303 2121 3463 2173 sentit

1875 2203 2088 2269 quidem
2116 2203 2342 2271 amplius
2373 2220 2478 2273 quo
2509 2215 2663 2274 pacto
2699 2220 2937 2275 prarceps
2966 2216 3170 2276 agatur,
3200 2217 3253 2261 et
3280 2208 3463 2262 omnia

1877 2306 2059 2349 contra
2104 2297 2341 2365 salutem
2391 2299 2658 2366 propriam
2704 2298 2813 2367 agit
2838 2308 2892 2353 ct
2920 2298 3068 2353 dicit.
3097 2300 3176 2356 Ac
3202 2300 3461 2370 quemad-

1879 2386 2093 2440 modum
2124 2386 2307 2442 furiosi
2340 2389 2427 2441 ubi
2477 2389 2645 2442 semel
2670 2404 2699 2442 a
2729 2403 2858 2443 sana
2903 2400 3081 2445 mente
3127 2391 3469 2458 exciderunt,

1877 2478 2007 2531 nihil
2033 2480 2217 2533 timent
2240 2520 2255 2544 ,
2309 2479 2454 2532 nullo
2475 2478 2677 2548 pudore
2706 2487 2953 2535 tenentur
2977 2522 2990 2543 ,
3021 2481 3114 2537 sed
3137 2482 3251 2536 sine
3281 2482 3462 2537 formi-

1874 2568 1999 2622 dine
2028 2570 2202 2622 omnia
2248 2568 2508 2636 audeut',
2537 2585 2636 2625 nec
2682 2571 2854 2639 ignem
2902 2587 2999 2625 nec
3022 2588 3167 2625 mare
3196 2588 3294 2627 nec
3331 2589 3467 2642 prte-

1876 2663 2052 2730 cipitia
2080 2662 2224 2715 adire
2254 2664 2668 2731 pertimescunt;
2698 2664 2774 2718 sic
2803 2671 2859 2719 et
2895 2665 2925 2717 ii
2957 2666 3043 2729 qui
3073 2656 3475 2734 desperationis

1876 2754 2093 2807 vesania
2136 2754 2366 2823 correpti
2411 2763 2574 2816 sunt,
2620 2754 2979 2807 intolerabiles
3004 2756 3196 2809 deinde
3226 2756 3276 2808 in
3306 2772 3465 2811 omne

1880 2845 2136 2898 malormn
2165 2860 2332 2914 genus
2359 2845 2681 2908 decurrunt;
2711 2854 2763 2899 et
2791 2846 2889 2899 nisi
2936 2862 3081 2899 mers
3105 2863 3199 2901 eos
3223 2848 3290 2899 ah
3322 2849 3462 2900 insa-

1879 2937 1964 2990 nia
1990 2946 2045 2991 et
2072 2938 2270 3007 impetu
2319 2946 2600 3001 coerceat,
2648 2937 2922 2991 innumera
2971 2937 3069 2991 sibi
3115 2937 3242 3005 ipsis
3284 2938 3459 3005 gravia

1878 3035 2204 3096 perpetrant.
2231 3026 2404 3095 Quare
2432 3026 2674 3085 obsecro.
2702 3034 2986 3094 antequam
3010 3027 3077 3078 ah
3095 3026 3180 3080 illa
3206 3025 3471 3080 ebrietate

1879 3119 2037 3174 altius
2064 3119 2412 3188 demergaris,
2444 3117 2729 3186 resipiscas
2756 3127 2809 3171 ct
2839 3117 3244 3186 expergiscaris.
3276 3116 3461 3169 dialm-

1879 3210 2142 3278 licamque
2181 3209 2324 3263 illam
2351 3207 2618 3277 crapulam
2664 3208 2935 3270 excutias;
2967 3207 3105 3275 quod
3135 3208 3177 3258 si
3207 3206 3255 3258 id
3287 3206 3467 3259 confe-

1880 3302 2001 3355 stim
2026 3316 2185 3369 agere
2215 3317 2319 3354 non
2343 3301 2533 3370 possis,
2566 3300 2764 3354 sensim
2790 3308 2843 3352 et
2865 3299 3110 3366 paulatim
3135 3298 3313 3351 facias.
3340 3298 3471 3351 Mihi

1879 3403 2025 3446 certe
2048 3393 2202 3460 longe
2231 3391 2437 3445 facilius
2454 3391 2682 3453 videtur,
2727 3400 2783 3443 ut
2806 3391 2871 3444 ab
2895 3389 3141 3443 omnibus
3165 3390 3320 3443 simul
3348 3391 3467 3458 qui-

1881 3484 1979 3538 bus
2005 3483 2342 3551 complicaris
2372 3483 2584 3536 funibus
2614 3482 2937 3536 abstractum
2967 3492 3017 3536 te
3048 3485 3096 3535 in
3142 3484 3471 3549 pmnitentita

1881 3578 2214 3647 gymnasium
2235 3575 2543 3629 transferas.
2568 3576 2620 3629 Si
2656 3585 2830 3627 tamen
2850 3576 2939 3629 tibi
2958 3576 3179 3630 ardumn
3203 3575 3465 3641 videatur,

1884 3677 1944 3723 ut
1977 3670 2204 3723 volueris
2237 3670 2374 3722 viam
2399 3668 2465 3723 ad
2506 3668 2727 3722 meliora
2754 3668 3034 3721 ducentem
3061 3667 3221 3721 adeas
3242 3708 3257 3729 ,
3307 3668 3469 3720 modo

1885 3777 1997 3816 rem
2028 3762 2286 3830 suscipias
2305 3768 2358 3814 et
2376 3760 2616 3815 obtineas
2632 3760 2791 3811 vitam
2811 3768 3086 3814 :cternam.
3114 3758 3283 3811 Etiam
3309 3768 3469 3827 atque

1884 3854 2045 3907 etiam
2071 3867 2201 3921 rogo
2221 3860 2276 3905 et
2299 3852 2524 3905 obsecro
2553 3868 2646 3919 per
2668 3852 2937 3919 pristinam
2968 3860 3108 3903 tuam
3133 3850 3471 3919 probitatem,

1886 3961 1981 4013 per
2009 3944 2252 3999 fiduciam
2278 3944 2440 4007 illam,
2466 3944 2721 3997 teitertnn
2750 3942 3018 3997 videamus
3041 3943 3089 3994 in
3116 3942 3204 3994 illo
3219 3941 3468 4001 culmine,

1888 4037 1939 4089 in
1965 4036 2053 4089 illa
2075 4036 2487 4103 perseverantia.
2506 4035 2757 4089 Miserere
2785 4035 3081 4102 eorum,qui
3109 4043 3322 4102 propter
3346 4042 3395 4087 te
3418 4034 3468 4085 in

1887 4127 2259 4183 ollcndieulum
2282 4127 2631 4197 impegerunt,
2654 4128 2741 4196 qui
2768 4127 2902 4195 lapsi
2929 4137 3070 4191 sunt,
3096 4126 3177 4179 vel
3200 4128 3472 4195 scguicres

1888 4221 2085 4282 effecti,
2117 4221 2206 4288 qui
2235 4221 2302 4274 de
2328 4220 2542 4273 virtutis
2558 4219 2642 4283 yia
2670 4220 3039 4287 desperarunt.
3074 4218 3221 4271 Nunc
3258 4217 3470 4286 quidem

1892 4312 2101 4366 tristitia
2128 4311 2350 4365 fratrum
2376 4310 2599 4365 chorum
2622 4317 2880 4378 occupat.
2911 4308 3154 4376 voluptas
3201 4320 3375 4362 autem
3418 4318 3473 4360 et

1892 4404 2071 4458 laetitia
2101 4402 2391 4456 infidelium
2420 4410 2737 4456 conventum
2757 4440 2771 4453 .
2803 4414 2901 4453 nec
2927 4414 3031 4451 non
3070 4398 3323 4464 juvenutn
3362 4398 3473 4450 otio

1891 4496 2209 4551 deditorum.
2233 4496 2286 4548 Si
2308 4502 2482 4548 autem
2508 4493 2572 4546 ad
2595 4502 2892 4546 accuratam
2917 4492 3054 4543 illam
3074 4492 3193 4543 vita:
3214 4490 3471 4543 rationem

1892 4590 2116 4645 redieris
2136 4629 2150 4652 ,
2178 4586 2499 4641 contrarium
2528 4583 2759 4645 accidet,
2794 4592 3075 4650 nostraque
3112 4581 3398 4649 ignominia
3422 4580 3474 4634 in

1894 4682 2230 4737 adversarios
2279 4689 2386 4732 tota
2433 4678 2454 4709 ³
2492 4677 2867 4732 derivabitur:
2912 4690 3010 4727 nos
3054 4684 3230 4727 autem
3279 4672 3467 4726 ﬁducia

1901 4775 2063 4827 multa
2096 4772 2336 4826 instructi
2368 4770 2591 4831 erimus,
2625 4777 2677 4820 te
2713 4765 2896 4832 majori
2928 4764 3211 4833 splendore
3249 4778 3474 4817 corona-

1898 4875 2006 4919 tmn
2065 4862 2515 4933 prmdicatumque
2560 4857 2819 4912 videntes.
2864 4855 3020 4909 Tales
3058 4856 3199 4908 enim
3244 4854 3477 4906 victoria:

1898 4959 2154 5027 majorem
2190 4956 2366 5009 ferunt
2392 4967 2437 5007 et
2469 4953 2691 5023 gloriam
2726 4960 2779 5005 et
2805 4950 3147 5018 voluptatem.
3194 4945 3306 5000 Non
3333 4948 3475 5000 enim

1902 5051 2155 5121 przcclare
2195 5058 2464 5116 gestorum
2508 5054 2708 5099 tantum
2755 5042 3056 5097 mercedem
3088 5038 3338 5108 recipies,
3386 5039 3477 5091 St‘tl

1901 5145 2057 5198 etiam
2082 5142 2308 5195 aliormn
2329 5136 2711 5193 cohortationis
2730 5144 2785 5189 et
2807 5132 3203 5193 consolationis,
3227 5131 3279 5183 in
3300 5144 3450 5183 exem
3465 5160 3477 5167 ο

1903 5237 2043 5305 plum
2084 5234 2426 5303 conspicuum
2466 5228 2704 5298 positus;
2753 5233 2814 5279 ut
2842 5224 2887 5277 si
2927 5223 3044 5292 quis
3073 5222 3124 5274 in
3157 5221 3299 5290 paria
3344 5222 3477 5272 mala

1902 5327 2199 5387 delabatur,
2244 5328 2486 5389 resurgat
2515 5321 2702 5373 iterum
2728 5358 2742 5380 ,
2770 5327 2824 5371 et
2849 5314 2913 5368 ad
2958 5314 3231 5367 meliorem
3277 5310 3474 5379 frugcir

1903 5437 1961 5475 se
1983 5418 2222 5486 recipiat.
2262 5415 2339 5470 Ne
2371 5422 2570 5468 tantum
2615 5410 2746 5464 lucri
2792 5418 3134 5470 contemnas,
3181 5420 3349 5474 neque
3391 5404 3459 5458 de

1970 5692 1983 5719 ¹
2024 5685 2159 5733 savii.
2184 5688 2234 5729 et
2251 5680 2346 5729 duo
2367 5676 2474 5725 Cod.
2503 5682 2628 5736 post,
2652 5672 2847 5729 audent,
2874 5666 3070 5721 addunt,
3097 5670 3139 5712 et
3161 5662 3358 5723 {:a’iunt.

1969 5753 1986 5781 ²
2024 5758 2070 5795 In
2096 5741 2234 5794 savii.
2262 5742 2511 5795 omittitur,
2539 5743 2648 5786 tota.
