4096 6392
599 396 704 452 303

602 511 763 562 ducas
783 503 983 556 animas
1006 505 1214 552 nostras
1240 506 1360 547 cum
1388 485 1598 542 tristitia
1623 482 1688 537 ad
1716 479 1934 544 inferos,
1968 474 2060 530 scd
2092 472 2174 527 fac

602 599 925 664 reqdremus
946 634 960 652 ,
995 599 1049 645 et
1078 585 1324 642 nebulam
1351 581 1599 642 tristitia,
1625 589 1745 645 qua:
1787 572 1862 625 tui
1897 581 2055 623 causa
2082 578 2180 619 nos

605 697 845 756 occupat,
866 682 1213 738 excutiamus.
1239 675 1390 730 Nunc
1415 671 1556 726 enim
1581 667 1790 722 damnis
1811 659 2008 716 nostris
2026 659 2180 711 omis-

601 783 697 843 sis,
721 781 1050 832 calamitates
1068 771 1405 842 deploramus
1435 774 1572 818 tuas.
1615 757 1765 828 Quod
1791 757 1834 809 si
1866 752 2178 820 resipiscere

603 873 736 926 velis
783 878 837 924 et
875 867 1058 922 oculos
1104 861 1353 932 aperire,
1402 865 1561 924 atque
1603 850 1854 919 angelica:
1913 843 2113 900 militia:
2159 842 2176 872 ¹

603 957 995 1023 cummmerari,
1020 963 1074 1010 et
1109 967 1208 1009 nos
1234 967 1263 1005 a
1291 951 1432 1004 luctu
1457 944 1671 1014 eripies,
1703 950 1758 996 et
1784 951 2026 1007 magnam
2053 947 2179 1004 pec-

601 1066 840 1109 catomm
875 1059 1180 1105 nostrorum
1224 1044 1429 1116 partem
1464 1040 1759 1104 absterges.
1798 1028 1952 1096 Quod
2002 1035 2179 1080 autem

606 1149 917 1215 contingat,
959 1156 1054 1197 eos
1076 1139 1166 1208 qui
1208 1151 1303 1206 per
1336 1130 1699 1203 paenitentiam
1747 1120 1975 1179 restituti
2017 1123 2178 1178 sunt,

602 1238 887 1292 admodum
930 1206 1274 1303 resplendere
1295 1269 1308 1290 ,
1339 1236 1392 1279 et
1419 1236 1562 1290 szepe
1592 1217 1781 1286 magis,
1829 1226 1986 1283 quam
2027 1209 2060 1262 ii
2089 1206 2180 1275 qui

603 1346 888 1400 numquam
919 1301 1051 1398 lapsi
1092 1331 1254 1381 sunt,
1287 1319 1336 1372 id
1363 1333 1426 1370 ex
1456 1310 1748 1380 Scripturis
1777 1305 1968 1360 divinis
2006 1301 2179 1370 palam

603 1389 845 1477 fecimus.
877 1389 1058 1474 Sic-et
1087 1410 1351 1484 publicani
1389 1417 1444 1461 et
1486 1401 1793 1457 meretrices
1833 1407 2052 1464 regnttm
2089 1389 2182 1444 Dei

602 1513 894 1584 possident,
910 1511 984 1564 sic
1002 1525 1067 1563 ex
1089 1502 1389 1560 novissimis
1406 1497 1553 1552 tnulti
1574 1492 1756 1565 primis
1771 1492 2180 1558 anteponuntur.

678 1606 764 1660 17.
807 1601 1039 1656 Historia
1081 1592 1442 1656 adolescentis,
1479 1589 1565 1658 qui
1605 1587 1778 1654 lapsus
1810 1579 2018 1649 resipuit
2044 1584 2182 1645 post-

603 1714 680 1750 ea.
723 1725 794 1736 -—
825 1691 1064 1747 Narrabo
1092 1688 1207 1752 tibi,
1236 1699 1353 1753 quae
1379 1692 1562 1736 nostro
1587 1689 1828 1745 tempore
1849 1671 2186 1740 contigerunt

604 1801 658 1845 et
685 1801 911 1860 quorum
943 1785 1058 1852 ipse
1103 1781 1252 1835 testis
1296 1791 1416 1832 esse
1457 1771 1710 1843 potueris.
1751 1766 1900 1822 Nosti
1935 1765 2182 1834 juvenem

605 1852 750 1934 illum
779 1853 942 1931 lilium
965 1873 1182 1934 Urbani,
1211 1866 1540 1927 thnieem,
1567 1862 1654 1924 qui
1685 1861 1994 1913 immaturus
2014 1852 2185 1907 adhuc

607 1972 832 2040 pupillus
854 1966 1066 2029 mansit,
1099 1962 1353 2032 pecuniis,
1385 1953 1643 2010 famulitio
1664 1961 1717 2006 et
1740 1950 1881 2021 agris
1901 1945 2184 2000 admodum

606 2037 912 2118 instructus.
948 2059 996 2112 ls
1020 2055 1250 2126 primum
1279 2051 1364 2105 ubi
1397 2047 1506 2102 ludi
1537 2043 1801 2114 magistris
1825 2041 2039 2110 longum
2069 2037 2186 2089 vale

607 2155 850 2214 dixisset,
885 2149 1057 2219 posito
1083 2140 1514 2213 splendidissimo
1539 2136 1756 2194 amictu,
1792 2141 2008 2198 totoque
2028 2127 2188 2194 hujus

610 2251 731 2302 vita:
763 2218 901 2299 fastu
927 2285 940 2305 ,
971 2249 1188 2311 repente
1219 2236 1410 2292 vestitu
1434 2246 1493 2286 se
1528 2229 1713 2282 viliore
1737 2223 1968 2279 contexit
1994 2239 2007 2283 ;
2041 2229 2091 2274 et
2121 2218 2186 2272 ad

611 2341 867 2396 montium
904 2333 1245 2391 solitudinem
1293 2325 1579 2387 secedens,
1625 2320 1892 2390 egregiam
1943 2313 2189 2378 exhibuit

609 2429 1036 2501 philoSophiam,
1089 2437 1194 2476 non
1236 2417 1527 2474 secundum
1576 2412 1749 2467 inlatis
1798 2407 2050 2467 modum,
2094 2402 2188 2457 sed

610 2523 820 2593 qualem
865 2527 1044 2589 posset
1071 2516 1153 2568 vir
1193 2510 1454 2582 quispiam
1494 2519 1716 2573 magnus
1743 2509 1797 2555 et
1825 2496 2186 2552 admirandus.

614 2611 813 2667 Iieinde
835 2585 984 2663 sacra
1009 2604 1384 2677 mysteriorum
1407 2596 1702 2653 initiatione
1729 2591 1995 2660 dignatus,
2024 2585 2191 2639 multo

613 2704 779 2773 magis
809 2703 858 2755 in
892 2700 1084 2753 virtute
1115 2705 1422 2764 progressus
1441 2697 1556 2752 est;
1601 2688 1670 2739 ita
1698 2693 1756 2737 ut
1782 2693 1968 2736 omnes
1996 2676 2194 2748 gaude-

615 2767 736 2848 rent
759 2793 974 2860 Deoquc
1005 2788 1228 2859 gloriam
1257 2783 1554 2843 referrent,
1585 2775 1726 2846 quod
1769 2772 1823 2828 in
1843 2770 2039 2826 divitiis
2063 2767 2193 2822 edu-

611 2898 793 2951 catus,
835 2884 994 2939 claris
1035 2879 1202 2934 atavis
1227 2885 1374 2930 ortus
1415 2869 1806 2936 admodumque
1847 2862 2192 2924 adolescens,

615 2979 916 3049 proculcata
939 2973 1219 3030 confestim
1245 2970 1365 3022 vita:
1394 2980 1606 3035 pompa,
1626 2960 1691 3014 ad
1715 2973 1898 3014 verum
1929 2952 2193 3022 fastigium

613 3071 963 3128 ascendisset.
995 3067 1128 3120 Cum
1162 3063 1261 3116 hoc
1290 3062 1342 3114 in
1370 3066 1510 3112 statu
1541 3063 1685 3110 esset
1706 3093 1720 3117 ,
1749 3059 1802 3106 et
1836 3047 2072 3104 omnium
2102 3042 2196 3096 ad-

618 3167 952 3223 mirationem
984 3165 1259 3221 moveret,
1305 3160 1647 3219 corruptores
1689 3143 1903 3216 quidam
1946 3139 2036 3209 qui
2077 3136 2198 3208 jure

604 3259 950 3332 cognationis
992 3254 1109 3321 ejus
1147 3263 1328 3306 curam
1367 3243 1672 3306 habebant,
1703 3236 1769 3291 ad
1797 3235 2048 3305 pristinos
2073 3242 2196 3284 eum

619 3357 810 3410 fluctus
839 3349 1182 3406 reduxerunt.
1218 3340 1452 3410 chectis
1479 3337 1636 3406 igitur
1659 3332 1836 3387 denuo
1855 3325 2136 3386 omnibus,
2167 3337 2197 3376 a

619 3445 888 3501 montibus
917 3442 971 3494 in
1002 3436 1235 3491 tnedium
1277 3433 1446 3486 lorum
1471 3443 1528 3481 se
1557 3422 1814 3484 contulit,
1855 3428 1911 3474 et
1932 3434 2072 3487 equo
2101 3430 2196 3468 ve-

619 3548 736 3593 ctus
767 3531 1131 3598 famulitioque
1170 3523 1336 3579 multo
1387 3520 1648 3588 stipatus,
1690 3514 1768 3567 sic
1811 3519 1973 3563 totam
2015 3506 2197 3560 urbem

619 3627 897 3682 circuibat.
918 3635 1017 3674 nec
1037 3617 1101 3670 ad
1125 3628 1304 3669 sanam
1327 3611 1504 3665 redire
1527 3615 1757 3660 mentem
1779 3599 2007 3654 volebat.
2030 3593 2198 3650 Nimia

620 3722 817 3790 quippe
847 3715 1113 3782 voluptate
1143 3718 1466 3766 succensus,
1498 3701 1552 3754 in
1582 3695 1844 3752 absurdos
1870 3705 2079 3745 amores
2111 3704 2202 3740 ne-

623 3809 857 3865 cessario
885 3803 1202 3875 perpellitur
1230 3817 1242 3852 :
1279 3807 1541 3861 nemoque
1569 3798 1684 3844 erat
1707 3803 1772 3843 ex
1809 3786 1875 3838 iis
1899 3783 1988 3853 qui
2015 3782 2065 3833 in
2093 3793 2206 3832 me-

625 3905 714 3956 dio
740 3869 1112 3955 versa-bantur,
1143 3890 1268 3959 quin
1300 3888 1415 3956 ejus
1445 3883 1670 3938 salutem
1690 3876 2016 3946 deploratam
2041 3869 2206 3924 habe-

629 4007 746 4056 ret;
780 3999 922 4043 tanta
961 3988 1105 4040 illum
1151 3977 1515 4036 circumdabat
1542 3974 1873 4028 adulatorum
1903 3967 2054 4022 turba
2075 4007 2089 4029 ,
2118 3963 2206 4016 cui

627 4083 951 4140 accedebant
977 4085 1254 4149 parentum
1277 4071 1497 4131 orbitas,
1513 4068 1765 4137 juventus
1781 4071 1836 4118 et
1855 4076 1983 4132 opes
2005 4060 2204 4113 multae.

627 4182 725 4249 Qui
759 4186 936 4232 autem
961 4172 1139 4226 omnia
1168 4167 1316 4221 facile
1345 4163 1518 4218 solent
1544 4156 1887 4219 calumniari,
1919 4151 2209 4222 reprehen-

627 4273 824 4327 debant
851 4282 943 4321 eos
963 4265 1052 4335 qui
1084 4262 1150 4314 ab
1181 4259 1330 4314 initio
1365 4256 1514 4310 illum
1544 4252 1609 4306 ad
1634 4252 1734 4304 hoc
1755 4249 1878 4302 vita:
1907 4258 2074 4314 genus
2100 4252 2209 4296 tra-

627 4365 938 4422 duxissent,
982 4333 1339 4418 dicebantque
1367 4362 1488 4400 eum
1519 4352 1572 4398 et
1609 4358 1636 4394 a
1678 4336 2040 4410 spiritualibus
2063 4333 2211 4386 defe-

628 4457 800 4515 cisse,
831 4460 888 4506 et
911 4448 988 4503 rei
1018 4443 1257 4498 familiari
1289 4449 1470 4509 postea
1499 4434 1737 4488 inutilem
1769 4429 1912 4493 fore,
1939 4443 2058 4481 eum
2089 4431 2213 4477 ante

628 4559 838 4615 tempus
863 4559 892 4596 a
916 4541 1188 4595 literarum
1217 4533 1393 4588 studio
1428 4528 1726 4589 resiliisset,
1755 4522 2060 4588 nullmnque
2091 4517 2214 4570 inde

631 4608 864 4696 fructum
887 4635 1176 4701 decerpere
1202 4625 1479 4696 potuisset.
1509 4621 1640 4674 Cum
1667 4616 1720 4670 bi
1753 4625 2031 4668 sermones
2053 4608 2216 4677 jacta-

638 4742 824 4789 rcntur
853 4727 1156 4792 multusque
1183 4722 1602 4784 consequeretur
1628 4708 1751 4763 inde
1779 4705 1971 4775 pudor,
1999 4701 2213 4771 quidam

633 4822 806 4879 sancti
851 4819 950 4872 viri
1000 4815 1093 4885 qui
1143 4819 1516 4879 smpenumero
1561 4802 1718 4856 talem
1767 4796 1998 4868 praedam
2041 4791 2216 4848 venali

635 4918 878 4975 fuerant,
911 4917 967 4961 et
1013 4901 1343 4973 experientia
1383 4895 1548 4966 probe
1593 4891 1924 4951 didicerant,
1981 4899 2046 4938 ne
2075 4883 2216 4938 circa

636 5012 755 5064 illos
805 5003 1018 5074 quidem
1067 4991 1460 5066 desperandum
1499 5001 1619 5042 esse
1656 4985 1758 5049 iis,
1801 4980 1890 5050 qui
1920 4977 2094 5032 divina
2122 4989 2217 5043 Spe

637 5107 761 5154 sum
791 5089 1036 5150 iustruvti
1057 5131 1072 5154 ,
1103 5065 1454 5141 observantes
1493 5091 1613 5132 eum
1657 5072 1870 5128 assidue
1889 5111 1904 5134 ,
1933 5069 1978 5123 si
2006 5065 2218 5138 quando

638 5192 882 5246 viderent
903 5187 954 5238 in
985 5182 1099 5236 foro
1121 5221 1138 5243 ,
1171 5174 1492 5231 accedebant
1513 5178 1568 5223 et
1593 5162 2050 5235 amplectebantur
2073 5173 2216 5213 eum.

645 5286 707 5338 Iit
731 5277 990 5352 principio
1017 5271 1230 5342 quidem
1265 5268 1351 5320 ille
1385 5280 1416 5319 e
1449 5260 1661 5317 sublimi
1691 5271 1830 5328 equo
1856 5261 2038 5308 vectus
2078 5253 2222 5321 ipsos

642 5343 983 5443 insequentes
1003 5365 1216 5432 oblique
1243 5355 1611 5424 alloquebatur
1635 5369 1649 5399 :
1681 5357 1822 5404 tanta
1850 5353 1966 5400 erat
1989 5343 2221 5413 primum

644 5438 971 5536 impudentia
1017 5453 1268 5510 hominis.
1323 5451 1394 5503 At
1435 5446 1512 5500 illi
1561 5438 1922 5496 misericordia
1961 5444 2016 5490 et
2040 5447 2224 5488 amore

647 5535 936 5619 commoti,
965 5546 1340 5606 contumeliam
1385 5535 1689 5608 hujusmodi
1719 5549 1822 5587 non
1851 5537 2130 5591 curantes,
2161 5540 2226 5579 co

647 5651 820 5707 solum
842 5641 1170 5716 spectabant,
1197 5645 1254 5691 ut
1272 5649 1464 5704 agnum
1491 5627 1628 5698 lupis
1648 5624 2052 5680 subtrahet-ent:
2084 5618 2223 5689 quod

714 5824 732 5860 ⁸
767 5829 896 5871 tinus
917 5816 1026 5869 cod.
1052 5822 1100 5865 ct
1123 5811 1259 5862 savii.
1280 5813 1326 5860 in
1346 5811 1580 5869 margine,
1607 5810 1647 5852 et
1673 5798 1862 5852 cii-indi.

1338 378 1394 433 S.
1433 369 1709 430 JOANNIS
1737 359 2213 424 CllliYSOSTOMl
2237 357 2552 415 ARCHIEP.
2595 357 3123 414 CONSTANTINOP.

3775 354 3882 410 304

2291 481 2346 524 et
2385 487 2480 541 per
2509 471 2815 540 patientiam
2865 469 3219 540 perfecerunt.
3266 469 3501 523 Tandem
3543 470 3687 523 enim
3731 470 3883 522 velut

2290 581 2352 618 ex
2377 565 2605 634 quadam
2632 565 2864 619 amentia
2891 579 3136 619 reversus
3159 606 3173 628 ,
3201 564 3267 618 de
3292 563 3501 617 assidua
3527 578 3719 617 eorum
3746 579 3880 615 cura

2287 659 2484 712 rubore
2513 657 2775 721 suﬂ‘usus,
2807 657 2850 710 si
2890 656 3103 726 quando
3141 659 3285 724 ipsos
3329 655 3512 725 procul
3552 654 3882 709 accedentes

2287 749 2513 815 videret,
2545 750 2722 802 statim
2748 749 2812 800 ab
2828 763 2966 817 equo
2984 749 3279 812 desiliebat,
3298 747 3652 816 demissisque
3677 746 3880 809 oculis,

2289 855 2473 894 eorum
2507 840 2704 893 monita
2737 854 2857 894 cum
2906 839 3120 892 silentio
3153 838 3432 900 audiebat,
3477 852 3541 890 ac
3583 851 3883 906 progressu

2289 932 2547 1001 temporis
2597 932 2856 1001 majorem
2917 931 3045 999 ipsis
3093 931 3446 985 reverentiam
3502 931 3884 1000 honoremque

2289 1024 2548 1077 exhibuit.
2580 1021 2774 1093 Sicque
2802 1023 2894 1077 Dei
2936 1022 3103 1092 gratia
3141 1021 3394 1093 paulatim
3436 1036 3556 1075 eum
3584 1021 3654 1073 ab
3683 1022 3880 1089 hujus-

2289 1114 2430 1168 tnodi
2475 1115 2676 1169 retibus
2728 1114 3030 1182 expeditum
3057 1155 3071 1178 ,
3117 1115 3351 1182 pristinae
3392 1113 3666 1167 solitudini
3712 1123 3884 1181 atque

2291 1207 2638 1277 philosophiae
2669 1206 3034 1261 reddiderunt.
3074 1205 3224 1260 Nunc
3253 1206 3465 1259 demum
3503 1214 3652 1258 tanto
3682 1205 3879 1273 splen-

2289 1301 2421 1357 dore
2446 1301 2624 1364 fulsit,
2654 1309 2711 1355 ut
2732 1301 2957 1369 pristina
2987 1299 3103 1369 ejus
3129 1300 3231 1352 vita
3258 1340 3272 1360 ,
3306 1299 3348 1352 si
3379 1308 3724 1368 comparetur
3753 1313 3880 1350 cum

2289 1410 2350 1447 ea
2381 1409 2482 1464 qua
2515 1403 2632 1462 post
2659 1393 2863 1462 lapsum
2893 1392 3121 1453 claruit,
3154 1389 3302 1444 nihili
3332 1389 3573 1444 habenda
3600 1391 3878 1444 videatur.

2290 1487 2423 1540 Cum
2447 1486 2588 1540 enim
2611 1485 2976 1554 experimento
3003 1483 3274 1538 didicisset
3293 1497 3410 1552 qua:
3431 1490 3573 1536 esset
3593 1481 3879 1546 illecebra,

2290 1580 2586 1649 absumptis
2606 1580 2657 1633 in
2683 1595 2971 1650 egenorum
2990 1594 3116 1633 usus
3137 1579 3375 1647 pecuniis
3397 1578 3663 1643 omnibus,
3688 1575 3882 1645 hujus-

2291 1671 2432 1724 modi
2458 1671 2601 1724 curis
2627 1670 2906 1738 expeditus
2925 1711 2939 1730 ,
2968 1684 3181 1723 onmem
3211 1667 3606 1722 insidiatoribus
3632 1668 3885 1736 praecidit

2291 1762 2626 1820 occasionem
2661 1781 2672 1815 :
2717 1770 2772 1816 et
2804 1776 2946 1815 nunc
2973 1761 3024 1814 in
3054 1761 3140 1815 illa
3161 1775 3277 1830 quae
3303 1759 3448 1813 ducit
3476 1759 3543 1813 ad
3567 1760 3763 1813 cmlum
3797 1760 3883 1811 via

2293 1867 2607 1922 progressus
2632 1853 2696 1907 ad
2727 1853 2936 1906 virtutis
2962 1853 3165 1920 apicem
3195 1853 3408 1906 demum
3441 1853 3704 1922 pervenit.

2364 1944 2670 2014 Exemplum
2703 1943 2867 1997 aliud.
2905 1973 2969 1984 —
3010 1945 3080 1997 At
3110 1943 3195 1997 ille
3223 1943 3436 2012 quidem
3460 1983 3474 2006 ,
3507 1943 3722 2012 juvenis
3751 1957 3882 1996 cum

2293 2047 2455 2102 esset,
2485 2037 2661 2104 lapsus
2687 2045 2767 2089 est
2809 2044 2863 2090 et
2899 2036 3127 2088 surrexit
3154 2054 3166 2089 :
3193 2035 3330 2088 alius
3358 2050 3485 2089 vero
3510 2033 3725 2104 quidam
3757 2045 3885 2103 post

2295 2129 2489 2182 multos
2533 2128 2583 2180 in
2621 2127 2726 2180 vita
2756 2125 3024 2180 eremitica
3056 2126 3276 2180 sudores
3297 2168 3311 2190 ,
3350 2141 3456 2180 uno
3484 2134 3688 2185 tantum
3727 2127 3885 2179 socio

2295 2223 2454 2276 vitam
2493 2221 2782 2290 angelicam
2833 2234 3117 2282 emensus,
3163 2234 3282 2272 cum
3307 2218 3417 2287 jam
3447 2217 3511 2271 ad
3542 2228 3882 2272 senectutem

2293 2314 2602 2378 accederet,
2635 2314 2814 2368 nescio
2838 2327 2942 2382 quo
2971 2322 3124 2382 pacto
3151 2322 3350 2366 satana:
3378 2313 3608 2366 versutia
3638 2311 3884 2366 circum-

2294 2416 2485 2461 ventus
2505 2447 2519 2471 ,
2564 2415 2617 2459 et
2642 2404 2781 2474 quod
2813 2405 3087 2459 remissius
3115 2412 3296 2474 ageret
3325 2404 3458 2458 dans
3486 2404 3688 2458 aditum
3719 2406 3882 2458 mali-

2292 2515 2427 2570 gno,
2481 2499 2532 2552 in
2573 2498 3056 2568 concupiscentiam
3093 2497 3372 2551 mulierum
3413 2496 3591 2566 lapsus
3631 2507 3754 2558 est,
3792 2498 3883 2565 qui

2288 2601 2473 2651 tamen
2496 2633 2511 2656 ,
2545 2607 2610 2645 ex
2640 2607 2744 2660 quo
2771 2591 3120 2644 monasticam
3141 2589 3301 2643 vitam
3331 2589 3554 2652 inierat,
3584 2605 3881 2658 numquam

2299 2687 2574 2740 mulierem
2604 2684 2825 2740 viderat.
2863 2683 2932 2737 Et
2969 2683 3140 2752 primo
3182 2681 3396 2751 quidem
3437 2681 3882 2736 contubernalem

2300 2777 2553 2847 rogabat,
2596 2776 2696 2831 sibi
2730 2790 2946 2830 carnem
2975 2783 3029 2828 et
3064 2774 3242 2828 vinum
3272 2773 3629 2835 ministraret,
3655 2773 3886 2841 adjectis

2300 2871 2457 2925 minis
2495 2885 2588 2937 se,
2620 2869 2720 2924 nisi
2751 2867 2803 2922 id
2830 2869 3176 2936 impetraret,
3204 2866 3258 2919 in
3289 2867 3458 2919 forum
3495 2864 3884 2919 descensurum

2301 2978 2441 3017 esse.
2474 2959 2626 3028 Quod
2659 2973 2762 3014 non
2791 2974 2856 3012 ex
2884 2957 3151 3012 desiderio
3179 2959 3416 3011 carnium
3443 2955 3671 3020 dicebat,
3706 2955 3802 3009 sed
3833 2966 3887 3008 ut

2302 3055 2426 3109 hinc
2462 3068 2643 3107 :msam
2672 3051 2932 3120 arriperet
2965 3050 3253 3104 descensus
3299 3048 3351 3101 in
3396 3047 3597 3101 urbem.
3633 3047 3729 3100 Ille
3757 3061 3890 3100 vero

2302 3148 2494 3202 anxius
2531 3160 2594 3200 ac
2634 3146 2826 3198 timens
2856 3158 2952 3208 ne,
2982 3141 3027 3196 si
3056 3141 3107 3196 id
3134 3141 3452 3210 denegaret,
3487 3140 3537 3193 in
3565 3140 3740 3208 majus
3780 3142 3890 3193 cri-

2304 3260 2426 3298 men
2453 3259 2573 3298 eum
2601 3241 2892 3309 conjiceret
2915 3278 2930 3302 ,
2963 3237 3080 3306 ejus
3106 3236 3306 3306 optatni
3350 3233 3557 3288 abunde
3599 3231 3890 3286 satisfecit.

2307 3337 2402 3390 llic
2443 3342 2618 3389 autem
2648 3343 2710 3387 ιιι
2744 3332 2876 3385 vidit
2917 3330 3110 3383 frustra
3141 3328 3370 3380 cessisse
3413 3324 3659 3379 callidum
3703 3324 3890 3376 consi-

2307 3431 2471 3492 lium,
2523 3425 2860 3496 impudentcr
2909 3423 3120 3478 demmn
3155 3435 3318 3491 agens
3361 3417 3756 3472 simulationem
3794 3415 3894 3468 de-

2306 3524 2466 3587 texit,
2517 3529 2572 3576 et
2617 3519 2752 3575 dixit
2792 3531 3014 3572 necesse
3045 3527 3261 3584 prorsus
3299 3525 3418 3566 esse
3455 3509 3552 3564 sibi
3597 3509 3651 3560 in
3700 3506 3893 3561 urbem

2309 3611 2594 3685 proficisci.
2644 3609 2745 3666 Ubi
2793 3619 2970 3661 autem
3023 3602 3400 3658 animadvertit
3441 3600 3531 3654 ille
3583 3612 3641 3652 se
3691 3597 3894 3651 frustra

2310 3705 2499 3770 olmiti,
2524 3701 2734 3757 tandem
2754 3699 2974 3763 dimisit,
2996 3706 3050 3752 et
3069 3694 3252 3764 procul
3275 3701 3528 3762 sequutus
3547 3689 3894 3751 observabat,

2309 3814 2410 3866 qua
2457 3795 2524 3850 de
2571 3809 2728 3849 causa
2773 3789 3141 3846 descenderet.
3187 3786 3286 3842 Ubi
3316 3785 3448 3839 vidit
3490 3784 3791 3852 ingressum
3844 3782 3896 3835 in

2314 3889 2554 3955 lupanar,
2582 3900 2780 3954 gnarus
2824 3898 2945 3938 eum
2973 3896 3093 3936 cum
3127 3886 3303 3934 scorto
3332 3892 3444 3930 rem
3483 3873 3733 3928 habuisse
3753 3914 3768 3938 ,
3804 3889 3898 3928 ex-

2311 3987 2602 4047 spectant;
2649 3985 2703 4030 et
2731 3984 3008 4044 postquam
3052 3971 3097 4024 is
3125 3967 3356 4023 absurdo
3392 3963 3655 4019 desaderio
3696 3963 3902 4032 potitus

2313 4085 2559 4141 egressus
2587 4077 2670 4124 est
2693 4109 2708 4134 ,
2752 4068 2956 4136 supinis
2993 4078 3114 4118 eum
3147 4059 3390 4114 manibus
3419 4056 3664 4126 excepit;
3697 4063 3749 4110 et
3776 4069 3897 4107 am-

2313 4165 2556 4233 plexatus
2584 4168 2929 4227 amanterqne
2957 4153 3326 4218 exosculatus,
3357 4149 3492 4204 nihil
3518 4148 3808 4217 objurgans
3830 4147 3901 4199 ob

2317 4256 2538 4317 facinus,
2557 4251 2777 4319 rogabat
2797 4257 3025 4311 tantum,
3042 4254 3098 4300 ut
3117 4255 3394 4315 postquam
3408 4239 3900 4308 concupiscentiam

2318 4361 2470 4400 soam
2501 4343 2843 4412 expleverat,
2891 4338 2944 4391 in
2983 4335 3284 4390 solitudinis
3307 4332 3628 4387 domicilium
3670 4328 3898 4383 rediret.

2320 4436 2413 4490 ille
2441 4450 2571 4488 vero
2598 4432 2667 4483 ob
2695 4441 2890 4483 tantam
2917 4425 3374 4481 mansuetudinem
3403 4421 3603 4491 pudore
3628 4419 3901 4482 suffusus,

2320 4529 2605 4595 animoque
2647 4524 2953 4594 perculsus,
3006 4527 3061 4573 et
3105 4519 3172 4572 de
3215 4517 3453 4571 facinore
3505 4520 3902 4580 compunctus.

2321 4621 2494 4690 ipsum
2550 4617 2603 4671 in
2659 4626 2893 4668 montem
2956 4619 3171 4666 euntem
3223 4606 3466 4676 sequitur
3519 4621 3531 4657 :
3587 4601 3675 4656 ubi
3727 4601 3904 4654 virum

2322 4719 2512 4782 ragat,
2558 4724 2617 4763 se
2666 4709 2716 4761 in
2765 4706 2932 4760 altera
2979 4703 3171 4757 cellula
3217 4697 3529 4757 concludat,
3576 4703 3631 4749 et
3669 4692 3909 4747 occlusis

2323 4800 2576 4858 domicilii
2639 4797 2842 4853 foribus
2881 4837 2895 4862 ,
2961 4794 3112 4848 statis
3173 4790 3362 4844 diebus
3425 4787 3526 4841 sibi
3590 4798 3784 4853 panem
3857 4789 3914 4834 et

2324 4908 2514 4964 aquam
2569 4889 2839 4959 pra-beat,
2894 4900 2957 4939 ac
3013 4880 3436 4952 perquirentibus
3487 4874 3815 4944 respondeat
3854 4888 3913 4926 se

2326 4985 2733 5040 obdormivisse.
2812 4976 3098 5033 Postulatis
3172 4971 3459 5026 assentitur
3525 4967 3752 5024 Socius:
3823 4965 3916 5020 ille

2327 5085 2505 5132 autem
2557 5073 2826 5134 inclusus,
2869 5067 3097 5122 assiduis
3137 5063 3354 5134 jejuniis
3393 5103 3408 5125 ,
3448 5059 3692 5130 precibus
3732 5065 3790 5110 et
3832 5057 3915 5110 la-

2330 5168 2528 5238 crymis
2548 5165 2740 5218 anima:
2761 5160 2945 5215 sordes
2968 5158 3271 5225 abstergere
3316 5151 3555 5206 curabat.
3579 5147 3696 5201 Non
3743 5147 3921 5200 multo

2333 5270 2507 5314 autem
2538 5257 2721 5324 elapso
2751 5261 2991 5320 tempore
3015 5288 3029 5311 ,
3059 5262 3178 5300 cum
3202 5242 3413 5297 siccitas
3451 5239 3722 5308 regionem
3750 5251 3917 5289 occu-

2332 5359 2514 5424 paret,
2541 5358 2832 5414 omnesque
2857 5340 3042 5395 incolae
3063 5339 3113 5391 in
3146 5348 3376 5390 moerere
3395 5331 3673 5400 degerent,
3695 5327 3922 5397 quidam

2333 5461 2428 5516 per
2453 5455 2698 5496 somnum
2723 5437 2904 5506 jussus
2937 5442 3018 5486 est
3043 5429 3190 5482 abire
3208 5438 3262 5480 et
3286 5425 3455 5478 virum
3473 5421 3619 5476 illum
3649 5419 3920 5472 inclusum

2335 5538 2617 5593 obsecrare
2637 5574 2651 5598 ,
2680 5539 2741 5584 ut
2762 5535 3063 5598 precaretur
3092 5533 3146 5576 et
3194 5518 3489 5575 siccitatem
3540 5513 3795 5566 auferret.
3833 5510 3925 5564 Ille

2337 5628 2553 5685 amicis‘
2583 5619 2959 5678 comitantibus
3010 5611 3361 5684 proficiscitur
3392 5625 3404 5660 :
3443 5605 3532 5676 qui
3571 5603 3747 5673 primo
3777 5603 3923 5654 illius

2405 5799 2417 5821 ε
2457 5797 2558 5846 Pro,
2585 5781 2772 5855 mnigis,
2795 5778 2993 5828 Saviiius
3011 5782 3060 5824 et
3082 5772 3177 5821 duo
3200 5777 3330 5826 11η..
3353 5765 3476 5816 aiis.
