4096 6392
174 390 277 443 505

174 505 353 556 αντίον
389 506 693 575 γενήσεται,
752 503 845 557 καὶ
873 507 903 575 ἡ
942 504 1040 575 μὲν
1067 505 1305 577 ἡμετέρα
1338 508 1566 577 αἰσχύνη
1598 511 1676 571 είς
1704 509 1849 560 ἐκεί-

174 599 298 645 νους
335 586 729 655 μεταστήσεται
760 586 1109 655 πᾶσα,ήμεῖς
1142 586 1278 639 δὲέν
1304 588 1585 657 παρρησία
1615 585 1850 655 ἐσόμεθα

174 662 364 733 πολλῇ,
402 662 539 733 μετά
568 664 811 727 πλείονος
867 663 1251 735 λαμπρότητος
1309 666 1741 735 στεφανούμενόν
1787 683 1847 718 σε

173 742 269 793 καὶ
296 743 805 814 ἀνακηρυττόμενον
862 743 1098 814 ὁρῶντες
1137 745 1319 797 πάλιν.
1378 745 1615 808 Μείζονα
1645 745 1753 814 γὰρ
1792 745 1850 797 αί

172 820 420 875 τοιαῦται
442 826 587 875 νῖκαι
612 823 836 895 φέρουσι
871 825 965 877 καὶ
994 825 1093 895 τὴν
1116 824 1465 894 εὐδοκίμησιν
1492 823 1585 876 καὶ
1605 824 1703 894 τὴν
1732 822 1852 894 ήδο-

172 902 442 971 νήν.υύδὲ
472 901 581 972 γάρ
607 915 630 943 ο
653 903 762 955 τῶν
792 903 1008 955 οἰκείων
1041 902 1484 975 κατορθωμάτων
1516 902 1673 973 μόνον
1703 900 1849 972 λήψῃ

171 979 265 1032 τὸν
294 981 505 1050 μισθὸν,
526 980 664 1035 ἀλλά
686 982 780 1034 καὶ
810 982 908 1052 τῆς
937 982 1141 1055 ἐτέρων
1190 981 1590 1053 παρακλήσεως
1619 982 1713 1033 καὶ
1751 998 1850 1033 πα-

173 1060 464 1131 ραμυθίας,
496 1060 798 1131 ὑπόδειγμα
838 1062 1091 1131 μέγιστον
1113 1063 1430 1131 ἐκκείμενος
1460 1061 1506 1125 ι),
1532 1060 1585 1112 εἴ
1610 1059 1739 1112 ποτέ
1765 1075 1850 1121 τις

172 1142 289 1201 τοῖς
319 1138 501 1203 αὐτοῖς
524 1142 831 1210 περιπέσοι,
887 1141 1025 1211 πρὸς
1070 1142 1131 1194 τὸ
1157 1141 1505 1211 διαναστῆναι
1564 1139 1724 1193 πάλιν
1757 1140 1850 1191 καὶ

174 1220 583 1290 ἀνακτήσασθαι
631 1223 837 1275 ἐαυτόν.
874 1223 964 1293 Μὴ
998 1222 1062 1292 δὴ
1092 1222 1282 1292 κέρδος
1319 1220 1551 1291 παρίδῃς
1572 1219 1847 1282 τοσοῦτον,

176 1301 310 1371 μηδέ
335 1301 652 1374 καταγάγῃς
681 1304 759 1364 είς
780 1302 904 1373 ᾅδου
942 1302 1080 1373 μετὰ
1105 1301 1282 1370 λύπης
1310 1301 1409 1363 τάς
1442 1301 1719 1370 ἡμετέρας
1743 1300 1847 1369 ψυ-

172 1381 295 1450 χὰς,
328 1380 463 1433 ἀλλά
494 1381 582 1445 δὸς
611 1384 745 1451 ἡμῖν
801 1382 1162 1443 ἀναπνεῦσαι,
1215 1381 1309 1433 καὶ
1343 1380 1403 1432 τὸ
1434 1379 1663 1449 κατέχον
1699 1380 1847 1448 ἡμᾶς

170 1459 258 1510 διὰ
286 1460 343 1511 σὲ
371 1461 471 1530 τῆς
498 1460 735 1531 ἀθυμίας
763 1462 1157 1515 ἀποτείσασθαι
1186 1460 1346 1527 νέφος
1380 1458 1494 1511 Νῦν
1522 1460 1621 1529 μὲν
1648 1457 1756 1529 γὰρ
1778 1458 1849 1510 τά

170 1540 347 1590 οἰκεῖα
382 1540 648 1610 παρέντες
691 1540 859 1600 κακά,
906 1540 1211 1611 θρηνοῦμεν
1271 1540 1369 1602 τὰς
1403 1539 1499 1602 σάς
1539 1539 1844 1609 συμφοράς’

173 1618 269 1668 ἐὰν
301 1617 357 1669 δὲ
383 1618 615 1691 θελήσῃς
643 1620 915 1690 ἀνανῆψαι
943 1622 1037 1673 καὶ
1089 1619 1396 1689 διαϐλέψαι,
1428 1619 1521 1671 καὶ
1553 1620 1654 1689 τῆς
1692 1636 1849 1689 στρα-

173 1697 293 1758 τιᾶς
322 1708 343 1734 ο
370 1698 722 1752 ἐπιλαϐέσθαι
749 1700 845 1769 τῆς
884 1700 1203 1771 ἀγγελικῆς,
1241 1699 1557 1753 καὶ-’τούτου
1590 1699 1682 1752 τοῦ
1717 1704 1848 1754 πέν-

174 1776 301 1837 θους
330 1778 660 1843 ἀπαλλάξεις
693 1782 860 1850 ἡμᾶς,
894 1781 1121 1834 καὶτῶν
1174 1783 1457 1853 ἡμετέρων
1516 1780 1849 1851 ἁμαρτημά-

170 1873 281 1908 των
309 1858 368 1910 τὸ
399 1858 557 1913 πλέον
611 1863 777 1930 ἀρεῖς.
836 1864 958 1916 Ὅτι
984 1863 1092 1934 γὰρ
1124 1862 1239 1917 ἔστι
1285 1869 1410 1926 τοὺς
1456 1865 1519 1916 ἐκ
1560 1863 1849 1931 μετανοίας

174 1938 335 1990 πάλιν
360 1941 752 2006 ἐπανελθόντας
781 1943 990 2014 λάμψαι
1024 1945 1164 2014 μέγα
1185 1945 1278 1997 καὶ
1313 1943 1558 2014 φαιδρὸν,
1576 1944 1667 1995 καὶ
1689 1943 1848 1996 πλέον

175 2018 435 2083 πολλάκις
462 2021 571 2074 τῶν
600 2023 733 2092 μηδὲ
763 2026 1040 2078 πεσόντων
1069 2024 1095 2063 ἀ
1127 2025 1224 2096 τὴν
1256 2026 1453 2096 ἀρχὴν,
1487 2023 1848 2093 ἀπεδείξαμεν

174 2098 270 2151 καὶ
298 2100 405 2152 ἀπὸ
424 2101 532 2153 τῶν
560 2101 717 2156 θείων
749 2105 788 2155 Γ
794 2105 1001 2176 ραφῶν.
1046 2105 1203 2158 Οῦτω
1227 2107 1356 2174 γοῦν
1416 2105 1510 2158 καὶ
1538 2106 1588 2157 οἱ
1616 2104 1847 2156 τελῶναι

174 2180 269 2231 καὶ
299 2181 354 2233 αἱ
384 2182 578 2254 πόρναι
597 2183 693 2255 τῆν
722 2184 995 2254 βασιλείαν
1008 2186 1116 2239 τῶν
1141 2186 1384 2257 οὐρανῶν
1400 2183 1846 2256 κληρονομοῦσιν,

172 2258 234 2310 οῦ
242 2277 315 2311 τω
329 2263 511 2315 πολλοὶ
524 2262 632 2316 τῶν
643 2263 889 2333 ἐσχάτων
901 2265 1008 2318 τῶν
1023 2266 1253 2336 πρῶτων
1265 2265 1576 2337 ἔμπροσθεν
1586 2282 1614 2316 τ
1626 2263 1845 2337 ίθενται.

248 2338 330 2400 ιζ’.
352 2341 491 2411 Ἐρῶ
508 2341 565 2394 δέ
596 2359 676 2395 σοι
698 2344 790 2395 καὶ
818 2344 885 2397 τὰ
902 2344 985 2413 ἐφ’
1009 2344 1160 2415 ήμῶν
1180 2336 1647 2415 γεγενηίιέναλκαὶ
1671 2336 1744 2395 ὧν
1758 2342 1853 2394 δυ-

173 2418 308 2488 νήσῃ
332 2420 584 2485 γενέσθαι
609 2423 820 2494 μάρτυς
838 2424 1017 2489 αὑτός.
1044 2420 1215 2478 υἷσθά
1240 2442 1342 2477 που
1378 2434 1401 2462 ο
1436 2423 1528 2476 τὸν
1564 2424 1681 2475 νέον
1711 2424 1850 2475 ἐκεῖ-

175 2514 263 2549 νον
289 2499 380 2549 τὸν
403 2502 683 2570 Οὑρὸανοῦ
704 2504 888 2570 παῖδα,
909 2505 1001 2557 τὸν
1027 2504 1269 2567 Φοίνικα,
1296 2504 1388 2558 τὸν
1414 2506 1470 2556 ἐν
1498 2502 1732 2574 ὀρφανίᾳ
1753 2503 1850 2573 μὲν

174 2578 605 2648 καταλειφθέντα
640 2583 823 2653 ἀώρῳ,
866 2584 1053 2655 κύριον
1090 2584 1149 2636 δέ
1175 2582 1384 2637 πολλῶν
1414 2584 1713 2653 χρημάτων
1758 2584 1852 2635 καὶ

172 2659 399 2712 οἰκετῶν
445 2663 735 2732 γενόμενον
774 2667 868 2717 καὶ
900 2665 1106 2738 ἀγρῶν.
1158 2658 1326 2728 Οὗτος
1378 2664 1441 2716 τὸ
1496 2663 1595 2734 μὲν
1641 2662 1852 2734 πρῶτον

174 2738 449 2811 ἐρρῶσθαι
506 2743 677 2797 πολλά
743 2749 863 2808 ταῖς
922 2748 981 2799 ἐν
1034 2748 1146 2809 τοῖς
1214 2743 1488 2815 μουσείοις
1549 2742 1854 2814 διατριϐαῖς

175 2820 369 2889 εἰπὼν,
398 2824 490 2875 καὶ
536 2823 635 2892 τὴν
674 2823 932 2895 λαμπρὰν
982 2824 1197 2894 ἐκείνην
1220 2823 1484 2895 ἀμφίασιν
1530 2823 1721 2892 ἀφεὶς,
1761 2827 1855 2878 καὶ

174 2905 269 2956 τὸν
337 2903 503 2972 τῦφον
565 2906 779 2959 ἅπαντα
830 2906 923 2959 τόν
976 2905 1260 2977 βιωτικὸν,
1326 2905 1584 2976 ἐξαίφνης
1642 2905 1853 2975 ἱμάτιον

176 2985 392 3049 εὐτελὲς
443 2988 821 3058 περιθέμενος,
877 2987 971 3040 καὶ
1035 2986 1173 3056 πρὸς
1233 2986 1333 3057 τὴν
1393 2989 1450 3039 ἐν
1498 2990 1612 3049 τοῖς
1669 2986 1853 3056 ὄρεσιν

175 3067 409 3139 ἐρημίαν
457 3069 839 3139 ἀναχωρήσας,
887 3067 1083 3138 πολλὴν
1138 3066 1451 3130 ἐπεδείξατο
1492 3065 1590 3137 τὴν
1639 3066 1855 3135 φιλοσο-

178 3148 329 3215 φίαν,
362 3148 421 3200 οῦ
449 3148 588 3200 κατά
612 3148 709 3217 τὴν
740 3146 954 3216 ἡλικίαν
990 3147 1149 3218 μόνον
1171 3146 1216 3208 τ,
1246 3146 1360 3199 ἀλλ’
1388 3147 1520 3215 ὅσην
1551 3144 1615 3198 ἄν
1636 3163 1721 3208 τις
1746 3147 1855 3199 τῶν

182 3227 431 3296 μεγάλων
448 3227 541 3279 καὶ
571 3226 901 3296 θαυμαστῶν
922 3225 1152 3297 ἀνδρῶν.
1173 3225 1328 3278 Μετὰ
1354 3225 1411 3277 δέ
1438 3224 1609 3277 ταῦτα
1639 3226 1732 3278 καὶ
1755 3225 1855 3295 τῆς

182 3308 334 3377 ἱερᾶς
365 3304 471 3357 τῶν
509 3306 824 3377 μυστηρίων
853 3305 1075 3376 τελετῆς
1114 3305 1367 3369 ἀξιωθεὶς
1390 3344 1403 3367 ,
1439 3304 1618 3374 πολλῴ
1656 3305 1856 3374 μᾶλλον

181 3385 425 3440 ἐπεδίδου
460 3387 597 3456 πρὸς
626 3388 847 3457 ἀρετήν.
869 3386 980 3438 Καὶ
1006 3386 1206 3449 πάντες
1233 3385 1468 3456 ἔχαιρον,
1494 3385 1587 3437 καὶ
1609 3384 1856 3450 ἐδόξαζον

179 3468 271 3519 τὸν
302 3466 454 3530 Θεὸν,
510 3468 591 3520 ὅτι
625 3468 720 3520 καὶ
755 3470 813 3520 ἐν
848 3466 1062 3536 πλούτῳ
1088 3466 1318 3535 τραφεὶς
1346 3468 1392 3529 Β,
1432 3464 1528 3518 καὶ
1558 3465 1857 3535 προγόνους

181 3548 321 3617 ἔχων
347 3547 651 3618 λαμπροὺς,
690 3546 783 3600 καὶ
819 3546 1023 3616 σφόδρα
1057 3545 1136 3598 ἐτι
1168 3545 1287 3608 νέος
1325 3543 1422 3608 ῶν,
1456 3544 1719 3614 ἐξαίφνης
1751 3547 1857 3598 πᾶ-

184 3646 283 3681 σαν
314 3630 412 3698 τὴν
447 3626 748 3697 φαντασίαν
771 3626 865 3679 τοῦ
892 3627 1007 3696 βίου
1038 3626 1457 3695 καταπατήσας,
1489 3625 1627 3695 πρὸς
1646 3623 1706 3675 τὸ
1725 3622 1857 3693 i394»);

181 3708 455 3777 ἀνέδραμε
506 3706 567 3758 τὸ
610 3706 885 3777 ἀληθινόν.
931 3706 1019 3757 Ἐν
1072 3705 1247 3775 τούτῳ
1288 3704 1347 3755 δέ
1387 3704 1548 3756 αὑτὸν
1596 3705 1725 3756 ὄντα
1763 3706 1858 3758 καὶ

183 3786 617 3856 θαυμαζόμενον,
654 3785 843 3855 φθόροι
864 3784 1006 3847 τινές
1035 3783 1226 3854 ἄνδρες
1258 3784 1400 3836 κατὰ
1421 3784 1510 3836 τὸν
1533 3786 1630 3853 τῆς
1662 3800 1859 3851 συγγε-

183 3867 330 3928 νείας
357 3865 778 3927 ἐπισκοποῦντες
820 3865 1004 3933 νόμον,
1032 3858 1188 3925 αὖθις
1221 3864 1312 3914 ἐπὶ
1333 3862 1423 3914 τὸν
1447 3862 1711 3932 πρότερον
1735 3862 1860 3915 κλύ-

183 3946 325 3999 δωνα
357 3945 720 4015 ἐπανήγαγον.
762 3945 871 3997 Καὶ
906 3943 1083 3995 πάντα
1120 3941 1286 4013 ῥίψας
1319 3943 1521 4003 ἐκεῖνα,
1558 3944 1717 3996 πάλιν
1750 3944 1858 3996 ἀπὸ

186 4023 294 4077 τῶν
335 4026 505 4095 ὀρέων
552 4026 628 4086 εἰς
676 4022 848 4093 μέσην
895 4021 1096 4081 εὐθέως
1129 4020 1334 4090 κατέϐη
1378 4021 1475 4092 τὴν
1504 4023 1732 4093 ἀγορὰν,
1763 4023 1858 4077 καὶ

186 4105 338 4174 ἵππῳ
362 4103 477 4175 [‘29]
498 4105 808 4173 ὀχούμενος,
831 4101 924 4153 καὶ¹
945 4100 1271 4162 ἀκολούθους
1291 4100 1427 4168 ἔχων
1448 4102 1695 4165 πολλοὺς,
1717 4102 1859 4154 οὑτω

186 4186 401 4256 περιῄει
448 4185 545 4254 τὴν
583 4183 733 4235 πόλιν
769 4180 1011 4243 ἃπασαν,
1054 4182 1149 4233 καὶ
1182 4180 1301 4231 οἱ,δέ
1343 4183 1637 4250 σωφρονεῖν
1677 4180 1858 4234 λοιπὸν

183 4265 393 4335 ῆθελεν.
446 4263 584 4315 Ὑπὸ
608 4264 717 4331 γὰρ
753 4263 851 4331 τῆς
888 4260 1091 4329 πολλῆς
1120 4260 1473 4329 ἐκκαιόμενος
1502 4261 1733 4329 τρυφῆς,
1766 4262 1859 4314 καὶ

183 4347 265 4407 εἰς
300 4344 509 4414 ἔρωτας
538 4343 773 4405 ἀτόπους
818 4341 1113 4411 ἐμπίπτειν
1145 4339 1485 4408 ἠναγκάζετο
1504 4380 1518 4403 ,
1560 4343 1654 4394 καὶ
1684 4341 1859 4405 οὐδεὶς

182 4420 251 4495 ἦν
279 4424 388 4476 τῶν
432 4427 489 4476 ἐν
516 4422 666 4493 μέσῳ
702 4422 1105 4493 στρεφομένων,
1146 4422 1292 4483 ὅστις
1318 4423 1415 4490 τὴν
1450 4422 1723 4491 σωτηρίαν
1758 4423 1860 4475 οὐκ

184 4505 529 4576 ἀπηγόρευσε
560 4504 662 4573 τὴν
703 4503 915 4555 ἐκείνου
936 4519 949 4532 ·
984 4501 1237 4565 τοσοῦτος
1264 4503 1426 4553 αὑτὸν
1453 4505 1665 4572 συνεῖχε
1696 4502 1860 4557 κολά-

184 4603 297 4638 κων
326 4583 510 4653 ἐσμὸς,
535 4585 629 4635 καὶ
650 4585 857 4653 προσῆν
878 4582 1108 4653 ὀρφανία
1129 4583 1155 4621 ιι
1182 4583 1276 4635 καὶ
1304 4583 1490 4651 νεότης
1513 4584 1606 4634 καὶ
1634 4583 1862 4647 πλοῦτος

185 4665 376 4727 πολύς.
415 4664 523 4716 Καὶ
550 4664 601 4715 οἱ
632 4667 700 4716 τὰ
743 4664 920 4717 πάντα
946 4662 1181 4725 εὐκόλως
1217 4664 1579 4733 μεμφόμενοι,
1610 4663 1718 4716 τῶν
1768 4666 1862 4717 ἐπὶ

182 4744 343 4797 τοῦτο
380 4744 479 4814 τὴν
527 4744 701 4814 ἀρχὴν
736 4743 1052 4810 ἀγαγόντων
1092 4742 1253 4794 αὐτὸν
1296 4743 1635 4813 κατηγόρουν
1678 4743 1863 4811 λέγον-

183 4842 297 4889 τες,
334 4824 416 4877 ὅτι
452 4825 545 4877 καὶ
579 4824 687 4877 τῶν
718 4822 1104 4893 πνευματικῶν
1132 4823 1424 4893 διήμαρτε,
1459 4822 1554 4875 καὶ
1595 4823 1713 4876 οὐδὲ
1752 4826 1863 4887 τοῖς

185 4903 351 4958 αὐτοῦ
392 4905 679 4976 πράγμασι
713 4905 981 4974 χρήσιμος
1020 4903 1173 4955 ἐσται
1202 4902 1407 4964 λοιπὸν,
1437 4903 1543 4973 πρὸ
1578 4902 1729 4974 ὥρας
1755 4904 1862 4957 τῶν

186 4986 316 5055 περὶ
343 4984 535 5053 λόγους
554 4985 735 5038 πόνων
762 4984 1141 5054 ἀποπηδήσας.
1176 4982 1269 5035 καὶ
1296 4982 1461 5053 μηδὲν
1489 4983 1697 5036 ἐκεῖθεν
1726 5000 1863 5054 καρ-

185 5062 471 5117 πώσασθαι
513 5064 782 5135 δυνηθείς.
822 5063 1039 5117 Τούτων
1077 5062 1134 5115 δέ
1178 5061 1487 5132 λεγομένων
1532 5065 1625 5117 καὶ
1664 5063 1863 5135 πολλῆς

183 5144 284 5215 τῆς
317 5144 581 5215 αἰσχύνης
613 5142 809 5215 οὔσης,
847 5143 992 5213 ἆγιοί
1025 5145 1039 5183 i
1075 5159 1219 5205 τινες
1250 5142 1441 5214 ἀνδρες
1480 5145 1572 5197 καὶ
1602 5143 1864 5208 πολλάκις

252 5302 277 5328 ⁸
298 5301 411 5349 Cod.
442 5314 567 5349 unus
590 5301 643 5348 οὑ
666 5300 839 5349 τοίνυν.

248 5360 277 5400 1)
307 5360 552 5428 rSicAyele
572 5362 707 5419 Sam.
723 5369 776 5411 et
797 5376 909 5428 mox
930 5364 1196 5426 περιπέσοι,
1212 5376 1298 5428 pro
1319 5363 1581 5425 ἐγκείμενος
1603 5370 1649 5411 el
1672 5368 1865 5428 περιπέ-

187 5438 270 5485 σῃ.
291 5426 369 5471 ΑΙ.
394 5422 460 5471 ib.
478 5425 559 5471 καὶ
592 5426 906 5534 παὲαμυθίας,
931 5422 1203 5495 προτροπῆς
1220 5422 1482 5486 ὑπόδειγμα
1632 5422 1859 5489 κείμενος.

253 5488 273 5515 ε
303 5484 438 5533 Unus
466 5486 572 5533 cod.
600 5494 653 5535 el
690 5487 822 5535 ‘avnl.
849 5488 899 5534 in
926 5497 1143 5535 manune
1166 5487 1353 5535 καὶτῆς
1372 5490 1627 5535 πολιτειαε.

253 5499 273 5515 ι
306 5499 438 5533 unus
466 5499 572 5533 σου.
600 5499 822 5535 ειδιινιι.
849 5499 899 5534 ιη
926 5499 1143 5547 margine
1166 5499 1247 5533 και
1269 5499 1353 5546 τῆς
1372 5499 1627 5543 πολιτειας.

250 5545 278 5584 σι
301 5546 451 5594 Savil.
480 5553 533 5595 et
558 5561 685 5596 unus
702 5548 809 5596 cod.
839 5549 1036 5605 μηδέπω
1067 5549 1328 5595 πεσόντων.

250 5565 278 5584 τι
301 5565 451 5594 δυνιι.
480 5565 533 5595 Cl.
558 5565 685 5596 unus
702 5565 809 5596 €00.
872 5565 1036 5605 ηοεπω
1067 5565 1155 5594 πεσ

247 5609 493 5677 ζᾼ-Ιὶιιροι
508 5622 622 5677 mss.
648 5610 785 5677 οἶσθα
808 5565 925 5677 οἷν.-
996 5673 1009 5677 _
1130 5666 1155 5677 _

256 5667 275 5734 Ῐ
302 5667 458 5734 ξείνη.
487 5676 541 5718 ει
568 5685 694 5719 unus
718 5672 861 5734 μόνον
876 5672 963 5729 τήν
989 5667 1179 5719 ἑαυτοῦ.

254 5729 428 5798 ε-Ττεσ
467 5746 583 5798 ms_s.
633 5734 679 5781 ἐν
703 5729 898 5798 πλούτῳ
942 5735 1119 5796 μᾶλλον
1153 5734 1357 5798 τραφείς.
1388 5734 1628 5798 Sam,“
1672 5749 1799 5783 unus
1819 5738 1866 5785 ἐν

188 5793 379 5861 πλούτῳ
401 5795 564 5861 πολλῷ
582 5796 785 5861 τραφείς.
816 5793 986 5861 Μοτσι.
1012 5793 1352 5861 elAunu'sLéQd.
1382 5796 1428 5843 ἐν
1446 5797 1637 5859 πλούτῳ
1658 5800 1863 5861 τραφείς.

191 5854 300 5920 Μρῐ
323 5854 478 5920 ξενίη.
504 5862 555 5904 et
576 5854 762 5917 al'iqiml
784 5870 897 5904 mss.
924 5859 1009 5916 ῶν,
1032 5858 1182 5920 οὕτως
1208 5858 1435 5920 ἐξαίφνης.

255 5914 674 5989 Ιξςαῇίλευηυᾲ
700 5914 1079 5989 καὶπροσηντῇ
1126 5919 1229 5981 ὀρφ.
1277 5914 1397 5969 Ibid.
1445 5919 1594 5969 Savil.
1641 5928 1694 5971 el
1742 5935 1868 5971 unus

191 5980 299 6027 cod.
322 5979 482 6031 πολύς.
510 5981 569 6027 Οἱ
596 5980 748 6027 τοίνυν
770 5979 847 6028 τάς

260 6042 277 6079 1
313 6040 447 6088 Lnus
472 6042 623 6090 codex
652 6043 877 6107 αἰσχύνης
903 6047 1290 6109 καταχρωμένης,
1344 6045 1486 6108 ἅγιοι.
1535 6044 1658 6095 Infra
1707 6045 1839 6096 Savil

1407 391 1496 444 AD
1538 391 1968 448 THEODORUM
2010 393 2311 451 LAPSUM.
2354 395 2394 448 1.

3522 390 3626 446 3θᾶ

1956 509 2213 579 τοιαύτης
2244 510 2417 581 θήρας
2444 510 2811 581 ἐπιτυχόντες,
2846 512 2939 563 καὶ
2961 510 3046 563 διὰ
3076 507 3177 576 τῆς
3205 507 3397 576 πείρας
3434 504 3635 575 μαθόνι

1956 605 2046 651 τες
2076 589 2261 651 καλῶς
2281 632 2294 653 ,
2340 590 2423 641 ὃτι
2455 590 2609 642 οὐδὲν
2652 588 2761 642 τῶν
2806 591 3062 643 τοιούτων
3094 586 3491 654 ἀπογινώσκειν
3525 586 3633 655 χρὴ

1952 672 2074 731 ταῖς
2104 670 2183 730 εἰς
2217 668 2306 720 τὸν
2340 668 2472 721 Θεὸν
2504 668 2897 738 ὀπλιζομένους
2928 668 3139 728 ἐλπίσι,
3185 663 3635 736 παρατηροῦντες

1951 747 2116 799 αὑτὸν
2157 747 2394 817 συνεχῶς
2416 787 2429 810 ,
2464 748 2515 799 εῐ
2548 764 2678 801 ποτε
2708 742 2846 799 εἶδον
2882 747 3121 815 φανέντα
3152 749 3243 796 ἐπὶ
3276 745 3372 814 τῆς
3403 743 3631 813 ἀγορᾶς,

1953 825 2047 878 καὶ
2080 828 2392 897 προσῄεσαν
2420 826 2514 878 καὶ
2540 825 2871 896 ἠσπάζοντο.
2904 828 3014 878 Καὶ
3040 826 3101 877 τὸ
3134 826 3229 895 μὲν
3254 824 3471 895 πρῶτον
3500 823 3638 875 ἄνω-

1953 902 2045 957 θεν
2088 907 2271 969 αὑτοῖς
2317 908 2523 967 ἐκεῖνος
2562 906 2670 957 ἀπὸ
2707 904 2803 956 τοῦ
2840 904 3005 958 ἵππου
3038 900 3535 974 παρακολουθοῦσιν
3569 900 3635 950 ἐκ

1956 984 2202 1054 πλαγίων
2225 984 2499 1053 διελέγετο
2515 1000 2528 1013 ·
2560 983 2799 1053 τοσαύτη
2824 986 3073 1053 κατεῖχεν
3104 983 3264 1036 αὐτὸν
3283 978 3637 1049 ἀναισχυντία

1950 1066 2050 1136 τὴν
2091 1067 2288 1137 ἀρχήν.
2333 1067 2397 1117 Ol
2428 1064 2485 1116 δὲ
2534 1064 2895 1134 εὔσπλαγχνοι
2939 1067 3031 1117 καὶ
3082 1063 3397 1133 φιλόπαιδες
3434 1062 3637 1113 ἐκεῖνοι

1951 1145 2155 1199 τούτων
2203 1145 2301 1216 μὲν
2334 1143 2632 1216 ᾐσχύνοντο
2673 1144 2848 1209 οὐδὲν,
2886 1144 2966 1206 είς
3011 1143 3068 1195 ἓν
3107 1144 3163 1196 δέ
3222 1143 3383 1213 μόνον
3420 1141 3631 1210 ἐώρων,

1949 1225 2097 1288 ὅπως
2122 1225 2232 1278 τῶν
2260 1225 2441 1278 λύκων
2473 1224 2534 1278 τὸ
2558 1224 2745 1295 ἀρνίον
2779 1224 3174 1277 ἀποσπάσωσιν
3197 1240 3209 1254 ’
3255 1224 3391 1292 ὅπερ
3420 1217 3512 1274 οὖν
3540 1220 3638 1272 καὶ

1949 1302 2038 1355 διά
2066 1304 2164 1374 τῆς
2196 1304 2489 1375 καρτερίας
2512 1305 2735 1375 ἤνυσαν.
2762 1304 3028 1373 ’Ὑστερον
3058 1302 3165 1375 γὰρ
3188 1302 3375 1372 ὥσπερ
3402 1300 3464 1353 ἐκ
3492 1316 3637 1360 τινος

1953 1384 2337 1454 παραπληξίας
2366 1387 2422 1435 ἐν
2455 1382 2634 1453 ἐαυτῷ
2665 1383 2957 1453 γενόμενος
2986 1384 3215 1446 ἐκεῖνος,
3253 1382 3345 1434 καὶ
3372 1382 3472 1450 τὴν
3503 1378 3636 1431 πολ-

1950 1461 2047 1532 λὴν
2070 1464 2248 1516 αὐτῶν
2277 1462 2633 1534 προσεδρείαν
2660 1463 3010 1534 ἐρυθριάσας,
3041 1461 3095 1513 εἴ
3122 1480 3249 1513 ποτε
3276 1461 3471 1521 αὐτοὺς
3497 1457 3634 1529 πόρ-

1952 1542 2125 1614 ρωθεν
2149 1545 2473 1614 προσιόντας
2504 1539 2663 1604 εἶδεν,
2699 1542 2986 1613 ἀπεπήδαὶ
3025 1560 3081 1596 τε
3115 1544 3335 1605 εὐθέως,
3367 1541 3461 1593 καλ⁵
3484 1539 3641 1592 κάτω

1950 1623 2124 1677 νεύων
2153 1623 2296 1677 οὕτω
2320 1624 2461 1694 μετά
2484 1624 2642 1694 σιγῆς
2666 1624 2734 1676 τὰ
2766 1627 2896 1695 παρ’
2920 1624 3143 1677 ἐκείνων
3167 1627 3362 1694 ἤκουεν
3397 1623 3633 1682 ἅπαντα,

1953 1703 2047 1755 καὶ
2074 1701 2279 1774 προῖὼν
2305 1703 2527 1755 πλείονα
2546 1703 2645 1773 τὴν
2668 1705 2806 1773 πρὸς
2823 1705 3022 1767 αὑτοὺς
3041 1704 3173 1755 αἰδῶ
3223 1704 3316 1754 καὶ
3349 1702 3514 1771 τιμὴν
3537 1702 3640 1752 ἐπ-

1953 1781 2249 1837 εδείκνυτο,
2295 1785 2403 1835 Καὶ
2450 1782 2623 1846 οὑτως
2651 1784 2814 1837 αὑτὸν
2854 1785 2995 1838 κατὰ
3042 1784 3234 1854 μικρὸν
3266 1786 3331 1853 τῇ
3371 1782 3462 1835 τοῦ
3498 1780 3639 1833 Θεοῦ

1952 1861 2135 1932 χάριτι
2172 1864 2387 1916 πάντων
2431 1864 2658 1918 ἐκείνων
2701 1864 3090 1930 ἐξελκύσαντες
3124 1866 3231 1917 τῶν
3270 1862 3521 1927 δικτύων,
3567 1865 3633 1932 τῇ

1953 1941 2196 2013 προτέρᾳ
2237 1942 2402 1995 πάλιν
2448 1942 2654 2014 ἐρημίᾳ
2703 1945 2796 1997 καὶ
2824 1944 3112 2015 φιλοσοφίᾳ
3150 1944 3493 2013 παρέδωκαν.
3528 1941 3637 1993 Καὶ

1953 2021 2045 2072 ἐπὶ
2089 2021 2342 2075 τοσοῦτον
2369 2022 2577 2092 ἔλαμψε
2606 2022 2721 2086 νῦν,
2760 2024 2834 2087 ῶς
2861 2023 2952 2076 τόν
2987 2025 3248 2093 πρότερον
3280 2020 3444 2074 αὑτοῦ
3477 2020 3589 2090 βίον
3610 2019 3633 2057 υ

1953 2100 2031 2170 τῷ
2077 2102 2214 2170 μετά
2243 2103 2343 2172 τὴν
2367 2102 2640 2155 ἔκπτωσιν
2674 2104 3154 2174 παραϐαλλόμενον
3189 2103 3353 2172 μηδὲν
3383 2096 3523 2153 εἶναι
3551 2098 3637 2150 δο-

1954 2185 2091 2235 κεῖν.
2121 2182 2359 2235 Συνιδὼν
2386 2182 2494 2251 γὰρ
2521 2184 2629 2235 ἀπὸ
2654 2184 2751 2251 τῆς
2780 2184 2975 2253 πείρας
3002 2182 3180 2244 καλῶς
3214 2182 3274 2233 τὸ
3302 2182 3514 2251 δέλεαρ.
3543 2179 3645 2230 καὶ

1955 2263 2132 2316 πάντα
2150 2264 2227 2326 είς
2245 2265 2372 2325 τοὺς
2399 2264 2689 2333 δεομένους
2710 2264 2993 2325 ἀναλώσας
3018 2264 3107 2315 τὸν
3133 2262 3380 2317 πλοῦτον.
3409 2261 3504 2314 καὶ
3527 2260 3637 2310 τῶν

1956 2345 2253 2413 φροντίδων
2284 2344 2564 2409 ἀπολύσας
2592 2345 2785 2398 ἐαυτὸν
2816 2346 3059 2403 ἐκείνων,
3096 2346 3275 2396 πᾶσαν
3314 2346 3422 2404 τοῖς
3449 2339 3635 2410 βουλο-

1959 2424 2139 2493 μένοις
2165 2425 2539 2479 ἐπιϐουλεύειν
2565 2427 2789 2495 ἐξέκοψε
2826 2429 2923 2495 τὴν
2951 2427 3221 2497 πρόφασιν
3241 2442 3253 2454 ³
3287 2424 3381 2478 καὶ
3414 2423 3508 2475 νῦν
3538 2421 3641 2489 τὴν

1955 2505 2048 2556 ἐπὶ
2070 2505 2160 2558 τὸν
2182 2506 2410 2577 οὐρανὸν
2444 2506 2672 2576 βαδίζων
2700 2508 2841 2564 ὁδὸν.
2874 2509 3012 2577 πρὸς
3031 2508 3161 2559 αὐτὸ
3189 2506 3372 2559 λοιπὸν
3395 2503 3456 2557 τὸ
3484 2503 3637 2564 τέλος

1955 2583 2157 2652 ἔφθασε
2184 2587 2282 2656 τῆς
2315 2587 2538 2658 ἀρετῆς.
2559 2587 2696 2639 Ἀλλ’
2716 2583 2870 2651 οὗτος
2903 2588 2999 2658 μὲν
3023 2587 3099 2640 ἐτι
3128 2588 3246 2649 νέος
3274 2584 3347 2637 ῶν
3367 2585 3457 2636 καὶ
3500 2600 3635 2635 κατ-

1956 2664 2121 2716 έπεσε
2166 2666 2259 2718 καὶ
2288 2666 2509 2735 ἀνέστη·
2536 2666 2721 2735 ἐτερος
2745 2666 2801 2717 δέ
2824 2683 2907 2728 τις
2932 2666 3068 2735 μετά
3090 2666 3215 2727 τοὺς
3238 2663 3465 2725 πολλοὺς
3488 2659 3639 2730 ἱδρῶ·

1956 2761 2074 2806 τας,
2101 2742 2192 2807 οὓς
2221 2745 2278 2797 ἐν
2306 2747 2425 2808 ’ταῖς
2449 2744 2706 2817 ἐρημίαις
2734 2745 3023 2815 διατρίϐων
3045 2745 3295 2815 ῆνεγκεν,
3330 2743 3424 2796 ’ένα
3458 2739 3637 2793 σύνοι-

1958 2841 2050 2875 κον
2085 2822 2223 2893 έχων
2259 2825 2437 2893 μόνον,
2486 2827 2580 2879 καὶ
2623 2824 2913 2893 ἀγγελικόν
2966 2824 3077 2893 βίον
3121 2824 3301 2893 βιοὺς,
3349 2821 3443 2873 καὶ
3500 2819 3639 2889 πρὸς

1956 2904 2131 2972 γῆρας
2162 2902 2400 2957 ἐλαύνων
2430 2903 2637 2965 λοιπὸν,
2665 2905 2765 2957 οὐκ
2794 2900 2907 2956 οἶδα
2935 2904 3052 2965 πῶς
3084 2904 3186 2956 ὑπὸ
3225 2901 3517 2968 σατανικῆς
3555 2916 3636 2950 τι-

1957 3003 2046 3048 νος
2088 2986 2463 3057 περιστάσεως
2492 2985 2711 3040 καὶτοῦ
2759 2986 3128 3050 ἀπονυστάξαι
3170 2985 3364 3055 μικρὸν
3406 2981 3638 3050 πάροδον

1956 3070 2079 3133 δοὺς
2103 3070 2182 3139 τῷ
2211 3069 2459 3140 Πονηρῷ,
2490 3071 2569 3131 εἰς
2597 3068 2892 3139 ἐπιθυμίαν
2920 3068 3020 3137 τῆς
3049 3068 3181 3137 πρὸς
3209 3069 3473 3135 γυναῖκας
3512 3065 3636 3131 ὀμι-

1957 3154 2075 3217 λίας
2104 3154 2378 3217 ἐνέπεσεν,
2408 3155 2436 3205 ὁ
2470 3152 2741 3223 μηδέποτε
2771 3155 3005 3219 γυναῖκα
3048 3150 3171 3203 ἰδὼν
3203 3149 3261 3214 ἐξ
3286 3144 3346 3202 οὑ
3381 3146 3517 3217 πρὸς
3549 3145 3638 3195 τὸν

1958 3236 2067 3290 τῶν
2108 3235 2357 3306 μοναχῶν
2392 3235 2505 3305 βίον
2552 3233 2851 3304 μετέθηκεν
2885 3233 3097 3286 ἑαυτόν.
3132 3231 3247 3303 [50]
3286 3231 3393 3283 Καὶ
3422 3227 3641 3297 πρῶτον

1962 3321 2063 3391 μὲν
2097 3320 2248 3390 ἠξίου
2278 3320 2368 3373 τὸν
2403 3319 2646 3371 σύνοικον
2675 3318 2815 3388 κρέα
2852 3317 2943 3370 καὶ
2969 3313 3109 3369 οἶνον
3138 3315 3284 3386 αὑτῷ
3316 3314 3640 3385 παρασχεῖν,

1959 3406 2055 3458 καὶ
2083 3403 2314 3474 ηπείλει,
2349 3404 2398 3455 εί
2427 3403 2501 3473 μὴ
2529 3401 2703 3462 λάϐοι,
2735 3400 3158 3453 κατελεύσεσθαι
3179 3402 3259 3461 είς
3285 3399 3383 3468 τὴν
3412 3396 3637 3465 ἀγοράν.

1960 3488 2146 3542 Ταῦτα
2190 3487 2246 3540 δὲ
2282 3488 2381 3556 οὐχ
2428 3486 2570 3539 οὑτω
2603 3482 2821 3555 κρεῶν1
2867 3485 3148 3555 ἐπιθυμῶν
3179 3485 3382 3552 ἔλεγεν,
3421 3481 3533 3535 ἀλλ’
3566 3479 3641 3541 ὡς

1959 3571 2216 3643 ἀφορμήν
2248 3588 2368 3623 τινα
2407 3570 2500 3622 καὶ
2535 3569 2806 3640 πρόφασιν
2851 3568 3171 3639 βουλόμενος
3202 3566 3385 3621 λαϐεῖν
3423 3565 3521 3634 τῆς
3563 3565 3642 3624 είς

1960 3656 2058 3725 τὴν
2092 3655 2244 3707 πόλιν
2292 3653 2541 3706 καθόδου.
2603 3653 2725 3705 Ἐπὶ
2756 3651 2970 3715 τούτοις
3019 3654 3227 3714 ἐκεῖνος
3270 3648 3643 3719 ἀπορούμενος

1962 3737 2056 3789 καὶ
2088 3734 2370 3799 δεδοικὼς,
2428 3734 2501 3805 μὴ
2532 3734 2689 3787 τοῦτο
2720 3735 2971 3797 κωλύσας
3024 3736 3117 3787 ἐπὶ
3150 3734 3294 3803 μέγα
3330 3733 3491 3786 αὑτὸν
3525 3730 3641 3801 ὤση

1961 3821 2151 3883 κακὸν,
2178 3820 2392 3872 δίδωσιν
2414 3818 2792 3889 ἐμφορηθῆναι
2811 3819 2912 3888 τῆς
2943 3818 3238 3887 ἐπιθυμίας
3261 3816 3427 3886 αὐτῷ.
3468 3815 3557 3877 Ὠς
3588 3812 3645 3866 δέ

1961 3903 2103 3971 ἔγνω
2134 3904 2195 3954 τὸ
2226 3902 2389 3971 σοφὸν
2414 3901 2574 3953 τοῦτο
2596 3901 2762 3954 ἐωλον
2793 3902 3036 3970 γεγονὸς,
3070 3900 3319 3970 φανερῶς
3348 3902 3641 3967 ἀναισχυν-

1960 3990 2129 4057 τήσας
2168 3985 2374 4045 λοιπὸν,
2406 3983 2721 4055 ἀπεκάλυψε
2749 3986 2849 4056 τὴν
2878 3986 3190 4055 ὑπόκρισιν,
3225 3984 3320 4037 καὶ
3349 3983 3458 4036 δεῖν
3490 3982 3644 4046 ἐλεγε

1964 4070 2182 4131 πάντως
2215 4070 2294 4133 είς
2346 4068 2443 4138 τὴν
2479 4069 2632 4120 πόλιν
2674 4069 2837 4121 αὑτὸν
2884 4069 3185 4121 κατελθεῖν.
3245 4069 3332 4129 Ὠς
3378 4067 3435 4119 δὲ
3493 4065 3645 4118 οὐδὲν

1966 4157 2118 4223 ἴσχυε
2154 4152 2377 4204 κωλύων
2408 4154 2634 4215 ἐκεῖνος,
2666 4151 2817 4213 τέλος
2854 4154 3055 4222 ἀφῆκε,
3091 4152 3185 4204 καὶ
3218 4149 3497 4220 πόρρωθεν
3518 4150 3647 4201 ἀκο-

1963 4234 2173 4287 λουθῶν
2206 4235 2465 4305 ἐπετήρει
2529 4235 2582 4287 τί
2616 4252 2749 4287 ποτε
2799 4236 2906 4308 ἄρα
2968 4235 3115 4304 αύτῴ
3163 4234 3410 4303 βούλεται
3438 4232 3575 4301 αὕτη
3610 4234 3643 4301 ή

1965 4317 2449 4382 κάθοδος.Ίδὼνδὲ
2483 4320 2561 4382 εἰς
2591 4318 3331 4388 χαμαιτυπεῖονεἰσελθόντα,
3364 4318 3456 4370 καὶ
3484 4316 3647 4383 γνοὺς

1963 4404 2046 4456 ὅτι
2071 4403 2249 4476 πόρνῃ
2286 4402 2584 4471 συγγέγονε
2611 4403 2850 4466 γυναικὶ,
2893 4402 3217 4473 περιμείνας
3255 4399 3392 4470 μετά
3421 4398 3482 4450 τὸ
3511 4397 3648 4467 πλη-

1966 4485 2139 4555 ρῶσαι
2168 4485 2267 4555 τὴν
2300 4484 2500 4538 ἄτοπον
2524 4482 2820 4553 ἐπιθυμίαν
2851 4484 3085 4553 ἐκείνην,
3114 4483 3399 4549 ἐξελθόντα
3427 4481 3651 4545 ὑπτίαις

1964 4567 2182 4637 δέχεται
2234 4570 2353 4630 ταῖς
2408 4567 2598 4637 χερσὶ,
2636 4566 2731 4619 καὶ
2769 4566 3087 4637 περιχυθεὶς
3130 4566 3223 4619 καὶ
3265 4564 3644 4633 καταφιλήσας

1966 4648 2187 4721 θερμῶς
2200 4658 2258 4714 ω,
2292 4649 2387 4701 καὶ
2420 4649 2562 4718 ὑπὲρ
2590 4647 2699 4699 τῶν
2732 4648 3116 4718 γεγενημένων
3142 4648 3444 4716 ἐγκαλέσας
3473 4645 3642 4708 οὐδὲν,

1966 4731 2271 4803 παρεκάλει
2307 4732 2488 4802 μόνον,
2530 4730 2721 4801 ἐπειδὴ
2754 4730 2853 4800 τὴν
2898 4729 3192 4800 ἐπιθυμίαν
3226 4729 3510 4799 ἐπλήρωσε
3546 4729 3648 4797 τὴν

1966 4816 2184 4881 ἐαυτοῦ,
2233 4816 2396 4868 πάλιν
2444 4816 2537 4867 ἐπὶ
2568 4814 2629 4867 τὸ
2655 4814 2757 4883 τῆς
2800 4815 3033 4885 ἐρημίας
3067 4815 3379 4884 οἰκητήριον
3422 4812 3649 4863 ἐπανελ-

1967 4899 2100 4952 θεῖν.
2146 4902 2204 4952 ὐ
2236 4899 2293 4951 δὲ
2329 4900 2427 4969 τὴν
2482 4899 2681 4969 πολλὴν
2738 4898 3038 4950 ἐπιείκειαν
3089 4896 3254 4949 αὑτοῦ
3314 4897 3649 4967 αἰσχυνθεὶς,

1967 4978 2181 5049 ἐπλήγη
2215 4996 2277 5031 τε
2306 4978 2510 5041 εὐθέως
2539 4977 2635 5048 τὴν
2675 4976 2869 5047 ψυχὴν,
2903 4978 2998 5030 καὶ
3042 4977 3368 5045 κατανυγεὶς
3403 4979 3496 5027 ἐπὶ
3534 4978 3649 5037 τοῖς

1964 5058 2336 5128 τολμηθεῖσιν,
2384 5058 2569 5110 εἵπετο
2596 5056 2731 5127 πρὸς
2767 5056 2827 5108 τὸ
2853 5056 2977 5126 ὅρος
3016 5056 3164 5125 αὑτῴ
3187 5073 3201 5086 υ
3232 5056 3327 5107 καὶ
3356 5055 3652 5123 γενόμενπ

1966 5140 2083 5192 ἐκεῖ
2112 5137 2286 5190 δεῖται
2326 5136 2421 5190 τοῦ
2455 5136 2648 5207 ἀνδρὸς
2672 5176 2686 5198 ,
2729 5138 2787 5187 ἐν
2819 5135 3046 5205 οἰκίσκῳ
3077 5151 3136 5187 τε
3166 5134 3326 5187 αὑτὸν
3364 5132 3650 5204 καθεῖρξαι

1967 5218 2160 5288 ἑτέρῳ,
2190 5218 2285 5271 καὶ
2317 5218 2415 5279 τάς
2446 5215 2616 5287 θύρας
2636 5225 2661 5251 η
2692 5215 3094 5268 ἀποκλείσαντα
3120 5214 3212 5267 τοῦ
3242 5214 3516 5285 δωματίου
3546 5214 3649 5284 ἀρ-

1967 5361 2022 5410 ού
2065 5360 2134 5409 δεῖ
2177 5362 2275 5407 τῶν
2312 5359 2546 5422 τοιούτωνῄ
2583 5359 2929 5419 ἀπογινώσκειν
2980 5359 3207 5422 χρησταῖς
3244 5360 3308 5414 εἰς
3350 5358 3486 5407 Θεὸν.
3538 5356 3652 5407 Duo

1969 5437 2067 5471 mss
2113 5423 2282 5470 οὐδένα
2303 5425 2398 5468 τῶν
2421 5420 2668 5467 τοιούτων.

2035 5486 2050 5534 1
2088 5484 2237 5533 Savil.
2275 5493 2327 5531 et
2370 5495 2543 5530 omnes
2588 5494 2717 5540 pene
2742 5494 2856 5528 mss.
2892 5481 3647 5539 ἀπεπῆδα.Μο1’ΘΙ.ἀπεπήδησε.

1970 5554 2025 5594 et
2049 5553 2220 5607 postea
2262 5547 2489 5603 ἤκουσεν,
2536 5548 2686 5607 male,
2738 5542 2856 5591 Ibid.
2920 5544 3073 5593 Sam.
3118 5555 3171 5592 et
3209 5543 3378 5592 Morel.
3420 5546 3649 5605 προσιών.

1969 5603 2175 5670 ΔΙῇὶιυοῐ
2198 5621 2318 5670 gnss.
2341 5608 2538 5670 προϊών.
2564 5603 2759 5653 melius.

2033 5664 2167 5717 [Sic
2190 5668 2343 5716 Savil.
2382 5664 2439 5713 ἐι
2477 5681 2565 5715 sex
2613 5680 2729 5714 mss.
2761 5666 3123 5729 reclie,Morel.
3172 5673 3224 5716 et
3268 5664 3350 5715 alii
3385 5666 3507 5729 βίου.
3535 5664 3649 5729 Mox

1971 5731 2158 5792 aliquot
2203 5744 2301 5778 mss
2355 5730 2489 5777 οὐδὲν
2515 5730 2632 5777 εἶναι
2654 5729 2829 5776 δοκεῖν.
2860 5727 2987 5778 Infra
3017 5732 3207 5791 aliquot
3247 5743 3364 5777 mss.
3387 5727 3651 5791 φροντίδων

1970 5794 2241 5848 ἀπαλλάξας
2264 5793 2430 5839 ἑαυτὸν
2466 5792 2675 5839 ἐκείνων.

2043 5860 2051 5891 ¹
2090 5857 2242 5903 Savil.
2281 5858 2334 5901 et
2364 5855 2552 5914 aliquot
2571 5866 2685 5899 mss.
2712 5852 2800 5914 οὐχ
2823 5853 2895 5900 ὅτι
2917 5855 3088 5915 κρεῶν,
3110 5856 3271 5915 minus
3292 5858 3445 5899 lecte.

2031 5917 2071 5946 ¹¹¹
2106 5916 2308 5979 Aliquql
2347 5913 2461 5962 mss.
2509 5913 2836 5977 καταφιλήσας
2882 5913 3115 5979 σφοδρῶς.
3150 5914 3301 5964 Paulo
3342 5920 3451 5976 post
3487 5913 3650 5964 deﬁcit

1971 5981 2171 6042 penitus
2194 5977 2331 6027 Colb.
2360 5990 2502 6042 unus.

2037 6043 2062 6070 "
2093 6041 2294 6104 Aliquot
2319 6052 2431 6089 mss.
2458 6040 2540 6097 τὰς
2562 6038 2763 6103 θυρίδας.
