4096 6392
280 369 384 424 505

281 483 482 538 socium
512 479 785 534 dumtaxat
818 476 1167 537 invenerunt,
1192 473 1442 526 sciscitati
1473 482 1648 525 autem
1679 469 1853 523 edidi—

282 582 469 629 cernnt
498 575 668 639 ipsum
700 568 915 621 abiisse.
939 566 1058 621 Rati
1085 580 1143 619 se
1169 564 1423 632 deceptos
1446 578 1564 616 esse
1584 603 1598 625 ,
1624 562 1690 615 ad
1743 577 1860 629 pre-

283 682 371 721 ces
422 667 612 719 iterum
643 670 1040 725 convertuntur,
1071 669 1124 713 et
1168 673 1350 713 rursus
1384 658 1435 709 in
1472 656 1628 710 simili
1659 654 1862 707 visione

285 757 504 819 eadem,
538 771 654 823 qua:
710 754 893 824 prius,
930 752 1227 805 audierunt.
1257 750 1405 802 Tunc
1446 764 1565 800 etnn
1615 749 1702 815 qui
1739 761 1864 799 vere

286 849 743 909 dissimulaverat,
771 843 1122 899 obsecrabant
1141 842 1347 894 ostendi
1377 839 1477 892 sibi
1501 839 1692 904 virum,
1720 837 1864 890 affir-

286 951 495 993 mantes
543 953 645 991 non
693 936 922 999 obiissc,
953 934 1044 987 sed
1098 933 1272 986 adhuc
1305 932 1503 984 vivere.
1541 930 1630 982 llis
1671 927 1865 980 auditis
1903 969 1911 978 .

288 1028 405 1093 ille,
435 1042 555 1080 cum
594 1026 796 1078 videret
840 1039 943 1077 non
982 1038 1137 1092 posse
1179 1031 1321 1075 stare
1366 1028 1611 1089 pactum.
1642 1015 1761 1069 illos
1798 1015 1865 1068 ad

287 1126 527 1173 sanctum
564 1116 739 1169 virum
794 1113 1053 1167 adducit:
1109 1122 1162 1165 et
1232 1108 1437 1179 pariete
1489 1112 1671 1167 diruto
1733 1105 1865 1176 (ad-

291 1210 420 1263 itum
450 1209 589 1261 enim
635 1223 845 1259 onmem
898 1205 1280 1271 obstruxerat),
1321 1202 1545 1269 ingressi
1580 1215 1770 1253 omnes
1813 1206 1865 1250 et

290 1300 353 1353 ad
384 1299 543 1368 pedes
563 1298 676 1366 ejus
700 1295 942 1365 prostrati
962 1336 976 1359 ,
1000 1310 1117 1363 qure
1144 1295 1275 1346 facta
1305 1291 1515 1344 fuerant
1553 1289 1832 1343 renuntiau
1851 1315 1864 1325 -

292 1400 405 1453 tes,
472 1388 731 1457 rogabant
779 1396 1053 1454 urgentem
1096 1382 1290 1437 fantem
1340 1383 1355 1412 ‘
1409 1381 1715 1448 depelleret.
1776 1378 1867 1431 Ille

294 1480 519 1546 primum
557 1476 793 1538 obstitit,
826 1491 883 1528 se
912 1490 938 1526 a
971 1474 1063 1527 tali
1101 1473 1286 1526 fiducia
1329 1473 1484 1540 longe
1514 1472 1700 1523 abesse
1739 1485 1865 1537 pr0~

297 1571 463 1624 fessos-
493 1588 506 1623 :
538 1585 656 1622 nam
682 1570 749 1621 ita
775 1577 1043 1635 peccatum
1072 1582 1221 1620 suum
1245 1566 1313 1618 ob
1337 1566 1519 1618 oculos
1547 1564 1789 1625 habebat,
1808 1576 1869 1614 ac

295 1663 339 1716 si
368 1679 534 1731 nuper
568 1661 885 1715 admisisset.
918 1658 1152 1712 Tandem
1177 1666 1657 1711 commemorantes
1692 1654 1866 1705 omnia

295 1768 413 1820 qum
460 1752 558 1805 sibi
611 1751 975 1818 contigerant,
1033 1758 1404 1817 persuaserunt
1451 1756 1508 1799 ut
1562 1754 1776 1799 oraret:
1816 1752 1870 1796 et

294 1858 412 1895 cum
462 1852 702 1910 precatus
752 1854 920 1902 esset,
949 1840 1157 1893 siccitas
1195 1836 1404 1891 desiit.’
1430 1837 1559 1904 Quae
1584 1852 1709 1890 vero
1753 1850 1872 1902 per-

297 1935 465 1987 tinent
492 1934 553 1986 ad
581 1933 829 2001 juvenem
859 1934 1036 1996 illum,
1064 1933 1149 2000 qui
1189 1942 1342 1985 antea
1388 1931 1676 1998 discipulus
1705 1929 1867 1983 Joan-

304 2027 385 2077 nis
418 2026 505 2078 tilii
535 2025 777 2078 Zebetlasi
808 2023 977 2077 fuerat
997 2065 1009 2085 ,
1045 2032 1223 2092 postea
1246 2031 1425 2076 autem
1456 2022 1613 2090 longo
1635 2034 1872 2087 tempore

299 2116 560 2169 latronum
606 2116 708 2167 dux
752 2113 881 2177 fuit,
904 2113 1095 2167 deinde
1133 2114 1299 2168 sacris
1323 2113 1460 2167 beati
1490 2113 1584 2166 viri
1629 2112 1873 2166 manibus

299 2219 508 2276 captus,
540 2224 568 2261 a
610 2210 904 2263 recessibus
932 2218 985 2263 et
1006 2207 1272 2277 speluncis
1304 2207 1563 2259 latronum
1599 2206 1662 2259 ad
1690 2206 1871 2276 pristi-

301 2315 423 2353 nam
452 2301 697 2354 virtutem
732 2299 919 2362 rediit,
954 2300 1065 2368 ipse
1092 2314 1194 2351 non
1228 2298 1437 2367 ignoras
1458 2340 1472 2365 ,
1497 2296 1591 2352 sed
1639 2314 1742 2350 non
1775 2296 1873 2350 mi-

301 2408 399 2445 nus
426 2408 579 2461 quant
611 2406 707 2446 nos
738 2392 851 2446 inec
877 2394 1051 2443 omnia
1078 2389 1238 2459 probe
1279 2389 1451 2442 nosti:
1476 2397 1632 2458 teque
1681 2388 1876 2456 saepius

263 2542 267 2545 ,
300 2481 477 2535 audivi
499 2481 846 2535 admirantem
876 2480 1016 2534 illius
1048 2478 1503 2533 mansuetudinem
1529 2519 1544 2543 ,
1573 2477 1713 2547 quod
1756 2493 1879 2531 cru—

302 2584 475 2627 entam
504 2583 656 2627 antea
687 2574 959 2628 dexteram
984 2573 1322 2628 exosculatus
1356 2574 1423 2626 sit
1450 2574 1657 2626 lia-rens
1680 2573 1729 2625 in
1760 2587 1876 2625 ant-

306 2666 459 2734 plexn
486 2665 838 2719 adolescentis
858 2706 873 2729 ,
904 2666 1085 2734 sicque
1110 2665 1256 2718 illum
1286 2664 1352 2718 ad
1384 2666 1554 2732 priora
1588 2664 1874 2717 reduxerit.

376 2758 461 2812 18.
503 2758 696 2812 Beatus
752 2758 876 2811 item
926 2759 1118 2812 l'aulus
1183 2758 1527 2822 Onesimum,
1599 2756 1874 2825 inutilem,

303 2849 625 2916 transfugam
648 2858 699 2901 et
740 2848 907 2901 furem
928 2891 941 2911 ,
973 2849 1115 2901 illmn
1138 2892 1153 2915 ,
1180 2849 1426 2917 inquam,
1458 2866 1560 2900 non
1590 2849 1746 2902 modo
1766 2864 1881 2901 ant-

309 2942 569 3006 plt-ctitur,
601 2942 808 3009 quando
832 2952 1062 2993 mutatus
1087 2953 1163 2993 est
1188 2982 1202 3004 ,
1235 2940 1327 2993 sed
1355 2942 1512 2993 etiam
1552 2940 1738 3009 herum
1767 2940 1880 3010 ejus

308 3040 488 3098 rogat,
518 3031 666 3084 illum
699 3031 1096 3098 resipisccnlem
1126 3030 1239 3097 pari
1271 3030 1463 3083 habeat
1498 3031 1698 3084 honore
1720 3040 1881 3099 atque

310 3128 686 3187 pr;rceptorcm
712 3120 873 3187 ipsius
892 3160 907 3183 ,
939 3120 1019 3173 his
1044 3119 1219 3172 verbis
1247 3136 1369 3172 aSUs
1392 3138 1405 3173 :
1434 3120 1649 3173 Obsecro
1694 3130 1741 3172 te
1790 3138 1881 3190 pro

308 3226 416 3262 tneo
441 3211 581 3278 filio,
610 3226 751 3279 quem
799 3213 946 3281 genui
988 3213 1039 3264 in
1078 3212 1317 3275 vinculis,
1357 3212 1623 3275 Onesimo,
1674 3216 1755 3283 qui
1797 3212 1881 3265 tibi

308 3302 581 3370 aliquando
610 3301 803 3353 inutilis
824 3303 949 3368 fuit,
979 3319 1111 3354 nunc
1133 3316 1298 3355 autem
1320 3313 1364 3354 et
1390 3304 1511 3355 mihi
1534 3312 1580 3356 et
1601 3303 1688 3356 tibi
1712 3302 1879 3367 utilis,

309 3408 453 3459 quem
479 3391 645 3443 remisi
688 3391 811 3443 tibi:
835 3401 887 3443 tu
916 3402 1082 3444 autem
1104 3392 1248 3444 illum
1270 3433 1282 3455 ,
1306 3393 1357 3443 id
1386 3402 1457 3444 est
1503 3409 1611 3445 mea
1656 3393 1842 3445 viscera
1866 3433 1879 3456 ,

310 3483 520 3552 suscipe.
559 3482 714 3546 Quem
743 3499 832 3552 ego
874 3483 1126 3536 volueram
1146 3499 1339 3537 mecum
1359 3484 1575 3536 detinere
1598 3524 1613 3549 ,
1632 3493 1688 3536 ut
1716 3500 1807 3552 pro
1839 3494 1885 3535 te

314 3574 435 3625 mihi
469 3574 771 3626 ministraret
791 3574 841 3622 in
861 3570 1076 3628 vinculis
1092 3571 1388 3644 Evangelii:
1417 3575 1524 3627 sine
1559 3575 1767 3627 consilio
1792 3591 1883 3625 au-

312 3675 407 3716 tem
433 3675 516 3725 tuo
560 3665 685 3717 nihil
720 3666 851 3717 volui
895 3669 1089 3734 facere,
1112 3666 1190 3718 uti
1239 3682 1299 3719 ne
1332 3667 1461 3719 velut
1494 3682 1555 3719 ex
1599 3667 1885 3719 necessitate

314 3756 493 3807 bonum
547 3765 687 3808 tuum
735 3766 889 3821 esset,
918 3755 1007 3808 sed
1055 3756 1411 3808 voluntarium.
1462 3754 1700 3808 Forsitan
1754 3757 1885 3807 enim

314 3849 425 3901 ideo
454 3849 676 3901 discessit
701 3849 767 3900 ad
791 3860 984 3916 tempus
1002 3890 1017 3912 ,
1042 3857 1095 3901 ut
1122 3857 1361 3901 teternum
1410 3847 1553 3901 illum
1605 3847 1849 3914 reciperes
1867 3886 1882 3911 ,

316 3956 414 3991 non
431 3941 544 4008 jam
574 3950 625 3991 ut
650 3956 841 3992 servum
857 3982 869 4001 ,
891 3940 978 3993 sed
1006 3956 1097 4008 pro
1121 3955 1258 3992 servo
1276 3940 1587 3991 carissimum
1613 3938 1883 4007 fratrem",

317 4032 534 4082 maxime
568 4031 689 4082 mihi
712 4047 729 4083 :
757 4042 945 4102 quanto
974 4041 1139 4083 autent
1163 4032 1321 4100 magis
1350 4032 1435 4084 tibi
1457 4073 1470 4095 ,
1504 4041 1549 4083 et
1578 4032 1628 4082 in
1665 4044 1814 4082 carne
1839 4040 1887 4082 et

316 4122 367 4172 in
392 4121 636 4173 Domino?
659 4121 719 4174 Si
739 4139 854 4191 ergo
880 4122 1028 4174 habes
1046 4138 1123 4174 me
1146 4124 1353 4184 socium,
1374 4124 1568 4190 suscipe
1590 4123 1731 4174 illum
1754 4121 1882 4175 sicut

321 4232 398 4267 me
430 4213 672 4284 (Philem.
702 4214 788 4268 .iO
817 4246 838 4256 -
868 4214 979 4281 18).
1020 4214 1098 4267 Ad
1130 4214 1432 4267 Corinthios
1477 4214 1599 4267 item
1642 4214 1881 4268 scribens

318 4308 388 4359 ait
415 4325 427 4361 ε
462 4304 515 4358 Ν
519 4323 544 4358 e
570 4308 766 4368 iterum,
792 4323 903 4357 cum
944 4322 1145 4369 venero,
1177 4307 1371 4375 lugeam
1412 4306 1595 4358 multos
1623 4322 1685 4359 ex
1718 4306 1779 4358 iis
1803 4306 1888 4376 qui

317 4407 432 4449 ante
459 4406 797 4463 peccaverunt,
818 4407 861 4449 et
884 4414 979 4448 non
1002 4406 1201 4466 egerunt
1219 4398 1551 4467 ρατηίιεηιιίιηι
1567 4396 1640 4467 (‘2.
1660 4397 1774 4449 Cor.
1799 4396 1883 4449 12.

316 4488 380 4541 21
409 4500 453 4541 et
483 4489 566 4542 13.
590 4488 665 4555 2).
699 4487 760 4541 Ει
794 4499 1021 4540 t'nrstnn:
1063 4486 1205 4539 Sicut
1250 4488 1495 4557 pra'dixi,
1527 4489 1705 4539 iterum
1749 4503 1885 4555 pra:-

320 4580 431 4632 diro
457 4620 470 4642 ,
493 4580 621 4646 quod
648 4580 691 4631 si
721 4596 894 4632 venero
924 4579 1099 4630 iterum
1124 4621 1137 4641 ,
1159 4596 1255 4630 non
1288 4596 1511 4648 parcam.
1540 4578 1720 4633 Viden‘
1751 4594 1885 4646 quos

321 4670 523 4738 lugeat,
553 4670 741 4739 quibus
789 4685 891 4721 non
925 4670 1135 4737 parcat?
1163 4669 1276 4723 Non
1309 4670 1371 4722 iis
1398 4670 1487 4738 qui
1520 4682 1885 4738 pecctverunt,

321 4762 413 4816 sed
438 4762 498 4814 iis
519 4763 605 4831 qui
638 4762 996 4829 pmoitentiam
1042 4779 1142 4814 non
1192 4773 1440 4830 egerunt;
1474 4778 1646 4831 neque
1688 4764 1888 4830 simpli-

320 4854 452 4907 citer
482 4853 546 4905 iis
566 4853 652 4921 qui
693 4851 1049 4919 prenitt-ntiam
1092 4868 1193 4905 non
1239 4860 1494 4921 egerunt,
1548 4853 1641 4906 sed
1689 4854 1750 4905 iis
1800 4856 1885 4922 qni

322 4944 486 4999 semel
516 4954 569 4998 et
600 4948 784 4997 iterum
816 4944 995 4995 Innniti
1022 4945 1387 5012 obtemperare
1423 4944 1724 4999 noluerunt.
1757 4945 1885 4999 Illud

320 5039 483 5099 enim,
516 5035 740 5089 Praedixi
763 5078 774 5095 ,
806 5046 849 5087 et
875 5036 1092 5105 prazdico
1116 5045 1168 5087 ut
1191 5052 1409 5105 prwsens
1431 5078 1444 5100 ,
1467 5036 1682 5090 secundo
1703 5046 1748 5089 et
1776 5038 1889 5088 abs-

320 5147 404 5183 ens
446 5128 608 5183 scribo
627 5168 641 5191 ,
672 5126 798 5180 nihil
824 5126 964 5179 aliud
1011 5126 1206 5180 indicat
1226 5168 1241 5191 ,
1270 5143 1427 5197 quam
1457 5128 1506 5181 id
1535 5129 1671 5194 quod
1699 5129 1885 5196 nejam

320 5222 457 5274 inter
482 5235 579 5273 nos
603 5219 811 5273 eveniat
838 5218 1314 5284 pertimescendum
1354 5227 1455 5272 est.
1489 5218 1702 5272 Etiamsi
1747 5221 1887 5272 enim

321 5313 513 5365 l‘anlus
543 5312 630 5380 qui
656 5322 778 5364 tunc
806 5309 1089 5363 Corinthiis
1118 5310 1561 5373 comminabatur,
1592 5328 1693 5363 non
1724 5311 1884 5375 adsit,

320 5405 409 5456 sed
437 5402 586 5455 adest
620 5401 861 5456 Christus
882 5441 897 5465 ,
927 5402 1014 5470 qui
1047 5410 1169 5454 tunc
1196 5417 1289 5469 per
1335 5402 1503 5471 ipstnn
1554 5402 1882 5471 loquebatur.

384 5537 400 5567 ⁸
430 5536 631 5596 Aliquot
657 5536 765 5583 Mss.
782 5572 793 5589 .
818 5534 1005 5582 turbam
1026 5532 1306 5596 depelleret.

379 5600 399 5626 ²
429 5595 697 5645 Ηὶείηοιει
735 5597 784 5644 in
813 5598 1034 5655 margine
1075 5595 1388 5655 Colbertlnus
1432 5609 1575 5651 unus,
1612 5598 1714 5653 Τῆς
1749 5597 1899 5651 αὐτῆς

315 5659 899 5721 ἱστορίαςγμέμγηταιᾼκαὶ
936 5658 1153 5719 Κλήμης.
1196 5654 1423 5721 Ejusdem
1445 5655 1667 5709 historice
1694 5655 1900 5707 mentio-

313 5732 420 5768 nem
431 5718 560 5778 ’t'acit
584 5719 727 5770 etiam
750 5718 983 5768 Clemens.

377 5781 398 5813 ³
420 5782 569 5831 Savil.
595 5785 642 5831 in
670 5783 889 5842 margine
913 5789 966 5829 et
990 5794 1115 5830 unus
1138 5781 1317 5841 codex,
1361 5778 1677 5831 carissimum
1702 5778 1876 5829 tilium.

1413 359 1501 412 AD
1539 357 1961 414 TilEODUItUM
2000 356 2287 415 LAI‘SUM.
2328 357 2367 415 I.

3444 354 3545 408 306

1963 472 2040 525 Ac
2069 472 2111 524 si
2142 472 2406 526 obstinate
2432 487 2855 541 perseveremus,
2886 486 2991 525 non
3020 480 3201 540 parcet
3234 470 3387 526 nobis
3408 512 3422 537 ,
3450 472 3545 539 sed

1965 557 2230 622 percutiet
2245 558 2396 626 plaga
2414 573 2605 627 magna
2621 570 2673 613 et
2686 561 2771 614 hic
2784 574 2833 615 et
2850 564 2902 615 in
2919 564 3099 617 l‘nturo
3114 580 3254 619 saecu
3266 567 3334 617 lo.
3351 563 3543 619 Prteoc‘

1964 658 2207 710 cupemus
2233 648 2396 716 igitur
2410 648 2596 716 faciem
2612 650 2724 719 ejus
2750 653 2803 704 in
2821 653 3336 724 confessioue(Psal.
3358 655 3450 709 94.
3475 656 3531 723 9.)

1972 735 2315 793 etfundamus
2333 740 2385 793 in
2405 753 2705 811 conspectu
2732 744 2851 811 ejus
2870 747 3033 798 corda
3054 755 3263 800 nostra.
3288 746 3553 800 Peccasti‘

1966 822 2166 893 inquit,
2195 843 2256 880 ne
2279 829 2446 881 addas
2481 831 2693 895 iterum,
2715 844 2763 887 et
2787 837 2850 887 de
2870 836 3136 901 prioribus
3175 839 3277 889 tuis
3310 837 3553 905 supplico

1967 924 2151 996 (Eccli.
2185 926 2274 980 2i.
2309 927 2396 996 l);
2427 936 2477 979 et
2505 941 2713 980 rursum
2740 969 2753 988 ,
2777 925 2957 979 Justus
2985 935 3246 980 accusator
3267 928 3347 981 sui
3367 936 3440 983 est
3489 928 3543 982 in

1967 1018 2215 1085 principio
2262 1018 2502 1070 sermonis
2557 1017 2738 1087 (Prov.
2775 1018 3003 1084 18.17).
3044 1018 3119 1072 Ne
3173 1028 3544 1084 exspectemus

1970 1107 2127 1176 igitur
2166 1117 2531 1162 accusatorem
2555 1151 2569 1168 .
2602 1108 2694 1162 sed
2736 1108 2851 1176 ejus
2896 1118 3075 1177 partes
3122 1120 3503 1177 praevertamus
3526 1151 3543 1174 ,

1968 1214 2138 1269 eoque
2184 1198 2362 1252 officio
2405 1199 2636 1267 judicem
2677 1198 2832 1253 nobis
2875 1199 3194 1266 pacatiorem
3240 1198 3541 1255 reddamus.

1969 1290 2043 1343 'l‘e
2060 1290 2271 1359 quidem
2302 1299 2513 1359 peccata
2528 1289 2768 1344 confiteri
2787 1301 2893 1354 tua,
2921 1298 3079 1356 teque
3096 1291 3345 1344 miserum
3363 1289 3543 1343 admo-

1968 1378 2094 1431 dum
2121 1377 2367 1432 arbitrari
2385 1387 2715 1447 compertum
2736 1378 2903 1433 habeo
2922 1394 2936 1441 ;
2953 1394 3136 1433 verum
3157 1380 3325 1432 nonid
3346 1388 3547 1434 tantum

1969 1472 2202 1538 requiro,
2223 1472 2377 1539 cupio
2403 1480 2577 1523 autem
2604 1480 2658 1522 nt
2685 1485 2993 1538 persuasum
3019 1470 3235 1535 habeas,
3253 1481 3303 1524 te
3332 1470 3430 1525 hac
3457 1488 3548 1524 ra-

1971 1560 2114 1614 tione
2145 1575 2301 1629 posse
2323 1560 2581 1628 justitiam
2610 1561 2837 1630 aSSequi.
2863 1560 3121 1628 Quamdiu
3136 1562 3278 1615 enim
3309 1562 3547 1616 inutilem

1972 1652 2127 1703 talem
2144 1649 2528 1704 confessionem
2557 1650 2807 1716 edideris,
2838 1652 3041 1705 etiamsi
3065 1652 3287 1721 teipsum
3310 1667 3549 1718 accuses,

1971 1759 2077 1797 non
2102 1745 2296 1812 poteris
2317 1760 2566 1812 umquam
2585 1744 2635 1797 in
2660 1753 2927 1812 posterum
2944 1760 2971 1796 a
3002 1745 3231 1813 peccatis
3253 1744 3547 1798 discedere.

1971 1834 2138 1888 Nemo
2167 1835 2309 1888 enim
2350 1834 2635 1904 quidquam
2691 1834 2846 1888 faciet
2892 1850 3013 1888 cum
3057 1836 3329 1889 alacritate
3366 1844 3421 1889 et
3447 1840 3550 1889 ritu

1971 1929 2313 1996 congruenti,
2349 1928 2446 1981 nisi
2478 1929 2622 1997 prius
2654 1944 2961 1997 persuasum
3008 1928 3226 1994 habeat,
3259 1947 3370 1984 rem
3406 1932 3549 1984 utili-

1974 2019 2065 2072 tati
2098 2019 2198 2072 sibi
2228 2019 2360 2073 fore.
2392 2018 2663 2088 Siquidem
2695 2020 2736 2072 is
2762 2020 2849 2087 qui
2890 2021 3137 2086 seminat,
3166 2030 3442 2089 postquam
3468 2036 3554 2075 sc-

1976 2126 2094 2164 men
2123 2112 2334 2178 sparsit,
2359 2112 2457 2164 nisi
2488 2126 2713 2166 inessem
2736 2122 3024 2179 exslzectet,
3057 2129 3339 2179 tntmquam
3368 2122 3552 2168 metet.

1974 2202 2102 2269 Quis
2132 2204 2272 2257 enim
2301 2220 2548 2273 umquam
2596 2204 2839 2257 laborare
2877 2203 3070 2257 frustra
3122 2205 3279 2268 velit,
3311 2204 3437 2258 nihil
3485 2220 3553 2260 ex

1974 2292 2156 2347 labore
2197 2293 2319 2346 boni
2379 2294 2843 2363 consequuturos?
2901 2293 2989 2349 Sic
3029 2311 3155 2364 ergo
3194 2296 3280 2365 qui
3329 2297 3557 2350 seminat

1978 2384 2164 2446 verba,
2192 2385 2471 2456 lacrymas.
2505 2385 2916 2451 confessionem,
2947 2388 3045 2441 nisi
3079 2389 3213 2441 bona
3256 2404 3350 2458 spe
3393 2388 3556 2443 fultus

1979 2475 2029 2529 id
2061 2474 2240 2537 faciat,
2268 2494 2293 2527 :t
2326 2477 2553 2545 peccatis
2578 2476 2833 2530 desistere
2862 2496 2964 2531 non
2995 2480 3204 2546 poterit,
3241 2490 3421 2547 utpote
3450 2481 3548 2534 de-

1977 2567 2294 2635 sperationis
2325 2567 2461 2620 malo
2490 2567 2772 2622 cohibitus.
2805 2568 2907 2622 Sed
2934 2570 3381 2638 quemadmodum
3420 2576 3559 2639 agri-

1979 2659 2094 2712 Cola
2132 2658 2221 2712 ille
2266 2660 2351 2728 qui
2400 2660 2467 2713 de
2522 2673 2780 2729 proventu
2825 2659 3090 2715 fructuum
3138 2664 3416 2733 desperat,
3453 2682 3558 2718 non

1979 2751 2183 2805 curabit
2212 2765 2273 2805 ea
2304 2765 2579 2805 removere
2608 2767 2725 2820 qua}
2752 2752 2989 2821 frugibus
3017 2754 3170 2807 noxia
3201 2764 3324 2808 sunt
3357 2771 3370 2806 :
3407 2758 3475 2808 ita
3505 2766 3560 2810 et

1980 2842 2071 2896 ille
2098 2842 2184 2910 qui
2229 2857 2323 2910 per
2361 2841 2623 2913 laerymas
2665 2841 3058 2897 confessionem
3107 2845 3379 2911 seminat,
3426 2846 3558 2899 nihil

1980 2941 2273 3001 expectans
2304 2931 2425 2985 inde
2453 2932 2607 2997 lucri,
2636 2933 2938 3001 neutiquam
2964 2934 3160 3003 poterit
3189 2950 3249 2988 ea
3277 2951 3561 2991 removere

1980 3040 2099 3094 qum
2141 3024 2465 3092 paenitentia:
2488 3023 2708 3078 exitiosa
2735 3034 2877 3078 sunt.
2907 3025 3273 3080 Paenitentiam
3308 3042 3434 3083 vero
3462 3028 3561 3082 dc-

1982 3116 2137 3168 struit
2190 3114 2376 3168 iisdem
2428 3114 2480 3168 in
2517 3116 2748 3183 peccatis
2795 3117 3209 3184 perseverantia.
3267 3114 3443 3177 Unus,
3479 3119 3562 3171 in-

1982 3207 2116 3275 quit,
2143 3206 2403 3272 wdi/icaus
2444 3215 2489 3257 et
2538 3222 2668 3258 unus
2708 3206 2991 3268 destruens,
3043 3207 3163 3273 quid
3215 3207 3394 3261 lucrati
3446 3219 3563 3261 sunt

1985 3308 2164 3366 printer
2191 3296 2438 3349 laborem?
2467 3296 2565 3362 Qui
2591 3295 2875 3365 baptizatur
2903 3314 2935 3348 a
2956 3308 3150 3349 mortuo
3176 3298 3191 3364 (
3215 3298 3250 3352 i.
3284 3314 3334 3351 e.
3361 3316 3387 3349 ιι
3423 3310 3561 3351 tactu

1985 3392 2177 3445 mortui
2206 3390 2223 3459 )
2254 3402 2299 3443 et
2329 3407 2499 3443 rursus
2526 3392 2684 3459 tangit
2709 3391 2872 3447 illum,
2896 3392 3016 3459 quid
3057 3393 3373 3443 emolumenti
3417 3393 3562 3444 habet

1985 3485 2261 3536 extavacro
2290 3499 2380 3535 suo
2407 3483 2424 3552 (
2448 3481 2608 3534 Eccli.
2652 3483 2738 3535 δι.
2772 3482 2900 3550 50)?
2930 3484 3018 3535 Sic
3050 3482 3208 3535 homo
3246 3483 3333 3551 qui
3358 3482 3563 3551 jejunat

1985 3589 2012 3625 a
2046 3574 2272 3642 peccatis
2318 3574 2427 3626 suis
2449 3614 2462 3635 ,
2497 3582 2549 3625 et
2577 3573 2764 3626 iterum
2818 3588 3125 3642 progressus
3168 3574 3350 3627 eadem
3374 3574 3560 3627 admit-

1989 3667 2079 3718 tit:
2113 3668 2229 3734 quis
2251 3666 2363 3734 ejus
2394 3679 2577 3734 preces
2598 3665 2843 3717 exaudiet
2870 3663 2892 3717 ?
2925 3666 2984 3718 Et
3019 3681 3250 3727 rursum,
3275 3664 3375 3731 Qui
3400 3681 3562 3718 rever-

1986 3758 2128 3821 titur,
2160 3756 2348 3826 inquit,
2380 3773 2411 3809 a
2431 3757 2697 3825 justitiain
2730 3769 3136 3826 peccatum,eum
3160 3758 3405 3811 Dominus
3432 3777 3564 3826 prir-

1992 3860 2133 3916 parat
2159 3849 2226 3900 ad
2251 3848 2477 3918 gladium
2503 3846 2685 3919 (Eccli.
2726 3849 2814 3903 26.
2847 3848 2959 3918 27).
2993 3850 3075 3912 Et,
3112 3851 3254 3902 Sient
3280 3852 3418 3903 canis
3447 3868 3563 3903 cum

1987 3956 2211 3993 reversus
2253 3940 2404 4008 fuerit
2443 3939 2509 3991 ad
2539 3940 2817 4001 vomitum,
2868 3941 3072 3992 odiosus
3123 3941 3346 4009 efﬁcitur,
3401 3942 3473 3994 sic
3520 3951 3566 3993 et

1986 4031 2227 4099 insipiens
2292 4031 2484 4082 malitia
2538 4048 2631 4083 sua
2683 4047 2905 4084 reversus
2969 4032 3037 4083 ad
3090 4042 3346 4101 pecudum
3413 4049 3563 4086 suum

1992 4123 2194 4194 (Prov.
2226 4123 2315 4176 9.6.
2340 4124 2395 4176 Η

2061 4215 2145 4270 t9.
2184 4216 2310 4282 Qnte
2336 4217 2397 4269 sit
2446 4216 2663 4268 conditio
2708 4231 2837 4269 verte
2876 4217 3268 4283 paenitentim—
3285 4216 3360 4271 Ne
3391 4218 3567 4286 itaque

1990 4319 2262 4376 peccatum
2288 4307 2435 4377 quasi
2466 4317 2744 4360 accusator
2772 4309 2841 4360 tui
2880 4317 3078 4361 tantum
3116 4310 3395 4362 annrnties
3426 4351 3439 4370 ,
3469 4309 3561 4363 sed

1991 4408 2254 4469 tamquam
2293 4401 2378 4469 qui
2411 4415 2507 4469 per
2548 4400 2870 4468 pmnitentia:
2910 4399 3124 4453 modum
3151 4399 3426 4468 jnstiticari
3469 4401 3567 4454 de-

1990 4491 2154 4555 beas;
2198 4492 2275 4544 sic
2299 4490 2437 4543 enim
2477 4492 2673 4558 poteris
2702 4491 2931 4542 animam
2977 4489 3317 4543 confitentem
3367 4491 3567 4559 pudore

1989 4585 2242 4649 allicere,
2298 4598 2364 4636 ne
2419 4583 2553 4636 ultra
2596 4583 2645 4635 in
2692 4582 2876 4636 eadem
2909 4582 3192 4636 relabatur.
3241 4581 3372 4637 Nam
3401 4581 3565 4635 vehe~

1992 4685 2195 4729 menter
2234 4690 2290 4727 se
2333 4673 2586 4727 damnare
2618 4672 2956 4741 profiteriqne
3003 4681 3356 4742 peccatorem,
3403 4675 3563 4727 etiam

1990 4782 2109 4818 cum
2135 4765 2430 4819 infidelibus
2457 4779 2740 4817 Commune
2766 4774 2867 4817 est.
2920 4763 3069 4816 Multi
3101 4780 3326 4832 namque
3351 4780 3380 4817 a
3408 4781 3563 4818 serua

1992 4857 2089 4911 viri
2113 4866 2165 4909 et
2196 4855 2466 4920 mulieres,
2498 4856 2587 4923 qui
2634 4856 2863 4908 maxime
2892 4856 3270 4922 tttt'pitUdL-Cllt
3298 4871 3444 4908 suam
3477 4872 3564 4908 se-

1990 4964 2111 5003 cant
2154 4958 2417 5018 reputant,
2447 4962 2565 5001 sese
2590 4948 2811 5001 miseros
2841 4948 3129 5016 praedicant
3159 4964 3170 4999 :
3198 4958 3252 5001 at
3283 4966 3386 5002 Ilnlt
3413 4949 3564 5002 colli-

1992 5047 2138 5093 mant
2174 5040 2238 5091 ad
2286 5054 2468 5091 verum
2521 5052 2760 5106 scopum.
2794 5038 2969 5105 Quare
3012 5039 3141 5092 illud
3199 5056 3302 5092 non
3335 5041 3568 5093 Vocarim

1991 5129 2426 5184 confessionem:
2478 5144 2649 5196 neque
2693 5128 2833 5181 enim
2886 5145 3005 5181 cum
3065 5129 3257 5183 animae
3308 5146 3568 5200 compun-

1992 5224 2167 5277 ctinne
2196 5264 2209 5286 ,
2235 5236 2356 5274 cum
2379 5206 2730 5275 amaritudine
2758 5222 3131 5292 lacrymarum,
3160 5237 3279 5276 cum
3307 5224 3430 5278 vita:
3457 5242 3573 5278 mu-

1994 5317 2191 5371 tatione
2232 5325 2443 5384 peccata
2493 5330 2585 5367 sua
2617 5314 2894 5368 enuntiant
2922 5330 2937 5378 ;
2966 5315 3057 5368 sed
3104 5300 3193 5369 alii
3247 5317 3461 5387 quidem
3507 5334 3571 5371 eo

1993 5406 2205 5461 nomine
2232 5405 2281 5458 id
2323 5413 2502 5473 agunt,
2536 5414 2592 5457 ut
2620 5404 2877 5472 ejusmodi
2904 5405 3134 5460 candore
3162 5421 3423 5462 sermonis
3455 5421 3571 5476 gro-

1992 5501 2123 5554 riam
2167 5506 2513 5565 aucupentur.
2572 5495 2918 5549 Peccatorum
2971 5498 3112 5550 enim
3151 5499 3380 5567 gravitas
3414 5500 3572 5567 longe

1994 5589 2095 5643 alia
2125 5594 2344 5657 apparet
2385 5602 2505 5638 cum
2546 5587 2680 5639 alter
2715 5601 2775 5640 ea
2811 5586 3126 5653 denuntiat,
3162 5604 3318 5657 quam
3363 5606 3483 5642 eum
3528 5608 3572 5643 ts

2005 5681 2118 5748 ipse
2146 5678 2233 5746 qui
2265 5675 2522 5744 peccavit.
2547 5674 2648 5728 Alii
2671 5682 2844 5729 autem
2873 5677 2918 5728 vi
2959 5676 3345 5746 desperationis
3375 5679 3425 5733 in
3455 5690 3568 5732 stn-

1997 5786 2177 5843 poretu
2209 5777 2261 5823 et
2304 5766 2578 5836 segnitiem
2627 5767 2755 5839 lapsi
2784 5807 2798 5835 ,
2830 5776 2883 5823 et
2926 5768 3145 5839 gloriam
3174 5769 3442 5825 hominum
3471 5771 3569 5825 ἀοι
