4096 6392
490 369 592 424 507

490 482 796 553 spicientes.
821 496 943 536 cum
992 478 1318 550 impudentia
1349 493 1536 547 magna
1567 486 1784 549 peccata
1824 492 1919 532 sua
1949 492 2072 548 per-

491 575 617 629 inde
655 582 815 642 alque
869 572 1036 625 aliena
1077 570 1324 624 omnibus
1352 569 1699 638 proclamant.
1730 567 1903 622 Nolim
1945 583 2072 622 sane

490 677 544 721 te
592 681 658 721 ex
703 666 915 719 illorum
962 676 1190 718 numero
1233 676 1392 727 esse,
1448 661 1530 715 vel
1584 676 1649 715 ex
1702 660 2072 731 desperatione

486 758 871 813 confessionem
940 755 1135 822 edere,
1193 754 1287 809 sed
1342 768 1463 808 cum
1513 754 1647 809 bona
1718 770 1812 825 spe
1840 796 1855 820 ,
1896 755 2072 809 omni-

486 866 589 921 que
633 859 839 906 resecta
894 849 1282 920 desperationis
1335 846 1516 902 radice
1574 848 1899 902 contrarium
1951 845 2073 902 huic

487 944 721 998 studium
753 942 1027 997 exhibere.
1055 940 1310 1012 Quaenam
1353 953 1528 996 mater
1552 951 1608 995 ct
1633 940 1783 994 radix
1812 938 2069 1009 despera-

490 1037 649 1091 tionis
677 1036 798 1091 est?
824 1035 1037 1105 Ignavia
1085 1053 1101 1091 :
1144 1036 1254 1090 imo
1302 1050 1407 1089 non
1440 1034 1590 1089 radix
1627 1033 1786 1088 modo
1827 1043 2069 1098 vocetur,

488 1127 583 1183 sed
624 1129 782 1183 etiam
809 1128 984 1181 nutrix
1024 1137 1078 1181 et
1120 1134 1308 1180 mater.
1359 1124 1815 1195 Quemadmodum
1849 1124 1988 1177 enim
2019 1124 2070 1176 in

490 1219 608 1272 lana
639 1220 810 1273 tineas
840 1217 1007 1287 gignit
1035 1213 1308 1284 cerruptio
1332 1257 1346 1277 ,
1376 1231 1496 1285 qua:
1527 1224 1707 1283 postea
1753 1215 1821 1267 ab
1851 1214 1954 1268 illis
1982 1228 2074 1267 au-

493 1323 684 1381 getur:
711 1312 788 1365 sic
819 1310 977 1365 etiam
1007 1309 1093 1365 hic
1130 1309 1336 1380 ignavia
1367 1308 1793 1378 desperationem
1827 1306 1987 1374 parit,
2020 1315 2075 1361 et

491 1404 733 1470 postea'a
761 1400 1131 1470 desperatione
1170 1400 1348 1461 alitur.
1381 1411 1435 1454 et
1478 1398 1650 1453 ambae
1697 1408 1881 1452 mutuo
1920 1410 2074 1451 exse-

488 1495 744 1549 crandum
773 1494 872 1548 sibi
901 1501 1187 1562 procurant
1216 1494 1598 1546 incrementum
1618 1533 1633 1558 ,
1666 1507 1767 1546 nec
1812 1490 2074 1545 modicam

488 1589 848 1642 accessionem
877 1587 1112 1655 capiunt.
1154 1584 1209 1639 Si
1236 1586 1355 1653 quis
1381 1585 1542 1653 igitur
1568 1584 1788 1637 alteram
1829 1583 2078 1652 praesciu-

491 1679 602 1741 dat,
636 1678 905 1732 residuam
932 1679 1157 1731 alteram
1186 1675 1343 1730 facile
1375 1675 1570 1745 poterit
1599 1689 1875 1743 superare.
1905 1671 2075 1728 Num-

491 1784 649 1838 quam
672 1768 815 1822 ettim
847 1767 937 1835 qui
977 1783 1080 1820 non
1112 1766 1368 1835 torpescit
1396 1766 1448 1819 in
1475 1765 1900 1834 desperationem
1931 1762 2077 1818 labe-

494 1868 601 1922 tur,
634 1874 807 1928 neque
829 1859 916 1927 qui
947 1858 1107 1912 alitur
1134 1872 1229 1927 spe
1255 1857 1415 1920 bona,
1446 1872 1543 1910 uec
1565 1856 1801 1910 animum
1841 1856 2076 1923 despon-

493 1951 604 2016 det,
634 1967 866 2019 unquam
901 1947 1097 2019 poterit
1139 1949 1191 2002 in
1219 1948 1495 2018 segnitiem
1526 1947 1737 2002 cadere.
1772 1947 1873 2001 Par
1900 1947 2078 2016 itaque

496 2044 625 2099 illud
668 2044 878 2105 dit-vlle,
907 2052 963 2097 et
986 2041 1171 2111 jugum
1212 2042 1486 2109 confringe
1509 2081 1523 2104 ,
1557 2039 1756 2094 variam
1785 2038 1903 2094 dico
1933 2039 2076 2093 illam

492 2143 547 2190 et
572 2150 783 2203 gravem
809 2135 1183 2203 cogitationem
1207 2150 1220 2185 :
1249 2147 1424 2202 neque
1454 2132 1595 2186 enim
1626 2131 1715 2185 illa
1740 2146 1860 2202 quae
1880 2138 2080 2185 utram-

508 2241 614 2294 que
654 2225 1048 2294 complectitur,
1077 2224 1233 2278 unius
1274 2233 1357 2278 est
1386 2223 1606 2289 formai,
1654 2222 1749 2277 sed
1796 2223 1995 2277 variam
2026 2230 2081 2276 et

494 2316 853 2371 omnimodam
886 2316 1119 2385 speciem
1149 2313 1381 2384 prmfert.
1409 2313 1665 2380 Queenam
1693 2322 1775 2368 est
1800 2310 2079 2367 illaâ€˜ICou-

496 2409 654 2476 tingit
675 2407 960 2477 aliquando
1001 2407 1346 2476 patuitentcm
1381 2406 1547 2460 multa
1573 2414 1720 2459 recte
1748 2415 1802 2459 et
1821 2403 2081 2476 prteclare

494 2514 653 2569 agere
684 2517 698 2553 :
736 2499 1052 2567 interimque
1092 2513 1122 2551 a
1150 2497 1303 2550 bonis
1324 2497 1575 2566 operibus
1614 2496 1722 2551 labi
1759 2511 1852 2565 per
1876 2496 2080 2566 peccati

503 2591 631 2663 ipsis
657 2599 805 2645 recte
854 2588 1005 2643 factis
1052 2588 1307 2656 gravitate
1333 2588 1516 2657 patia:
1549 2593 1604 2641 et
1637 2587 1738 2639 hoc
1770 2586 2002 2640 maxime
2030 2586 2081 2638 in

496 2682 922 2751 desperationem
966 2680 1187 2746 injicere
1225 2679 1406 2740 valet;
1458 2691 1521 2730 ac
1558 2676 1601 2730 si
1650 2691 1715 2731 ea
1781 2691 1901 2745 quae
1947 2689 2079 2729 con-

508 2782 710 2827 structa
743 2772 952 2827 fuerant
975 2771 1147 2825 diruta
1174 2772 1313 2836 sint,
1344 2779 1399 2824 ct
1445 2770 1636 2823 frustra
1681 2768 1907 2823 cesserit
1932 2767 2085 2820 labor

501 2867 552 2921 in
581 2867 684 2921 illis
709 2863 947 2936 agendis.
977 2864 1200 2932 Oportet
1225 2872 1402 2917 autem
1434 2862 1535 2917 hoc
1578 2869 1759 2916 mente
1797 2868 2046 2928 reputare
2066 2899 2081 2923 ,

500 2968 556 3011 et
597 2957 734 3011 hanc
779 2955 1152 3025 cogitationem
1193 2953 1509 3023 depellere:
1556 2954 1805 3022 quoniam
1851 2952 1895 3006 si
1941 2958 2086 3005 recte

499 3046 758 3103 factorum
780 3060 1081 3100 mensuram
1105 3084 1122 3110 ,
1154 3044 1413 3113 :equalem
1456 3044 1686 3113 peccatis
1706 3086 1720 3105 ,
1752 3058 1870 3112 quae
1901 3049 2083 3111 postea

501 3139 787 3194 commissa
806 3147 954 3201 sunt,
978 3151 1085 3191 non
1105 3135 1401 3206 depositam
1422 3134 1735 3197 habeamus,
1763 3134 1894 3188 nihil
1916 3132 2087 3202 probi-

501 3231 648 3286 bebit
686 3230 970 3302 quominus
1006 3230 1221 3298 penitus
1247 3227 1631 3297 deprimamur.
1662 3230 1730 3282 At
1773 3237 1917 3282 recte
1944 3225 2085 3280 facta

502 3321 591 3377 illa
620 3330 749 3376 sunt
784 3319 947 3374 veluti
998 3318 1191 3373 thorax
1230 3317 1407 3382 fortis,
1437 3317 1526 3389 qui
1556 3327 1766 3372 acutmn
1810 3316 2089 3371 acerbum-

506 3428 611 3483 que
641 3413 804 3467 telum
843 3411 1085 3480 reprimit
1110 3426 1178 3466 ne
1206 3426 1341 3480 opus
1365 3425 1520 3465 suum
1551 3410 1820 3479 perficiat,
1854 3408 1947 3463 scd
1976 3409 2089 3477 ipse

502 3505 764 3559 discissus
799 3504 1022 3557 multum
1071 3502 1290 3571 periculi
1335 3511 1576 3557 removet
1626 3515 1656 3554 a
1684 3514 1928 3569 corpore.
1955 3499 2087 3554 Nam

504 3598 594 3666 qui
624 3612 744 3650 cum
784 3596 967 3650 multis
1002 3603 1114 3649 tum
1164 3594 1318 3649 bonis
1353 3603 1463 3648 tum
1500 3592 1656 3648 malis
1683 3593 1931 3662 cperibus
1966 3592 2090 3646 illuc

504 3688 762 3752 abscedit,
793 3687 1014 3743 habebit
1056 3686 1255 3756 aliquid
1303 3684 1483 3740 solatii
1516 3685 1567 3738 in
1615 3683 1913 3752 supplicio,
1956 3692 2010 3736 et
2036 3683 2087 3737 in

508 3780 868 3845 cruciatibus;
910 3778 1000 3849 qui
1043 3786 1222 3832 autem
1278 3776 1539 3831 bonorum
1591 3790 1815 3842 operum
1860 3789 2087 3843 expers,

507 3870 641 3928 mala
672 3877 872 3922 tantum
916 3882 1099 3922 secum
1130 3865 1342 3929 defert,
1369 3864 1475 3919 dici
1512 3864 1694 3933 nequit
1723 3874 1916 3932 quanta
1966 3879 2089 3932 pas-

505 3977 663 4016 surus
687 3962 793 4026 sit,
821 3959 886 4013 ad
913 3968 1173 4013 retentum
1204 3956 1519 4027 supplicium
1550 3956 1842 4025 ablegatus.
1882 3955 2090 4010 Etenim

508 4057 616 4111 illic
644 4054 1010 4125 appendentur
1033 4068 1193 4123 opera
1246 4052 1386 4106 mala
1411 4093 1427 4119 ,
1455 4067 1577 4107 cum
1600 4051 1716 4106 aliis
1743 4068 1847 4105 non
1880 4051 2090 4117 talibus,

507 4158 564 4202 et
596 4149 639 4201 si
679 4150 793 4201 haec
815 4156 1080 4216 postrema
1110 4144 1314 4199 lancem
1347 4143 1666 4213 deprimant,
1695 4157 1798 4196 non
1831 4141 2091 4196 modicam

509 4239 736 4294 salutem
759 4237 983 4293 afferent
1012 4236 1216 4291 auctori
1251 4253 1264 4289 :
1305 4250 1478 4305 neque
1508 4242 1708 4289 tantam
1745 4236 1848 4288 vim
1885 4235 2096 4289 habebit

513 4328 772 4382 malorum
792 4341 1013 4398 operum
1042 4341 1200 4392 noxa,
1230 4336 1288 4381 ut
1304 4341 1425 4381 eum
1460 4326 1527 4381 de
1557 4326 1673 4380 loco
1694 4341 1791 4380 suo
1814 4326 2096 4380 deturbare

510 4419 711 4489 possit;
751 4418 797 4472 si
826 4426 1004 4474 autem
1035 4418 1173 4472 mala
1200 4432 1360 4487 opera
1382 4418 1723 4487 prmvalcant,
1756 4418 1808 4470 in
1842 4416 2096 4487 gehenna:

512 4510 690 4580 ignem
733 4509 1076 4579 deprimunt;
1109 4523 1173 4563 eo
1201 4508 1339 4579 quod
1366 4498 1623 4563 bonorum
1664 4523 1884 4576 Operum
1912 4523 2096 4562 nume-

513 4616 603 4655 rus
624 4614 728 4654 non
757 4600 802 4654 is
825 4600 914 4665 sit,
946 4601 1035 4669 qui
1068 4599 1236 4669 possit
1269 4599 1655 4654 vehementiori
1687 4600 1934 4667 impulsui
1965 4615 2096 4653 cou-

515 4694 681 4747 trario
702 4692 970 4747 resistere.
997 4691 1108 4745 lloc
1130 4705 1287 4759 porro
1316 4705 1422 4744 non
1448 4690 1783 4744 ratiocinium
1816 4689 1975 4743 modo
2000 4705 2095 4743 uo-

512 4793 685 4836 strum
722 4781 973 4851 suggerit,
1015 4781 1108 4835 sed
1129 4770 1292 4836 etiam
1321 4781 1495 4835 divina
1538 4781 1787 4846 oracula;
1821 4781 1933 4847 ipse
1954 4782 2097 4834 enim

517 4873 688 4943 inquit
701 4871 914 4925 tlteddet
927 4870 1189 4937 unicuique
1202 4869 1476 4923 secundum
1491 4885 1643 4938 apere
1661 4870 1768 4939 ejus
1782 4868 2095 4939 (Ilotn.9..6).

518 4968 595 5018 Ac
621 4979 723 5016 non
755 4963 805 5016 iu
835 4961 1076 5032 geltenna
1107 4961 1300 5024 solum,
1332 4959 1424 5015 sed
1451 4960 1608 5013 etiam
1638 4960 1690 5013 itt
1721 4975 1885 5029 regno
1912 4961 2101 5013 discri-

519 5056 663 5107 tttina
692 5053 707 5084 Â³
737 5052 962 5122 plurima
1004 5052 1243 5121 reperias
1283 5068 1296 5101 :
1350 5049 1661 5114 Malisiane-3,
1700 5050 1905 5119 inquit,
1932 5049 2103 5104 multa

588 5188 603 5217 Î¹
644 5197 758 5259 neg.
775 5197 919 5259 unus,
1262 5180 1699 5259 quoquefln
1712 5180 1863 5259 istum
1877 5180 2033 5259 ipsum
2052 5182 2105 5232 in

519 5245 1068 5318 bvuttgettisdiceutemgt
1089 5245 1145 5299 in
1163 5245 1306 5296 domo
1331 5245 1485 5295 Patris
1516 5245 1609 5295 luci
1647 5246 1807 5293 mnttw
1829 5250 1934 5293 sunt
1964 5257 2103 5293 mun-

1196 365 1253 420 S.
1294 363 1571 421 JOANNIS
1607 363 2086 420 CIIRYSOSTOMI
2125 366 3001 427 ARClllEP.CONSTANTINOP.

3656 379 3763 435 sua

2177 491 2294 534 sunt
2322 482 2461 547 apud
2485 480 2693 537 Patrem
2723 502 2883 538 meum
2913 483 3086 554 (Jonn.
3119 489 3202 542 14.
3237 490 3326 558 2);
3359 502 3432 552 et,
3458 491 3571 545 Alta
3599 498 3766 564 gloria

2174 571 2317 635 solis,
2340 572 2443 624 alia
2469 573 2605 628 (una:
2632 573 2708 643 (l.
2729 572 2839 630 Cor.
2876 577 2961 631 15.
2981 577 3095 648 Î‘Î—).
3125 576 3194 633 Î•Î¹
3216 579 3339 649 quid
3366 582 3555 636 mirum
3584 584 3627 637 si
3648 584 3766 638 Ita-c

2179 671 2283 715 tam
2323 673 2569 719 accurate
2614 665 2934 732 distinxerit,
2981 668 3193 737 quando
3233 670 3441 726 stellam
3480 688 3691 743 quoque
3732 691 3763 727 a

2176 752 2328 806 stella
2360 752 2429 807 ibi
2458 752 2671 810 differre
2697 756 2791 810 ait.
2845 757 3041 811 llornm
3078 759 3253 829 itaque
3275 763 3446 830 gnari,
3476 778 3762 831 numquam

2175 845 2244 900 ab
2270 848 2522 902 exercitio
2559 848 2818 904 bonorum
2850 865 3070 921 cperunt
3117 853 3458 917 absistamus,
3487 871 3655 925 neque
3684 857 3763 910 la-

2178 936 2292 990 bori
2314 937 2564 993 cedamus
2601 956 2616 993 :
2661 956 2766 995 ncu
2803 943 2925 1011 quia
2969 942 3033 996 ad
3065 943 3193 997 solis
3234 943 3478 1014 lunaeque
3518 947 3763 1003 ordinem

2177 1028 2470 1083 ascendere
2499 1044 2604 1084 non
2632 1046 2938 1101 possumus,
2971 1033 3243 1089 stellarum
3272 1044 3466 1090 statum
3496 1036 3763 1108 despicia-

2178 1133 2316 1172 mus.
2346 1117 2480 1174 Nam
2509 1119 2553 1174 si
2583 1120 2742 1175 talem
2774 1122 2960 1177 saltem
2988 1123 3233 1178 virtutem
3261 1125 3676 1193 exbibuerimus,
3710 1130 3764 1183 in

2179 1210 2314 1263 cado
2334 1225 2455 1266 esse
2474 1214 2786 1282 poterimus.
2820 1214 2885 1268 Et
2909 1214 3080 1269 sinon
3106 1230 3316 1278 aurum,
3346 1232 3448 1271 non
3475 1218 3608 1287 lapis
3637 1235 3764 1289 pre-

2179 1300 2350 1355 tiosus
2395 1301 2668 1365 fuerimus,
2699 1306 2902 1374 argenti
2933 1306 3118 1360 saltem
3157 1306 3375 1376 gradum
3410 1291 3665 1364 habentes
3706 1312 3761 1364 iu

2179 1391 2526 1448 fundamento
2555 1393 2903 1449 manebimus.
2959 1394 3016 1449 ld
3060 1412 3220 1449 unum
3247 1412 3561 1461 caveamus,
3594 1414 3661 1454 ne
3696 1400 3765 1454 ad

2181 1483 2324 1537 illam
2355 1493 2691 1539 revertamur
2718 1487 3018 1549 materiam,
3046 1503 3201 1555 quam
3233 1487 3386 1541 facile
3414 1488 3547 1556 ignis
3577 1490 3761 1543 incen-

2180 1573 2279 1641 dit,
2307 1589 2441 1629 neve
2460 1590 2582 1629 cmn
2613 1577 2822 1645 egregia
2858 1576 3088 1631 facinora
3117 1578 3278 1632 edere
3310 1595 3412 1632 non
3438 1578 3694 1642 valemus,
3731 1595 3765 1634 Î»

2179 1667 2417 1722 minimis
2444 1667 2604 1721 etiam
2626 1669 2942 1723 absistamus
2974 1686 2986 1722 :
3025 1667 3077 1723 id
3101 1669 3240 1724 enim
3267 1682 3520 1725 extrema:
3542 1670 3766 1724 demen-

2185 1758 2272 1812 tias
2299 1766 2417 1813 est:
2451 1757 2592 1828 quod
2620 1758 2757 1813 absit
2779 1774 2808 1813 a
2834 1759 3007 1814 nobis.
3037 1759 3489 1825 Quemadmodum
3519 1761 3658 1816 enim
3685 1761 3771 1816 di-

2183 1851 2324 1906 vitia:
2350 1865 2623 1920 corporea:
2649 1862 2909 1922 augentur
2927 1867 3046 1907 eum
3074 1869 3256 1915 earum
3282 1865 3550 1910 amatores
3572 1871 3635 1910 ne
3656 1857 3763 1910 mi-

2183 1943 2324 1997 nima
2350 1944 2566 2014 quidem
2590 1944 2733 1998 lucra
2765 1945 3056 2015 negliguut,
3085 1947 3162 2001 sic
3202 1955 3260 2001 et
3299 1947 3603 2017 spirituales
3625 1948 3767 2003 divi-

2186 2034 2290 2088 tire.
2320 2034 2591 2105 Siquidem
2609 2035 2896 2091 absurdum
2922 2046 3023 2103 est,
3052 2037 3138 2091 ubi
3159 2037 3328 2093 Iudex
3358 2054 3425 2094 ne
3440 2039 3627 2110 frigido
3646 2042 3769 2109 qui-

2183 2124 2305 2179 dem
2337 2125 2531 2194 poculo
2562 2126 2865 2180 mercedem
2903 2138 3078 2196 negat,
3112 2143 3210 2182 nos
3245 2128 3346 2184 nisi
3385 2130 3576 2183 eximia
3606 2144 3767 2199 opera

2183 2216 2423 2281 edamus,
2464 2218 2670 2272 minora
2716 2234 2820 2273 non
2861 2235 3068 2275 curare.
3103 2220 3200 2289 Qui
3243 2222 3385 2275 enim
3417 2222 3619 2278 minem
3660 2239 3769 2278 non

2189 2309 2414 2376 spernit,
2443 2323 2568 2378 erga
2595 2309 2821 2363 maxima
2850 2326 3091 2377 magnam
3122 2312 3445 2382 diligentiam
3470 2314 3768 2377 exhibebit;

2185 2399 2273 2466 qui
2303 2415 2427 2453 vero
2471 2399 2587 2454 [nec
2627 2400 2884 2470 despicit,
2917 2402 3076 2456 etiam
3106 2403 3173 2457 ab
3212 2404 3315 2458 illis
3337 2403 3546 2458 demum
3585 2404 3774 2459 absce-

2187 2490 2278 2545 det
2307 2507 2320 2542 :
2352 2491 2493 2560 quod
2522 2507 2589 2545 ne
2610 2491 2761 2546 fieret
2780 2491 2940 2546 etiam
2969 2493 3052 2547 his
3073 2493 3372 2549 mercedem
3392 2495 3770 2565 amplissimam

2187 2582 2476 2651 assignavit
2524 2580 2788 2637 Christus.
2833 2582 2969 2649 Quid
3025 2583 3166 2640 enim
3227 2584 3432 2641 facilius
3475 2594 3577 2652 est,
3611 2601 3771 2656 quam

2188 2673 2375 2727 morbo
2406 2673 2707 2751 laborantes
2746 2676 2997 2730 visitare?
3020 2676 3141 2730 huic
3172 2685 3344 2731 tamen
3380 2678 3455 2730 rei
3487 2692 3732 2748 maguum
3752 2678 3772 2709 Â¹

2191 2763 2373 2817 tribuit
2400 2766 2698 2834 prazmium.
2732 2766 2904 2818 Vitam
2946 2767 3125 2835 itaque
3162 2769 3538 2836 sempiternam
3577 2784 3810 2839 appre-\

2192 2852 2386 2912 ltende.
2417 2854 2686 2909 delectare
2723 2856 2774 2909 in
2805 2855 3047 2918 Domino,
3084 2868 3140 2910 et
3173 2858 3411 2926 supplic-.1
3447 2859 3518 2913 illi
3548 2877 3561 2912 :
3587 2859 3773 2929 jugum

2191 2944 2320 2999 illttd
2349 2959 2514 2999 suave
2553 2945 2742 2999 iterum
2788 2948 3019 3015 suscipe,
3059 2948 3175 3003 subi
3222 2951 3335 3004 leve
3375 2965 3528 3015 onus,
3557 2951 3774 3019 dignum

2194 3035 2455 3105 principio
2501 3035 2658 3091 finem
2701 3038 2996 3106 superadde
3033 3056 3047 3092 :
3095 3056 3162 3093 ue
3216 3040 3423 3094 divitias
3464 3051 3635 3095 tantas
3672 3042 3778 3095 dif-

2191 3129 2357 3187 ï¬‚uere
2386 3133 2624 3202 p'ttiaris.
2654 3132 2786 3187 Nam
2829 3136 2873 3189 si
2918 3134 3080 3189 Deum
3112 3150 3399 3203 prmocare
3435 3150 3643 3206 pergas,
3683 3154 3779 3191 eas

2192 3238 2380 3277 omnes
2404 3239 2498 3293 per
2526 3234 2670 3294 gesta
2699 3236 2784 3278 tua
2813 3225 3041 3294 perdes;
3065 3238 3248 3279 contra
3275 3241 3401 3279 vero
3419 3226 3464 3279 si
3489 3234 3776 3296 antequam

2194 3315 2418 3370 multum
2441 3315 2616 3369 damni
2635 3317 2870 3383 accedat,
2903 3328 2955 3372 et
2984 3328 3190 3387 segetes
3220 3318 3556 3383 iuundentur,
3589 3320 3778 3387 nequi-

2195 3409 2283 3462 tia:
2306 3408 2524 3463 canales
2552 3407 2899 3471 obstruxcris,
2927 3425 3047 3478 qua:
3071 3410 3275 3480 perdita
3313 3419 3436 3463 sunt
3461 3424 3778 3478 recuperare

2193 3499 2414 3568 poteris,
2444 3498 2610 3567 iisque
2633 3515 2735 3552 uuu
2765 3499 3026 3553 modicam
3052 3499 3409 3555 accessionem
3436 3501 3625 3554 facere.
3647 3499 3778 3567 Qu.e

2194 3590 2370 3643 onmia
2419 3600 2590 3643 tecum
2637 3598 2889 3658 reputans
2929 3599 3119 3644 excute
3165 3590 3477 3658 pulverem,
3520 3591 3588 3645 de
3631 3598 3776 3645 terra

2195 3695 2374 3750 surge,
2407 3691 2459 3734 et
2485 3681 2594 3736 eris
2622 3681 2929 3735 adversario
2949 3671 3296 3736 formidabilis
3324 3700 3337 3734 :
3370 3682 3484 3752 ipse
3508 3682 3701 3752 quippe
3726 3692 3779 3736 te

2196 3771 2501 3839 prostravit,
2550 3773 2699 3841 quasi
2754 3787 2857 3825 nou
2891 3781 3251 3826 surrecturum
3291 3787 3540 3842 umquam
3570 3787 3583 3825 :
3614 3773 3658 3826 si
3685 3787 3782 3826 au-

2196 3870 2303 3915 teut
2334 3870 2384 3914 te
2404 3876 2617 3915 rursum
2655 3862 2845 3915 viderit
2869 3864 3061 3915 creetis
3101 3871 3283 3915 contra
3326 3863 3599 3928 manibus,
3630 3863 3783 3916 inex-

2197 3960 2434 4020 spectata
2458 3967 2519 4006 re
2546 3952 2822 4022 perculsus
2845 3992 2860 4016 ,
2888 3953 3100 4022 segnior
3130 3954 3235 4007 erit
3268 3953 3332 4006 ad
3371 3961 3422 4007 te
3445 3953 3620 4008 denuo
3647 3968 3780 4022 sup-

2199 4041 2580 4110 plantandum;
2626 4051 2683 4096 tu
2728 4057 2858 4098 vero
2907 4043 3107 4097 firmior
3134 4043 3352 4109 evades,
3385 4054 3441 4097 ut
3474 4059 3541 4099 ne
3573 4045 3780 4114 plagam

2199 4131 2504 4200 ltujusmodi
2529 4132 2707 4187 denuo
2733 4134 2985 4203 accipias.
3019 4133 3224 4188 Etenim
3249 4136 3289 4189 si
3312 4135 3534 4188 aliorum
3564 4137 3783 4190 calauti-

2201 4232 2335 4277 tates
2356 4237 2453 4276 nos
2475 4223 2689 4278 erudire
2705 4234 2946 4293 possunt,
2969 4226 3136 4279 multo
3171 4227 3339 4295 magis
3357 4214 3482 4289 illae,
3504 4242 3635 4296 quas
3656 4243 3778 4280 sus-

2201 4314 2476 4379 tinuimus,
2506 4328 2604 4367 nos
2627 4314 2891 4368 erudieut.
2923 4315 3072 4384 Quod
3104 4317 3154 4370 in
3187 4319 3300 4385 ipso
3344 4319 3518 4386 capite
3545 4327 3634 4371 tuo
3654 4334 3782 4387 pro-

2203 4404 2410 4472 pediem
2442 4419 2527 4458 me
2551 4403 2787 4458 visurum
2814 4416 3085 4474 exstiecto,
3109 4415 3162 4461 et
3191 4417 3241 4462 te
3270 4408 3360 4462 Dei
3386 4421 3513 4463 utttu
3551 4408 3788 4478 splendi-

2201 4495 2404 4549 diorem
2445 4494 2699 4558 futurum,
2730 4505 2785 4550 et
2814 4505 3012 4551 tantam
3042 4498 3287 4552 virtutem
3308 4498 3689 4562 exhibiturutn,
3727 4508 3787 4553 ut

2201 4587 2364 4640 etiam
2393 4586 2511 4640 aliis
2540 4586 2647 4641 illic
2671 4587 2991 4656 patrocinari
3017 4589 3212 4643 valeas.
3243 4589 3467 4644 Tantum
3498 4606 3564 4645 ne
3587 4590 3785 4659 despe-

2203 4690 2310 4741 res,
2343 4693 2513 4746 neque
2541 4678 2791 4731 concidas
2823 4677 2959 4734 :boc
2982 4681 3123 4733 enim
3156 4680 3247 4734 tibi
3265 4680 3317 4734 in
3347 4681 3493 4734 muni
3523 4683 3788 4734 sermonis

2204 4781 2512 4833 congressu,
2538 4767 2856 4837 ubicumque
2882 4779 2934 4822 te
2954 4769 3156 4836 videro,
3184 4779 3237 4823 ct
3258 4770 3483 4824 aliorum
3508 4771 3663 4824 etiam
3691 4786 3787 4825 ore

2205 4866 2451 4926 repetere
2509 4873 2613 4911 nou
2657 4859 2918 4913 cessabo:
2969 4860 3108 4929 quod
3145 4861 3189 4914 si
3231 4860 3491 4924 audieris,
3524 4859 3642 4913 aliis
3664 4876 3779 4913 am-

2209 4948 2345 5018 plius
2365 4950 2612 5002 remediis
2641 4965 2745 5003 non
2764 4950 2960 5019 egebis.

2205 5058 2633 5129 siones-Udtpsum
2673 5060 2819 5129 ÎµÎ¹Î¾á¾³Î·Î¹
2839 5059 3154 5129 ,ÎµÏ‰Î»ÏÎ¿ÎµÎ¹Î¿Î¹Î¿
3173 5061 3239 5113 ad
3269 5071 3343 5112 ÏƒÎ¿.
3361 5060 3533 5112 auxlio:
3552 5060 3786 5112 scribam

2208 5121 2501 5188 audiendum
2522 5128 2616 5188 est.
2639 5140 2659 5173 Î¹
2672 5121 2782 5176 Atia
2801 5121 3036 5188 gloria....
3048 5140 3067 5174 Î¹

2273 5185 2461 5247 Â§_t.oeo,
2498 5184 2637 5247 sat-il.
2680 5193 2733 5247 et
2775 5183 2879 5232 u'es
2917 5191 3042 5244 Mss,
3081 5183 3225 5247 huqu
3259 5191 3418 5236 Î¹Î½Î¹Î¹á½µ
3453 5186 3519 5236 rei
3557 5195 3786 5247 Î½Î·Ï…ÏƒÎ·Î¹ÏƒÎ½Î¹

2208 5243 2341 5294 nobis
2361 5250 2393 5294 Î¹Î¹
2409 5244 2525 5294 iuuit
2545 5244 2812 5307 prwmimn.

1970 5502 2383 5597 Â«esseÂ»
