4096 6392
303 352 408 410 307

305 495 458 532 πτειν
472 493 491 515 ι
502 477 595 532 .Τὸ
608 478 707 549 μὲν
720 476 827 548 γὰρ
842 477 1045 547 σφόδρα
1056 479 1436 544 καταδικάζειν
1451 482 1677 546 ἐαυτούς
1695 482 1791 537 καὶ
1804 484 1986 554 ἀμαρ-

301 558 505 622 τωλούς
528 559 735 622 καλεῖν,
761 558 959 620 κοινὸν,
983 559 1058 621 ὼς
1091 560 1287 622 εἰπεῖν,
1306 559 1397 613 καὶ
1430 563 1543 624 τοῖς
1568 562 1817 626 ἀπίστοις
1843 562 1982 616 ἐστί.

305 637 497 690 Πολλοὶ
512 637 642 706 γοῦν
662 638 757 692 καὶ
777 638 884 691 τῶν
905 639 1012 691 ἀπὸ
1022 638 1120 708 τῆς
1141 639 1343 710 σκηνῆς
1363 639 1455 692 καὶ
1475 640 1665 711 ἀνδρες
1683 642 1777 694 καὶ
1792 644 1978 709 γυναῖ-

304 734 421 782 κες,
456 719 506 770 οί
535 717 767 784 μάλιστα
800 718 1184 788 ἀναισχυντίαν
1228 718 1578 789 μελετῶντες,
1603 718 1981 784 ταλανίζουσιν

306 798 551 860 ἐαυτούς.
586 797 700 850 ἀλλ’
729 800 787 850 οὐ
821 800 958 868 μετά
989 797 1196 851 σκοποῦ
1229 798 1321 851 τοῦ
1354 800 1741 869 προσήκοντος.
1779 799 1981 871 Διόπερ

305 878 413 930 οὐδ’
431 878 495 930 ἀν
512 880 718 948 εἴποιμι
744 879 902 932 τοῦτο
924 878 1309 949 ἐξομολόγησιν
1337 879 1466 947 ἐγώ·
1500 880 1560 931 οὐ
1577 877 1687 949 γάρ
1724 879 1861 948 μετά
1888 879 1982 931 τοῦ

308 976 411 1011 κατ
420 957 606 1023 ανύξαι
627 958 723 1028 τὴν
738 957 935 1028 ψυχὴν,
950 958 1070 1010 οὐδέ
1088 958 1224 1028 μετά
1237 957 1329 1010 τοῦ
1348 957 1615 1027 δακρῦσαι
1633 957 1847 1028 πικρὸν,
1867 957 1985 1010 οὐδέ

312 1038 449 1108 μετά
462 1038 556 1089 τοῦ
576 1036 997 1103 μεταϐαλέσθαι,
1009 1037 1108 1100 τὰς
1122 1036 1397 1107 ἁμαρτίας
1412 1035 1584 1100 οὕτως
1601 1036 1983 1103 ἐξαγγέλλουσι

309 1117 408 1179 τὰς
422 1118 621 1178 αὐτῶν,
640 1116 754 1169 ἀλλ’
781 1117 914 1169 αὐτὸ
944 1116 1105 1169 τοῦτο
1127 1118 1175 1169 οί
1210 1117 1308 1187 μὲν
1337 1115 1493 1181 δόξαν
1519 1116 1670 1186 παρά
1690 1116 1797 1169 τῶν
1823 1117 1985 1169 ἀκουο

306 1196 478 1248 όντων
520 1197 611 1249 ἐπὶ
626 1200 694 1268 τῇ
715 1196 823 1249 τῶν
839 1197 1014 1265 λόγων
1048 1194 1440 1266 εὐγνωμοσύνῃ
1486 1194 1819 1265 θηρώμενοι.
1852 1195 1986 1249 Οὐδὲ

310 1274 418 1345 γὰρ
430 1275 630 1345 ὁμοίως
659 1275 994 1345 φαίνεταιτά
1010 1276 1383 1345 ἁμαρτήματα
1404 1274 1636 1345 χαλεπὰ,
1659 1276 1784 1328 ὅταν
1801 1275 1987 1347 ἕτερός

310 1372 393 1418 τις
423 1356 562 1409 αὐτά
594 1357 910 1428 ἀπαγγέλλῃ
925 1357 975 1417 ι),
995 1356 1090 1409 καὶ
1121 1356 1247 1407 ὅταν
1282 1354 1445 1417 αὐτὸς
1473 1356 1501 1407 6
1536 1353 1908 1424 τετολμηκώς.
1926 1356 2001 1419 Οί,

306 1434 369 1488 δὲ
397 1435 501 1487 ὐπὸ
524 1437 623 1506 τῆς
646 1438 880 1508 σφοδρᾶς
895 1435 1259 1505 ἀπογνώσεως
1283 1437 1361 1497 εἰς
1374 1434 1707 1505 ἀναλγησίαν
1730 1435 1990 1488 ἐκπεσόν-

311 1531 425 1577 τες,
440 1516 647 1585 καὶτῆς
668 1516 776 1569 τῶν
800 1515 1104 1587 ἀνθρώπιον
1125 1515 1281 1584 δόξης
1299 1517 1831 1584 καταφρονήσαντες,
1854 1516 1989 1584 μετά

313 1594 516 1664 πολλῆς
538 1596 637 1664 τῆς
659 1595 842 1658 ἀδείας
855 1595 1039 1648 λοιπόν
1056 1594 1248 1665 ὥσπερ
1267 1592 1524 1663 ἀλλότρια
1557 1594 1625 1646 τά
1641 1596 1816 1645 οἰκεῖα
1848 1594 1991 1647 ᾶπα-

314 1691 399 1727 σιν
429 1673 812 1745 ἐξαγορεύουσι
828 1675 989 1729 κακά.
1148 1672 1307 1725 Ἀλλά
1328 1689 1388 1724 σε
1417 1671 1623 1725 τούτων
1643 1672 1835 1725 οὐδένα
1850 1667 1988 1725 εἶναι

316 1753 599 1824 βούλομαι.
615 1754 736 1807 οὐδὲ
757 1755 816 1819 ἐξ
843 1752 1208 1823 ἀπογνώσεως
1238 1753 1330 1806 ἐπὶ
1355 1752 1456 1823 τὴν
1481 1751 1870 1822 ἐξομολόγησιν
1899 1752 1989 1823 ἐρ-

313 1832 678 1903 χεσθαι,ἀλλά
705 1835 839 1905 μετά
871 1834 1197 1906 προσδοκίας
1214 1832 1454 1901 ἀγαθῆς,
1487 1831 1581 1883 καὶ
1609 1830 1709 1899 τῆς
1740 1831 1990 1899 ἀπογνώ-

317 1913 568 1984 σεωςτὴν
605 1913 759 1984 ῥίζαν
774 1915 1086 1985 ἐκκόψαντα
1108 1914 1308 1978 πᾶσαν,
1340 1912 1443 1983 τὴν
1493 1908 1747 1962 ἐναντίαν
1785 1910 1990 1963 ἐπιδεί-

312 1992 540 2047 κνυσθαι
564 1994 819 2066 σπουδήν.
838 1995 931 2057 Τίς
953 1995 1008 2046 δέ
1024 1996 1057 2064 ἡ
1081 1995 1284 2063 ταύτης
1312 1992 1435 2063 ῥίζα
1465 1992 1558 2043 καὶ
1582 1992 1766 2061 μήτηρ
1786 1990 1932 2053 έστί;
1957 1992 1989 2061 ή

315 2072 582 2143 ῥᾳθυμία·
606 2072 806 2144 μᾶλλον
835 2073 892 2126 δὲ
922 2074 1020 2125 οὐκ
1035 2072 1102 2125 ἄν
1125 2090 1208 2134 τις
1232 2071 1388 2141 ῥίζαν
1410 2069 1691 2123 καλέσειεν
1708 2069 1876 2141 αὐτὴν
1897 2069 1991 2139 μό-

318 2169 425 2216 νον,
454 2151 591 2204 ἀλλά
623 2153 717 2205 καὶ
739 2152 937 2223 τροφὸν
958 2151 1051 2204 καὶ
1085 2150 1316 2221 μητέρα.
1342 2148 1611 2219 Καθάπερ
1629 2147 1737 2219 γὰρ
1756 2150 1848 2201 ἐπὶ
1884 2146 1992 2200 τῶν

315 2230 478 2302 ἐρίων
510 2232 679 2285 τίκτει
714 2233 813 2302 μέν
841 2233 968 2294 τοὺς
996 2232 1164 2301 σῆτας
1204 2232 1237 2299 ὴ
1266 2227 1469 2298 φθορά,
1494 2226 1720 2291 αὔξεται
1742 2227 1799 2280 δὲ
1831 2227 1992 2280 πάλιν

316 2311 409 2363 ὐπ’
432 2310 629 2364 αὐτῶν·
655 2310 800 2364 οὕτω
827 2312 921 2363 καὶ
949 2308 1183 2363 ἐνταῦθα
1211 2309 1383 2361 τίκτει
1414 2307 1514 2378 μὲν
1557 2309 1590 2377 ή
1629 2306 1871 2377 ῥᾳθυμία
1896 2305 1992 2374 τὴν

315 2390 646 2457 ἀπόγνωσιν,
658 2391 913 2461 τρέφεται
929 2389 985 2441 δὲ
1002 2388 1163 2442 πάλιν
1181 2388 1284 2440 ὐπὸ
1298 2387 1398 2457 τῆς
1414 2384 1776 2454 ἀπογνώσεως
1791 2386 1928 2455 αὐτὴ
1943 2396 1991 2449 ο,

316 2470 411 2524 καὶ
440 2470 698 2542 ἀλλήλαις
726 2470 825 2542 τὴν
842 2469 1116 2539 ἐπάρατον
1144 2466 1348 2538 ταύτην
1374 2464 1993 2537 παρέχουσαιάντίδοσιν

313 2550 541 2622 δύναμιν
569 2552 629 2604 οὐ
666 2550 867 2621 μικράν
897 2547 1536 2620 προσλαμϐάνουσιν.“¹Αν
1564 2542 1656 2599 οὖν
1684 2545 1783 2616 τὴν
1801 2544 1994 2615 ἑτέραν

315 2648 399 2693 τις
424 2630 675 2701 ἀποτέμῃ
709 2631 803 2682 καὶ
826 2627 1080 2699 διακόψῃ,
1114 2627 1404 2696 δυνήσεται
1431 2626 1524 2680 καὶ
1545 2627 1643 2695 τῆς
1667 2625 1994 2695 λειπομένης

317 2709 703 2781 περιγενέσθαι
740 2708 998 2771 εὐκόλως.
1033 2706 1169 2759 Οὔτε
1187 2707 1294 2776 γάρ
1316 2707 1343 2758 6
1367 2704 1442 2776 μὴ
1471 2704 1732 2776 ῥαθυμῶν
1759 2706 1839 2767 είς
1861 2705 1995 2757 ἀπό-

314 2809 516 2861 γνωσιν
545 2789 609 2843 ἂν
629 2790 860 2859 ἐμπέσοι
878 2788 906 2827 ἀ
930 2789 1081 2852 ποτὲ,
1104 2787 1226 2841 οὗτε
1248 2790 1276 2840 6
1302 2787 1632 2857 τρεφόμενος
1658 2786 1838 2839 ἐλπίσι
1863 2803 1997 2857 χρη-

318 2873 491 2933 σταῖς,
521 2869 616 2923 καὶ
656 2868 731 2938 μὴ
757 2867 1148 2935 ἀπογινώσκων
1170 2864 1384 2929 ἑαυτοῦ,
1422 2867 1501 2928 είς
1534 2864 1804 2934 ῥαθυμίαν
1831 2866 1994 2936 δυνή-

319 2966 473 3001 σεται
502 2949 787 3018 ἐμπεσεῖν.
817 2946 1034 3015 Ταύτην
1052 2942 1143 2998 οὖν
1161 2962 1252 3015 μοι
1276 2945 1378 3015 τὴν
1391 2943 1659 3014 ξυνωρίδα
1674 2944 1993 3009 διάσπασον,

319 3028 520 3084 καὶτὸν
538 3027 699 3095 (ζυγὸν
724 3025 1046 3095 σύγκλασον,
1071 3024 1160 3077 τὸν
1194 3025 1453 3094 λογισμὸν
1476 3023 1620 3091 λέγω
1634 3023 1725 3077 τόν
1753 3024 1995 3076 ποικίλον

316 3109 413 3163 καὶ
450 3107 639 3178 βαρύν·
664 3106 724 3159 οὐ
741 3105 850 3175 γάρ
879 3103 1154 3175 μονοειδὴς
1174 3106 1201 3157 6
1220 3103 1402 3178 ταῦτα
1410 3103 1645 3173 συνέχων
1670 3102 1837 3166 ἐστὶν,
1860 3102 1997 3156 άλλά

318 3176 603 3256 πολυειδὴς
630 3187 724 3238 καὶ
742 3183 1099 3246 παντοδαπός.
1133 3183 1229 3245 Τίς
1255 3182 1312 3235 δὲ
1347 3176 1503 3244 οὗτός
1532 3183 1671 3245 ἐστι;
1700 3181 1995 3250 Συμϐαίνει

316 3268 442 3321 τινὰ
468 3267 803 3339 μεταγνόντα
833 3264 1178 3336 κατορθῶσαι
1196 3262 1366 3316 πολλὰ
1395 3262 1488 3315 καὶ
1524 3262 1754 3331 μεγάλα,
1792 3260 1994 3331 μεταξύ

316 3348 374 3400 δὲ
392 3348 486 3401 καὶ
517 3348 782 3417 ἁμαρτεῖν
802 3344 964 3399 πάλιν
984 3344 1091 3397 τῶν
1109 3341 1550 3413 κατορθωμάτων
1566 3341 1788 3394 ἐκείνων
1812 3343 1995 3413 άμαρο

317 3428 440 3481 τίαν
466 3427 810 3499 ἀντίρροπον·
828 3426 923 3479 καὶ
950 3424 1108 3478 τοῦτο
1126 3423 1362 3492 μάλιστα
1391 3421 1667 3485 ίκανὸνεὶς
1686 3422 1996 3489 ἀπόγνωσιν

319 3507 601 3577 ἐμϐαλεῖν,
637 3506 713 3567 ὼς
738 3505 849 3558 τῶν
898 3502 1363 3573 οἰκοδομηθέντων
1410 3500 1867 3571 καθαιρεθέντων,
1902 3503 1997 3555 καὶ

320 3586 537 3640 πάντων
563 3585 788 3639 ἐκείνων
813 3586 988 3654 μάτην
1017 3583 1110 3635 καὶ
1139 3584 1219 3644 είς
1244 3580 1399 3633 κενὸν
1415 3592 1438 3618 θ
1463 3578 1804 3647 πονηθέντων
1826 3580 1994 3650 αὐτῷ.

318 3669 412 3719 Δεῖ
430 3666 486 3719 δὲ
507 3668 681 3719 ἐκεῖνο
698 3662 1027 3732 λογίζεσθαι,
1060 3660 1154 3714 καὶ
1177 3658 1365 3713 τοῦτον
1392 3658 1680 3729 ἐκκρούειν
1710 3660 1800 3711 τὸν
1854 3658 1999 3727 λογι-

322 3746 479 3815 σμὸν,
497 3746 597 3803 ὅτι.
618 3742 757 3814 εἰμὴ
778 3742 1087 3812 φθάσαντες
1113 3738 1554 3809 κατορθωμάτων
1579 3738 1776 3809 μέτρον
1813 3739 1999 3809 ἀντίρ.

324 3828 488 3896 ῥοπον
512 3827 625 3886 τοῖς
667 3821 807 3892 μετά
820 3821 995 3873 ταῦτα
1027 3818 1339 3889 γενομένοις
1373 3819 1766 3889 ἁμαρτήμασιν
1798 3817 1998 3871 ἀπεθέ-

325 3895 483 3975 μεθα,
529 3903 678 3956 οὐδὲν
705 3901 771 3954 ἂν
799 3902 947 3971 ἡμᾶς
981 3899 1187 3969 σφόδρα
1210 3899 1305 3951 καὶ
1348 3898 1651 3967 ὁλοσχερῶς
1700 3895 1997 3951 καταδῦναι

321 3985 582 4038 ἐκώλυσε.
602 3983 736 4035 Νυνὶ
749 3982 807 4034 δέ
836 3979 857 4019 ί
884 3980 1136 4050 καθάπερ
1152 3996 1234 4040 τις
1256 3977 1439 4048 θώραξ
1469 3978 1685 4047 ἰσχυρὸς
1713 3976 1867 4046 βέλος
1902 3977 1996 4043 όξύ

322 4066 415 4117 καὶ
432 4062 626 4135 πικρὸν
658 4062 759 4114 οὐκ
782 4060 988 4130 ἀφῆκεν
1004 4056 1342 4128 ἐργάσασθαι
1373 4057 1434 4109 τὸ
1472 4054 1688 4121 ἐαυτοῦ,
1706 4054 1820 4108 ἀλλ’
1838 4057 1999 4119 αὐτὸς

321 4144 637 4216 διατμηθεὶς
651 4142 742 4196 τὸν
772 4141 938 4193 πολὺν
960 4140 1133 4210 ἤμυνε
1166 4136 1244 4207 τῷ
1270 4136 1481 4207 σώματι
1501 4136 1765 4216 κίνδυνον.
1810 4138 1867 4188 Ὁ
1899 4136 1999 4207 μὲν

323 4224 432 4295 γάρ
450 4215 601 4294 μετά
624 4220 833 4275 πολλῶν
854 4219 1030 4291 έργων
1048 4219 1142 4270 καὶ
1167 4216 1388 4283 ἀγαθῶν
1413 4215 1505 4268 καὶ
1531 4215 1781 4287 πονηρῶν
1828 4217 2000 4288 ἀπερ-

323 4305 548 4375 χόμενος
580 4299 838 4365 ἐκεῖ,ἐξει
858 4299 977 4351 τινὰ
1005 4297 1357 4368 παραμυθίαν
1384 4297 1476 4349 ἐπὶ
1501 4298 1565 4366 τῇ
1590 4297 1808 4352 κολάσει
1834 4307 1859 4344 ε
1906 4298 1999 4350 καὶ

322 4387 434 4447 τοῖς
447 4382 884 4453 βασανιστηρίοις
902 4378 1148 4440 ἐκείνοις·
1163 4380 1190 4429 6
1209 4377 1264 4429 δὲ
1281 4376 1484 4429 τούτων
1510 4376 1609 4445 μὲν
1622 4375 1844 4447 ἔρημος,
1865 4378 2001 4430 ἐκεῖ·

323 4482 388 4516 να
428 4463 484 4515 δὲ
523 4462 679 4532 μόνον
710 4460 956 4527 ἐπάγων,
1010 4457 1131 4509 οὐδὲ
1168 4456 1375 4508 ἔνεστιν
1406 4458 1580 4508 εἰπεῖν
1617 4456 1717 4508 ὅσα
1751 4455 1999 4509 πείσεται

325 4543 461 4613 πρὸς
500 4543 597 4611 τὴν
631 4540 897 4594 ἀθάνατον
943 4536 1445 4607 παραπεμπόμενος
1492 4535 1732 4590 κόλασιν.
1757 4536 1867 4589 Καὶ
1890 4536 1999 4607 γάρ

325 4626 636 4688 ἀντίστασις
665 4624 815 4677 ἔσται
838 4623 955 4675 ἐκεῖ
972 4623 1064 4674 καὶ
1092 4621 1199 4673 τῶν
1223 4619 1473 4690 πονηρῶν
1490 4618 1763 4689 πράξεων,
1781 4619 1998 4672 καὶτῶν

323 4710 383 4761 οὐ
419 4708 693 4761 τοιούτων·
711 4706 815 4760 κᾶν
847 4706 943 4776 μὲν
974 4698 1131 4758 αὗται
1152 4701 1527 4756 καθελκύσωσι
1544 4703 1634 4757 τὸν
1659 4703 1843 4771 ζυγὸν,
1866 4702 2000 4756 ἔσω-

326 4809 425 4844 σαν
453 4792 515 4844 οὐ
541 4789 750 4862 μικρῶς
770 4788 860 4842 τὸν
878 4788 1114 4859 ἐργάτην
1147 4786 1238 4838 τὸν
1266 4785 1494 4849 ἑαυτῶν,
1524 4787 1619 4839 καὶ
1655 4787 1716 4839 οὐ
1746 4786 1999 4841 τοσοῦτον

330 4874 549 4943 ἴσχυσεν
581 4876 615 4945 ἡ
652 4873 752 4943 τῆς
779 4870 887 4924 τῶν
938 4868 1192 4940 πονηρῶν
1218 4868 1469 4939 πράξεων
1503 4870 1768 4938 ἐργασίας
1798 4869 1995 4940 βλάϐη,

324 4957 446 5011 ὅσον
471 4956 818 5010 κατασπάσαι
846 4954 945 5024 τῆς
965 4950 1188 5022 πρώτης
1216 4950 1398 5021 χώρας
1427 4952 1605 5004 αὐτόν·
1626 4951 1691 5004 ἃν
1713 4951 1769 5004 δὲ
1791 4955 1997 5006 ἐκεῖναι

334 5040 741 5112 περιγένωνται,
773 5042 851 5101 είς
875 5039 936 5090 τὸ
969 5038 1069 5107 τῆς
1111 5034 1333 5105 γεέννης
1360 5035 1632 5102 ἀπάγουσι
1663 5034 1795 5106 πῦρ,
1822 5036 1910 5089 διὰ
1938 5038 1999 5090 τὸ

329 5124 405 5197 μὴ
432 5125 685 5179 τοσοῦτον
716 5120 932 5178 εἶναιτὸ
949 5119 1152 5191 πλῆθος
1179 5117 1287 5172 τῶν
1317 5118 1779 5190 κατορθωμάτων,
1796 5119 1870 5184 ὼς
1904 5121 1998 5175 καὶ

388 5264 414 5317 ξι
442 5252 591 5303 Savll.
617 5261 671 5305 et
692 5254 878 5317 aliquot
898 5266 1014 5302 mss.
1034 5244 1319 5317 περιπεσεῖν.

387 5313 417 5379 ξι
442 5320 522 5365 Sic
544 5320 674 5367 Savil
719 5311 987 5379 et'quidam
1006 5311 1121 5379 ωδε,
1149 5312 1320 5379 Μοτει.
1336 5315 1409 5379 ,ρι’
1445 5311 1528 5379 alii
1550 5313 1829 5375 ἐπαγγέλλῃ.

386 5378 407 5399 ⁸
425 5380 628 5451 ιξιίξιυίὲ
669 5373 1003 5451 ὐπὸτῆς
1043 5374 1272 5451 ῥαθυμίας
1292 5373 1625 5451 αὐτή,¹ιιιὶηυε
1650 5373 1804 5451 reicio“,
1834 5377 1882 5424 ni
1906 5375 1996 5451 fal-

328 5438 415 5501 lor.
447 5435 567 5489 Inff'a
590 5440 743 5489 Savil.
770 5442 983 5501 ἀποτέμῃ
1014 5435 1107 5501 καὶ
1152 5435 1395 5496 ἀποκόψῃ.
1435 5435 1570 5484 Unus
1611 5436 1719 5484 cod.
1770 5438 1993 5501 ἀποκόψῃ

327 5500 411 5565 καῖ
433 5502 648 5565 διατέμῃ.
672 5503 843 5551 Morel.
871 5499 1027 5565 ειεΙῆ
1046 5508 1101 5548 ul
1122 5501 1173 5565 iu
1200 5503 1359 5565 loxtu.

388 5561 415 5600 ά
446 5558 583 5611 υῃυέ
603 5558 711 5612 (god,
735 5566 799 5619 εἰς
837 5564 1104 5622 ἀπόγνωσιν
1127 5558 1343 5620 ἐμπέσοι.
1371 5558 1525 5608 Salii].
1566 5561 1630 5615 εἰς
1648 5559 1917 5621 ἀπόγνωσιν
1938 5563 1995 5609 ἂν

330 5624 491 5671 πέσοι.
515 5624 685 5673 Morel.
715 5632 768 5673 et
789 5628 956 5674 caeleri
981 5629 1038 5669 ut
1056 5624 1106 5670 in
1133 5624 1293 5669 textu.

390 5686 411 5707 ⁸
437 5686 656 5744 Quatuor
680 5702 794 5737 mss.
817 5689 881 5742 εἰς
906 5686 1035 5734 κενά.
1058 5684 1232 5739 Savil.,
1254 5679 1429 5731 Morel.
1452 5690 1506 5731 et
1528 5684 1611 5732 alii
1638 5683 1703 5737 εἰς
1733 5683 1887 5732 κενόν.
1912 5684 1995 5736 In-

328 5746 569 5810 τηεμ-ιι.
592 5756 646 5797 ει
662 5762 788 5798 unus
813 5748 922 5797 cod.
946 5746 1279 5810 ἁμαρτῄμασιν
1298 5745 1668 5810 προαπεθέμεθα.

394 5806 413 5846 τ
445 5809 600 5872 Savil.
628 5816 682 5858 et
700 5812 889 5872 aliquot.
921 5805 1061 5872 mos.-
1079 5805 1159 5855 νῦν
1182 5806 1253 5853 δέ.
1301 5805 1412 5855 MO!
1457 5805 1607 5859 SaVil.
1634 5811 1689 5858 et.
1726 5826 1854 5866 unus
1880 5816 1989 5865 cod,

331 5871 595 5935 καὶπξκρὸγ
617 5871 864 5935 δεκόμενος
882 5871 988 5935 οὐκ·

396 5933 423 5973 ι
447 5933 597 5985 Savil.
628 5933 675 5981 ιν
691 5933 754 5997 τῇ
777 5934 991 5982 κολάσει.

699 6036 967 6099 ΡΑτιιοι.
1015 6038 1131 6099 Gn.
1176 6037 1426 6101 XLV".

1548 357 1641 411 AD
1680 355 2110 415 THEODOBUM
2150 359 2445 417 LAPSUM.
2488 364 2522 416 Ι.

3656 372 3760 426 508

2091 475 2384 549 δυνηθῆναι
2405 477 2599 548 στῆναι
2627 477 2766 549 πρὸς
2798 476 2887 532 τὸν
2923 478 3093 549 βίαιον
3120 481 3324 535 ἐκεῖνον
3352 482 3611 556 ὠθισμόν,
3650 489 3760 541 Καὶ

2091 556 2267 610 ταῦτα
2312 559 2412 628 οὐχ
2442 559 2472 609 6
2501 558 2769 630 ἡμέτερος
2804 559 2965 630 μόνον
3001 560 3291 616 ὑποϐάλλει
3322 563 3595 636 λογισμὸς.
3623 568 3761 622 ἀλλά

2096 639 2190 689 καὶ
2205 638 2271 692 τὰ
2292 638 2410 692 θεῖα
2433 639 2589 708 λόγια
2608 658 2622 669 ·
2647 640 2809 703 αὐτὸς
2823 640 2930 711 γάρ
2955 657 3148 713 φησιν·
3185 644 3508 701 Ἀποδώσει
3527 649 3761 717 ἑκάστῳ

2079 717 2240 797 ίκατὰ
2262 718 2335 771 τὰ
2356 719 2499 786 ἔργα
2525 719 2735 773 αὑτοῦ.
2767 720 2873 772 Καὶ
2894 720 2995 773 οὐκ
3024 723 3081 774 ἐν
3112 724 3177 794 τῇ
3202 724 3393 797 γεέννῃ
3426 727 3603 797 μόνον,
3624 729 3762 783 ἀλλά

2079 792 2187 865 ξκαὶ
2215 799 2273 850 ἐν
2302 801 2366 868 τῇ
2398 798 2644 870 βασιλείᾳ
2671 798 2872 863 πολλὰς
2891 800 2958 854 ἂν
2974 800 3122 873 εῦροι
3136 792 3220 866 τις
3239 804 3336 868 τάς
3351 792 3629 876 διαφοράς·
3642 813 3762 863 M0-

2090 876 2190 930 ναί
2221 876 2349 948 γὰρ,
2380 879 2531 947 φησι,
2564 879 2789 932 πολλαί
2823 881 2942 933 είσι
2975 880 3133 948 παρὰ
3159 880 3238 947 τῷ
3278 886 3465 954 Πατρί
3487 904 3626 955 μου·
3647 890 3759 954 καὶ,

2095 957 2281 1035 Ἄλλη
2296 956 2445 1020 δόξα
2461 955 2488 993 ¹ι
2504 958 2824 1032 ἡλίου,[54]
2841 960 2939 1012 καί
2956 959 3113 1028 ἄλλη
3132 960 3280 1026 δόξα
3295 964 3700 1035 σελήνης.Καὶ
3710 969 3764 1023 τί

2093 1034 2432 1106 θαυμαστὸν,
2459 1039 2508 1090 εί
2528 1038 2689 1109 μέχρι
2720 1038 2989 1092 τοσούτων
3017 1040 3502 1113 ἡκριϐολογήσατο,
3538 1046 3671 1099 ὅπου
3698 1065 3764 1116 γε

2092 1116 2189 1169 καὶ
2212 1116 2311 1187 τὴν
2332 1116 2564 1196 ἀστέρος
2588 1119 2723 1188 πρὶς
2744 1118 2949 1189 ἀστέρα
2974 1120 3236 1191 διαφορὰν
3258 1119 3396 1176 εἷναί
3420 1142 3584 1196 φησιν
3610 1129 3724 1180 ἐκεῖ
3745 1145 3761 1193 ;

2094 1196 2280 1278 Ταῦτα
2298 1192 2391 1278 οῦν
2415 1196 2629 1278 ἅπαντα
2650 1198 2870 1278 εἰδότες,
2892 1199 3159 1269 μηδέποτε
3173 1202 3272 1271 τῆς
3295 1202 3403 1254 τῶν
3430 1192 3648 1272 ἀγαθῶν
3674 1192 3767 1278 Ep?

2094 1276 2295 1344 γασίας
2316 1276 2664 1346 ἀποστῶμεν,
2691 1277 2827 1347 μηδὲ
2845 1278 3240 1349 ἀποκάμωμεν,
3263 1282 3416 1352 μηδὲ,
3435 1285 3654 1338 ἐπειδὰν
3685 1276 3766 1350 είς

2094 1356 2194 1438 τὴν
2212 1357 2307 1438 τοῦ
2332 1357 2483 1438 ἡλίου
2510 1355 2714 1438 τάξινῆ
2746 1359 2844 1428 τῆς
2877 1358 3105 1429 σελήνης
3120 1360 3295 1414 ἐλθεῖν
3325 1365 3400 1433 μὴ
3427 1364 3764 1438 δυνηθῶμεν,

2097 1436 2302 1505 καὶτῆς
2328 1436 2438 1489 τῶν
2450 1436 2693 1507 ἀστέρων
2723 1454 2903 1515 καταφ
2912 1439 3241 1511 ρονήσωμεν.
3260 1441 3346 1506 Ὠς
3365 1442 3473 1515 γὰρ
3491 1444 3557 1498 ἂν
3574 1436 3769 1499 τοσαύ-

2095 1532 2197 1586 την
2221 1514 2351 1594 γοῦν
2376 1516 2574 1594 ἀρετὴν
2606 1514 3411 1590 ἐπιδειξώμεθα,δυνησόμεθαί
3443 1514 3581 1578 εἶναι
3604 1526 3662 1577 ἐν
3688 1524 3769 1594 τῷ

2097 1593 2333 1665 οὐρανῷ.
2360 1593 2478 1647 Κᾶν
2494 1594 2716 1675 χρυσὸς,
2741 1595 2844 1649 κᾶν
2875 1595 3020 1660 λίθος
3038 1597 3217 1667 τίμιος
3241 1600 3314 1670 μὴ
3337 1602 3641 1673 γενώμεθα,
3670 1593 3767 1675 τὴν

2096 1675 2228 1744 γοῦν
2249 1675 2343 1728 τοῦ
2369 1674 2607 1745 ἀργύρου
2632 1676 2784 1741 τάξιν
2812 1676 3097 1745 ἐπέχοντες
3117 1680 3174 1729 έν
3201 1678 3278 1748 τῷ
3312 1678 3545 1753 θεμελίῳ
3575 1674 3735 1753 μενοῦ
3756 1715 3767 1722 -

2100 1771 2221 1825 μεν·
2254 1754 2411 1824 μόνον
2436 1754 2510 1824 μὴ
2545 1755 2678 1825 πρὸς
2713 1756 2926 1826 ἐκείνην
2949 1756 3110 1809 πάλιν
3132 1756 3228 1828 τὴν
3259 1758 3388 1828 ὓλην
3406 1760 3769 1833 παλινδρομή-

2099 1851 2303 1905 σωμεν,
2322 1835 2388 1904 ἣν
2404 1834 2643 1905 εὐχερῶς
2666 1835 2994 1903 καταφλέγει
3010 1836 3070 1889 τὸ
3086 1837 3216 1908 πῦρ,
3246 1839 3540 1910 μηδὲ.ὃταν
3562 1841 3770 1912 μεγάλα

2098 1912 2441 1983 κατορθῶσαι
2460 1912 2535 1983 μὴ
2548 1913 2883 1991 δυνηθῶμεν,
2903 1916 2996 1967 καὶ
3015 1915 3123 1968 τῶν
3151 1918 3359 1988 μικρῶν
3380 1919 3768 1991 ἀποσχώμεθα·

2099 1992 2333 2063 ἐσχάτης
2351 1994 2458 2063 γὰρ
2470 1990 2641 2045 ταῦτα
2655 1993 2838 2057 ἀνοίας
2855 1995 3022 2057 ἐστὶν,
3035 1995 3171 2066 ὅπερ
3185 1998 3258 2068 μὴ
3274 1990 3731 2070 πάθωμενέὮσπε
3742 2018 3772 2071 ρ

2099 2074 2208 2144 γὰρ
2226 2073 2255 2124 6
2285 2071 2512 2135 πλοῦτος
2544 2074 2571 2125 6
2599 2072 2908 2142 σωματικὸς
2930 2072 3148 2139 αὔξεται
3187 2077 3263 2146 τῷ
3292 2079 3425 2148 μηδὲ
3457 2078 3563 2132 τῶν
3590 2079 3773 2150 ἐλαχίο

2101 2169 2241 2204 στων
2258 2150 2837 2222 κερδῶνοκαταφρονείν
2858 2152 2981 2215 τοὺς
2998 2154 3233 2222 ἐραστάς
3246 2157 3372 2221 τοὺς
3390 2158 3618 2223 ἐκείνου,
3632 2159 3773 2212 οὕτω

2099 2231 2195 2285 καί⁸
2221 2230 2249 2282 6
2279 2232 2669 2301 πνευματικός.
2707 2231 2815 2283 Καὶ
2834 2231 2944 2301 γάρ
2961 2230 3159 2285 ἄτοπον
3186 2234 3277 2286 τὸν
3301 2235 3401 2305 μὲν
3419 2236 3609 2308 κριτὴν
3637 2238 3774 2308 μηδὲ

2098 2310 2307 2381 ψυχροῦ
2338 2310 2599 2380 ποτηρίου
2634 2309 2824 2380 μισθὸν
2853 2312 3119 2382 παρορᾷν,
3144 2314 3288 2382 ἡμᾶς
3311 2315 3387 2379 δέ,
3408 2318 3455 2368 εί
3478 2317 3552 2388 μὴ
3587 2318 3762 2370 πάνυί

2103 2390 2314 2462 μεγάλα
2330 2390 2414 2459 εἴη
2445 2389 2513 2442 τά
2548 2388 2968 2459 κατορθώματα,
2994 2391 3203 2462 καὶτῆς
3240 2393 3347 2445 τῶν
3376 2396 3586 2466 μικρῶν
3611 2399 3774 2468 ἐργα-

2103 2471 2224 2533 σίας
2246 2469 2488 2539 ἀμελεῖν.
2508 2470 2565 2521 'U
2596 2468 2694 2539 μὲν
2725 2469 2834 2539 γὰρ
2851 2469 2958 2521 τῶν
2975 2470 3271 2524 ἐλαττόνων
3290 2474 3363 2543 μὴ
3395 2476 3773 2547 καταφρονῶν,

2099 2550 2265 2621 πολλῇ
2296 2550 2391 2603 καὶ
2423 2548 2553 2620 περὶ
2582 2548 2653 2601 τά
2685 2549 2919 2619 μέγιστα
2936 2551 3197 2620 χρήσεται
3222 2554 3447 2624 σπουδῇ·
3479 2556 3576 2609 όδέ
3603 2556 3776 2610 ταῦτα

2101 2628 2379 2703 παρορῶν,
2405 2628 2501 2681 καὶ
2543 2627 2768 2709 ἐκείνων
2808 2629 3176 2700 ἀποστήσεταί
3223 2649 3351 2684 ποτε
3376 2651 3389 2664 ·
3425 2636 3561 2708 ὅπερ
3588 2637 3675 2691 ἵνα
3700 2641 3775 2709 μὴ

2101 2712 2346 2781 γένηται.
2363 2706 2674 2789 καὶτούτων
2690 2707 3102 2789 μεγάλους-τούς
3126 2712 3350 2778 μισθοὺς
3378 2706 3573 2783 ὥρισεν
3597 2719 3625 2769 ό
3644 2706 3777 2789 Χριζ

2103 2790 2245 2853 στός.
2281 2788 2464 2860 Τίγάρ
2490 2787 2584 2841 τοῦ
2611 2786 3036 2841 ἐπισκέπτεσθαι
3057 2790 3181 2852 τοὺς
3209 2791 3515 2860 κάμνοντας
3545 2786 3778 2850 εὐκολώ-

2099 2886 2286 2940 τερον;
2337 2869 2451 2920 ἀλλ’
2475 2869 2627 2947 ὅμως
2668 2867 2767 2947 καὶ
2802 2866 2995 2947 τούτου
3040 2868 3284 2940 μεγάλην
3314 2871 3647 2928 άποδίδωσιιι
3679 2876 3776 2947 τὴν

2100 2949 2358 3020 ἀμοιϐήν.
2404 2944 2695 3027 Ἐπιλαϐοῦ
2731 2946 2909 3027 τοίνυν
2929 2946 3029 3015 τῆς
3062 2950 3279 3002 αἰωνίου
3310 2949 3475 3022 ζωῆς,
3504 2944 3778 3027 κατατρύ-

2100 3046 2272 3101 φησον
2293 3027 2387 3081 τοῦ
2415 3026 2641 3096 Κυρίου,
2678 3025 2773 3077 καὶ
2805 3025 3081 3079 ἱκέτευσον
3110 3028 3292 3081 αὐτόν·
3314 3032 3476 3084 πάλιν
3492 3032 3582 3085 τὸν
3616 3025 3778 3103 ζυγὸν

2101 3109 2356 3175 άνάδεξαι
2372 3106 2464 3159 τὸν
2486 3105 2741 3178 χρηστὸν,
2774 3103 2971 3157 ὓπελθε
3000 3106 3061 3159 τὸ
3082 3108 3300 3176 φορτίον
3314 3110 3375 3162 τὸ
3390 3110 3642 3182 ἐλαφρὸν,
3662 3116 3781 3168 ἐπί-

2103 3192 2194 3254 θες
2216 3188 2364 3251 ἀξιον
2384 3185 2483 3256 τῆς
2516 3184 2689 3254 ἀρχῆς
2718 3183 2778 3236 τὸ
2816 3183 2993 3247 τέλος·
3025 3186 3099 3257 μὴ
3131 3186 3195 3258 δὴ
3223 3189 3453 3261 παρίδῃς
3478 3189 3495 3228 1
3526 3193 3781 3247 τοσοῦτον

2102 3267 2426 3339 διαρῥυέντα
2458 3263 2705 3342 πλοῦτον.
2738 3264 2836 3316 Ἂν
2886 3263 3118 3336 μὲνγὰρ
3155 3268 3419 3341 ἐπιμένῃς
3464 3270 3781 3342 παροξύνων

2101 3336 2355 3400 τὸνθεόν
2400 3345 2482 3398 δι’
2525 3336 2600 3397 ὧν
2638 3346 2835 3410 ποιεῖς,
2877 3343 3075 3396 σαυτὸν
3105 3344 3330 3409 ἀπολεῖς
3349 3336 3463 3400 ’νᾶν
3498 3336 3555 3403 δέ
3586 3351 3715 3421 πρὶν
3744 3351 3779 3421 ἢ

2103 3426 2303 3493 πολλὴν
2330 3423 2584 3492 γενέσθαι
2609 3422 2709 3493 τὴν
2758 3421 2985 3492 ζημίαν,
3010 3424 3105 3475 καὶ
3140 3425 3247 3477 πᾶν
3296 3426 3691 3499 ἐπικλυσθῆναι
3720 3429 3780 3482 τὸ

2102 3506 2388 3577 γεώργιον,
2407 3501 2728 3573 ἀποφράξῃς
2749 3500 2847 3570 τῆς
2870 3501 3069 3565 κακίας
3082 3503 3205 3565 τοὺς
3222 3504 3462 3573 ὀχετοὺς,
3478 3508 3572 3559 καὶ
3590 3508 3657 3560 τά
3672 3508 3782 3561 δια-

2102 3585 2378 3655 φθαρέντα
2396 3581 2803 3651 ἀνακτήσασθαι
2819 3581 3025 3653 δυνήσῃ
3055 3582 3236 3647 πάλιν,
3255 3584 3350 3635 καὶ
3372 3586 3565 3655 ἐτέραν
3596 3589 3780 3651 αὐτοῖς

2102 3663 2419 3736 προσθεῖναι
2436 3662 2611 3731 φορὰν
2624 3661 2686 3713 οὐ
2726 3659 2950 3730 μικράν.
2972 3660 3154 3731 "Amp
3172 3661 3389 3716 ἅπαντα
3422 3664 3780 3736 λογισάμενος

2100 3742 2421 3806 ἀποτίναξον
2434 3753 2472 3779 ιη
2490 3742 2580 3793 τὸν
2597 3739 2746 3810 χοῦν,
2769 3738 3033 3809 ἀνάστηθι
3050 3740 3159 3807 ἀπὸ
3172 3740 3270 3809 τῆς
3290 3741 3413 3811 γῆς,
3438 3744 3531 3797 καὶ
3553 3746 3781 3817 φοϐερὸς

2102 3825 2199 3896 έσῃ
2232 3823 2311 3894 τῷ
2337 3822 2710 3889 ἀνταγωνιστῇ
2732 3836 2745 3849 ·
2777 3818 2939 3881 αὐτὸς
2977 3818 3075 3888 μὲν
3104 3820 3213 3889 γάρ
3248 3837 3306 3871 σε
3346 3822 3665 3888 κατέϐαλεν,
3704 3825 3782 3887 ὡς

2102 3906 2202 3958 οὐκ
2240 3900 2679 3971 άναστησόμενον
2710 3898 2896 3951 λοιπόν
2922 3914 2937 3928 ·
2970 3897 3036 3951 ἂν
3075 3899 3131 3951 δέ
3164 3899 3247 3971 ἴδῃ
3281 3900 3441 3953 πάλιν
3473 3903 3572 3966 τάς
3594 3907 3782 3975 χεῖρας

2103 3984 2446 4054 ἀνταίροντα,
2469 3980 2548 4051 τῷ
2577 3978 2968 4059 ἀπροσδοκήτῳ
2984 3978 3231 4059 πληγεὶς,
3247 3980 3604 4052 ὀκνηρότερος
3629 3982 3781 4037 ἔσται

2105 4064 2240 4134 πρὸς
2284 4063 2346 4114 τὸ
2375 4058 2731 4114 ὑποσκελίσαι
2762 4058 2821 4109 σε
2855 4058 3041 4118 πάλιν,
3080 4058 3244 4120 αὐτὸς
3278 4060 3335 4111 δὲ
3375 4062 3783 4134 ἀσφαλέστερος

2104 4144 2200 4214 ἔσῃ
2218 4142 2353 4214 πρὸς
2368 4142 2427 4195 τὸ
2450 4140 2647 4211 μηκέτι
2661 4137 2881 4211 τραῦμα
2904 4136 3142 4191 τοιοῦτον
3158 4138 3361 4192 λαϐεῖν.
3378 4142 3442 4194 Εἰ
3460 4142 3567 4212 γάρ
3596 4144 3651 4195 αἱ
3675 4144 3782 4195 τῶν

2104 4224 2277 4277 ἄλλων
2299 4223 2445 4292 ἡμᾶς
2482 4221 2666 4274 ἱκαναὶ
2695 4217 2982 4271 παιδεῦσαι
3016 4219 3314 4289 συμφοραὶ,
3354 4220 3535 4293 πολλῷ
3581 4221 3781 4292 μᾶλλον

2104 4303 2169 4365 ἃς
2190 4301 2563 4372 ὑπεμείναμεν
2581 4309 2608 4335 ιι
2625 4298 2800 4350 αὐτοί.
2822 4298 2998 4365 Ὅπερ
3019 4298 3113 4350 καὶ
3143 4299 3237 4350 ἐπὶ
3260 4300 3357 4369 τῆς
3383 4301 3480 4370 σῆς
3498 4303 3782 4373 προσδοκῶ

2105 4382 2316 4451 ταχέως
2341 4378 2568 4450 ὄψεσθαι
2596 4376 2857 4447 κεφαλῆς,
2897 4375 2992 4429 καὶ
3028 4376 3189 4429 πάλιν
3220 4381 3288 4449 τῇ
3326 4377 3420 4431 τοῦ
3468 4380 3603 4433 Θεοῦ
3637 4384 3778 4455 ῥοπῇ

2108 4458 2454 4531 φαιδρότερόν
2484 4475 2541 4510 σε
2566 4456 2843 4524 γενέσθαι,
2870 4456 2964 4507 καὶ
2991 4455 3262 4527 τοσαύτην
3290 4460 3658 4526 ἐπιδείξασθαι
3680 4462 3781 4534 τὴν

2106 4540 2327 4611 ἀρετὴν,
2351 4538 2426 4601 ὡς
2446 4537 2538 4590 καὶ
2567 4536 2767 4605 ἐτέρων
2809 4534 3111 4605 προστῆναι
3160 4538 3293 4590 ἐκεῖ.
3319 4539 3495 4592 Μόνον
3529 4541 3603 4611 μὴ
3646 4544 3782 4596 ἀπο-

2103 4620 2267 4690 γνῷς,
2300 4618 2436 4690 μηδὲ
2459 4618 2757 4688 ἀναπέσῃς·
2773 4615 2931 4668 τοῦτο
2953 4616 3061 4686 γάρ
3080 4634 3158 4669 σοι
3184 4618 3278 4669 καὶ
3306 4620 3456 4691 παρά
3485 4623 3661 4676 πάντα
3689 4625 3781 4678 τὸν

2106 4700 2285 4768 λόγον,
2299 4699 2393 4752 καὶ
2405 4699 2538 4750 ὅπου
2553 4697 2596 4750 δ’
2611 4696 2677 4749 ἂν
2693 4696 2808 4762 ἴδω,
2824 4696 2918 4748 καὶ
2932 4694 3001 4746 δι’
3017 4695 3218 4765 ἐτέρων
3231 4699 3290 4751 οὐ
3306 4699 3584 4772 παύσομαι
3597 4702 3779 4755 ἐπιλέ-

2102 4796 2236 4849 γων·
2253 4778 2355 4833 κᾶν
2375 4778 2565 4831 τούτου
2577 4776 2837 4847 ἀκούσῃς,
2850 4775 3032 4830 οὐκέτι
3056 4775 3222 4849 δεήσῃ
3236 4780 3543 4851 φαρμάκων
3556 4781 3777 4853 ἐτέρων.

2163 5006 2202 5080 ιι,
2218 5008 2343 5080 Reg:
2369 5017 2496 5080 onus
2515 4999 2756 5080 διαφεροίςρ
2775 4995 2869 5074 Καὶ
2884 4992 3037 5080 ζᾶκουξ
3057 4992 3204 5080 αξτυῦ
3223 4993 3309 5069 τοῦ
3326 4998 3534 5061 Χριστοῦ
3555 5002 3603 5080 ἐν
3624 5004 3779 5080 Βραγ-

2103 5056 2275 5135 γελίοις
2294 5056 2522 5135 ξίπόντος,
2547 5056 2682 5135 «ιηἘν
2803 5056 3039 5135 σξῖξίςιλτρῖ)
3070 5056 3282 5135 Ημτρόξν
3305 5056 3570 5135 μουυμοναὶ
3593 5056 3781 5135 ιπολλάί

2103 5119 2215 5195 ἐίσι.
2239 5119 2274 5175 ν’
2290 5119 2500 5195 Τὸῌαύτὸ
2514 5119 2667 5195 ’τοῦτο
2687 5119 2873 5195 milia?)
2907 5119 3203 5166 Ἀποστόλου
3241 5119 3501 5184 Κορινθίοις
3522 5126 3782 5189 γράφοντος

2103 5193 2232 5242 ἐστιν
2260 5190 2481 5243 ἀκοῦσαι·
2509 5209 2533 5231 (ι
2558 5188 2709 5241 ¹Ἀλλη
2731 5183 2859 5236 δόξα.
2884 5200 2907 5223 ιι

2169 5241 2290 5306 ίδὶε
2307 5267 2420 5302 mss.
2434 5264 2627 5308 omnBS,
2649 5241 3164 5313 υῐὶοῖεκθθρίοδπέι
3178 5243 3268 5313 ἕῳε
3290 5244 3435 5313 Υᾲρὴ·
3461 5246 3777 5313 ἐπιδείξωμεν.

2103 5303 2415 5384 δυνξΜοιςεὶ.
2434 5313 2536 5384 ἕως
2570 5303 2661 5384 γάρ
2699 5303 2770 5384 ἆνζ
2794 5303 3033 5384 τοσαύμγ
3056 5303 3170 5384 γρῦν
3207 5303 3377 5384 ἀρετ-ἠν
3398 5303 3778 5384 ἐπιδεῖξαιδύνῃέ

2104 5364 2300 5442 ἀδμεόά,
2330 5379 2377 5425 ἐν
2398 5377 2468 5442 τῇ)
2692 5372 2896 5442 pagg»:
2925 5364 3191 5442 ΛέσόμεθαΛ-,ν
3210 5364 3344 5415 Unus
3369 5370 3650 5442 _code_x__d)g
3683 5364 3779 5442 ’γάρ

2103 5427 2338 5498 tot}de
2361 5427 2475 5500 γοῦν
2494 5427 2662 5499 ἀρέτήν
2686 5428 2997 5482 ἐπιδείξασθαι
3020 5427 3305 5500 δυπιίξῶμεγ,
3333 5438 3521 5500 ειεη-οι
3541 5427 3714 5500 Μοεειῖ

2167 5488 2715 5555 ιέὶόδένὶὶβίόηιίιεε
2739 5502 2869 5559 pen_e
2892 5501 3008 5559 losg.
3036 5488 3417 5559 Il1_Moi;e|.1_t_oivo
3440 5488 3600 5559 deest.
3626 5496 3778 5546 Paulo

2099 5550 2214 5627 ροει
2228 5550 2362 5627 oliuis
2383 5560 2689 5623 καταφρονεῖν
2714 5550 2803 5619 ι)ὶο
2825 5550 3043 5627 ἀμελεῖνζ
3073 5550 3181 5627 hic!
3194 5552 3359 5627 “Savil.
3387 5556 3461 5604 ἐπὶ
3480 5558 3539 5605 τά
3560 5559 3779 5620 μέγισται,

2164 5614 2366 5677 lI'Savil.
2393 5631 2446 5672 et
2471 5614 2574 5671 ηεξ
2590 5614 3070 5681 ωεεῖμεγάληῖζήμῖν
3091 5614 3233 5681 ἀποδ,

2165 5688 2184 5728 1
2214 5672 2298 5739 ἐξά
2313 5672 2530 5749 ᾇυαιυοι·
2553 5672 3446 5749 mss._Sa'yiLol‘MQtelﬁepdamJnfl-g
3470 5692 3640 5749 omnes
3660 5695 3777 5749 mss.

2020 5760 2040 5779 “
2100 5757 2152 5802 et
2172 5735 2517 5805 δξῆί1.’ποιεῖς,
2542 5746 2715 5795 σαυτὸν
2736 5735 2946 5792 ἀπολεῖς·
2974 5735 3162 5805 Μοτθιί
3178 5735 3297 5805 γεὲσ
3318 5742 3466 5797 ποιεῖς
3486 5742 3672 5791 ἅπαντα
3692 5745 3778 5793 αὐ-

2097 5798 2407 5868 τόνῄἀπολεῖς.
2434 5798 2555 5859 Ibid.
2584 5806 2774 5867 aliquot
2795 5817 2912 5852 mss-
2937 5798 3019 5844 καὶ
3039 5800 3242 5859 παντελῆ
3268 5805 3544 5863 κλυσθῆναι.

2156 5878 2196 5906 ¹¹²
2219 5876 2369 5925 Savil.
2392 5878 2446 5922 et
2465 5884 2593 5920 unus
2614 5868 2906 5922 ἀποτίναξαι.

2168 5940 2199 5967 ⁸⁸
2227 5937 2429 5997 Quidam
2450 5947 2564 5983 mss.
2593 5931 2939 5993 ὑπομείνωμεν,
2964 5944 3091 5979 unus
3125 5931 3435 5993 ὑπομένομεν.

3269 6044 3337 6096 l7
