4096 6392
362 368 474 425 309

1284 506 2969 533 ._—__.._________

1497 374 1587 429 AD
1626 375 2047 434 TIIEODORUM
2091 378 2381 436 LAPSUM.
2444 384 2509 437 ll.

3540 393 3642 451 310

1343 595 1887 680 EJUSDEM
1935 599 2095 681 AD
2152 601 2670 688 EUMDEM

1404 773 2579 913 THEODORUM

1574 995 1851 1087 ‘iEiber
1922 1000 2332 1094 secnubns
2372 990 2435 1088 ¹.

1810 1172 1847 1213 re
1861 1166 2175 1220 «Zama»

433 1295 483 1350 1.
512 1294 568 1349 Si
599 1294 752 1349 ﬂetus
780 1303 997 1362 possent
1017 1305 1069 1347 et
1091 1293 1316 1361 gemitus
1344 1308 1440 1362 per
1470 1292 1651 1347 literas
1677 1293 1939 1359 exhiberi,

362 1382 446 1439 his
467 1385 720 1454 repletam
746 1385 1021 1453 epistolam
1043 1384 1109 1438 ad
1133 1393 1181 1438 te
1203 1383 1487 1437 misissem.
1518 1384 1776 1453 Equidem
1805 1384 1908 1439 ﬂeo
1927 1428 1942 1450 ,

362 1492 467 1530 non
491 1476 629 1546 quod
656 1485 993 1545 paternarum
1022 1490 1197 1529 rerum
1224 1475 1631 1529 sollicitudinem
1654 1490 1828 1544 geras,
1854 1477 1946 1529 sed

359 1568 499 1637 quod
525 1585 588 1621 ex
619 1569 837 1621 fratrum
858 1577 907 1620 te
927 1566 1166 1636 catalogo
1186 1566 1469 1631 deleveris,
1488 1568 1628 1637 quod
1649 1578 1799 1637 pacta
1826 1584 1945 1623 cum

358 1661 575 1715 Christo
598 1662 720 1713 inita
748 1660 1055 1715 calcaveris.
1083 1659 1164 1714 Ad
1189 1660 1303 1714 hzec
1329 1661 1541 1727 horreo,
1570 1676 1731 1731 super
1747 1660 1831 1715 bis
1847 1677 1940 1715 an-

359 1769 475 1822 gor,
501 1766 777 1822 propterea
804 1753 965 1808 timeo
985 1762 1038 1806 et
1056 1762 1245 1820 tremo,
1265 1768 1460 1823 gnarus
1493 1753 1681 1808 horum
1701 1762 1944 1809 contem-

359 1855 504 1914 ptum
521 1862 760 1914 magnam
774 1846 960 1901 afferre
972 1846 1464 1901 condemnationem
1480 1847 1657 1917 iis.qui
1672 1850 1722 1902 in
1738 1863 1941 1902 sacram

360 1936 496 1991 hanc
529 1938 768 1990 militiam
790 1937 1059 2006 adscripti,
1098 1954 1192 2008 per
1221 1939 1497 2007 segnitiem
1530 1940 1767 1994 ordinem
1786 1955 1941 1995 suum

357 2029 883 2094 deseruerunt.Quod
902 2038 1076 2082 autem
1091 2029 1405 2098 supplicium
1421 2031 1484 2085 iis
1495 2030 1812 2085 destinatum
1830 2036 1955 2102 gra-’

356 2121 474 2175 vius
490 2122 665 2185 sit,vel
684 2136 746 2175 ex
772 2138 828 2174 re
846 2122 955 2190 ipsa
976 2121 1188 2190 planum
1212 2122 1590 2177 est.Privatum
1609 2124 1748 2178 enim
1769 2124 1940 2178 homic

356 2228 478 2266 nem
505 2228 662 2267 nemo
682 2212 905 2266 desertae
937 2214 1137 2268 militia:
1164 2217 1491 2270 accusaverit
1512 2233 1527 2281 ;
1548 2216 1641 2271 sed
1664 2218 1751 2287 qui
1774 2218 1938 2271 semel

355 2303 509 2358 miles
538 2302 756 2357 effectus
785 2314 906 2369 est,
940 2304 983 2357 si
1027 2304 1080 2359 in
1126 2304 1431 2360 desertione
1471 2306 1898 2376 deprehendatur
1921 2350 1934 2371 ,

352 2404 593 2450 extremo
621 2396 857 2465 periculo
886 2395 1143 2465 subjacet.
1170 2396 1284 2450 Non
1315 2405 1398 2451 est
1424 2412 1585 2465 grave
1611 2439 1624 2463 ,
1657 2398 1937 2453 Theodore

350 2486 624 2541 carissime
643 2528 658 2554 ,
689 2496 979 2542 certantem
1008 2486 1201 2543 cadere
1225 2529 1239 2552 ,
1267 2487 1362 2543 sed
1401 2489 1452 2542 in
1493 2489 1642 2557 lapsu
1672 2504 1889 2544 manere
1917 2508 1931 2543 :

349 2594 454 2635 non
487 2590 567 2635 est
595 2581 952 2652 perniciosum
985 2590 1305 2651 pugnantem
1349 2583 1658 2647 vulnerari,
1691 2583 1785 2638 sed
1817 2593 1935 2652 post

348 2670 603 2726 inﬂictum
633 2672 824 2726 vulnus
853 2672 1139 2741 desperare
1168 2681 1221 2728 et
1250 2674 1457 2743 plagam
1488 2675 1775 2745 negligere.
1802 2675 1931 2730 Nul-

346 2762 431 2816 lus
462 2772 727 2817 mercator
757 2762 1089 2834 naufragium
1126 2778 1311 2834 passus
1333 2807 1348 2830 ,
1379 2765 1681 2835 amissoque
1724 2782 1887 2823 onere
1913 2810 1927 2833 ,

346 2854 595 2923 navigare
621 2854 776 2908 desiit
807 2871 819 2906 :
849 2854 940 2908 sed
975 2870 1182 2909 rursum
1211 2871 1361 2911 mare
1384 2896 1397 2921 ,
1430 2855 1622 2911 ﬂuctus
1647 2897 1663 2918 .
1696 2866 1929 2911 vastum-

345 2960 447 3013 que
469 2945 683 3014 pelagus
706 2956 941 3014 permeat
968 2988 982 3010 ,
1012 2946 1338 3015 amissasque
1361 2948 1609 3015 pecunias
1629 2959 1924 3018 recuperat.

343 3036 587 3089 Athletas
615 3052 824 3105 quoque
855 3035 1094 3089 videmus
1125 3046 1245 3105 post
1273 3036 1581 3106 frequentes
1618 3038 1797 3108 lapsus
1838 3056 1929 3094 co-

343 3130 521 3184 ronari
569 3148 582 3183 :
631 3130 783 3184 miles
824 3130 982 3184 etiam
1028 3132 1214 3201 saepe’
1280 3141 1397 3199 post
1433 3131 1607 3201 fugam
1636 3173 1650 3197 ,
1707 3132 1928 3185 bellator

339 3233 589 3277 Strenuus
628 3222 835 3287 evasit,
870 3221 1153 3291 hostesque
1192 3222 1509 3292 proﬂigavit.
1556 3223 1704 3276 Multi
1747 3234 1924 3278 autem

340 3315 495 3382 quivi
526 3323 911 3368 tormentorum
948 3313 1095 3367 fracti
1124 3313 1394 3367 Christum
1426 3324 1766 3382 negaverant,
1798 3315 1921 3368 red-

339 3406 600 3475 integrato
646 3406 936 3460 certamine
986 3404 1223 3475 martyrii
1264 3421 1514 3459 coronam
1566 3416 1919 3475 reportarunt.

336 3498 488 3567 Quod
519 3498 561 3552 si
593 3513 779 3552 eorum
808 3496 1031 3566 quilibet
1059 3496 1126 3550 ob
1153 3497 1383 3565 priorem
1416 3498 1619 3566 plagam
1647 3496 1924 3567 desperas-

336 3600 455 3658 set,
488 3605 771 3659 numquam
803 3588 1136 3653 sequentium
1177 3588 1435 3641 bonorum
1480 3586 1708 3641 fructum
1737 3603 1919 3658 perce-

336 3683 519 3751 pisset.
574 3680 649 3735 lla
690 3689 744 3735 et
786 3696 965 3746 nunc,
1024 3682 1194 3735 amice
1239 3679 1515 3735 Theodore
1542 3680 1584 3744 ³,
1638 3697 1743 3747 ne,
1798 3683 1919 3751 quia

334 3774 579 3827 inimicus
610 3784 661 3827 te
692 3788 720 3827 a
753 3774 980 3828 statione
1008 3772 1272 3843 paululum
1296 3772 1633 3839 deturbavit,
1667 3782 1717 3828 te
1744 3775 1916 3843 ipsum

336 3866 389 3919 in
421 3865 769 3934 pra‘cipitium
790 3865 1064 3930 decutias;
1096 3865 1189 3918 sed
1216 3875 1428 3919 strenue
1457 3868 1690 3922 consiste
1714 3908 1728 3933 ,
1762 3877 1816 3923 et
1852 3870 1915 3922 ad

334 3958 507 4012 locum
542 3957 681 4012 unde
708 3958 883 4012 exiisli
910 3958 1016 4011 cito
1042 3957 1271 4026 remigra
1306 3974 1318 4010 :
1355 3972 1420 4011 ne
1450 3959 1646 4028 probro
1677 3960 1769 4014 tibi
1800 3960 1916 4015 fore

336 4056 485 4118 putes
514 4049 670 4102 talem
709 4058 829 4117 post
874 4048 1077 4116 plagam
1123 4056 1395 4116 acceptam
1440 4048 1686 4103 reditum.
1732 4049 1915 4119 Neque

331 4140 473 4194 enim
506 4138 863 4209 reprehendas
897 4139 1118 4191 militem
1143 4179 1158 4205 ,
1182 4153 1302 4192 cum
1330 4138 1395 4193 de
1417 4140 1600 4208 prrelio
1629 4144 1914 4196 revertitur

331 4232 641 4286 vulneratus
676 4248 688 4283 :
719 4230 1063 4301 opprobrium
1101 4246 1231 4285 sane
1271 4240 1354 4285 est
1391 4247 1536 4286 arma
1573 4234 1832 4303 projicere
1862 4245 1915 4289 et
1949 4306 1954 4311 ν

329 4324 517 4395 procul
546 4326 612 4377 ab
644 4323 885 4376 hostibus
930 4323 1191 4377 removeri
1221 4340 1235 4386 ;
1273 4322 1522 4393 quamdiu
1554 4333 1728 4379 autem
1763 4326 1910 4395 quis-

330 4417 469 4484 piam
503 4416 552 4467 in
583 4412 829 4468 conﬂictu
862 4421 1074 4478 manet,
1106 4413 1315 4467 etiamsi
1358 4412 1578 4468 feriatur
1615 4425 1667 4469 et
1711 4416 1908 4485 paulis-

330 4521 425 4575 per
468 4506 661 4571 cedat,
722 4519 878 4557 nemo
926 4504 994 4557 ita
1044 4503 1210 4557 durus
1257 4518 1317 4557 ac
1367 4503 1571 4559 bellicae
1616 4505 1909 4575 disciplina:

327 4612 519 4665 expers
566 4604 680 4658 est,
718 4603 771 4648 ut
801 4594 903 4649 hoc
952 4594 1030 4648 illi
1054 4594 1077 4624 ‘
1114 4594 1240 4647 vitio
1269 4606 1458 4650 vertat.
1516 4595 1631 4649 Non
1669 4612 1907 4666 pugnan-

328 4690 459 4743 tium
504 4689 698 4759 quippe
743 4696 825 4741 est
864 4704 966 4741 non
1014 4688 1322 4742 vulnerari:
1368 4689 1455 4758 qui
1501 4696 1678 4742 autem
1716 4703 1907 4758 magno

325 4781 504 4836 animo
549 4780 729 4834 hostes
763 4779 1112 4843 adoriuntur,
1154 4794 1297 4849 smpe
1339 4778 1599 4833 feriuntur
1639 4786 1693 4833 et
1730 4781 1906 4834 conci-

324 4873 496 4937 dunt,
557 4883 613 4924 ut
659 4871 750 4925 tibi
802 4885 940 4923 nunc
984 4872 1241 4939 contigit,
1291 4870 1380 4939 qui
1430 4869 1557 4924 dum
1605 4856 1903 4938 serpentem

324 4961 569 5015 occidere
592 4961 843 5014 nitebaris
859 5002 873 5026 ,
903 4977 1083 5014 morsu
1105 4962 1410 5014 vulneratus
1431 4975 1509 5015 es.
1531 4961 1634 5015 Sed
1656 4962 1863 5017 confide
1885 5004 1899 5026 ,

323 5053 611 5107 sobrietate
639 5053 905 5121 paululum
929 5053 1091 5106 utaris
1110 5062 1355 5121 oportet,
1389 5054 1696 5123 nullumque
1725 5054 1905 5108 vulne-

323 5144 396 5197 ris
423 5144 701 5213 vestigium
727 5143 1019 5198 remanebit
1054 5162 1066 5197 :
1100 5144 1206 5198 itno
1248 5159 1374 5199 vero
1412 5160 1509 5214 per
1548 5145 1641 5199 Dei
1682 5148 1902 5215 gratiam

377 5276 390 5305 '
410 5275 483 5337 sic
498 5272 657 5337 Morel.
675 5279 728 5337 et
739 5286 865 5322 unus
885 5273 989 5322 cod.
1005 5273 1154 5337 00lb_.;
1172 5271 1294 5322 alius
1310 5275 1426 5337 item
1436 5274 1587 5337 Colh.,
1605 5275 1827 5337 Ejusdem
1840 5278 1905 5327 ad

321 5335 543 5385 mandem
564 5334 759 5397 epistola
779 5343 842 5397 Η.
860 5335 1205 5397 TertiusColb.,
1223 5334 1437 5397 ejusdem
1448 5336 1513 5386 ad
1529 5334 1750 5386 eunidem
1767 5338 1907 5387 Thm-

323 5400 496 5447 dorum
530 5396 956 5459 adhortatoriusin
986 5398 1181 5459 modum
1215 5396 1428 5456 epistola:
1471 5407 1635 5447 Sermo
1661 5401 1903 5459 ll.Savil.,

321 5456 639 5521 Chrysotomi
657 5458 721 5507 ad
754 5458 975 5523 eumdem
1000 5457 1292 5523 Theodorum
1316 5459 1501 5523 lapsum
1521 5471 1586 5509 ea:
1608 5461 1784 5523 optima
1813 5456 1908 5512 tite

321 5519 548 5584 sermo].
571 5529 660 5567 ωι-
684 5527 847 5584 autem
868 5520 972 5568 haec
996 5519 1196 5584 epistola
1222 5519 1765 5584 addrheodorumgqua:
1787 5537 1906 5573 vere

321 5582 531 5631 secunda
545 5588 634 5639 est,
651 5583 799 5642 prima
810 5581 996 5630 locetur
1008 5584 1052 5629 in
1065 5583 1179 5629 Edit.
1196 5581 1314 5630 Savil
1324 5618 1356 5640 .,
1368 5584 1414 5630 in
1424 5585 1597 5631 Monito
1608 5581 1787 5632 dictum
1799 5584 1906 5635 fuit.

380 5652 401 5682 ι
419 5641 555 5691 savil.
572 5650 622 5691 et
637 5641 807 5691 emnes
818 5650 921 5691 Mss.
936 5644 1283 5704 habent,swpe.
1297 5650 1345 5691 In
1361 5644 1554 5693 Morel.d
1562 5652 1670 5695 eest
1680 5645 1783 5694 haec
1794 5660 1909 5698 vox.

388 5708 409 5738 ³
429 5714 540 5761 vox,
561 5704 813 5763 "madore,
838 5705 983 5753 deest
1006 5707 1052 5753 in
1074 5705 1264 5753 duobus
1287 5711 1390 5753 Mss.

387 5768 408 5799 ι
432 5776 547 5820 \‘ox.
582 5765 652 5814 illi
670 5804 683 5822 ,
712 5781 758 5815 in
797 5768 951 5817 tribus
973 5775 1075 5817 Mss.
1103 5767 1263 5818 deest.
1291 5766 1410 5817 Infra
1451 5767 1547 5818 duo
1571 5775 1674 5819 Mss.
1701 5782 1797 5819 non
1820 5769 1908 5819 ha-

322 5828 466 5891 bent,
491 5838 536 5880 et
557 5828 824 5881 concidunt.

2054 1316 2222 1384 ipsius
2250 1318 2461 1388 maligni
2488 1330 2646 1390 caput
2666 1321 3005 1392 confringes;
3037 1339 3207 1394 neque
3235 1334 3285 1380 te
3309 1330 3625 1394 conturbet,

2055 1408 2195 1476 quod
2223 1410 2328 1463 cito
2349 1418 2401 1464 et
2420 1411 2488 1465 ab
2508 1413 2622 1481 ipso
2644 1413 2902 1483 principio
2922 1416 3254 1485 eompeditus
3280 1418 3463 1475 fueris.
3492 1420 3640 1476 Vidit

2056 1499 2199 1552 enim
2224 1540 2239 1565 ,
2268 1510 2322 1554 et
2346 1502 2591 1557 celeriter
2619 1503 2749 1556 vidit
2778 1504 3039 1574 malignus
3068 1506 3155 1561 ille
3177 1509 3338 1562 animi
3369 1511 3442 1564 tui
3474 1512 3640 1566 virtu-

2054 1598 2158 1644 tem
2186 1633 2199 1655 ,
2221 1600 2274 1646 et
2293 1608 2358 1647 ex
2380 1594 2560 1649 multis
2581 1594 2746 1664 signis
2771 1637 2786 1661 ,
2818 1606 2876 1650 ut
2900 1606 3147 1653 strenuus
3177 1600 3277 1655 sibi
3301 1602 3637 1659 adversarius

2052 1682 2196 1736 vires
2224 1693 2442 1753 augeret
2470 1683 2703 1740 futurum
2736 1689 3015 1758 praesensit
3048 1710 3060 1742 :
3093 1705 3217 1744 eum
3255 1692 3396 1747 enim
3425 1694 3513 1764 qui
3543 1696 3635 1749 tali

2052 1781 2303 1843 tantoque
2338 1775 2514 1830 studio
2553 1788 2737 1833 contra
2772 1793 2830 1834 se
2862 1781 2944 1835 vel
2978 1780 3046 1836 ab
3089 1782 3239 1839 initio
3266 1794 3505 1842 uteretur
3526 1831 3542 1852 ,
3590 1791 3635 1843 si

2049 1876 2419 1933 perseveraret
2445 1907 2460 1932 ,
2488 1867 2639 1923 facile
2666 1884 2723 1923 se
2744 1869 3131 1926 debellaturum
3151 1888 3271 1930 esse
3290 1878 3631 1935 existimavit.

2049 1954 2276 2024 Ideoque
2324 1956 2627 2024 festinavit,
2672 1961 2986 2028 excubavit,
3031 1972 3277 2036 totusque
3312 1977 3497 2023 contra
3539 1980 3627 2036 te,

2049 2046 2160 2101 imo
2188 2049 2360 2117 potius
2387 2061 2571 2105 contra
2612 2060 2772 2121 caput
2804 2068 2958 2107 suum
2993 2055 3277 2111 insurrexit
3300 2099 3315 2121 ,
3361 2060 3405 2112 si
3452 2068 3632 2117 tamen

2044 2140 2276 2194 volueris
2302 2149 2520 2196 strenue
2544 2142 2823 2199 obsistere.
2854 2144 2982 2211 Quis
3025 2147 3165 2201 enim
3205 2148 3441 2205 celerem
3486 2152 3629 2207 illam

2046 2236 2189 2282 tuam
2217 2272 2229 2293 ,
2254 2231 2518 2286 sinceram
2541 2242 2698 2303 atque
2724 2233 3015 2290 ferventem
3037 2236 3102 2291 ad
3126 2238 3259 2292 bona
3282 2241 3629 2298 mutationem

2044 2336 2148 2373 non
2184 2323 2403 2377 miratus
2434 2325 2558 2379 est?
2585 2324 2874 2394 Epularum
2904 2329 3045 2382 enim
3077 2330 3361 2386 oblectatio
3386 2344 3628 2390 contem-

2043 2411 2152 2478 ptui
2182 2421 2333 2477 erat,
2380 2414 2537 2468 luxus
2577 2417 2800 2470 vestium
2831 2418 3252 2487 vilipendebatur
3275 2465 3288 2487 ,
3319 2424 3626 2480 calcabatur

2040 2501 2205 2557 fastus
2226 2505 2405 2559 omnis
2426 2546 2441 2567 ,
2469 2516 2575 2561 t0ta
2605 2508 2691 2562 illa
2714 2519 2947 2565 externae
2969 2511 3317 2583 philosophiae
3344 2532 3471 2572 cura
3496 2533 3627 2573 con-

2038 2593 2217 2649 fertim
2248 2596 2299 2649 in
2322 2598 2497 2653 divina
2520 2599 2727 2669 eloquia
2751 2602 3003 2655 translata
3033 2603 3205 2658 fuerat
3235 2624 3247 2659 :
3278 2607 3488 2663 lectioni
3511 2609 3628 2665 dies

2036 2686 2192 2741 solidi
2220 2731 2234 2754 ,
2264 2690 2492 2745 orationi
2523 2701 2706 2747 noctes
2736 2694 2955 2764 integrae
2981 2696 3374 2765 deputabantur
3400 2721 3411 2753 :
3445 2712 3621 2771 pater-

2039 2794 2123 2832 na:
2152 2780 2424 2850 dignitatis
2452 2784 2592 2837 nulla
2616 2786 2817 2839 mentio
2843 2827 2857 2851 ,
2884 2786 3184 2842 divitiarum
3208 2792 3350 2845 nulla
3376 2796 3622 2849 recorda-

2034 2870 2109 2924 tio
2139 2889 2152 2925 :
2182 2872 2403 2927 fratrum
2429 2883 2605 2929 autem
2637 2891 2805 2944 genua
2837 2878 3116 2947 complecti
3142 2924 3155 2945 ,
3199 2897 3489 2953 eorumque
3526 2902 3621 2954 pe-

2033 2960 2189 3016 dibus
2216 2978 2500 3019 accurrere
2524 3006 2537 3029 ,
2559 2968 2704 3020 omni
2731 2968 3006 3023 nobilitate
3027 2971 3305 3028 sublimius
3321 2973 3617 3043 judicabas.

2033 3052 2158 3106 llaec
2184 3054 2501 3109 malevolum
2528 3056 2673 3110 illum
2704 3059 3014 3112 cruciabant
3038 3101 3051 3122 ,
3101 3061 3216 3117 haec
3251 3064 3318 3118 ad
3356 3068 3617 3123 acriorem

2031 3157 2258 3211 pugnam
2329 3148 2714 3201 conserendam
2778 3150 3111 3205 incitarunt1
3158 3171 3170 3207 :
3217 3164 3452 3211 attamen
3513 3174 3618 3214 non

2032 3232 2188 3287 letale
2220 3235 2408 3289 vulnus
2429 3236 2640 3291 inﬂixit.
2664 3238 2794 3293 Nam
2817 3241 2860 3294 si
2885 3250 3005 3309 post
3032 3243 3340 3299 diuturnum
3370 3254 3579 3317 tempus
3600 3291 3615 3314 ,

2030 3335 2150 3393 post
2169 3326 2370 3395 jejunia
2402 3329 2563 3382 multa
2587 3372 2601 3397 ,
2637 3328 2780 3383 humi
2809 3332 3120 3388 cubationes
3149 3335 3387 3405 aliasque
3412 3340 3619 3394 exerci-

2030 3417 2259 3472 tationes
2281 3428 2331 3472 te
2353 3418 2663 3489 dejecisset,
2684 3436 2858 3490 neque
2885 3433 3009 3477 tunc
3029 3424 3420 3493 desperandum
3441 3439 3613 3496 esset,

2027 3509 2153 3564 licet
2182 3510 2471 3564 maximum
2500 3511 2752 3566 damnum
2783 3522 3057 3582 putaretur
3088 3525 3205 3584 post
3229 3516 3424 3571 multos
3449 3518 3612 3573 sudo-

2026 3616 2112 3654 res
2137 3643 2150 3665 ,
2178 3601 2387 3657 labores
2408 3613 2458 3657 et
2488 3604 2738 3659 victorias
2765 3606 2834 3659 ita
2867 3608 3129 3674 prosterni
3157 3626 3169 3661 :
3202 3625 3384 3663 verum
3407 3613 3528 3680 quia
3557 3612 3610 3666 in

2024 3694 2141 3762 ipso
2166 3695 2438 3765 procinctu
2465 3697 2771 3751 certaminis
2811 3706 2862 3751 te
2892 3700 3250 3767 supplantavit
3278 3743 3293 3765 ,
3342 3700 3392 3755 id
3434 3702 3610 3757 solum

2023 3786 2198 3843 eﬂ‘ecit
2221 3829 2236 3851 ,
2260 3797 2317 3842 ut
2338 3787 2614 3843 fortiorem
2639 3798 2689 3843 te
2711 3789 2960 3845 redderet
2988 3790 3054 3844 ad
3083 3806 3309 3861 pugnam
3344 3808 3464 3847 cum
3494 3795 3610 3863 ipso

2023 3879 2328 3933 ineundam.
2362 3879 2519 3933 Modo
2555 3882 2699 3934 enim
2747 3889 2797 3935 te
2845 3896 2876 3935 e
2915 3891 3073 3950 portu
3116 3883 3409 3938 solventem
3436 3926 3450 3951 ,
3499 3902 3603 3941 non

2020 3985 2084 4023 ex
2117 3971 2476 4039 negotiatione
2506 3980 2866 4026 revertentem
2893 4015 2907 4038 ,
2943 3989 3041 4028 nec
3068 3984 3311 4029 onustam
3342 3978 3609 4034 mercibus

2022 4075 2208 4115 navem
2241 4062 2584 4117 reducentem
2611 4105 2626 4129 ,
2659 4062 2804 4117 ferus
2832 4064 2921 4117 ille
2952 4066 3118 4133 pirata
3148 4066 3366 4122 adortus
3397 4078 3497 4123 est.
3527 4072 3607 4125 Ac

2020 4152 2462 4221 quemadmodum
2494 4155 2537 4208 si
2567 4155 2685 4225 quis
2718 4170 3036 4225 generosum
3075 4157 3284 4213 leonem
3323 4176 3606 4230 aggressus

2020 4243 2211 4310 pellem
2238 4244 2354 4312 ejus
2383 4244 2556 4299 solum
2587 4246 2778 4300 raserit
2804 4288 2819 4312 ,
2851 4247 2998 4301 illum
3027 4249 3239 4317 quidem
3268 4251 3398 4305 nihil
3422 4252 3566 4308 lzedit
3586 4296 3600 4317 ,

2017 4335 2111 4390 sed
2159 4345 2342 4390 contra
2384 4338 2617 4407 seipsum
2666 4338 2861 4393 excitat
2902 4356 3023 4394 eum
3050 4383 3065 4407 ,
3112 4357 3175 4396 ac
3217 4344 3507 4399 firmiorem
3549 4358 3604 4402 et

2016 4435 2171 4497 captu
2200 4427 2551 4482 difficiliorem
2578 4429 2751 4483 reddit
2779 4446 2794 4483 :
2823 4430 2901 4485 sic
2934 4439 2989 4485 et
3023 4435 3319 4489 communis
3356 4438 3595 4492 omnium

2017 4518 2261 4572 inimicus
2290 4535 2410 4573 cum
2436 4520 2596 4573 altam
2629 4519 2868 4590 inﬂigere
2909 4522 3115 4591 plagam
3154 4535 3376 4580 conatus
3413 4540 3559 4584 esset

2016 4624 2046 4662 a
2073 4624 2236 4679 scopo
2261 4609 2473 4677 quidem
2501 4610 2765 4664 aberravit
2789 4653 2804 4676 ,
2844 4612 2937 4666 sed
2963 4612 3028 4667 ad
3057 4614 3260 4683 vigilias
3298 4626 3355 4671 et
3395 4618 3591 4688 jejunir.

2018 4702 2397 4771 promptiorem
2427 4702 2672 4756 reddidit.

2084 4793 2139 4846 2.
2181 4793 2399 4847 Lubrica
2439 4804 2509 4849 est
2549 4796 2769 4849 humana
2810 4807 3028 4863 natura,
3060 4800 3158 4853 cito
3196 4803 3366 4865 cadit,
3397 4805 3493 4858 cito
3519 4823 3585 4859 re

2013 4885 2193 4954 surgit.
2220 4915 2292 4924 —
2316 4884 2539 4939 Lubrica
2584 4896 2667 4940 est
2709 4886 2936 4942 humana
2979 4902 3162 4944 natura
3188 4933 3203 4957 ,
3242 4894 3350 4946 cito
3391 4894 3595 4965 decipi-

2016 4984 2101 5027 tur
2127 5016 2141 5040 ,
2185 4975 2279 5029 sed
2326 4976 2431 5029 cito
2465 4992 2493 5029 a
2540 4976 2724 5032 fraude
2764 4994 2822 5032 se
2856 4981 3104 5047 expedit;
3146 4992 3199 5035 ct
3238 4985 3373 5038 sicut
3414 4989 3597 5041 confe-

2013 5066 2135 5119 stim
2163 5068 2341 5134 cadit,
2383 5069 2455 5123 ita
2498 5068 2774 5125 confestim
2817 5072 3053 5142 erigitur.
3095 5072 3363 5145 Siquidem
3409 5080 3594 5134 beatu.
3666 5138 3672 5145 _

2014 5157 2103 5213 ille
2143 5159 2261 5221 vir,
2312 5159 2561 5216 Davidem
2603 5161 2762 5224 dico,
2805 5165 2894 5233 qui
2935 5166 3136 5221 electus
3183 5168 3275 5222 fuit
3314 5171 3366 5223 in
3412 5188 3590 5243 regem

2012 5259 2069 5305 et
2115 5252 2467 5321 prophetam,
2512 5269 2632 5309 cum
2679 5256 2845 5310 multa
2894 5259 3146 5326 pra'clare
3192 5261 3439 5328 fecisset,
3495 5267 3592 5318 lio.

2012 5343 2209 5396 minem
2238 5359 2297 5397 se
2334 5360 2453 5399 esse
2491 5347 2843 5411 monstravit,
2877 5356 2932 5401 et
2969 5350 3156 5403 alienae
3191 5354 3374 5406 uxoris
3406 5370 3591 5410 amore

2013 5442 2200 5501 captus
2245 5444 2327 5489 est
2376 5452 2388 5487 :
2442 5450 2540 5490 nec
2587 5436 2657 5490 ibi
2702 5438 2876 5491 solum
2918 5441 3190 5506 constitit,
3238 5443 3332 5497 sed
3374 5456 3591 5515 propter

2014 5526 2499 5594 concupiscentiam
2525 5528 2842 5593 adulterium
2859 5572 2873 5597 ,
2907 5543 3122 5602 propter
3145 5533 3463 5590 adulterium
3487 5539 3588 5591 ho-

2014 5616 2282 5671 micidium
2310 5619 2569 5687 patravit:
2600 5620 2693 5674 sed
2723 5622 2844 5691 quia
2884 5621 2989 5676 duo
3018 5633 3159 5678 tanta
3187 5627 3400 5683 vulnera
3438 5644 3589 5683 acce-

2014 5720 2196 5781 perat,
2224 5728 2327 5765 non
2356 5712 2474 5769 ideo
2501 5715 2712 5769 tertium
2740 5716 2967 5781 addidit;
2998 5718 3092 5773 sed
3122 5720 3297 5773 statim
3325 5723 3390 5777 ad
3419 5726 3587 5782 medic

2080 5836 2095 5865 ι
2131 5836 2200 5884 sic
2210 5846 2379 5885 omnes
2403 5842 2505 5885 Mss.
2526 5842 2575 5885 et
2598 5835 2735 5886 savii.
2760 5836 2919 5888 litorei.
2938 5851 3074 5906 vero,
3086 5839 3344 5893 duxerim.
