4096 6392
505 347 603 399 3H

508 472 631 514 cum
674 450 936 512 accurrit,
977 452 1032 502 et
1068 440 1418 498 medicamina
1458 431 1739 505 apposuit,
1783 427 2043 498 jejunium
2069 466 2085 491 ,

511 553 804 620 lacrymas,
834 541 988 597 ﬂetus
1008 580 1023 607 ,
1055 534 1325 592 orationes
1352 529 1688 599 frequentes,
1719 523 1914 591 srepius
1934 517 2090 620 adhi-

516 609 678 697 bitam
709 609 910 708 peccati
939 626 1361 689 confessionem;
1393 622 1564 691 iisque
1592 615 1765 708 modis
1791 613 1960 708 Deum
1984 609 2095 679 pla-

518 731 679 796 cavit,
710 700 782 782 ita
809 735 866 780 ut
893 723 959 778 ad
985 720 1262 791 pristinam
1288 714 1599 783 dignitatem
1625 706 1852 769 rediret,
1881 700 2014 756 adeo
2039 707 2098 751 ut

518 792 680 882 etiam
707 829 829 892 post
853 815 1166 872 adulterium
1189 821 1243 865 et
1263 807 1463 864 caedem
1483 846 1498 870 ,
1534 801 1699 874 patris
1721 797 1976 853 memoria
2004 792 2098 846 filii

518 885 870 971 idolola-triam
889 912 1066 978 posset
1080 897 1520 972 obtegere.Filius
1540 894 1734 965 quippe
1751 889 1866 960 ejus
1888 885 2101 941 nomine

519 1008 769 1064 Salomon
799 999 985 1058 eodem
1005 1039 1021 1064 ,
1043 1012 1149 1067 quo
1173 1003 1324 1065 pater
1342 1033 1356 1055 ,
1387 992 1574 1060 laqueo
1607 995 1794 1055 captus
1818 990 1899 1036 est
1918 1021 1932 1046 ,
1959 990 2012 1032 et
2044 979 2097 1030 in

523 1098 806 1155 mulierum
859 1091 1086 1163 gratiam
1137 1103 1167 1142 a
1213 1094 1432 1156 paterno
1481 1083 1590 1136 Deo
1645 1076 1887 1132 recessit.
1944 1071 2104 1124 Vides

525 1198 782 1261 quantum
810 1185 1004 1239 malum
1028 1181 1100 1236 sit
1127 1179 1451 1246 voluptatem
1481 1187 1587 1226 non
1613 1169 1862 1225 cohibere
1883 1207 1898 1230 ,
1930 1173 1982 1218 et
2012 1179 2104 1215 na-

525 1257 660 1340 tum
684 1278 1036 1351 principatum
1065 1279 1392 1344 pervertere,
1417 1268 1487 1322 ita
1512 1278 1570 1320 ut
1592 1263 1674 1320 vir
1691 1262 1761 1315 sit
1783 1260 1799 1291 ¹
1825 1257 2105 1312 mulierum

527 1392 735 1434 servus.
764 1376 916 1430 Hunc
945 1373 1124 1442 itaque
1147 1367 1490 1423 Salomonem
1513 1402 1528 1426 ,
1555 1359 1646 1430 qui
1681 1355 1830 1428 prius
1855 1351 2028 1442 justus
2055 1357 2109 1401 et

526 1469 738 1541 sapiens
761 1466 932 1521 fuerat
955 1479 970 1529 ;
992 1476 1113 1517 cum
1136 1455 1428 1529 periculum
1451 1459 1611 1514 esset,
1636 1462 1701 1501 ne
1731 1441 1930 1515 peccati
1951 1452 2110 1541 causa

528 1531 751 1630 regnum
774 1565 942 1612 totum
970 1551 1270 1613 amitteret,
1291 1545 1359 1601 ob
1387 1552 1664 1612 paternum
1693 1535 1946 1630 meritum
1970 1531 2112 1584 Deus

529 1621 735 1706 se;tam
765 1646 917 1716 negui
944 1643 1241 1714 portionem
1262 1636 1463 1691 habere
1483 1628 1744 1702 permisit.
1775 1624 1833 1680 Si
1855 1621 1948 1677 tibi
1970 1633 2113 1716 curae

534 1740 721 1796 fuisset
747 1711 965 1794 externa
1007 1734 1095 1788 illa
1137 1727 1468 1800 eloquentia,
1499 1735 1725 1790 eamque
1785 1725 1968 1786 postea
2015 1711 2113 1766 ad-

536 1831 754 1888 modum
783 1828 1082 1900 negligeres
1102 1865 1117 1890 ,
1147 1837 1245 1894 ego
1271 1834 1400 1874 sane
1437 1823 1683 1871 revocata
1713 1810 1807 1866 tibi
1847 1809 1947 1863 fori
1967 1848 1981 1873 ,
2018 1806 2115 1859 tri-

537 1924 767 1988 bunalis,
791 1898 1110 1976 coronarum
1142 1913 1264 1968 inde
1289 1905 1752 1977 consequentium,
1785 1917 1847 1955 ac
1877 1898 2116 1988 pristinae

538 2017 593 2070 in
621 2012 885 2085 loquendo
940 2007 1148 2065 fiducia:
1201 2001 1492 2066 memoria,
1539 2004 1727 2052 auctor
1759 2008 1933 2050 essem
1963 1999 2022 2045 ut
2049 1987 2118 2042 ad

541 2108 840 2180 praeteritos
867 2104 1078 2159 labores
1096 2097 1332 2154 redires:
1363 2089 1794 2165 quandoquidem
1824 2093 2008 2180 autem
2015 2095 2120 2180 pro

542 2173 840 2257 ctelestibus
874 2194 1171 2257 currimus,
1217 2195 1658 2250 terrenarumque
1701 2191 1879 2234 rerum
1921 2173 2120 2228 nullam

544 2292 808 2347 rationem
837 2284 1095 2340 habemus
1114 2321 1129 2345 ,
1155 2278 1375 2334 alterius
1413 2273 1507 2329 tibi
1529 2269 1743 2342 judicii,
1767 2263 2124 2332 horrendique

547 2377 823 2436 tribunalis
848 2373 1171 2430 mentionem
1201 2367 1338 2423 facio
1366 2383 1378 2418 :
1413 2363 1523 2418 Nos
1548 2362 1732 2433 quippe
1768 2371 1938 2411 omnes
1959 2369 2124 2424 appa-

544 2490 653 2528 rere
701 2476 896 2542 oportet
939 2475 1058 2520 ante
1095 2459 1314 2518 tribunal
1343 2456 1530 2514 Christi
1566 2456 1587 2487 ⁸
1621 2453 1639 2524 (
1668 2451 1724 2506 2.
1753 2449 1871 2542 Cor.
1899 2443 2052 2542 5.1‘0
2085 2445 2124 2513 ).

548 2564 642 2620 Ille
663 2536 791 2618 vero
815 2569 939 2616 tunc
962 2555 1126 2628 judex
1150 2551 1374 2615 sedebit,
1403 2547 1493 2618 qui
1520 2558 1661 2599 nunc
1683 2557 1714 2596 a
1737 2549 1790 2595 te
1811 2536 2124 2628 deSpicitur.

549 2655 686 2725 Quid
715 2666 842 2724 ergo
869 2626 995 2706 tune
1021 2647 1259 2702 dicemus
1279 2683 1294 2708 ,
1321 2640 1408 2695 dic
1435 2637 1560 2693 mihi
1584 2675 1598 2700 ,
1621 2647 1781 2705 quam
1822 2626 2128 2686 excusatio-

549 2761 670 2802 nem
701 2743 983 2798 aﬂ'eremus
1003 2781 1018 2806 ,
1046 2737 1090 2792 si
1120 2737 1172 2790 in
1213 2733 1303 2788 tali
1329 2725 1768 2804 prtevaricatione
1812 2732 2126 2792 persevere-

551 2838 710 2894 mus?
738 2835 882 2907 quid,
914 2845 1117 2904 quaeso,
1139 2824 1416 2884 dicemus?
1447 2820 1851 2892 negotiornmne
1877 2812 2133 2869 sollicitu-

552 2931 734 2989 dinem
759 2923 1184 2999 praetendemus?
1213 2917 1322 2975 Sed
1345 2931 1442 2971 nos
1469 2917 1582 2984 ipse
1610 2907 1879 2981 prmvertit
1907 2907 2091 2960 dicens
2116 2918 2130 2960 :

557 3023 694 3091 Quid
731 2997 954 3092 proderit
990 3015 1180 3070 homini
1203 3013 1246 3066 si
1277 3008 1520 3063 mundum
1555 3005 1840 3058 universum
1880 2997 2130 3092 lucretur,

557 3083 742 3171 avnimteu
767 3127 883 3166 vero
903 3124 1009 3164 suae
1035 3107 1386 3161 detrimentum
1409 3097 1632 3169 patiatur
1659 3091 1872 3165 (Matth.
1897 3087 1984 3142 16.
2006 3083 2136 3157 26)?

555 3211 638 3266 An
672 3206 912 3261 dicemus
951 3213 1049 3256 nos
1077 3198 1144 3252 ab
1185 3195 1304 3249 aliis
1344 3191 1592 3245 seductos
1646 3183 1846 3239 fuisse?
1893 3181 1961 3234 At
2003 3175 2137 3232 nihil

557 3299 764 3358 Adamo
795 3297 847 3351 in
887 3290 1256 3348 defensionem
1283 3282 1515 3356 profuit,
1555 3275 1698 3348 quod
1728 3287 1946 3329 uxorem
1985 3270 2140 3324 incu-

557 3399 704 3450 seret
727 3388 913 3445 dicens
938 3403 952 3439 :
982 3380 1208 3446 Mulier,
1239 3391 1390 3448 quam
1427 3371 1612 3426 dedisti
1655 3382 1849 3423 mecum
1872 3405 1888 3433 ,
1917 3364 2032 3435 ipsa
2062 3376 2142 3414 me

561 3483 755 3554 decepit
784 3476 938 3552 (Gen.
960 3475 1019 3530 ὅ.
1050 3471 1120 3527 12
1147 3469 1168 3542 )
1195 3485 1209 3522 :
1244 3469 1382 3522 sicut
1399 3477 1500 3519 nec
1524 3458 1734 3516 mulieri
1753 3455 1897 3528 quod
1916 3468 2140 3554 serpen-

564 3544 973 3632 tem'auc‘torem
1001 3564 1222 3620 diceret.
1250 3555 1585 3614 Horrendum
1609 3564 1740 3607 sane
1764 3555 1867 3615 est,
1895 3561 1928 3600 o
1947 3544 2143 3600 dilecte

565 3664 881 3726 Theodore,
924 3654 1158 3714 tribunal
1200 3650 1363 3715 illud,
1407 3647 1548 3718 quod
1593 3657 1693 3698 nec
1745 3636 2144 3695 accusatoribus

567 3767 743 3832 egeat,
770 3770 870 3811 nec
892 3759 1057 3808 testes
1075 3751 1347 3816 exspectet
1373 3759 1386 3796 :
1416 3735 1675 3810 judicanti
1695 3733 1838 3790 enim
1865 3730 1952 3832 illi.
1967 3727 2146 3832 omnia

570 3821 710 3908 nuda
730 3821 791 3906 et
816 3853 999 3918 aperta
1028 3848 1172 3907 sunt,
1200 3853 1299 3893 nec
1323 3837 1580 3889 factorum
1604 3837 1832 3892 tantum,
1857 3821 1956 3879 sed
1980 3822 2142 3876 etiam

570 3944 950 4016 cogitationum
979 3947 1166 4008 poenas
1187 3930 1466 3986 dabimus:
1496 3939 1616 3979 nam
1639 3921 1800 3991 judex
1830 3917 1918 3972 ille
1941 3923 2147 4016 scruta-

573 4007 669 4096 tor
699 4033 1078 4108 cogitationum
1115 4035 1169 4082 et
1220 4021 1562 4079 consiliorum
1599 4014 1776 4071 cordis
1809 4020 1911 4067 est.
1942 4011 2012 4063 At
2041 4007 2149 4060 for-

575 4143 720 4188 tasse
746 4101 950 4185 natura:
976 4121 1344 4179 infirmitatem
1372 4111 1632 4168 obtendes
1652 4151 1666 4176 ,
1699 4107 1950 4175 dicesque
1987 4112 2040 4157 te
2063 4101 2150 4171 ju-

575 4237 701 4296 gum
766 4219 909 4275 ferre
966 4229 1074 4270 non
1117 4223 1296 4282 posse.
1340 4187 1474 4260 Sed‘
1507 4213 1750 4272 quzenam
1799 4197 1916 4250 haac
1961 4192 2154 4249 defen-

576 4294 658 4373 sio
683 4355 696 4380 ,
746 4323 908 4367 suave
944 4304 1075 4361 illud
1122 4302 1308 4372 jugum
1356 4294 1482 4352 ferri
1523 4307 1630 4347 non
1672 4303 1850 4360 posse,
1881 4301 1981 4340 nec
2019 4298 2156 4337 onus

578 4407 697 4462 leve
763 4395 1004 4473 portari?
1056 4410 1123 4449 an
1201 4390 1378 4462 gravis
1433 4396 1762 4450 onerosaque
1813 4392 1902 4433 res
1941 4384 2024 4431 est
2071 4389 2154 4429 rer

571 4467 786 4555 creatid
806 4510 836 4548 a
872 4486 1173 4548 laboribus?
1196 4483 1275 4539 Ad
1321 4484 1436 4536 haec
1468 4477 1661 4549 quippe
1680 4488 1776 4528 nos
1794 4478 1950 4527 vocat
1973 4467 2154 4522 Chris-

576 4603 668 4648 tus
693 4590 876 4644 dicens
902 4603 914 4638 :
954 4581 1128 4635 Venite
1145 4575 1214 4630 ad
1232 4591 1310 4628 me
1333 4587 1503 4627 omnes
1526 4568 1609 4639 qui
1631 4565 1870 4620 laboratis
1895 4571 1940 4615 et
1965 4559 2159 4613 onerati

584 4685 724 4748 estis,
750 4689 795 4734 et
836 4693 926 4747 ego
974 4672 1200 4741 reﬁciam
1241 4683 1328 4720 vos
1357 4662 1553 4718 :tollite
1578 4660 1765 4729 jugum
1809 4670 1974 4708 meum
2014 4667 2163 4719 super

583 4793 693 4841 uos,
712 4743 766 4828 'et
792 4743 965 4824 discite
993 4782 1024 4818 a
1052 4780 1130 4817 me
1151 4760 1271 4833 quia
1297 4757 1430 4811 mitis
1455 4767 1566 4807 sum
1584 4760 1631 4805 et
1652 4746 1856 4803 humilis
1872 4743 2029 4841 corde
2046 4759 2062 4795 :
2073 4743 2159 4811 jn~

588 4833 707 4938 gum
736 4861 866 4916 enim
892 4870 1058 4910 meum
1081 4867 1232 4907 suave
1261 4858 1353 4910 est,
1382 4855 1427 4900 et
1455 4859 1581 4898 onus
1609 4856 1773 4894 meum
1799 4839 1903 4892 leve
1932 4834 1950 4907 (
1974 4833 2160 4887 Matth.

591 4926 679 5014 it.
709 4954 782 5009 es
821 4952 862 5023 ).
893 4947 1028 5015 Quid
1057 4945 1200 5001 enim
1229 4941 1437 4998 levius,
1467 4936 1554 4990 dic
1581 4932 1746 4995 mihi,
1789 4943 1948 4999 quam
1983 4926 2161 5023 curis,

591 5017 853 5117 negotiis,
883 5038 1163 5096 timoribus
1201 5041 1362 5103 atque
1405 5027 1672 5083 laboribus
1699 5023 1880 5085 eximi,
1910 5020 1978 5076 ab
2006 5017 2165 5088 hujus

593 5109 719 5195 vitae
735 5109 984 5192 ﬂuctibus
1003 5125 1292 5199 segregari,
1307 5132 1362 5178 et
1381 5123 1432 5174 in
1455 5117 1738 5188 tranquillo
1760 5123 1918 5184 portu
1933 5109 2164 5180 degere?

661 5230 717 5287 ὅ.
750 5227 886 5293 Quid
900 5227 954 5278 in
973 5224 1067 5276 hac
1086 5221 1188 5273 vita
1205 5217 1269 5271 sit
1293 5205 1742 5284 optabile.—Quid
1765 5207 1817 5259 in
1843 5205 1944 5258 hoc
1966 5199 2166 5293 mundo

593 5290 799 5380 lelicins
829 5317 922 5372 tibi
957 5313 1165 5368 videtur
1193 5315 1248 5362 et
1282 5299 1604 5373 optabilius?
1633 5296 1994 5364 Principatum
2023 5290 2164 5346 haud

599 5413 762 5472 dubie
787 5410 936 5464 dices
974 5412 1029 5461 et
1071 5399 1283 5456 divitias
1313 5395 1610 5461 bonamque
1637 5387 1776 5458 apud
1807 5385 2050 5442 homines
2086 5382 2169 5437 fa-

663 5615 682 5646 ί
714 5610 905 5662 [labent
932 5605 1028 5668 duo
1057 5607 1186 5658 Mss.,
1203 5603 1262 5668 ut
1285 5594 1358 5645 vir
1393 5590 1598 5656 sapiens,
1619 5595 1714 5639 etc.
1738 5587 1860 5638 Infra
1882 5599 2054 5637 omnes
2073 5585 2173 5647 alii,

599 5676 681 5740 qui
696 5675 890 5740 iw“?!
903 5666 1314 5740 9¹¹¹¹⁵ξ9ιεΡῖ¹Ξ¹ἕλε

664 5717 951 5795 i"ﬂagitio
974 5717 1679 5795 margine_Savil;,Aqui_sque
1697 5724 1732 5795 ﬁ

603 5800 652 5851 in
675 5772 880 5860 cdr‘poi'e'
893 5772 1273 5851 operatus
1290 5785 1358 5831 est
1365 5772 1472 5828 sive
1491 5772 1676 5836 bonum,
1695 5772 1788 5824 sive
1801 5772 1998 5823 malum.

1212 328 1269 384 S.
1309 321 1588 382 JOANNIS
1625 310 2094 375 CHRYSOSTOMI
2131 307 2446 365 ARCHIEP.
2489 305 3026 364 CONSTANTI‘SOP.

1545 5712 1679 5776 isque
1702 5710 1868 5776 afferat
1887 5722 2000 5776 qua:
2019 5745 2035 5770 ,
2059 5709 2176 5761 dum

3722 298 3791 334 Ιὺ

3676 299 3708 312 -

3677 315 3710 352 ε

2198 437 2360 478 mam.
2373 421 2477 478 Sed
2493 422 2617 492 quid
2633 423 2716 477 his
2731 421 3083 478 miserabilius
3096 425 3199 480 est,
3211 415 3255 469 si
3271 414 3686 472 Christianorum
3721 417 3798 469 li-

2200 513 2390 569 bertati
2409 514 2821 584 comparentur?
2845 513 2976 569 Nam
3005 514 3252 584 princeps
3281 513 3445 570 furori
3467 517 3799 586 populorum

2202 605 2441 676 subjacet
2486 606 2749 676 brutoque
2797 605 3150 662 multitudinis
3193 607 3412 677 impetui
3449 647 3465 674 ,
3523 607 3800 678 majorum

2204 696 2504 766 principum
2531 697 2730 765 timori,
2758 697 3105 753 sollicitudini
3135 713 3259 767 erga
3299 697 3540 753 subditos
3565 717 3578 753 :
3608 715 3672 757 ac
3697 701 3801 770 qui

2205 787 2318 842 heri
2337 788 2585 858 princeps
2600 797 2735 856 erat,
2752 788 2912 844 hodie
2928 791 3164 859 privatus
3179 789 3407 845 efﬁcitur
3425 809 3438 846 :
3463 791 3576 846 haec
3593 792 3806 862 quippe

2205 880 2312 933 vita
2337 879 2468 934 nihil
2498 895 2529 934 a
2559 895 2718 935 scena
2748 880 2944 936 dili‘ert.
2967 880 3102 935 Nam
3125 890 3182 935 ut
3209 882 3282 936 ibi
3309 881 3398 936 hic
3424 883 3804 951 imperatoris,

2208 971 2299 1027 ille
2327 971 2498 1037 ducis,
2517 973 2651 1028 alter
2679 972 2865 1028 militis
2892 975 3077 1044 implet
3097 973 3331 1029 oflicium
3349 993 3362 1028 :
3383 975 3587 1044 vesperi
3613 985 3805 1030 autem

2210 1081 2311 1121 nec
2335 1067 2649 1135 imperator,
2681 1068 2769 1136 qui
2798 1068 3087 1136 imperator
3113 1077 3250 1128 erat.
3280 1083 3380 1123 nec
3403 1068 3512 1122 dux
3540 1069 3626 1138 qui
3654 1069 3802 1131 dux,

2210 1175 2310 1215 nec
2339 1161 2493 1216 miles
2522 1161 2610 1231 qui
2641 1162 2794 1216 miles
2818 1170 2969 1227 erat,
3001 1170 3241 1216 remanet
3265 1179 3279 1214 :
3306 1161 3384 1216 sic
3411 1169 3465 1216 et
3491 1162 3544 1215 in
3568 1160 3655 1216 die
3682 1161 3802 1226 illa,

2212 1267 2318 1307 non
2348 1267 2378 1307 a
2401 1268 2649 1323 persona,
2681 1252 2777 1309 sed
2807 1253 2875 1308 ab
2903 1254 3155 1323 operibus
3169 1254 3382 1324 dignam
3399 1255 3624 1323 quisque
3647 1269 3806 1309 iner-

2213 1346 2398 1402 cedem
2428 1346 2671 1416 accipiet.
2703 1347 2772 1401 At
2795 1346 2961 1417 gloria
2984 1347 3230 1402 fortassis
3250 1347 3301 1400 in
3328 1348 3500 1416 pretio
3527 1347 3804 1409 habenda,

2215 1453 2333 1506 quas
2359 1437 2497 1492 cadit
2527 1447 2796 1508 tamquam
2845 1437 2946 1494 llos
2994 1436 3146 1492 feni?
3186 1440 3256 1492 At
3281 1437 3482 1492 divitiae
3509 1478 3521 1500 ,
3548 1452 3680 1506 quas
3710 1439 3807 1502 qni

2217 1529 2493 1599 possident
2536 1529 2722 1586 miseri
2749 1528 3146 1600 prtedicantur?
3175 1528 3282 1595 Vw,
3319 1529 3510 1599 inquit,
3542 1529 3810 1591 divitibus,-

2216 1631 2270 1678 et
2297 1624 2505 1688 iterum,
2543 1622 2632 1678 Vw
2650 1625 2736 1694 qui
2769 1623 3031 1692 conﬁdunt
3062 1624 3115 1676 in
3142 1624 3321 1677 virtute
3339 1640 3451 1688 sua,
3483 1631 3528 1676 et
3556 1625 3607 1676 in
3629 1625 3811 1676 multi-

2217 1715 2392 1769 tudine
2410 1715 2683 1769 divitiarun
2702 1730 2910 1770 suarum
2931 1713 3214 1784 gloriantur
3233 1712 3381 1786 (Luc.
3401 1712 3805 1768 6.2LPsnIJS.

2218 1807 2314 1882 6).
2369 1808 2702 1866 Christianus
2747 1824 3031 1878 numquam
3058 1825 3124 1862 ex
3167 1807 3405 1879 principe
3433 1807 3661 1877 privatus
3688 1806 3812 1861 cfli-

2219 1902 2376 1965 citur,
2406 1916 2505 1956 nec
2529 1916 2730 1971 pauper
2749 1916 2816 1957 ex
2838 1899 3024 1967 divite,
3047 1915 3146 1955 nec
3174 1915 3238 1955 ex
3267 1900 3502 1971 glorioso
3520 1899 3809 1970 inglorius;

2220 1993 2316 2048 sed
2361 1993 2415 2048 in
2444 1992 2644 2049 divitiis
2687 2001 2866 2048 manet
2891 1992 3052 2048 etiam
3081 2007 3205 2048 cum
3243 1992 3531 2060 mendicat,
3559 2002 3614 2047 et
3641 1993 3812 2063 erigi-

2224 2094 2311 2140 tur
2329 2101 2450 2140 cum
2479 2101 2601 2142 sese
2626 2086 2931 2157 deprimere
2956 2086 3169 2157 satagit,
3199 2095 3253 2141 et
3284 2101 3407 2140 eum
3425 2127 3439 2151 ,
3475 2101 3633 2156 quem
3661 2086 3812 2141 obti-

2225 2180 2724 2249 net,principatum,
2749 2195 2853 2234 non
2880 2179 3179 2247 hominum,
3207 2180 3303 2235 sed
3354 2181 3651 2250 principum
3671 2221 3689 2246 ,
3720 2181 3813 2251 qui

2225 2281 2352 2328 sunt
2390 2273 2489 2328 sub
2515 2281 2778 2342 potestate
2822 2273 3046 2328 rectoris
3085 2273 3426 2328 tenebrarum
3448 2316 3462 2340 ,
3487 2273 3662 2328 nullus
3706 2275 3810 2344 ipsi

2229 2374 2403 2435 potest
2426 2363 2656 2420 auferre.
2703 2364 2960 2435 Legitima
3008 2380 3095 2420 res
3131 2371 3216 2421 est
3259 2365 3560 2436 conjugium
3585 2407 3601 2433 ,
3633 2366 3684 2420 id
3713 2381 3816 2435 ego

2229 2457 2523 2524 confiteor;
2555 2455 2868 2510 Honorabile
2885 2457 3029 2512 enim
3051 2466 3124 2512 est
3141 2457 3467 2523 connubium,
3485 2467 3534 2511 et
3557 2466 3696 2512 torus
3713 2457 3815 2510 im-

2231 2550 2514 2604 maculatus
2541 2564 2561 2604 :
2587 2549 2915 2619 fornicatores
2959 2560 3128 2604 autem
3167 2559 3214 2604 et
3260 2549 3518 2604 adulteros
3559 2550 3818 2620 judicabit

2233 2643 2373 2698 Deus
2419 2644 2438 2712 (
2468 2641 2597 2696 Heb.
2622 2642 2708 2698 15.
2738 2641 2816 2714 4).
2871 2641 2978 2698 Sed
3007 2630 3100 2697 tibi
3141 2642 3250 2712 jam
3291 2657 3400 2696 non
3428 2649 3511 2697 est
3551 2643 3816 2713 integrum

2228 2734 2350 2805 jura
2390 2734 2642 2790 connubii
2681 2750 2916 2792 servare.
2970 2735 3106 2790 Eum
3158 2736 3332 2802 enim,
3365 2736 3456 2807 qui
3497 2736 3662 2790 semel
3707 2739 3817 2790 cai-

2237 2827 2357 2883 lesti
2413 2843 2612 2897 sponso
2655 2827 2872 2897 junctus
2921 2835 3047 2895 est,
3098 2828 3144 2882 si
3196 2827 3264 2882 ab
3311 2842 3379 2882 eo
3434 2826 3719 2882 divellatur
3768 2841 3820 2881 ct

2236 2937 2458 2978 uxorem
2508 2921 2701 2988 ducat,
2751 2921 3070 2977 adulterium
3135 2923 3383 2977 amittere
3438 2929 3639 2976 certum
3696 2929 3818 2982 est,

2237 3015 2480 3086 quamvis
2529 3014 2722 3068 millies
2763 3013 2866 3068 hoc
2931 3014 3102 3083 ipsum
3157 3013 3367 3083 nuptias
3427 3027 3638 3077 voces;
3715 3012 3823 3064 inm

2238 3106 2294 3162 id
2347 3116 2493 3162 tanto
2534 3107 2746 3177 gravius
2788 3105 3053 3161 adulterio
3099 3113 3201 3171 est,
3241 3113 3441 3174 quanto
3486 3105 3825 3174 praestantior

2241 3197 2386 3253 Deus
2424 3197 2662 3252 homine.
2692 3196 2770 3252 Ne
2799 3197 2918 3266 quis
2950 3207 3000 3252 te
3021 3195 3252 3268 decipiat
3281 3195 3467 3250 dicens
3499 3214 3513 3250 :
3545 3209 3768 3250 uxorem
3806 3197 3821 3225 '

2240 3287 2438 3344 ducere
2482 3303 2588 3342 non
2635 3296 2782 3342 velat
2828 3288 2984 3342 Deus.
3029 3287 3084 3341 ld
3129 3301 3228 3357 ego
3273 3301 3484 3358 quoque
3529 3287 3679 3352 novi;
3731 3286 3824 3340 sed

2243 3382 2558 3437 adulterium
2600 3381 2892 3451 prohibuit,
2942 3379 3082 3452 quod
3129 3388 3183 3434 tu
3229 3379 3512 3434 admittere
3558 3377 3825 3433 volebas:

2243 3479 2385 3550 quod
2415 3479 2572 3544 absit,
2603 3487 2659 3534 ut
2701 3478 2948 3532 nimirum
2977 3475 3243 3532 connubio
3281 3474 3524 3546 iungaris
3550 3487 3826 3543 umquam.

2249 3570 2450 3642 Ecquid
2487 3569 2701 3625 miraris
2725 3569 2769 3624 si
2797 3569 2998 3639 nuptiae
3044 3583 3140 3636 pro
3167 3566 3429 3622 adulterio
3477 3573 3827 3636 reputantur,

2246 3665 2459 3736 quando
2501 3663 2858 3719 contemnitur
2899 3661 3078 3717 Deus?
3103 3659 3290 3715 Caedes
3335 3658 3401 3713 ad
3438 3658 3692 3728 justitiam
3742 3671 3828 3710 re-

2249 3765 2427 3826 putata
2449 3764 2551 3823 est,
2583 3762 2636 3808 et
2657 3752 2956 3807 humanitas
2983 3749 3099 3819 plus
3124 3764 3279 3818 quam
3303 3748 3647 3804 homicidium
3672 3747 3828 3802 dam-

2251 3858 2373 3902 nata
2413 3847 2537 3912 fuit;
2568 3845 2816 3916 quoniam
2865 3843 2952 3897 illa
2984 3857 3051 3897 ex
3095 3840 3357 3895 sententia
3407 3840 3520 3903 Dei,
3562 3839 3676 3893 haec
3705 3855 3831 3894 vero

2253 3945 2345 3998 illo
2389 3941 2704 4012 prohibente
2739 3937 2974 3992 exhibita
3005 3943 3105 3990 est.
3136 3933 3205 3988 Et
3248 3933 3466 3987 Phinea:
3494 3932 3712 4002 quidem
3750 3947 3834 3986 re-

2256 4045 2492 4107 putatum
2519 4041 2601 4088 est
2627 4032 2690 4086 ad
2709 4030 2989 4102 justitiam,
3015 4027 3156 4098 quod
3185 4026 3528 4080 fornicantem
3557 4025 3832 4079 mulierem

2255 4144 2376 4184 cum
2421 4134 2717 4182 scortatore
2769 4122 3125 4186 conlodisset;
3174 4118 3387 4175 Saulem
3444 4133 3573 4173 vero
3621 4127 3836 4172 sanctus

2259 4221 2355 4277 Dei
2381 4217 2618 4281 Samuel,
2647 4217 2700 4270 in
2741 4214 2889 4277 fletu,
2931 4214 3075 4268 luctu
3103 4222 3158 4268 et
3186 4211 3430 4281 precibus
3461 4225 3604 4279 smpe
3647 4225 3836 4278 perno-

2261 4323 2433 4377 ctans,
2465 4325 2570 4364 non
2599 4306 2770 4378 potuit
2789 4321 2820 4360 a
2846 4304 3206 4367 damnatione,
3227 4317 3384 4372 quam
3417 4301 3554 4354 Deus
3581 4300 3836 4354 adversus

2263 4407 2433 4475 ipsum
2467 4400 2930 4473 pronuntiaverat,
2958 4397 3195 4466 eripere;
3224 4395 3344 4463 quia
3377 4409 3554 4462 regem
3581 4391 3836 4462 alienige-

2262 4511 2474 4559 narum,
2504 4509 2661 4564 quem
2703 4489 2938 4545 occisum
2968 4493 3313 4556 oportuerat,
3357 4494 3550 4554 prmler
3590 4483 3681 4538 Dei
3715 4498 3836 4538 scn-

2266 4587 2486 4646 tentiam
2517 4583 2687 4637 salute
2725 4578 2962 4636 donavit.
2993 4576 3049 4633 Si
3079 4591 3208 4646 ergo
3243 4575 3546 4629 humanitas
3584 4572 3836 4642 majorem

2266 4694 2423 4749 quam
2451 4675 2626 4732 cades
2668 4670 3068 4727 damnationem
3094 4667 3285 4734 infert,
3315 4667 3437 4738 quia
3463 4666 3574 4720 Deo
3606 4679 3711 4719 non
3741 4663 3835 4717 ob-

2270 4776 2593 4839 temperatur
2623 4784 2637 4821 :
2667 4763 2795 4834 quid
2827 4762 3021 4816 mirum
3053 4760 3098 4815 si
3124 4759 3322 4830 nuptiae
3363 4758 3662 4830 graviorem
3685 4769 3836 4823 quam

2269 4861 2586 4917 adulterium
2611 4856 3009 4913 damnationem
3038 4853 3287 4920 inferant,
3321 4850 3532 4923 quando
3555 4850 3843 4920 despicitur

2271 4951 2547 5010 Christus?
2574 4949 2725 5015 Nam,
2758 4956 2816 5003 ut
2841 4947 2992 5002 initio
3016 4944 3259 5000 dicebam
3288 4961 3302 4998 :
3334 4943 3380 4998 si
3412 4943 3647 5014 privatus
3667 4956 3839 5006 esses,

2274 5061 2430 5102 nemo
2456 5055 2508 5100 te
2544 5043 2773 5098 desertae
2814 5039 3019 5095 militiae
3048 5043 3358 5103 accusaret;
3388 5051 3528 5090 nunc
3554 5043 3732 5090 autem
3772 5032 3843 5086 tui

2270 5142 2406 5214 juris
2440 5153 2546 5194 non
2575 5152 2634 5192 es
2677 5135 2936 5203 amplius,
2964 5133 3055 5203 qui
3081 5139 3231 5186 tanto
3272 5129 3580 5199 imperatori
3625 5129 3846 5182 militare

2275 5235 2503 5305 coepisti.
2529 5230 2740 5286 Etenim
2765 5228 2811 5283 si
2838 5227 3028 5281 mulier
3047 5225 3128 5279 sui
3147 5222 3388 5294 corporis
3408 5229 3722 5292 potestatem
3745 5232 3844 5272 non

2275 5328 2469 5392 habet,
2499 5324 2593 5380 sed
2618 5325 2716 5387 vir,
2745 5321 2911 5376 multo
2937 5317 3107 5388 magis
3131 5317 3223 5388 qui
3251 5317 3431 5371 vivunt
3458 5315 3510 5370 in
3537 5313 3750 5370 Christo
3771 5310 3844 5366 sui

2276 5418 2516 5488 corporis
2554 5422 2870 5486 potestatem
2913 5425 3020 5466 non
3048 5409 3277 5464 habeant
3304 5407 3380 5478 (1.
3422 5405 3541 5462 Cor.
3570 5406 3622 5460 7.
3652 5405 3727 5474 ι).
3753 5402 3845 5468 Qui

2281 5525 2425 5565 nunc
2453 5505 2831 5569 contemnitur,
2860 5501 2975 5573 ipse
3013 5509 3094 5556 est
3119 5500 3208 5570 qui
3239 5506 3362 5554 tunc
3384 5495 3641 5567 judicabit
3670 5511 3684 5550 :
3715 5494 3845 5547 hunc

2281 5613 2496 5670 semper
2548 5605 2762 5666 cogita,
2823 5606 3032 5647 necnon
3095 5589 3314 5645 fluvium
3390 5588 3537 5642 illum
3607 5587 3844 5658 igneum;

2348 5765 2364 5794 ί
2399 5757 2539 5813 savii.
2571 5757 2620 5806 in
2642 5753 2880 5818 margine,
2904 5760 3106 5801 uxorem
3121 5743 3400 5814 legitinm.
