4096 6392
246 373 345 429 3H

243 492 429 544 πίπτει
460 489 692 559 ταχέως,
726 489 868 543 οὕτω
894 490 990 543 καὶ
1016 487 1210 545 θᾶττον
1264 486 1572 540 ἀνίσταται.
1604 483 1717 538 Καὶ
1747 483 1856 552 γάρ
1886 483 1915 535 0

245 570 516 641 μακάριος
553 573 760 634 ἐκεῖνος
796 570 971 641 ἀνὴρ,
1012 569 1102 623 τὸν
1135 568 1297 621 Δαυῖδ
1338 567 1500 635 λέγω,
1536 566 1628 618 τὸν
1658 562 1914 617 ἐκλεκτὸν

243 649 468 720 βασιλέα
500 651 592 704 καὶ
624 651 930 721 προφήτην,
962 649 1126 718 ἡνίκα
1161 648 1331 703 πολλὰ
1352 661 1379 689 ι
1399 645 1784 717 κατώρθωσεν,
1814 644 1917 696 οὐκ

243 731 433 784 ἔλαθεν
476 730 759 801 ἄνθρωπος
775 728 872 793 ὣν,
899 729 1017 782 ἀλλ’
1052 728 1267 800 ἠράσθη
1316 729 1446 781 ποτέ
1471 725 1728 796 γυναικὸς
1754 723 1914 777 ἀλλο-

243 815 417 886 τρίας,
444 816 539 869 καὶ
561 816 662 867 οὐκ
709 813 840 883 ἔστη
874 812 1036 885 μέχρι
1060 813 1274 879 τούτου,
1306 812 1421 866 ἀλλ’
1461 811 1757 883 εἰργάσατο
1819 809 1916 878 μὲν

248 899 493 970 μοιχείαν
526 897 613 951 διὰ
655 900 756 969 τὴν
811 897 1130 967 ἐπιθυμίαν,
1185 897 1480 970 εἰργάσατο
1525 897 1581 950 δέ
1633 896 1728 950 καὶ
1757 894 1916 962 φόνον

244 980 335 1034 διά
385 982 484 1053 τὴν
528 983 807 1053 μοιχείαν·
858 982 973 1035 ἀλλ’
1020 983 1121 1035 οὐκ
1168 982 1355 1052 ἐπειδὴ
1396 981 1730 1054 τηλικαύτας
1757 980 1918 1034 ἔλαϐε

244 1069 338 1122 δύο
363 1068 598 1137 πληγάς,
626 1068 727 1140 ήδη
757 1070 851 1122 καὶ
879 1069 1067 1139 τρίτην
1097 1068 1275 1139 ἐαυτῷ
1307 1069 1489 1122 δοῦναι
1535 1068 1914 1138 ἐπεχείρησεν,

245 1154 359 1205 ἀλλ’
405 1151 606 1215 εὐθέως
656 1151 793 1223 πρὸς
833 1152 924 1205 τὸν
957 1154 1138 1224 ίατρὸν
1172 1152 1382 1224 ἔτρεχε,
1412 1153 1505 1206 καὶ
1542 1153 1612 1206 τὰ
1646 1152 1917 1222 φάρμακα

245 1237 505 1297 ἐπετίθει.
545 1238 823 1306 νηστείαν,
854 1237 1085 1308 δάκρυα,
1149 1237 1401 1307 θρήνους,
1438 1237 1603 1306 εὐχὰς
1650 1239 1917 1304 συνεχεῖς,

246 1321 307 1373 τὸ
343 1322 442 1391 τὴν
478 1321 754 1391 ἁμαρτίαν
778 1320 894 1391 ['57]
938 1321 1200 1385 πολλάκις
1242 1322 1623 1389 ἀναγγέλλειν·
1655 1322 1748 1374 καὶ
1776 1319 1919 1373 οὕτω

246 1405 335 1458 διὰ
359 1403 563 1457 τούτων
586 1404 711 1457 ἵλεω
741 1405 1043 1477 κατέστησε
1065 1405 1155 1459 τὸν
1190 1404 1342 1467 Θεὸν,
1369 1405 1445 1469 ὡς
1470 1406 1564 1459 ἐπὶ
1587 1405 1686 1475 τήν
1732 1404 1921 1476 προτέ-

251 1505 349 1557 ραν
373 1488 686 1541 ἐπανελθεῖν
715 1487 888 1551 ἀξίαν,
915 1488 990 1551 ὼς
1017 1489 1045 1528 ι)
1072 1488 1208 1558 μετά
1246 1489 1488 1558 μοιχείαν
1514 1488 1607 1541 καὶ
1630 1488 1788 1556 φόνον
1814 1488 1920 1542 πά-

248 1571 334 1625 λιν
374 1572 694 1624 ἐπισκιάσαι
756 1571 1051 1641 δυνηθῆναι
1093 1573 1192 1641 τὴν
1236 1570 1332 1624 τοῦ
1389 1571 1577 1634 παιδὸς
1633 1570 1919 1633 εἰδωλολα-

248 1654 437 1725 τρείαν
473 1655 572 1724 τὴν
616 1654 711 1707 τοῦ
761 1655 967 1725 πατρὸς
1015 1656 1255 1727 μνήμην.
1298 1655 1357 1709 '0
1381 1655 1491 1726 γάρ
1526 1653 1718 1708 τούτου
1770 1655 1919 1720 υίὸς,

250 1737 502 1803 Σολομὼν
528 1735 596 1809 ἦν
626 1738 795 1809 ὖνομα
827 1738 997 1808 αύτῷ,
1026 1739 1114 1792 διὰ
1147 1739 1246 1809 τῆς
1275 1738 1447 1808 αὐτῆς
1493 1738 1637 1791 ἐάλω
1667 1736 1916 1804 παγίδος,

246 1824 431 1900 ἧσπερ
484 1827 635 1880 καὶὸ
669 1826 869 1896 πατὴρ,
910 1827 1007 1880 καὶ
1052 1824 1266 1895 γυναιξὶ
1318 1824 1676 1896 χαριζόμενος
1709 1824 1919 1895 ἀπέστη

249 1910 346 1963 τοῦ
397 1909 654 1981 πατρῴου
688 1908 844 1962 Θεοῦ.
898 1909 1061 1979 Ὁρᾷς
1094 1909 1260 1963 πόσον
1299 1910 1467 1963 κακὸν
1495 1908 1556 1962 τὸ
1600 1908 1673 1979 μὴ
1702 1910 1922 1979 κρατεῖν

250 1995 462 2064 ἡδονῆς,
494 1993 629 2046 ἀλλά
653 1993 751 2063 τὴν
775 1992 873 2061 τῆς
889 1990 1105 2059 φύσεως
1130 1991 1455 2063 ἀνατρέπειν
1478 1991 1672 2061 ἀρχὴν.
1704 1990 1797 2044 καὶ
1830 1991 1923 2045 άν-

250 2078 353 2148 δρα
385 2076 515 2130 ὅντα
546 2074 820 2143 γυναικῶν
845 2086 867 2113 ε
898 2070 1035 2127 είναι
1068 2073 1275 2129 δοῦλον.
1300 2074 1471 2128 Αὑτὸν
1498 2074 1563 2144 δὴ
1602 2069 1695 2128 οῦν
1734 2072 1923 2127 τοῦτον

251 2161 341 2214 τὸν
377 2158 718 2230 Σολομῶντα,
758 2156 964 2211 δίκαιον
990 2161 1255 2229 πρότερον
1300 2157 1429 2211 ὄντα
1474 2158 1570 2210 καὶ
1619 2155 1801 2224 σοφὸν,
1855 2156 1922 2209 δι’

251 2242 525 2313 ἁμαρτίαν
559 2242 737 2294 πᾶσαν
764 2241 1128 2311 ἀφαιρεθῆναι
1158 2241 1258 2312 τὴν
1282 2239 1559 2311 βασιλείαν
1586 2239 1925 2294 κινδυνεύον-

250 2343 343 2388 τα,
390 2326 478 2380 διὰ
505 2325 603 2396 τὴν
633 2323 730 2378 τοῦ
762 2325 969 2396 πατρὸς
994 2325 1346 2395 εὐδοκίμησιν
1375 2325 1437 2377 τὸ
1460 2325 1560 2395 τῆς
1575 2324 1751 2394 ἀρχῆς
1767 2324 1925 2377 ἐκτον

256 2409 421 2479 μέρος
436 2409 647 2478 ἀφῆκεν
675 2407 819 2477 ἔχειν
844 2410 871 2461 0
896 2407 1047 2471 Θεός.
1069 2408 1132 2460 El
1156 2408 1256 2478 μὲν
1277 2402 1423 2477 οὖνή
1453 2407 1655 2477 σπουδή
1677 2424 1768 2461 σου
1796 2406 1924 2477 περὶ

252 2494 378 2555 τοὺς
403 2490 602 2556 ἔξωθεν
627 2490 819 2559 λόγους
856 2487 924 2563 ἦν
945 2531 959 2552 ,
996 2487 1115 2545 εἶτα
1140 2489 1631 2562 ἀπερραθύμησας,
1667 2491 1927 2560 δικαστη-

257 2576 387 2644 ρίων
404 2575 499 2627 καὶ⁵
522 2574 764 2644 βήματος
785 2575 880 2628 καὶ
903 2574 1012 2629 τῶν
1048 2574 1258 2627 ἐκεῖθεν
1284 2573 1562 2641 στεφάνων
1592 2572 1684 2627 καὶ
1710 2576 1927 2644 παρρη-

257 2660 375 2721 σίας
398 2660 849 2731 ἀναμιμνήσκων,
872 2659 1222 2731 παρεκάλεσα
1252 2659 1318 2713 ἂν
1348 2657 1665 2712 ἐπανελθεῖν
1694 2659 1775 2722 εἰς
1797 2658 1925 2722 τοὺς

256 2742 397 2811 ὑπὲρ
434 2741 657 2795 ἐκείνων
693 2743 920 2805 πόνους·
977 2741 1239 2811 ἐπειδὴδὲ
1265 2740 1407 2812 ὑπὲρ
1433 2740 1540 2794 τῶν
1592 2741 1650 2793 ἐν
1675 2741 1926 2813 οὐρανοῖς

255 2823 521 2893 τρέχομεν
541 2864 554 2887 ,
584 2825 678 2878 καὶ
707 2824 818 2877 τῶν
844 2826 936 2877 ἐπὶ
971 2825 1071 2893 τῆς
1097 2826 1202 2894 γῆς
1231 2825 1388 2893 λόγος
1418 2826 1550 2895 ἡμῖν
1578 2824 1773 2890 οὐδεὶς,
1805 2825 1925 2878 ἐτέ-

260 2925 352 2976 ρον
380 2924 439 2960 σε
471 2908 874 2979 ἀναμιμνήσκω
889 2907 1262 2979 δικαστηρίου,
1296 2908 1391 2960 καὶ
1421 2906 1663 2978 βήματος
1691 2907 1925 2977 φοϐεροῦ

259 2993 349 3043 καὶ
376 2992 708 3063 φρικώδους·
757 2993 993 3057 Πάντας
1022 2994 1134 3061 γὰρ
1191 2990 1349 3060 ἡμᾶς
1392 2990 1808 3060 φανερωθῆναι
1837 2991 1934 3046 δεῖ

265 3076 611 3143 ἔμπροσθεν
638 3073 745 3127 τοῦ
769 3075 1045 3142 ,ϐήματος
1073 3075 1181 3130 τοῦ
1228 3074 1486 3143 Χριστοῦ
1516 3072 1565 3128 ά.
1615 3073 1824 3145 Κριτής
1870 3074 1927 3127 δὲ

259 3160 492 3229 κάθηται
523 3158 643 3211 τότε
673 3160 702 3211 0
733 3157 828 3211 νῦν
861 3158 1221 3228 ἀθετοῦμενος
1272 3158 1378 3212 ὑπὸ
1416 3158 1533 3216 σοῦ.
1557 3158 1623 3211 Τί
1655 3153 1749 3212 οὖν
1773 3157 1929 3230 ἐροῦ-

260 3259 381 3311 μεν,
416 3242 536 3294 είπέ
575 3259 688 3313 μοι,
740 3242 892 3305 τότε;
932 3242 985 3296 τί
1024 3243 1081 3295 δὲ
1134 3242 1230 3296 καὶ
1284 3240 1777 3312 ἀπολογησόμεθα,
1832 3241 1928 3295 ἐὰν

256 3325 605 3395 ἐπιμένωμεν
626 3324 946 3390 ἀθετοῦντες
973 3343 989 3389 ς
1039 3326 1104 3380 Τί
1133 3323 1227 3379 οὖν
1260 3325 1493 3397 ἐροῦμεν
1518 3341 1533 3389 ;
1584 3325 1926 3395 πραγμάτων

257 3408 545 3478 φροντίδας
590 3409 938 3480 σκηψόμεθα;
981 3410 1145 3464 Ἀλλὰ
1178 3409 1464 3481 προλαϐὼν
1492 3404 1642 3460 εἶπε·
1681 3409 1741 3461 Τί
1776 3408 1929 3478 ὠφε-

255 3492 435 3559 λήσει
458 3492 786 3559 ἄνθρωπος,
814 3492 923 3546 ἐὰν
950 3492 1059 3546 τὸν
1083 3494 1318 3562 κόσμον
1341 3492 1489 3546 ὅλον
1512 3490 1798 3560 κερδήσῃ,
1815 3491 1929 3560 τὴν

256 3578 324 3631 δὲ
350 3578 561 3647 ψυχὴν
602 3579 789 3633 αὑτοῦ
818 3577 1106 3647 ζημιωθῇ;
1136 3577 1299 3630 Ἀλλά
1339 3577 1399 3630 τὸ
1428 3578 1519 3646 ὑφ’
1550 3578 1752 3648 ἐτέρων
1780 3577 1927 3645 ἠπα-

256 3663 479 3731 τῆσθαι;
512 3662 653 3715 Ἀλλ’
686 3661 807 3715 οὐδέ
840 3663 931 3715 τὸν
965 3662 1139 3732 Ἀδάμ
1167 3661 1305 3732 πρὸς
1335 3661 1632 3728 ἀπολογίαν
1664 3660 1841 3729 ὢνησε
1866 3660 1928 3712 τὸ

258 3743 624 3812 προϐαλέσθαι
679 3744 779 3814 τὴν
810 3746 1041 3811 γυναῖκα
1064 3784 1079 3808 ,
1125 3744 1221 3796 καὶ
1249 3743 1426 3796 εἰπεῖν
1445 3760 1458 3772 ⁶
1501 3743 1562 3796 Ἠ
1622 3740 1777 3811 γυνὴ
1800 3782 1815 3805 ,
1849 3740 1930 3809 ἣν

256 3823 485 3889 ἔδωκας
510 3825 638 3892 μετ’
668 3825 835 3894 ἐμοῦ,
885 3826 1036 3890 αὕτη
1065 3841 1141 3893 με
1182 3822 1504 3891 ἠπάτησεν
1523 3841 1537 3853 ·
1586 3822 1775 3891 ὥσπερ
1806 3822 1929 3875 ούδέ

256 3908 356 3976 τὴν
385 3909 616 3974 γυναῖκα
642 3908 671 3960 0
697 3907 837 3975 ὄφις.
864 3906 1118 3977 Φοϐερὸν,
1141 3901 1187 3959 ὦ
1207 3906 1324 3974 φίλε
1356 3906 1599 3977 Θεόδωρε
1636 3915 1681 3969 θ,
1700 3906 1761 3958 τὸ
1784 3905 1930 3959 δικα-

260 3992 480 4059 στήριον
507 3993 683 4045 ἐκεῖνο
710 4032 723 4054 ,
755 3992 815 4044 οὐ
870 3991 1193 4061 κατηγόρων
1222 3990 1471 4060 δεόμενον
1489 4030 1504 4055 ,
1536 3989 1597 4040 ού
1644 3989 1928 4060 μάρτυρας

260 4075 583 4143 περιμένον·
619 4076 794 4129 πάντα
810 4074 917 4145 γὰρ
944 4076 1127 4144 γυμνά
1170 4075 1266 4127 καὶ
1296 4072 1768 4144 τετραχηλισμένα
1812 4074 1930 4127 ἐστὶ

257 4160 336 4229 τῷ
360 4162 654 4225 δικάζοντι,
700 4163 794 4213 καὶ
833 4163 894 4214 ού
920 4162 1171 4232 πράξεων
1205 4160 1386 4231 μόνον,
1417 4158 1553 4212 ἀλλά
1586 4160 1679 4212 καὶ
1710 4160 1929 4215 ἐννοιῶν

258 4244 488 4308 εὐθύνας
516 4245 737 4313 ὑπέχειν
777 4244 888 4296 δεῖ·
948 4243 1194 4314 κριτικὸς
1228 4242 1336 4312 γάρ
1386 4244 1533 4294 ἐστιν
1579 4242 1929 4314 ἐνθυμήσεων

260 4332 352 4383 καὶ
377 4331 597 4384 ἐννοιῶν
630 4332 853 4401 καρδίας
880 4333 908 4383 0
926 4330 1184 4398 δικαστὴς
1206 4332 1427 4392 ἐκεῖνος.
1448 4328 1591 4381 Ἀλλ’
1617 4331 1747 4394 ἴσως
1769 4333 1929 4386 ἀσθέ-

258 4436 405 4471 νειαν
429 4420 641 4487 φύσεως
668 4421 833 4488 ἐρεῖς,
880 4420 975 4471 καὶ
1002 4418 1063 4470 τὸ
1107 4417 1181 4489 μὴ
1215 4418 1509 4488 δυνηθῆναι
1564 4418 1811 4485 ἐνεγκεῖν
1837 4420 1928 4475 τὸν

259 4506 440 4573 ζυγόν.
476 4507 585 4558 Καὶ
613 4506 738 4557 ποία
762 4505 901 4575 αὕτη
931 4505 1219 4574 ἀπολογία,
1258 4504 1422 4573 ζυγὸν
1475 4506 1549 4576 μὴ
1577 4505 1791 4576 ἰσχῦσαι
1836 4509 1927 4561 τὸν

259 4593 490 4662 χρηστὸν
515 4593 776 4659 ἐνεγκεῖν,
802 4592 1020 4662 φορτίον
1052 4591 1071 4630 τ
1119 4592 1193 4662 μὴ
1219 4592 1513 4662 δυνηθῆναι
1549 4593 1817 4662 βαστάσαι
1867 4598 1928 4649 τὸ

257 4675 523 4743 ἐλαφρόν;
578 4674 715 4745 βαρὺ
763 4676 996 4745 πρᾶγμα
1059 4675 1154 4727 καὶ
1200 4675 1460 4745 φορτικὸν
1515 4678 1548 4749 ή
1597 4675 1705 4729 τῶν
1742 4678 1927 4732 κόπων

258 4758 586 4827 ἁνάκτησις;
630 4758 752 4809 Ἐπὶ
776 4758 948 4810 ταῦτα
978 4758 1087 4828 γάρ
1114 4758 1291 4811 πάντα
1330 4758 1486 4811 καλεῖ
1509 4760 1538 4812 0
1574 4760 1807 4831 X0:0:0;
1842 4762 1928 4814 λέ-

258 4857 367 4909 γων
388 4857 399 4868 ·
440 4842 617 4895 Δεῦτε
632 4841 781 4909 πρὸς
810 4841 902 4910 μὲ,
937 4840 1157 4908 πάντες
1178 4844 1233 4895 οί
1249 4842 1573 4909 κοπιῶντες
1594 4844 1689 4897 καί
1706 4860 1925 4915 πεφορ-

322 4998 345 5024 “
369 4997 519 5073 S’avil.
541 4996 695 5073 'in’tex
705 4997 858 5073 lu‘zca}
877 4996 973 5073 γάρ
990 4999 1016 5045 0
1038 4998 1283 5073 μακάριος,
1306 5001 1342 5073 ὁ.
1358 4999 1577 5072 ἐκλεκτὸς
1600 5000 1820 5063 βασιλεὺς
1843 5003 1924 5073 καὶ

254 5060 509 5120 προφήτης·
530 5059 671 5115 ἡνίκα
687 5059 873 5115 πολλοί,
898 5066 993 5107 etc.
1038 5063 1094 5106 ιιι
1115 5059 1280 5120 supra.
1325 5060 1378 5109 In
1415 5059 1639 5124 margin'e
1666 5074 1801 5118 vero,
1844 5064 1925 5110 τὸν

256 5121 484 5195 μαξιάριον
524 5121 690 5195 ᾼαλυὶδ,
735 5120 831 5195 τὸν,
854 5119 1449 5195 ἐξλεξτὸννβρισιλέακκαὶ
1489 5124 1750 5186 προφήτην,
1783 5124 1924 5180 ἡνίκα

253 5181 405 5245 πολλᾲ
425 5182 755 5245 κατώρθωσεν,
782 5181 872 5245 οὐκ
893 5181 1055 5245 ἔλαϐεν
1078 5181 1319 5245 ἄνθρωπον
1342 5184 1470 5231 ὄντα.

316 5242 345 5318 [λ
367 5240 627 5318 ξξινὼστε,
650 5248 704 5290 et.
725 5242 1129 5318 δησιλέπισκιάσαι
1150 5240 1304 5318 πωςη.
1322 5250 1381 5307 τῇ
1398 5261 1443 5292 τ.
1467 5262 1534 5318 τε..
1543 5245 1920 5318 είδωλολατρεία,

316 5308 339 5334 ε
374 5304 485 5377 Βυο
507 5317 625 5353 mss.
660 5306 742 5374 καὶ
780 5302 1023 5377 ἄνθρωπον
1048 5305 1161 5377 ὄντα
1181 5302 1464 5377 σοφὸν
1492 5306 1610 5377 ΜοιΔ
1642 5302 1815 5377 σηπιεέ
1837 5302 1921 5377 alii

254 5364 435 5453 ΞὲίέῗέἛὲ
454 5364 1074 5453 δεεηίιηξίεεοτξὲεὲτξεῖεξ
1094 5364 1922 5453 2283;329:51330";"19310

255 5427 442 5491 Savilii,
469 5439 647 5489 nempe
786 5427 1071 5497 Σολρμῶντα
1094 5428 1153 5475 δι’
1176 5427 1415 5537 ἁμαρτίαν
1431 5429 1611 5478 δίκαιον
1651 5430 1766 5479 ὄντα
1799 5436 1917 5480 πᾶσ.

252 5493 408 5560 ιὶιφ.’τ.ζ
424 5490 605 5560 βασιλε,
626 5489 704 5537 διὰ
823 5505 912 5560 του
932 5489 1126 5560 πατρός,
1146 5506 1193 5560 κ.
1213 5504 1259 5537 τ.
1314 5526 1326 5538 .
1476 5552 1487 5560 _
1688 5552 1700 5560 ι
1739 5552 1759 5560 Δ
1788 5552 1800 5560 ⁸
1891 5552 1915 5560 _

318 5548 345 5587 σι
372 5548 543 5611 Pérgit
562 5550 612 5614 in
638 5550 860 5614 margine
883 5548 1042 5614 Savil.‘
1056 5551 1134 5614 ῖνα
1155 5550 1355 5614 ἕκαστος
1374 5552 1637 5614 κομίσηται
1652 5552 1713 5600 τὰ
1735 5552 1812 5600 διὰ
1834 5552 1919 5602 τοῦ

254 5612 474 5675 σώματος
492 5611 615 5675 πρὸς
631 5611 664 5658 ἃ
700 5612 911 5675 ἔπραξεν,
932 5612 1247 5675 εἶτε-ἀγαθὸν,
1271 5614 1366 5661 εἶτε
1401 5611 1565 5662 κακόν.
1593 5612 1707 5662 Mox
1748 5628 1920 5675 omnes

255 5671 435 5738 [πώρου.
449 5671 871 5738 ἀθετούμενοςῦπὸ
892 5671 999 5721 σοῦ.
1028 5671 1201 5738 Ἀοιξει.
1225 5676 1531 5738 ἀθετούμενος
1550 5676 1679 5737 παρὰ
1700 5673 1807 5724 σοῦ.
1840 5676 1920 5727 ln-

254 5734 1320 5813 f"*_S:,‘:"-o??3.wééas3:923:00??-M
1398 5734 1463 5813 '..
1522 5798 1534 5813 .
1616 5734 1642 5813 ;

319 5806 341 5832 ο
364 5796 447 5870 S_ic
487 5794 638 5870 80m.
664 5803 725 5870 et,
739 5794 997 5870 unlis’iiod.
1022 5794 1167 5870 01:0:
1208 5809 1340 5870 [erg
1370 5798 1652 5870 φοϐερὸνηῶ
1678 5799 1916 5870 Θεόδωρε.

256 5859 441 5923 Ματρί.-
457 5858 654 5923 φοϐερὸχ
673 5857 771 5917 οὖν,
797 5858 1034 5920 Θεόδωρε.
1056 5857 1185 5923 Infra
1210 5860 1361 5923 Savil.
1381 5857 1792 5923 τετραχηλισμένα
1818 5857 1919 5909 ἐστὶ

257 5876 426 5908 morel.
457 5876 654 5920 φουερον
673 5876 771 5917 ουν,
797 5876 1034 5920 υεοοωρε.
1058 5876 1185 5909 mlra
1210 5876 1361 5910 aavu.
1386 5876 1528 5923 τετρα
1560 5876 1792 5922 ηΑισμενα
1818 5876 1919 5909 εστι

252 5919 605 5995 τοίιιδικάζοντιἒ
616 5919 725 5995 Duq
747 5932 864 5995 mss;
889 5922 1291 5995 ⁴εεειεραχηλισμ.ἐνοι
1313 5924 1383 5986 τῷ
1403 5924 1495 5972 δικ.
1523 5876 1693 5973 ἦρται.
1719 5928 1771 5971 ct
1794 5937 1920 5973 unus

253 5984 357 6034 cod.
382 5980 781 6045 τετραχηλισμένα
805 5981 933 6046 αύτῷ
955 5980 1047 6033 δικ.

1452 369 1545 425 AD
1581 367 2019 424 ΤΗΕουοιιυΜ
2054 368 2354 424 LAPSUM.
2390 371 2455 425 11.

3595 368 3704 423 512

2020 483 2486 556 τισμένοι,κάγὼ
2504 486 2838 541 ἀναπαύσω
2872 484 3025 555 ὑμᾶς
3055 505 3065 516 ·
3097 485 3279 555 ἄρατε
3309 490 3334 528 Β
3379 489 3487 541 τὸν
3526 487 3704 561 ζυγόν

2016 583 2136 637 μου
2164 568 2258 636 ἐφ’
2294 567 2474 638 ὑμᾶς,
2512 570 2613 622 καὶ
2656 569 2877 639 μάθετε
2901 570 3005 624 ἀπ’
3039 571 3205 639 ἐμοῦ,
3254 568 3342 623 ὅτι
3372 572 3561 640 πρᾶός
3587 579 3702 645 ειμι

2026 649 2125 703 καί
2146 651 2427 717 ταπεινὸς
2463 652 2539 721 τῇ
2568 652 2809 722 καρδίᾳ·
2841 657 2872 707 ό
2908 654 3017 723 γὰρ
3048 653 3219 723 ζυγός
3244 673 3363 723 μου
3414 660 3701 725 χρηστὸς,

2023 733 2209 788 καὶτὸ
2238 737 2486 804 φορτίον
2530 754 2651 806 μου
2698 737 3005 806 ἐλαφρόν.
3048 738 3113 790 Τί
3156 738 3265 806 γάρ
3318 738 3700 812 ἐλαφρότερον,

2024 818 2146 873 είπέ
2169 836 2281 889 μοι,
2312 819 2407 872 τοῦ
2436 820 2734 891 φροντίδων
2765 822 2859 873 καὶ
2888 822 3230 891 πραγμάτων
3254 823 3349 874 καὶ
3372 824 3575 892 φόϐων,
3608 826 3704 880 καὶ

2026 901 2203 955 πόνων
2226 901 2595 973 ἀπηλλάχθαι,
2626 903 2825 970 ἔξωθεν
2876 905 2933 960 δὲ
2988 904 3097 957 τῶν
3130 904 3221 957 τοῦ
3282 905 3399 975 βίου
3436 908 3703 977 κυμάτων

2026 984 2266 1048 ἐστάναι,
2288 986 2381 1039 καὶ
2413 988 2472 1039 ἐν
2502 987 2662 1056 εύδίῳ
2687 987 2895 1055 διάγειν
2927 986 3146 1057 λιμένι;

2094 1068 2237 1136 γ’.Τί
2264 1086 2346 1122 σοι
2380 1068 2529 1122 δοκεῖ
2555 1070 2664 1123 τῶν
2680 1072 2738 1123 ἐν
2752 1070 2943 1141 κόσμῳ
2967 1072 3305 1142 μακαριστὸν
3318 1070 3457 1127 εῖναι
3487 1074 3583 1127 καὶ
3610 1075 3706 1147 ζη-

2025 1150 2230 1218 λωτόν;
2265 1152 2469 1223 Ἀρχὴν
2511 1153 2731 1217 πάντως
2771 1156 2918 1223 ἐρεῖς
2952 1156 3047 1208 καὶ
3076 1156 3314 1210 πλοῦτον
3346 1159 3442 1212 καὶ
3469 1159 3531 1212 τὸ
3553 1160 3705 1230 πα.ρά

2025 1235 2336 1308 ἀνθρώποις
2363 1237 2694 1307 εὐδοκιμεῖν.
2727 1240 2837 1291 Καὶ
2875 1239 2929 1291 τί
2972 1240 3180 1294 τούτων
3198 1241 3549 1314 ἀθλιώτερον,
3575 1244 3707 1296 ὅταν

2028 1319 2162 1388 πρὸς
2192 1319 2292 1391 τὴν
2327 1319 2668 1391 Χριστιανῶν
2690 1321 3004 1393 ἐλευθερίαν
3030 1325 3417 1397 συγκρίνηται;
3469 1325 3582 1397 [58]
3647 1326 3712 1380 ’οι

2030 1402 2129 1473 μὲν
2187 1402 2296 1473 γὰρ
2341 1404 2525 1474 ἄρχων
2563 1404 2750 1475 δήμων
2801 1406 3087 1461 ὑπόκειται
3113 1407 3288 1479 θυμῷ,
3345 1408 3438 1461 καὶ
3471 1408 3707 1480 πλήθους

2025 1487 2223 1557 ὁρμαῖς
2251 1487 2487 1557 ἀλόγοις,
2527 1490 2678 1560 φόϐῳ
2706 1507 2765 1542 τε
2811 1491 3088 1561 ἀρχόντων
3120 1490 3401 1561 μειζόνων,
3444 1492 3539 1546 καὶ
3583 1496 3705 1556 ταῖς

2027 1570 2169 1642 ὑπὲρ
2190 1571 2299 1625 τῶν
2332 1572 2651 1644 ἀρχομένων
2684 1574 2953 1644 φροντίσι,
2984 1576 3077 1628 καὶ
3102 1578 3130 1628 0
3172 1576 3298 1646 χθὲς
3324 1578 3506 1648 ἄρχων
3536 1579 3705 1647 σήμε-

2030 1671 2122 1722 ρον
2154 1653 2371 1726 ἰδιώτης
2391 1673 2405 1686 ·
2440 1656 2645 1727 σκηνῆς
2667 1656 2777 1729 γάρ
2809 1657 2960 1711 οὐδὲν
2995 1659 3024 1710 0
3063 1659 3251 1730 παρὼν
3272 1659 3541 1732 διενήνοχε
3568 1661 3707 1731 βίος·

2023 1735 2164 1790 ἀλλά
2193 1736 2446 1809 καθάπερ
2490 1739 2608 1791 ἐκεῖ
2639 1738 2903 1809 βασιλέως
2937 1740 3037 1810 μὲν
3072 1733 3258 1806 οὗτος,
3312 1743 3619 1814 στρατηγοῦ
3648 1744 3706 1797 δέ

2028 1820 2267 1883 ἐκεῖνος,
2321 1821 2509 1891 ἕτερος
2544 1822 2599 1875 δέ
2633 1822 2968 1895 στρατιώτου
3028 1824 3181 1890 τάξιν
3234 1826 3450 1896 πληροῖ,
3509 1827 3605 1897 τῆς
3647 1827 3703 1880 δέ

2028 1902 2266 1973 ἑσπέρας
2297 1903 2732 1977 καταλαϐούσης,
2773 1905 2898 1959 οὔτε
2929 1906 3183 1977 βασιλεὺς
3219 1911 3246 1961 ὁ
3275 1908 3548 1978 βασιλεὺς,
3580 1908 3705 1963 οὔτε

2028 1984 2211 2056 ἄρχων
2242 1988 2270 2040 0
2296 1986 2501 2057 ἄρχων,
2530 1987 2652 2041 οὕτε
2675 1991 2703 2041 0
2729 1992 3030 2059 στρατηγὸς
3061 1992 3366 2063 στρατηγὸς
3390 2033 3404 2056 ,
3445 1991 3586 2045 οὕτω
3609 1995 3705 2046 καὶ

2029 2069 2088 2121 ἐν
2115 2070 2298 2140 ἐκείνῃ
2323 2072 2390 2140 τῇ
2420 2071 2628 2141 ἡμέρᾳ,
2670 2072 2770 2126 οὑκ
2822 2073 2930 2125 ἀπὸ
2962 2074 3057 2127 τοῦ
3083 2075 3399 2145 προσώπου,
3449 2075 3566 2129 ἀλλ’
3595 2075 3706 2128 ἀπὸ

2028 2151 2137 2204 τῶν
2164 2151 2342 2220 ἔργων
2380 2153 2610 2215 ἕκαστος
2642 2154 2873 2225 λήψεται
2900 2154 2999 2227 τὴν
3053 2157 3211 2224 ἀξίαν
3244 2157 3500 2229 ἀμοιϐήν.
3543 2158 3705 2211 Ἀλλά

2028 2232 2157 2298 δόξα
2172 2233 2372 2303 τίμιον,
2392 2234 2454 2287 τὸ
2477 2238 2817 2291 καταπῖπτον
2830 2237 2907 2302 ὡς
2920 2238 3079 2303 άνθος
3098 2240 3292 2314 χόρτου
3314 2258 3329 2307 ;
3349 2241 3508 2295 Ἀλλά
3536 2240 3703 2294 πλοῦ-

2028 2332 2150 2380 τος,
2201 2315 2261 2369 ὃν
2287 2316 2339 2369 οί
2390 2318 2718 2389 κεκτημένοι
2757 2320 3490 2396 ταλανίζονται;οὺαίγάρ,
3544 2324 3701 2393 φησὶ,

2030 2397 2155 2463 τοῖς
2200 2399 2522 2465 πλουσίοις
2543 2416 2557 2429 ·
2606 2400 2700 2457 καὶ
2721 2400 2900 2467 πάλιν,
2947 2403 3092 2457 Οὐαί
3124 2407 3178 2457 οί
3228 2408 3575 2472 πεποιθότες
3603 2404 3703 2459 ἐπί

2029 2476 2105 2546 τῇ
2147 2478 2395 2548 δυνάμει
2442 2480 2661 2544 αὐτῶν,
2696 2482 2796 2536 καί
2817 2484 2917 2538 ἐπὶ
2938 2484 3018 2550 τῷ
3043 2485 3258 2553 πλήθει
3301 2488 3408 2542 τοῦ
3436 2489 3703 2542 πλούτου

2030 2562 2230 2616 αὐτῶν
2256 2564 2625 2635 καυχώμενοι
2657 2566 2676 2619 !
2704 2566 2762 2619 ὐ
2793 2568 3119 2638 Χριστιανὸς
3150 2569 3405 2625 οὐδέποτε
3424 2572 3483 2639 ἐξ
3511 2572 3703 2642 ἄρχον-

2029 2660 2119 2721 τος
2153 2642 2364 2715 ἰδιώτης
2390 2644 2618 2711 γίνεται,
2636 2645 2755 2699 οὐδὲ
2788 2647 2896 2699 ἀπὸ
2914 2647 3169 2701 πλουσίου
3204 2650 3395 2721 πένης,
3423 2651 3545 2705 ούδέ
3578 2651 3704 2704 ἀδο-

2033 2720 2122 2802 ξος
2160 2723 2267 2802 ἀπὸ
2301 2723 2511 2789 ἐνδόξου
2535 2742 2547 2753 ·
2585 2726 2721 2779 ἀλλά
2774 2726 2927 2796 μένει
2965 2727 3212 2782 πλουτῶν
3264 2730 3392 2781 ὅταν
3423 2731 3705 2802 πτωχεύῃ,

2031 2801 2127 2853 καὶ
2151 2801 2376 2870 ὑψοῦται
2398 2804 2527 2857 ὅταν
2579 2805 2870 2859 ταπεινοῦν
2905 2806 3099 2859 ἐαυτὸν
3129 2807 3405 2880 σπουδάζῃ
3423 2826 3435 2838 '
3464 2810 3559 2862 καὶ
3604 2811 3704 2880 τῆς

2031 2880 2213 2960 ἀρχῆς
2236 2877 2306 2953 ἦς
2327 2882 2521 2954 ἄρχει,
2594 2886 2695 2937 οὐκ
2726 2883 3053 2955 ἀνθρώπων,
3114 2886 3249 2939 άλλά
3280 2877 3402 2941 τῶν.
3428 2877 3703 2960 ἀρχόντων

2031 2958 2131 3028 τῆς
2158 2958 2407 3025 ἐξουσίας
2429 2963 2521 3016 τοῦ
2548 2961 2573 3001 δ
2598 2965 3043 3035 κοσμοκράτορος
3099 2965 3194 3019 τοῦ
3232 2958 3478 3031 σκότους,
3524 2969 3704 3032 οὐδεὶς

2032 3038 2196 3117 αὐτὸν
2256 3042 2573 3111 παραλῦσαι
2628 3044 2870 3100 δύναται.
2908 3046 3123 3109 Δίκαιος
3152 3048 3181 3099 0
3204 3047 3403 3117 γάμος,
3444 3046 3703 3117 σύμφημι

2034 3116 2190 3185 κάγώ
2206 3135 2218 3146 ·
2240 3120 2435 3188 Τίμιος
2461 3123 2476 3161 i
2530 3121 2660 3191 γὰρ,
2678 3123 3128 3194 φησὶν,όγάμος,
3143 3125 3237 3177 καὶ
3254 3125 3470 3192 ἡκοίτη
3493 3116 3704 3195 ἀμίαν-

2033 3214 2135 3263 τος
2156 3215 2170 3229 ·
2197 3200 2460 3267 πόρνους
2474 3200 2543 3253 δὲ
2572 3202 2668 3255 καὶ
2680 3203 2927 3271 μοιχοὺς
2948 3205 3181 3273 κρινεῖό
3205 3207 3369 3271 Θεός·
3386 3208 3470 3259 σοὶ
3493 3205 3550 3259 δὲ
3576 3208 3702 3260 οὐκ-

2033 3275 2115 3357 έτι
2156 3276 2382 3330 δυνατὸν
2436 3280 2504 3333 τά
2554 3280 2737 3335 δίκαια
2791 3281 2885 3335 τοῦ
2916 3282 3095 3352 γάμου
3143 3282 3393 3351 φυλάξαι.
3444 3283 3549 3337 Τὸν
3593 3285 3703 3357 γὰρ

2034 3356 2341 3425 ἐπουρανίῳ
2371 3359 2708 3427 συναφθέντα
2725 3360 2964 3431 νυμφίῳ,
3009 3362 3198 3414 τοῦτον
3217 3362 3315 3432 μὲν
3341 3362 3579 3431 ἀφεῖναι,
3602 3356 3703 3433 γυὲ

2034 3433 2183 3486 ναικὶ
2201 3433 2258 3486 δέ
2284 3436 2475 3489 ἐαυτὸν
2502 3438 2755 3507 συνάψαι,
2777 3439 2991 3509 μοιχεία
3015 3439 3076 3492 τὸ
3100 3442 3352 3510 πρᾶγμα,
3368 3442 3472 3495 κᾶν
3506 3443 3703 3512 μυριά-

2035 3528 2123 3592 κις
2170 3513 2299 3567 αὐτὸ
2319 3516 2495 3587 γάμον
2520 3518 2712 3588 καλῇς·
2750 3518 2951 3588 μᾶλλον
2984 3519 3040 3571 δὲ
3070 3521 3163 3572 καὶ
3194 3521 3437 3590 μοιχείας
3464 3520 3703 3592 τοσούτῳ

2034 3591 2371 3663 δεινότερον,
2456 3595 2567 3666 ὅσῳ
2618 3597 2881 3667 κρείττων
2937 3597 3238 3669 ἀνθρώπων
3289 3600 3442 3663 Θεός.
3498 3591 3702 3671 Μηδείς

2038 3687 2097 3722 σε
2121 3671 2385 3726 ἀπατάτω
2410 3673 2585 3741 λέγων
2605 3693 2616 3707 ·
2666 3676 2866 3746 Γαμεῖν
2895 3678 2995 3729 οὐκ
3030 3676 3300 3730 ἐκώλυσεν
3334 3681 3362 3732 0
3393 3678 3542 3742 Θεός.
3571 3677 3702 3734 Οἶδα

2033 3747 2190 3801 τοῦτο
2232 3750 2415 3819 κάγώ·
2465 3756 2667 3822 γαμεῖν
2713 3754 2850 3808 οὐκί
2893 3755 3165 3808 ἐκώλυσεν
3191 3798 3207 3819 ,
3246 3757 3382 3811 ἀλλά
3432 3759 3702 3828 μοιχεύειν

2036 3828 2329 3909 ἐκώλυσεν,
2344 3829 2381 3909 0
2410 3832 2473 3883 σὺ
2501 3836 2674 3884 ποιεῖν
2700 3834 2904 3898 ἐθέλεις
2922 3850 2936 3865 ·
2962 3835 2990 3886 ὂ
3017 3837 3090 3906 μὴ
3114 3836 3342 3903 γένοιτο,
3366 3837 3424 3889 σέ
3448 3838 3702 3909 ὁμιλῆσαι

2034 3907 2196 3988 γάμῳ
2224 3908 2354 3960 ποτέ
2381 3910 2393 3961 ί
2430 3910 2541 3963 Καὶ
2568 3911 2622 3963 τί
2652 3912 2951 3983 θαυμάζεις
2989 3917 3036 3967 εἰ
3070 3916 3244 3984 γάμος
3270 3916 3458 3987 ὥσπερ
3486 3907 3702 3988 μοιχεία

2036 3986 2300 4067 κρίνεται,
2318 3989 2442 4067 ὁταν
2464 3989 2722 4060 ἀθετῆται
2747 3991 2907 4057 Θεός;
2930 3993 3090 4056 Φόνος
3110 3986 3453 4066 δικαιοσύνην
3480 3986 3701 4067 ἤνεγκε,

2036 4068 2130 4147 καὶ
2172 4066 2550 4147 φιλανθρωπία
2584 4070 2744 4137 φόνου
2787 4072 2989 4141 μᾶλλον
3030 4074 3385 4145 κατέκρινεν·
3428 4066 3615 4147 ἐπειδὴ
3640 4078 3703 4130 τὸ

2038 4144 2137 4226 μέν
2159 4145 2299 4226 κατά
2320 4146 2563 4226 γνώμην,
2587 4150 2649 4201 τὸ
2671 4149 2725 4201 δέ
2750 4150 3047 4214 κωλύοντος
3075 4144 3290 4219 ἐγένετο
3309 4153 3466 4208 Θεοῦ.
3494 4144 3703 4226 Καὶ-τῷ

2038 4223 2136 4293 μὲν
2158 4224 2341 4288 Φινεὲς
2364 4225 2613 4297 ἐλογίσθη
2636 4230 2715 4289 είς
2739 4228 3085 4300 δικαιοσύνην
3103 4230 3164 4282 τὸ
3185 4231 3282 4302 τὴν
3301 4223 3701 4305 πορνευομένην

2034 4307 2266 4371 γυναῖκα
2299 4306 2436 4375 μετά
2465 4307 2559 4360 τοῦ
2578 4309 2933 4379 πορνεύοντος
2954 4311 3279 4381 ἐκκεντῆσαι
3301 4329 3314 4341 ι
3338 4313 3430 4365 τὸν
3451 4312 3506 4365 δέ
3531 4315 3701 4368 Σαοὺλ

2034 4384 2063 4435 0
2092 4384 2245 4453 ἀγιος
2276 4384 2369 4439 τοῦ
2396 4387 2531 4440 Θεοῦ
2563 4389 2815 4460 Σαμουὴλ
2846 4391 3052 4454 ἐκεῖνος
3072 4392 3198 4455 ὅλας
3224 4392 3425 4455 νύκτας
3453 4394 3702 4464 δακρύων

2035 4467 2129 4520 καὶ
2160 4467 2370 4548 πενθῶν
2396 4471 2490 4548 καὶ
2521 4472 2873 4543 παρακαλῶν,
2902 4475 3002 4527 οὐκ
3039 4477 3257 4543 ίσχυσεν
3291 4475 3568 4541 ἐξελέσθαι
3605 4480 3703 4548 τῆς

2034 4547 2363 4618 καταδίκης,
2391 4543 2458 4620 ἧς
2487 4548 2745 4622 ἐξήνεγκε
2766 4552 2793 4591 ¹ί
2828 4554 2946 4605 κατ’
2968 4553 3133 4605 αὐτοῦ
3159 4555 3186 4606 0
3216 4554 3366 4621 Θεὸς,
3392 4555 3576 4627 ἐπειδὴ
3611 4543 3701 4609 τὸν

2033 4627 2142 4707 τῶν
2166 4627 2477 4696 ἀλλοφύλων
2524 4630 2786 4699 βασιλέα,
2816 4632 2874 4684 ὃν
2916 4632 3033 4685 δέον
3078 4633 3305 4695 ἀνελεῖν,
3354 4635 3521 4688 ἔσωσε
3553 4639 3702 4707 παρὰ

2034 4705 2258 4778 γνώμην
2289 4707 2444 4761 Θεοῦ.
2474 4710 2537 4762 El
2564 4711 2739 4763 τοίνυν
2765 4711 3141 4782 φιλανθρωπία
3171 4713 3367 4781 μᾶλλον
3384 4716 3544 4782 φόνου
3574 4705 3701 4769 κατ-

2034 4787 2214 4857 έκρινε
2264 4788 2353 4841 διὰ
2379 4789 2440 4841 :0
2466 4791 2914 4861 παρακουσθῆναι
2942 4792 3095 4856 Θεὸν,
3122 4794 3172 4845 τί
3196 4795 3507 4863 θαυμαστὸν
3530 4798 3577 4850 εί
3602 4800 3700 4865 γά-

2036 4884 2135 4936 μος
2161 4869 2402 4938 μοιχείας
2433 4870 2780 4935 καταδικάζει
2811 4872 3034 4941 μᾶλλον,
3063 4872 3152 4926 διὰ
3175 4874 3234 4925 τὸ
3258 4874 3583 4946 ἀθετηθῆναι
3610 4878 3701 4931 τὸν

2031 4948 2294 5029 Χριστόῃ
2333 4950 2505 5020 Ὅπερ
2530 4951 2639 5021 γάρ
2659 4952 2755 5022 τὴν
2786 4952 2959 5023 ἀρχὴν
2984 4953 3139 5024 ἐφην,
3164 4957 3211 5006 εί
3246 4955 3343 5022 μέν
3374 4956 3585 5028 ἰδιώτης
3609 4954 3697 5029 ἦς,

2031 5025 2297 5109 ούδεὶςιᾶν
2320 5045 2377 5109 σε
2399 5029 2729 5101 ἀστρατείας
2760 5032 3056 5102 ἐγράψατσ
3083 5034 3200 5087 νυνὶ
3224 5033 3281 5086 δέ
3306 5036 3487 5089 οὐκέτι
3512 5025 3699 5109 κ’ύρίος

2031 5102 2080 5157 εί
2107 5103 2356 5188 ιῌσαυ-τοῦ
2378 5147 2391 5171 ,
2434 5110 2647 5179 βασιλεῖ
2676 5113 2900 5178 τοιούτῳ
2947 5115 3390 5183 στρατευόμενος.
3427 5116 3490 5169 Et
3524 5102 3632 5188 γάρ
3662 5121 3696 5187 ή

2030 5185 2166 5255 γυνὴ
2186 5186 2280 5239 τοῦ
2306 5188 2437 5242 ίδίου
2464 5189 2715 5260 σώματος
2736 5191 2835 5244 ούκ
2856 5190 3178 5261 ἐξουσιάζει,
3206 5194 3319 5248 ἀλλ’
3345 5197 3374 5250 0
3390 5196 3549 5269 ἀνὴρ,
3575 5185 3699 5252 πολέ

2096 5306 2117 5381 ξ
2136 5308 2265 5381 "M33:
2292 5312 2371 5381 καὶ
2400 5313 2604 5375 φορτίον.
2631 5314 2861 5381 In_Savil.
2888 5321 2942 5365 et
2961 5316 3135 5367 Morel.
3161 5320 3243 5381 καί
3260 5320 3420 5369 deest.

2090 5371 2117 5409 ε
2135 5370 2285 5449 δίψει.
2307 5378 2363 5449 st
2382 5370 2504 5448 dub“
2523 5389 2638 5449 mss:
2681 5379 2815 5439 ὑμᾶς·
2838 5381 2938 5449 ,καὶ
2973 5381 3158 5449 πάλιν,⁸
3180 5380 3371 5449 Ἀρατε.
3412 5381 3539 5449 Infra
3575 5398 3698 5433 unus

2027 5433 2283 5502 φροντίδων
2306 5438 2540 5498 βιωτικῶν
2563 5440 2644 5487 καὶ
2661 5433 2949 5501 πραγμάτων
2968 5442 3049 5488 καὶ
3068 5433 3226 5503 φόϐων
3248 5433 3585 5507 καθημερινῶν.
3609 5449 3695 5497 Sa-

2027 5495 2108 5556 V‘ll_.
2147 5495 2264 5544 item
2288 5497 2438 5547 habet
2469 5502 2792 5556 καθημερινῶν
2810 5508 2919 5556 post
2946 5503 3121 5556 φόϐων.
3560 5550 3567 5555 .

2147 5515 2264 5544 nem
2288 5515 2438 5547 uane:
2469 5515 2792 5562 καοημερινων
2810 5515 2919 5563 pos:
2979 5515 3121 5551 οῦων.

2089 5551 2119 5622 ξ
2141 5556 2302 5622 βανὶί.
2330 5560 2571 5622 ἀρχόντων
2588 5564 2684 5610 τῶν
2705 5563 2798 5611 ὑπὸ
2819 5565 2904 5620 τὴν
2925 5520 3139 5619 ἐῖουσίαν
3161 5563 3266 5614 τοῦ.

2093 5616 2109 5654 ί
2136 5618 2267 5667 Savil
2278 5658 2287 5668 .
2310 5616 2471 5678 καλός.

2027 5678 2116 5803 μί
2138 5681 2250 5797 ὃςειν.
2265 5682 2315 5729 in
2342 5696 2493 5746 marg.
2507 5686 2673 5747 γαμεῖν
2691 5687 2901 5750 νομίμως
2923 5687 3025 5737 οὐκ.
3044 5689 3181 5741 Unus
3200 5692 3307 5741 cod.
3330 5693 3494 5755 γαμεῖν
3517 5696 3600 5757 μὲν
3619 5714 3696 5749 νο-

2119 5761 2159 5790 ω
2190 5780 2200 5790 .

1997 5824 2007 5834 ·
2137 5804 2289 5874 §avil_.
2313 5810 2366 5854 et
2386 5821 2506 5874 mss:
2528 5809 2585 5868 ἧς
2607 5812 2835 5874 ἐξήνεγκε.
2870 5812 3041 5864 Morel.
3064 5816 3122 5872 ἣν
3144 5817 3265 5873 ἐξῆν.

2091 5864 2486 5954 35:14:20.3;
2496 5864 2854 5954 15055050
2876 5876 3029 5954 easeas
3043 5864 3293 5954 έέράφάτρ-
3321 5879 3417 5954 :0
3437 5881 3696 5954 ww:

2024 5930 2291 6009 τηλικούτῳ
2302 5930 2873 6009 στρατευόμενος,τοῦτον
2890 5930 3179 6009 καταλιπὼν,
3192 5942 3271 6009 καὶ
3290 5943 3359 6001 τῷ
3380 5930 3528 6004 ἐχθρῷ
3539 5930 3694 5993 ξ

2028 5993 2314 6053 τομολήσας,
2335 5993 2402 6049 τίς
2427 6011 2481 6041 σε
2510 5993 2803 6051 λειποταξίου
2827 6000 2879 6046 ού
2902 6000 3154 6063 γράψεταις
3170 5993 3279 6050 Ὀὐκ
3305 5993 3368 6050 ἐτι
3395 5993 3550 6067 κύριος
3572 6007 3625 6055 εἴ.
