4096 6392
327 339 434 398 313

317 454 396 526 λῷ
423 451 622 525 μᾶλλον
650 451 700 505 οί
733 451 792 505 ἐν
822 445 1046 522 Χριστῷ
1074 445 1276 512 ζῶντες
1312 443 1413 498 οὐκ
1453 440 1520 495 ἂν
1565 433 1676 526 εἷεν
1705 427 1986 526 αὐτοὶτοῦ

321 516 572 613 σῶματος
612 537 793 594 αὐτῶν
835 516 1037 608 κύριοιξ
1088 534 1148 588 '0
1185 525 1619 602 καταφρονηθεὶς
1671 520 1768 578 νῦν
1811 516 1990 613 ἀὐτός

322 610 471 683 ἐστιν
488 629 517 682 6
538 626 661 681 τότε
681 624 937 690 δικάζων·
965 619 1153 677 τοῦτον
1177 620 1345 675 ἐννόει
1373 618 1442 672 δι’
1463 616 1587 670 ὅλου
1607 653 1622 679 ,
1658 613 1754 667 καὶ
1776 610 1870 663 τὸν
1894 624 1993 661 ποκ-

322 716 492 788 ταμὺν
519 713 615 769 τοῦ
653 714 823 786 πυρός
843 730 857 744 ·
888 708 1164 780 Ποταμός
1190 706 1301 780 7&9
1321 749 1336 772 ,
1380 704 1568 776 φησὶν,
1601 699 1766 788 εἷλκε
1805 694 1997 788 πυρὸς

324 783 441 874 πρὸ
477 783 801 874 προσώπου
834 799 1021 856 αὐτοῦ
1040 816 1054 829 °
1077 798 1180 852 ούκ
1207 796 1322 850 ἐστι
1349 795 1459 864 7&9
1484 792 1615 864 παρ’
1643 786 1765 861 ['59]
1786 783 1997 874 ἐκείνου

327 871 703 965 παραδοθέντα
718 889 797 961 τῷ
821 889 953 962 πυρὶ
974 885 1340 960 προσδοκῆσαι
1368 882 1643 942 κολάσεως
1661 877 1833 939 τέλος.
1860 871 1998 965 ’ᾼλλ’

328 983 385 1035 αἱ
412 961 525 1051 ’μὲν
557 980 744 1035 ἄτοποι
768 978 861 1031 τοῦ
904 961 1019 1047 βίου
1046 974 1232 1046 ἡδοναὶ
1262 974 1372 1026 τῶν
1400 969 1567 1025 σκιῶν
1594 966 1689 1021 καὶ
1710 961 2000 1033 ὀνειράτων

327 1068 676 1140 διαφέρουσιν
704 1066 877 1119 οὐδέν·
904 1065 1033 1137 πρὶν
1056 1062 1091 1134 ἢ
1114 1061 1223 1133 7&9
1251 1058 1572 1129 τελεσθῆναι
1596 1054 1664 1108 τά
1695 1053 1794 1124 τῆς

330 1136 454 1221 τίας
475 1136 503 1218 ,⁷
521 1155 800 1209 σϐέννυται
827 1152 896 1206 τά
918 1152 1020 1222 τῆς
1042 1148 1236 1222 ἡδονῆς
1255 1164 1270 1178 ⁸
1296 1147 1431 1201 αἰδὲ
1457 1145 1597 1215 ὑπὲρ
1620 1141 1824 1196 τούτων
1844 1136 2005 1192 κολά-

333 1261 447 1308 σεις
476 1243 647 1312 πέρας
667 1243 768 1295 οὐκ
793 1240 1025 1312 ἔχουσιν.
1057 1237 1169 1294 Καὶ
1192 1237 1256 1290 τὸ
1281 1236 1380 1307 μὲν
1403 1234 1505 1306 ἡδὺ
1534 1230 1672 1303 πρὸς
1703 1226 1881 1297 ὀλίγον
1901 1263 1917 1292 ,
1945 1224 2005 1277 τὸ

333 1332 391 1384 δὲ
419 1331 484 1385 ἀν
492 1331 640 1401 ιαρὸν
670 1328 906 1383 αἰώνιον.

422 1418 487 1471 Τί
524 1400 737 1488 βέϐαιον
791 1415 899 1469 τῶν
948 1417 1006 1468 ἐν
1062 1413 1139 1484 τῷ
1185 1412 1410 1483 κόσμῳ,
1476 1407 1598 1461 εἰπέ
1649 1422 1776 1478 μοι;
1833 1400 2008 1456 Πλοῦ-

336 1524 430 1570 τος
479 1509 507 1561 6
564 1506 700 1577 μηδὲ
770 1506 931 1577 μέχρι
983 1504 1083 1573 τῆς
1149 1500 1388 1572 ἑσπέρας
1459 1497 1646 1570 μείνας
1712 1491 2007 1554 πολλάκις;

350 1594 511 1648 Ἀλλά
564 1593 734 1659 δόξα;
791 1593 903 1646 ἀλλ’
960 1590 1123 1645 ἄκουέ
1177 1607 1321 1652 τινος
1352 1587 1601 1656 λέγοντος
1657 1582 1866 1637 δικαίου
1898 1596 1909 1607 ·
1956 1580 2010 1631 '0

336 1679 475 1745 ,βίος
519 1694 639 1748 μου
679 1675 853 1731 ἐστὶν
887 1675 1285 1744 ἐλαφρότερος
1319 1670 1599 1742 δρομέως.
1648 1668 1859 1736 Ὥσπερ
1905 1662 2013 1748 7&9

343 1747 542 1815 ἐκεῖνοι
568 1760 748 1832 πρὶνῆ
774 1759 966 1829 στῆναι
989 1757 1398 1829 μεταπηδῶσιν,
1422 1753 1564 1808 οὕτω
1591 1751 1686 1806 καὶ
1717 1749 1856 1820 αὕτη
1884 1747 2014 1819 πρὶν

344 1845 380 1916 ἢ
419 1842 824 1915 παραγενέσθαι
869 1842 1195 1913 ἀφίπταται.
1242 1839 1407 1894 Οὐδὲν
1434 1837 1613 1908 ψυχῆς
1653 1832 2011 1904 τιμιώτερον·

346 1929 444 1983 καὶ
487 1929 608 1983 οὐδὲ
647 1931 696 1982 οί
746 1929 956 2000 μωρίας
1008 1929 1087 1991 είς
1131 1925 1360 1996 ἔσχατον
1412 1920 1702 1982 ἐλάσαντες
1742 1916 2018 2000 ἡγνόησαν

347 2011 534 2066 τοῦτο·
572 1998 784 2081 Ψυχῆς
821 1998 931 2083 γὰρ
966 2009 1149 2065 οὐδὲν
1182 2005 1469 2071 ἀντάξιον
1488 2013 1528 2069 ³,
1563 2000 1673 2058 τῶν
1706 1998 1905 2065 ἔξωθέν
1936 2014 2020 2060 τις

348 2100 650 2173 ποιητικῶς
688 2100 814 2172 ἔφη.
871 2095 1003 2154 Οἶδα
1045 2100 1133 2153 ὅτι
1174 2097 1309 2165 πολὺ
1344 2094 1481 2165 πρὸς
1518 2091 1619 2162 τὴν
1654 2089 1748 2143 τοῦ
1780 2085 2022 2158 πονηροῦ

351 2189 530 2262 πάλην
557 2188 942 2260 ἀσθενέστερος
967 2186 1215 2255 γέγονας·
1250 2180 1367 2238 οῖδα
1395 2184 1479 2235 ὅτι
1507 2182 1565 2233 ἐν
1596 2178 1736 2250 μέσῃ
1762 2175 1872 2230 τῶν
1895 2174 2022 2262 ἡδο-

351 2277 459 2332 νῶν
488 2261 725 2348 ἕστηκας
751 2278 817 2346 τῇ
836 2273 1020 2345 φλογί·
1044 2273 1160 2327 ἀλλ’
1190 2274 1291 2327 ἐὰν
1315 2272 1474 2343 εἴπῃς
1509 2267 1648 2340 πρὸς
1676 2265 1771 2319 τὸν
1800 2261 2019 2334 ἐχθρὸν,

352 2367 436 2419 ὃτι
467 2366 600 2428 Ταῖς
630 2364 847 2435 ἡδοναῖς
875 2380 969 2416 σου
989 2363 1050 2417 οὐ
1073 2359 1427 2431 λατρεύομεν,
1451 2356 1548 2410 καὶ
1567 2357 1637 2426 τῇ
1659 2352 1783 2425 ῥίζῃ
1808 2350 2029 2405 πάντων

354 2452 463 2507 τῶν
489 2452 674 2506 κακῶν
697 2468 789 2505 σου
813 2452 873 2505 οὺ
895 2448 1327 2525 προσκυνοῦμεν·
1346 2447 1412 2501 ἀν
1431 2445 1614 2515 τείνῃς
1633 2442 1746 2497 ἀνω
1769 2439 1830 2494 τὸ
1849 2438 2029 2510 ὄμμα,

355 2541 561 2609 τινάξει
589 2541 684 2595 καὶ
725 2540 819 2594 νῦν
843 2539 942 2610 τὴν
970 2538 1144 2607 φλόγα
1175 2538 1205 2591 ό
1230 2534 1439 2606 Σωτὴρ,
1465 2532 1561 2586 καὶ
1587 2530 1714 2594 τοὺς
1748 2529 1846 2600 μὲν
1870 2528 1899 2567 δ
1928 2527 2029 2594 ἐμ·

358 2624 625 2687 ϐαλόντας
654 2640 714 2676 σε
736 2626 816 2687 είς
841 2622 904 2675 τὸ
938 2619 1051 2694 πῦρ
1084 2617 1444 2684 κατακαύσει,
1476 2616 1559 2670 σοὶ
1584 2615 1641 2669 δὲ
1669 2616 1728 2666 ἐν
1759 2611 1899 2684 μέσῃ
1931 2627 2030 2663 κα-

364 2707 504 2778 μίνῳ
529 2708 758 2777 νεφέλην
775 2707 868 2760 καὶ
891 2705 1080 2777 δρόσον
1106 2703 1202 2758 καὶ
1226 2700 1441 2771 πνεῦμα
1465 2696 1777 2769 διασυρίζον
1797 2697 2031 2750 ἀποστε-

361 2791 465 2852 λεῖ,
494 2790 570 2853 ὼς
599 2789 732 2861 μηδὲ
757 2788 865 2843 τῶν
887 2787 1163 2860 λογισμῶν
1194 2803 1289 2841 σου
1317 2786 1413 2840 καὶ
1433 2784 1531 2856 τῆς
1554 2778 1910 2851 συνειδήσεώς
1939 2795 2031 2830 σου

364 2874 607 2944 ἅψασθαι
652 2872 714 2926 τὸ
750 2871 895 2943 πῦρ·
930 2873 1090 2943 μόνον
1123 2868 1349 2923 σεαυτὸν
1396 2869 1471 2938 μὴ
1512 2862 1885 2934 κατακαύσῃς.
1924 2862 2035 2913 Καὶ

365 2959 474 3030 7&9
502 2957 599 3023 τὰς
628 2956 831 3028 ὀχυρὰς
850 2955 960 3009 τῶν
990 2955 1194 3008 πόλεων
1221 2951 1361 3005 ὅπλα
1390 2951 1488 3023 μὲν
1518 2947 1779 3011 πολλάκις
1807 2946 1913 3030 καὶ
1934 2962 2036 3030 μητ-

367 3027 503 3113 χανή
514 3057 658 3112 ματα
687 3027 801 3093 τῶν
822 3036 1019 3106 ἔξωθεν
1048 3038 1149 3091 οὑκ
1175 3036 1361 3107 ἴσχυσε
1391 3031 1663 3095 καθελεῖν,
1692 3028 1953 3113 προδοσία
1980 3027 2036 3113 δὲ

368 3109 551 3195 ἐνὸςῆ
580 3124 672 3178 δύο
702 3123 813 3176 τῶν
830 3122 975 3176 ἔνδον
1007 3119 1299 3174 οἰκούντων
1346 3115 1579 3169 πολιτῶν
1611 3112 1844 3184 ἀπονητὶ
1874 3109 2039 3195 παρές

369 3207 509 3260 δωκε
536 3192 648 3270 τοῖς
686 3206 916 3279 ἐχθροῖς.
942 3204 1053 3257 Καὶ
1074 3201 1188 3266 νῦν,
1203 3203 1250 3254 εἰ
1275 3198 1460 3271 μηδείς
1484 3214 1544 3251 σε
1562 3196 1671 3250 τῶν
1693 3196 1840 3279 ἐνδον
1860 3192 2041 3279 προδῷ

371 3289 676 3361 λογισμῶν,
699 3276 800 3342 κᾶν
830 3286 993 3359 μυρία
1031 3285 1359 3357 προσαγάγῃ
1391 3282 1760 3352 μηχανήματα
1789 3276 1988 3344 ἔξωθεν
2014 3278 2043 3328 6

374 3373 609 3444 πονηρὸς
629 3411 645 3437 ,
673 3370 933 3444 προσάξει
967 3369 1167 3439 μάτην.

446 3442 511 3510 δέ
524 3442 769 3519 Πολλούς
800 3454 941 3525 ἔχεις
956 3452 1089 3506 Θεοῦ
1106 3452 1289 3523 χάριτι
1306 3449 1398 3503 καὶ
1416 3445 1688 3519 μεγάλους
1704 3444 1831 3508 τοὺς
1846 3442 2042 3497 συναλ-

376 3540 627 3609 γοῦντας,
650 3539 775 3602 τοὺς
804 3536 1141 3607 ἀλείφοντας,
1173 3536 1299 3598 τοὺς
1327 3533 1467 3605 ὑπὲρ
1494 3531 1595 3603 τῆς
1617 3531 1715 3602 σῆς
1746 3529 2047 3600 τρέμοντας

379 3623 558 3693 ψυχῆς
580 3663 595 3686 ,
621 3622 713 3675 τὸν
745 3621 899 3690 ἀγιον
924 3619 1017 3673 τοῦ
1049 3619 1184 3673 Θεοῦ
1217 3618 1474 3689 Βαλέριον
1496 3626 1544 3681 ο,
1567 3615 1660 3670 τὸν
1686 3614 1865 3668 πάντα
1898 3611 2049 3683 αὐτῷ

382 3707 607 3777 ἀδελφὸν
634 3706 997 3778 Φλωρέντιον,
1025 3704 1118 3760 τὸν
1148 3702 1249 3774 τὴν
1272 3701 1366 3755 τοῦ
1392 3698 1631 3778 Χριστοῦ
1669 3699 1862 3767 σοφίαν
1888 3697 2051 3766 σοφὸν

384 3776 725 3863 Πορφύριον,
760 3776 864 3844 καὶ
895 3789 1118 3862 ἐτέρους
1161 3785 1408 3851 πολλούς.
1452 3776 1612 3838 Οὗτοι
1644 3782 1769 3838 καθ’
1814 3782 2051 3853 ἐκάστην

385 3875 737 3944 ὀλοφύρονται
763 3874 977 3944 ἡμέραν
1005 3873 1099 3925 καὶ
1131 3870 1413 3942 εὐχόμενοι
1449 3869 1549 3923 οὐκ
1585 3867 1894 3922 ἐπαύσαντο
1913 3886 1925 3898 ·
1957 3867 2052 3919 καὶ

386 3960 574 4029 ἔτυχον
610 3958 680 4011 ἂν
707 3953 781 4012 ὧν
810 3958 1019 4011 ἐδέοντο
1039 3954 1242 4021 πάλαι,
1273 3956 1321 4007 εί
1358 3952 1552 4025 μικρὸν
1586 3951 1717 4022 γοῦν
1746 3950 2061 4019 ἀποστῆσαι·

390 4042 583 4096 σαυτὸν
607 4041 876 4112 ἠθέλησας
908 4039 1017 4094 τῶν
1049 4038 1143 4093 τοῦ
1169 4037 1427 4108 πολεμίου
1457 4036 1678 4107 χειρῶν.
1698 4036 1822 4100 Πῶς
1842 4033 1935 4090 οὖν
1955 4037 2054 4089 οὐκ

390 4130 596 4182 ἄτοπον
615 4128 833 4199 ἐτέρους
861 4127 959 4198 μὲν
992 4126 1126 4197 μηδὲ
1157 4124 1252 4181 νῦν
1276 4123 1590 4193 ἀπογνῶναι
1630 4140 1723 4175 σου
1750 4122 1852 4193 τὴν
1886 4140 2059 4194 σωτηο

392 4218 536 4288 ρίαν,
563 4216 698 4270 ἀλλά
725 4218 791 4269 δι’
817 4215 940 4269 ὅλου
966 4215 1028 4268 τὸ
1059 4213 1218 4284 μέλος
1248 4210 1426 4265 αὐτῶν
1454 4209 1747 4264 ἀπολαϐεῖν
1775 4209 2057 4280 εὔχεσθαι,

393 4301 456 4354 σὲ
480 4300 537 4355 δὲ
564 4298 711 4365 ἀπαξ
733 4299 966 4353 πεσόντα
998 4297 1073 4368 μὴ
1100 4295 1274 4351 θέλειν
1298 4296 1622 4364 ἀναστῆναι,
1653 4294 1790 4348 ἀλλά
1818 4294 2056 4360 κεῖσθαι,

397 4383 676 4453 μονονουχὶ
716 4380 920 4451 βοῶντα
949 4380 1085 4452 πρὸς
1120 4379 1211 4433 τὸν
1244 4378 1467 4451 ἐχθρόν·
1503 4378 1744 4448 Σφάττε,
1777 4379 1905 4431 παῖε
1928 4416 1946 4441 ,
1983 4378 2065 4449 μὴ

393 4465 586 4539 (palan;
625 4458 721 4529 Μὴ
737 4467 769 4518 ὁ
785 4465 1018 4517 πίπτων
1038 4465 1150 4517 οὐκ
1172 4462 1523 4525 ἀνίσταται;
1555 4464 1584 4515 6
1607 4461 1748 4524 θεῖος
1780 4458 1897 4530 ἔφη,
1918 4475 2056 4530 χρη-

396 4551 551 4623 σμός.
576 4552 649 4605 Σὺ
676 4550 733 4604 δέ
765 4550 914 4620 μάχῃ
930 4546 1102 4618 τούτῳ
1122 4547 1216 4600 καὶ
1237 4544 1559 4614 ἀντιλέγεις·
1582 4543 1672 4597 τὸν
1694 4544 1804 4615 7&9
1824 4541 2061 4596 πεσόντα

396 4635 735 4706 ἀπογνῶναι,
759 4634 909 4688 οὐδὲν
936 4632 1064 4688 ἄλλο
1087 4633 1235 4685 ἐστὶν
1264 4632 1437 4684 εἰπεῖν
1453 4670 1469 4695 ,
1497 4628 1531 4699 ἡ
1557 4629 1639 4682 ὅτι
1661 4630 1690 4682 6
1717 4628 1933 4681 πίπτων
1958 4626 2060 4679 οὐκ

397 4722 700 4775 ἀνίσταται.
732 4717 844 4788 Μὴ,
873 4713 1177 4786 παρακαλῶ
1195 4754 1211 4778 ,
1248 4712 1322 4784 μὴ
1349 4712 1604 4766 τοσοῦτον
1632 4711 1903 4782 ἀδικήσῃς
1931 4725 2063 4762 aau-

397 4804 519 4857 τόν·
546 4802 623 4874 μὴ
649 4798 917 4868 τοσαύτην
940 4796 1100 4869 ἡμῶν
1131 4796 1404 4868 καταχέῃς
1433 4795 1646 4865 ὀδύνην.
1675 4794 1750 4846 υύ
1779 4792 1924 4861 λέγω
1943 4790 2059 4855 νῦν,

400 4889 489 4941 ὅτε
526 4883 680 4938 οὔπω
708 4881 950 4936 εἰκοστὸν
982 4879 1135 4948 ἄγεις
1164 4878 1304 4941 ἔτος,
1335 4877 1471 4931 ἀλλά
1513 4878 1562 4930 εί
1595 4876 1762 4930 πολλά
1790 4875 2023 4946 ποιήσας
2043 4911 2062 4938 ,

402 4969 498 5022 καὶ
530 4967 620 5020 τὺν
645 4964 863 5018 ἀπαντα
886 4961 999 5032 βίον
1032 4964 1089 5014 ἐν
1110 4958 1334 5032 Χριστῷ
1361 4958 1553 5030 ζήσας.
1588 4959 1647 5012 ἐν
1675 4958 1887 5028 ἐσχάτῳ
1916 4960 2064 5028 γήρα

402 5052 604 5121 ταύτην
628 5047 829 5110 ἔπαθες
860 5047 958 5117 τὴν
986 5045 1268 5115 ἐπήρειαν,
1295 5037 1366 5114 ἦν
1396 5043 1492 5112 μὲν
1516 5041 1637 5094 οὐδὲ
1661 5042 1783 5094 τότε
1815 5040 2065 5108 ἀπογνῶ-

413 5152 494 5189 ναι
526 5132 717 5194 καλὸν,
760 5129 897 5182 ἀλλά
938 5130 997 5182 ἐν
1039 5127 1115 5197 νῷ
1149 5125 1332 5180 λαϐεῖν
1375 5124 1467 5178 τὸν
1507 5124 1565 5177 ἐν
1608 5122 1687 5192 τῷ
1730 5122 1948 5194 σταυρῷ
1987 5122 2067 5175 δι-

408 5217 709 5273 καιωθέντα
733 5213 935 5286 λῃστὴν
955 5251 969 5275 ,
996 5210 1124 5273 τοὺς
1145 5209 1272 5280 περὶ
1294 5207 1392 5279 τὴν
1412 5205 1700 5274 ἑνδεκάτην
1724 5203 1872 5275 ὤραν
1898 5204 2068 5274 ἐργας-

410 5300 674 5372 σαμένους
692 5339 707 5360 ,
749 5297 846 5350 καὶ
876 5296 974 5366 τῆς
1004 5293 1135 5364 ὅλης
1164 5294 1378 5363 ἡμέρας
1409 5287 1778 5372 ἀπειληφότας
1819 5286 1912 5340 τὸν
1949 5286 2065 5358 [401

412 5371 623 5456 μισθόν.
653 5383 861 5453 Ὠσπερ
884 5380 940 5434 δέ
966 5381 1026 5433 06
1053 5378 1214 5432 καλὸν
1241 5377 1367 5439 τοὺς
1394 5377 1453 5428 ἐν
1480 5373 1693 5443 ἐσχάτῳ
1716 5371 1947 5443 τέρματι
1976 5388 2081 5423 πει

411 5476 605 5537 σόντας
642 5467 983 5535 ἀπελπίζειν,
1016 5468 1112 5521 ἐὰν
1142 5464 1523 5538 σωφρονῶσιν,
1557 5461 1729 5524 οὕτως
1759 5461 1859 5514 οὐκ
1894 5460 2072 5528 ἀσφα-

476 5582 505 5611 ⁸
526 5580 676 5643 Βανὶι.
698 5581 852 5643 ψυχῆς
870 5575 958 5640 γάρ
977 5573 1188 5629 ἀντάξιον
1210 5571 1360 5621 οὐδέν.
1386 5567 1580 5620 Deinde
1620 5567 1716 5615 τῶν
1747 5565 1911 5621 ἔξωθεν
1931 5580 2073 5623 ποιη-

411 5641 820 5769 Ϊῆῗττὲξιεῗτιίνάξει
839 5698 972 5769 κάτω
998 5699 1080 5769 κειῖ
1102 5694 1183 5769 νῦν
1200 5696 1286 5769 τῂν
1306 5694 1503 5769 φλόγαὶό
1527 5692 1707 5769 ξωτήρ·
1730 5691 1816 5769 καὶ
1824 5706 1947 5769 -τοτζς

415 5760 529 5817 Ῐὶιιο
549 5778 663 5814 mss.
688 5752 881 5818 τινάξεις
896 5761 978 5809 καὶ
994 5758 1076 5808 νῦν
1097 5761 1181 5815 τὴν
1202 5752 1365 5819 φλόγα·
1390 5752 1479 5819 καὶ
1489 5755 1596 5809 τοὺς
1610 5752 1719 5815 μέν.
1746 5752 1864 5800 Mor.
1878 5758 1931 5799 el.
1951 5764 2078 5819 quas

418 5812 729 5876 inﬂi‘nhtextu.
760 5812 826 5871 l5.
852 5812 950 5871 duo
971 5835 1088 5870 mss.
1113 5812 1750 5881 x0t1&xaiiaepc.Alii_ofll_nes
1766 5812 2075 5881 κατακαύσει,

485 5890 506 5917 ⁸
527 5887 678 5935 Savil.
703 5886 975 5947 Φαλλέριον.
997 5882 1106 5947 Duo
1127 5894 1244 5947 ηυδε.
1265 5880 1511 5947 Φαλέριον.
1526 5877 1695 5947 Pauly
1719 5880 1832 5947 post
1851 5874 1999 5923 Savil.
2027 5880 2081 5922 ei

421 5961 552 5997 unus
574 5962 662 5997 ms.
690 5935 993 6021 ὀλοφύρονται
1016 5945 1101 6000 τήν
1128 5942 1307 6003 ἡμέραν
1330 5935 1447 5999 ὺπέρ
1467 5936 1574 5987 σοῦ.
1595 5937 1676 5984 καὶ
1695 5935 1797 5997 εύχ.

1106 329 1167 385 S.
1200 328 1487 384 JUANMS
1519 315 2009 377 ευηῐεοδωιιι
2045 311 2367 364 Αιωιιιιςν.
2405 305 2962 365 υθΝδΤΔΝΤΙΝΟΡ.

3658 301 3770 358 3H

2093 423 2184 487 λές
2208 423 2382 499 ταύτῃ
2407 423 2706 497 τρέφεσθαι
2740 426 2810 495 τῇ
2830 421 3025 486 ἐλπίδι,
3051 420 3145 475 καὶ
3165 419 3365 489 λέγειν,
3391 419 3472 473 ὅτι
3501 418 3774 473 Ἐνταῦθα

2094 508 2232 573 τέως
2260 509 2360 581 μὲν
2384 508 2678 564 ἀπολαύσω
2701 507 2813 561 τῶν
2841 506 3014 577 ἡδέων
3037 505 3133 558 τοῦ
3161 503 3298 575 βίου,
3325 502 3553 574 ὕστερον
3580 502 3637 558 δὲ
3665 503 3783 557 616-

2096 607 2191 659 γον
2215 594 2445 658 πονέσας
2470 593 2684 666 χρόνον,
2711 591 2805 645 τοῦ
2830 591 3031 654 παντὸς
3052 588 3408 659 ἀπολήψομαι
3425 587 3618 657 χρόνου
3641 590 3785 651 τοὺς

2098 673 2339 745 μισθούς.
2380 676 2490 729 Καὶ
2526 675 2635 747 7&9
2684 672 2978 746 μέμνημαί·
3011 689 3111 725 σου
3154 669 3414 734 πολλάκις
3459 668 3790 740 είρηκότος,

2096 756 2258 827 ἡνίκα
2293 775 2389 827 σοι,
2405 758 2603 812 πολλοὶ
2628 757 2904 829 παρῄνουν
2936 756 3017 821 είς
3048 757 3276 825 μουσεῖα
3306 750 3557 825 φοιτᾷνά·
3595 752 3661 804 Τί
3690 753 3789 815 δὲ,

2099 841 2194 896 ἐάν
2235 844 2294 896 ἐν
2338 841 2417 913 τῷ
2459 841 2652 914 βραχεῖ
2690 841 2869 912 χρόνῳ
2919 837 3107 902 κακῶς
3151 836 3443 892 καταλύσω
3490 835 3585 889 τὸν
3633 834 3789 905 βίον,

2098 925 2217 990 πῶς
2241 924 2612 995 ἀπελεύσομαι
2641 923 2775 996 πρὸς
2804 922 2894 976 τὸν
2922 921 3204 994 εἰρηκότα,
3236 919 3333 989 Μὴ
3362 918 3621 988 ἀνάμενε
3644 918 3784 972 ἐπι-

2100 1006 2357 1076 στρέψαι
2393 1007 2544 1076 πρὸς
2577 1008 2795 1075 Κύριον
2810 1049 2824 1071 ,
2864 1005 3021 1076 μηδὲ
3051 1001 3402 1058 ἀναϐάλλου
3443 1000 3677 1070 ἡμέραν
3701 1001 3784 1065 ἐξ

2100 1089 2347 1160 ἡμέρας
2366 1090 2564 1144 Τοῦτον
2584 1090 2886 1160 ἀνάκτησαι
2913 1088 3004 1142 τὸν
3024 1087 3301 1157 λογισμὸν,
3330 1087 3425 1139 καὶ
3445 1085 3617 1139 δείσον
3636 1096 3662 1123 ο
3683 1085 3786 1136 τὸν

2103 1175 2344 1247 κλέπτην
2367 1190 2380 1205 ·
2411 1174 2555 1227 οὕτω
2581 1173 2692 1245 7&9
2718 1175 2748 1226 6
2775 1170 3009 1243 Χριστὸς
3037 1171 3136 1241 τὴν
3168 1168 3381 1224 ἐνθένδε
3409 1167 3567 1240 ἡμῶν
3594 1167 3790 1232 ἔξοδον

2104 1256 2280 1323 καλεῖ,
2309 1256 2398 1311 διά
2427 1256 2488 1310 τὺ
2526 1257 2811 1326 ἀγνοοῦσιν
2842 1253 3190 1325 ἐφίστασθαι.
3237 1251 3522 1322 Ἐννόησον
3549 1250 3649 1314 τάς
3679 1250 3782 1303 τοῦ

2108 1340 2224 1410 βίου
2257 1340 2542 1412 φροντίδας
2568 1340 2669 1405 τάς
2723 1339 2831 1412 ἰδίᾳ
2859 1338 2954 1393 καὶ
2982 1339 3134 1408 κοινῇ
3164 1336 3477 1406 γινομένας,
3503 1335 3630 1400 τοὺς
3667 1334 3790 1386 τῶν

2106 1424 2383 1496 ἀρχόντων
2412 1425 2608 1494 φόϐους
2625 1464 2641 1489 ,
2678 1424 2771 1477 τὸν
2801 1422 2910 1476 τῶν
2951 1420 3186 1476 πολιτῶν
3229 1419 3453 1489 φθόνον,
3491 1418 3582 1471 τὸν
3615 1417 3799 1489 μέχρι

2107 1510 2216 1565 τῶν
2244 1509 2486 1582 ἐσχάτων
2515 1510 2774 1573 πολλάκις
2803 1506 3182 1580 ἐπαρτηθέντα
3223 1504 3466 1558 κίνδυνον
3484 1541 3500 1566 ,
3528 1502 3655 1565 τοὺς
3681 1500 3789 1554 πό.

2110 1612 2269 1663 νους,
2309 1594 2409 1658 τάς
2439 1592 2843 1664 ταλαιπωρίας,
2887 1590 2987 1654 τὰς
3021 1589 3310 1653 κολακείας
3350 1586 3449 1650 τάς
3491 1585 3790 1655 δουλοπρε-

2113 1681 2269 1744 πεῖς,
2314 1679 2409 1733 καὶ
2451 1678 2573 1732 οὐδὲ
2607 1677 2718 1729 τῶν
2750 1673 3099 1746 ἀνδραπόδων
3129 1676 3239 1734 τοῖς
3273 1669 3580 1732 σπουδαίοις
3608 1684 3791 1746 7:903:-

2112 1763 2374 1833 ηκούσας,
2405 1761 2465 1814 τὸ
2493 1760 2601 1814 τῶν
2631 1759 2804 1813 πόνων
2832 1744 2922 1812 τὸν
2953 1756 3165 1829 καρπὸν
3196 1754 3383 1809 ἐνθάδε
3409 1752 3688 1823 τελευτᾷν,
3719 1744 3793 1804 οὗ

2115 1846 2167 1900 τί
2199 1846 2265 1901 ἂν
2292 1846 2499 1912 γένοιτο
2526 1842 2932 1915 ἀλγεινότερον;
2961 1841 3185 1904 Πολλοῖς
3212 1837 3270 1891 δὲ
3315 1836 3436 1891 οὐδέ
3474 1835 3796 1890 ἀπολαῦσαι

2118 1930 2263 2001 ὑπὲρ
2286 1923 2360 1983 ὧν
2397 1928 2658 1982 ἐπόνεσαν
2701 1926 2899 1998 συνέϐη
2921 1968 2935 1991 ,
2990 1924 3127 1978 ἀλλά
3170 1924 3270 1994 τὴν
3311 1920 3534 1993 πρώτην
3567 1919 3795 1991 ἡλικίαν

2119 2013 2304 2077 πόνοις
2328 2015 2425 2066 καὶ
2457 2011 2720 2074 κινδύνοις
2752 2008 3160 2072 ἀναλώσαντες,
3195 2006 3358 2079 ἡνίκα
3386 2005 3621 2076 ῆλπισαν
3648 2005 3794 2057 ἀπο⁶

2118 2094 2382 2169 λήψεσθαι
2420 2095 2546 2156 τοὺς
2590 2093 2847 2164 μισθοὺς,
2899 2091 3141 2162 ἀπῆλθον
3190 2090 3357 2161 μηδὲν
3409 2088 3623 2159 ἔχοντες
3666 2084 3793 2158 μεθ’

2122 2178 2351 2233 ἐαυτῶν.
2382 2178 2444 2231 Ei
2475 2177 2584 2248 7&9
2623 2177 2715 2229 τὸν
2742 2177 2836 2229 ἐπὶ
2873 2177 2979 2246 γῆς
3009 2173 3234 2244 βασιλέα
3275 2171 3416 2243 μετὰ
3454 2171 3516 2224 τὸ
3559 2170 3796 2234 πολλοὺς

2126 2264 2223 2334 μὲν
2246 2262 2535 2332 ὑπομεῖναι
2567 2258 2843 2322 κινδύνους
2862 2298 2876 2322 ,
2911 2257 3140 2320 πολλοὺς
3176 2255 3234 2309 δὲ
3262 2253 3460 2308 ἀνύσαι
3494 2252 3793 2323 πολέμους,

2129 2345 2280 2415 μόλις
2301 2361 2385 2409 τις
2406 2342 2595 2412 θψεται
2616 2342 2756 2413 μετά
2779 2341 3117 2413 παρρησίας,
3135 2338 3251 2403 πῶς
3273 2339 3366 2392 τὸν
3386 2338 3636 2410 οὐράνιον
3663 2337 3809 2392 ίδείν

2125 2427 2409 2500 δυνήσεταί
2432 2426 2641 2493 τις,τὸν
2662 2427 2879 2481 ἅπαντα
2899 2425 3092 2497 χρόνον
3116 2423 3287 2495 ἐτέρῳ
3313 2420 3484 2492 ζήσας
3508 2420 3600 2474 καὶ
3629 2436 3809 2493 στρα-⁵

2127 2510 2463 2581 τευσάμενος
2485 2528 2501 2578 ;

2200 2601 2262 2651 ε’.
2294 2594 2447 2648 Είπω
2468 2593 2646 2664 βούλει
2665 2593 2760 2647 καίι
2786 2591 2886 2656 τάς
2909 2592 3049 2646 οἶκοι
3072 2589 3357 2662 φροντίδας
3375 2589 3471 2654 τὰς
3486 2589 3583 2659 τῆς
3604 2606 3800 2658 γυναι-

2133 2678 2349 2745 κὸς,τάς
2372 2676 2478 2731 τῶν
2494 2677 2719 2742 παίδων,
2742 2676 2843 2741 τάς
2862 2675 2968 2729 τῶν
2994 2674 3247 2739 οίκετῶνς
3267 2674 3448 2727 Δεινδν
3465 2676 3804 2743 πενεστέραν

2131 2760 2315 2815 λαϐεῖν
2338 2762 2591 2829 γυναῖκα,
2613 2759 2791 2815 δεινὸν.
2806 2758 3187 2830 εὐπορωτέραν
3206 2774 3221 2789 ·
3245 2757 3307 2812 τὸ
3339 2756 3436 2828 μὲν
3460 2756 3567 2827 γάρ
3595 2757 3675 2818 είς
3699 2754 3813 2826 τὴν

2132 2845 2321 2899 οὐσίαν
2351 2842 2585 2914 ἔϐλαψε,
2619 2842 2681 2896 τὸ
2715 2842 2772 2896 δὲ
2803 2844 2883 2906 είς
2918 2840 3206 2894 αὑθεντίαν
3234 2838 3328 2892 καὶ
3361 2837 3677 2909 ἐλευθερίαν
3706 2837 3806 2890 τὸν

2135 2929 2325 3000 ἄνδρα.
2383 2927 2653 2997 Ἀλγεινδν
2689 2925 2992 2998 κτήσασθαι
3036 2926 3263 2991 παῖδας,
3306 2922 3681 2992 ἀλγεινότερον
3722 2921 3805 2991 μὴ

2136 3010 2442 3083 κτήσασθαι
2485 3009 2506 3049 ί
2530 3026 2545 3042 ·
2575 3009 2639 3063 τὸ
2682 3011 2780 3082 μὲν
2806 3008 2915 3081 7&9
2948 3009 3126 3080 μάτην
3154 3009 3270 3061 ἐστὶ
3299 3007 3678 3077 γεγαμηκέναι
3697 3044 3713 3069 ,
3740 3006 3811 3058 τὸ

2136 3095 2195 3148 δὲ
2233 3093 2436 3166 πικράν
2470 3094 2763 3164 ὑπομένειν
2786 3093 3050 3147 δουλείαν.
3098 3091 3455 3163 Ἦῤῥώστησε
3480 3090 3539 3143 τὸ
3568 3090 3809 3154 παιδίον,

2140 3178 2300 3248 φόϐος
2333 3179 2395 3232 ού
2437 3178 2650 3249 μικρός·
2692 3177 2931 3247 ἀπῆλθεν
2963 3175 3162 3247 ἄωρον,
3203 3175 3398 3238 πένθος
3441 3174 3815 3246 ἀπαραμύθη-

2140 3281 2232 3318 τον
2253 3271 2279 3310 ε
2297 3280 2311 3294 ·
2334 3262 2430 3315 καὶ
2452 3261 2573 3314 καθ’
2602 3260 2838 3326 ἑκάστην
2853 3258 3070 3330 ἡλικίαν
3092 3257 3336 3329 διάφοροι
3361 3257 3637 3327 φροντίδες
3664 3256 3819 3329 ὑπὲρ

2143 3345 2321 3400 αὐτῶν
2346 3344 2441 3398 καὶ
2469 3343 2624 3413 φόϐοι
2650 3343 2746 3396 καὶ
2764 3341 2916 3394 πόνοι
2946 3340 3149 3395 πολλοί.
3175 3340 3241 3392 Τί
3268 3341 3349 3394 δεῖ
3373 3341 3549 3408 λέγειν
3571 3339 3670 3402 τὰς
3698 3338 3815 3391 τῶν

2143 3428 2370 3483 οἰκετῶν
2394 3425 2727 3500 μοχθηρίας;
2751 3425 2874 3487 Βίος
2896 3419 2990 3477 οὖν
3014 3422 3122 3495 ἀρα
3141 3417 3314 3488 οὗτος,
3337 3422 3599 3493 Θεόδωρε,
3622 3423 3705 3485 είς
3722 3438 3821 3474 το-

2147 3512 2321 3567 σαῦτα
2357 3510 2670 3583 μερίζεσθαι
2700 3508 2877 3578 ψυχὴν
2910 3507 3040 3579 μίαν
3061 3547 3077 3571 ,
3104 3505 3380 3569 τοσούτοις
3406 3504 3700 3568 δουλεύειν,
3723 3519 3821 3556 το-

2150 3597 2359 3661 σούτοις
2403 3595 2525 3668 ζῇν,
2558 3592 2736 3664 ἐαυτῷ
2770 3592 2827 3645 δὲ
2852 3592 2883 3631 h
2914 3590 3216 3662 μηδέποτε;
3255 3588 3421 3644 Οὐδὲν
3453 3587 3658 3642 τούτων
3691 3587 3822 3640 ἐστὶ

2150 3681 2281 3752 παρ’
2304 3681 2456 3751 ἡμῖν,
2486 3673 2533 3730 ὦ
2568 3675 2719 3746 φίλε,
2756 3674 2853 3728 καὶ
2890 3674 3051 3728 αὐτόν
3085 3691 3146 3726 σε
3179 3674 3433 3744 μάρτυρα
3475 3669 3648 3725 καλῶ.
3682 3670 3823 3723 Ὅτε

2149 3764 2259 3836 7&9
2284 3764 2376 3817 τὸν
2415 3762 2617 3835 βραχὺν
2647 3761 2851 3814 ἐκεῖνον
2889 3759 3080 3830 χρόνον
3109 3756 3384 3825 ἀνακύψαι
3406 3753 3833 3825 τῶνμκυμάτωνδ

2153 3846 2461 3918 ἠθέλησας,
2508 3842 2665 3899 οἶσθα
2704 3844 2876 3915 πόσης
2905 3840 3241 3913 εὐφροσύνης
3276 3837 3547 3901 ἀπέλαυες
3588 3838 3685 3891 καὶ
3713 3854 3824 3907 χα-

2158 3930 2281 4003 ρᾶς.
2320 3928 2396 3982 Οὐ
2427 3927 2533 4000 γάρ
2567 3928 2714 3980 ἐστιν
2749 3924 3064 3994 ἐλεύθερος,
3096 3922 3210 3976 ἀλλ’
3249 3921 3284 3993 ἢ
3329 3922 3488 3993 μόνος
3531 3923 3560 3974 6
3594 3919 3825 3993 Χριστῷ

2157 4013 2287 4078 ζῶν·
2311 4007 2464 4075 οὗτος
2490 4009 2760 4081 ἀνώτερος
2795 4009 3048 4063 ἁπάντων
3072 4007 3272 4076 ἕστηκε
3308 4004 3418 4060 τῶν
3444 4004 3629 4058 δεινῶν
3647 4022 3663 4037 ·
3709 4005 3829 4057 κᾶν

2157 4098 2319 4161 αὐτὸς
2346 4094 2535 4151 ἐαυτὸν
2561 4094 2815 4164 ἀδικῆσαι
2858 4091 2932 4164 μὴ
2963 4090 3252 4162 βούληται,
3288 4089 3475 4161 ἐτερος
3513 4087 3671 4143 τοῦτο
3715 4090 3828 4142 οὐκ

2160 4182 2369 4253 ἰσχύσει
2402 4179 2553 4245 ποτὲ,
2581 4179 2696 4232 ἀλλ’
2728 4177 2875 4231 ἐστιν
2904 4174 3195 4237 ἀνάλωτος,
3229 4173 3289 4226 οὐ
3320 4172 3492 4244 ζημία
3516 4172 3826 4244 χρημάτων

2158 4266 2512 4336 δακνόμενος·
2548 4261 2720 4334 ἔμαθε
2755 4261 2863 4332 7&9
2890 4261 2972 4313 ὃτι
2996 4258 3149 4312 οὐδὲν
3177 4257 3571 4327 εἰσηνέγκαμεν
3605 4257 3686 4318 είς
3725 4255 3827 4309 τὸν

2159 4352 2362 4421 κόσμον
2397 4348 2585 4402 τοῦτον
2613 4348 2660 4409 ί,
2686 4346 2809 4398 οὐδέ
2833 4343 3136 4411 ἐξενεγκεῖν
3163 4359 3216 4395 τι
3238 4339 3514 4412 δυνάμεθα
3531 4356 3544 4370 ·
3573 4339 3634 4394 ού
3668 4337 3829 4408 πόθῳ

2160 4432 2472 4502 φιλοτιμίας
2505 4429 2539 4501 ἢ
2570 4428 2728 4499 δόξης
2753 4426 3137 4497 ἁλισκόμενος·
3176 4423 3347 4495 ἔμαθε
3389 4425 3497 4495 7&9
3520 4424 3602 4476 ὅτι
3632 4424 3692 4475 ἐν
3732 4423 3832 4475 of»

2165 4513 2311 4587 ρανῷ
2335 4512 2492 4584 ἡμῶν
2516 4511 2577 4564 τὸ
2603 4510 2901 4580 πολίτευμα
2919 4525 2934 4541 ·
2961 4508 3022 4562 οὐ
3053 4506 3305 4579 λοιδορῶν
3325 4506 3487 4561 αὐτόν
3522 4523 3606 4569 τις
3637 4506 3827 4567 λυπεῖ,

2161 4599 2221 4651 ού
2247 4595 2466 4649 τύπτων
2490 4591 2798 4665 παροξύνει·
2831 4591 2930 4662 μία
2955 4590 3209 4662 συμφορά
3234 4588 3546 4661 Χριστιανῷ
3575 4589 3731 4660 μόνη.
3760 4592 3833 4643 τὸ

2163 4676 2535 4751 προσκροῦσαι
2560 4673 2679 4745 Θεῷ
2696 4692 2711 4706 ·
2742 4673 2858 4745 [Η]
2885 4674 2954 4728 τά
2978 4673 3037 4727 δέ
3058 4673 3212 4738 ἄλλα,
3239 4671 3351 4727 οἷον
3377 4672 3669 4743 κτημάτων
3694 4674 3833 4727 ἀπο-

2162 4762 2347 4832 ϐολὴν,
2377 4758 2632 4830 πατρίδος
2658 4757 2933 4827 στέρησιν,
2958 4756 3051 4809 τὸν
3080 4756 3221 4826 ὑπὲρ
3244 4755 3355 4809 τῶν
3380 4755 3622 4826 ἐσχάτων
3646 4754 3836 4808 κίνδυ-

2163 4864 2273 4912 νον,
2291 4845 2412 4899 ούδέ
2431 4839 2569 4899 εἷναί
2590 4860 2645 4896 τι
2663 4842 2871 4912 νομίζει
2892 4840 3082 4893 δεινόν·
3109 4840 3257 4894 καὶὸ
3278 4839 3479 4903 πάντες
3500 4838 3832 4910 πεφρίκασι,

2180 5005 2205 5067 ί
2223 5001 2258 5045 ι
2282 5002 2430 5067 Ξαγὶι.
2449 5003 2602 5067 πολλά
2618 5002 2861 5067 παρῄνουν
2870 5003 2935 5058 εἰς
2953 5001 3161 5067 μουσεῖα
3172 5002 3406 5067 φοιτῶντι.
3419 5000 3554 5051 Colb.
3567 5012 3692 5067 opus
3710 5001 3840 5048 1:0)-

2246 5066 2481 5137 παρῄνουν
2501 5066 2565 5121 είς
2584 5062 2783 5137 μουσεῖα
2809 5065 2872 5137 μὴ
2895 5062 3101 5137 Αφόιτᾷν,
3123 5062 3238 5137 “Quo
3259 5064 3343 5111 alii
3370 5062 3491 5112 item
3530 5064 3681 5137 πολλά
3703 5078 3839 5126 παρ-

2164 5128 2311 5197 139001
2309 5122 2583 5197 {PI-haeslgre
2586 5122 2796 5197 '_vid_enl.ur
2811 5122 2964 5197 ὶεςὶίο
2975 5122 3265 5197 _M_'o_relliana
3273 5160 3286 5184 ,
3297 5137 3442 5187 quam
3464 5125 3738 5187 sequimur.

2232 5191 2256 5218 θ
2281 5187 2364 5237 Sic
2389 5188 2538 5237 Savil.
2564 5187 2732 5236 Monu‘.
2769 5187 2993 5235 ediderat
3015 5187 3177 5244 δῆσον.

2234 5246 2255 5286 ί
2282 5250 2614 5310 83ν.ἀλγεινὸν
2631 5249 2896 5305 κτήσασθαι
2905 5247 3311 5310 παῖδας,ἀλγεινὸν
3337 5249 3400 5309 μὴ
3426 5249 3708 5304 κτήσασθαι.
3723 5247 3837 5300 Duo

2167 5324 2285 5361 mss.
2311 5313 2520 5374 ἀλγεινόν
2540 5312 2603 5374 μὴ
2623 5310 2893 5374 κτήσασθαι
2909 5309 3096 5367 παῖδας,
3119 5309 3329 5374 ἀλγεινὸν
3349 5310 3430 5356 καὶ
3452 5310 3737 5374 κτήσασθαι.

2232 5375 2258 5414 κ
2289 5370 2612 5421 εἰοεενὶιζθι
2638 5370 2813 5420 Morel.
2839 5370 2950 5419 Duo
2972 5383 3087 5418 mss.
3112 5371 3275 5425 πένθος
3301 5370 3639 5428 ἀπαραίτητον.

2230 5433 2259 5473 h
2282 5435 2418 5497 Unus
2442 5434 2548 5482 cod.
2574 5437 2734 5497 συζῇν,
2759 5433 2913 5493 ἐαυτῷ
2947 5430 3133 5497 δέμΜοχ
3162 5431 3274 5497 S_av.
3302 5425 3345 5473 ὦ
3362 5425 3466 5497 φίλε
3486 5425 3722 5497 βερδωρε.
3740 5434 3835 5497 Π).

2172 5510 2298 5546 unus
2320 5496 2427 5545 cod.
2452 5497 2534 5543 καὶ
2555 5491 2772 5557 αὐτόνσε
2806 5491 2913 5557 περὶ
2932 5491 3532 5557 τούτωνμμάρτνραξκαλῷ.
3563 5491 3669 5557 δίοᾴ
3700 5496 3836 5544 idem

2169 5559 2336 5624 xpéyoy
2353 5558 2585 5624 ἠθέλησας
2600 5554 3215 5624 τῶνμκυμάτωνάτξαλλάξαξ
3230 5554 3423 5624 σιξὺτὸνν
3446 5555 3599 5624 εἶσβξῑ-
3622 5554 3698 5603 ιδ·
3717 5557 3836 5606 8³*-

2065 5652 2070 5659 ι
2170 5616 2441 5691 ᾇξπέλαυσας
2471 5619 2581 5691 καὶη
2592 5621 2754 5680 χαρᾶς.
2888 5616 2988 5691 γάρυ
3002 5616 3145 5691 ἐστιγ,
3167 5616 3256 5689 οῦκ
3277 5616 3404 5691 ἐστιν
3441 5616 3692 5691 ἐλεύθερος,
3710 5624 3835 5691 θὶς.

2174 5682 2314 5732 Unus
2343 5682 2450 5730 eod.
2473 5677 2743 5733 ἀπέλαυσας
2762 5680 2843 5726 καὶ
2866 5677 3028 5741 χαρᾶς.
3056 5677 3127 5725 Οὐ
3148 5677 3237 5740 γάρ
3277 5679 3421 5741 ἐστιν,
3447 5678 3535 5725 οὐκ
3558 5677 3684 5726 ἔστιν
3705 5680 3842 5728 ἐλεύ-

2174 5746 2325 5822 ὶεαςε
2350 5741 2688 5822 ἑλὶζῆίιθὲγθξ,
2706 5739 3497 5822 ἀπείλᾳϊάιιελτεῖεεοέξέἠξξςληε
3512 5741 3838 5822 ETW"-

2177 5800 2438 5874 Οὗτος
2458 5800 2704 5863 ἀνώτερος.
2745 5800 2921 5849 Postea
2946 5800 3076 5849 idem
3097 5800 3185 5847 οὐκ
3200 5801 3388 5864 ἰσχύσει
3409 5800 3586 5864 βλάψαι
3607 5800 3743 5850 ποτέ.

2243 5865 2261 5904 ί
2292 5868 2472 5914 Τουτον
2497 5864 2643 5913 deest
2660 5864 2709 5911 in
2731 5862 2842 5911 Sav.
2866 5870 2920 5911 et
2956 5863 3008 5909 in
3041 5874 3142 5909 uno
3164 5863 3272 5911 cod.
3298 5862 3421 5911 Infra
3457 5869 3571 5914 post
3588 5863 3820 5914 λοιδορῶν

2243 5875 2261 5904 ι
2292 5875 2472 5914 Τουτον
2497 5875 2643 5913 deest
2660 5875 2709 5911 In
2731 5875 2842 5911 δαν.
2866 5875 2920 5911 ει
2956 5875 3008 5909 m
3041 5875 3142 5909 uno
3164 5875 3272 5911 cou.
3298 5875 3421 5911 Imra
3457 5875 3571 5924 ροει
3589 5875 3839 5926 λοιοορων,

2182 5927 2323 5977 αὐτόν
2345 5927 2490 5977 deest
2511 5926 2561 5974 in
2586 5923 2777 5975 duobus
2800 5938 2911 5973 mss.
2927 5924 3195 5986 l’auloposl
3216 5924 3368 5974 iidem
3391 5924 3473 5988 μία
3495 5925 3833 5989 γὰρσνμφρρὸ.
