4096 6392
408 352 513 403 313

410 469 653 531 Flauius,
697 466 899 536 inquit,
945 466 1121 535 igneus
1168 463 1393 517 trahebat
1444 462 1495 515 in
1551 470 1817 528 conspectu
1868 462 1976 530 ejus

408 562 567 620 (Dan.
604 560 654 613 7.
688 558 779 628 {0)
814 577 825 611 :
857 561 945 629 qui
988 559 1128 613 enim
1156 557 1321 612 semel
1368 556 1473 626 igni
1518 555 1740 610 traditus
1777 555 1843 608 ab
1887 554 1980 606 illo

410 653 585 716 fuerit,
616 652 815 705 nullum
848 658 1021 719 potest
1047 648 1288 719 supplicii
1320 662 1534 717 sperare
1564 646 1743 699 ﬁnem.
1773 644 1841 698 Et
1879 644 1978 696 ab-

412 744 586 798 surdae
603 743 813 812 quidem
834 743 953 797 vitae
967 741 1265 809 voluptates
1291 740 1418 793 nihil
1446 739 1511 793 ab
1532 738 1735 792 umbris
1760 745 1814 792 et
1833 751 1979 791 som-

410 836 510 889 niis
558 834 848 889 differunt:
895 834 1202 902 priusquam
1253 832 1393 885 enim
1441 836 1655 898 peccata
1705 828 1769 880 ad
1821 827 1977 880 ﬁnem

409 926 758 987 deducantur,
779 923 1058 977 delectatio
1075 922 1356 990 voluptatis
1377 919 1726 988 exstinguitur
1747 935 1759 979 ;
1778 917 1978 985 suppli-

408 1023 490 1072 cia
506 1034 633 1072 vero
651 1017 715 1071 iis
734 1017 990 1071 destinata
1022 1016 1224 1069 nullum
1245 1014 1441 1069 habent
1469 1012 1770 1067 terminum.
1791 1010 1980 1065 Suavi-

411 1122 494 1165 tas
512 1110 598 1163 illa
626 1109 937 1163 brevissima
966 1118 1066 1171 est,
1093 1106 1357 1160 cruciatus
1375 1112 1623 1159 aeternus.

482 1200 633 1257 Nihil
655 1203 709 1255 in
734 1201 921 1254 mundo
959 1199 1155 1253 stabile.
1177 1229 1246 1238 —
1281 1198 1376 1251 Dic
1423 1196 1587 1261 mihi,
1632 1194 1758 1265 quid
1800 1195 1851 1248 in
1884 1194 1984 1248 hoc

409 1292 611 1349 mundo
648 1292 839 1349 stabile
883 1292 1003 1347 est?
1045 1292 1124 1345 An
1170 1289 1397 1355 divitite,
1446 1304 1565 1357 quae
1620 1303 1761 1357 smpe
1811 1303 1875 1341 ne
1916 1286 1983 1340 ad

411 1402 690 1457 vesperam
733 1384 944 1455 quidem
987 1399 1154 1453 usque
1196 1382 1451 1436 manent?
1477 1380 1612 1434 Num
1656 1380 1859 1448 gloria?
1889 1378 1982 1431 sed

410 1478 533 1532 audi
557 1478 756 1547 justum
783 1475 1064 1545 quemdam
1094 1474 1265 1527 virum
1294 1473 1589 1527 dicentem:
1633 1469 1746 1524 Vita
1770 1487 1879 1524 mea
1904 1486 1984 1522 ue-

411 1570 569 1622 locior
591 1577 663 1622 est
700 1585 901 1622 cursore
933 1565 1049 1637 (Job
1088 1565 1143 1621 9.
1179 1565 1293 1635 25).
1341 1564 1487 1619 Sicut
1526 1564 1665 1617 enim
1720 1562 1793 1615 illi
1836 1562 1983 1629 prius

414 1674 569 1725 quam
597 1659 841 1713 steterint
869 1658 1138 1716 exsiliunt.
1171 1656 1240 1709 ita
1266 1662 1321 1710 et
1348 1654 1463 1709 haec
1492 1654 1666 1709 evolat
1702 1662 1982 1720 antequam

413 1749 609 1804 veniat.
632 1748 769 1801 Nihil
795 1749 967 1801 anima
995 1748 1278 1817 pretiosius
1300 1755 1383 1800 est
1410 1763 1423 1797 :
1454 1744 1592 1814 quod
1622 1760 1687 1798 ne
1710 1744 1743 1797 ii
1771 1743 1982 1812 quidem

413 1843 677 1908 ignorant,
710 1843 797 1911 qui
828 1841 893 1895 ad
938 1850 1235 1895 extremum
1279 1839 1594 1908 insipientia:
1632 1837 1980 1891 devenerunt.

415 1938 606 1991 Anima:
624 1936 751 1989 nihil
771 1936 1071 2004 aequandum
1092 1975 1105 1996 ,
1133 1934 1205 1987 ait
1232 1931 1441 2002 quidam
1470 1938 1779 1987 exterorum
1804 1937 1979 1999 poeta.

411 2027 540 2081 Novi
572 2036 623 2082 te
648 2026 805 2097 longe
847 2025 1194 2080 inﬁrmiorem
1224 2024 1289 2079 ad
1320 2033 1586 2078 certamen
1614 2031 1799 2076 contra
1829 2021 1982 2074 mali-

410 2135 571 2188 gnum
593 2118 826 2173 evasisse
858 2135 870 2171 :
899 2117 1023 2171 novi
1047 2125 1103 2171 te
1127 2116 1179 2169 in
1205 2115 1376 2170 media
1402 2114 1729 2181 voluptatum
1770 2111 1982 2166 ﬂamma

411 2213 629 2267 versari.
658 2211 762 2267 Sed
790 2212 833 2265 si
861 2212 1072 2265 inimico
1095 2210 1326 2264 dixeris:
1354 2207 1721 2276 Voluptatibus
1748 2205 1851 2259 tuis
1876 2219 1981 2258 non

410 2302 702 2364 servimus,
739 2301 975 2356 omnium
1018 2300 1277 2354 malorum
1316 2308 1524 2352 tuorum
1587 2296 1819 2351 radicem
1877 2310 1981 2348 non

409 2392 727 2457 adoramus;
780 2395 824 2447 si
873 2406 1083 2445 sursum
1139 2391 1322 2445 oculos
1375 2387 1663 2451 extuleris,
1712 2385 1980 2440 ﬂammam

411 2502 551 2541 nunc
578 2486 820 2542 Salvator
848 2485 1087 2540 excutiet
1125 2498 1320 2551 eosque
1349 2483 1437 2552 qui
1478 2490 1528 2534 te
1555 2482 1606 2533 in
1639 2480 1813 2549 ignem
1848 2492 1980 2531 con-

409 2581 651 2647 iecerunt
694 2577 1002 2639 comburel;
1047 2576 1141 2628 tibi
1188 2582 1361 2627 autem
1401 2572 1454 2626 in
1499 2570 1675 2625 medio
1714 2568 1978 2633 fornacis,

410 2670 625 2734 nubem,
654 2684 828 2723 rorem
856 2676 908 2722 et
934 2667 1231 2722 sibilantem
1262 2678 1444 2718 auram
1471 2662 1673 2723 mittet;
1704 2661 1770 2714 ita
1801 2667 1860 2712 ut
1884 2672 1982 2712 nec

411 2762 754 2832 cogitationes
797 2776 895 2816 nec
939 2759 1316 2815 conscientiam
1363 2765 1505 2810 tuam
1546 2755 1681 2823 ignis
1719 2752 1979 2821 attingat:

413 2864 613 2908 tantum
646 2869 712 2908 ne
742 2852 967 2919 teipsum
998 2849 1269 2904 incendes.
1301 2848 1510 2902 Atenim
1540 2844 1699 2899 urbes
1727 2841 1977 2905 munitas,

413 2960 541 3014 quas
568 2960 663 2998 nec
705 2943 806 2997 tela
846 2956 946 2997 nec
977 2939 1236 2994 machina:
1283 2936 1638 2991 obsidentium
1679 2945 1981 3002 expugnare

412 3044 728 3105 potuerant,
757 3048 898 3100 smpe
924 3033 1080 3085 unius
1109 3030 1403 3085 duorumve
1440 3027 1631 3081 civium
1660 3025 1801 3079 intus
1831 3022 1982 3077 habi-

412 3125 633 3179 tantium
662 3122 958 3192 proditione
1000 3122 1144 3175 nullo
1187 3119 1397 3190 negotio
1437 3119 1489 3172 in
1532 3132 1718 3171 manus
1747 3114 1979 3169 hostium

411 3216 757 3271 devenerunt.
789 3215 857 3270 Et
884 3229 1024 3268 nunc
1043 3214 1085 3267 si
1114 3213 1255 3267 nulla
1282 3221 1335 3266 te
1372 3212 1513 3265 intus
1542 3209 1709 3278 posita
1734 3208 1983 3277 cogitatio

412 3308 618 3377 prodat,
660 3308 869 3363 etiamsi
899 3317 1178 3362 sexcentas
1225 3304 1355 3360 foris
1402 3303 1674 3360 machinas
1718 3301 1983 3371 malignus

409 3401 499 3456 ille
519 3400 831 3465 admoverit,
859 3399 910 3453 id
937 3399 1130 3453 frustra
1164 3397 1404 3452 tentabit.

480 3495 530 3548 4.
566 3491 717 3546 Multi
739 3492 991 3546 Theodori
1021 3491 1173 3544 vicem
1193 3488 1529 3544 dolebant.—
1549 3487 1741 3541 Multos
1770 3501 1863 3553 per
1888 3485 1982 3539 Dei

409 3585 629 3655 gratiam
662 3599 988 3654 magnosque
1017 3583 1158 3637 viros
1182 3582 1365 3644 habes,
1399 3581 1487 3650 qui
1514 3580 1683 3633 vicem
1717 3586 1858 3632 tuam
1888 3576 1974 3629 do-

410 3680 538 3743 lent,
564 3679 652 3748 qui
677 3686 728 3733 te
748 3676 1115 3739 cohortantur,
1145 3682 1199 3729 et
1221 3688 1316 3740 pro
1345 3672 1519 3726 anima
1545 3680 1633 3725 tua
1661 3668 1977 3731 formidant;

411 3778 649 3825 sanctum
697 3784 890 3838 nempe
935 3768 1026 3821 Dei
1075 3766 1344 3821 Valerium
1372 3765 1424 3831 ί,
1476 3763 1640 3832 ipsius
1678 3758 1982 3814 omnimode

412 3862 628 3917 fratrem
672 3859 1018 3924 Florentium,
1068 3858 1390 3926 sapientem,
1439 3863 1493 3909 et
1530 3852 1741 3924 quidem
1784 3850 1981 3906 Christi

409 3953 689 4024 sapientia,
718 3951 1094 4022 Porphyrium,
1126 3950 1425 4017 multosque
1451 3946 1604 4000 alios.
1637 3944 1702 3999 Hi
1745 3942 1982 4013 quotidie

413 4046 673 4115 lugentes,
704 4044 907 4097 nullum
951 4041 1200 4112 precandi
1249 4039 1406 4095 ﬁnem
1446 4038 1663 4101 faciunt,
1703 4047 1755 4092 et
1780 4036 1983 4104 jamdiu

412 4147 587 4207 optata
615 4134 925 4205 consequuti
949 4144 1149 4198 essent,
1194 4132 1238 4187 si
1276 4132 1361 4186 vel
1387 4130 1654 4200 paululum
1704 4138 1756 4183 te
1784 4127 1983 4182 inimici

414 4228 655 4284 manibus
696 4226 1007 4282 subtrahere
1035 4225 1317 4279 voluisses.
1350 4222 1627 4288 Quomodo
1676 4221 1834 4290 igitur
1876 4235 1982 4274 non

414 4320 699 4377 absurdum
737 4318 914 4379 fuerit,
946 4318 1069 4372 dum
1097 4316 1186 4371 alii
1231 4315 1298 4370 de
1340 4315 1509 4369 salute
1538 4322 1623 4367 tua
1660 4327 1763 4365 non
1792 4311 1983 4378 despe-

413 4422 552 4479 rant,
584 4421 636 4467 et
664 4421 722 4466 ut
764 4410 1059 4466 membrum
1106 4407 1365 4477 recipiant
1407 4421 1559 4461 suum
1604 4405 1815 4459 assidue
1861 4419 1983 4472 pre-

414 4513 620 4569 cantur,
651 4514 701 4557 te
730 4503 895 4558 semel
928 4503 1132 4570 lapsum
1156 4500 1297 4555 nolle
1326 4511 1603 4568 resurgere
1623 4538 1637 4561 ,
1671 4496 1763 4551 sed
1782 4495 1982 4564 jacere,

413 4612 475 4649 ac,
501 4593 882 4666 propemodum
928 4593 1137 4648 hostem
1173 4590 1257 4644 his
1286 4590 1505 4643 vocibus
1543 4587 1812 4644 cohortari
1840 4604 1854 4641 :
1886 4584 1987 4640 Oc-

413 4688 552 4753 cide,
584 4695 822 4757 percute,
857 4700 922 4740 ne
949 4685 1174 4754 parcas?
1206 4683 1466 4752 Numquid
1492 4682 1576 4752 qui
1602 4681 1759 4743 cadit,
1786 4697 1887 4734 non
1908 4696 1989 4733 re-

414 4790 583 4851 surget
611 4779 740 4851 (Jer.
766 4778 818 4833 8.
848 4777 946 4847 4)?
976 4778 1143 4844 inquit
1167 4776 1402 4830 divinum
1433 4773 1724 4828 oraculum.
1755 4772 1832 4826 Tu
1861 4787 1988 4825 vero

417 4871 538 4925 huic
566 4884 828 4940 repugnas
854 4877 909 4923 et
931 4866 1251 4923 contradicis
1285 4885 1296 4919 :
1322 4881 1443 4919 nam
1471 4865 1673 4933 lapsum
1703 4862 1987 4932 desperare

418 4964 547 5019 nihil
570 4961 711 5017 aliud
734 4970 818 5017 est
860 4976 1015 5031 quam
1049 4959 1247 5023 dicere,
1276 4957 1375 5025 Qui
1406 4956 1547 5011 cadit
1576 4971 1679 5009 non
1724 4962 1984 5024 resurget.

416 5056 513 5122 Ne,
540 5068 743 5125 quaeso,
775 5067 842 5107 ne
867 5066 1034 5121 usque
1061 5050 1195 5103 adeo
1222 5050 1447 5117 teipsum
1476 5046 1658 5112 laedas,
1692 5062 1758 5101 ne
1785 5055 1985 5099 tantum

418 5147 569 5202 nobis
588 5144 826 5200 dolorem
867 5141 1131 5196 infundas.
1164 5138 1280 5194 Non
1310 5139 1430 5194 dico
1466 5152 1626 5199 nunc,
1655 5136 1868 5206 quando
1891 5151 1986 5188 an-

417 5253 542 5292 nnm
567 5236 875 5291 vicesimum
920 5233 1144 5289 necdum
1176 5232 1327 5301 agis:
1370 5229 1465 5285 sed
1505 5231 1663 5284 etiam
1705 5228 1749 5281 si
1792 5227 1989 5282 multos

416 5342 588 5383 annos
608 5340 854 5381 emensus
883 5339 1030 5380 esses
1055 5366 1067 5387 ,
1102 5332 1155 5379 et
1179 5331 1299 5393 post
1326 5330 1563 5376 exactam
1590 5321 1641 5374 in
1671 5318 1882 5375 Christo
1909 5328 1987 5373 to-

422 5432 525 5473 tam
551 5417 745 5483 vitam,
778 5416 832 5470 in
871 5424 1106 5470 extrema
1137 5421 1408 5467 senectute
1445 5411 1583 5465 hanc
1618 5425 1805 5479 passus
1844 5424 1989 5464 esses

422 5508 796 5573 calamitatem,
830 5522 898 5562 ne
928 5515 1050 5560 tunc
1081 5504 1293 5575 quidem
1319 5501 1738 5572 desperandum,
1770 5500 1862 5555 sed
1896 5515 1989 5556 co-

421 5598 691 5673 gitandum
718 5612 838 5653 esse
886 5596 953 5651 de
992 5598 1225 5660 latrone,
1257 5594 1346 5664 qui
1394 5593 1448 5647 in
1493 5607 1649 5647 cruce
1674 5590 1991 5662 justiﬁcatus

488 5806 503 5834 ι
540 5798 701 5857 8nd,.
730 5793 1036 5850 Phallcrt'um.
1072 5803 1173 5845 Duo
1192 5800 1318 5854 διες..
1347 5788 1636 5843 Phalerim.

1556 344 1647 398 AD
1687 339 2107 398 THEODORUM
2149 341 2435 399 LAPSUM.
2476 343 2537 398 ll.

3557 349 3660 403 δη

2085 469 2201 521 est,
2247 459 2419 529 deque
2462 461 2560 525 iis,
2610 462 2697 531 qui
2753 464 3031 520 undecima
3079 466 3207 521 hora
3257 469 3489 539 aggressi
3537 480 3660 525 snnt

2088 564 2221 617 opus
2250 560 2302 604 et
2332 552 2493 605 totius
2516 552 2621 607 diei
2666 554 2964 610 mercedem
2994 568 3331 627 acceperunt.
3362 556 3433 615 Ut
3476 568 3654 614 autem

2087 643 2283 696 bonum
2337 658 2442 697 non
2490 654 2575 699 est
2619 660 2751 711 eos,
2806 646 2893 716 qui
2952 646 3004 701 in
3055 659 3293 704 extremo
3354 651 3477 705 vitae
3522 653 3655 722 lapsi

2088 747 2245 800 sunt,
2296 737 2581 807 desperare
2614 782 2629 807 ,
2692 742 2735 795 si
2801 748 2976 797 tamen
3045 744 3397 813 resipiscant:
3437 746 3508 799 ita
3553 762 3657 801 non

2089 837 2256 882 tutum
2303 838 2384 884 est
2430 828 2531 885 hac
2556 846 2652 901 spe
2695 834 2860 887 teneri
2907 849 2968 888 ac
3013 835 3191 891 dicere
3244 856 3256 892 :
3300 837 3395 892 Hic
3444 840 3656 906 quidem

2089 919 2289 973 interea
2348 922 2470 974 vita:
2520 923 2878 991 voluptatibus
2934 923 3104 989 fruar,
3159 937 3428 996 postremo
3478 938 3652 986 autem

2087 1014 2235 1068 brevi
2286 1015 2467 1071 labore
2520 1018 2679 1071 totius
2723 1019 2975 1087 temporis
3023 1020 3321 1076 mercedem
3373 1023 3649 1092 accipiam.

2088 1105 2301 1160 Memini
2342 1122 2570 1177 namque
2617 1118 2667 1162 te
2692 1123 2831 1179 saepe
2877 1110 3093 1177 dixisse,
3121 1128 3239 1167 cum
3270 1113 3420 1167 multi
3447 1122 3498 1169 te
3529 1114 3657 1170 hor-

2090 1205 2325 1252 tarentur
2352 1209 2406 1252 ut
2434 1215 2612 1255 musca
2658 1201 3018 1269 frequentares
3048 1221 3060 1255 :
3104 1204 3238 1271 Quid
3268 1220 3413 1265 vero.
3438 1206 3480 1260 si
3510 1206 3656 1261 brevi

2088 1298 2326 1359 tempore
2369 1290 2507 1345 male
2549 1292 2707 1345 vitam
2752 1291 2980 1346 obeam?
3009 1294 3273 1362 quomodo
3298 1295 3454 1349 adibo
3506 1296 3653 1351 illum

2088 1380 2175 1450 qui
2202 1380 2333 1434 dixit
2363 1399 2375 1433 :
2409 1380 2490 1435 Ne
2515 1382 2678 1436 tardes
2703 1384 2918 1436 conuerti
2941 1384 3009 1436 ad
3060 1384 3345 1451 Dominum,
3375 1403 3531 1457 neque
3551 1388 3658 1457 dif-

2088 1474 2221 1541 feras
2250 1473 2312 1526 de
2338 1473 2418 1527 die
2441 1474 2493 1526 in
2541 1474 2671 1527 diem
2703 1475 2719 1543 (
2743 1473 2904 1528 Eccli.
2935 1477 2986 1530 5.
3014 1476 3047 1531 8
3076 1476 3092 1546 )
3123 1477 3146 1529 ?
3200 1477 3345 1532 Hanc
3384 1479 3658 1548 cogitatio-

2088 1580 2207 1619 nem
2235 1573 2435 1634 repete,
2461 1575 2512 1619 et
2535 1565 2701 1620 furem
2732 1568 2855 1620 time
2879 1585 2893 1632 ;
2925 1568 2995 1620 ita
3027 1570 3166 1622 enim
3188 1569 3429 1625 Christus
3454 1572 3655 1626 exitum

2088 1671 2149 1710 ex
2185 1656 2281 1710 hac
2300 1658 2405 1710 vita
2430 1666 2669 1712 nostrum
2685 1668 2854 1723 vocat,
2874 1674 2939 1713 eo
2963 1660 3102 1729 quod
3131 1662 3490 1731 ignorantibus
3512 1667 3655 1718 aeci-a

2087 1752 2195 1805 dat.
2241 1751 2437 1806 Tecum
2488 1762 2669 1823 reputa
2720 1752 2875 1821 hujus
2918 1755 3040 1808 vita:
3092 1755 3493 1817 sollicitudines,
3544 1765 3655 1811 tum

2086 1843 2303 1913 singulis
2321 1845 2581 1914 proprias,
2609 1854 2717 1899 tum
2748 1846 2983 1914 pluribus
3008 1861 3333 1910 communes,
3362 1847 3655 1918 principum

2086 1945 2307 2001 metum,
2331 1936 2523 1991 civium
2547 1936 2903 2001 invidiam,de
2943 1952 3147 1992 summa
3194 1954 3370 1993 rerum
3410 1939 3657 2010 frequens

2086 2027 2400 2095 perieulum,
2434 2029 2694 2092 miserias,
2751 2028 3078 2084 adulationes
3124 2032 3362 2097 serviles,
3392 2032 3500 2087 imo
3529 2034 3657 2102 ipsis

2086 2119 2272 2185 servis,
2304 2120 2348 2175 si
2376 2120 2523 2188 probi
2540 2120 2751 2191 quidem
2773 2122 2895 2185 sint,
2929 2122 3187 2192 indignas,
3218 2124 3389 2193 cogita
3418 2125 3655 2179 laborum

2087 2213 2312 2267 fructum
2342 2214 2428 2269 hic
2462 2214 2698 2280 interire,
2755 2230 2862 2283 quo
2900 2215 3022 2284 quid
3071 2217 3420 2272 miserabilius
3458 2216 3657 2271 fuerit?

2084 2306 2229 2362 Multi
2268 2308 2425 2362 etiam
2465 2307 2700 2361 laborum
2746 2307 2971 2362 fructum
3005 2310 3275 2377 percipere
3326 2324 3430 2363 non
3470 2318 3659 2378 potue-

2084 2410 2243 2455 runt:
2277 2402 2367 2455 sed
2427 2412 2703 2470 postquam
2753 2405 2974 2470 primam
3028 2413 3235 2457 aetatem
3275 2404 3556 2459 sudoribus
3605 2415 3658 2458 et

2084 2492 2332 2560 periculis
2352 2493 2757 2562 insumpserant,
2785 2507 2902 2546 cum
2930 2508 2986 2546 se
3016 2493 3311 2547 mercedem
3349 2504 3659 2562 accepturos

2085 2590 2379 2650 sperarent,
2409 2582 2778 2637 abscesserunt
2816 2584 2943 2636 nihil
2976 2599 3152 2637 secum
3182 2584 3485 2638 referentes.
3524 2585 3665 2638 Nam

2084 2674 2128 2728 si
2155 2681 2420 2727 terrenum
2451 2674 2841 2743 imperatorem,
2883 2675 3038 2729 etiam
3069 2684 3185 2744 post
3214 2676 3373 2729 multa
3402 2678 3656 2746 pericula,

2084 2774 2203 2833 post
2234 2766 2451 2833 plurima
2475 2766 2612 2821 bella
2651 2766 2907 2829 confecta,
2939 2768 3021 2819 vix
3052 2765 3209 2820 audet
3239 2767 3496 2835 quispiam
3536 2782 3656 2821 cum

2086 2856 2272 2909 ﬁducia
2291 2856 2578 2925 respicere,
2603 2857 2866 2925 quomodo
2881 2857 3142 2911 caelestem
3163 2858 3305 2910 illum
3332 2858 3521 2927 poterit
3539 2860 3657 2928 quis

2086 2945 2297 3008 intueri,
2318 2947 2406 3016 qui
2428 2955 2537 3001 toto
2562 2957 2800 3015 tempore
2825 2947 2975 3002 alteri
3000 2948 3209 3013 vixerit,
3229 2934 3677 3003 alterimilitarit?

2156 3037 2207 3091 5.
2243 3037 2321 3091 An
2347 3038 2424 3091 vis
2450 3037 2515 3091 de
2563 3038 2873 3091 domesticis
2899 3038 3060 3101 euris,
3113 3039 3317 3103 uxoris,
3346 3038 3651 3102 liberorum,

2085 3128 2401 3182 famulorum
2426 3128 2680 3197 agamus?
2725 3127 2897 3182 Grave
2914 3138 2994 3182 est
3014 3143 3297 3198 pauperem
3318 3144 3533 3184 uxorem
3555 3130 3657 3184 du-

2085 3219 2245 3281 xisse.
2267 3234 2427 3289 grave
2451 3218 2834 3287 epulentiorem
2867 3237 2879 3273 :
2911 3219 3133 3273 alterum
3176 3220 3317 3273 enim
3362 3218 3656 3286 facultates,

2084 3311 2312 3364 alterum
2348 3310 2445 3363 viri
2472 3310 2837 3363 auctoritatem
2879 3309 3282 3379 libertatemque
3298 3310 3465 3364 -l:edit.
3496 3310 3661 3365 Mole-

2086 3409 2225 3452 stum
2249 3406 2332 3454 est
2355 3398 2552 3453 liberos
2568 3399 2884 3467 suscepisse,
2904 3399 3179 3452 molestius
3202 3414 3304 3452 non
3323 3400 3621 3469 suscepisse
3641 3418 3655 3453 :

2086 3492 2212 3547 illud
2240 3493 2381 3546 enim
2412 3500 2495 3547 est
2538 3492 2730 3545 frustra
2756 3491 2971 3546 duxisse
3003 3492 3300 3560 conjugem,
3335 3491 3436 3551 hoc
3464 3507 3660 3555 amara:

2052 3584 2323 3639 ‘servituti
2346 3584 2639 3653 subjectum
2662 3600 2801 3639 esse.
2835 3583 3081 3654 )Egrotat
3110 3601 3258 3653 puer,
3293 3585 3415 3639 hinc
3448 3600 3553 3639 non
3590 3585 3661 3639 le-

2086 3675 2166 3728 vis
2184 3674 2406 3729 formido
2437 3693 2448 3728 :
2475 3676 2786 3728 immaturus
2834 3675 3081 3741 decessit,
3125 3674 3252 3730 hinc
3276 3691 3379 3729 non
3418 3676 3661 3730 consola-

2086 3767 2207 3822 bilis
2236 3767 2389 3821 dolor
2420 3786 2434 3821 :
2465 3767 2529 3821 ad
2554 3769 2790 3838 singulos
2811 3769 2981 3822 artatis
3000 3768 3215 3839 gradus,
3246 3784 3388 3824 cura;
3412 3769 3479 3825 de
3506 3771 3655 3840 ipsis,

2086 3859 2470 3914 sollicitudines
2495 3869 2550 3915 et
2572 3860 2801 3914 labores.
2837 3860 2970 3927 Quid
3000 3861 3066 3915 de
3107 3860 3516 3915 domesticorum
3558 3862 3660 3917 im-

2088 3951 2347 4021 probitate
2375 3951 2656 4005 dicamus?
2686 3950 2933 4006 Hteccine
2983 3953 3087 4006 vita
3117 3961 3217 4017 est,
3246 3952 3543 4015 Theodore,
3570 3954 3659 4008 ubi

2087 4043 2260 4097 anima
2274 4058 2374 4096 una
2392 4043 2443 4096 in
2468 4050 2541 4096 tot
2561 4056 2717 4096 curas
2738 4042 3068 4108 distrahitur,
3094 4051 3171 4097 tot
3205 4044 3390 4104 servit.
3422 4052 3501 4097 tot
3535 4043 3663 4098 vivit

2088 4134 2414 4199 hominibus,
2444 4134 2543 4188 sibi
2595 4135 2915 4203 numquam?
2944 4134 3081 4187 Nihil
3102 4134 3239 4202 apud
3264 4149 3360 4189 nos
3387 4134 3663 4205 hujusmo-

2087 4225 2139 4278 di
2170 4225 2450 4293 reperitur,
2480 4224 2691 4290 dilecte,
2713 4233 2764 4278 te
2795 4233 2981 4279 testem
3020 4226 3248 4293 appello.

2160 4316 2323 4370 Nemo
2375 4316 2497 4370 liber
2542 4324 2631 4377 est,
2674 4317 2770 4369 nisi
2811 4318 2894 4378 qui
2943 4316 3137 4370 Christo
3172 4317 3303 4369 vivit.
3354 4315 3469 4370 Una
3512 4314 3663 4372 Chri-

2089 4409 2251 4462 stiano
2281 4408 2562 4473 calamitas,
2592 4406 2754 4459 Deum
2785 4406 3055 4472 oﬂendere.
3080 4437 3152 4446 —
3175 4407 3327 4461 Brevi
3345 4408 3544 4477 quippe
3571 4408 3662 4461 illo

2091 4509 2349 4569 tempore,
2397 4515 2503 4570 quo
2531 4515 2597 4554 ex
2618 4498 2860 4554 ﬂuctibus
2914 4514 3185 4569 emergere
3242 4501 3474 4566 voluisti,
3526 4503 3665 4556 nosti

2089 4603 2284 4663 quanta
2309 4594 2508 4657 laetitia,
2540 4600 2737 4661 quanto
2763 4591 2955 4663 gaudio
2981 4590 3259 4645 fruebaris.
3288 4591 3454 4646 Nemo
3474 4592 3668 4665 quippe

2093 4687 2229 4741 liber
2248 4696 2347 4745 est.
2370 4687 2469 4740 nisi
2492 4686 2579 4755 qui
2597 4685 2809 4739 Christo
2830 4685 3008 4738 vivit‘:
3035 4683 3121 4740 hic
3142 4685 3391 4739 omnibus
3410 4686 3667 4741 molestiis

2093 4779 2334 4848 superior
2378 4786 2496 4833 est:
2525 4792 2587 4832 ac
2632 4777 2732 4833 nisi
2777 4777 3009 4846 seipsum
3062 4776 3256 4833 laedere
3296 4777 3443 4842 velit,
3489 4778 3667 4833 nullus

2094 4877 2227 4931 alius
2249 4875 2298 4929 id
2320 4889 2568 4943 umquam
2595 4872 2787 4943 poterit
2810 4890 2823 4938 ;
2849 4872 2995 4926 nullo
3008 4871 3124 4942 capi
3144 4872 3446 4940 etsupcrari
3471 4880 3664 4941 potest,

2095 4984 2197 5021 non
2228 4967 2568 5036 pecuniarum
2615 4964 2819 5034 jactura
2858 4963 3142 5029 cruciatur,
3194 4962 3386 5033 quippe
3414 4962 3503 5032 qui
3527 4962 3667 5017 didi-

2093 5060 2229 5115 cerit
2270 5074 2368 5113 nos
2413 5057 2545 5113 nihil
2586 5057 2640 5111 in
2678 5057 2818 5110 hunc
2842 5057 2863 5087 ¹
2901 5053 3156 5109 mundum
3208 5053 3468 5119 attulisse,
3496 5069 3671 5123 neque

2094 5151 2218 5206 inde
2242 5150 2507 5220 quidpiam
2564 5146 2774 5202 auferre
2801 5160 2957 5216 posse
2982 5161 2996 5210 ;
3028 5160 3133 5199 non
3160 5144 3448 5200 ambitione
3474 5153 3529 5199 et
3554 5144 3672 5215 glo—

2096 5245 2188 5299 ria:
2208 5242 2455 5312 cupidine
2482 5248 2715 5305 tenetur,
2738 5252 2933 5308 gnarus
2953 5237 3413 5292 conversationem
3432 5246 3668 5291 nostram

2098 5337 2149 5390 in
2170 5335 2301 5392 caelo
2327 5348 2474 5389 esse:
2496 5347 2602 5387 non
2622 5330 2872 5386 conviciis
2898 5339 3140 5393 vexatur,
3167 5343 3272 5382 non
3294 5327 3465 5398 plagis
3487 5342 3668 5382 move-

2100 5439 2205 5493 tur;
2222 5442 2325 5482 una
2344 5424 2643 5479 Christiano
2668 5422 2942 5477 calamitas
2966 5421 3132 5475 Deum
3155 5420 3455 5475 oﬁ‘endere:
3478 5427 3669 5474 czetera

2096 5537 2222 5577 vero
2242 5562 2257 5587 ,
2278 5527 2335 5573 ut
2357 5517 2756 5588 possessionum
2772 5514 3030 5583 jacturam
3053 5554 3066 5577 ,
3100 5512 3282 5582 patria:
3309 5512 3672 5577 amissionem,
3726 5519 3730 5525 ‘

2161 5660 2177 5689 ι
2215 5663 2341 5703 Unus
2361 5654 2517 5702 codex
2544 5667 2554 5700 :
2584 5660 2683 5701 Non
2697 5657 2765 5700 est
2786 5648 2931 5711 enim,
2952 5662 3043 5698 non
3072 5654 3139 5698 est
3165 5646 3299 5705 liber,
3318 5644 3413 5697 nisi
3443 5660 3524 5711 qut
3542 5681 3551 5702 .
3572 5665 3675 5701 ma—

2098 5716 2319 5771 trimttnio
2342 5712 2580 5768 immunis,
2604 5712 2788 5763 Christo
2810 5710 2937 5761 vivit.

2166 5782 2186 5814 ²
2224 5786 2348 5839 Vox,
2373 5777 2495 5829 hunc
2516 5812 2529 5839 ,
2554 5776 2698 5826 deest
2720 5776 2770 5825 in
2791 5773 2927 5824 Savil.
2959 5780 3008 5824 et
3031 5773 3079 5822 in
3104 5785 3200 5822 uno
3222 5770 3413 5833 codice,~
