4096 6392
364 317 470 376 315

369 446 669 494 extremum
697 431 1013 503 periculum,
1044 444 1111 485 ne
1124 429 1452 500 intergravia
1473 427 1687 499 quidem
1707 438 1947 499 reputat;

366 527 613 599 quodque
638 538 824 580 omnes
849 522 1091 589 horrent,
1111 536 1302 592 nempe
1326 520 1525 576 exitum
1554 534 1619 573 ex
1641 518 1741 573 hac
1762 520 1867 573 vita
1898 519 1952 572 in

368 622 549 685 aliam,
575 618 625 673 id
655 619 705 672 ei
761 616 875 686 ipsa
933 618 1037 669 vita
1088 614 1295 668 dulcius
1337 621 1441 667 est.
1494 611 1950 679 Quemadmodum

365 710 508 768 enim
537 711 583 766 si
604 710 723 781 quis
752 711 803 765 in
822 709 931 763 alto
956 706 1175 777 scopulo
1203 705 1405 776 positus
1425 704 1811 774 contempletur
1837 719 1953 758 ma-

368 822 447 872 re,
474 815 529 862 et
557 804 913 875 navigantium
939 802 1073 856 alios
1113 816 1142 855 a
1191 799 1440 856 fluctibus
1475 800 1712 869 demergi
1752 798 1949 863 videat,

366 898 500 953 alios
529 897 582 951 in
612 897 829 951 latentia
858 910 983 950 saxa
1012 894 1334 961 allidi,alios
1360 893 1466 948 alio
1482 892 1696 963 quidem
1728 902 1953 948 conten-

371 991 585 1055 dentes,
613 992 749 1045 alios
776 1000 953 1045 autem
981 1000 1039 1044 ut
1083 990 1289 1044 vinctos
1315 988 1369 1043 vi
1414 998 1696 1045 ventorum
1738 989 1952 1053 abduci,

368 1082 565 1136 multos
584 1080 741 1135 undis
762 1080 937 1147 obrui,
960 1081 1094 1135 alios
1120 1095 1216 1149 pro
1256 1080 1464 1150 navigio
1506 1090 1561 1134 et
1591 1080 1954 1149 gubernaculo

366 1173 608 1227 manibus
632 1172 804 1228 solum
833 1173 928 1238 uti,
946 1172 1080 1226 alios
1101 1172 1185 1226 vel
1212 1171 1390 1226 tabula
1421 1185 1525 1226 una
1577 1170 1663 1226 vel
1686 1171 1955 1241 fragmen-

366 1273 423 1319 to
443 1264 594 1319 navis
610 1263 760 1331 ferri,
782 1263 917 1319 alios
946 1273 1184 1320 mortuos
1207 1272 1574 1333 supernatare,
1606 1263 1952 1333 multiplicem

368 1357 572 1413 scilicet
590 1365 646 1413 et
668 1356 868 1411 variam
892 1357 1246 1411 calamitatem
1278 1375 1289 1409 :
1324 1357 1396 1411 ita
1423 1364 1479 1411 et
1502 1356 1593 1425 qui
1617 1354 1831 1411 Christo
1856 1356 1955 1410 mi-

362 1450 498 1516 litat,
530 1450 780 1505 tumultui
809 1459 863 1506 et
886 1450 1133 1507 fluetibus
1164 1450 1288 1504 vitm
1335 1463 1396 1504 se
1424 1448 1749 1516 subducens,
1779 1450 1834 1503 in
1863 1458 1945 1504 tu-

366 1551 422 1596 to
450 1550 506 1597 et
530 1542 745 1597 excelso
765 1542 884 1596 loco
925 1540 1093 1596 sedet.
1131 1540 1268 1608 Quid
1292 1541 1433 1595 enim
1463 1540 1797 1611 tutius,quid
1825 1540 1954 1595 sub-

261 1642 272 1653 ‘
370 1632 549 1688 limius
592 1632 775 1696 fuerit,
804 1648 962 1703 quam
1002 1633 1212 1688 unicam
1243 1631 1445 1688 habere
1491 1632 1900 1688 sollicitudinem
1936 1652 1949 1687 :

372 1726 635 1789 Quomodo
665 1737 888 1799 oporteat
903 1726 1101 1797 placere
1124 1725 1233 1780 Deo
1260 1726 1349 1799 (1.
1381 1724 1562 1781 Thess.
1584 1727 1638 1781 4.
1661 1727 1687 1780 1
1720 1727 1781 1797 )ἳ
1805 1725 1951 1781 Vidi-

369 1819 459 1884 sti,
490 1817 799 1885 Theodore,
828 1819 1100 1889 naufragia
1142 1833 1328 1873 eorum
1348 1817 1438 1887 qui
1469 1818 1523 1872 in
1568 1816 1671 1873 hoc
1696 1818 1829 1872 mari
1860 1833 1956 1872 na-

364 1909 647 1979 vigabant?
686 1909 1041 1978 Quamobrem
1085 1907 1207 1979 fuge
1237 1908 1255 1940 ί
1307 1908 1565 1979 pelagus,
1614 1908 1804 1963 fluctus
1854 1908 1952 1963 de-

366 2002 528 2064 clina,
546 2001 853 2070 editumque
870 2002 1045 2056 loeum
1062 2014 1284 2069 occupa,
1315 1998 1401 2053 ubi
1425 1999 1669 2069 intercipi
1695 2014 1951 2069 nequeas;

364 2094 687 2149 resurrectio
730 2093 903 2148 futura
937 2102 1039 2159 est,
1071 2092 1329 2162 judicium
1381 2092 1576 2158 aderit,
1626 2091 1953 2147 horrendum

366 2192 465 2231 nos
493 2177 615 2231 hinc
639 2192 888 2246 egressos
914 2175 1144 2230 tribunal
1192 2184 1496 2245 exspectat:
1531 2174 1718 2230 Omnes
1744 2176 1951 2231 adstare

366 2276 559 2338 oportet
585 2277 700 2322 ante
744 2268 966 2322 tribunal
994 2266 1269 2333 Christiﬁ.
1287 2265 1411 2322 Cor.
1428 2265 1483 2321 5.
1502 2267 1736 2338 10).N0n
1759 2268 1953 2322 frustra

365 2374 486 2413 cum
516 2357 675 2412 minis
703 2357 1045 2412 denuntiatur
1071 2357 1315 2427 gehenna
1345 2376 1357 2410 :
1386 2372 1493 2411 non
1524 2358 1792 2412 incassum
1836 2365 1955 2411 tau-

364 2459 420 2505 ta
443 2450 597 2504 nobis
616 2459 795 2519 parata
823 2460 943 2504 sunt
972 2450 1128 2503 bona.
1156 2448 1373 2515 Umbra,
1396 2449 1502 2502 imo
1528 2449 1715 2503 umbra
1744 2448 1949 2503 inanio-

364 2556 453 2596 res
490 2551 614 2597 sunt
639 2556 728 2596 res
753 2540 973 2609 hujusce
1011 2540 1153 2604 vitae,
1181 2540 1460 2595 timoribus
1481 2540 1741 2609 plurimis,
1772 2540 1953 2594 multis

366 2636 643 2707 periculis,
695 2644 1039 2703 extremaque
1068 2632 1323 2687 servitute
1372 2632 1566 2700 plenae.
1598 2630 1697 2697 Ne,
1744 2644 1948 2701 quaeso,

365 2739 420 2785 et
444 2728 721 2800 praesentis
770 2736 827 2783 et
877 2726 1038 2781 futuri
1076 2725 1537 2795 sreculijacturam
1592 2723 1777 2791 facias,
1827 2739 1949 2779 cum

365 2824 527 2877 liccat
568 2829 851 2889 utrumque
897 2818 1091 2874 lucrari
1120 2860 1134 2883 ,
1165 2818 1211 2871 si
1257 2818 1410 2872 velis.
1452 2816 1603 2885 Quod
1643 2824 1821 2872 autem
1874 2815 1948 2883 ii,

365 2912 456 2983 qui
497 2913 550 2966 in
602 2910 815 2965 Christo
847 2909 1049 2975 vivunt,
1095 2908 1255 2963 etiam
1297 2908 1455 2978 hujus
1498 2907 1622 2963 vitae
1678 2907 1819 2963 bona
1868 2907 1952 2961 lu-

368 3011 604 3069 crcntur,
626 3001 786 3057 docet
813 3001 1007 3056 Paulus
1052 2999 1137 3054 bis
1186 2999 1406 3055 verbis:
1435 2997 1547 3070 Ego
1595 3007 1763 3053 autem
1815 2998 1952 3052 vobis

366 3112 520 3166 pvrco
548 3112 567 3149 :
587 3104 643 3151 et
674 3095 865 3150 iterum
895 3111 909 3147 :
935 3093 1048 3147 Hoc
1096 3101 1265 3147 autem
1290 3092 1404 3146 dico
1431 3092 1499 3145 ad
1522 3102 1738 3145 vestram
1764 3092 1956 3145 utilita-

366 3189 516 3259 mn(l
530 3225 544 3239 .
560 3186 677 3243 Cor.
693 3188 744 3239 7.
767 3186 857 3241 28.
876 3184 991 3255 55).
1004 3184 1192 3239 Videu’
1206 3200 1325 3239 eum
1338 3184 1427 3254 qui
1442 3182 1709 3253 c0gitatea
1726 3197 1845 3252 qua:
1861 3181 1959 3236 Do—

372 3278 499 3332 mini
525 3287 667 3341 sunt,
700 3278 860 3331 etiam
889 3278 940 3331 in
984 3275 1086 3331 hoc
1134 3274 1336 3330 mundo
1364 3276 1692 3345 superiorem
1737 3274 1785 3329 ei
1810 3288 1952 3339 esse,

369 3369 698 3441 quiuxorem
726 3368 920 3425 ducit?
962 3368 1249 3440 Postquam
1277 3368 1402 3423 illuc
1422 3368 1743 3439 transgressi
1790 3367 1956 3424 fueri-

440 3508 455 3535 ι
493 3502 631 3553 savil.
659 3510 711 3554 et
732 3517 857 3554 unus
877 3505 1053 3565 codex,
1078 3504 1211 3568 fuge,
1230 3504 1359 3569 fuge.

1835 312 2164 370 MONITUM.

3540 318 3652 377 315

2058 445 2197 497 mus,
2225 432 2404 487 nullus
2430 432 2757 503 panitentite
2777 433 2950 490 locus.
2975 432 3161 489 Natus
3184 434 3386 489 athleta
3412 449 3446 491 e
3471 435 3648 490 stadio

2058 534 2324 591 egressus,
2354 531 2635 594 postquam
2668 525 2933 580 theatrum
2977 524 3210 580 solutum
3260 525 3379 589 fuit,
3429 535 3645 583 certare

2058 613 2287 683 amplius
2302 622 2497 685 potest.
2521 616 2649 672 Haec
2671 630 2885 688 semper
2906 618 3099 688 cogita,
3118 625 3174 674 et
3192 627 3406 674 acutum
3419 619 3644 691 maligni

2056 702 2289 773 gladium
2327 714 2566 771 contere,
2618 722 2725 777 quo
2748 708 2865 778 ipse
2888 709 3085 765 multos
3110 708 3378 765 interﬁcit.
3408 709 3533 765 “an
3559 718 3647 765 est

2057 796 2363 867 desperatio
2391 838 2407 864 ,
2459 814 2577 869 quae
2613 798 2835 870 dejectis
2876 815 3025 869 spem
3072 800 3352 871 praecidit:
3383 799 3484 855 hoc
3507 801 3645 856 vali-

2057 888 2183 943 dum
2208 898 2291 944 est
2315 890 2513 945 inimici
2535 891 2721 957 telum,
2747 900 2804 947 et
2822 892 2988 948 semel
3008 901 3195 962 captos
3219 909 3326 947 non
3344 893 3452 948 alio
3480 908 3644 963 quam

2057 979 2160 1036 hoc
2190 981 2402 1037 vinculo
2432 984 2753 1039 constrictos
2767 984 3008 1040 detinet:
3041 986 3203 1056 quod,
3229 987 3274 1041 si
3296 986 3643 1054 voluerimus,

2057 1072 2165 1127 cito
2193 1087 2289 1142 per
2319 1074 2413 1127 Dei
2436 1075 2661 1144 gratiam
2690 1075 3027 1147 confringere
3066 1078 3381 1147 poterimus.
3406 1077 3528 1132 Scio
3552 1093 3643 1132 me

2054 1163 2227 1231 justos
2242 1163 2481 1234 epistolae
2535 1166 2729 1221 limites
2784 1168 3127 1224 excessisse:
3166 1168 3262 1223 sed
3286 1169 3518 1239 ignosce,
3534 1186 3646 1229 non

2059 1258 2200 1310 enim
2228 1256 2417 1312 lubens
2442 1257 2542 1313 hoc
2556 1259 2661 1328 egi,
2710 1259 2805 1314 sed
2835 1260 3033 1314 amoris
3060 1260 3368 1332 dolorisque
3418 1262 3468 1315 vi
3488 1277 3644 1316 com-

2062 1348 2245 1416 pulsus
2272 1365 2286 1401 :
2314 1348 2403 1404 hic
2430 1364 2516 1405 me
2533 1350 2754 1405 affectus
2805 1350 2873 1405 ad
2920 1350 3059 1406 hanc
3105 1353 3267 1405 etiam
3306 1350 3644 1406 scribendam

2058 1439 2338 1508 epistolam
2368 1441 2674 1496 necessario
2700 1441 2932 1509 induxit,
2959 1443 3261 1498 vetantibus
3292 1443 3416 1498 iicet
3457 1444 3643 1501 multis

2057 1544 2121 1585 ac
2142 1530 2476 1587 dicentibus:
2506 1530 2693 1587 Finem
2716 1532 2797 1588 fac
2825 1548 2959 1587 vane
2978 1533 3276 1597 laborandi,
3309 1548 3372 1588 ac
3401 1534 3451 1588 in
3477 1537 3646 1606 petris

2058 1620 2294 1676 serendi.
2351 1621 2463 1692 Ego
2519 1633 2699 1677 autem
2752 1623 2951 1687 nemini
3000 1638 3187 1678 aurem
3237 1624 3645 1695 praebui:Spes

2059 1714 2201 1768 enim
2224 1722 2327 1781 est,
2350 1714 2592 1770 dicebam
2623 1714 2762 1786 apud
2799 1730 2908 1780 me,
2955 1715 3050 1771 Dei
3094 1730 3198 1785 ope
3228 1716 3406 1772 literas
3448 1716 3645 1787 aliquid

2058 1803 2366 1873 profuturas
2393 1820 2543 1870 esse;
2587 1806 2731 1876 quod
2760 1806 2804 1860 si
2832 1805 2921 1871 id,
2950 1805 3092 1876 quod
3139 1821 3207 1861 ne
3242 1806 3334 1860 fiat
3376 1806 3645 1877 depreca-

2057 1912 2201 1965 mur,
2223 1896 2498 1963 acciderit,
2518 1897 2570 1950 id
2599 1898 2787 1953 saltem
2814 1897 3160 1962 lucrabimur,
3191 1904 3249 1952 ut
3277 1913 3346 1952 ne
3372 1897 3646 1953 silentium

2057 1988 2214 2043 nobis
2241 1988 2372 2043 vitio
2416 1990 2552 2044 verti
2579 1991 2786 2059 possit:
2818 2003 2994 2060 neque
3020 1988 3316 2045 deteriores
3345 1988 3648 2059 naviganti-

2056 2082 2158 2138 bus
2186 2084 2409 2147 erimus,
2450 2082 2686 2151 quicum
2723 2096 2839 2137 suae
2888 2081 3053 2137 sortis
3090 2080 3340 2136 homines
3388 2080 3650 2151 viderint,

2054 2190 2188 2247 quas
2216 2185 2329 2232 sata
2344 2177 2394 2232 vi
2422 2185 2705 2233 ventorum
2733 2177 2876 2244 navi,
2902 2178 3096 2233 tabula:
3123 2177 3409 2244 haerentes,
3439 2177 3649 2234 demis-

2055 2270 2132 2324 sis
2146 2268 2304 2335 velis,
2328 2269 2471 2340 jacta
2523 2270 2779 2337 anchora,
2803 2278 2860 2325 et
2901 2286 3195 2327 conscensa
3225 2270 3443 2342 scapha,
3468 2270 3649 2326 homi-

2056 2377 2153 2417 nes
2199 2363 2428 2433 ignotos,
2458 2378 2523 2418 ac
2566 2379 2632 2419 ex
2675 2364 2928 2433 praesenti
2982 2364 3153 2419 solum
3197 2363 3497 2420 calamitate
3544 2363 3648 2419 sibi

2056 2455 2298 2525 cognitos
2351 2470 2569 2510 servare
2606 2456 2866 2511 nituntur.
2897 2456 3048 2525 Quod
3102 2457 3147 2511 si
3202 2456 3279 2512 illi
3335 2456 3648 2523 noluerint,

2056 2560 2221 2600 nemo
2242 2545 2537 2615 culpaverit
2572 2559 2667 2601 eos
2685 2586 2701 2610 ,
2735 2544 2879 2617 quod
2902 2556 3187 2617 pereuntes
3224 2561 3441 2603 servare
3465 2545 3656 2602 conati

2059 2638 2187 2692 sint.
2254 2637 2380 2692 Haac
2429 2646 2629 2693 nostrae
2678 2637 2943 2694 facultatis
2993 2647 3161 2694 sunt:
3196 2655 3475 2711 speramus
3542 2654 3649 2694 au-

2057 2737 2164 2783 tem
2204 2737 2256 2783 te
2286 2743 2380 2798 per
2406 2728 2500 2783 Dei
2537 2732 2760 2799 gratiam
2788 2771 2804 2797 ,
2834 2745 2953 2800 qua:
2992 2730 3046 2785 in
3102 2739 3189 2785 tua
3238 2739 3501 2800 potestate
3526 2740 3651 2786 sunt

2064 2819 2425 2889 prmstiturum
2447 2834 2587 2887 esse,
2616 2819 2836 2891 foreque
2864 2832 2922 2876 ut
2968 2830 3023 2877 te
3050 2837 3262 2877 rursum
3290 2822 3563 2877 videamus
3586 2821 3645 2876 in

2062 2924 2224 2981 grege
2252 2910 2269 2941 ⁸
2296 2910 2497 2965 Christi
2528 2909 2809 2968 florentem
2854 2911 3227 2983 valentemque
3276 2927 3406 2968 vera
3440 2913 3652 2969 valetu-

2057 2999 2202 3066 dine,
2234 3008 2392 3070 teque
2416 3001 2575 3056 citius
2597 3002 2927 3057 orationibus
2958 3011 3265 3059 sanctorum
3290 3003 3630 3074 recipiamus,

2065 3106 2099 3145 ο
2140 3089 2392 3146 dilectum
2418 3101 2595 3163 caput.
2620 3091 2679 3148 Si
2703 3108 2861 3163 quam
2918 3095 3088 3149 nostri
3124 3095 3387 3150 rationem
3430 3094 3654 3162 habeas,

2058 3198 2230 3255 neque
2250 3186 2462 3255 penitus
2489 3199 2587 3241 nos
2612 3200 2644 3240 e
2681 3186 2936 3241 memoria
2961 3195 3051 3241 tua
3092 3184 3339 3257 ejeceris,
3369 3186 3521 3243 nobis
3560 3195 3672 3242 re-‘

2060 3277 2297 3333 scribere
2317 3277 2589 3348 digneris;
2625 3277 2725 3333 hoc
2754 3277 2897 3334 enim
2922 3278 3083 3335 modo
3108 3293 3301 3351 magna
3326 3294 3425 3336 nos
3466 3278 3651 3336 laetitia

2065 3368 2289 3424 afficies.

2131 3506 2145 3535 ¹
2182 3502 2321 3554 Savil.
2346 3504 2395 3552 in
2420 3504 2638 3565 margine
2663 3511 2716 3555 et
2736 3515 2863 3553 unus
2885 3503 3063 3560 codex.
3078 3502 3130 3554 in
3145 3516 3290 3567 areqe
3307 3501 3531 3557 oretioso.
