4096 6392
493 391 601 447 317

1968 373 2305 430 MONITUM.

519 519 3732 576 Μ

1169 706 1292 794 ΙΝ
1369 699 1652 791 TRIA
1719 694 2410 806 SEQUENTIA
2481 690 3092 784 OPUSCULA

1778 911 2458 1030 MONITUM

571 1157 676 1212 Res
701 1163 784 1210 est
806 1152 1105 1222 explorata,
1131 1150 1245 1204 haec
1275 1149 1398 1212 tria,
1418 1147 1483 1200 de
1500 1142 1823 1214 quibusjam
1853 1139 2082 1209 quaestio

493 1261 597 1312 est,
623 1247 907 1318 opuscula,
941 1246 1082 1298 inter
1105 1243 1312 1313 priores
1342 1237 1715 1310 Chrysostomi
1739 1234 1909 1289 nostri
1941 1230 2081 1284 fetus

493 1341 720 1396 locanda
745 1353 885 1402 esse,
913 1351 1086 1404 neque
1114 1335 1294 1388 minus
1321 1331 1675 1398 conspicuum
1705 1327 1916 1380 videtur
1937 1323 2080 1378 edita

492 1433 664 1488 fuisse
733 1433 1053 1501 priusquam
1093 1428 1181 1480 ille
1209 1427 1260 1479 in
1293 1423 1666 1494 presbyterum
1709 1424 2078 1482 c00ptaretnr.

491 1525 710 1579 Annum
741 1539 870 1577 vero
906 1530 1145 1575 statuere
1179 1520 1284 1587 iam
1322 1522 1558 1584 oportet.
1589 1511 1810 1566 Certum
1861 1508 2081 1578 quidem

491 1615 664 1672 estad
697 1614 749 1669 id
795 1612 1038 1668 muneris
1068 1608 1433 1680 pz-wstandum
1483 1605 1552 1658 ab
1581 1604 1762 1658 amico
1801 1600 2080 1654 inductum

495 1707 665 1762 fuisse
707 1703 1178 1775 Chrysosmmum,
1224 1715 1346 1751 cum
1395 1696 1608 1766 publica
1664 1692 2082 1763 magistratuum

495 1798 820 1854 auctoritate
849 1794 1102 1849 monachi
1131 1800 1373 1846 extrema
1399 1799 1732 1860 paterentur,
1766 1801 1830 1838 ex
1862 1783 2085 1838 sedibus

495 1899 549 1944 et
574 1889 785 1943 cellulis
821 1888 938 1942 suis
982 1886 1244 1938 violenter
1274 1883 1515 1942 abducti,
1548 1880 1599 1933 in
1654 1877 1833 1930 forum
1863 1872 2082 1943 raptati,

498 1981 788 2045 verberati,
815 1980 868 2033 in
905 1992 1178 2032 carcerem
1209 1974 1363 2029 trusi.
1393 1972 1518 2027 llzec
1555 1986 1715 2040 porro
1746 1968 1864 2022 dira
1896 1981 2087 2020 mona-

495 2075 724 2146 chorum
760 2070 974 2126 vexatio
1014 2079 1120 2123 tam
1154 2078 1360 2136 aperta,
1392 2064 1652 2135 principis
1680 2063 1894 2117 decreto
1923 2059 2084 2121 facta,

497 2163 714 2219 11011111κί
746 2163 812 2217 ad
842 2172 1052 2230 tempus
1089 2154 1330 2212 Valentis
1358 2154 1698 2222 imperatoris
1717 2150 1901 2206 reduci
1929 2164 2088 2219 posse

497 2253 730 2316 videtur,
763 2251 853 2320 qui
881 2266 1004 2304 cum
1033 2249 1083 2301 in
1119 2247 1444 2300 Arianorum
1473 2243 1704 2297 haeresin
1743 2241 2084 2302 descivisset,

499 2346 553 2398 in
584 2341 898 2398 C'atholicos
946 2355 1138 2392 omnes
1182 2337 1551 2400 grassabatur.
1594 2333 1861 2387 Defuncto
1905 2341 2086 2385 autem

502 2433 880 2487 Valentiniano
921 2431 1227 2496 l'ratre,.piu
1257 2428 1638 2495 catholicoque
1669 2425 1930 2494 principe,
1963 2439 2086 2478 cum

500 2527 636 2582 nihil
668 2525 895 2578 ulterius
921 2524 1180 2577 infestum
1206 2521 1326 2590 ejus
1347 2521 1399 2574 in
1425 2527 1643 2572 sanctos
1675 2517 1819 2570 viros
1846 2515 2088 2568 animum

501 2616 824 2682 retardaret,
844 2632 908 2669 eo
940 2616 1204 2685 processit
1228 2613 1478 2667 amentia:
1499 2619 1558 2664 ut
1575 2610 1872 2663 monachos
1903 2622 2092 2660 omnes

503 2709 725 2763 sedibus
757 2709 883 2778 pelli
915 2719 969 2760 et
1004 2710 1056 2760 111
1093 2707 1338 2759 militiam
1375 2702 1647 2759 conscribi
1675 2701 1919 2771 jusserit.
1951 2699 2095 2754 Obiit

502 2800 918 2856 Valentinianus
953 2816 1096 2854 anno
1129 2797 1341 2851 Domini
1379 2797 1504 2862 574,
1541 2805 1705 2864 atque
1732 2794 1866 2848 adeo
1891 2794 1958 2846 ad
1995 2809 2095 2845 an-

502 2910 632 2948 num
679 2892 784 2947 ’575
825 2893 908 2946 vel
935 2892 1038 2946 576
1084 2890 1356 2960 quadrare
1391 2896 1624 2958 possunt
1676 2886 1731 2940 hi
1778 2894 1886 2940 tres
1919 2883 2095 2939 sancti

502 2985 741 3039 doctoris
767 2983 913 3036 libri.

573 3076 725 3130 Hanc
750 3085 930 3128 tamen
963 3073 1332 3143 chronologite
1365 3073 1634 3127 rationem
1681 3070 1889 3138 aliquot
1939 3085 2099 3138 argu-

504 3169 703 3224 mentis
718 3167 899 3237 impeti
918 3183 1077 3236 posse
1095 3175 1246 3235 putat
1262 3166 1424 3220 vircl.
1451 3163 2097 3224 Tillemontius.Etenim,

506 3261 684 3330 inquit
707 3259 818 3323 ille,
860 3268 988 3312 tunc
1009 3258 1188 3312 editus
1219 3256 1319 3310 fuit
1348 3257 1484 3310 liber
1509 3255 1738 3325 primus,
1771 3267 1893 3307 cum
1923 3251 2102 3306 adlmc

504 3351 845 3406 daemonibus
879 3349 1189 3403 sacrificare
1227 3349 1413 3403 liceret
1447 3366 1460 3401 :
1498 3355 1554 3400 at
1584 3345 1878 3416 postremis
1907 3344 2104 3398 Valeno

507 3440 698 3493 tiniani
739 3449 793 3492 et
841 3437 1083 3492 Valentis
1137 3438 1296 3492 annis
1349 3435 1622 3490 sacriﬁcia
1674 3436 1989 3505 hujusmodi
2035 3434 2104 3489 ab

507 3531 701 3603 iisdem
730 3530 1151 3599 imperatoribus
1197 3528 1470 3597 prohibita
1505 3533 1653 3592 sunt,
1695 3527 1835 3580 unde
1858 3526 2106 3595 sequitur

506 3633 634 3676 ante
677 3637 880 3676 annum
908 3619 1035 3682 574,
1079 3636 1188 3688 quo
1223 3628 1474 3674 mortuus
1526 3627 1611 3672 est
1663 3616 2101 3681 Valentinianus,

509 3717 590 3769 ν‹·1
625 3715 693 3768 ad
725 3729 999 3769 summum
1031 3728 1176 3766 anno
1204 3712 1322 3779 ipso
1343 3711 1468 3774 574,
1489 3711 1602 3764 haec
1622 3710 1906 3778 scripsisse
1932 3708 2100 3781 Chry-

509 3817 836 3862 sostomum.
865 3806 982 3858 Alia
1019 3805 1156 3863 item
1195 3803 1485 3857 difficultas
1527 3803 1774 3872 emergit,
1807 3803 2001 3872 inquit,
2031 3816 2098 3856 ex

509 3897 888 3969 (Ilnrysostomi
939 3897 1138 3958 verbis,
1187 3896 1280 3965 qui
1333 3894 1464 3948 dicit
1516 3895 1656 3948 hanc
1704 3895 2097 3948 monachormn

510 3993 852 4048 vexationem
901 3990 1177 4043 inductam
1236 4003 1357 4040 esse
1385 3985 1486 4039 sub
1517 3986 1620 4054 piis
1659 3984 2100 4054 imperatoribus,

511 4083 772 4147 εὐσεϐῶν,
806 4096 928 4150 qua:
955 4095 1086 4134 sane
1129 4079 1248 4132 laus
1276 4079 1341 4131 ad
1391 4077 1692 4143 Valentem,
1722 4078 2100 4147 imperatorem

511 4175 773 4228 Arianum
792 4169 1199 4237 Catholicisque
1218 4166 1514 4228 infensum,
1535 4167 1804 4234 quadrare
1823 4179 1930 4218 non
1947 4177 2108 4232 posse

512 4268 746 4320 videtur.
778 4262 1027 4324 Demum,
1060 4277 1181 4329 qua:
1223 4259 1379 4327 longe
1433 4258 1664 4326 gratior,
1703 4257 1795 4314 ait,
1829 4255 2107 4309 tlillicultas

513 4357 746 4417 videtur,
791 4368 914 4407 cum
962 4352 1389 4421 Chrysostomus
1443 4349 1510 4402 de
1553 4346 1813 4401 curandis
1871 4347 2105 4398 tiliorum

513 4449 761 4503 moribus
807 4445 1036 4498 Paulum
1099 4442 1309 4497 inducit
1365 4452 1617 4510 parentes
1669 4447 1978 4492 mouentem
2024 4439 2106 4492 his

517 4540 694 4594 verbis
723 4556 736 4591 :
765 4536 970 4597 Patres,
1002 4534 1222 4586 edncute
1256 4533 1395 4599 ﬁlios
1431 4542 1627 4584 uestros
1663 4530 1718 4582 in
1747 4529 2029 4595 disciplua
2057 4537 2104 4579 et

517 4631 843 4698 correptione
880 4626 1088 4678 Domini
1119 4625 1218 4692 (a),
1251 4625 1320 4676 ita
1358 4621 1742 4692 prosequitur:
1768 4619 1827 4674 Si
1849 4621 1988 4673 enim
2013 4636 2106 4673 nos

508 4723 758 4793 jubemur
805 4719 1024 4788 vigilare
1056 4731 1148 4783 pro
1188 4715 1467 4768 animabus
1513 4730 1692 4767 eorum
1736 4723 1988 4782 tanquam
2022 4729 2108 4764 ra-

517 4816 709 4867 tionem
753 4809 1036 4871 reddituri,
1062 4806 1228 4858 multo
1259 4807 1426 4874 magis
1456 4815 1625 4872 pater,
1666 4804 1754 4873 qui
1787 4803 1985 4872 genuit,
2018 4803 2106 4871 qui

517 4906 780 4970 educavit,
820 4903 910 4971 qui
955 4916 1071 4952 cum
1102 4899 1195 4951 illo
1231 4898 1376 4950 dumi
1398 4912 1600 4965 semper
1629 4909 1843 4958 manet;
1885 4897 1929 4948 si
1963 4896 2106 4948 enim

521 4999 610 5052 hic
637 4998 1060 5066 Chrysostomus
1088 5008 1151 5045 cx
1185 5007 1243 5044 se
1266 5001 1314 5043 et
1345 5006 1410 5042 ex
1449 5005 1677 5058 persona
1707 5005 1806 5043 sua
1835 4989 2106 5057 loquatur,

520 5089 896 5159 presbyterum
943 5085 1130 5138 saltem
1183 5081 1349 5135 luisse
1381 5081 1622 5150 oportuit
1658 5082 1746 5148 qui
1778 5079 1970 5134 rationi
2012 5095 2109 5148 pro

522 5181 811 5234 animabus
834 5177 1116 5231 reddenda:
1155 5173 1427 5228 obnoxius
1465 5180 1640 5231 esset;
1674 5172 1757 5225 sin
1782 5172 1996 5227 dicatur
2025 5172 2110 5224 hic

523 5272 976 5340 (thrysostotnum
1033 5265 1176 5334 loqui
1223 5265 1277 5316 in
1324 5278 1551 5330 persona
1592 5261 1767 5326 Pauli,
1802 5279 1995 5334 magna
2028 5265 2108 5316 vis

525 5362 684 5416 seriei
726 5361 990 5414 inferatur
1041 5373 1263 5412 neceSse
1306 5367 1389 5410 est
1415 5372 1429 5411 :
1460 5367 1877 5427 quantacunque
1929 5368 2105 5411 tamen

525 5455 599 5508 sit
643 5453 732 5506 illa
769 5453 871 5516 vis,
922 5450 1127 5503 mavult
1166 5447 1545 5503 Tillemontius
1601 5448 1745 5502 illam
1802 5451 2108 5517 admittere,

525 5561 691 5615 quam
747 5544 1198 5614 Chrysostomutn
1232 5550 1360 5596 tunc
1407 5542 1782 5611 presbyterum
1816 5542 1985 5598 fuisse
2015 5559 2112 5612 pu-

529 5653 661 5696 tare.

602 5795 677 5866 (u)
721 5793 920 5865 Ephcs.
950 5809 1024 5858 γι,
1056 5793 1108 5847 4.

2257 1135 2386 1188 Mihi
2421 1149 2549 1188 vero
2593 1135 2709 1188 haec
2748 1144 3068 1202 argumenta
3105 1148 3329 1203 prorsus
3364 1133 3498 1188 levia
3543 1149 3663 1190 esse
3696 1138 3774 1188 r1-

2189 1227 2427 1281 dcntur:
2463 1242 2588 1280 nam
2635 1228 2780 1296 quod
2816 1227 2992 1296 primo
3021 1226 3264 1291 affertur,
3297 1226 3493 1282 librum
3538 1229 3780 1296 primum

2190 1322 2456 1390 scriptum
2492 1319 2682 1384 fuisse,
2714 1336 2836 1374 cum
2883 1321 3061 1374 adhuc
3091 1321 3432 1376 daemonibus
3474 1321 3784 1375 sacriﬁcare

2191 1415 2398 1476 liceret,
2438 1415 2540 1466 hoc
2574 1430 2684 1468 uno
2720 1414 2839 1466 loco
2879 1412 3088 1476 nititur,
3127 1429 3276 1466 num.
3305 1413 3358 1477 Ξ,
3391 1414 3479 1467 ubi
3501 1413 3568 1467 de
3594 1429 3778 1468 mona-

2189 1508 2420 1560 chorum
2452 1506 2881 1574 exagitatorihus
2919 1505 3031 1558 haec
3065 1507 3315 1574 leguntur
3347 1523 3359 1556 :
3390 1505 3529 1569 Quid
3568 1522 3702 1569 vero,
3733 1508 3784 1558 si

2192 1597 2274 1650 Itis
2295 1612 2497 1666 quoque
2532 1595 2865 1649 mirabiliora
2891 1597 3164 1658 didicerit,
3201 1597 3338 1662 quod
3369 1595 3565 1648 scilicet
3593 1595 3784 1647 horum

2193 1700 2436 1742 auctores
2457 1691 2531 1757 pii
2557 1689 2721 1741 videri
2745 1687 2922 1753 velint,
2947 1697 2994 1740 et
3019 1687 3349 1741 Christianos
3375 1704 3429 1740 se
3460 1698 3784 1756 nuncupent,

2192 1782 2413 1848 plurimi
2445 1791 2618 1834 autem
2644 1796 2708 1834 ea:
2737 1775 2844 1834 illis
2877 1782 3036 1834 etiam
3061 1781 3261 1834 initiati
3284 1780 3389 1833 sint
3415 1797 3432 1834 :
3464 1781 3569 1833 imo
3601 1796 3785 1833 eorum

2192 1874 2429 1944 quidam,
2451 1873 2665 1927 diabolo
2683 1875 3002 1927 uehementer
3017 1873 3242 1942 aﬂlante,
3261 1872 3578 1926 exsecranda
3597 1872 3786 1940 lingua

2195 1982 2293 2018 sua
2329 1965 2498 2019 dicere
2523 1981 2684 2019 ausus
2716 1967 2807 2030 sit,
2843 1963 2958 2036 [45]
2995 1982 3048 2019 se
3076 1981 3107 2017 a
3134 1966 3237 2032 ﬁde
3266 1981 3587 2017 recessurum
3606 1973 3654 2017 et
3669 1971 3788 2017 da:-

2195 2057 2434 2110 monibus
2456 2056 2896 2112 immolatarum:
2928 2056 3183 2124 suffocari
3208 2057 3341 2108 enim
3375 2072 3429 2108 se
3456 2055 3789 2108 videndo/to-

2196 2152 2360 2202 mines
2384 2148 2597 2212 liberos,
2630 2148 2854 2210 nobiles,
2881 2150 3146 2218 vitamque
3177 2147 3380 2200 deliciis
3405 2146 3612 2216 plenam
3631 2162 3790 2214 agere.

2195 2242 2442 2306 ralentes,
2470 2242 2539 2294 ad
2570 2242 2704 2294 hanc
2744 2242 2936 2294 duram
2967 2243 3086 2294 vita:
3116 2243 3371 2294 rationem
3421 2241 3635 2295 adduci.
3663 2237 3789 2292 Non

2195 2333 2356 2387 video
2409 2341 2591 2388 autem
2639 2332 2772 2403 quid
2811 2349 2876 2386 ex
2932 2333 3246 2401 hujusmodi
3299 2334 3536 2387 hominis
3594 2333 3790 2386 furiosi

2190 2426 2336 2480 dicto
2370 2424 2561 2479 inferri
2600 2427 2792 2495 possit,
2841 2426 2956 2494 qui,
3001 2436 3061 2479 ut
3106 2440 3172 2479 ex
3209 2425 3348 2480 serie
3392 2425 3656 2491 arguitur,
3696 2426 3791 2478 in-

2193 2519 2545 2572 terminantis
2587 2519 2763 2572 solum
2809 2533 2961 2571 more
3009 2535 3073 2572 ea
3104 2533 3225 2586 quae
3273 2518 3497 2570 minime
3543 2517 3794 2572 facturus

2193 2620 2312 2664 erat
2341 2626 2400 2665 se
2432 2611 2703 2666 facturum
2735 2610 2946 2681 jactitat
2972 2630 2985 2664 :
3015 2610 3118 2665 nisi
3153 2609 3386 2666 fortasse
3418 2626 3541 2664 cum
3589 2611 3790 2679 despe-

2195 2712 2343 2759 ratos
2370 2705 2639 2774 quosdam
2685 2703 2937 2758 homines
2976 2718 3036 2758 se
3080 2704 3419 2758 daemonibus
3463 2704 3790 2760 devoventes

2196 2797 2472 2860 audimus,
2506 2796 2636 2850 hinc
2669 2811 2965 2866 arguamus
2999 2795 3049 2849 id
3091 2811 3189 2866 per
3225 2796 3370 2866 leges
3397 2795 3642 2866 publicas
3667 2797 3790 2851 licio

2199 2896 2310 2942 tum
2359 2901 2500 2943 esse.
2551 2887 2810 2956 Alioquin
2865 2895 3046 2941 autem
3097 2903 3220 2941 cum
3256 2887 3608 2957 imperatores
3640 2887 3786 2956 legar

2199 2981 2489 3050 quaspiam
2522 2979 2854 3040 emitterent,
2894 2993 3000 3033 non
3061 2981 3242 3034 statim
3277 2979 3482 3048 ubique
3508 2980 3559 3032 in
3607 2979 3790 3032 omni-

2199 3074 2409 3142 busque
2464 3072 2680 3141 imperii
2731 3073 2934 3127 linibus
2977 3088 3055 3126 em
3104 3072 3427 3127 obtinebant
3474 3089 3486 3123 :
3535 3087 3793 3141 sa'peque

2199 3180 2432 3220 necesse
2484 3173 2602 3219 erat
2652 3174 2709 3218 ut
2754 3179 2896 3220 nova
2946 3165 3062 3236 lege
3107 3165 3306 3234 prioris
3354 3165 3488 3234 legis
3543 3166 3790 3218 tirmitati

2200 3257 2629 3328 prOSpiceretur,
2665 3267 2728 3311 ut
2765 3273 2909 3327 saepe
2956 3257 3141 3313 videas
3187 3257 3245 3312 in
3291 3256 3494 3313 Codice
3532 3256 3792 3313 Theodo-

2204 3351 2380 3407 siano.

2275 3439 2432 3496 Circa
2453 3440 2584 3495 illud
2617 3451 2797 3496 autem
2825 3441 2968 3510 quod
3002 3440 3202 3495 dicitur
3233 3441 3442 3496 Valenti
3465 3440 3789 3512 imperatori

2205 3534 2384 3603 palam
2410 3533 2616 3587 Ariano
2652 3549 2759 3586 non
2787 3542 3098 3602 competere
3143 3548 3328 3588 vocem
3357 3535 3609 3606 εὐσεϐής,
3643 3536 3792 3604 plus,

2207 3639 2372 3692 quam
2419 3632 2599 3677 tamen
2652 3623 3074 3692 imperatoribus
3121 3622 3268 3678 illius
3301 3625 3563 3693 temporis
3599 3625 3794 3678 tribuit

2207 3715 2631 3785 Chrysostomus
2661 3731 2675 3766 :
2711 3728 2908 3782 nempe
2949 3714 3092 3768 libro
3139 3716 3336 3784 primo,
3389 3732 3541 3770 num.
3587 3719 3643 3781 2,
3694 3717 3793 3772 ubi

2210 3804 2319 3858 ait:
2356 3803 2545 3857 Nostri
2583 3820 2704 3858 vero
2733 3805 3120 3875 (imperatores)
3161 3809 3436 3861 contraria
3471 3809 3698 3878 penitus,
3726 3821 3793 3864 ut

2213 3898 2338 3951 mihi
2364 3898 2472 3966 ipse
2498 3898 2808 3964 persuadeo,
2827 3907 2876 3950 et
2902 3898 3116 3962 cupiunt
3146 3907 3195 3951 et
3223 3908 3424 3968 optant.
3458 3899 3806 3970 Quapropter

2211 4007 2399 4060 magno
2431 4000 2646 4058 stupore
2684 3991 2867 4058 plenus
2895 4005 3013 4043 sum
3043 3990 3180 4060 quod
3204 3992 3607 4061 imperatoribus
3640 3996 3790 4059 piam

2211 4083 2514 4151 religionem
2547 4081 2891 4142 sectantibus,
2929 4084 2987 4135 ἐν
3031 4082 3284 4155 εὐσεϐείᾳ
3324 4083 3560 4150 ζώντων,
3600 4087 3707 4142 hcc
3731 4091 3792 4142 in

2210 4176 2398 4228 mediis
2424 4175 2639 4229 urbibus
2667 4176 2876 4244 impune
2901 4174 3020 4242 ﬁeri
3049 4175 3195 4228 dicas
3227 4193 3241 4229 :
3268 4186 3322 4230 et
3347 4176 3484 4232 libro
3514 4180 3788 4248 secundo,

2211 4282 2361 4321 num.
2388 4266 2422 4319 9
2453 4284 2466 4319 :
2497 4263 2636 4318 Nere
2667 4277 2816 4334 putes
2853 4264 2962 4317 lta’c
3002 4264 3118 4318 ideo
3162 4266 3480 4336 contingere,
3521 4267 3658 4336 quod
3683 4272 3793 4322 im-

2207 4366 2472 4424 peratores
2521 4357 2662 4422 piam
2715 4355 3014 4424 religionem
3061 4356 3259 4421 colant,
3315 4357 3577 4427 βασιλέων
3617 4360 3792 4415 ὄντων

2208 4449 2450 4502 εὐσεϐῶν
2485 4450 2734 4502 :etiamsi
2770 4453 2906 4501 enim
2957 4450 3235 4517 imperium
3271 4449 3502 4515 decidat,
3532 4461 3581 4504 et
3620 4453 3791 4520 impe-

2211 4549 2386 4592 rantes
2424 4541 2478 4592 in
2507 4538 2874 4607 inﬁdelitatem
2907 4536 3160 4590 labantur
3189 4553 3201 4588 :
3241 4546 3396 4592 notes
3432 4538 3591 4592 velim
3618 4539 3708 4593 hic
3728 4551 3791 4595 et

2211 4631 2338 4685 alibi
2373 4631 2685 4698 frequenter
2698 4629 2838 4700 apud
2861 4629 3341 4700 Chrysostomum,
3371 4631 3610 4684 εὐσεϐῶν
3632 4643 3686 4687 et
3719 4636 3786 4686 ἐν

2209 4723 2458 4794 εὐσεϐείᾳ,
2475 4723 2713 4786 ζώντων,
2729 4737 2826 4791 pro
2848 4721 3177 4776 Christianis
3195 4732 3400 4777 tantum
3419 4725 3587 4794 accipi
3604 4744 3618 4777 :
3635 4728 3786 4794 quod

2211 4813 2446 4865 maxime
2477 4813 2647 4881 liquet
2670 4813 2723 4864 in
2752 4812 2837 4866 his
2857 4812 3074 4867 duobus
3095 4812 3248 4878 locis;
3268 4814 3320 4866 in
3345 4815 3520 4882 primo
3547 4832 3790 4885 namque

2210 4904 2266 4956 ἐν
2295 4903 2543 4974 εὐσεϐείᾳ
2591 4903 2818 4968 ζῶντας,
2864 4905 3007 4972 piam
3055 4903 3352 4973 religionem
3387 4915 3638 4959 sectantes
3685 4923 3790 4977 op-

2212 4992 2362 5060 ponit
2392 4993 2610 5060 regibus
2639 4991 2953 5056 Persarum,
2985 4993 3076 5061 qui
3108 4992 3350 5047 infitleles
3379 5003 3564 5058 erant;
3602 4994 3653 5046 in
3690 5011 3786 5049 se-

2211 5084 2391 5137 cundo
2425 5097 2607 5137 autem
2630 5084 2801 5136 ὅντων
2831 5083 3094 5148 εὐσεϐῶν,
3128 5085 3270 5150 piam
3295 5086 3592 5154 religionem
3615 5086 3790 5140 colen-

2213 5179 2371 5239 tibus,
2405 5177 2581 5246 palam
2612 5176 2840 5246 opponit
2869 5177 3208 5246 principibus
3240 5177 3568 5232 infidelibus.
3606 5178 3791 5248 Impe—

2212 5282 2421 5326 ratores
2445 5269 2609 5340 igitur
2630 5269 2795 5323 simul
2826 5268 3128 5334 Valentem,
3151 5268 3472 5325 Gratianum
3500 5283 3552 5326 et
3586 5272 3791 5328 Valen-

2213 5363 2476 5416 tinianum
2529 5361 2855 5424 secundum,
2895 5361 3161 5426 εὐσεϐεῐς,
3209 5377 3305 5417 seu
3355 5363 3459 5432 piae
3504 5362 3788 5432 religionis

2213 5454 2470 5515 cultores,
2500 5453 2614 5507 sive
2639 5451 2980 5508 Christianos
3003 5461 3177 5507 vocat.
3199 5452 3289 5506 Sic
3307 5453 3467 5507 etiam
3491 5452 3784 5522 Gregorius

2214 5545 2610 5608 Nazianzenus,
2648 5542 2799 5599 Orat.
2833 5556 3017 5597 contra
3055 5543 3354 5608 Julianum,
3403 5545 3790 5599 Constantium

2217 5638 2600 5707 imperatorem
2626 5635 2819 5705 εὐσεϐῆ
2844 5645 3019 5704 vocat,
3039 5636 3248 5693 scilicet
3265 5636 3660 5706 Christianum,
3679 5637 3798 5697 etsi
