4096 6392
334 378 436 434 3H

336 493 507 562 probe
536 490 697 547 sciret
721 491 984 545 Ariantun
1011 506 1225 559 semper
1255 491 1441 547 fuisse.
1476 493 1612 546 Cum
1644 504 1823 549 autem
1854 497 1908 550 in

346 587 523 655 primo
559 585 679 639 loco
722 584 855 639 dicit
891 585 1317 654 Chrysnstomus
1374 586 1733 651 imperatores
1781 604 1917 642 con-

340 677 510 732 traria
530 676 603 731 iis
628 691 750 745 quae
778 676 1104 743 gerebantur
1132 688 1337 745 optare,
1360 678 1567 746 adjicit,
1587 678 1662 741 ὡς
1683 679 1919 748 ἐμαυτὸν

343 766 537 830 πείθω,
562 774 618 819 ut
657 765 783 818 mihi
802 766 911 834 ipse
936 766 1247 833 persuadeo,
1283 782 1387 835 qua
1415 777 1561 822 certe
1586 768 1839 822 cautione
1862 784 1922 824 se

345 857 631 911 adversum
668 856 932 925 suSpicari
968 856 1308 910 testiﬁcatur.
1339 840 1549 925 itaque,
1586 873 1710 911 cum
1737 859 1921 912 hocin

350 943 580 1012 negotio.
601 942 668 995 de
694 943 895 996 Ariana
929 943 1121 997 haeresi
1154 959 1261 997 non
1298 954 1570 1014 ageretur,
1599 954 1763 1014 atque
1812 957 1927 1001 tres

346 1034 958 1103 imperatores,tametsi
980 1033 1181 1089 Valens
1209 1036 1447 1090 Arianus
1473 1048 1609 1101 erat,
1630 1038 1925 1093 Christiani

343 1134 523 1178 tamen
557 1132 763 1186 essent,
793 1134 1015 1193 stupere
1059 1139 1119 1180 se
1151 1126 1229 1179 ait
1275 1125 1726 1197 Chrysostomus,
1758 1129 1930 1198 impe-

348 1214 625 1269 ratoribus
661 1212 991 1270 Christianis
1021 1216 1335 1283 hujusmodi
1374 1216 1619 1273 facinora
1651 1220 1706 1272 in
1740 1234 1930 1273 mona-

348 1308 483 1363 chos
532 1308 768 1363 admitti.
802 1308 935 1362 Nam
973 1308 1348 1375 Constantius,
1386 1312 1646 1377 Arianus,
1679 1312 1818 1365 nihil
1851 1311 1931 1365 si-

348 1398 476 1452 mile
499 1414 789 1468 aggressus
817 1398 1021 1453 fuerat.

422 1492 579 1544 Aliud
610 1492 846 1561 denique
882 1500 1287 1562 argumentum,
1328 1492 1471 1561 quod
1501 1491 1605 1546 sibi
1636 1492 1933 1546 Tillemon—

350 1584 462 1639 tius
484 1584 692 1652 objicit,
717 1585 970 1654 quodque
994 1592 1145 1653 putat
1180 1584 1575 1638 validissimum
1601 1598 1745 1648 esse,
1776 1599 1933 1653 pror-

352 1692 448 1730 sus
487 1677 693 1730 nullum
727 1675 965 1729 videtur.
998 1674 1131 1728 Nam
1162 1690 1285 1728 cum
1318 1675 1765 1745 Chrysostomus,
1794 1684 1937 1745 post-

352 1783 514 1839 quam
549 1768 774 1820 Paulum
800 1768 877 1820 sic
897 1768 1207 1834 loquentem
1230 1767 1541 1831 induxerat,
1562 1766 1778 1831 Patres,
1810 1766 1939 1819 edu-

353 1870 468 1913 cate
496 1860 636 1928 ﬁlios
664 1868 861 1913 vestros
886 1860 938 1912 in
960 1860 1244 1927 disciplina
1274 1870 1323 1913 et
1350 1861 1677 1928 correptione
1702 1860 1935 1924 Domini,

352 1953 424 2007 ita
454 1952 840 2022 prosequitur:
868 1950 926 2005 Si
972 1952 1111 2005 enim
1150 1968 1241 2004 nos
1283 1953 1535 2019 jubemur
1575 1953 1795 2022 vigilare
1846 1968 1938 2019 pro

354 2046 630 2100 animabus
653 2062 830 2099 eorum
862 2054 1114 2113 tanquam
1156 2046 1412 2097 rationem
1448 2044 1728 2108 reddituri,
1765 2043 1932 2097 multo

354 2139 523 2207 magis
557 2145 729 2206 pater,
758 2137 847 2206 qni
874 2137 1073 2205 genuit,
1121 2135 1211 2204 qui
1242 2136 1504 2201 educavit,
1542 2140 1637 2205 qui
1680 2151 1799 2188 eum
1846 2135 1939 2188 illo

354 2232 500 2283 domi
525 2246 724 2293 semper
742 2239 935 2284 manet.
958 2228 1111 2282 Pauli
1132 2228 1270 2283 haud
1300 2228 1487 2292 dubie,
1512 2244 1725 2283 necnon
1750 2243 1938 2283 eorum

357 2325 559 2393 quibus
588 2323 855 2377 incumbit
877 2322 1109 2376 aliorum
1131 2322 1290 2376 saluti
1316 2321 1630 2391 advigilare,
1651 2335 1939 2391 personam

356 2422 487 2489 agit.
539 2418 682 2473 Nihil
722 2421 921 2489 quippe
953 2417 1280 2473 familiarius
1324 2418 1423 2483 illi,
1456 2418 1509 2471 in
1564 2417 1651 2471 his
1704 2416 1946 2470 maxime

357 2512 532 2574 libris,
567 2527 731 2581 quam
759 2526 948 2565 eorum
982 2525 1123 2580 quos
1156 2510 1210 2563 in
1235 2509 1475 2563 medium
1506 2508 1726 2563 adducit
1753 2520 1943 2576 perso-

358 2619 482 2658 nam
532 2617 833 2658 assumere.
879 2602 971 2657 Sie
1013 2602 1153 2655 libro
1184 2618 1269 2664 ιιι,
1317 2617 1471 2654 nium.
1508 2601 1596 2667 M,
1651 2609 1941 2670 postquam

362 2694 690 2764 probaverat
724 2693 913 2747 iisdem
954 2692 1148 2746 ofiieiis
1182 2693 1449 2745 obnoxiOs
1480 2690 1769 2743 saeculares
1799 2703 1941 2751 esse,

360 2785 561 2854 quibus
592 2785 845 2838 monachi
866 2795 1041 2848 erant,
1064 2783 1177 2836 [NEC
1200 2783 1419 2851 adjicit:
1446 2780 1635 2851 Itaque
1662 2781 1936 2848 quoniam,

363 2890 480 2930 uta
519 2876 668 2930 nobis
716 2877 856 2929 clare
903 2876 1323 2929 demonstratum
1368 2884 1481 2932 est.
1522 2873 1708 2926 iisdem
1767 2886 1948 2923 sumus

366 2968 544 3035 officiis
564 2967 797 3027 obnoxii,
827 2967 1015 3034 quibus
1042 2964 1306 3027 monachi,
1344 2963 1639 3032 faciliorem
1666 2976 1945 3028 percurra-

366 3076 481 3112 mus
535 3062 693 3123 riam,
733 3060 800 3111 ad
843 3074 1056 3127 eamque
1101 3058 1240 3126 ﬁlios
1290 3056 1646 3110 ultra/tamus.
1676 3052 1757 3107 An
1815 3052 1947 3106 hinc

369 3150 554 3204 inferri
590 3151 764 3220 possit
796 3149 1272 3220 Chrysostomum,
1296 3147 1388 3217 qui
1422 3155 1553 3200 tunc
1584 3146 1635 3199 in
1662 3144 1946 3199 montibus

369 3251 423 3296 ct
470 3244 522 3296 in
586 3256 804 3296 secessu
838 3240 1072 3303 vivebat,
1102 3238 1419 3293 srccularem
1461 3236 1653 3302 fuisse,
1692 3236 1946 3302 liliosque

371 3332 709 3401 suscepisse?
751 3330 815 3383 Et
848 3345 1001 3383 num.
1041 3329 1129 3392 i7,
1173 3327 1314 3397 Ergo
1340 3344 1432 3381 nec
1483 3327 1626 3395 ﬁlios
1678 3335 1884 3377 nostros
1916 3340 1950 3376 α

371 3422 561 3475 deserti
606 3420 1017 3474 commoratione
1057 3427 1177 3471 ante
1215 3430 1417 3485 tempus
1458 3416 1828 3469 abducamus:
1862 3413 1951 3467 sed

370 3516 608 3569 sinamus
645 3514 958 3582 disciplinas
994 3512 1157 3565 altius
1191 3511 1448 3579 imprimi,
1477 3522 1528 3562 et
1558 3508 1767 3577 plantas
1806 3506 1954 3558 radi-

374 3610 515 3665 cibus
566 3610 794 3677 ﬁrmari.
850 3605 996 3659 Nihil
1052 3619 1182 3658 sane
1235 3601 1576 3671 frequentius
1628 3609 1734 3662 est,
1785 3611 1950 3666 quam

373 3701 823 3769 Cbrysostomum
843 3697 1025 3750 videre
1042 3694 1205 3748 modo
1226 3691 1584 3751 monentium,
1618 3704 1743 3743 mox
1760 3700 1952 3742 eorum

376 3791 575 3859 quibus
603 3790 805 3842 monita
848 3787 1181 3855 diriguntur,
1208 3797 1499 3852 personam
1530 3795 1710 3850 agere.

451 3882 633 3949 Itaque
684 3880 1132 3950 Clirysostomus,
1164 3876 1256 3946 qui
1307 3890 1449 3929 anno
1490 3872 1595 3926 574
1628 3872 1693 3925 ad
1740 3880 1955 3926 montes

381 3982 706 4039 secesserat,
740 3986 863 4025 cum
904 3969 1231 4023 auctoritate
1278 3965 1494 4036 publica
1527 3962 1789 4031 exagitari
1832 3976 1951 4014 mo-

382 4064 587 4118 narhos
619 4070 673 4116 et
705 4061 926 4114 sedibus
954 4058 1076 4128 pelli
1109 4058 1408 4119 didicisset,
1440 4068 1584 4108 anno
1610 4052 1736 4117 575,
1761 4052 1841 4105 vel
1873 4066 1951 4105 sc-

384 4156 593 4224 quenti,
621 4153 778 4207 amici
810 4161 997 4222 rogatu
1035 4150 1135 4205 hos
1167 4148 1334 4202 libros
1363 4145 1615 4214 scripsit;
1642 4144 1693 4197 in
1720 4157 1955 4214 quorum

386 4246 563 4317 primo
610 4245 766 4299 docet
819 4251 1083 4311 quantum
1120 4238 1223 4292 sibi
1270 4235 1498 4307 periculi
1535 4233 1833 4295 altrahant,
1867 4232 1957 4302 qui

1799 380 2135 437 MONITUSL

3500 386 3603 443 3|8

2026 507 2248 554 sanctos
2272 509 2324 555 et
2350 498 2440 554 Dei
2470 502 2677 557 amicos
2716 508 3055 572 oppugnant,
3090 499 3329 555 ostendit
3361 516 3461 557 eos
3497 520 3603 556 nou

2026 591 2129 659 piis
2158 590 2311 654 viris,
2340 592 2430 645 sed
2466 592 2817 661 sibimetipsis
2852 607 3049 646 nocere
3076 608 3089 643 :
3124 591 3285 660 i-lque
3317 594 3609 645 confirmat

2027 682 2276 751 exemplo
2308 680 2644 744 Judarorum,
2674 684 2790 751 qui,
2815 683 3072 750 quoniam
3113 680 3392 735 Christum
3431 692 3607 737 morte

2029 769 2320 825 aﬂ‘ecerant
2346 772 2731 840 apostolosque
2781 778 3129 833 vexaverant,
3170 770 3225 823 in
3262 785 3355 823 eas
3384 770 3607 823 calami-

2031 872 2170 917 tates
2201 861 2663 930 incideruntquas
2693 862 2963 930 Josephus
2995 870 3412 915 commemorat.
3438 860 3609 929 Ilujns

2031 968 2196 1023 porro
2228 953 2514 1021 scriptoris
2536 953 2749 1021 insigne
2784 952 3147 1023 fragmentum
3171 951 3355 1017 refert,
3386 962 3443 1007 et
3469 962 3613 1021 post-

2032 1058 2197 1111 quam
2234 1043 2471 1096 ostendit
2498 1042 2717 1111 quantis
2749 1058 2807 1097 se
2852 1043 3111 1112 periculis
3148 1044 3390 1097 eximant
3424 1044 3515 1112 qui
3544 1059 3609 1097 ex

2035 1133 2223 1186 mundi
2285 1133 2565 1187 consortio
2630 1133 2925 1197 secedunt,
2979 1133 3060 1187 sic
3114 1133 3310 1187 librum
3372 1135 3608 1203 primum

2036 1226 2262 1280 claudit.

2109 1317 2165 1371 in
2194 1317 2432 1372 secundo
2462 1316 2602 1371 libro
2644 1325 2853 1386 patrem
2888 1316 3183 1376 infidelem.
3213 1317 3327 1371 sive
3368 1318 3609 1371 nondum

2038 1411 2349 1465 credentem
2381 1411 2435 1463 in
2468 1409 2774 1475 Christum,
2818 1411 2978 1479 cujus
3028 1408 3197 1463 lilium
3243 1410 3611 1464 Christianam

2039 1502 2355 1571 religionem
2398 1502 2766 1570 amplexalum
2800 1503 2852 1555 in
2890 1512 3127 1556 montem
3178 1502 3470 1556 recessisse
3500 1516 3616 1555 mo-

2040 1595 2454 1662 nachorumque
2487 1593 2653 1645 vitam
2704 1593 3012 1662 suscepisse
3065 1592 3238 1661 ﬁngit,
3273 1592 3570 1661 alloquitur
3599 1606 3614 1644 :

2042 1687 2408 1755 humanisque
2436 1686 2736 1740 ratiociniis
2755 1696 2918 1754 atque
2934 1686 3195 1754 exemplis
3214 1694 3452 1738 veterum
3477 1683 3619 1738 Grie-

2039 1792 2228 1831 corum
2260 1777 2455 1844 probat
2490 1792 2639 1842 eum,
2671 1777 2765 1845 qui
2805 1776 2987 1830 omnia
3034 1776 3284 1843 despicit,
3323 1790 3446 1829 vere
3478 1774 3618 1828 divi-

2040 1880 2147 1923 tem
2179 1884 2322 1931 esse,
2347 1868 2657 1937 virtuteque
2688 1868 2972 1921 clariorem
3008 1868 3143 1921 eflici
3164 1909 3178 1931 ,
3214 1882 3376 1936 quam
3422 1864 3619 1935 opibus

2040 1959 2366 2020 efﬁceretur,
2402 1968 2566 2029 atque
2591 1975 2619 2013 a
2650 1959 2871 2014 nemine
2901 1958 3021 2012 laedi
3044 1974 3224 2027 posse.
3261 1957 3410 2011 Licet
3438 1963 3618 2010 autem

2042 2052 2175 2105 illud
2212 2051 2464 2120 fingentis
2517 2065 2668 2103 more
2714 2057 3004 2118 proponat,
3036 2048 3089 2099 in
3135 2046 3243 2099 fine
3274 2055 3475 2129 tamen‘
3495 2045 3616 2098 libri

2044 2145 2137 2201 ait.
2170 2144 2406 2196 amicum
2444 2141 2544 2195 sibi
2576 2140 2745 2195 fuisse
2768 2140 2965 2194 ethnici
2993 2139 3090 2192 viri
3130 2137 3322 2201 lilium,
3351 2137 3467 2205 qui,
3494 2151 3618 2191 cum

2041 2233 2408 2287 Christianam
2463 2232 2862 2301 philosophiam
2900 2232 3183 2299 amplexus
3214 2237 3379 2291 esset,
3416 2238 3618 2296 patrem

2043 2340 2102 2379 se
2134 2326 2317 2389 minis,
2348 2325 2581 2379 vinculis
2619 2323 2851 2392 aliisque
2890 2321 3148 2375 aerumnis
3178 2320 3241 2373 ad
3272 2320 3508 2389 priorem
3539 2318 3615 2371 vi-

2046 2422 2154 2467 tam
2187 2430 2444 2469 revocare
2473 2423 2785 2477 conantem,
2812 2412 3031 2466 demum
3074 2410 3391 2465 constantia
3422 2424 3519 2463 sna
3557 2422 3637 2461 εο-

2046 2506 2358 2569 adduxerlt,
2398 2514 2457 2559 ut
2506 2506 2725 2560 demum
2782 2502 3112 2575 palinodiam
3168 2509 3409 2565 caneret,
3459 2508 3623 2569 atque

2046 2599 2216 2651 tilium
2269 2599 2419 2652 illum
2468 2598 2680 2653 cmteris
2733 2596 3060 2658 anteferret,
3113 2594 3224 2647 imo
3279 2592 3450 2662 patris
3502 2592 3639 2645 loco

2047 2690 2287 2744 haberet.

2118 2784 2173 2834 In
2206 2782 2364 2837 tertio
2399 2781 2558 2851 longe
2586 2778 2869 2851 prolixiori
2894 2779 3138 2833 oratione
3174 2787 3379 2847 patrem
3416 2772 3635 2826 fidelem

2048 2874 2364 2943 ailoquitur,
2392 2885 2686 2941 monetque
2719 2888 2786 2925 ne
2834 2871 3001 2923 lilium
3057 2868 3309 2922 secedere
3355 2865 3623 2919 volentem

2048 2984 2076 3021 a
2112 2967 2377 3021 sententia
2404 2965 2658 3027 deducat,
2693 2973 2804 3017 tum
2849 2969 3134 3031 parentum
3180 2959 3446 3013 incuriam
3479 2957 3626 3011 circa

2048 3059 2284 3114 ﬁliorum
2332 3057 2561 3111 salutem
2612 3057 2943 3119 insectatur;
2980 3062 3186 3122 quanta
3238 3065 3450 3105 morum
3504 3062 3627 3102 cor-

2049 3150 2233 3219 ruptio
2268 3149 2541 3203 civitatem
2575 3146 2838 3201 invaserit
2864 3143 3183 3215 παθητικῶς
3209 3140 3506 3197 describit:
3540 3139 3626 3190 vix

2050 3261 2211 3316 posse
2250 3245 2324 3299 ait
2352 3244 2583 3299 salutem
2613 3243 2794 3297 curari
2826 3242 2879 3295 in
2915 3249 3060 3295 tanta
3086 3239 3341 3293 vitiorum
3377 3236 3627 3291 colluvie.

2053 3336 2265 3390 Laudat
2289 3334 2682 3388 monachorum
2726 3333 2914 3394 vitam,
2938 3331 3335 3399 historiamque
3366 3327 3520 3382 affert
3545 3327 3633 3396 ju-

2054 3429 2208 3481 venis
2242 3442 2271 3480 a
2308 3425 2556 3480 solitario
2601 3425 2653 3477 in
2704 3426 2838 3478 urbe
2869 3422 3123 3486 educati;
3174 3435 3396 3489 remque
3442 3427 3629 3472 notatu

2053 3520 2271 3589 dignam
2300 3519 2480 3583 docet,
2518 3530 2714 3584 nempe
2753 3515 3121 3567 Antiochenos
3157 3512 3297 3565 filios
3332 3525 3463 3564 suos
3497 3508 3629 3562 ado-

2055 3610 2323 3665 lescentes
2369 3608 2433 3661 ad
2484 3605 2812 3660 monasteria
2863 3604 3077 3658 mittere
3122 3601 3495 3663 consuevissc,
3551 3610 3629 3661 ut,

2054 3712 2340 3774 postquam
2374 3703 2428 3755 in
2452 3701 2653 3754 virtute
2684 3698 2991 3768 pietateque
3008 3696 3174 3766 probe
3194 3693 3471 3748 exercitati
3493 3690 3633 3746 fuis-

2056 3806 2199 3859 sent,
2231 3795 2453 3849 domum
2499 3800 2823 3862 repeterent.

2131 3887 2242 3942 Hos
2278 3902 2441 3957 porro
2473 3886 2639 3939 libros
2674 3883 2897 3938 Latinos
2940 3883 3142 3936 fecerat
3176 3877 3497 3932 Ambrosius
3527 3876 3631 3928 Ca-

2059 3980 2434 4038 malduleusis.
2462 3978 2662 4033 Verum
2694 3978 2819 4045 quia
2854 3972 3227 4043 interpretatio
3248 3970 3369 4039 ejus
3393 3968 3632 4037 plerum-

2059 4089 2166 4145 que
2189 4070 2549 4143 paraphrasin
2601 4067 2765 4139 sapit,
2802 4082 2997 4122 novam
3034 4064 3157 4119 ideo
3183 4060 3477 4132 parandam
3512 4074 3632 4112 esse

2058 4176 2265 4237 putavi.
