4096 6392
398 355 498 412 319

1093 355 1150 412 S.
1193 354 1480 413 JOANNIS
1516 355 2008 413 CHRYSOSTOMI
2043 355 2365 414 ARCHIEP.
2405 357 2957 416 CONSTANTINOP.

511 553 3287 582 Μ
2782 571 3287 582 —_—__.—.

3547 363 3658 420 320

568 913 1700 1073 ADVERSUS
1832 911 3532 1073 OPPUGNATOBES

765 1411 1116 1491 EOBUM
1179 1411 1366 1506 QUI
1427 1408 1562 1486 AD
1621 1403 2292 1486 MONASTICAM
2366 1401 2698 1483 VlTAM
2757 1397 3334 1480 INDUCUNT.

479 2149 527 2203 ι.
569 2143 702 2202 Cum
727 2144 981 2214 templum
1007 2143 1134 2197 illud
1155 2141 1682 2214 Jerosolymitanum,
1699 2141 1839 2209 quod
1862 2141 2000 2195 mul-

409 2237 477 2291 tis
506 2237 659 2291 annis
689 2236 804 2289 solo
833 2241 1098 2303 a-qnatum
1137 2231 1409 2300 jacuerat,
1437 2246 1468 2284 a
1493 2229 1746 2284 diuturna
1772 2229 2001 2300 captivi-

419 2323 525 2383 tate
551 2327 749 2382 reversi
773 2325 980 2380 Hebraei
1012 2325 1309 2379 instaurare
1331 2333 1588 2397 cuperent
1609 2321 1693 2395 (2.
1717 2322 1902 2378 Eadm:
1921 2323 2006 2394 4),

413 2431 524 2471 tum
545 2416 754 2471 barbari
773 2415 985 2485 quidam
1008 2424 1064 2470 et
1085 2415 1345 2468 immanes
1366 2412 1629 2476 homines,
1648 2427 1820 2482 neque
1839 2413 2002 2467 Deum

408 2507 646 2571 reveriti,
665 2508 748 2562 cui
779 2508 1029 2576 templum
1063 2505 1136 2558 illi
1169 2507 1188 2538 ί
1216 2513 1519 2570 erexerant,
1541 2521 1713 2575 neque
1734 2504 1886 2560 fracti
1915 2505 2002 2560 illa

409 2601 684 2655 hominum
710 2599 1012 2654 calamitate
1032 2641 1046 2664 ,
1075 2613 1107 2652 a
1135 2613 1237 2668 qua
1266 2613 1389 2653 sero
1415 2599 1628 2652 tandem
1658 2599 1745 2653 vix
1771 2614 1830 2654 se
1855 2615 2007 2654 rece-

411 2702 620 2764 perant,
654 2707 828 2762 neque
859 2690 1104 2760 supplicii
1147 2689 1453 2758 hujusmodi
1479 2689 1806 2744 facinoribus
1834 2705 1867 2744 a
1895 2691 2006 2744 Deo

409 2783 646 2854 deputati
665 2791 806 2837 metu
829 2781 1072 2847 cohibiti,
1093 2781 1266 2851 primo
1286 2780 1499 2850 quidem
1525 2797 1618 2850 per
1633 2795 1690 2835 se
1706 2795 1801 2836 eos
1817 2797 1847 2834 a
1868 2791 2009 2835 stru-

410 2886 558 2930 ctura
571 2889 823 2930 coercere
839 2873 1141 2928 nitebantur
1159 2888 1173 2925 :
1193 2888 1312 2928 cum
1329 2882 1506 2927 autem
1526 2871 1654 2926 nihil
1667 2873 2004 2942 proficerent,

413 2967 590 3022 missis
627 2966 694 3020 ad
741 2981 918 3035 regem
965 2980 1118 3019 suum
1166 2965 1374 3031 literis,
1431 2963 1623 3034 quibus
1659 2979 1776 3018 eam
1822 2964 2005 3018 urbem

413 3059 730 3116 defectionis
750 3073 1115 3127 novarumque
1141 3073 1320 3111 rerum
1349 3056 1664 3119 studiosam,
1689 3072 1752 3112 ac
1775 3056 1895 3110 belli
1915 3072 2009 3111 cu-

411 3153 590 3224 pidam
613 3152 974 3224 appellabant,
1003 3149 1229 3205 suadent
1257 3149 1329 3214 ei,
1357 3157 1414 3202 ut
1439 3147 1540 3202 sibi
1565 3147 1804 3217 ejusdem
1828 3148 2010 3217 prohi-

415 3245 572 3300 bendi
604 3244 818 3299 :edilicii
845 3242 1070 3298 facultas
1097 3241 1275 3297 detur.
1315 3241 1427 3308 Qua
1456 3251 1672 3310 accepta
1701 3249 1965 3309 potestate
1987 3279 2004 3307 ,

415 3349 605 3407 magna
626 3335 865 3406 equitum
893 3349 1058 3388 manu
1083 3332 1225 3387 viros
1253 3331 1448 3396 adorti,
1471 3346 1608 3400 opus
1634 3329 1763 3384 illud
1785 3330 1850 3384 ad
1874 3341 2009 3384 tern-

414 3441 515 3498 pns
554 3426 830 3482 intermitti
869 3431 1160 3495 coegerunt
1190 3439 1204 3478 :
1237 3424 1258 3454 ³
1288 3430 1345 3478 et
1378 3421 1504 3476 elati
1543 3435 1606 3477 ea
1643 3421 1900 3486 victoria,
1941 3419 2008 3474 de

416 3535 519 3589 qua
543 3518 725 3590 lugere
744 3517 1056 3583 debuerant,
1078 3515 1459 3586 gloriabantur,
1484 3512 1842 3582 putabantque
1869 3511 2009 3566 hunc

415 3627 540 3666 esse
561 3610 872 3665 insidiarum
894 3624 1112 3663 suarum
1140 3607 1448 3662 terminum.
1477 3607 1548 3660 At
1570 3605 1833 3661 eratillud
1853 3620 2009 3660 exor-

418 3703 568 3757 dium
596 3702 910 3771 initiumque
938 3714 1146 3765 eornm,
1178 3715 1297 3768 qua:
1320 3712 1380 3752 se
1405 3712 1528 3752 mox
1557 3697 1802 3751 invasura
1831 3706 2004 3763 erant,

418 3795 680 3850 malorum
712 3811 728 3849 :
763 3808 897 3864 opus
926 3794 1069 3846 enim
1101 3791 1230 3845 illud
1259 3790 1654 3861 perficiebatur,
1685 3803 1748 3844 ac
1775 3788 2008 3858 denique

421 3886 733 3955 prarclarum
761 3894 972 3939 nactum
999 3893 1082 3938 est
1109 3885 1287 3936 tinem.
1318 3882 1452 3936 Tum
1491 3881 1563 3934 illi
1590 3880 1892 3934 didicerunt
1912 3895 2009 3944 ,ac

421 3995 518 4050 per
541 3979 661 4034 illos
705 3977 936 4032 universi
959 4019 973 4041 ,
1003 3993 1106 4030 non
1143 3991 1263 4029 cum
1310 3973 1614 4029 hominibus
1655 3974 1790 4028 bella
1818 3989 2008 4043 gerere

420 4069 779 4126 Mithridatem
808 4070 978 4135 illum,
1008 4069 1090 4122 vel
1113 4067 1273 4122 alium
1299 4066 1625 4137 quempiam,
1651 4066 1739 4136 qui
1766 4067 1885 4121 boni
1911 4065 2009 4120 ali-

419 4163 546 4232 quid
567 4177 726 4231 agere
752 4162 1088 4215 instituentes
1117 4159 1364 4214 homines
1391 4165 1688 4227 oppugnet;
1718 4156 1810 4211 sed
1836 4157 2007 4227 potius

419 4273 542 4312 cum
580 4258 697 4326 ipso
727 4255 872 4321 Deo,
913 4255 1001 4324 qui
1051 4269 1145 4323 per
1185 4253 1304 4306 illos
1341 4251 1653 4307 honoratur.
1697 4249 1795 4317 Qui
1828 4260 2005 4304 autem

420 4349 533 4402 Deo
555 4346 750 4401 bellum
778 4353 975 4409 movet,
1004 4359 1292 4413 numquam
1321 4350 1495 4412 potest
1518 4341 1718 4396 bonum
1747 4338 1872 4393 belli
1916 4355 2005 4390 ex-

419 4440 550 4494 itum
576 4437 811 4493 habere:
839 4437 934 4492 sed
958 4436 1003 4490 is
1041 4435 1254 4506 quidem
1288 4434 1436 4488 initio
1463 4432 1714 4487 facinoris
1745 4432 1872 4485 nihil
1902 4429 2007 4484 for-

421 4541 566 4585 tasse
607 4529 835 4600 patietur
881 4528 1046 4593 mali;
1095 4526 1140 4580 si
1195 4535 1369 4581 tamen
1419 4541 1526 4579 non
1579 4524 1846 4593 patiatur,
1902 4522 2008 4574 Deo

422 4623 567 4676 illum
623 4630 847 4674 vocante
902 4618 985 4682 ad
1025 4619 1420 4688 paenitentiam,
1470 4626 1632 4687 atque
1681 4615 2008 4671 concedente

421 4720 480 4765 nt
503 4711 654 4782 quasi
691 4725 758 4764 ex
799 4709 1055 4764 ebrietate
1097 4708 1328 4778 quadam
1374 4707 1682 4778 resipiscat;
1719 4706 1802 4760 sin
1829 4714 2005 4758 autem

423 4806 475 4860 in
507 4803 739 4859 amentia
781 4818 874 4858 sua
924 4802 1258 4873 perstiterit,
1297 4802 1428 4856 nihil
1473 4818 1538 4858 ex
1580 4801 1882 4870 hujusmodi
1917 4801 2007 4855 Dei

424 4897 706 4951 clementia
767 4903 822 4949 et
881 4894 1134 4965 patientia
1200 4894 1474 4959 lucratus,
1532 4901 1758 4946 cmteros
1819 4891 2007 4945 saltem

423 4989 710 5045 admodum
767 4987 1006 5058 juvabit,
1073 4985 1338 5056 supplicio
1395 4999 1494 5039 suo
1556 4984 1887 5042 admonens.
1944 4999 2010 5036 nc

421 5090 611 5136 contra
666 5080 833 5135 Deum
890 5093 1145 5148 umquam
1201 5077 1398 5132 bellum
1445 5085 1674 5146 gerant,
1731 5074 1871 5145 quod
1925 5074 2008 5128 in-

422 5176 617 5228 victam
651 5171 794 5226 illam
823 5185 1035 5224 manum
1057 5183 1214 5224 nemo
1231 5168 1466 5238 effugere
1487 5168 1681 5222 valeat.
1704 5166 1888 5220 Tanta:
1911 5167 2010 5236 igi-

423 5279 510 5321 tur
532 5264 658 5320 ~illos
685 5263 863 5319 statim
886 5262 1130 5318 invasere
1154 5259 1358 5327 clades,
1387 5270 1445 5315 ut
1471 5259 1834 5331 magnitudine
1862 5259 2008 5314 eala-

486 5422 504 5455 ¹
539 5423 613 5473 sic
633 5427 739 5471 Mss.
764 5418 864 5470 duo
900 5425 954 5470 et
981 5417 1125 5470 Savil.
1165 5416 1244 5468 ad.
1282 5429 1438 5481 marg.
1483 5414 1618 5476 Editi,
1643 5412 1810 5475 illud;
1853 5414 2012 5462 minus

420 5493 578 5536 recte.

487 5549 508 5579 ³
544 5544 678 5594 aliud
708 5544 904 5608 omnino
945 5541 1134 5608 legisse
1163 5540 1355 5608 videtur
1389 5539 1664 5590 Ambrosius
1693 5535 1914 5608 ganialdn
1927 5537 2010 5607 qui

423 5611 605 5659 vertit:
631 5613 685 5657 Et
706 5605 821 5657 elati
841 5618 902 5656 ea
919 5599 1118 5667 victoria
1135 5601 1464 5667 gloriabantur
1492 5613 1510 5651 :
1544 5613 1646 5662 qm,
1669 5599 1865 5667 siquid
1893 5599 2013 5667 ipsis

424 5670 587 5740 ςρηιίε
604 5665 1112 5740 mammam
1125 5659 1362 5740 aetnam
1383 5659 1666 5740 ειςιξυςέφιρ

425 5726 664 5786 eiusmodi
691 5726 872 5783 moliri.
890 5728 982 5778 sed
1003 5735 1163 5778 Graeca
1184 5726 1234 5776 in
1249 5726 1480 5776 amnibus
1509 5733 1612 5775 tum
1633 5726 1778 5776 Editts
1794 5731 1896 5775 ttun
1917 5729 2011 5773 lita-

426 5794 686 5858 nuscript'u
706 5791 834 5843 aliud
859 5796 1154 5854 expnmuot,
1170 5798 1226 5840 ut
1247 5801 1338 5840 nos
1359 5787 1565 5840 edimus.

2107 2141 2306 2196 mitatis
2334 2155 2522 2196 armies
2550 2141 2680 2194 alias
2704 2139 3034 2196 calamitates
3067 2139 3396 2211 obtegerent.
3427 2141 3550 2195 Post
3579 2156 3691 2196 ca:-

2107 2232 2203 2286 des
2225 2231 2367 2286 enim
2392 2240 2447 2286 et
2483 2231 2717 2285 inﬁnitas
2745 2241 2970 2301 strages,
2993 2245 3126 2302 quas
3155 2232 3282 2286 olim
3309 2233 3376 2287 ab
3403 2247 3462 2287 se
3489 2235 3694 2288 coerci-

2107 2331 2282 2376 torum
2305 2320 2610 2377 Judaaorum
2640 2336 2830 2376 manus
2851 2333 3224 2393 perpetrarunt
3241 2365 3256 2389 ,
3279 2339 3536 2379 caesorum
3563 2340 3694 2379 sane

2107 2413 2265 2483 guine
2283 2421 2421 2468 terra
2442 2413 2506 2467 ad
2530 2413 2753 2468 multam
2775 2428 2941 2483 usque
2957 2414 3366 2484 profunditatem
3397 2415 3692 2471 madefacta

2109 2515 2243 2572 erat,
2272 2505 2474 2575 lulique
2497 2506 2782 2575 plurimum
2813 2520 2882 2560 ex
2905 2521 2973 2561 eo
2996 2522 3216 2561 crurore
3244 2507 3552 2576 gignebatur
3579 2525 3591 2561 :
3625 2523 3694 2565 ex

2109 2597 2422 2667 corporibus
2448 2607 2626 2652 autem
2657 2613 2914 2667 equorum
2938 2606 2993 2652 ct
3017 2597 3292 2653 hominum
3317 2599 3473 2652 simul
3494 2599 3692 2664 mixtis,

2111 2699 2268 2760 atque
2296 2706 2359 2744 ex
2383 2690 2692 2746 vulneribus
2717 2705 2776 2744 se
2803 2690 3029 2745 invicem
3063 2691 3421 2761 tangentibus,
3445 2701 3586 2744 tanta
3613 2692 3696 2746 vis

2111 2783 2368 2837 vermium
2395 2783 2632 2838 ebullivit
2653 2825 2669 2849 ,
2701 2793 2758 2837 ut
2785 2798 2918 2838 cum‘
2945 2792 3086 2838 terra
3114 2783 3451 2839 multitudine
3475 2785 3699 2838 cadave-

2111 2891 2230 2930 rum
2257 2875 2576 2945 operiretur,
2607 2875 2720 2930 haec
2753 2875 3012 2930 cadavera
3037 2891 3225 2931 rursus
3248 2876 3517 2931 vermibus
3540 2876 3698 2931 obte-

2111 2977 2383 3038 gerentur.
2421 2967 2650 3022 Dixisset
2677 2966 2915 3037 profecto
2939 2967 3026 3037 qui
3057 2981 3304 3036 campum
3346 2967 3494 3021 illum
3529 2966 3694 3021 vidis-

2112 3066 2197 3114 set
2213 3101 2229 3123 ,
2257 3073 2363 3113 non
2391 3059 2658 3114 substrata
2679 3073 2926 3128 corpora,
2954 3057 3048 3113 sed
3074 3058 3249 3114 fontes
3274 3073 3392 3114 esse
3417 3060 3697 3129 quampl-

2113 3152 2279 3206 rimos
2299 3193 2313 3213 ,
2345 3151 2448 3205 hoc
2477 3151 2810 3207 insectornm.
2837 3166 3006 3222 genus
3043 3151 3342 3222 largissime
3376 3151 3656 3207 fundentes
3682 3171 3698 3208 :

2112 3242 2248 3297 adeo
2275 3243 2421 3297 omni
2450 3244 2793 3299 inundatione
2823 3243 3190 3300 vehementius
3217 3261 3284 3299 ex
3308 3245 3590 3315 putredine
3611 3246 3699 3299 illa

2114 3339 2436 3393 scaturiebat
2463 3337 2651 3409 ingens
2681 3339 2765 3392 illa
2792 3338 3052 3393 vermium
3091 3338 3266 3408 capia.
3308 3339 3479 3407 Atque
3507 3338 3558 3392 id
3589 3353 3698 3393 non

2114 3445 2210 3500 per
2233 3429 2419 3484 decem
2445 3429 2561 3484 dies
2584 3471 2600 3496 ,
2639 3438 2730 3483 ant
2756 3429 2958 3500 viginti,
2989 3430 3082 3486 sed
3112 3445 3210 3499 per
3240 3429 3522 3498 plurimum
3554 3439 3695 3485 tem-

2115 3521 2259 3590 poris
2296 3517 2496 3574 factum
2524 3528 2625 3574 est.
2657 3519 2725 3572 Et
2763 3534 2826 3573 ea
2852 3518 3067 3589 quidem
3094 3535 3212 3588 qua:
3240 3519 3324 3573 hic
3351 3519 3465 3574 istis
3492 3519 3702 3575 accide-

2115 3619 2270 3678 runt,
2299 3609 2560 3680 ejusmodi
2590 3608 2776 3672 fuere;
2808 3625 2928 3678 qua:
2953 3624 3080 3664 vero
3116 3609 3236 3663 illos
3277 3610 3330 3663 in
3369 3609 3543 3664 futuro
3586 3625 3703 3665 ma-

2114 3710 2264 3768 nent,
2293 3700 2452 3769 longe
2477 3706 2602 3754 sunt
2627 3699 2710 3753 his
2737 3699 3029 3754 acerbiora.
3053 3698 3237 3767 Neque
3259 3699 3399 3753 enim
3428 3698 3571 3753 mille
3596 3713 3700 3752 an-

2115 3795 2228 3861 nis,
2254 3801 2346 3846 aut
2373 3791 2557 3848 decem
2587 3791 2818 3846 millibus
2838 3833 2852 3856 ,
2896 3799 2989 3846 aut
3026 3790 3108 3845 bis
3138 3799 3283 3846 terve
3311 3790 3530 3846 totidem
3560 3833 3576 3856 ,
3603 3791 3703 3845 sed

2115 3883 2336 3938 infinitis
2363 3883 2573 3938 smculis
2597 3883 2826 3936 animata
2853 3891 2975 3935 tunc
3004 3896 3229 3949 corpora
3257 3880 3523 3936 cruciatus
3553 3882 3704 3935 inex~

2119 3973 2492 4044 plicabileSque
2509 3972 2723 4027 dolores
2743 3972 3098 4026 sustinebunt.
3126 3971 3194 4025 Et
3218 3970 3333 4025 base
3351 3984 3574 4040 utraque
3598 3986 3704 4025 no-

2117 4069 2190 4122 rit
2212 4067 2398 4123 beatus
2427 4066 2608 4132 Isaias,
2630 4065 2779 4119 novit
2810 4074 2863 4118 et
2879 4063 3202 4118 mirabilium
3225 4063 3486 4116 visionum
3508 4077 3703 4133 specu-

2117 4162 2251 4214 lator
2284 4159 2535 4214 Ezechiel
2554 4198 2569 4220 ,
2600 4157 2690 4228 qui
2719 4156 3021 4225 hujusmodi
3052 4155 3322 4209 hominum
3354 4169 3534 4224 paruas
3563 4155 3706 4209 inter

2114 4270 2172 4308 se
2206 4252 2587 4308 distribuentes
2609 4292 2625 4318 ,
2656 4250 2791 4303 alter
2821 4249 3130 4318 praesentis,
3169 4247 3305 4302 alter
3333 4247 3493 4301 futuri
3520 4246 3702 4301 saeculi

2114 4349 2371 4420 supplicia
2398 4354 2735 4404 enarrarunt.

2183 4446 2238 4497 2.
2273 4441 2492 4510 Quidam
2521 4439 2792 4493 monachos
2815 4447 2860 4492 et
2875 4446 3066 4492 ascetas
3101 4445 3299 4491 vexant.
3329 4466 3400 4476 —-
3436 4434 3546 4505 Ego
3569 4448 3703 4488 vero

2117 4537 2231 4590 Inec
2272 4550 2377 4588 non
2409 4532 2526 4587 sine
2561 4545 2720 4585 causa
2765 4530 3095 4592 memoravi,
3141 4527 3236 4582 sed
3278 4527 3401 4596 quia
3440 4524 3703 4580 accedens

2115 4628 2328 4698 quidam
2358 4625 2600 4679 nuntium
2629 4622 2806 4676 attulit
2843 4621 3058 4691 plenum
3092 4618 3492 4683 amaritudinis,
3521 4618 3700 4673 mole-

2116 4725 2253 4786 stiae,
2282 4719 2614 4790 ingentisque
2651 4715 2906 4770 adversus
2949 4714 3114 4767 Deum
3141 4710 3497 4766 contumelia}.
3528 4709 3703 4776 Quos-

2119 4814 2242 4867 dam
2268 4811 2412 4866 enim
2451 4823 2572 4863 esse
2618 4806 2860 4860 homines
2909 4803 3019 4867 ait,
3047 4801 3138 4871 qui
3179 4800 3442 4870 hodieque
3475 4799 3701 4865 eadem,

2117 4918 2236 4971 quat:
2261 4900 2334 4954 illi
2361 4899 2487 4954 olim
2510 4895 2720 4953 barbari
2742 4937 2757 4961 ,
2788 4895 3071 4948 admittere
3093 4891 3386 4956 auderent;
3413 4891 3522 4946 imo
3547 4890 3705 4960 longe

2120 4994 2382 5064 iniquiora
2410 5011 2423 5047 :
2453 5006 2550 5047 eos
2594 4991 2790 5060 quippe
2815 4988 2904 5056 qui
2948 4984 3297 5055 philosophiae
3345 4993 3542 5038 nostra:
3566 4984 3581 5014 ‘
3606 4997 3705 5037 ca-

2121 5084 2393 5156 pessenda:
2410 5090 2658 5138 auctores
2684 5089 2827 5146 sunt,
2852 5078 3084 5147 undique
3102 5076 3392 5146 expellere,
3417 5074 3705 5143 multisque

2118 5177 2315 5234 additis
2359 5175 2521 5230 minis
2554 5183 2734 5228 vetare
2758 5213 2773 5236 ,
2806 5187 2874 5226 ne
2900 5170 3170 5240 quidpiam
3201 5167 3506 5238 hujusmodi
3536 5166 3702 5222 ullum

2119 5282 2370 5338 umquam
2400 5265 2672 5321 hominem
2697 5263 2945 5318 doceant.
2993 5261 3088 5315 llis
3126 5258 3351 5323 auditis,
3383 5273 3485 5328 ego
3522 5257 3706 5312 statim

2119 5358 2344 5417 clamavi
2375 5398 2391 5423 ,
2430 5365 2486 5412 et
2520 5364 2824 5410 narrantem
2865 5366 3008 5422 saepe
3040 5357 3387 5420 percontatus
3426 5362 3578 5414 sum,
3619 5346 3707 5402 lu-

2119 5453 2321 5509 deusne
2348 5449 2465 5506 haec
2490 5448 2814 5519 loqueretur.
2832 5445 3032 5516 Apage,
3064 5441 3232 5513 inquit
3256 5441 3385 5508 ille;
3415 5453 3706 5509 numquam

2182 5590 2201 5623 ι
2235 5592 2410 5646 Deest,
2456 5588 2668 5646 nasum,
2690 5580 2742 5628 in
2783 5577 3113 5646 duobusutlss.
3137 5573 3420 5646 Ed_lt._sa_vil.
3445 5579 3500 5623 et
3529 5570 3706 5646 timet.

2119 5635 2452 5704 hanc—vocem
2493 5635 2686 5704 ferunt,
2733 5649 2889 5704 recte,
2932 5637 3052 5689 Nihil
3087 5637 3220 5704 apud
3263 5635 3543 5704 istius__a3vi
3572 5635 3710 5704 scri-

2119 5693 2300 5778 Bai-135
2314 5693 2624 5778 frequentius
2641 5693 2656 5765 ,
2673 5693 2992 5778 quamvitam
3020 5693 3710 5778 monasticamnphilosop-hiin

2523 5757 2804 5833 Gregorium
2820 5766 3046 5824 Maiam,
3066 5761 3296 5812 lsidorum
3319 5757 3477 5810 Peius.
3491 5766 3543 5809 et
3563 5757 3708 5812 alios.
