  <div class='ocr_page' id='page_1' title='image "/cluster/home/n/w/nwhite01/storage/ocr_20150623/47/nnc1.0046978321/280.png"; bbox 0 0 4096 6392; ppageno 0'>
   <div class='ocr_carea' id='block_1_1' title="bbox 318 384 423 443">
    <p class='ocr_par' dir='ltr' id='par_1_1' title="bbox 318 384 423 443">
     <span class='ocr_line' id='line_1_1' title="bbox 318 384 423 443; baseline 0.019 -3"><span class='ocrx_word' id='word_1_1' title='bbox 318 384 423 443; x_wconf 73' lang='lat'>519</span> 
     </span>
    </p>
   </div>
   <div class='ocr_carea' id='block_1_2' title="bbox 1140 382 2933 443">
    <p class='ocr_par' dir='ltr' id='par_1_2' title="bbox 1140 382 2933 443">
     <span class='ocr_line' id='line_1_2' title="bbox 1140 382 2933 443; baseline 0.001 -5"><span class='ocrx_word' id='word_1_2' title='bbox 1140 384 1514 441; x_wconf 80' lang='lat' dir='ltr'>ADVERSUS</span> <span class='ocrx_word' id='word_1_3' title='bbox 1555 384 2115 443; x_wconf 80' lang='lat' dir='ltr'>OPPUGNATORES</span> <span class='ocrx_word' id='word_1_4' title='bbox 2148 383 2336 442; x_wconf 67' lang='lat' dir='ltr'>VITE</span> <span class='ocrx_word' id='word_1_5' title='bbox 2373 382 2680 440; x_wconf 82' lang='lat' dir='ltr'>MONAST.</span> <span class='ocrx_word' id='word_1_6' title='bbox 2718 383 2848 439; x_wconf 85' lang='lat' dir='ltr'>LIB.</span> <span class='ocrx_word' id='word_1_7' title='bbox 2894 385 2933 440; x_wconf 93' lang='grc' dir='ltr'>Ι.</span> 
     </span>
    </p>
   </div>
   <div class='ocr_carea' id='block_1_3' title="bbox 442 559 3682 590">
    <p class='ocr_par' dir='ltr' id='par_1_3' title="bbox 442 559 3682 590">
     <span class='ocr_line' id='line_1_3' title="bbox 442 559 3682 590; baseline -0 0"><span class='ocrx_word' id='word_1_8' title='bbox 442 559 3682 590; x_wconf 61' lang='lat' dir='ltr'><em>m</em></span> 
     </span>
    </p>
   </div>
   <div class='ocr_carea' id='block_1_4' title="bbox 3330 579 3682 591">
    <p class='ocr_par' dir='ltr' id='par_1_4' title="bbox 3330 579 3682 591">
     <span class='ocr_line' id='line_1_4' title="bbox 3330 579 3682 591; baseline 0.011 -4"><span class='ocrx_word' id='word_1_9' title='bbox 3330 579 3682 591; x_wconf 47' lang='grc' dir='ltr'>α--ῇ</span> 
     </span>
    </p>
   </div>
   <div class='ocr_carea' id='block_1_5' title="bbox 867 925 3245 1065">
    <p class='ocr_par' dir='ltr' id='par_1_5' title="bbox 867 925 3245 1065">
     <span class='ocr_line' id='line_1_5' title="bbox 867 925 3245 1065; baseline -0 -4"><span class='ocrx_word' id='word_1_10' title='bbox 867 930 1335 1065; x_wconf 84' lang='grc' dir='ltr'>ΠΡΟΣ</span> <span class='ocrx_word' id='word_1_11' title='bbox 1413 928 1869 1062; x_wconf 87' lang='grc' dir='ltr'>ΤΟΥΣ</span> <span class='ocrx_word' id='word_1_12' title='bbox 1949 925 3245 1062; x_wconf 86' lang='grc' dir='ltr'>ΠΟΛΕΜΟΥΝΤΑΣ</span> 
     </span>
    </p>
   </div>
   <div class='ocr_carea' id='block_1_6' title="bbox 1026 1342 3056 1441">
    <p class='ocr_par' dir='ltr' id='par_1_6' title="bbox 1026 1342 3056 1441">
     <span class='ocr_line' id='line_1_6' title="bbox 1026 1342 3056 1441; baseline -0.001 -2"><span class='ocrx_word' id='word_1_13' title='bbox 1026 1355 1279 1441; x_wconf 89' lang='grc' dir='ltr'>ΤΟΙΣ</span> <span class='ocrx_word' id='word_1_14' title='bbox 1317 1354 1516 1440; x_wconf 93' lang='grc' dir='ltr'>ΕΠΙ</span> <span class='ocrx_word' id='word_1_15' title='bbox 1552 1354 1701 1438; x_wconf 91' lang='grc' dir='ltr'>ΤΟ</span> <span class='ocrx_word' id='word_1_16' title='bbox 1736 1348 2309 1440; x_wconf 82' lang='grc' dir='ltr'>ΜΟΝΑΖΕΙΝ</span> <span class='ocrx_word' id='word_1_17' title='bbox 2346 1342 3056 1438; x_wconf 52' lang='grc' dir='ltr'>ΕΝΑΓΟΥΣΙΝΪ</span> 
     </span>
    </p>
   </div>
   <div class='ocr_carea' id='block_1_7' title="bbox 382 2050 1981 2126">
    <p class='ocr_par' dir='ltr' id='par_1_7' title="bbox 382 2050 1981 2126">
     <span class='ocr_line' id='line_1_7' title="bbox 382 2050 1981 2126; baseline 0.005 -19"><span class='ocrx_word' id='word_1_18' title='bbox 382 2050 591 2125; x_wconf 65' lang='grc' dir='ltr'>[ιδ-44]</span> <span class='ocrx_word' id='word_1_19' title='bbox 610 2050 812 2107; x_wconf 76' lang='grc' dir='ltr'>α’-Ὄτε</span> <span class='ocrx_word' id='word_1_20' title='bbox 842 2052 934 2107; x_wconf 78' lang='grc' dir='ltr'>τὸν</span> <span class='ocrx_word' id='word_1_21' title='bbox 950 2054 1008 2108; x_wconf 85' lang='grc' dir='ltr'>ἐν</span> <span class='ocrx_word' id='word_1_22' title='bbox 1036 2053 1427 2126; x_wconf 84' lang='grc' dir='ltr'>Ἱεροσολύμοις</span> <span class='ocrx_word' id='word_1_23' title='bbox 1447 2056 1584 2111; x_wconf 89' lang='grc' dir='ltr'>νεὼν</span> <span class='ocrx_word' id='word_1_24' title='bbox 1609 2058 1821 2115; x_wconf 79' lang='grc' dir='ltr'>πολλῶν</span> <span class='ocrx_word' id='word_1_25' title='bbox 1844 2060 1981 2115; x_wconf 84' lang='grc' dir='ltr'>ἐτῶν</span> 
     </span>
    </p>
   </div>
   <div class='ocr_carea' id='block_1_8' title="bbox 310 2140 1985 2218">
    <p class='ocr_par' dir='ltr' id='par_1_8' title="bbox 310 2140 1985 2218">
     <span class='ocr_line' id='line_1_8' title="bbox 310 2140 1985 2218; baseline 0.006 -26"><span class='ocrx_word' id='word_1_26' title='bbox 310 2140 481 2211; x_wconf 78' lang='grc' dir='ltr'>χαμαὶ</span> <span class='ocrx_word' id='word_1_27' title='bbox 492 2140 740 2212; x_wconf 87' lang='grc' dir='ltr'>κείμενον</span> <span class='ocrx_word' id='word_1_28' title='bbox 755 2141 863 2195; x_wconf 79' lang='grc' dir='ltr'>ἀπὸ</span> <span class='ocrx_word' id='word_1_29' title='bbox 878 2142 977 2212; x_wconf 84' lang='grc' dir='ltr'>τῆς</span> <span class='ocrx_word' id='word_1_30' title='bbox 990 2143 1205 2215; x_wconf 80' lang='grc' dir='ltr'>μακρᾶς</span> <span class='ocrx_word' id='word_1_31' title='bbox 1215 2144 1601 2209; x_wconf 83' lang='grc' dir='ltr'>ἐπανελθόντες</span> <span class='ocrx_word' id='word_1_32' title='bbox 1609 2149 1699 2218; x_wconf 75' lang='grc' dir='ltr'>αἰχ</span> <span class='ocrx_word' id='word_1_33' title='bbox 1707 2148 1985 2217; x_wconf 89' lang='grc' dir='ltr'>μαλωσίας</span> 
     </span>
    </p>
   </div>
   <div class='ocr_carea' id='block_1_9' title="bbox 308 2227 1985 2305">
    <p class='ocr_par' dir='ltr' id='par_1_9' title="bbox 308 2227 1985 2305">
     <span class='ocr_line' id='line_1_9' title="bbox 308 2227 1985 2305; baseline 0.007 -27"><span class='ocrx_word' id='word_1_34' title='bbox 308 2227 541 2298; x_wconf 78' lang='grc' dir='ltr'>ἐγείρειν</span> <span class='ocrx_word' id='word_1_35' title='bbox 570 2227 760 2299; x_wconf 76' lang='grc' dir='ltr'>ήθελον</span> <span class='ocrx_word' id='word_1_36' title='bbox 782 2228 890 2282; x_wconf 90' lang='grc' dir='ltr'>τῶν</span> <span class='ocrx_word' id='word_1_37' title='bbox 928 2228 1197 2300; x_wconf 83' lang='grc' dir='ltr'>Ἐϐραίων</span> <span class='ocrx_word' id='word_1_38' title='bbox 1224 2232 1272 2283; x_wconf 84' lang='grc' dir='ltr'>οἱ</span> <span class='ocrx_word' id='word_1_39' title='bbox 1298 2232 1504 2295; x_wconf 86' lang='grc' dir='ltr'>παῖδες,</span> <span class='ocrx_word' id='word_1_40' title='bbox 1527 2233 1647 2286; x_wconf 88' lang='grc' dir='ltr'>τότε</span> <span class='ocrx_word' id='word_1_41' title='bbox 1676 2234 1740 2305; x_wconf 80' lang='grc' dir='ltr'>δὴ</span> <span class='ocrx_word' id='word_1_42' title='bbox 1778 2235 1985 2305; x_wconf 87' lang='grc' dir='ltr'>βάρϐα-</span> 
     </span>
    </p>
   </div>
   <div class='ocr_carea' id='block_1_10' title="bbox 312 2315 1985 2391">
    <p class='ocr_par' dir='ltr' id='par_1_10' title="bbox 312 2315 1985 2391">
     <span class='ocr_line' id='line_1_10' title="bbox 312 2315 1985 2391; baseline 0.006 -23"><span class='ocrx_word' id='word_1_43' title='bbox 312 2315 392 2385; x_wconf 93' lang='grc' dir='ltr'>ροί</span> <span class='ocrx_word' id='word_1_44' title='bbox 421 2332 566 2379; x_wconf 90' lang='grc' dir='ltr'>τινες</span> <span class='ocrx_word' id='word_1_45' title='bbox 603 2317 698 2370; x_wconf 81' lang='grc' dir='ltr'>καὶ</span> <span class='ocrx_word' id='word_1_46' title='bbox 724 2316 992 2389; x_wconf 84' lang='grc' dir='ltr'>ἀνήμεροι</span> <span class='ocrx_word' id='word_1_47' title='bbox 1031 2316 1332 2388; x_wconf 85' lang='grc' dir='ltr'>ἄνθρωποι,</span> <span class='ocrx_word' id='word_1_48' title='bbox 1388 2320 1526 2391; x_wconf 89' lang='grc' dir='ltr'>μήτε</span> <span class='ocrx_word' id='word_1_49' title='bbox 1549 2320 1641 2375; x_wconf 81' lang='grc' dir='ltr'>τὸν</span> <span class='ocrx_word' id='word_1_50' title='bbox 1674 2322 1807 2376; x_wconf 75' lang='grc' dir='ltr'>Θεὸν</span> <span class='ocrx_word' id='word_1_51' title='bbox 1837 2324 1985 2377; x_wconf 76' lang='grc' dir='ltr'>αἰδε-</span> 
     </span>
    </p>
   </div>
   <div class='ocr_carea' id='block_1_11' title="bbox 307 2396 1986 2484">
    <p class='ocr_par' dir='ltr' id='par_1_11' title="bbox 307 2396 1986 2484">
     <span class='ocr_line' id='line_1_11' title="bbox 307 2396 1986 2484; baseline 0.007 -30"><span class='ocrx_word' id='word_1_52' title='bbox 307 2402 547 2468; x_wconf 84' lang='grc' dir='ltr'>σθέντες,</span> <span class='ocrx_word' id='word_1_53' title='bbox 575 2396 620 2472; x_wconf 75' lang='grc' dir='ltr'>ᾧ</span> <span class='ocrx_word' id='word_1_54' title='bbox 644 2407 738 2458; x_wconf 81' lang='grc' dir='ltr'>τὸν</span> <span class='ocrx_word' id='word_1_55' title='bbox 779 2402 916 2458; x_wconf 87' lang='grc' dir='ltr'>νεὼν</span> <span class='ocrx_word' id='word_1_56' title='bbox 943 2405 1174 2476; x_wconf 75' lang='grc' dir='ltr'>ἤγειραν</span> <span class='ocrx_word' id='word_1_57' title='bbox 1220 2407 1417 2461; x_wconf 87' lang='grc' dir='ltr'>ἐκεῖνοι</span> <span class='ocrx_word' id='word_1_58' title='bbox 1439 2417 1481 2471; x_wconf 87' lang='grc'>⁸,</span> <span class='ocrx_word' id='word_1_59' title='bbox 1528 2410 1667 2480; x_wconf 89' lang='grc' dir='ltr'>μήτε</span> <span class='ocrx_word' id='word_1_60' title='bbox 1706 2411 1845 2482; x_wconf 88' lang='grc' dir='ltr'>πρὸς</span> <span class='ocrx_word' id='word_1_61' title='bbox 1884 2411 1986 2484; x_wconf 76' lang='grc' dir='ltr'>τήν</span> 
     </span>
    </p>
   </div>
   <div class='ocr_carea' id='block_1_12' title="bbox 304 2490 1985 2570">
    <p class='ocr_par' dir='ltr' id='par_1_12' title="bbox 304 2490 1985 2570">
     <span class='ocr_line' id='line_1_12' title="bbox 304 2490 1985 2570; baseline 0.006 -27"><span class='ocrx_word' id='word_1_62' title='bbox 304 2490 413 2545; x_wconf 86' lang='grc' dir='ltr'>τῶν</span> <span class='ocrx_word' id='word_1_63' title='bbox 442 2490 747 2563; x_wconf 84' lang='grc' dir='ltr'>ἀνθρώπων</span> <span class='ocrx_word' id='word_1_64' title='bbox 776 2490 1244 2556; x_wconf 83' lang='grc' dir='ltr'>κατακλασθέντες</span> <span class='ocrx_word' id='word_1_65' title='bbox 1282 2496 1604 2567; x_wconf 83' lang='grc' dir='ltr'>συμφορὰν,</span> <span class='ocrx_word' id='word_1_66' title='bbox 1644 2498 1738 2567; x_wconf 84' lang='grc' dir='ltr'>ἀφ’</span> <span class='ocrx_word' id='word_1_67' title='bbox 1769 2494 1838 2570; x_wconf 81' lang='grc' dir='ltr'>ἧς</span> <span class='ocrx_word' id='word_1_68' title='bbox 1884 2500 1985 2569; x_wconf 78' lang='grc' dir='ltr'>ὀψέ</span> 
     </span>
    </p>
   </div>
   <div class='ocr_carea' id='block_1_13' title="bbox 305 2580 1986 2657">
    <p class='ocr_par' dir='ltr' id='par_1_13' title="bbox 305 2580 1986 2657">
     <span class='ocr_line' id='line_1_13' title="bbox 305 2580 1986 2657; baseline 0.007 -27"><span class='ocrx_word' id='word_1_69' title='bbox 305 2593 435 2632; x_wconf 82' lang='grc' dir='ltr'>ποτε</span> <span class='ocrx_word' id='word_1_70' title='bbox 469 2582 564 2634; x_wconf 79' lang='grc' dir='ltr'>καὶ</span> <span class='ocrx_word' id='word_1_71' title='bbox 593 2580 745 2651; x_wconf 86' lang='grc' dir='ltr'>μόλις</span> <span class='ocrx_word' id='word_1_72' title='bbox 771 2581 1098 2652; x_wconf 80' lang='grc' dir='ltr'>ἀνήνεγκαν,</span> <span class='ocrx_word' id='word_1_73' title='bbox 1133 2582 1273 2653; x_wconf 91' lang='grc' dir='ltr'>μήτε</span> <span class='ocrx_word' id='word_1_74' title='bbox 1297 2584 1398 2654; x_wconf 84' lang='grc' dir='ltr'>τὴν</span> <span class='ocrx_word' id='word_1_75' title='bbox 1427 2585 1581 2657; x_wconf 88' lang='grc' dir='ltr'>παρά</span> <span class='ocrx_word' id='word_1_76' title='bbox 1605 2585 1736 2639; x_wconf 89' lang='grc' dir='ltr'>Θεοῦ</span> <span class='ocrx_word' id='word_1_77' title='bbox 1769 2590 1885 2651; x_wconf 86' lang='grc' dir='ltr'>τοῖς</span> <span class='ocrx_word' id='word_1_78' title='bbox 1917 2588 1986 2641; x_wconf 87' lang='grc' dir='ltr'>τὰ</span> 
     </span>
    </p>
   </div>
   <div class='ocr_carea' id='block_1_14' title="bbox 304 2668 1987 2747">
    <p class='ocr_par' dir='ltr' id='par_1_14' title="bbox 304 2668 1987 2747">
     <span class='ocr_line' id='line_1_14' title="bbox 304 2668 1987 2747; baseline 0.007 -28"><span class='ocrx_word' id='word_1_79' title='bbox 304 2669 531 2724; x_wconf 87' lang='grc' dir='ltr'>τοιαῦτα</span> <span class='ocrx_word' id='word_1_80' title='bbox 570 2668 845 2738; x_wconf 84' lang='grc' dir='ltr'>τολμῶσιν</span> <span class='ocrx_word' id='word_1_81' title='bbox 886 2668 1161 2741; x_wconf 79' lang='grc' dir='ltr'>ἑπομένην</span> <span class='ocrx_word' id='word_1_82' title='bbox 1203 2671 1535 2742; x_wconf 87' lang='grc' dir='ltr'>φοϐηθέντες</span> <span class='ocrx_word' id='word_1_83' title='bbox 1563 2675 1742 2747; x_wconf 89' lang='grc' dir='ltr'>δίκην,</span> <span class='ocrx_word' id='word_1_84' title='bbox 1782 2675 1844 2729; x_wconf 84' lang='grc' dir='ltr'>τὸ</span> <span class='ocrx_word' id='word_1_85' title='bbox 1886 2676 1987 2747; x_wconf 85' lang='grc' dir='ltr'>μὲν</span> 
     </span>
    </p>
   </div>
   <div class='ocr_carea' id='block_1_15' title="bbox 306 2757 1987 2836">
    <p class='ocr_par' dir='ltr' id='par_1_15' title="bbox 306 2757 1987 2836">
     <span class='ocr_line' id='line_1_15' title="bbox 306 2757 1987 2836; baseline 0.004 -25"><span class='ocrx_word' id='word_1_86' title='bbox 306 2758 526 2829; x_wconf 88' lang='grc' dir='ltr'>πρῶτον</span> <span class='ocrx_word' id='word_1_87' title='bbox 577 2757 645 2811; x_wconf 81' lang='grc' dir='ltr'>δι’</span> <span class='ocrx_word' id='word_1_88' title='bbox 679 2757 889 2811; x_wconf 77' lang='grc' dir='ltr'>ἑαυτῶν</span> <span class='ocrx_word' id='word_1_89' title='bbox 941 2758 1259 2831; x_wconf 75' lang='grc' dir='ltr'>ἐπεχείρουν</span> <span class='ocrx_word' id='word_1_90' title='bbox 1300 2762 1531 2816; x_wconf 83' lang='grc' dir='ltr'>κωλύειν</span> <span class='ocrx_word' id='word_1_91' title='bbox 1571 2763 1987 2836; x_wconf 80' lang='grc' dir='ltr'>οἰκοδομοῦντας</span> 
     </span>
    </p>
   </div>
   <div class='ocr_carea' id='block_1_16' title="bbox 306 2846 1989 2923">
    <p class='ocr_par' dir='ltr' id='par_1_16' title="bbox 306 2846 1989 2923">
     <span class='ocr_line' id='line_1_16' title="bbox 306 2846 1989 2923; baseline 0.005 -25"><span class='ocrx_word' id='word_1_92' title='bbox 306 2846 535 2910; x_wconf 79' lang='grc' dir='ltr'>αὐτούς·</span> <span class='ocrx_word' id='word_1_93' title='bbox 579 2846 653 2909; x_wconf 81' lang='grc' dir='ltr'>ὡς</span> <span class='ocrx_word' id='word_1_94' title='bbox 690 2846 746 2899; x_wconf 83' lang='grc' dir='ltr'>δὲ</span> <span class='ocrx_word' id='word_1_95' title='bbox 785 2846 939 2902; x_wconf 79' lang='grc' dir='ltr'>οὐδὲν</span> <span class='ocrx_word' id='word_1_96' title='bbox 972 2847 1157 2918; x_wconf 77' lang='grc' dir='ltr'>ήνυον,</span> <span class='ocrx_word' id='word_1_97' title='bbox 1184 2849 1493 2921; x_wconf 85' lang='grc' dir='ltr'>γράμματα</span> <span class='ocrx_word' id='word_1_98' title='bbox 1544 2852 1862 2923; x_wconf 77' lang='grc' dir='ltr'>πέμψαντες</span> <span class='ocrx_word' id='word_1_99' title='bbox 1912 2853 1989 2917; x_wconf 87' lang='grc' dir='ltr'>ὡς</span> 
     </span>
    </p>
   </div>
   <div class='ocr_carea' id='block_1_17' title="bbox 307 2930 1987 3011">
    <p class='ocr_par' dir='ltr' id='par_1_17' title="bbox 307 2930 1987 3011">
     <span class='ocr_line' id='line_1_17' title="bbox 307 2930 1987 3011; baseline 0.003 -23"><span class='ocrx_word' id='word_1_100' title='bbox 307 2934 529 3004; x_wconf 79' lang='grc' dir='ltr'>βασιλέα</span> <span class='ocrx_word' id='word_1_101' title='bbox 550 2935 642 2988; x_wconf 84' lang='grc' dir='ltr'>τὸν</span> <span class='ocrx_word' id='word_1_102' title='bbox 668 2934 869 2999; x_wconf 82' lang='grc' dir='ltr'>αὐτῶν,</span> <span class='ocrx_word' id='word_1_103' title='bbox 888 2936 946 2987; x_wconf 85' lang='grc' dir='ltr'>ἐν</span> <span class='ocrx_word' id='word_1_104' title='bbox 969 2930 1050 2999; x_wconf 81' lang='grc' dir='ltr'>οἷς</span> <span class='ocrx_word' id='word_1_105' title='bbox 1065 2936 1379 3009; x_wconf 80' lang='grc' dir='ltr'>ἀποστάτην</span> <span class='ocrx_word' id='word_1_106' title='bbox 1408 2941 1449 2968; x_wconf 69' lang='grc'>⁸⁸</span> <span class='ocrx_word' id='word_1_107' title='bbox 1483 2940 1578 2993; x_wconf 71' lang='grc' dir='ltr'>καὶ</span> <span class='ocrx_word' id='word_1_108' title='bbox 1601 2957 1762 2993; x_wconf 88' lang='grc' dir='ltr'>νεωτε</span> <span class='ocrx_word' id='word_1_109' title='bbox 1774 2940 1987 3011; x_wconf 85' lang='grc' dir='ltr'>ροποιὸν</span> 
     </span>
    </p>
   </div>
   <div class='ocr_carea' id='block_1_18' title="bbox 304 3021 1988 3097">
    <p class='ocr_par' dir='ltr' id='par_1_18' title="bbox 304 3021 1988 3097">
     <span class='ocr_line' id='line_1_18' title="bbox 304 3021 1988 3097; baseline 0.003 -22"><span class='ocrx_word' id='word_1_110' title='bbox 304 3023 398 3075; x_wconf 78' lang='grc' dir='ltr'>καὶ</span> <span class='ocrx_word' id='word_1_111' title='bbox 444 3022 807 3093; x_wconf 85' lang='grc' dir='ltr'>φιλοπόλεμον</span> <span class='ocrx_word' id='word_1_112' title='bbox 856 3021 955 3094; x_wconf 80' lang='grc' dir='ltr'>τὴν</span> <span class='ocrx_word' id='word_1_113' title='bbox 1004 3023 1159 3077; x_wconf 84' lang='grc' dir='ltr'>πόλιν</span> <span class='ocrx_word' id='word_1_114' title='bbox 1202 3025 1432 3079; x_wconf 77' lang='grc' dir='ltr'>ἐκάλουν</span> <span class='ocrx_word' id='word_1_115' title='bbox 1479 3027 1718 3097; x_wconf 83' lang='grc' dir='ltr'>ἐκείνην,</span> <span class='ocrx_word' id='word_1_116' title='bbox 1762 3026 1988 3080; x_wconf 77' lang='grc' dir='ltr'>ἔπεισαν</span> 
     </span>
    </p>
   </div>
   <div class='ocr_carea' id='block_1_19' title="bbox 305 3109 1989 3186">
    <p class='ocr_par' dir='ltr' id='par_1_19' title="bbox 305 3109 1989 3186">
     <span class='ocr_line' id='line_1_19' title="bbox 305 3109 1989 3186; baseline 0.004 -24"><span class='ocrx_word' id='word_1_117' title='bbox 305 3110 600 3180; x_wconf 82' lang='grc' dir='ltr'>ἐπιτρέψαι</span> <span class='ocrx_word' id='word_1_118' title='bbox 648 3109 890 3163; x_wconf 91' lang='grc' dir='ltr'>κωλῦσαι</span> <span class='ocrx_word' id='word_1_119' title='bbox 922 3110 1074 3181; x_wconf 84' lang='grc' dir='ltr'>σφίσι</span> <span class='ocrx_word' id='word_1_120' title='bbox 1118 3111 1216 3183; x_wconf 79' lang='grc' dir='ltr'>τὴν</span> <span class='ocrx_word' id='word_1_121' title='bbox 1249 3114 1556 3186; x_wconf 78' lang='grc' dir='ltr'>οἰκοδομήν.</span> <span class='ocrx_word' id='word_1_122' title='bbox 1594 3116 1703 3167; x_wconf 83' lang='lat' dir='ltr'><strong>Kal.</strong></span> <span class='ocrx_word' id='word_1_123' title='bbox 1732 3114 1989 3179; x_wconf 87' lang='grc' dir='ltr'>λαϐόντες</span> 
     </span>
    </p>
   </div>
   <div class='ocr_carea' id='block_1_20' title="bbox 302 3198 1988 3274">
    <p class='ocr_par' dir='ltr' id='par_1_20' title="bbox 302 3198 1988 3274">
     <span class='ocr_line' id='line_1_20' title="bbox 302 3198 1988 3274; baseline 0.005 -24"><span class='ocrx_word' id='word_1_124' title='bbox 302 3198 508 3269; x_wconf 86' lang='grc' dir='ltr'>ταύτην</span> <span class='ocrx_word' id='word_1_125' title='bbox 568 3198 700 3268; x_wconf 87' lang='grc' dir='ltr'>παρ’</span> <span class='ocrx_word' id='word_1_126' title='bbox 735 3199 945 3252; x_wconf 83' lang='grc' dir='ltr'>ἐκείνου</span> <span class='ocrx_word' id='word_1_127' title='bbox 1002 3198 1102 3271; x_wconf 83' lang='grc' dir='ltr'>τὴν</span> <span class='ocrx_word' id='word_1_128' title='bbox 1142 3200 1422 3267; x_wconf 81' lang='grc' dir='ltr'>ἐξουσίαν,</span> <span class='ocrx_word' id='word_1_129' title='bbox 1459 3204 1553 3256; x_wconf 74' lang='grc' dir='ltr'>καὶ</span> <span class='ocrx_word' id='word_1_130' title='bbox 1598 3201 1738 3274; x_wconf 89' lang='grc' dir='ltr'>μετά</span> <span class='ocrx_word' id='word_1_131' title='bbox 1778 3204 1988 3258; x_wconf 83' lang='grc' dir='ltr'>πολλῶν</span> 
     </span>
    </p>
   </div>
   <div class='ocr_carea' id='block_1_21' title="bbox 302 3285 1985 3364">
    <p class='ocr_par' dir='ltr' id='par_1_21' title="bbox 302 3285 1985 3364">
     <span class='ocr_line' id='line_1_21' title="bbox 302 3285 1985 3364; baseline 0.003 -23"><span class='ocrx_word' id='word_1_132' title='bbox 302 3286 488 3349; x_wconf 79' lang='grc' dir='ltr'>αὐτοῖς</span> <span class='ocrx_word' id='word_1_133' title='bbox 504 3285 933 3358; x_wconf 86' lang='grc' dir='ltr'>ἐπιθέμενοιτῶν</span> <span class='ocrx_word' id='word_1_134' title='bbox 957 3288 1187 3355; x_wconf 78' lang='grc' dir='ltr'>ἱππέων,</span> <span class='ocrx_word' id='word_1_135' title='bbox 1210 3289 1471 3361; x_wconf 79' lang='grc' dir='ltr'>διέκοψάν</span> <span class='ocrx_word' id='word_1_136' title='bbox 1490 3309 1549 3344; x_wconf 88' lang='grc' dir='ltr'>τε</span> <span class='ocrx_word' id='word_1_137' title='bbox 1565 3292 1626 3345; x_wconf 79' lang='grc' dir='ltr'>τὸ</span> <span class='ocrx_word' id='word_1_138' title='bbox 1646 3291 1805 3364; x_wconf 81' lang='grc' dir='ltr'>ἔργον</span> <span class='ocrx_word' id='word_1_139' title='bbox 1826 3292 1985 3357; x_wconf 83' lang='grc' dir='ltr'>τέως,</span> 
     </span>
    </p>
   </div>
   <div class='ocr_carea' id='block_1_22' title="bbox 301 3373 1979 3449">
    <p class='ocr_par' dir='ltr' id='par_1_22' title="bbox 301 3373 1979 3449">
     <span class='ocr_line' id='line_1_22' title="bbox 301 3373 1979 3449; baseline 0.004 -22"><span class='ocrx_word' id='word_1_140' title='bbox 301 3373 397 3427; x_wconf 78' lang='grc' dir='ltr'>καὶ</span> <span class='ocrx_word' id='word_1_141' title='bbox 424 3373 684 3445; x_wconf 82' lang='grc' dir='ltr'>ἐφρόνουν</span> <span class='ocrx_word' id='word_1_142' title='bbox 714 3373 806 3427; x_wconf 80' lang='grc' dir='ltr'>ἐπὶ</span> <span class='ocrx_word' id='word_1_143' title='bbox 837 3377 904 3445; x_wconf 79' lang='grc' dir='ltr'>τῇ</span> <span class='ocrx_word' id='word_1_144' title='bbox 926 3373 1051 3447; x_wconf 86' lang='grc' dir='ltr'>νίκῃ</span> <span class='ocrx_word' id='word_1_145' title='bbox 1080 3375 1245 3446; x_wconf 86' lang='grc' dir='ltr'>μέγα,</span> <span class='ocrx_word' id='word_1_146' title='bbox 1288 3378 1373 3448; x_wconf 81' lang='grc' dir='ltr'>ἐφ’</span> <span class='ocrx_word' id='word_1_147' title='bbox 1416 3373 1485 3449; x_wconf 80' lang='grc' dir='ltr'>ἧς</span> <span class='ocrx_word' id='word_1_148' title='bbox 1536 3380 1979 3434; x_wconf 89' lang='grc' dir='ltr'>κατακόπτεσθαι</span> 
     </span>
    </p>
   </div>
   <div class='ocr_carea' id='block_1_23' title="bbox 300 3461 1978 3538">
    <p class='ocr_par' dir='ltr' id='par_1_23' title="bbox 300 3461 1978 3538">
     <span class='ocr_line' id='line_1_23' title="bbox 300 3461 1978 3538; baseline 0.004 -23"><span class='ocrx_word' id='word_1_149' title='bbox 300 3461 430 3525; x_wconf 77' lang='grc' dir='ltr'>ἔδει,</span> <span class='ocrx_word' id='word_1_150' title='bbox 456 3463 547 3516; x_wconf 74' lang='grc' dir='ltr'>καὶ</span> <span class='ocrx_word' id='word_1_151' title='bbox 583 3462 758 3534; x_wconf 81' lang='grc' dir='ltr'>πέρας</span> <span class='ocrx_word' id='word_1_152' title='bbox 778 3462 963 3527; x_wconf 83' lang='grc' dir='ltr'>αὐτοῖς</span> <span class='ocrx_word' id='word_1_153' title='bbox 996 3463 1141 3535; x_wconf 75' lang='grc' dir='ltr'>ἔχειν</span> <span class='ocrx_word' id='word_1_154' title='bbox 1176 3463 1344 3536; x_wconf 77' lang='grc' dir='ltr'>ᾤοντο</span> <span class='ocrx_word' id='word_1_155' title='bbox 1364 3467 1462 3538; x_wconf 84' lang='grc' dir='ltr'>τὴν</span> <span class='ocrx_word' id='word_1_156' title='bbox 1503 3467 1815 3538; x_wconf 88' lang='grc' dir='ltr'>ἐπιϐουλήν.</span> <span class='ocrx_word' id='word_1_157' title='bbox 1847 3468 1978 3522; x_wconf 88' lang='grc' dir='ltr'>Τόδε</span> 
     </span>
    </p>
   </div>
   <div class='ocr_carea' id='block_1_24' title="bbox 297 3546 1979 3627">
    <p class='ocr_par' dir='ltr' id='par_1_24' title="bbox 297 3546 1979 3627">
     <span class='ocr_line' id='line_1_24' title="bbox 297 3546 1979 3627; baseline 0.004 -24"><span class='ocrx_word' id='word_1_158' title='bbox 297 3546 367 3623; x_wconf 79' lang='grc' dir='ltr'>ἦν</span> <span class='ocrx_word' id='word_1_159' title='bbox 391 3550 498 3623; x_wconf 79' lang='grc' dir='ltr'>ἄρα</span> <span class='ocrx_word' id='word_1_160' title='bbox 531 3551 816 3623; x_wconf 88' lang='grc' dir='ltr'>προοίμιον</span> <span class='ocrx_word' id='word_1_161' title='bbox 848 3552 941 3605; x_wconf 75' lang='grc' dir='ltr'>καὶ</span> <span class='ocrx_word' id='word_1_162' title='bbox 979 3553 1121 3624; x_wconf 83' lang='grc' dir='ltr'>ἀρχὴ</span> <span class='ocrx_word' id='word_1_163' title='bbox 1152 3553 1262 3607; x_wconf 91' lang='grc' dir='ltr'>τῶν</span> <span class='ocrx_word' id='word_1_164' title='bbox 1289 3555 1490 3609; x_wconf 82' lang='grc' dir='ltr'>αὐτίκα</span> <span class='ocrx_word' id='word_1_165' title='bbox 1508 3555 1571 3626; x_wconf 84' lang='grc' dir='ltr'>δὴ</span> <span class='ocrx_word' id='word_1_166' title='bbox 1600 3556 1743 3627; x_wconf 89' lang='grc' dir='ltr'>μάλα</span> <span class='ocrx_word' id='word_1_167' title='bbox 1782 3557 1979 3620; x_wconf 79' lang='grc' dir='ltr'>αὐτοὺς</span> 
     </span>
    </p>
   </div>
   <div class='ocr_carea' id='block_1_25' title="bbox 300 3640 1979 3715">
    <p class='ocr_par' dir='ltr' id='par_1_25' title="bbox 300 3640 1979 3715">
     <span class='ocr_line' id='line_1_25' title="bbox 300 3640 1979 3715; baseline 0.004 -23"><span class='ocrx_word' id='word_1_168' title='bbox 300 3640 764 3711; x_wconf 74' lang='grc' dir='ltr'>καταληψομένων</span> <span class='ocrx_word' id='word_1_169' title='bbox 805 3640 1011 3694; x_wconf 82' lang='grc' dir='ltr'>κακῶν.</span> <span class='ocrx_word' id='word_1_170' title='bbox 1066 3642 1138 3695; x_wconf 93' lang='grc' dir='ltr'>Τό</span> <span class='ocrx_word' id='word_1_171' title='bbox 1189 3660 1248 3695; x_wconf 93' lang='grc' dir='ltr'>τε</span> <span class='ocrx_word' id='word_1_172' title='bbox 1299 3642 1407 3715; x_wconf 82' lang='grc' dir='ltr'>γὰρ</span> <span class='ocrx_word' id='word_1_173' title='bbox 1443 3644 1602 3715; x_wconf 75' lang='grc' dir='ltr'>ἔργον</span> <span class='ocrx_word' id='word_1_174' title='bbox 1629 3643 1844 3713; x_wconf 71' lang='grc' dir='ltr'>ἠνύετο,</span> <span class='ocrx_word' id='word_1_175' title='bbox 1884 3646 1979 3697; x_wconf 70' lang='grc' dir='ltr'>καλ⁸</span> 
     </span>
    </p>
   </div>
   <div class='ocr_carea' id='block_1_26' title="bbox 300 3726 1978 3801">
    <p class='ocr_par' dir='ltr' id='par_1_26' title="bbox 300 3726 1978 3801">
     <span class='ocr_line' id='line_1_26' title="bbox 300 3726 1978 3801; baseline 0.003 -22"><span class='ocrx_word' id='word_1_176' title='bbox 300 3726 549 3799; x_wconf 83' lang='grc' dir='ltr'>λαμπρὸν</span> <span class='ocrx_word' id='word_1_177' title='bbox 590 3728 941 3798; x_wconf 89' lang='grc' dir='ltr'>ἀπελάμϐανε</span> <span class='ocrx_word' id='word_1_178' title='bbox 970 3729 1125 3793; x_wconf 83' lang='grc' dir='ltr'>τέλος</span> <span class='ocrx_word' id='word_1_179' title='bbox 1148 3744 1162 3759; x_wconf 84' lang='grc'><em>’</em></span> <span class='ocrx_word' id='word_1_180' title='bbox 1194 3730 1395 3785; x_wconf 85' lang='grc' dir='ltr'>ἐκεῖνοί</span> <span class='ocrx_word' id='word_1_181' title='bbox 1428 3747 1487 3783; x_wconf 83' lang='grc' dir='ltr'>τε</span> <span class='ocrx_word' id='word_1_182' title='bbox 1509 3731 1832 3801; x_wconf 83' lang='grc' dir='ltr'>ἐμάνθανον,</span> <span class='ocrx_word' id='word_1_183' title='bbox 1884 3732 1978 3784; x_wconf 76' lang='grc' dir='ltr'>καὶ</span> 
     </span>
    </p>
   </div>
   <div class='ocr_carea' id='block_1_27' title="bbox 298 3813 1977 3888">
    <p class='ocr_par' dir='ltr' id='par_1_27' title="bbox 298 3813 1977 3888">
     <span class='ocr_line' id='line_1_27' title="bbox 298 3813 1977 3888; baseline 0.004 -22"><span class='ocrx_word' id='word_1_184' title='bbox 298 3813 367 3867; x_wconf 84' lang='grc' dir='ltr'>δι’</span> <span class='ocrx_word' id='word_1_185' title='bbox 414 3814 639 3868; x_wconf 82' lang='grc' dir='ltr'>ἐκείνων</span> <span class='ocrx_word' id='word_1_186' title='bbox 695 3815 955 3880; x_wconf 74' lang='grc' dir='ltr'>ἅπαντες,</span> <span class='ocrx_word' id='word_1_187' title='bbox 992 3817 1075 3870; x_wconf 84' lang='grc' dir='ltr'>ὅτι</span> <span class='ocrx_word' id='word_1_188' title='bbox 1124 3818 1225 3870; x_wconf 86' lang='grc' dir='ltr'>ούκ</span> <span class='ocrx_word' id='word_1_189' title='bbox 1279 3816 1389 3888; x_wconf 82' lang='grc' dir='ltr'>ἄρα</span> <span class='ocrx_word' id='word_1_190' title='bbox 1437 3816 1746 3887; x_wconf 86' lang='grc' dir='ltr'>ἀνθρώποις</span> <span class='ocrx_word' id='word_1_191' title='bbox 1786 3818 1977 3872; x_wconf 88' lang='grc' dir='ltr'>ἐπολέ-</span> 
     </span>
    </p>
   </div>
   <div class='ocr_carea' id='block_1_28' title="bbox 304 3902 1977 3976">
    <p class='ocr_par' dir='ltr' id='par_1_28' title="bbox 304 3902 1977 3976">
     <span class='ocr_line' id='line_1_28' title="bbox 304 3902 1977 3976; baseline 0.003 -20"><span class='ocrx_word' id='word_1_192' title='bbox 304 3920 468 3973; x_wconf 90' lang='grc' dir='ltr'>μουν,</span> <span class='ocrx_word' id='word_1_193' title='bbox 512 3902 636 3957; x_wconf 71' lang='grc' dir='ltr'>οὔτε</span> <span class='ocrx_word' id='word_1_194' title='bbox 673 3905 1012 3976; x_wconf 85' lang='grc' dir='ltr'>Μιθριδάτης</span> <span class='ocrx_word' id='word_1_195' title='bbox 1032 3906 1175 3972; x_wconf 89' lang='grc' dir='ltr'>τότε,</span> <span class='ocrx_word' id='word_1_196' title='bbox 1205 3906 1325 3959; x_wconf 81' lang='grc' dir='ltr'>οὐδὲ</span> <span class='ocrx_word' id='word_1_197' title='bbox 1350 3905 1507 3970; x_wconf 83' lang='grc' dir='ltr'>ἄλλος</span> <span class='ocrx_word' id='word_1_198' title='bbox 1537 3905 1563 3944; x_wconf 68' lang='grc' dir='ltr'>δ</span> <span class='ocrx_word' id='word_1_199' title='bbox 1590 3907 1795 3971; x_wconf 75' lang='grc' dir='ltr'>οὐδεὶς,</span> <span class='ocrx_word' id='word_1_200' title='bbox 1826 3907 1885 3972; x_wconf 84' lang='grc' dir='ltr'>ὃς</span> <span class='ocrx_word' id='word_1_201' title='bbox 1910 3908 1977 3961; x_wconf 85' lang='grc' dir='ltr'>ἂν</span> 
     </span>
    </p>
   </div>
   <div class='ocr_carea' id='block_1_29' title="bbox 300 3990 1978 4067">
    <p class='ocr_par' dir='ltr' id='par_1_29' title="bbox 300 3990 1978 4067">
     <span class='ocr_line' id='line_1_29' title="bbox 300 3990 1978 4067; baseline 0.003 -23"><span class='ocrx_word' id='word_1_202' title='bbox 300 3990 607 4063; x_wconf 87' lang='grc' dir='ltr'>ἀνθρώποις</span> <span class='ocrx_word' id='word_1_203' title='bbox 659 3993 843 4064; x_wconf 79' lang='grc' dir='ltr'>ἕληται</span> <span class='ocrx_word' id='word_1_204' title='bbox 893 3994 1149 4065; x_wconf 86' lang='grc' dir='ltr'>πολεμεῖν</span> <span class='ocrx_word' id='word_1_205' title='bbox 1181 3995 1384 4063; x_wconf 90' lang='grc' dir='ltr'>ἀγαθόν</span> <span class='ocrx_word' id='word_1_206' title='bbox 1422 4013 1476 4048; x_wconf 91' lang='grc' dir='ltr'>τι</span> <span class='ocrx_word' id='word_1_207' title='bbox 1523 3997 1978 4067; x_wconf 82' lang='grc' dir='ltr'>προαιρουμένοις</span> 
     </span>
    </p>
   </div>
   <div class='ocr_carea' id='block_1_30' title="bbox 301 4079 1977 4155">
    <p class='ocr_par' dir='ltr' id='par_1_30' title="bbox 301 4079 1977 4155">
     <span class='ocr_line' id='line_1_30' title="bbox 301 4079 1977 4155; baseline 0.004 -24"><span class='ocrx_word' id='word_1_208' title='bbox 301 4081 496 4143; x_wconf 85' lang='grc' dir='ltr'>ποιεῖν,</span> <span class='ocrx_word' id='word_1_209' title='bbox 522 4079 636 4133; x_wconf 82' lang='grc' dir='ltr'>ἀλλ’</span> <span class='ocrx_word' id='word_1_210' title='bbox 665 4081 816 4151; x_wconf 83' lang='grc' dir='ltr'>αύτῷ</span> <span class='ocrx_word' id='word_1_211' title='bbox 849 4082 957 4153; x_wconf 85' lang='grc' dir='ltr'>πρὸ</span> <span class='ocrx_word' id='word_1_212' title='bbox 990 4083 1214 4135; x_wconf 85' lang='grc' dir='ltr'>ἐκείνων</span> <span class='ocrx_word' id='word_1_213' title='bbox 1245 4081 1324 4150; x_wconf 83' lang='grc' dir='ltr'>τῷ</span> <span class='ocrx_word' id='word_1_214' title='bbox 1358 4082 1425 4135; x_wconf 83' lang='grc' dir='ltr'>δι’</span> <span class='ocrx_word' id='word_1_215' title='bbox 1452 4084 1675 4137; x_wconf 79' lang='grc' dir='ltr'>ἐκείνων</span> <span class='ocrx_word' id='word_1_216' title='bbox 1730 4085 1977 4155; x_wconf 87' lang='grc' dir='ltr'>τιμωμέ-</span> 
     </span>
    </p>
   </div>
   <div class='ocr_carea' id='block_1_31' title="bbox 298 4166 1975 4242">
    <p class='ocr_par' dir='ltr' id='par_1_31' title="bbox 298 4166 1975 4242">
     <span class='ocr_line' id='line_1_31' title="bbox 298 4166 1975 4242; baseline 0.003 -22"><span class='ocrx_word' id='word_1_217' title='bbox 298 4185 375 4237; x_wconf 86' lang='grc' dir='ltr'>νῳ</span> <span class='ocrx_word' id='word_1_218' title='bbox 391 4166 529 4237; x_wconf 86' lang='grc' dir='ltr'>Θεῷ.</span> <span class='ocrx_word' id='word_1_219' title='bbox 555 4167 658 4221; x_wconf 85' lang='grc' dir='ltr'>Τδν</span> <span class='ocrx_word' id='word_1_220' title='bbox 678 4169 735 4221; x_wconf 75' lang='grc' dir='ltr'>δὲ</span> <span class='ocrx_word' id='word_1_221' title='bbox 760 4167 879 4238; x_wconf 88' lang='grc' dir='ltr'>Θεῷ</span> <span class='ocrx_word' id='word_1_222' title='bbox 901 4168 1237 4240; x_wconf 81' lang='grc' dir='ltr'>πολεμοῦντα</span> <span class='ocrx_word' id='word_1_223' title='bbox 1258 4172 1357 4223; x_wconf 81' lang='grc' dir='ltr'>οὐκ</span> <span class='ocrx_word' id='word_1_224' title='bbox 1379 4169 1457 4222; x_wconf 75' lang='grc' dir='ltr'>ἔνι</span> <span class='ocrx_word' id='word_1_225' title='bbox 1482 4171 1613 4223; x_wconf 88' lang='grc' dir='ltr'>ποτέ</span> <span class='ocrx_word' id='word_1_226' title='bbox 1642 4173 1722 4234; x_wconf 90' lang='grc' dir='ltr'>είς</span> <span class='ocrx_word' id='word_1_227' title='bbox 1741 4172 1975 4242; x_wconf 82' lang='grc' dir='ltr'>χρηστὸν</span> 
     </span>
    </p>
   </div>
   <div class='ocr_carea' id='block_1_32' title="bbox 301 4253 1977 4328">
    <p class='ocr_par' dir='ltr' id='par_1_32' title="bbox 301 4253 1977 4328">
     <span class='ocr_line' id='line_1_32' title="bbox 301 4253 1977 4328; baseline 0.002 -21"><span class='ocrx_word' id='word_1_228' title='bbox 301 4253 674 4326; x_wconf 78' lang='grc' dir='ltr'>καταστρέψαι</span> <span class='ocrx_word' id='word_1_229' title='bbox 704 4254 873 4319; x_wconf 89' lang='grc' dir='ltr'>τέλος·</span> <span class='ocrx_word' id='word_1_230' title='bbox 905 4256 1020 4309; x_wconf 78' lang='grc' dir='ltr'>ἀλλ’</span> <span class='ocrx_word' id='word_1_231' title='bbox 1045 4256 1074 4308; x_wconf 90' lang='lat'>6</span> <span class='ocrx_word' id='word_1_232' title='bbox 1097 4256 1337 4319; x_wconf 88' lang='grc' dir='ltr'>τοιοῦτος</span> <span class='ocrx_word' id='word_1_233' title='bbox 1374 4258 1432 4309; x_wconf 88' lang='grc' dir='ltr'>ἐν</span> <span class='ocrx_word' id='word_1_234' title='bbox 1458 4258 1599 4327; x_wconf 80' lang='grc' dir='ltr'>ἀρχῇ</span> <span class='ocrx_word' id='word_1_235' title='bbox 1626 4258 1722 4328; x_wconf 84' lang='grc' dir='ltr'>μὲν</span> <span class='ocrx_word' id='word_1_236' title='bbox 1739 4259 1836 4328; x_wconf 85' lang='grc' dir='ltr'>τῆς</span> <span class='ocrx_word' id='word_1_237' title='bbox 1862 4259 1977 4311; x_wconf 89' lang='grc' dir='ltr'>τόλ-</span> 
     </span>
    </p>
   </div>
   <div class='ocr_carea' id='block_1_33' title="bbox 302 4341 1974 4417">
    <p class='ocr_par' dir='ltr' id='par_1_33' title="bbox 302 4341 1974 4417">
     <span class='ocr_line' id='line_1_33' title="bbox 302 4341 1974 4417; baseline 0.004 -23"><span class='ocrx_word' id='word_1_238' title='bbox 302 4358 410 4413; x_wconf 90' lang='grc' dir='ltr'>μης</span> <span class='ocrx_word' id='word_1_239' title='bbox 437 4341 588 4395; x_wconf 83' lang='grc' dir='ltr'>οὐδὲν</span> <span class='ocrx_word' id='word_1_240' title='bbox 615 4343 745 4405; x_wconf 73' lang='grc' dir='ltr'>ἴσως</span> <span class='ocrx_word' id='word_1_241' title='bbox 763 4342 1009 4396; x_wconf 87' lang='grc' dir='ltr'>πείσεται</span> <span class='ocrx_word' id='word_1_242' title='bbox 1042 4343 1233 4405; x_wconf 83' lang='grc' dir='ltr'>δεινὸν,</span> <span class='ocrx_word' id='word_1_243' title='bbox 1257 4343 1323 4397; x_wconf 86' lang='grc' dir='ltr'>ἂν</span> <span class='ocrx_word' id='word_1_244' title='bbox 1351 4344 1519 4415; x_wconf 79' lang='grc' dir='ltr'>δ’άρα</span> <span class='ocrx_word' id='word_1_245' title='bbox 1548 4345 1623 4417; x_wconf 84' lang='grc' dir='ltr'>μὴ</span> <span class='ocrx_word' id='word_1_246' title='bbox 1654 4346 1846 4411; x_wconf 82' lang='grc' dir='ltr'>πάθοι,</span> <span class='ocrx_word' id='word_1_247' title='bbox 1880 4346 1974 4400; x_wconf 91' lang='grc' dir='ltr'>τοῦ</span> 
     </span>
    </p>
   </div>
   <div class='ocr_carea' id='block_1_34' title="bbox 298 4428 1975 4507">
    <p class='ocr_par' dir='ltr' id='par_1_34' title="bbox 298 4428 1975 4507">
     <span class='ocr_line' id='line_1_34' title="bbox 298 4428 1975 4507; baseline 0.004 -24"><span class='ocrx_word' id='word_1_248' title='bbox 298 4429 434 4483; x_wconf 83' lang='grc' dir='ltr'>Θεοῦ</span> <span class='ocrx_word' id='word_1_249' title='bbox 465 4428 757 4493; x_wconf 87' lang='grc' dir='ltr'>καλοῦντος</span> <span class='ocrx_word' id='word_1_250' title='bbox 789 4430 950 4485; x_wconf 82' lang='grc' dir='ltr'>αὐτὸν</span> <span class='ocrx_word' id='word_1_251' title='bbox 966 4432 1045 4494; x_wconf 86' lang='grc' dir='ltr'>είς</span> <span class='ocrx_word' id='word_1_252' title='bbox 1066 4431 1375 4501; x_wconf 87' lang='grc' dir='ltr'>μετάνοιαν,</span> <span class='ocrx_word' id='word_1_253' title='bbox 1410 4434 1504 4486; x_wconf 75' lang='grc' dir='ltr'>καὶ</span> <span class='ocrx_word' id='word_1_254' title='bbox 1529 4434 1765 4498; x_wconf 81' lang='grc' dir='ltr'>διδόντος</span> <span class='ocrx_word' id='word_1_255' title='bbox 1786 4434 1975 4507; x_wconf 82' lang='grc' dir='ltr'>ὥσπερ</span> 
     </span>
    </p>
   </div>
   <div class='ocr_carea' id='block_1_35' title="bbox 298 4518 1976 4595">
    <p class='ocr_par' dir='ltr' id='par_1_35' title="bbox 298 4518 1976 4595">
     <span class='ocr_line' id='line_1_35' title="bbox 298 4518 1976 4595; baseline 0.004 -24"><span class='ocrx_word' id='word_1_256' title='bbox 298 4518 363 4573; x_wconf 74' lang='grc' dir='ltr'>ἐκ</span> <span class='ocrx_word' id='word_1_257' title='bbox 386 4535 531 4582; x_wconf 88' lang='grc' dir='ltr'>τινος</span> <span class='ocrx_word' id='word_1_258' title='bbox 570 4519 741 4589; x_wconf 87' lang='grc' dir='ltr'>μέθης</span> <span class='ocrx_word' id='word_1_259' title='bbox 784 4521 1115 4587; x_wconf 87' lang='grc' dir='ltr'>ἀνενεγκεῖν·</span> <span class='ocrx_word' id='word_1_260' title='bbox 1152 4519 1217 4573; x_wconf 87' lang='grc' dir='ltr'>ἂν</span> <span class='ocrx_word' id='word_1_261' title='bbox 1256 4520 1313 4573; x_wconf 85' lang='grc' dir='ltr'>δὲ</span> <span class='ocrx_word' id='word_1_262' title='bbox 1359 4522 1590 4593; x_wconf 82' lang='grc' dir='ltr'>ἐπιμένῃ</span> <span class='ocrx_word' id='word_1_263' title='bbox 1621 4534 1642 4561; x_wconf 78' lang='grc' dir='ltr'><strong>ο</strong></span> <span class='ocrx_word' id='word_1_264' title='bbox 1678 4526 1976 4595; x_wconf 80' lang='grc' dir='ltr'>τῇπαροι-</span> 
     </span>
    </p>
   </div>
   <div class='ocr_carea' id='block_1_36' title="bbox 296 4606 1970 4681">
    <p class='ocr_par' dir='ltr' id='par_1_36' title="bbox 296 4606 1970 4681">
     <span class='ocr_line' id='line_1_36' title="bbox 296 4606 1970 4681; baseline 0.004 -22"><span class='ocrx_word' id='word_1_265' title='bbox 296 4606 408 4678; x_wconf 70' lang='lat' dir='ltr'>via,</span> <span class='ocrx_word' id='word_1_266' title='bbox 423 4607 589 4678; x_wconf 84' lang='grc' dir='ltr'>μηδὲν</span> <span class='ocrx_word' id='word_1_267' title='bbox 606 4607 713 4660; x_wconf 79' lang='grc' dir='ltr'>ἀπὸ</span> <span class='ocrx_word' id='word_1_268' title='bbox 733 4606 832 4677; x_wconf 87' lang='grc' dir='ltr'>τῆς</span> <span class='ocrx_word' id='word_1_269' title='bbox 852 4606 1121 4678; x_wconf 83' lang='grc' dir='ltr'>τοσαύτης</span> <span class='ocrx_word' id='word_1_270' title='bbox 1142 4606 1490 4672; x_wconf 79' lang='grc' dir='ltr'>ἀνεξικακίας</span> <span class='ocrx_word' id='word_1_271' title='bbox 1507 4611 1825 4681; x_wconf 88' lang='grc' dir='ltr'>κερδαίνων,</span> <span class='ocrx_word' id='word_1_272' title='bbox 1850 4612 1970 4666; x_wconf 87' lang='grc' dir='ltr'>ἐτέ-</span> 
     </span>
    </p>
   </div>
   <div class='ocr_carea' id='block_1_37' title="bbox 300 4693 1965 4769">
    <p class='ocr_par' dir='ltr' id='par_1_37' title="bbox 300 4693 1965 4769">
     <span class='ocr_line' id='line_1_37' title="bbox 300 4693 1965 4769; baseline 0.004 -23"><span class='ocrx_word' id='word_1_273' title='bbox 300 4710 425 4764; x_wconf 88' lang='grc' dir='ltr'>ρους</span> <span class='ocrx_word' id='word_1_274' title='bbox 448 4694 577 4762; x_wconf 91' lang='grc' dir='ltr'>γοῦν</span> <span class='ocrx_word' id='word_1_275' title='bbox 601 4695 785 4765; x_wconf 86' lang='grc' dir='ltr'>ὀνήσει</span> <span class='ocrx_word' id='word_1_276' title='bbox 805 4693 875 4747; x_wconf 84' lang='grc' dir='ltr'>τὰ</span> <span class='ocrx_word' id='word_1_277' title='bbox 893 4694 1146 4765; x_wconf 86' lang='grc' dir='ltr'>μέγιστα,</span> <span class='ocrx_word' id='word_1_278' title='bbox 1168 4695 1256 4749; x_wconf 78' lang='grc' dir='ltr'>διὰ</span> <span class='ocrx_word' id='word_1_279' title='bbox 1274 4696 1374 4765; x_wconf 83' lang='grc' dir='ltr'>τῆς</span> <span class='ocrx_word' id='word_1_280' title='bbox 1404 4700 1483 4758; x_wconf 83' lang='grc' dir='ltr'>εἰς</span> <span class='ocrx_word' id='word_1_281' title='bbox 1506 4697 1670 4751; x_wconf 82' lang='grc' dir='ltr'>αὑτὸν</span> <span class='ocrx_word' id='word_1_282' title='bbox 1694 4702 1965 4769; x_wconf 86' lang='grc' dir='ltr'>τιμωρίας</span> 
     </span>
    </p>
   </div>
   <div class='ocr_carea' id='block_1_38' title="bbox 296 4780 1966 4856">
    <p class='ocr_par' dir='ltr' id='par_1_38' title="bbox 296 4780 1966 4856">
     <span class='ocr_line' id='line_1_38' title="bbox 296 4780 1966 4856; baseline 0.005 -23"><span class='ocrx_word' id='word_1_283' title='bbox 296 4781 566 4834; x_wconf 88' lang='grc' dir='ltr'>παιδεύων</span> <span class='ocrx_word' id='word_1_284' title='bbox 595 4780 863 4851; x_wconf 88' lang='grc' dir='ltr'>μηδέποτε</span> <span class='ocrx_word' id='word_1_285' title='bbox 886 4782 984 4853; x_wconf 83' lang='grc' dir='ltr'>τῆς</span> <span class='ocrx_word' id='word_1_286' title='bbox 1018 4782 1157 4852; x_wconf 83' lang='grc' dir='ltr'>πρὸς</span> <span class='ocrx_word' id='word_1_287' title='bbox 1183 4782 1271 4835; x_wconf 82' lang='grc' dir='ltr'>τὸν</span> <span class='ocrx_word' id='word_1_288' title='bbox 1298 4782 1433 4836; x_wconf 85' lang='grc' dir='ltr'>Θεὸν</span> <span class='ocrx_word' id='word_1_289' title='bbox 1459 4782 1729 4838; x_wconf 76' lang='grc' dir='ltr'>ἅπτεσθαι</span> <span class='ocrx_word' id='word_1_290' title='bbox 1763 4787 1966 4856; x_wconf 82' lang='grc' dir='ltr'>μάχης,</span> 
     </span>
    </p>
   </div>
   <div class='ocr_carea' id='block_1_39' title="bbox 296 4867 1965 4941">
    <p class='ocr_par' dir='ltr' id='par_1_39' title="bbox 296 4867 1965 4941">
     <span class='ocr_line' id='line_1_39' title="bbox 296 4867 1965 4941; baseline 0.005 -21"><span class='ocrx_word' id='word_1_291' title='bbox 296 4868 372 4932; x_wconf 86' lang='grc' dir='ltr'>ὡς</span> <span class='ocrx_word' id='word_1_292' title='bbox 418 4868 521 4921; x_wconf 89' lang='grc' dir='ltr'>ούκ</span> <span class='ocrx_word' id='word_1_293' title='bbox 569 4867 687 4921; x_wconf 84' lang='grc' dir='ltr'>ἐνὸν</span> <span class='ocrx_word' id='word_1_294' title='bbox 722 4868 823 4939; x_wconf 86' lang='grc' dir='ltr'>τὴν</span> <span class='ocrx_word' id='word_1_295' title='bbox 865 4868 1136 4939; x_wconf 86' lang='grc' dir='ltr'>ἀήττητον</span> <span class='ocrx_word' id='word_1_296' title='bbox 1193 4869 1409 4941; x_wconf 85' lang='grc' dir='ltr'>ἐκείνην</span> <span class='ocrx_word' id='word_1_297' title='bbox 1452 4872 1611 4941; x_wconf 86' lang='grc' dir='ltr'>χεῖρα</span> <span class='ocrx_word' id='word_1_298' title='bbox 1662 4871 1965 4941; x_wconf 86' lang='grc' dir='ltr'>διαφυγεῖν.</span> 
     </span>
    </p>
   </div>
   <div class='ocr_carea' id='block_1_40' title="bbox 295 4954 1970 5029">
    <p class='ocr_par' dir='ltr' id='par_1_40' title="bbox 295 4954 1970 5029">
     <span class='ocr_line' id='line_1_40' title="bbox 295 4954 1970 5029; baseline 0.002 -20"><span class='ocrx_word' id='word_1_299' title='bbox 295 4954 549 5009; x_wconf 89' lang='grc' dir='ltr'>Τοιαῦται</span> <span class='ocrx_word' id='word_1_300' title='bbox 575 4955 706 5024; x_wconf 88' lang='grc' dir='ltr'>γοῦν</span> <span class='ocrx_word' id='word_1_301' title='bbox 734 4954 935 5020; x_wconf 82' lang='grc' dir='ltr'>εὐθέως</span> <span class='ocrx_word' id='word_1_302' title='bbox 976 4956 1168 5019; x_wconf 87' lang='grc' dir='ltr'>αὐτοὺς</span> <span class='ocrx_word' id='word_1_303' title='bbox 1194 4955 1306 5029; x_wconf 72' lang='grc'>[45]</span> <span class='ocrx_word' id='word_1_304' title='bbox 1338 4957 1743 5025; x_wconf 80' lang='grc' dir='ltr'>κατελάμϐανον</span> <span class='ocrx_word' id='word_1_305' title='bbox 1762 4976 1970 5029; x_wconf 77' lang='grc' dir='ltr'>συμφο-</span> 
     </span>
    </p>
   </div>
   <div class='ocr_carea' id='block_1_41' title="bbox 296 5043 1967 5116">
    <p class='ocr_par' dir='ltr' id='par_1_41' title="bbox 296 5043 1967 5116">
     <span class='ocr_line' id='line_1_41' title="bbox 296 5043 1967 5116; baseline 0.002 -19"><span class='ocrx_word' id='word_1_306' title='bbox 296 5045 407 5116; x_wconf 78' lang='grc' dir='ltr'>ραὶ,</span> <span class='ocrx_word' id='word_1_307' title='bbox 449 5043 525 5107; x_wconf 85' lang='grc' dir='ltr'>ὡς</span> <span class='ocrx_word' id='word_1_308' title='bbox 548 5043 866 5115; x_wconf 83' lang='grc' dir='ltr'>ἀποκρύψαι</span> <span class='ocrx_word' id='word_1_309' title='bbox 902 5043 979 5115; x_wconf 83' lang='grc' dir='ltr'>τῷ</span> <span class='ocrx_word' id='word_1_310' title='bbox 1003 5043 1332 5115; x_wconf 61' lang='grc' dir='ltr'>μγέθειτῆς</span> <span class='ocrx_word' id='word_1_311' title='bbox 1348 5045 1656 5116; x_wconf 83' lang='grc' dir='ltr'>τραγῳδίας</span> <span class='ocrx_word' id='word_1_312' title='bbox 1671 5046 1849 5108; x_wconf 84' lang='grc' dir='ltr'>πάσας</span> <span class='ocrx_word' id='word_1_313' title='bbox 1869 5048 1967 5112; x_wconf 80' lang='grc' dir='ltr'>τὰς</span> 
     </span>
    </p>
   </div>
   <div class='ocr_carea' id='block_1_42' title="bbox 292 5130 1965 5207">
    <p class='ocr_par' dir='ltr' id='par_1_42' title="bbox 292 5130 1965 5207">
     <span class='ocr_line' id='line_1_42' title="bbox 292 5130 1965 5207; baseline 0.002 -21"><span class='ocrx_word' id='word_1_314' title='bbox 292 5131 457 5197; x_wconf 74' lang='grc' dir='ltr'>ἄλλας</span> <span class='ocrx_word' id='word_1_315' title='bbox 480 5133 786 5204; x_wconf 84' lang='grc' dir='ltr'>συμφοράς.</span> <span class='ocrx_word' id='word_1_316' title='bbox 810 5131 961 5186; x_wconf 78' lang='grc' dir='ltr'>Μετὰ</span> <span class='ocrx_word' id='word_1_317' title='bbox 985 5133 1093 5205; x_wconf 84' lang='grc' dir='ltr'>γὰρ</span> <span class='ocrx_word' id='word_1_318' title='bbox 1111 5130 1139 5170; x_wconf 76' lang='grc' dir='ltr'><strong>ἀ</strong></span> <span class='ocrx_word' id='word_1_319' title='bbox 1161 5133 1285 5197; x_wconf 81' lang='grc' dir='ltr'>τοὺς</span> <span class='ocrx_word' id='word_1_320' title='bbox 1301 5132 1496 5202; x_wconf 84' lang='grc' dir='ltr'>φόνους</span> <span class='ocrx_word' id='word_1_321' title='bbox 1523 5134 1617 5187; x_wconf 78' lang='grc' dir='ltr'>καὶ</span> <span class='ocrx_word' id='word_1_322' title='bbox 1644 5135 1742 5198; x_wconf 83' lang='grc' dir='ltr'>τὰς</span> <span class='ocrx_word' id='word_1_323' title='bbox 1763 5137 1965 5207; x_wconf 87' lang='grc' dir='ltr'>μυρίας</span> 
     </span>
    </p>
   </div>
   <div class='ocr_carea' id='block_1_43' title="bbox 355 5289 1965 5352">
    <p class='ocr_par' dir='ltr' id='par_1_43' title="bbox 355 5289 1965 5352">
     <span class='ocr_line' id='line_1_43' title="bbox 355 5289 1965 5352; baseline 0.004 -12"><span class='ocrx_word' id='word_1_324' title='bbox 355 5290 377 5311; x_wconf 81' lang='lat'>&#39;</span> <span class='ocrx_word' id='word_1_325' title='bbox 397 5289 529 5340; x_wconf 78' lang='lat' dir='ltr'>Libri</span> <span class='ocrx_word' id='word_1_326' title='bbox 556 5291 791 5341; x_wconf 83' lang='lat' dir='ltr'>adversus</span> <span class='ocrx_word' id='word_1_327' title='bbox 814 5298 1180 5352; x_wconf 70' lang='lat' dir='ltr'>oppugnatores</span> <span class='ocrx_word' id='word_1_328' title='bbox 1220 5290 1333 5339; x_wconf 62' lang='lat' dir='ltr'><strong>vita;</strong></span> <span class='ocrx_word' id='word_1_329' title='bbox 1357 5292 1637 5343; x_wconf 63' lang='lat' dir='ltr'>monasticae</span> <span class='ocrx_word' id='word_1_330' title='bbox 1660 5294 1823 5344; x_wconf 82' lang='lat' dir='ltr'>collati</span> <span class='ocrx_word' id='word_1_331' title='bbox 1848 5305 1965 5347; x_wconf 79' lang='lat' dir='ltr'>sunt</span> 
     </span>
    </p>
   </div>
   <div class='ocr_carea' id='block_1_44' title="bbox 293 5305 1959 5424">
    <p class='ocr_par' dir='ltr' id='par_1_44' title="bbox 293 5305 1959 5424">
     <span class='ocr_line' id='line_1_44' title="bbox 358 5305 1959 5352; baseline 0.004 -12"><span class='ocrx_word' id='word_1_332' title='bbox 358 5305 374 5311; x_wconf 85' lang='grc'><em>’</em></span> <span class='ocrx_word' id='word_1_333' title='bbox 397 5305 529 5340; x_wconf 84' lang='lat' dir='ltr'><strong>le&#39;l</strong></span> <span class='ocrx_word' id='word_1_334' title='bbox 556 5305 791 5341; x_wconf 79' lang='lat' dir='ltr'>adversus</span> <span class='ocrx_word' id='word_1_335' title='bbox 814 5305 842 5337; x_wconf 90' lang='grc' dir='ltr'>ο</span> <span class='ocrx_word' id='word_1_336' title='bbox 914 5305 1180 5352; x_wconf 62' lang='lat' dir='ltr'>lignatores</span> <span class='ocrx_word' id='word_1_337' title='bbox 1220 5305 1333 5339; x_wconf 73' lang='lat' dir='ltr'><strong>Viue</strong></span> <span class='ocrx_word' id='word_1_338' title='bbox 1357 5305 1637 5343; x_wconf 62' lang='lat' dir='ltr'>monasticae</span> <span class='ocrx_word' id='word_1_339' title='bbox 1660 5305 1823 5344; x_wconf 73' lang='lat' dir='ltr'><strong>collati</strong></span> <span class='ocrx_word' id='word_1_340' title='bbox 1848 5305 1959 5347; x_wconf 75' lang='lat' dir='ltr'>sunt</span> 
     </span>
     <span class='ocr_line' id='line_1_45' title="bbox 293 5305 1959 5424; baseline 0.005 -24"><span class='ocrx_word' id='word_1_341' title='bbox 293 5354 534 5424; x_wconf 12' lang='lat' dir='ltr'>gumrgoq.</span> <span class='ocrx_word' id='word_1_342' title='bbox 556 5353 777 5424; x_wconf 36' lang='lat' dir='ltr'>Colbert:</span> <span class='ocrx_word' id='word_1_343' title='bbox 798 5305 1135 5424; x_wconf 35' lang='lat' dir='ltr'>{uacua}</span> <span class='ocrx_word' id='word_1_344' title='bbox 1172 5353 1270 5424; x_wconf 75' lang='lat' dir='ltr'><strong>a_li9</strong></span> <span class='ocrx_word' id='word_1_345' title='bbox 1310 5356 1449 5414; x_wconf 89' lang='lat' dir='ltr'>cujus</span> <span class='ocrx_word' id='word_1_346' title='bbox 1488 5370 1725 5424; x_wconf 53' lang='lat' dir='ltr'>numgrgs</span> <span class='ocrx_word' id='word_1_347' title='bbox 1758 5361 1959 5424; x_wconf 57' lang='lat' dir='ltr'>gxcidjl.</span> 
     </span>
    </p>
   </div>
   <div class='ocr_carea' id='block_1_45' title="bbox 296 5414 1963 5476">
    <p class='ocr_par' dir='ltr' id='par_1_45' title="bbox 296 5414 1963 5476">
     <span class='ocr_line' id='line_1_46' title="bbox 296 5414 1963 5476; baseline 0.004 -14"><span class='ocrx_word' id='word_1_348' title='bbox 296 5414 350 5476; x_wconf 7' lang='lat' dir='ltr'><strong>lin</strong></span> <span class='ocrx_word' id='word_1_349' title='bbox 402 5414 548 5463; x_wconf 73' lang='lat' dir='ltr'><strong>titulo</strong></span> <span class='ocrx_word' id='word_1_350' title='bbox 589 5429 679 5463; x_wconf 85' lang='lat' dir='ltr'>ms.</span> <span class='ocrx_word' id='word_1_351' title='bbox 732 5420 786 5463; x_wconf 76' lang='lat' dir='ltr'>et</span> <span class='ocrx_word' id='word_1_352' title='bbox 830 5415 951 5463; x_wconf 73' lang='lat' dir='ltr'>edit.</span> <span class='ocrx_word' id='word_1_353' title='bbox 995 5414 1147 5463; x_wconf 78' lang='lat' dir='ltr'>Savil.</span> <span class='ocrx_word' id='word_1_354' title='bbox 1185 5415 1445 5476; x_wconf 83' lang='grc' dir='ltr'>ἐνάγουσιν.</span> <span class='ocrx_word' id='word_1_355' title='bbox 1487 5446 1549 5454; x_wconf 91' lang='grc'><strong>-</strong></span> <span class='ocrx_word' id='word_1_356' title='bbox 1592 5418 1626 5466; x_wconf 85' lang='grc' dir='ltr'>Ε</span> <span class='ocrx_word' id='word_1_357' title='bbox 1664 5419 1847 5467; x_wconf 84' lang='lat' dir='ltr'>Savilio</span> <span class='ocrx_word' id='word_1_358' title='bbox 1888 5422 1963 5469; x_wconf 83' lang='grc' dir='ltr'>ἐν-</span> 
     </span>
    </p>
   </div>
   <div class='ocr_carea' id='block_1_46' title="bbox 294 5475 1938 5599">
    <p class='ocr_par' dir='ltr' id='par_1_46' title="bbox 294 5475 1938 5599">
     <span class='ocr_line' id='line_1_47' title="bbox 294 5475 1913 5540; baseline 0.006 -20"><span class='ocrx_word' id='word_1_359' title='bbox 294 5475 486 5531; x_wconf 68' lang='grc' dir='ltr'>ἀγουσιν</span> <span class='ocrx_word' id='word_1_360' title='bbox 508 5478 658 5526; x_wconf 86' lang='lat' dir='ltr'>rescri</span> <span class='ocrx_word' id='word_1_361' title='bbox 697 5478 868 5533; x_wconf 86' lang='lat' dir='ltr'>simus,</span> <span class='ocrx_word' id='word_1_362' title='bbox 894 5490 982 5537; x_wconf 87' lang='lat' dir='ltr'>pro</span> <span class='ocrx_word' id='word_1_363' title='bbox 1003 5476 1199 5537; x_wconf 76' lang='lat' dir='ltr'><strong>vulgata</strong></span> <span class='ocrx_word' id='word_1_364' title='bbox 1226 5475 1440 5525; x_wconf 77' lang='lat' dir='ltr'>leCtione</span> <span class='ocrx_word' id='word_1_365' title='bbox 1467 5479 1750 5540; x_wconf 82' lang='grc' dir='ltr'>εἰσάγουσιν.</span> <span class='ocrx_word' id='word_1_366' title='bbox 1780 5481 1913 5529; x_wconf 62' lang='lat' dir='ltr'>lim-1‘.</span> 
     </span>
     <span class='ocr_line' id='line_1_48' title="bbox 356 5491 1938 5599; baseline 0.008 -17"><span class='ocrx_word' id='word_1_367' title='bbox 356 5536 490 5599; x_wconf 49' lang='lat' dir='ltr'>{Sic</span> <span class='ocrx_word' id='word_1_368' title='bbox 513 5552 627 5587; x_wconf 81' lang='lat' dir='ltr'>mss.</span> <span class='ocrx_word' id='word_1_369' title='bbox 656 5491 755 5587; x_wconf 56' lang='lat' dir='ltr'>Suo</span> <span class='ocrx_word' id='word_1_370' title='bbox 777 5544 832 5587; x_wconf 74' lang='lat' dir='ltr'><strong>et</strong></span> <span class='ocrx_word' id='word_1_371' title='bbox 857 5538 970 5586; x_wconf 84' lang='lat' dir='ltr'>Sav.</span> <span class='ocrx_word' id='word_1_372' title='bbox 997 5538 1055 5587; x_wconf 85' lang='lat' dir='ltr'>ad</span> <span class='ocrx_word' id='word_1_373' title='bbox 1079 5550 1232 5599; x_wconf 77' lang='lat' dir='ltr'><strong>marg.</strong></span> <span class='ocrx_word' id='word_1_374' title='bbox 1261 5538 1389 5587; x_wconf 79' lang='lat' dir='ltr'><strong>Edili</strong></span> <span class='ocrx_word' id='word_1_375' title='bbox 1413 5540 1591 5589; x_wconf 80' lang='grc' dir='ltr'>ἐκεῖνον</span> <span class='ocrx_word' id='word_1_376' title='bbox 1610 5540 1772 5591; x_wconf 88' lang='lat' dir='ltr'>minus</span> <span class='ocrx_word' id='word_1_377' title='bbox 1799 5554 1938 5594; x_wconf 79' lang='lat' dir='ltr'><strong>recte</strong></span> 
     </span>
    </p>
   </div>
   <div class='ocr_carea' id='block_1_47' title="bbox 410 5558 1956 5593">
    <p class='ocr_par' dir='ltr' id='par_1_47' title="bbox 410 5558 1956 5593">
     <span class='ocr_line' id='line_1_49' title="bbox 410 5558 1956 5593; baseline 0.006 -8"><span class='ocrx_word' id='word_1_378' title='bbox 410 5558 490 5587; x_wconf 68' lang='lat' dir='ltr'>cu-</span> <span class='ocrx_word' id='word_1_379' title='bbox 515 5558 627 5587; x_wconf 76' lang='lat' dir='ltr'><strong>luss.</strong></span> <span class='ocrx_word' id='word_1_380' title='bbox 656 5558 755 5587; x_wconf 81' lang='lat' dir='ltr'><strong>auo</strong></span> <span class='ocrx_word' id='word_1_381' title='bbox 777 5558 832 5587; x_wconf 77' lang='lat' dir='ltr'>el.</span> <span class='ocrx_word' id='word_1_382' title='bbox 857 5558 970 5586; x_wconf 69' lang='lat' dir='ltr'>Dav.</span> <span class='ocrx_word' id='word_1_383' title='bbox 997 5558 1055 5587; x_wconf 81' lang='lat' dir='ltr'><strong>au</strong></span> <span class='ocrx_word' id='word_1_384' title='bbox 1080 5558 1232 5593; x_wconf 67' lang='lat' dir='ltr'>marg.</span> <span class='ocrx_word' id='word_1_385' title='bbox 1261 5558 1389 5587; x_wconf 77' lang='lat' dir='ltr'>nuul</span> <span class='ocrx_word' id='word_1_386' title='bbox 1413 5558 1591 5589; x_wconf 80' lang='grc' dir='ltr'>εκεινον</span> <span class='ocrx_word' id='word_1_387' title='bbox 1610 5558 1772 5591; x_wconf 75' lang='lat' dir='ltr'>minus</span> <span class='ocrx_word' id='word_1_388' title='bbox 1799 5558 1956 5593; x_wconf 74' lang='lat' dir='ltr'>reue.</span> 
     </span>
    </p>
   </div>
   <div class='ocr_carea' id='block_1_48' title="bbox 354 5597 1171 5659">
    <p class='ocr_par' dir='ltr' id='par_1_48' title="bbox 354 5597 1171 5659">
     <span class='ocr_line' id='line_1_50' title="bbox 354 5597 1171 5659; baseline 0 -13"><span class='ocrx_word' id='word_1_389' title='bbox 354 5597 405 5659; x_wconf 73' lang='lat' dir='ltr'>f“</span> <span class='ocrx_word' id='word_1_390' title='bbox 430 5598 575 5649; x_wconf 78' lang='lat' dir='ltr'>Forte</span> <span class='ocrx_word' id='word_1_391' title='bbox 602 5600 869 5659; x_wconf 69' lang='lat' dir='ltr'><strong>legendum</strong></span> <span class='ocrx_word' id='word_1_392' title='bbox 895 5599 1171 5647; x_wconf 83' lang='grc' dir='ltr'>ἀποστάτιν.</span> 
     </span>
    </p>
   </div>
   <div class='ocr_carea' id='block_1_49' title="bbox 352 5656 1963 5722">
    <p class='ocr_par' dir='ltr' id='par_1_49' title="bbox 352 5656 1963 5722">
     <span class='ocr_line' id='line_1_51' title="bbox 352 5656 1963 5722; baseline 0.004 -13"><span class='ocrx_word' id='word_1_393' title='bbox 352 5656 383 5699; x_wconf 68' lang='grc' dir='ltr'>δ</span> <span class='ocrx_word' id='word_1_394' title='bbox 402 5659 537 5722; x_wconf 73' lang='lat' dir='ltr'><strong>Colb,</strong></span> <span class='ocrx_word' id='word_1_395' title='bbox 565 5656 691 5710; x_wconf 77' lang='lat' dir='ltr'>umis</span> <span class='ocrx_word' id='word_1_396' title='bbox 714 5661 822 5711; x_wconf 81' lang='grc' dir='ltr'>οὗτε</span> <span class='ocrx_word' id='word_1_397' title='bbox 840 5660 997 5717; x_wconf 84' lang='grc' dir='ltr'>ἄλλος.</span> <span class='ocrx_word' id='word_1_398' title='bbox 1020 5660 1142 5710; x_wconf 78' lang='lat' dir='ltr'>Tota</span> <span class='ocrx_word' id='word_1_399' title='bbox 1162 5661 1394 5722; x_wconf 84' lang='lat' dir='ltr'>periodus</span> <span class='ocrx_word' id='word_1_400' title='bbox 1416 5663 1659 5712; x_wconf 75' lang='lat' dir='ltr'>tantillum</span> <span class='ocrx_word' id='word_1_401' title='bbox 1680 5663 1865 5715; x_wconf 85' lang='lat' dir='ltr'>habere</span> <span class='ocrx_word' id='word_1_402' title='bbox 1886 5668 1963 5715; x_wconf 82' lang='lat' dir='ltr'>vi-</span> 
     </span>
    </p>
   </div>
   <div class='ocr_carea' id='block_1_50' title="bbox 294 5719 2049 5785">
    <p class='ocr_par' dir='ltr' id='par_1_50' title="bbox 294 5719 2049 5785">
     <span class='ocr_line' id='line_1_52' title="bbox 294 5719 2049 5785; baseline 0.006 -17"><span class='ocrx_word' id='word_1_403' title='bbox 294 5719 782 5785; x_wconf 12' lang='lat' dir='ltr'>deturidlﬂlcultalis,</span> <span class='ocrx_word' id='word_1_404' title='bbox 824 5736 970 5784; x_wconf 86' lang='lat' dir='ltr'><strong>quam</strong></span> <span class='ocrx_word' id='word_1_405' title='bbox 1014 5731 1068 5771; x_wconf 78' lang='lat' dir='ltr'>ut</span> <span class='ocrx_word' id='word_1_406' title='bbox 1108 5719 1385 5785; x_wconf 75' lang='lat' dir='ltr'>déclinarel</span> <span class='ocrx_word' id='word_1_407' title='bbox 1426 5723 1732 5785; x_wconf 79' lang='lat' dir='ltr'>Ambrosius,</span> <span class='ocrx_word' id='word_1_408' title='bbox 1774 5725 1959 5778; x_wconf 85' lang='lat' dir='ltr'>seriem</span> <span class='ocrx_word' id='word_1_409' title='bbox 2022 5775 2049 5785; x_wconf 63' lang='grc'>,</span> 
     </span>
    </p>
   </div>
   <div class='ocr_carea' id='block_1_51' title="bbox 293 5784 1747 5846">
    <p class='ocr_par' dir='ltr' id='par_1_51' title="bbox 293 5784 1747 5846">
     <span class='ocr_line' id='line_1_53' title="bbox 293 5784 1747 5846; baseline 0.004 -16"><span class='ocrx_word' id='word_1_410' title='bbox 293 5784 548 5846; x_wconf 62' lang='lat' dir='ltr'><strong>paululum</strong></span> <span class='ocrx_word' id='word_1_411' title='bbox 570 5784 865 5841; x_wconf 69' lang='lat' dir='ltr'><strong>immulavxt,</strong></span> <span class='ocrx_word' id='word_1_412' title='bbox 890 5798 1055 5846; x_wconf 77' lang='lat' dir='ltr'>neque</span> <span class='ocrx_word' id='word_1_413' title='bbox 1077 5788 1242 5833; x_wconf 76' lang='lat' dir='ltr'><strong>tamen</strong></span> <span class='ocrx_word' id='word_1_414' title='bbox 1269 5784 1515 5835; x_wconf 80' lang='lat' dir='ltr'>aberravit</span> <span class='ocrx_word' id='word_1_415' title='bbox 1533 5800 1560 5834; x_wconf 87' lang='lat' dir='ltr'>a</span> <span class='ocrx_word' id='word_1_416' title='bbox 1580 5784 1747 5837; x_wconf 73' lang='lat' dir='ltr'>sensu.</span> 
     </span>
    </p>
   </div>
   <div class='ocr_carea' id='block_1_52' title="bbox 359 5832 2051 5909">
    <p class='ocr_par' dir='ltr' id='par_1_52' title="bbox 359 5832 2051 5909">
     <span class='ocr_line' id='line_1_54' title="bbox 359 5832 2051 5909; baseline 0.006 -16"><span class='ocrx_word' id='word_1_417' title='bbox 359 5844 382 5874; x_wconf 79' lang='grc'><strong><em>⁸</em></strong></span> <span class='ocrx_word' id='word_1_418' title='bbox 408 5845 491 5909; x_wconf 79' lang='lat' dir='ltr'>Sl_c</span> <span class='ocrx_word' id='word_1_419' title='bbox 525 5858 639 5909; x_wconf 81' lang='lat' dir='ltr'>mss.</span> <span class='ocrx_word' id='word_1_420' title='bbox 666 5832 821 5908; x_wconf 55' lang='grc' dir='ltr'>διφυί</span> <span class='ocrx_word' id='word_1_421' title='bbox 834 5832 919 5896; x_wconf 27' lang='grc' dir='ltr'>ίίιέι</span> <span class='ocrx_word' id='word_1_422' title='bbox 940 5832 1066 5909; x_wconf 65' lang='lat' dir='ltr'><strong>légit</strong></span> <span class='ocrx_word' id='word_1_423' title='bbox 1088 5832 1834 5900; x_wconf 38' lang='lat' dir='ltr'>Ambfoéiuihdiii&#39;vkE&#39;étm</span> <span class='ocrx_word' id='word_1_424' title='bbox 1854 5854 1957 5902; x_wconf 80' lang='grc' dir='ltr'>ἐπι-</span> <span class='ocrx_word' id='word_1_425' title='bbox 2024 5832 2051 5843; x_wconf 60' lang='grc'><em>’</em></span> 
     </span>
    </p>
   </div>
   <div class='ocr_carea' id='block_1_53' title="bbox 293 5905 1534 5970">
    <p class='ocr_par' dir='ltr' id='par_1_53' title="bbox 293 5905 1534 5970">
     <span class='ocr_line' id='line_1_55' title="bbox 293 5905 1534 5970; baseline 0.002 -15"><span class='ocrx_word' id='word_1_426' title='bbox 293 5905 431 5970; x_wconf 44' lang='grc' dir='ltr'>μένῃἑ</span> <span class='ocrx_word' id='word_1_427' title='bbox 452 5905 604 5956; x_wconf 88' lang='lat' dir='ltr'><strong>Paulo</strong></span> <span class='ocrx_word' id='word_1_428' title='bbox 626 5905 851 5970; x_wconf 60' lang='lat' dir='ltr'>posl&#39;duo</span> <span class='ocrx_word' id='word_1_429' title='bbox 872 5905 1072 5957; x_wconf 43' lang='grc' dir='ltr'>11138..τὰ</span> <span class='ocrx_word' id='word_1_430' title='bbox 1097 5910 1295 5970; x_wconf 85' lang='grc' dir='ltr'>μέγιστα</span> <span class='ocrx_word' id='word_1_431' title='bbox 1315 5910 1410 5957; x_wconf 86' lang='grc' dir='ltr'>ἀπὸ</span> <span class='ocrx_word' id='word_1_432' title='bbox 1433 5916 1534 5967; x_wconf 86' lang='grc' dir='ltr'>τῆς.</span> 
     </span>
    </p>
   </div>
   <div class='ocr_carea' id='block_1_54' title="bbox 351 5966 1955 6039">
    <p class='ocr_par' dir='ltr' id='par_1_54' title="bbox 351 5966 1955 6039">
     <span class='ocr_line' id='line_1_56' title="bbox 351 5966 1955 6039; baseline 0.001 -25"><span class='ocrx_word' id='word_1_433' title='bbox 351 5966 640 6039; x_wconf 52' lang='grc' dir='ltr'>ἀρυο-ηιεεζ</span> <span class='ocrx_word' id='word_1_434' title='bbox 655 5974 722 6039; x_wconf 76' lang='lat' dir='ltr'>_et</span> <span class='ocrx_word' id='word_1_435' title='bbox 742 5969 890 6018; x_wconf 81' lang='lat' dir='ltr'>Savil.</span> <span class='ocrx_word' id='word_1_436' title='bbox 917 5972 965 6039; x_wconf 71' lang='grc' dir='ltr'>ἱρ</span> <span class='ocrx_word' id='word_1_437' title='bbox 990 5966 1143 6039; x_wconf 58' lang='grc' dir='ltr'>ῐηιιτε.</span> <span class='ocrx_word' id='word_1_438' title='bbox 1166 5966 1237 6031; x_wconf 74' lang='grc' dir='ltr'>τῷ</span> <span class='ocrx_word' id='word_1_439' title='bbox 1261 5972 1440 6039; x_wconf 78' lang='grc' dir='ltr'>μεγέθει</span> <span class='ocrx_word' id='word_1_440' title='bbox 1464 5966 1546 6039; x_wconf 70' lang='grc' dir='ltr'>τᾲς</span> <span class='ocrx_word' id='word_1_441' title='bbox 1565 5976 1842 6037; x_wconf 79' lang='grc' dir='ltr'>τραγῳδίας·</span> <span class='ocrx_word' id='word_1_442' title='bbox 1871 5994 1955 6039; x_wconf 77' lang='grc' dir='ltr'>με-</span> 
     </span>
    </p>
   </div>
   <div class='ocr_carea' id='block_1_55' title="bbox 292 6028 1648 6111">
    <p class='ocr_par' dir='ltr' id='par_1_55' title="bbox 292 6028 1648 6111">
     <span class='ocr_line' id='line_1_57' title="bbox 292 6028 1648 6111; baseline 0.004 -34"><span class='ocrx_word' id='word_1_443' title='bbox 292 6030 352 6077; x_wconf 81' lang='grc' dir='ltr'>τὰ</span> <span class='ocrx_word' id='word_1_444' title='bbox 373 6028 474 6092; x_wconf 75' lang='grc' dir='ltr'>γάρ.</span> <span class='ocrx_word' id='word_1_445' title='bbox 502 6029 616 6080; x_wconf 79' lang='lat' dir='ltr'>Ibid.</span> <span class='ocrx_word' id='word_1_446' title='bbox 637 6032 735 6081; x_wconf 86' lang='lat' dir='ltr'>duo</span> <span class='ocrx_word' id='word_1_447' title='bbox 757 6044 868 6081; x_wconf 82' lang='lat' dir='ltr'>mss.</span> <span class='ocrx_word' id='word_1_448' title='bbox 906 6034 999 6079; x_wconf 87' lang='grc' dir='ltr'>τῶν</span> <span class='ocrx_word' id='word_1_449' title='bbox 1017 6028 1168 6094; x_wconf 63' lang='grc' dir='ltr'>φόνων</span> <span class='ocrx_word' id='word_1_450' title='bbox 1191 6028 1338 6095; x_wconf 67' lang='lat' dir='ltr'><strong>male</strong></span> <span class='ocrx_word' id='word_1_451' title='bbox 1361 6041 1419 6111; x_wconf 47' lang='lat' dir='ltr'><strong>l2</strong></span> <span class='ocrx_word' id='word_1_452' title='bbox 1434 6028 1648 6111; x_wconf 46' lang='lat' dir='ltr'>videlu&#39;r:</span> 
     </span>
    </p>
   </div>
   <div class='ocr_carea' id='block_1_56' title="bbox 2090 2053 3777 2131">
    <p class='ocr_par' dir='ltr' id='par_1_56' title="bbox 2090 2053 3777 2131">
     <span class='ocr_line' id='line_1_58' title="bbox 2090 2053 3777 2131; baseline -0.005 -17"><span class='ocrx_word' id='word_1_453' title='bbox 2090 2060 2303 2131; x_wconf 90' lang='grc' dir='ltr'>σφαγάς</span> <span class='ocrx_word' id='word_1_454' title='bbox 2332 2059 2397 2124; x_wconf 88' lang='grc' dir='ltr'>ἃς</span> <span class='ocrx_word' id='word_1_455' title='bbox 2410 2058 2587 2113; x_wconf 85' lang='grc' dir='ltr'>αἰτῶν</span> <span class='ocrx_word' id='word_1_456' title='bbox 2600 2058 2713 2112; x_wconf 89' lang='grc' dir='ltr'>τότε</span> <span class='ocrx_word' id='word_1_457' title='bbox 2727 2055 3081 2128; x_wconf 85' lang='grc' dir='ltr'>κωλυομένων</span> <span class='ocrx_word' id='word_1_458' title='bbox 3094 2054 3363 2109; x_wconf 83' lang='grc' dir='ltr'>Ἰουδαίων</span> <span class='ocrx_word' id='word_1_459' title='bbox 3374 2054 3455 2117; x_wconf 87' lang='grc' dir='ltr'>είς</span> <span class='ocrx_word' id='word_1_460' title='bbox 3464 2054 3657 2117; x_wconf 84' lang='grc' dir='ltr'>αὐτοὺς</span> <span class='ocrx_word' id='word_1_461' title='bbox 3671 2071 3693 2104; x_wconf 86' lang='grc' dir='ltr'>ε</span> <span class='ocrx_word' id='word_1_462' title='bbox 3703 2053 3777 2125; x_wconf 87' lang='grc' dir='ltr'>ἰρ-</span> 
     </span>
    </p>
   </div>
   <div class='ocr_carea' id='block_1_57' title="bbox 2087 2141 3774 2218">
    <p class='ocr_par' dir='ltr' id='par_1_57' title="bbox 2087 2141 3774 2218">
     <span class='ocr_line' id='line_1_59' title="bbox 2087 2141 3774 2218; baseline -0.006 -16"><span class='ocrx_word' id='word_1_463' title='bbox 2087 2150 2326 2217; x_wconf 87' lang='grc' dir='ltr'>γάσαντο</span> <span class='ocrx_word' id='word_1_464' title='bbox 2360 2150 2560 2218; x_wconf 87' lang='grc' dir='ltr'>χεῖρες,</span> <span class='ocrx_word' id='word_1_465' title='bbox 2583 2145 2840 2217; x_wconf 87' lang='grc' dir='ltr'>ἐϐρέχετο</span> <span class='ocrx_word' id='word_1_466' title='bbox 2871 2143 2971 2214; x_wconf 86' lang='grc' dir='ltr'>μὲν</span> <span class='ocrx_word' id='word_1_467' title='bbox 2985 2142 3064 2213; x_wconf 84' lang='grc' dir='ltr'>τῷ</span> <span class='ocrx_word' id='word_1_468' title='bbox 3080 2142 3188 2196; x_wconf 90' lang='grc' dir='ltr'>τῶν</span> <span class='ocrx_word' id='word_1_469' title='bbox 3211 2142 3571 2214; x_wconf 82' lang='grc' dir='ltr'>ἀνῃρημένων</span> <span class='ocrx_word' id='word_1_470' title='bbox 3581 2141 3774 2211; x_wconf 77' lang='grc' dir='ltr'>αἵματι</span> 
     </span>
    </p>
   </div>
   <div class='ocr_carea' id='block_1_58' title="bbox 2090 2228 3772 2304">
    <p class='ocr_par' dir='ltr' id='par_1_58' title="bbox 2090 2228 3772 2304">
     <span class='ocr_line' id='line_1_60' title="bbox 2090 2228 3772 2304; baseline -0.005 -14"><span class='ocrx_word' id='word_1_471' title='bbox 2090 2236 2178 2289; x_wconf 81' lang='grc' dir='ltr'>διὰ</span> <span class='ocrx_word' id='word_1_472' title='bbox 2219 2235 2417 2289; x_wconf 91' lang='grc' dir='ltr'>πολλοῦ</span> <span class='ocrx_word' id='word_1_473' title='bbox 2460 2234 2553 2288; x_wconf 90' lang='grc' dir='ltr'>τοῦ</span> <span class='ocrx_word' id='word_1_474' title='bbox 2584 2233 2782 2304; x_wconf 85' lang='grc' dir='ltr'>βάθους</span> <span class='ocrx_word' id='word_1_475' title='bbox 2805 2235 2838 2303; x_wconf 82' lang='grc' dir='ltr'><strong>ἡ</strong></span> <span class='ocrx_word' id='word_1_476' title='bbox 2865 2232 2958 2303; x_wconf 82' lang='grc' dir='ltr'>γῆ,</span> <span class='ocrx_word' id='word_1_477' title='bbox 2986 2232 3080 2285; x_wconf 81' lang='grc' dir='ltr'>καὶ</span> <span class='ocrx_word' id='word_1_478' title='bbox 3111 2230 3280 2295; x_wconf 83' lang='grc' dir='ltr'>πολὺς</span> <span class='ocrx_word' id='word_1_479' title='bbox 3318 2231 3428 2284; x_wconf 85' lang='grc' dir='ltr'>ἀπὸ</span> <span class='ocrx_word' id='word_1_480' title='bbox 3456 2230 3648 2283; x_wconf 89' lang='grc' dir='ltr'>τούτου</span> <span class='ocrx_word' id='word_1_481' title='bbox 3674 2228 3772 2281; x_wconf 87' lang='grc' dir='ltr'>τοῦ</span> 
     </span>
    </p>
   </div>
   <div class='ocr_carea' id='block_1_59' title="bbox 2086 2316 3775 2395">
    <p class='ocr_par' dir='ltr' id='par_1_59' title="bbox 2086 2316 3775 2395">
     <span class='ocr_line' id='line_1_61' title="bbox 2086 2316 3775 2395; baseline -0.004 -18"><span class='ocrx_word' id='word_1_482' title='bbox 2086 2324 2317 2395; x_wconf 80' lang='grc' dir='ltr'>αἵματος</span> <span class='ocrx_word' id='word_1_483' title='bbox 2344 2325 2554 2392; x_wconf 83' lang='grc' dir='ltr'>ἐγίνετο</span> <span class='ocrx_word' id='word_1_484' title='bbox 2591 2321 2761 2393; x_wconf 82' lang='grc' dir='ltr'>πηλός</span> <span class='ocrx_word' id='word_1_485' title='bbox 2780 2338 2795 2353; x_wconf 79' lang='grc'><em>’</em></span> <span class='ocrx_word' id='word_1_486' title='bbox 2816 2320 2925 2373; x_wconf 86' lang='grc' dir='ltr'>τῶν</span> <span class='ocrx_word' id='word_1_487' title='bbox 2954 2319 3009 2373; x_wconf 89' lang='grc' dir='ltr'>δὲ</span> <span class='ocrx_word' id='word_1_488' title='bbox 3044 2319 3311 2389; x_wconf 90' lang='grc' dir='ltr'>σωμάτων</span> <span class='ocrx_word' id='word_1_489' title='bbox 3327 2318 3434 2372; x_wconf 90' lang='grc' dir='ltr'>τῶν</span> <span class='ocrx_word' id='word_1_490' title='bbox 3448 2334 3507 2371; x_wconf 88' lang='grc' dir='ltr'>τε</span> <span class='ocrx_word' id='word_1_491' title='bbox 3539 2316 3775 2371; x_wconf 80' lang='grc' dir='ltr'>ἱππείων</span> 
     </span>
    </p>
   </div>
   <div class='ocr_carea' id='block_1_60' title="bbox 2085 2402 3773 2481">
    <p class='ocr_par' dir='ltr' id='par_1_60' title="bbox 2085 2402 3773 2481">
     <span class='ocr_line' id='line_1_62' title="bbox 2085 2402 3773 2481; baseline -0.005 -17"><span class='ocrx_word' id='word_1_492' title='bbox 2085 2410 2196 2464; x_wconf 88' lang='grc' dir='ltr'>τῶν</span> <span class='ocrx_word' id='word_1_493' title='bbox 2232 2428 2292 2464; x_wconf 88' lang='grc' dir='ltr'>τε</span> <span class='ocrx_word' id='word_1_494' title='bbox 2322 2408 2675 2481; x_wconf 87' lang='grc' dir='ltr'>ἀνθρωπίνων</span> <span class='ocrx_word' id='word_1_495' title='bbox 2700 2406 2837 2478; x_wconf 91' lang='grc' dir='ltr'>ὁμοῦ</span> <span class='ocrx_word' id='word_1_496' title='bbox 2883 2406 3278 2477; x_wconf 83' lang='grc' dir='ltr'>πεφυρμένων,</span> <span class='ocrx_word' id='word_1_497' title='bbox 3324 2407 3389 2459; x_wconf 85' lang='grc' dir='ltr'>ἐκ</span> <span class='ocrx_word' id='word_1_498' title='bbox 3427 2403 3631 2458; x_wconf 89' lang='grc' dir='ltr'>τούτων</span> <span class='ocrx_word' id='word_1_499' title='bbox 3674 2402 3773 2457; x_wconf 68' lang='grc' dir='ltr'>κοιλ⁸</span> 
     </span>
    </p>
   </div>
   <div class='ocr_carea' id='block_1_61' title="bbox 2087 2492 3771 2566">
    <p class='ocr_par' dir='ltr' id='par_1_61' title="bbox 2087 2492 3771 2566">
     <span class='ocr_line' id='line_1_63' title="bbox 2087 2492 3771 2566; baseline -0.004 -15"><span class='ocrx_word' id='word_1_500' title='bbox 2087 2498 2196 2552; x_wconf 88' lang='grc' dir='ltr'>τῶν</span> <span class='ocrx_word' id='word_1_501' title='bbox 2226 2499 2285 2551; x_wconf 87' lang='grc' dir='ltr'>ἐν</span> <span class='ocrx_word' id='word_1_502' title='bbox 2320 2498 2532 2556; x_wconf 84' lang='grc' dir='ltr'>τούτοις</span> <span class='ocrx_word' id='word_1_503' title='bbox 2576 2494 3053 2566; x_wconf 88' lang='grc' dir='ltr'>προστριϐομένων</span> <span class='ocrx_word' id='word_1_504' title='bbox 3086 2492 3322 2547; x_wconf 87' lang='grc' dir='ltr'>ῶτειλῶν</span> <span class='ocrx_word' id='word_1_505' title='bbox 3347 2493 3600 2546; x_wconf 89' lang='grc' dir='ltr'>τοσοῦτον</span> <span class='ocrx_word' id='word_1_506' title='bbox 3625 2508 3771 2544; x_wconf 85' lang='grc' dir='ltr'>σκω-</span> 
     </span>
    </p>
   </div>
   <div class='ocr_carea' id='block_1_62' title="bbox 2087 2579 3873 2661">
    <p class='ocr_par' dir='ltr' id='par_1_62' title="bbox 2087 2579 3873 2661">
     <span class='ocr_line' id='line_1_64' title="bbox 2087 2579 3873 2661; baseline -0.003 -24"><span class='ocrx_word' id='word_1_507' title='bbox 2087 2584 2270 2656; x_wconf 89' lang='grc' dir='ltr'>λήκων</span> <span class='ocrx_word' id='word_1_508' title='bbox 2289 2584 2531 2637; x_wconf 81' lang='grc' dir='ltr'>ἐτίκτετο</span> <span class='ocrx_word' id='word_1_509' title='bbox 2554 2582 2781 2652; x_wconf 79' lang='grc' dir='ltr'>πλῆθος,</span> <span class='ocrx_word' id='word_1_510' title='bbox 2807 2582 2880 2644; x_wconf 84' lang='grc' dir='ltr'>ὼς</span> <span class='ocrx_word' id='word_1_511' title='bbox 2905 2582 3005 2652; x_wconf 84' lang='grc' dir='ltr'>τὴν</span> <span class='ocrx_word' id='word_1_512' title='bbox 3034 2581 3132 2651; x_wconf 80' lang='grc' dir='ltr'>μὲν</span> <span class='ocrx_word' id='word_1_513' title='bbox 3157 2580 3260 2651; x_wconf 81' lang='grc' dir='ltr'>γῆν</span> <span class='ocrx_word' id='word_1_514' title='bbox 3286 2579 3363 2651; x_wconf 82' lang='grc' dir='ltr'>τῷ</span> <span class='ocrx_word' id='word_1_515' title='bbox 3398 2581 3594 2652; x_wconf 89' lang='grc' dir='ltr'>πλήθει</span> <span class='ocrx_word' id='word_1_516' title='bbox 3632 2580 3769 2651; x_wconf 86' lang='grc' dir='ltr'>κρύ-</span> <span class='ocrx_word' id='word_1_517' title='bbox 3868 2656 3873 2661; x_wconf 27' lang='grc'>.</span> 
     </span>
    </p>
   </div>
   <div class='ocr_carea' id='block_1_63' title="bbox 2093 2667 3763 2741">
    <p class='ocr_par' dir='ltr' id='par_1_63' title="bbox 2093 2667 3763 2741">
     <span class='ocr_line' id='line_1_65' title="bbox 2093 2667 3763 2741; baseline -0.002 -16"><span class='ocrx_word' id='word_1_518' title='bbox 2093 2672 2325 2725; x_wconf 89' lang='grc' dir='ltr'>πτεσθαι</span> <span class='ocrx_word' id='word_1_519' title='bbox 2362 2671 2470 2724; x_wconf 91' lang='grc' dir='ltr'>τῶν</span> <span class='ocrx_word' id='word_1_520' title='bbox 2506 2670 2739 2741; x_wconf 88' lang='grc' dir='ltr'>νεκρῶν,</span> <span class='ocrx_word' id='word_1_521' title='bbox 2777 2670 3002 2732; x_wconf 85' lang='grc' dir='ltr'>τούτους</span> <span class='ocrx_word' id='word_1_522' title='bbox 3031 2668 3088 2721; x_wconf 88' lang='grc' dir='ltr'>δὲ</span> <span class='ocrx_word' id='word_1_523' title='bbox 3121 2669 3317 2732; x_wconf 78' lang='grc' dir='ltr'>αὐτοὺς</span> <span class='ocrx_word' id='word_1_524' title='bbox 3339 2668 3498 2722; x_wconf 84' lang='grc' dir='ltr'>πάλιν</span> <span class='ocrx_word' id='word_1_525' title='bbox 3528 2667 3608 2738; x_wconf 84' lang='grc' dir='ltr'>τῷ</span> <span class='ocrx_word' id='word_1_526' title='bbox 3659 2667 3763 2722; x_wconf 82' lang='grc' dir='ltr'>τῶν</span> 
     </span>
    </p>
   </div>
   <div class='ocr_carea' id='block_1_64' title="bbox 2090 2754 3768 2829">
    <p class='ocr_par' dir='ltr' id='par_1_64' title="bbox 2090 2754 3768 2829">
     <span class='ocr_line' id='line_1_66' title="bbox 2090 2754 3768 2829; baseline -0.004 -16"><span class='ocrx_word' id='word_1_527' title='bbox 2090 2758 2409 2829; x_wconf 87' lang='grc' dir='ltr'>σκωλήκων.</span> <span class='ocrx_word' id='word_1_528' title='bbox 2469 2754 2639 2813; x_wconf 80' lang='grc' dir='ltr'>Εἶπεν</span> <span class='ocrx_word' id='word_1_529' title='bbox 2659 2758 2724 2811; x_wconf 81' lang='grc' dir='ltr'>ἄν</span> <span class='ocrx_word' id='word_1_530' title='bbox 2748 2774 2852 2821; x_wconf 81' lang='grc' dir='ltr'>τις,</span> <span class='ocrx_word' id='word_1_531' title='bbox 2872 2757 3050 2810; x_wconf 81' lang='grc' dir='ltr'>ἐκεῖνο</span> <span class='ocrx_word' id='word_1_532' title='bbox 3076 2756 3138 2810; x_wconf 84' lang='grc' dir='ltr'>τὸ</span> <span class='ocrx_word' id='word_1_533' title='bbox 3172 2757 3356 2810; x_wconf 90' lang='grc' dir='ltr'>πεδίον</span> <span class='ocrx_word' id='word_1_534' title='bbox 3384 2755 3529 2819; x_wconf 87' lang='grc' dir='ltr'>ἰδὼν,</span> <span class='ocrx_word' id='word_1_535' title='bbox 3564 2756 3624 2808; x_wconf 80' lang='grc' dir='ltr'>οὐ</span> <span class='ocrx_word' id='word_1_536' title='bbox 3659 2755 3768 2808; x_wconf 83' lang='grc' dir='ltr'>σώ-</span> 
     </span>
    </p>
   </div>
   <div class='ocr_carea' id='block_1_65' title="bbox 2093 2842 3773 2917">
    <p class='ocr_par' dir='ltr' id='par_1_65' title="bbox 2093 2842 3773 2917">
     <span class='ocr_line' id='line_1_67' title="bbox 2093 2842 3773 2917; baseline -0.002 -17"><span class='ocrx_word' id='word_1_537' title='bbox 2093 2864 2242 2917; x_wconf 89' lang='grc' dir='ltr'>ματα</span> <span class='ocrx_word' id='word_1_538' title='bbox 2259 2845 2504 2900; x_wconf 88' lang='grc' dir='ltr'>κάτωθεν</span> <span class='ocrx_word' id='word_1_539' title='bbox 2525 2844 2845 2900; x_wconf 85' lang='grc' dir='ltr'>ὑποκεῖσθαι</span> <span class='ocrx_word' id='word_1_540' title='bbox 2862 2844 3094 2916; x_wconf 85' lang='grc' dir='ltr'>νεκρῶν,</span> <span class='ocrx_word' id='word_1_541' title='bbox 3120 2844 3256 2898; x_wconf 89' lang='grc' dir='ltr'>ἀλλά</span> <span class='ocrx_word' id='word_1_542' title='bbox 3274 2844 3458 2915; x_wconf 86' lang='grc' dir='ltr'>πηγὰς</span> <span class='ocrx_word' id='word_1_543' title='bbox 3484 2842 3621 2898; x_wconf 75' lang='grc' dir='ltr'>εἶναι</span> <span class='ocrx_word' id='word_1_544' title='bbox 3639 2844 3773 2897; x_wconf 82' lang='grc' dir='ltr'>πολ-</span> 
     </span>
    </p>
   </div>
   <div class='ocr_carea' id='block_1_66' title="bbox 2088 2933 3766 3008">
    <p class='ocr_par' dir='ltr' id='par_1_66' title="bbox 2088 2933 3766 3008">
     <span class='ocr_line' id='line_1_68' title="bbox 2088 2933 3766 3008; baseline -0.002 -19"><span class='ocrx_word' id='word_1_545' title='bbox 2088 2938 2207 3003; x_wconf 91' lang='grc' dir='ltr'>λάς,</span> <span class='ocrx_word' id='word_1_546' title='bbox 2231 2938 2325 2993; x_wconf 73' lang='grc' dir='ltr'>καὶ</span> <span class='ocrx_word' id='word_1_547' title='bbox 2349 2937 2677 3008; x_wconf 88' lang='grc' dir='ltr'>πολλαχόθεν</span> <span class='ocrx_word' id='word_1_548' title='bbox 2705 2938 2880 2989; x_wconf 85' lang='grc' dir='ltr'>ἐκεῖνο</span> <span class='ocrx_word' id='word_1_549' title='bbox 2905 2935 3178 3007; x_wconf 83' lang='grc' dir='ltr'>φερούσας</span> <span class='ocrx_word' id='word_1_550' title='bbox 3201 2935 3308 2989; x_wconf 90' lang='grc' dir='ltr'>τῶν</span> <span class='ocrx_word' id='word_1_551' title='bbox 3328 2934 3483 3000; x_wconf 80' lang='grc' dir='ltr'>ζώων</span> <span class='ocrx_word' id='word_1_552' title='bbox 3504 2934 3565 2988; x_wconf 76' lang='grc' dir='ltr'>τὸ</span> <span class='ocrx_word' id='word_1_553' title='bbox 3586 2933 3766 3003; x_wconf 82' lang='grc' dir='ltr'>γένος’</span> 
     </span>
    </p>
   </div>
   <div class='ocr_carea' id='block_1_67' title="bbox 2090 3022 3768 3097">
    <p class='ocr_par' dir='ltr' id='par_1_67' title="bbox 2090 3022 3768 3097">
     <span class='ocr_line' id='line_1_69' title="bbox 2090 3022 3768 3097; baseline -0.004 -18"><span class='ocrx_word' id='word_1_554' title='bbox 2090 3025 2233 3079; x_wconf 86' lang='grc' dir='ltr'>οῦτω</span> <span class='ocrx_word' id='word_1_555' title='bbox 2258 3026 2439 3097; x_wconf 87' lang='grc' dir='ltr'>πάσης</span> <span class='ocrx_word' id='word_1_556' title='bbox 2474 3024 2783 3096; x_wconf 77' lang='grc' dir='ltr'>ὲπιρροπῆς</span> <span class='ocrx_word' id='word_1_557' title='bbox 2818 3023 3176 3094; x_wconf 81' lang='grc' dir='ltr'>σφοδρότερον</span> <span class='ocrx_word' id='word_1_558' title='bbox 3202 3022 3311 3075; x_wconf 86' lang='grc' dir='ltr'>ἀπὸ</span> <span class='ocrx_word' id='word_1_559' title='bbox 3344 3023 3445 3092; x_wconf 83' lang='grc' dir='ltr'>τῆς</span> <span class='ocrx_word' id='word_1_560' title='bbox 3476 3023 3768 3093; x_wconf 81' lang='grc' dir='ltr'>σηπεδόνος</span> 
     </span>
    </p>
   </div>
   <div class='ocr_carea' id='block_1_68' title="bbox 2090 3109 3770 3183">
    <p class='ocr_par' dir='ltr' id='par_1_68' title="bbox 2090 3109 3770 3183">
     <span class='ocr_line' id='line_1_70' title="bbox 2090 3109 3770 3183; baseline -0.002 -19"><span class='ocrx_word' id='word_1_561' title='bbox 2090 3112 2303 3183; x_wconf 81' lang='grc' dir='ltr'>ἐκείνης</span> <span class='ocrx_word' id='word_1_562' title='bbox 2349 3111 2642 3176; x_wconf 81' lang='grc' dir='ltr'>ἀνέϐλυζεν</span> <span class='ocrx_word' id='word_1_563' title='bbox 2669 3113 2702 3183; x_wconf 84' lang='grc' dir='ltr'>ὴ</span> <span class='ocrx_word' id='word_1_564' title='bbox 2738 3110 2848 3163; x_wconf 92' lang='grc' dir='ltr'>τῶν</span> <span class='ocrx_word' id='word_1_565' title='bbox 2875 3110 3173 3181; x_wconf 88' lang='grc' dir='ltr'>σκωλήκων</span> <span class='ocrx_word' id='word_1_566' title='bbox 3197 3109 3358 3181; x_wconf 91' lang='grc' dir='ltr'>φορά.</span> <span class='ocrx_word' id='word_1_567' title='bbox 3388 3110 3560 3163; x_wconf 88' lang='grc' dir='ltr'>Τοῦτο</span> <span class='ocrx_word' id='word_1_568' title='bbox 3588 3110 3644 3164; x_wconf 85' lang='grc' dir='ltr'>δὲ</span> <span class='ocrx_word' id='word_1_569' title='bbox 3667 3110 3770 3162; x_wconf 69' lang='grc' dir='ltr'>οὐκ</span> 
     </span>
    </p>
   </div>
   <div class='ocr_carea' id='block_1_69' title="bbox 2090 3198 3766 3270">
    <p class='ocr_par' dir='ltr' id='par_1_69' title="bbox 2090 3198 3766 3270">
     <span class='ocr_line' id='line_1_71' title="bbox 2090 3198 3766 3270; baseline -0.001 -17"><span class='ocrx_word' id='word_1_570' title='bbox 2090 3201 2183 3253; x_wconf 76' lang='grc' dir='ltr'>ἐπὶ</span> <span class='ocrx_word' id='word_1_571' title='bbox 2198 3201 2329 3253; x_wconf 90' lang='grc' dir='ltr'>δέκα</span> <span class='ocrx_word' id='word_1_572' title='bbox 2356 3201 2449 3253; x_wconf 74' lang='grc' dir='ltr'>καὶ</span> <span class='ocrx_word' id='word_1_573' title='bbox 2485 3199 2689 3254; x_wconf 78' lang='grc' dir='ltr'>εἴκοσιν</span> <span class='ocrx_word' id='word_1_574' title='bbox 2714 3199 2949 3270; x_wconf 80' lang='grc' dir='ltr'>ἡμέραις</span> <span class='ocrx_word' id='word_1_575' title='bbox 2966 3199 3175 3266; x_wconf 89' lang='grc' dir='ltr'>ἐγίνετο</span> <span class='ocrx_word' id='word_1_576' title='bbox 3199 3200 3377 3269; x_wconf 90' lang='grc' dir='ltr'>μόνον,</span> <span class='ocrx_word' id='word_1_577' title='bbox 3398 3198 3511 3252; x_wconf 83' lang='grc' dir='ltr'>ἀλλ’</span> <span class='ocrx_word' id='word_1_578' title='bbox 3531 3199 3623 3253; x_wconf 79' lang='grc' dir='ltr'>ἐπὶ</span> <span class='ocrx_word' id='word_1_579' title='bbox 3641 3199 3766 3252; x_wconf 75' lang='grc' dir='ltr'>πολ·</span> 
     </span>
    </p>
   </div>
   <div class='ocr_carea' id='block_1_70' title="bbox 2090 3287 3772 3359">
    <p class='ocr_par' dir='ltr' id='par_1_70' title="bbox 2090 3287 3772 3359">
     <span class='ocr_line' id='line_1_72' title="bbox 2090 3287 3772 3359; baseline -0.001 -18"><span class='ocrx_word' id='word_1_580' title='bbox 2090 3288 2169 3359; x_wconf 80' lang='grc' dir='ltr'>λῶ</span> <span class='ocrx_word' id='word_1_581' title='bbox 2196 3288 2273 3359; x_wconf 82' lang='grc' dir='ltr'>τῷ</span> <span class='ocrx_word' id='word_1_582' title='bbox 2296 3291 2490 3359; x_wconf 83' lang='grc' dir='ltr'>χρόνῳ.</span> <span class='ocrx_word' id='word_1_583' title='bbox 2530 3289 2639 3342; x_wconf 72' lang='grc' dir='ltr'>Καὶ</span> <span class='ocrx_word' id='word_1_584' title='bbox 2685 3290 2751 3340; x_wconf 86' lang='grc' dir='ltr'>τὰ</span> <span class='ocrx_word' id='word_1_585' title='bbox 2788 3287 2885 3357; x_wconf 87' lang='grc' dir='ltr'>μὲν</span> <span class='ocrx_word' id='word_1_586' title='bbox 2913 3287 3146 3340; x_wconf 84' lang='grc' dir='ltr'>ἐνταῦθα</span> <span class='ocrx_word' id='word_1_587' title='bbox 3175 3287 3417 3341; x_wconf 90' lang='grc' dir='ltr'>τοιαῦτα·</span> <span class='ocrx_word' id='word_1_588' title='bbox 3464 3288 3534 3341; x_wconf 85' lang='grc' dir='ltr'>τὰ</span> <span class='ocrx_word' id='word_1_589' title='bbox 3564 3287 3619 3340; x_wconf 81' lang='grc' dir='ltr'>δὲ</span> <span class='ocrx_word' id='word_1_590' title='bbox 3651 3288 3772 3340; x_wconf 84' lang='grc' dir='ltr'>ἐκεῖ</span> 
     </span>
    </p>
   </div>
   <div class='ocr_carea' id='block_1_71' title="bbox 2080 3373 3765 3447">
    <p class='ocr_par' dir='ltr' id='par_1_71' title="bbox 2080 3373 3765 3447">
     <span class='ocr_line' id='line_1_73' title="bbox 2080 3373 3765 3447; baseline -0.001 -18"><span class='ocrx_word' id='word_1_591' title='bbox 2080 3375 2435 3446; x_wconf 82' lang='grc' dir='ltr'>διαδεξόμενα</span> <span class='ocrx_word' id='word_1_592' title='bbox 2457 3376 2674 3440; x_wconf 83' lang='grc' dir='ltr'>αὐτοὺς,</span> <span class='ocrx_word' id='word_1_593' title='bbox 2700 3373 2880 3444; x_wconf 83' lang='grc' dir='ltr'>πολλῷ</span> <span class='ocrx_word' id='word_1_594' title='bbox 2900 3375 3107 3427; x_wconf 88' lang='grc' dir='ltr'>τούτων</span> <span class='ocrx_word' id='word_1_595' title='bbox 3129 3375 3247 3427; x_wconf 76' lang='grc' dir='ltr'>ἐστὶ</span> <span class='ocrx_word' id='word_1_596' title='bbox 3274 3375 3652 3447; x_wconf 87' lang='grc' dir='ltr'>χαλεπώτερα.</span> <span class='ocrx_word' id='word_1_597' title='bbox 3689 3377 3765 3429; x_wconf 78' lang='grc' dir='ltr'>υὺ</span> 
     </span>
    </p>
   </div>
   <div class='ocr_carea' id='block_1_72' title="bbox 2082 3463 3766 3536">
    <p class='ocr_par' dir='ltr' id='par_1_72' title="bbox 2082 3463 3766 3536">
     <span class='ocr_line' id='line_1_74' title="bbox 2082 3463 3766 3536; baseline 0 -19"><span class='ocrx_word' id='word_1_598' title='bbox 2082 3464 2193 3535; x_wconf 88' lang='grc' dir='ltr'>γὰρ</span> <span class='ocrx_word' id='word_1_599' title='bbox 2217 3466 2298 3528; x_wconf 87' lang='grc' dir='ltr'>είς</span> <span class='ocrx_word' id='word_1_600' title='bbox 2326 3466 2477 3535; x_wconf 81' lang='grc' dir='ltr'>χίλια</span> <span class='ocrx_word' id='word_1_601' title='bbox 2498 3464 2615 3536; x_wconf 78' lang='grc' dir='ltr'>ἔτη,</span> <span class='ocrx_word' id='word_1_602' title='bbox 2647 3463 2769 3516; x_wconf 82' lang='grc' dir='ltr'>οὐδὲ</span> <span class='ocrx_word' id='word_1_603' title='bbox 2795 3466 2875 3527; x_wconf 88' lang='grc' dir='ltr'>εἰς</span> <span class='ocrx_word' id='word_1_604' title='bbox 2907 3463 3077 3534; x_wconf 90' lang='grc' dir='ltr'>μύρια</span> <span class='ocrx_word' id='word_1_605' title='bbox 3103 3463 3287 3534; x_wconf 90' lang='grc' dir='ltr'>μόνον,</span> <span class='ocrx_word' id='word_1_606' title='bbox 3321 3464 3443 3517; x_wconf 79' lang='grc' dir='ltr'>οὐδὲ</span> <span class='ocrx_word' id='word_1_607' title='bbox 3465 3466 3545 3527; x_wconf 86' lang='grc' dir='ltr'>είς</span> <span class='ocrx_word' id='word_1_608' title='bbox 3567 3464 3649 3527; x_wconf 70' lang='grc' dir='ltr'>δὶς</span> <span class='ocrx_word' id='word_1_609' title='bbox 3675 3481 3766 3517; x_wconf 86' lang='grc' dir='ltr'>το-</span> 
     </span>
    </p>
   </div>
   <div class='ocr_carea' id='block_1_73' title="bbox 2081 3555 3769 3629">
    <p class='ocr_par' dir='ltr' id='par_1_73' title="bbox 2081 3555 3769 3629">
     <span class='ocr_line' id='line_1_75' title="bbox 2081 3555 3769 3629; baseline 0 -19"><span class='ocrx_word' id='word_1_610' title='bbox 2081 3557 2275 3621; x_wconf 90' lang='grc' dir='ltr'>σαῦτα,</span> <span class='ocrx_word' id='word_1_611' title='bbox 2307 3557 2402 3610; x_wconf 71' lang='grc' dir='ltr'>καὶ</span> <span class='ocrx_word' id='word_1_612' title='bbox 2431 3556 2573 3629; x_wconf 75' lang='grc' dir='ltr'>τρὶς,</span> <span class='ocrx_word' id='word_1_613' title='bbox 2599 3555 2714 3609; x_wconf 89' lang='grc' dir='ltr'>ἀλλ’</span> <span class='ocrx_word' id='word_1_614' title='bbox 2740 3557 2822 3619; x_wconf 89' lang='grc' dir='ltr'>είς</span> <span class='ocrx_word' id='word_1_615' title='bbox 2841 3555 3101 3625; x_wconf 87' lang='grc' dir='ltr'>ἀπείρους</span> <span class='ocrx_word' id='word_1_616' title='bbox 3127 3556 3332 3619; x_wconf 87' lang='grc' dir='ltr'>αἰῶνας</span> <span class='ocrx_word' id='word_1_617' title='bbox 3355 3555 3673 3625; x_wconf 77' lang='grc' dir='ltr'>ψυχωθέντα</span> <span class='ocrx_word' id='word_1_618' title='bbox 3696 3557 3769 3610; x_wconf 65' lang='grc' dir='ltr'>τὰ</span> 
     </span>
    </p>
   </div>
   <div class='ocr_carea' id='block_1_74' title="bbox 2081 3641 3765 3715">
    <p class='ocr_par' dir='ltr' id='par_1_74' title="bbox 2081 3641 3765 3715">
     <span class='ocr_line' id='line_1_76' title="bbox 2081 3641 3765 3715; baseline -0.002 -18"><span class='ocrx_word' id='word_1_619' title='bbox 2081 3642 2326 3713; x_wconf 88' lang='grc' dir='ltr'>σώματα,</span> <span class='ocrx_word' id='word_1_620' title='bbox 2346 3645 2465 3696; x_wconf 89' lang='grc' dir='ltr'>τότε</span> <span class='ocrx_word' id='word_1_621' title='bbox 2493 3641 2817 3713; x_wconf 86' lang='grc' dir='ltr'>δέχεταιτάς</span> <span class='ocrx_word' id='word_1_622' title='bbox 2837 3641 3100 3712; x_wconf 84' lang='grc' dir='ltr'>βασάνους</span> <span class='ocrx_word' id='word_1_623' title='bbox 3128 3643 3339 3706; x_wconf 78' lang='grc' dir='ltr'>καὶτὰς</span> <span class='ocrx_word' id='word_1_624' title='bbox 3367 3644 3638 3715; x_wconf 67' lang='grc' dir='ltr'>ἀρρήτους</span> <span class='ocrx_word' id='word_1_625' title='bbox 3668 3644 3765 3696; x_wconf 79' lang='grc' dir='ltr'>άλ-</span> 
     </span>
    </p>
   </div>
   <div class='ocr_carea' id='block_1_75' title="bbox 2080 3727 3764 3802">
    <p class='ocr_par' dir='ltr' id='par_1_75' title="bbox 2080 3727 3764 3802">
     <span class='ocr_line' id='line_1_77' title="bbox 2080 3727 3764 3802; baseline 0.001 -19"><span class='ocrx_word' id='word_1_626' title='bbox 2080 3731 2312 3802; x_wconf 89' lang='grc' dir='ltr'>γηδόνας</span> <span class='ocrx_word' id='word_1_627' title='bbox 2334 3730 2570 3793; x_wconf 85' lang='grc' dir='ltr'>ὲκείνας.</span> <span class='ocrx_word' id='word_1_628' title='bbox 2601 3729 2711 3782; x_wconf 80' lang='grc' dir='ltr'>Καὶ</span> <span class='ocrx_word' id='word_1_629' title='bbox 2736 3729 2910 3783; x_wconf 90' lang='grc' dir='ltr'>ταῦτα</span> <span class='ocrx_word' id='word_1_630' title='bbox 2939 3731 3226 3801; x_wconf 86' lang='grc' dir='ltr'>ἀμφότερα</span> <span class='ocrx_word' id='word_1_631' title='bbox 3262 3727 3372 3785; x_wconf 89' lang='grc' dir='ltr'>οἷδε</span> <span class='ocrx_word' id='word_1_632' title='bbox 3401 3732 3499 3801; x_wconf 84' lang='grc' dir='ltr'>μὲν</span> <span class='ocrx_word' id='word_1_633' title='bbox 3524 3732 3553 3784; x_wconf 97' lang='lat'>6</span> <span class='ocrx_word' id='word_1_634' title='bbox 3586 3734 3764 3801; x_wconf 84' lang='grc' dir='ltr'>μακά-</span> 
     </span>
    </p>
   </div>
   <div class='ocr_carea' id='block_1_76' title="bbox 2083 3811 3764 3888">
    <p class='ocr_par' dir='ltr' id='par_1_76' title="bbox 2083 3811 3764 3888">
     <span class='ocr_line' id='line_1_78' title="bbox 2083 3811 3764 3888; baseline 0 -18"><span class='ocrx_word' id='word_1_635' title='bbox 2083 3834 2195 3888; x_wconf 90' lang='grc' dir='ltr'>ριος</span> <span class='ocrx_word' id='word_1_636' title='bbox 2249 3818 2504 3879; x_wconf 81' lang='grc' dir='ltr'>Ἡσαΐας,</span> <span class='ocrx_word' id='word_1_637' title='bbox 2530 3811 2637 3869; x_wconf 74' lang='grc' dir='ltr'>οἶδε</span> <span class='ocrx_word' id='word_1_638' title='bbox 2661 3816 2717 3868; x_wconf 84' lang='grc' dir='ltr'>δὲ</span> <span class='ocrx_word' id='word_1_639' title='bbox 2757 3818 2786 3869; x_wconf 92' lang='lat'>6</span> <span class='ocrx_word' id='word_1_640' title='bbox 2819 3816 2929 3870; x_wconf 87' lang='grc' dir='ltr'>τῶν</span> <span class='ocrx_word' id='word_1_641' title='bbox 2970 3817 3290 3888; x_wconf 81' lang='grc' dir='ltr'>παραδόξων</span> <span class='ocrx_word' id='word_1_642' title='bbox 3336 3818 3513 3888; x_wconf 73' lang='grc' dir='ltr'>ὄψεων</span> <span class='ocrx_word' id='word_1_643' title='bbox 3559 3819 3764 3888; x_wconf 77' lang='grc' dir='ltr'>θεωρὸς</span> 
     </span>
    </p>
   </div>
   <div class='ocr_carea' id='block_1_77' title="bbox 2079 3903 3761 3978">
    <p class='ocr_par' dir='ltr' id='par_1_77' title="bbox 2079 3903 3761 3978">
     <span class='ocr_line' id='line_1_79' title="bbox 2079 3903 3761 3978; baseline 0 -21"><span class='ocrx_word' id='word_1_644' title='bbox 2079 3903 2359 3974; x_wconf 80' lang='grc' dir='ltr'>Ἰεζεκιὴλ,</span> <span class='ocrx_word' id='word_1_645' title='bbox 2380 3903 2429 3957; x_wconf 86' lang='grc' dir='ltr'>οἳ</span> <span class='ocrx_word' id='word_1_646' title='bbox 2446 3905 2540 3957; x_wconf 70' lang='grc' dir='ltr'>καὶ</span> <span class='ocrx_word' id='word_1_647' title='bbox 2555 3904 2663 3956; x_wconf 88' lang='grc' dir='ltr'>τῶν</span> <span class='ocrx_word' id='word_1_648' title='bbox 2681 3903 2778 3956; x_wconf 91' lang='grc' dir='ltr'>ἀνθ</span> <span class='ocrx_word' id='word_1_649' title='bbox 2788 3903 2986 3976; x_wconf 83' lang='grc' dir='ltr'>ρώπων</span> <span class='ocrx_word' id='word_1_650' title='bbox 3007 3904 3212 3958; x_wconf 89' lang='grc' dir='ltr'>τούτων</span> <span class='ocrx_word' id='word_1_651' title='bbox 3238 3906 3647 3978; x_wconf 85' lang='grc' dir='ltr'>διανειμάμενοι</span> <span class='ocrx_word' id='word_1_652' title='bbox 3662 3906 3761 3978; x_wconf 78' lang='grc' dir='ltr'>τὴν</span> 
     </span>
    </p>
   </div>
   <div class='ocr_carea' id='block_1_78' title="bbox 2078 3990 3757 4064">
    <p class='ocr_par' dir='ltr' id='par_1_78' title="bbox 2078 3990 3757 4064">
     <span class='ocr_line' id='line_1_80' title="bbox 2078 3990 3757 4064; baseline 0.002 -21"><span class='ocrx_word' id='word_1_653' title='bbox 2078 3990 2320 4057; x_wconf 86' lang='grc' dir='ltr'>κόλασιν,</span> <span class='ocrx_word' id='word_1_654' title='bbox 2352 3992 2380 4044; x_wconf 92' lang='lat'>6</span> <span class='ocrx_word' id='word_1_655' title='bbox 2406 3990 2508 4057; x_wconf 80' lang='grc' dir='ltr'>μὲν</span> <span class='ocrx_word' id='word_1_656' title='bbox 2528 3990 2625 4061; x_wconf 85' lang='grc' dir='ltr'>τὴν</span> <span class='ocrx_word' id='word_1_657' title='bbox 2651 3990 2906 4055; x_wconf 86' lang='grc' dir='ltr'>ἐνταῦθα,</span> <span class='ocrx_word' id='word_1_658' title='bbox 2935 3993 2963 4044; x_wconf 92' lang='lat'>6</span> <span class='ocrx_word' id='word_1_659' title='bbox 2988 3991 3045 4044; x_wconf 85' lang='grc' dir='ltr'>δὲ</span> <span class='ocrx_word' id='word_1_660' title='bbox 3082 3991 3180 4063; x_wconf 84' lang='grc' dir='ltr'>τὴν</span> <span class='ocrx_word' id='word_1_661' title='bbox 3215 3994 3333 4045; x_wconf 87' lang='grc' dir='ltr'>ἐκεῖ</span> <span class='ocrx_word' id='word_1_662' title='bbox 3371 3992 3671 4064; x_wconf 85' lang='grc' dir='ltr'>διηγήσατο</span> <span class='ocrx_word' id='word_1_663' title='bbox 3710 4006 3757 4046; x_wconf 73' lang='grc' dir='ltr'>ι’.</span> 
     </span>
    </p>
   </div>
   <div class='ocr_carea' id='block_1_79' title="bbox 2150 4078 3761 4152">
    <p class='ocr_par' dir='ltr' id='par_1_79' title="bbox 2150 4078 3761 4152">
     <span class='ocr_line' id='line_1_81' title="bbox 2150 4078 3761 4152; baseline 0.001 -20"><span class='ocrx_word' id='word_1_664' title='bbox 2150 4078 2215 4149; x_wconf 88' lang='grc' dir='ltr'>β’.</span> <span class='ocrx_word' id='word_1_665' title='bbox 2243 4078 2384 4147; x_wconf 86' lang='grc' dir='ltr'>Ἐγὼ</span> <span class='ocrx_word' id='word_1_666' title='bbox 2415 4079 2472 4132; x_wconf 85' lang='grc' dir='ltr'>δὲ</span> <span class='ocrx_word' id='word_1_667' title='bbox 2501 4078 2679 4132; x_wconf 78' lang='grc' dir='ltr'>αὐτῶν</span> <span class='ocrx_word' id='word_1_668' title='bbox 2718 4080 2816 4149; x_wconf 86' lang='grc' dir='ltr'>οὐχ</span> <span class='ocrx_word' id='word_1_669' title='bbox 2852 4079 3041 4143; x_wconf 81' lang='grc' dir='ltr'>ἁπλῶς</span> <span class='ocrx_word' id='word_1_670' title='bbox 3078 4081 3461 4152; x_wconf 87' lang='grc' dir='ltr'>ἐμνημόνευσα</span> <span class='ocrx_word' id='word_1_671' title='bbox 3490 4081 3583 4134; x_wconf 88' lang='grc' dir='ltr'>νῦν</span> <span class='ocrx_word' id='word_1_672' title='bbox 3607 4121 3621 4145; x_wconf 93' lang='grc'>,</span> <span class='ocrx_word' id='word_1_673' title='bbox 3644 4082 3761 4135; x_wconf 79' lang='grc' dir='ltr'>ἀλλ’</span> 
     </span>
    </p>
   </div>
   <div class='ocr_carea' id='block_1_80' title="bbox 2076 4165 3761 4239">
    <p class='ocr_par' dir='ltr' id='par_1_80' title="bbox 2076 4165 3761 4239">
     <span class='ocr_line' id='line_1_82' title="bbox 2076 4165 3761 4239; baseline 0.002 -21"><span class='ocrx_word' id='word_1_674' title='bbox 2076 4166 2262 4238; x_wconf 88' lang='grc' dir='ltr'>ἐπειδή</span> <span class='ocrx_word' id='word_1_675' title='bbox 2285 4184 2366 4229; x_wconf 91' lang='grc' dir='ltr'>τις</span> <span class='ocrx_word' id='word_1_676' title='bbox 2394 4165 2564 4219; x_wconf 82' lang='grc' dir='ltr'>ἐλθὼν</span> <span class='ocrx_word' id='word_1_677' title='bbox 2589 4168 2722 4238; x_wconf 80' lang='grc' dir='ltr'>ἡμῖν</span> <span class='ocrx_word' id='word_1_678' title='bbox 2751 4167 3087 4237; x_wconf 87' lang='grc' dir='ltr'>ἀπήγγειλεν</span> <span class='ocrx_word' id='word_1_679' title='bbox 3119 4168 3379 4237; x_wconf 88' lang='grc' dir='ltr'>ἀγγελίαν</span> <span class='ocrx_word' id='word_1_680' title='bbox 3410 4170 3612 4239; x_wconf 90' lang='grc' dir='ltr'>πικράν</span> <span class='ocrx_word' id='word_1_681' title='bbox 3640 4187 3761 4222; x_wconf 66' lang='grc' dir='ltr'>τινα</span> 
     </span>
    </p>
   </div>
   <div class='ocr_carea' id='block_1_81' title="bbox 2077 4252 3757 4328">
    <p class='ocr_par' dir='ltr' id='par_1_81' title="bbox 2077 4252 3757 4328">
     <span class='ocr_line' id='line_1_83' title="bbox 2077 4252 3757 4328; baseline 0.004 -23"><span class='ocrx_word' id='word_1_682' title='bbox 2077 4254 2172 4306; x_wconf 75' lang='grc' dir='ltr'>καὶ</span> <span class='ocrx_word' id='word_1_683' title='bbox 2199 4252 2459 4324; x_wconf 79' lang='grc' dir='ltr'>χαλεπὴν,</span> <span class='ocrx_word' id='word_1_684' title='bbox 2486 4254 2579 4306; x_wconf 76' lang='grc' dir='ltr'>καὶ</span> <span class='ocrx_word' id='word_1_685' title='bbox 2600 4254 2800 4323; x_wconf 84' lang='grc' dir='ltr'>πολλὴν</span> <span class='ocrx_word' id='word_1_686' title='bbox 2831 4257 2912 4317; x_wconf 87' lang='grc' dir='ltr'>είς</span> <span class='ocrx_word' id='word_1_687' title='bbox 2937 4254 3028 4307; x_wconf 81' lang='grc' dir='ltr'>τὸν</span> <span class='ocrx_word' id='word_1_688' title='bbox 3047 4256 3179 4308; x_wconf 88' lang='grc' dir='ltr'>Θεὸν</span> <span class='ocrx_word' id='word_1_689' title='bbox 3204 4256 3302 4328; x_wconf 79' lang='grc' dir='ltr'>τὴν</span> <span class='ocrx_word' id='word_1_690' title='bbox 3331 4256 3487 4326; x_wconf 82' lang='grc' dir='ltr'>ὓϐριν</span> <span class='ocrx_word' id='word_1_691' title='bbox 3507 4256 3757 4327; x_wconf 76' lang='grc' dir='ltr'>ἔχουσαν.</span> 
     </span>
    </p>
   </div>
   <div class='ocr_carea' id='block_1_82' title="bbox 2076 4336 3759 4414">
    <p class='ocr_par' dir='ltr' id='par_1_82' title="bbox 2076 4336 3759 4414">
     <span class='ocr_line' id='line_1_84' title="bbox 2076 4336 3759 4414; baseline 0.003 -22"><span class='ocrx_word' id='word_1_692' title='bbox 2076 4336 2230 4394; x_wconf 87' lang='grc' dir='ltr'>Εἶναι</span> <span class='ocrx_word' id='word_1_693' title='bbox 2265 4340 2372 4410; x_wconf 85' lang='grc' dir='ltr'>γάρ</span> <span class='ocrx_word' id='word_1_694' title='bbox 2402 4357 2555 4404; x_wconf 91' lang='grc' dir='ltr'>τινας</span> <span class='ocrx_word' id='word_1_695' title='bbox 2584 4340 2909 4411; x_wconf 86' lang='grc' dir='ltr'>ἀνθρώπους</span> <span class='ocrx_word' id='word_1_696' title='bbox 2940 4342 3035 4395; x_wconf 82' lang='grc' dir='ltr'>καὶ</span> <span class='ocrx_word' id='word_1_697' title='bbox 3074 4340 3167 4395; x_wconf 88' lang='grc' dir='ltr'>νῦν</span> <span class='ocrx_word' id='word_1_698' title='bbox 3199 4343 3268 4396; x_wconf 83' lang='grc' dir='ltr'>τὰ</span> <span class='ocrx_word' id='word_1_699' title='bbox 3300 4342 3441 4396; x_wconf 87' lang='grc' dir='ltr'>αύτά</span> <span class='ocrx_word' id='word_1_700' title='bbox 3474 4347 3588 4407; x_wconf 87' lang='grc' dir='ltr'>τοῖς</span> <span class='ocrx_word' id='word_1_701' title='bbox 3622 4346 3759 4414; x_wconf 84' lang='grc' dir='ltr'>βαρ-</span> 
     </span>
    </p>
   </div>
   <div class='ocr_carea' id='block_1_83' title="bbox 2077 4428 3756 4504">
    <p class='ocr_par' dir='ltr' id='par_1_83' title="bbox 2077 4428 3756 4504">
     <span class='ocr_line' id='line_1_85' title="bbox 2077 4428 3756 4504; baseline 0.004 -24"><span class='ocrx_word' id='word_1_702' title='bbox 2077 4428 2266 4499; x_wconf 87' lang='grc' dir='ltr'>ϐάροις</span> <span class='ocrx_word' id='word_1_703' title='bbox 2288 4428 2603 4497; x_wconf 87' lang='grc' dir='ltr'>τολμῶντας</span> <span class='ocrx_word' id='word_1_704' title='bbox 2628 4430 2881 4493; x_wconf 84' lang='grc' dir='ltr'>ἐκείνοις,</span> <span class='ocrx_word' id='word_1_705' title='bbox 2899 4431 3099 4501; x_wconf 81' lang='grc' dir='ltr'>μᾶλλον</span> <span class='ocrx_word' id='word_1_706' title='bbox 3116 4430 3173 4483; x_wconf 83' lang='grc' dir='ltr'>δὲ</span> <span class='ocrx_word' id='word_1_707' title='bbox 3194 4433 3289 4485; x_wconf 72' lang='grc' dir='ltr'>καὶ</span> <span class='ocrx_word' id='word_1_708' title='bbox 3311 4432 3672 4504; x_wconf 72' lang='grc' dir='ltr'>παρανομώτξ</span> <span class='ocrx_word' id='word_1_709' title='bbox 3685 4452 3756 4502; x_wconf 87' lang='grc' dir='ltr'>ρα</span> 
     </span>
    </p>
   </div>
   <div class='ocr_carea' id='block_1_84' title="bbox 2076 4517 3751 4590">
    <p class='ocr_par' dir='ltr' id='par_1_84' title="bbox 2076 4517 3751 4590">
     <span class='ocr_line' id='line_1_86' title="bbox 2076 4517 3751 4590; baseline 0.002 -21"><span class='ocrx_word' id='word_1_710' title='bbox 2076 4517 2299 4572; x_wconf 88' lang='grc' dir='ltr'>ἐκείνων</span> <span class='ocrx_word' id='word_1_711' title='bbox 2318 4517 2515 4588; x_wconf 81' lang='grc' dir='ltr'>πολλῷ·</span> <span class='ocrx_word' id='word_1_712' title='bbox 2545 4518 2671 4581; x_wconf 81' lang='grc' dir='ltr'>τοὺς</span> <span class='ocrx_word' id='word_1_713' title='bbox 2697 4518 2804 4589; x_wconf 85' lang='grc' dir='ltr'>γὰρ</span> <span class='ocrx_word' id='word_1_714' title='bbox 2834 4520 2914 4581; x_wconf 91' lang='grc' dir='ltr'>είς</span> <span class='ocrx_word' id='word_1_715' title='bbox 2940 4519 3039 4589; x_wconf 84' lang='grc' dir='ltr'>τὴν</span> <span class='ocrx_word' id='word_1_716' title='bbox 3065 4520 3187 4572; x_wconf 86' lang='grc' dir='ltr'>καθ’</span> <span class='ocrx_word' id='word_1_717' title='bbox 3216 4522 3363 4590; x_wconf 80' lang='grc' dir='ltr'>ἡμᾶς</span> <span class='ocrx_word' id='word_1_718' title='bbox 3391 4521 3707 4590; x_wconf 74' lang='grc' dir='ltr'>φιλοσοφίαν</span> <span class='ocrx_word' id='word_1_719' title='bbox 3729 4520 3751 4561; x_wconf 76' lang='grc' dir='ltr'>ί</span> 
     </span>
    </p>
   </div>
   <div class='ocr_carea' id='block_1_85' title="bbox 2077 4604 3755 4679">
    <p class='ocr_par' dir='ltr' id='par_1_85' title="bbox 2077 4604 3755 4679">
     <span class='ocr_line' id='line_1_87' title="bbox 2077 4604 3755 4679; baseline 0.002 -20"><span class='ocrx_word' id='word_1_720' title='bbox 2077 4605 2309 4672; x_wconf 79' lang='grc' dir='ltr'>ἄγοντας</span> <span class='ocrx_word' id='word_1_721' title='bbox 2337 4604 2602 4658; x_wconf 85' lang='grc' dir='ltr'>πάντοθεν</span> <span class='ocrx_word' id='word_1_722' title='bbox 2624 4604 2891 4668; x_wconf 86' lang='grc' dir='ltr'>ἐλαύνειν,</span> <span class='ocrx_word' id='word_1_723' title='bbox 2916 4606 3011 4659; x_wconf 79' lang='grc' dir='ltr'>καὶ</span> <span class='ocrx_word' id='word_1_724' title='bbox 3044 4606 3183 4676; x_wconf 84' lang='grc' dir='ltr'>μετά</span> <span class='ocrx_word' id='word_1_725' title='bbox 3211 4608 3415 4679; x_wconf 83' lang='grc' dir='ltr'>πολλῆς</span> <span class='ocrx_word' id='word_1_726' title='bbox 3449 4609 3549 4679; x_wconf 83' lang='grc' dir='ltr'>τῆς</span> <span class='ocrx_word' id='word_1_727' title='bbox 3592 4612 3755 4663; x_wconf 85' lang='grc' dir='ltr'>ἀπει-</span> 
     </span>
    </p>
   </div>
   <div class='ocr_carea' id='block_1_86' title="bbox 2077 4692 3755 4768">
    <p class='ocr_par' dir='ltr' id='par_1_86' title="bbox 2077 4692 3755 4768">
     <span class='ocr_line' id='line_1_88' title="bbox 2077 4692 3755 4768; baseline 0.005 -24"><span class='ocrx_word' id='word_1_728' title='bbox 2077 4692 2175 4762; x_wconf 82' lang='grc' dir='ltr'>λῆς</span> <span class='ocrx_word' id='word_1_729' title='bbox 2200 4694 2566 4765; x_wconf 86' lang='grc' dir='ltr'>ἀπαγορεύειν</span> <span class='ocrx_word' id='word_1_730' title='bbox 2596 4694 2825 4747; x_wconf 88' lang='grc' dir='ltr'>καθόλου</span> <span class='ocrx_word' id='word_1_731' title='bbox 2851 4696 2925 4766; x_wconf 84' lang='grc' dir='ltr'>μὴ</span> <span class='ocrx_word' id='word_1_732' title='bbox 2950 4695 3304 4764; x_wconf 84' lang='grc' dir='ltr'>φθέγγεσθαι,</span> <span class='ocrx_word' id='word_1_733' title='bbox 3331 4698 3466 4768; x_wconf 88' lang='grc' dir='ltr'>μηδὲ</span> <span class='ocrx_word' id='word_1_734' title='bbox 3479 4698 3755 4753; x_wconf 80' lang='grc' dir='ltr'>διδάσκειν</span> 
     </span>
    </p>
   </div>
   <div class='ocr_carea' id='block_1_87' title="bbox 2080 4782 3753 4860">
    <p class='ocr_par' dir='ltr' id='par_1_87' title="bbox 2080 4782 3753 4860">
     <span class='ocr_line' id='line_1_89' title="bbox 2080 4782 3753 4860; baseline 0.006 -27"><span class='ocrx_word' id='word_1_735' title='bbox 2080 4782 2282 4852; x_wconf 87' lang='grc' dir='ltr'>μηδένα</span> <span class='ocrx_word' id='word_1_736' title='bbox 2322 4782 2452 4836; x_wconf 87' lang='grc' dir='ltr'>ποτὲ</span> <span class='ocrx_word' id='word_1_737' title='bbox 2470 4783 2775 4854; x_wconf 85' lang='grc' dir='ltr'>ἀνθρώπων</span> <span class='ocrx_word' id='word_1_738' title='bbox 2800 4783 3040 4837; x_wconf 87' lang='grc' dir='ltr'>τοιοῦτον</span> <span class='ocrx_word' id='word_1_739' title='bbox 3076 4786 3261 4856; x_wconf 88' lang='grc' dir='ltr'>μηδέν.</span> <span class='ocrx_word' id='word_1_740' title='bbox 3305 4788 3446 4857; x_wconf 82' lang='grc' dir='ltr'>Ἐγὼ</span> <span class='ocrx_word' id='word_1_741' title='bbox 3472 4789 3571 4860; x_wconf 83' lang='grc' dir='ltr'>μὲν</span> <span class='ocrx_word' id='word_1_742' title='bbox 3598 4785 3691 4843; x_wconf 76' lang='grc' dir='ltr'>οὖν</span> <span class='ocrx_word' id='word_1_743' title='bbox 3725 4789 3753 4829; x_wconf 70' lang='grc' dir='ltr'><em>ε</em></span> 
     </span>
    </p>
   </div>
   <div class='ocr_carea' id='block_1_88' title="bbox 2076 4869 3753 4948">
    <p class='ocr_par' dir='ltr' id='par_1_88' title="bbox 2076 4869 3753 4948">
     <span class='ocr_line' id='line_1_90' title="bbox 2076 4869 3753 4948; baseline 0.006 -27"><span class='ocrx_word' id='word_1_744' title='bbox 2076 4869 2350 4939; x_wconf 77' lang='grc' dir='ltr'>ἁνέκραξά</span> <span class='ocrx_word' id='word_1_745' title='bbox 2392 4888 2449 4923; x_wconf 89' lang='grc' dir='ltr'>τε</span> <span class='ocrx_word' id='word_1_746' title='bbox 2489 4869 2691 4934; x_wconf 85' lang='grc' dir='ltr'>εὐθέως</span> <span class='ocrx_word' id='word_1_747' title='bbox 2722 4870 2983 4936; x_wconf 81' lang='grc' dir='ltr'>ἀκούσας,</span> <span class='ocrx_word' id='word_1_748' title='bbox 3022 4874 3117 4925; x_wconf 82' lang='grc' dir='ltr'>καὶ</span> <span class='ocrx_word' id='word_1_749' title='bbox 3144 4874 3237 4926; x_wconf 81' lang='grc' dir='ltr'>τὸν</span> <span class='ocrx_word' id='word_1_750' title='bbox 3266 4876 3491 4930; x_wconf 88' lang='grc' dir='ltr'>εἰπόντα</span> <span class='ocrx_word' id='word_1_751' title='bbox 3517 4878 3753 4948; x_wconf 84' lang='grc' dir='ltr'>συνεχῶς</span> 
     </span>
    </p>
   </div>
   <div class='ocr_carea' id='block_1_89' title="bbox 2076 4956 3749 5035">
    <p class='ocr_par' dir='ltr' id='par_1_89' title="bbox 2076 4956 3749 5035">
     <span class='ocr_line' id='line_1_91' title="bbox 2076 4956 3749 5035; baseline 0.007 -26"><span class='ocrx_word' id='word_1_752' title='bbox 2076 4956 2388 5028; x_wconf 87' lang='grc' dir='ltr'>ἀνηρώτων.</span> <span class='ocrx_word' id='word_1_753' title='bbox 2414 4961 2463 5012; x_wconf 81' lang='grc' dir='ltr'>εἰ</span> <span class='ocrx_word' id='word_1_754' title='bbox 2508 4959 2584 5031; x_wconf 85' lang='grc' dir='ltr'>μὴ</span> <span class='ocrx_word' id='word_1_755' title='bbox 2625 4959 2809 5024; x_wconf 76' lang='grc' dir='ltr'>παίζοι</span> <span class='ocrx_word' id='word_1_756' title='bbox 2862 4959 3035 5014; x_wconf 88' lang='grc' dir='ltr'>ταῦτα</span> <span class='ocrx_word' id='word_1_757' title='bbox 3080 4961 3274 5031; x_wconf 87' lang='grc' dir='ltr'>λέγων.</span> <span class='ocrx_word' id='word_1_758' title='bbox 3308 4965 3365 5018; x_wconf 86' lang='grc' dir='ltr'>Ὀ</span> <span class='ocrx_word' id='word_1_759' title='bbox 3394 4965 3473 5022; x_wconf 81' lang='grc' dir='ltr'>δὲ.</span> <span class='ocrx_word' id='word_1_760' title='bbox 3507 4968 3749 5035; x_wconf 81' lang='grc' dir='ltr'>Ἀπαγε,</span> 
     </span>
    </p>
   </div>
   <div class='ocr_carea' id='block_1_90' title="bbox 2074 5043 3752 5123">
    <p class='ocr_par' dir='ltr' id='par_1_90' title="bbox 2074 5043 3752 5123">
     <span class='ocr_line' id='line_1_92' title="bbox 2074 5043 3752 5123; baseline 0.009 -28"><span class='ocrx_word' id='word_1_761' title='bbox 2074 5043 2177 5115; x_wconf 76' lang='grc' dir='ltr'>ἔφη</span> <span class='ocrx_word' id='word_1_762' title='bbox 2192 5063 2203 5074; x_wconf 93' lang='grc'><strong>·</strong></span> <span class='ocrx_word' id='word_1_763' title='bbox 2236 5046 2310 5117; x_wconf 83' lang='grc' dir='ltr'>μὴ</span> <span class='ocrx_word' id='word_1_764' title='bbox 2331 5047 2441 5117; x_wconf 83' lang='grc' dir='ltr'>γὰρ</span> <span class='ocrx_word' id='word_1_765' title='bbox 2463 5047 2529 5100; x_wconf 82' lang='grc' dir='ltr'>ἄν</span> <span class='ocrx_word' id='word_1_766' title='bbox 2552 5065 2682 5100; x_wconf 89' lang='grc' dir='ltr'>ποτε</span> <span class='ocrx_word' id='word_1_767' title='bbox 2704 5048 2955 5119; x_wconf 80' lang='grc' dir='ltr'>παίζοιμι</span> <span class='ocrx_word' id='word_1_768' title='bbox 2985 5050 3178 5117; x_wconf 88' lang='grc' dir='ltr'>ταῦτα,</span> <span class='ocrx_word' id='word_1_769' title='bbox 3205 5053 3329 5123; x_wconf 89' lang='grc' dir='ltr'>μηδ’</span> <span class='ocrx_word' id='word_1_770' title='bbox 3349 5053 3415 5107; x_wconf 79' lang='grc' dir='ltr'>ἂν</span> <span class='ocrx_word' id='word_1_771' title='bbox 3434 5056 3630 5122; x_wconf 70' lang='grc' dir='ltr'>εἰπεῖν,</span> <span class='ocrx_word' id='word_1_772' title='bbox 3655 5058 3752 5111; x_wconf 77' lang='grc' dir='ltr'>καὶ</span> 
     </span>
    </p>
   </div>
   <div class='ocr_carea' id='block_1_91' title="bbox 2074 5132 3745 5213">
    <p class='ocr_par' dir='ltr' id='par_1_91' title="bbox 2074 5132 3745 5213">
     <span class='ocr_line' id='line_1_93' title="bbox 2074 5132 3745 5213; baseline 0.008 -29"><span class='ocrx_word' id='word_1_773' title='bbox 2074 5132 2274 5187; x_wconf 86' lang='grc' dir='ltr'>πλάσαι</span> <span class='ocrx_word' id='word_1_774' title='bbox 2308 5134 2533 5187; x_wconf 82' lang='grc' dir='ltr'>τοιαῦτα</span> <span class='ocrx_word' id='word_1_775' title='bbox 2557 5135 2633 5205; x_wconf 82' lang='grc' dir='ltr'>τῷ</span> <span class='ocrx_word' id='word_1_776' title='bbox 2660 5135 2833 5207; x_wconf 90' lang='grc' dir='ltr'>λόγῳ,</span> <span class='ocrx_word' id='word_1_777' title='bbox 2867 5136 2904 5191; x_wconf 80' lang='grc' dir='ltr'>δι</span> <span class='ocrx_word' id='word_1_778' title='bbox 2942 5138 3137 5191; x_wconf 88' lang='grc' dir='ltr'>πολλοῦ</span> <span class='ocrx_word' id='word_1_779' title='bbox 3160 5140 3226 5193; x_wconf 84' lang='grc' dir='ltr'>ἂν</span> <span class='ocrx_word' id='word_1_780' title='bbox 3250 5142 3622 5213; x_wconf 82' lang='grc' dir='ltr'>ἐτιμησάμην,</span> <span class='ocrx_word' id='word_1_781' title='bbox 3654 5146 3745 5199; x_wconf 71' lang='grc' dir='ltr'>καὶ</span> 
     </span>
    </p>
   </div>
   <div class='ocr_carea' id='block_1_92' title="bbox 2075 5219 3748 5301">
    <p class='ocr_par' dir='ltr' id='par_1_92' title="bbox 2075 5219 3748 5301">
     <span class='ocr_line' id='line_1_94' title="bbox 2075 5219 3748 5301; baseline 0.009 -31"><span class='ocrx_word' id='word_1_782' title='bbox 2075 5219 2331 5285; x_wconf 81' lang='grc' dir='ltr'>πολλάκις</span> <span class='ocrx_word' id='word_1_783' title='bbox 2377 5220 2629 5294; x_wconf 78' lang='grc' dir='ltr'>ηὐξάμην</span> <span class='ocrx_word' id='word_1_784' title='bbox 2661 5224 2795 5294; x_wconf 81' lang='grc' dir='ltr'>μηδὲ</span> <span class='ocrx_word' id='word_1_785' title='bbox 2814 5224 2930 5288; x_wconf 87' lang='grc' dir='ltr'>νῦν,</span> <span class='ocrx_word' id='word_1_786' title='bbox 2955 5226 3043 5278; x_wconf 81' lang='grc' dir='ltr'>ὅτε</span> <span class='ocrx_word' id='word_1_787' title='bbox 3068 5226 3312 5295; x_wconf 86' lang='grc' dir='ltr'>γέγονεν,</span> <span class='ocrx_word' id='word_1_788' title='bbox 3352 5231 3409 5281; x_wconf 84' lang='grc' dir='ltr'>ἐν</span> <span class='ocrx_word' id='word_1_789' title='bbox 3441 5231 3576 5301; x_wconf 84' lang='grc' dir='ltr'>ἀκοῇ</span> <span class='ocrx_word' id='word_1_790' title='bbox 3615 5233 3748 5299; x_wconf 89' lang='grc' dir='ltr'>γοῦν</span> 
     </span>
    </p>
   </div>
   <div class='ocr_carea' id='block_1_93' title="bbox 2070 5306 3745 5389">
    <p class='ocr_par' dir='ltr' id='par_1_93' title="bbox 2070 5306 3745 5389">
     <span class='ocr_line' id='line_1_95' title="bbox 2070 5306 3745 5389; baseline 0.01 -30"><span class='ocrx_word' id='word_1_791' title='bbox 2070 5306 2320 5373; x_wconf 82' lang='grc' dir='ltr'>δέξασθαι</span> <span class='ocrx_word' id='word_1_792' title='bbox 2339 5310 2493 5382; x_wconf 85' lang='grc' dir='ltr'>μόνῃ.</span> <span class='ocrx_word' id='word_1_793' title='bbox 2508 5312 2639 5364; x_wconf 88' lang='grc' dir='ltr'>Τότε</span> <span class='ocrx_word' id='word_1_794' title='bbox 2656 5311 2720 5383; x_wconf 81' lang='grc' dir='ltr'>δὴ</span> <span class='ocrx_word' id='word_1_795' title='bbox 2736 5314 2827 5365; x_wconf 71' lang='grc' dir='ltr'>καὶ</span> <span class='ocrx_word' id='word_1_796' title='bbox 2848 5317 3167 5387; x_wconf 85' lang='grc' dir='ltr'>πικρότερον</span> <span class='ocrx_word' id='word_1_797' title='bbox 3182 5318 3745 5389; x_wconf 82' lang='grc' dir='ltr'>ἀνοιμώξας,”υντως,</span> 
     </span>
    </p>
   </div>
   <div class='ocr_carea' id='block_1_94' title="bbox 2069 5396 3747 5480">
    <p class='ocr_par' dir='ltr' id='par_1_94' title="bbox 2069 5396 3747 5480">
     <span class='ocr_line' id='line_1_96' title="bbox 2069 5396 3747 5480; baseline 0.01 -32"><span class='ocrx_word' id='word_1_798' title='bbox 2069 5396 2226 5467; x_wconf 79' lang='grc' dir='ltr'>ἔφην,</span> <span class='ocrx_word' id='word_1_799' title='bbox 2248 5397 2356 5450; x_wconf 90' lang='grc' dir='ltr'>τῶν</span> <span class='ocrx_word' id='word_1_800' title='bbox 2374 5399 2452 5469; x_wconf 84' lang='grc' dir='ltr'>τῷ</span> <span class='ocrx_word' id='word_1_801' title='bbox 2478 5400 2784 5473; x_wconf 84' lang='grc' dir='ltr'>Μιθριδάτῃ</span> <span class='ocrx_word' id='word_1_802' title='bbox 2812 5403 2909 5456; x_wconf 81' lang='grc' dir='ltr'>καὶ</span> <span class='ocrx_word' id='word_1_803' title='bbox 2935 5407 3099 5457; x_wconf 81' lang='grc' dir='ltr'>πᾶσιν</span> <span class='ocrx_word' id='word_1_804' title='bbox 3123 5406 3351 5472; x_wconf 87' lang='grc' dir='ltr'>ἐκείνοις</span> <span class='ocrx_word' id='word_1_805' title='bbox 3368 5410 3747 5480; x_wconf 82' lang='grc' dir='ltr'>τολμηθέντων</span> 
     </span>
    </p>
   </div>
   <div class='ocr_carea' id='block_1_95' title="bbox 2068 5486 3746 5571">
    <p class='ocr_par' dir='ltr' id='par_1_95' title="bbox 2068 5486 3746 5571">
     <span class='ocr_line' id='line_1_97' title="bbox 2068 5486 3746 5571; baseline 0.01 -33"><span class='ocrx_word' id='word_1_806' title='bbox 2068 5486 2304 5557; x_wconf 87' lang='grc' dir='ltr'>τοσούτῳ</span> <span class='ocrx_word' id='word_1_807' title='bbox 2340 5486 2510 5541; x_wconf 83' lang='grc' dir='ltr'>ταῦτα</span> <span class='ocrx_word' id='word_1_808' title='bbox 2562 5490 2896 5563; x_wconf 88' lang='grc' dir='ltr'>ἀνοσιώτερα</span> <span class='ocrx_word' id='word_1_809' title='bbox 2918 5532 2931 5556; x_wconf 93' lang='grc'>,</span> <span class='ocrx_word' id='word_1_810' title='bbox 2963 5494 3071 5563; x_wconf 83' lang='grc' dir='ltr'>ὅσῳ</span> <span class='ocrx_word' id='word_1_811' title='bbox 3104 5495 3197 5547; x_wconf 80' lang='grc' dir='ltr'>καὶ</span> <span class='ocrx_word' id='word_1_812' title='bbox 3220 5498 3543 5570; x_wconf 85' lang='grc' dir='ltr'>σεμνότερος</span> <span class='ocrx_word' id='word_1_813' title='bbox 3566 5501 3746 5571; x_wconf 77' lang='grc' dir='ltr'>πολλῷ</span> 
     </span>
    </p>
   </div>
   <div class='ocr_carea' id='block_1_96' title="bbox 2068 5571 3745 5659">
    <p class='ocr_par' dir='ltr' id='par_1_96' title="bbox 2068 5571 3745 5659">
     <span class='ocr_line' id='line_1_98' title="bbox 2068 5571 3745 5659; baseline 0.009 -31"><span class='ocrx_word' id='word_1_814' title='bbox 2068 5574 2159 5628; x_wconf 79' lang='grc' dir='ltr'>καὶ</span> <span class='ocrx_word' id='word_1_815' title='bbox 2188 5573 2487 5646; x_wconf 85' lang='grc' dir='ltr'>ἁγιώτερος</span> <span class='ocrx_word' id='word_1_816' title='bbox 2505 5576 2670 5640; x_wconf 78' lang='grc' dir='ltr'>ὁναδς</span> <span class='ocrx_word' id='word_1_817' title='bbox 2690 5571 2844 5644; x_wconf 73' lang='grc' dir='ltr'>οὗτος</span> <span class='ocrx_word' id='word_1_818' title='bbox 2862 5580 3093 5635; x_wconf 82' lang='grc' dir='ltr'>ἐκείνου.</span> <span class='ocrx_word' id='word_1_819' title='bbox 3112 5582 3275 5636; x_wconf 81' lang='grc' dir='ltr'>Ἀλλά</span> <span class='ocrx_word' id='word_1_820' title='bbox 3294 5585 3455 5649; x_wconf 81' lang='grc' dir='ltr'>τίνες,</span> <span class='ocrx_word' id='word_1_821' title='bbox 3482 5588 3602 5641; x_wconf 81' lang='grc' dir='ltr'>εἰπέ</span> <span class='ocrx_word' id='word_1_822' title='bbox 3631 5608 3719 5659; x_wconf 82' lang='grc' dir='ltr'>μοι</span> <span class='ocrx_word' id='word_1_823' title='bbox 3732 5634 3745 5651; x_wconf 83' lang='grc'><strong>.</strong></span> 
     </span>
    </p>
   </div>
   <div class='ocr_carea' id='block_1_97' title="bbox 2068 5661 3745 5741">
    <p class='ocr_par' dir='ltr' id='par_1_97' title="bbox 2068 5661 3745 5741">
     <span class='ocr_line' id='line_1_99' title="bbox 2068 5661 3745 5741; baseline 0.011 -27"><span class='ocrx_word' id='word_1_824' title='bbox 2068 5662 2162 5715; x_wconf 79' lang='grc' dir='ltr'>καὶ</span> <span class='ocrx_word' id='word_1_825' title='bbox 2217 5661 2380 5715; x_wconf 90' lang='grc' dir='ltr'>πόθεν</span> <span class='ocrx_word' id='word_1_826' title='bbox 2419 5664 2468 5716; x_wconf 79' lang='grc' dir='ltr'>οἱ</span> <span class='ocrx_word' id='word_1_827' title='bbox 2512 5662 2687 5719; x_wconf 89' lang='grc' dir='ltr'>ταῦτα</span> <span class='ocrx_word' id='word_1_828' title='bbox 2715 5667 3124 5739; x_wconf 82' lang='grc' dir='ltr'>τολμήσαντες;</span> <span class='ocrx_word' id='word_1_829' title='bbox 3172 5672 3266 5724; x_wconf 77' lang='grc' dir='ltr'>καὶ</span> <span class='ocrx_word' id='word_1_830' title='bbox 3309 5673 3398 5726; x_wconf 78' lang='grc' dir='ltr'>διὰ</span> <span class='ocrx_word' id='word_1_831' title='bbox 3438 5675 3513 5741; x_wconf 89' lang='grc' dir='ltr'>τί,</span> <span class='ocrx_word' id='word_1_832' title='bbox 3546 5678 3640 5731; x_wconf 73' lang='grc' dir='ltr'>καὶ</span> <span class='ocrx_word' id='word_1_833' title='bbox 3680 5679 3745 5733; x_wconf 86' lang='grc' dir='ltr'>ἐκ</span> 
     </span>
    </p>
   </div>
   <div class='ocr_carea' id='block_1_98' title="bbox 2130 5852 2955 5919">
    <p class='ocr_par' dir='ltr' id='par_1_98' title="bbox 2130 5852 2955 5919">
     <span class='ocr_line' id='line_1_100' title="bbox 2130 5852 2955 5919; baseline 0.004 -15"><span class='ocrx_word' id='word_1_834' title='bbox 2130 5852 2289 5919; x_wconf 63' lang='grc' dir='ltr'>ξραο</span> <span class='ocrx_word' id='word_1_835' title='bbox 2306 5867 2422 5903; x_wconf 82' lang='lat' dir='ltr'>mss.</span> <span class='ocrx_word' id='word_1_836' title='bbox 2445 5854 2632 5905; x_wconf 74' lang='lat' dir='ltr'>habent</span> <span class='ocrx_word' id='word_1_837' title='bbox 2654 5858 2955 5919; x_wconf 84' lang='grc' dir='ltr'>διηγήσαντο.</span> 
     </span>
    </p>
   </div>
   <div class='ocr_carea' id='block_1_99' title="bbox 2131 5912 3740 5987">
    <p class='ocr_par' dir='ltr' id='par_1_99' title="bbox 2131 5912 3740 5987">
     <span class='ocr_line' id='line_1_101' title="bbox 2131 5912 3740 5987; baseline 0.011 -26"><span class='ocrx_word' id='word_1_838' title='bbox 2131 5912 2406 5987; x_wconf 50' lang='lat' dir='ltr'>t-Duqmss.</span> <span class='ocrx_word' id='word_1_839' title='bbox 2432 5919 2495 5972; x_wconf 84' lang='grc' dir='ltr'>εἰς</span> <span class='ocrx_word' id='word_1_840' title='bbox 2517 5912 2813 5981; x_wconf 78' lang='grc' dir='ltr'>φιλοσοφίαν,</span> <span class='ocrx_word' id='word_1_841' title='bbox 2840 5925 3020 5971; x_wconf 74' lang='lat' dir='ltr'>omisso</span> <span class='ocrx_word' id='word_1_842' title='bbox 3040 5925 3123 5981; x_wconf 85' lang='grc' dir='ltr'>τήν</span> <span class='ocrx_word' id='word_1_843' title='bbox 3156 5924 3260 5972; x_wconf 86' lang='grc' dir='ltr'>καθ’</span> <span class='ocrx_word' id='word_1_844' title='bbox 3283 5927 3424 5987; x_wconf 84' lang='grc' dir='ltr'>ἡμᾶς.</span> <span class='ocrx_word' id='word_1_845' title='bbox 3442 5926 3574 5977; x_wconf 76' lang='lat' dir='ltr'><strong>Edil.</strong></span> <span class='ocrx_word' id='word_1_846' title='bbox 3590 5928 3740 5979; x_wconf 71' lang='lat' dir='ltr'><strong>Savil.</strong></span> 
     </span>
    </p>
   </div>
   <div class='ocr_carea' id='block_1_100' title="bbox 2062 5976 2752 6040">
    <p class='ocr_par' dir='ltr' id='par_1_100' title="bbox 2062 5976 2752 6040">
     <span class='ocr_line' id='line_1_102' title="bbox 2062 5976 2752 6040; baseline 0.006 -15"><span class='ocrx_word' id='word_1_847' title='bbox 2062 5984 2113 6025; x_wconf 84' lang='lat' dir='ltr'><strong>el</strong></span> <span class='ocrx_word' id='word_1_848' title='bbox 2138 5976 2311 6040; x_wconf 65' lang='lat' dir='ltr'>Mqrcl.</span> <span class='ocrx_word' id='word_1_849' title='bbox 2337 5985 2390 6027; x_wconf 79' lang='lat' dir='ltr'>ut</span> <span class='ocrx_word' id='word_1_850' title='bbox 2414 5976 2577 6040; x_wconf 63' lang='lat' dir='ltr'>supr&#39;a,</span> <span class='ocrx_word' id='word_1_851' title='bbox 2598 5976 2752 6029; x_wconf 64' lang='lat' dir='ltr'>recfe.</span> 
     </span>
    </p>
   </div>
   <div class='ocr_carea' id='block_1_101' title="bbox 2129 6039 3549 6101">
    <p class='ocr_par' dir='ltr' id='par_1_101' title="bbox 2129 6039 3549 6101">
     <span class='ocr_line' id='line_1_103' title="bbox 2129 6039 3549 6101; baseline 0.011 -14"><span class='ocrx_word' id='word_1_852' title='bbox 2129 6040 2153 6078; x_wconf 78' lang='lat'><strong><em>8</em></strong></span> <span class='ocrx_word' id='word_1_853' title='bbox 2178 6039 2258 6088; x_wconf 72' lang='lat' dir='ltr'>Sic</span> <span class='ocrx_word' id='word_1_854' title='bbox 2280 6053 2393 6090; x_wconf 89' lang='lat' dir='ltr'>mss.</span> <span class='ocrx_word' id='word_1_855' title='bbox 2421 6039 2611 6092; x_wconf 33' lang='lat' dir='ltr'><strong>el’etlil.</strong></span> <span class='ocrx_word' id='word_1_856' title='bbox 2639 6044 2749 6093; x_wconf 77' lang='lat' dir='ltr'>Sav.</span> <span class='ocrx_word' id='word_1_857' title='bbox 2776 6042 2829 6092; x_wconf 88' lang='lat' dir='ltr'><strong>ln</strong></span> <span class='ocrx_word' id='word_1_858' title='bbox 2851 6044 2928 6094; x_wconf 81' lang='lat' dir='ltr'>ed.</span> <span class='ocrx_word' id='word_1_859' title='bbox 2954 6052 3119 6095; x_wconf 82' lang='lat' dir='ltr'><strong>aulcm</strong></span> <span class='ocrx_word' id='word_1_860' title='bbox 3144 6047 3261 6099; x_wconf 78' lang='lat' dir='ltr'>Mor.</span> <span class='ocrx_word' id='word_1_861' title='bbox 3285 6050 3366 6100; x_wconf 70' lang='grc' dir='ltr'>οἶν</span> <span class='ocrx_word' id='word_1_862' title='bbox 3391 6051 3549 6101; x_wconf 75' lang='lat' dir='ltr'>deost.</span> 
     </span>
    </p>
   </div>
  </div>
