4096 6392
340 357 440 415 5M

340 471 499 537 ποίας
532 472 733 537 αίτίας,
765 474 859 526 καὶ
895 473 1030 547 πρὸς
1064 473 1115 527 τί
1153 473 1442 545 βλέποντες
1481 476 1609 540 τοὺς
1632 474 1816 539 λίθους
1845 478 1922 541 εἰς
1956 478 2013 530 τὸ

341 561 476 629 ὕψος
498 560 770 631 βάλλουσι,
786 561 1028 632 καὶπρὸς
1038 560 1129 615 τὸν
1156 562 1384 634 οὐρανὸν
1403 563 1746 627 ἀκοντίζουσι
1773 565 1842 618 τά
1857 564 2011 637 βέλη,

341 648 529 719 καὶτῷ
546 648 645 718 τῆς
675 650 899 720 εἰρήνης
922 647 1218 720 πολεμοῦσι
1242 649 1361 721 Θεῷ
1384 668 1399 717 ;
1428 650 1648 720 Σαμέας
1673 651 1770 723 μὲν
1792 654 1900 722 γὰρ
1918 654 2012 706 καί¹

341 737 392 789 οί
405 736 698 807 Φαραθαίοι
722 738 816 791 καὶ
830 738 877 791 οί
899 736 1155 809 ἄρχοντες
1175 747 1195 768 ⁸
1224 738 1528 810 Ἀσσυρίων
1545 739 1639 792 καὶ
1662 740 1860 804 πάντες
1872 742 2013 795 ἐκεῖο

341 840 425 876 νοι
459 823 726 896 βάρϐαροί
746 842 806 877 τε
828 820 991 896 ἦσαν,
1033 824 1109 889 ὡς
1137 825 1231 879 καί¹
1259 825 1355 879 ἀπ’
1394 825 1572 881 αὐτῶν
1606 826 1711 879 τῶν
1736 827 2014 897 ὀνομάτων

342 909 489 963 ἐστιν
504 912 651 975 ἰδεῖν,
682 911 775 964 καὶ
793 911 892 981 τῆς
914 910 1216 983 Ἰουδαϊκῆς
1233 913 1702 985 μακράνήσκηντο
1718 914 2010 982 πολιτείας,

343 995 457 1069 [46]
494 998 586 1051 καὶ
606 998 706 1052 οὐκ
729 998 1009 1053 ἐϐούλοντο
1036 1000 1454 1071 προσοικοῦντες
1485 1002 1669 1064 αὐτοῖς
1695 1001 2014 1071 ἀνθρώπους

340 1090 671 1162 αὐξομένους
696 1093 847 1163 ὁρᾷν·
881 1091 979 1163 τὴν
1000 1092 1109 1164 γὰρ
1132 1091 1362 1163 δύναμιν
1386 1091 1484 1164 τὴν
1518 1092 1741 1145 ἐκείνων
1773 1095 1838 1164 τῇ
1864 1094 2014 1162 σφῶν

340 1179 521 1233 αὐτῶν
540 1179 760 1251 ἐξουσίᾳ
783 1185 826 1211 ⁸·
847 1179 1032 1233 λοιπὸν
1060 1180 1368 1233 ἐπισκοτεῖν
1400 1178 1584 1250 ᾤοντο·
1607 1175 1748 1233 οὗτοι
1776 1179 1833 1233 δέ
1857 1181 2014 1245 ποίας

340 1267 527 1331 αὐτοῖς
566 1266 880 1340 ἐλευθερίας
934 1268 1364 1339 ἐλαττουμένης,
1418 1267 1580 1331 ποίας
1610 1268 2013 1339 ἐκκοπτομένης

338 1353 544 1418 ἀδείας,
575 1355 728 1419 τίνας
769 1354 878 1408 τῶν
907 1355 1254 1426 κρατούντων
1289 1355 1743 1427 συμπράττοντας
1776 1355 2010 1427 ἔχοντες,

338 1442 514 1497 ταῦτα
549 1443 855 1514 ἐτόλμησαν
878 1461 892 1509 ;
918 1443 1148 1498 Ἐκεῖνοι
1186 1444 1287 1515 μὲν
1309 1444 1418 1516 γάρ
1444 1441 1591 1517 εἶχον
1633 1446 1761 1509 τοὺς
1789 1446 2013 1518 Περσῶν

340 1530 583 1601 βασιλεῖς
638 1531 813 1585 ταυτά
852 1532 1208 1603 βουλομένους
1271 1532 1491 1596 αὐτοῖς⁶
1561 1533 1609 1585 οί
1662 1531 1720 1585 δὲ
1759 1532 2013 1604 ἡμέτεροι

336 1620 601 1675 τάναντία
628 1620 853 1686 τούτων,
883 1620 960 1684 ὡς
976 1620 1215 1691 ἐμαυτὸν
1238 1619 1432 1683 πείθω,
1459 1621 1552 1673 καὶ
1569 1619 1892 1691 ἐπιθυμοῦσι
1920 1621 2012 1674 καὶ

337 1707 607 1779 εὔχονται.
633 1708 796 1762 Ὅθεν
827 1709 923 1762 καὶ
948 1708 1152 1780 πολλῆς
1188 1708 1583 1780 ἐμπέπλησμαι
1622 1711 1721 1780 τῆς
1754 1709 2010 1781 ἀπορίας,

336 1797 419 1851 ὅτι
440 1795 550 1851 τῶν
568 1796 832 1868 βασιλέων
854 1799 911 1850 ἐν
953 1795 1206 1868 εὐσεϐείᾳ
1227 1796 1467 1861 ζώντων,
1492 1795 1718 1849 τοιαῦτα
1747 1798 1811 1850 σὺ
1833 1795 2013 1865 λέγεις

337 1884 400 1937 ἐν
427 1883 620 1955 μέσαις
645 1883 945 1954 τολμᾶσθαι
980 1886 1103 1948 ταῖς
1137 1883 1376 1938 πόλεσιν.
1406 1884 1464 1938 '0
1490 1883 1549 1937 δέ
1577 1900 1759 1954 φησιν’
1798 1883 1895 1937 Ἂν
1918 1883 2014 1936 καὶ

336 1969 398 2025 τὸ
412 1970 600 2024 τούτου
630 1970 1060 2044 παραδοξότερον
1079 1969 1278 2043 μάθῃς,
1300 1972 1383 2025 ὅτι
1397 1971 1492 2026 καὶ
1511 1972 1563 2024 οί
1591 1971 1764 2025 ταῦτα
1779 1970 2014 2044 δρῶντες

336 2058 583 2123 εὐσεϐεῖς
609 2076 669 2112 τε
693 2055 834 2113 εἶναι
875 2058 1157 2129 βούλονται
1181 2101 1196 2123 ,
1226 2060 1322 2113 καὶ
1354 2058 1715 2129 Χριστιανοὺς
1754 2057 2014 2113 καλοῦσιν

336 2148 557 2215 αὐτοὺς,
600 2148 785 2203 πολλοὶ
814 2149 871 2202 δέ
899 2149 1079 2203 αὐτῶν
1106 2149 1201 2202 καὶ
1221 2147 1333 2202 τῶν
1356 2148 1457 2220 ήδη
1484 2148 1851 2219 μεμυημένων
1883 2146 2008 2201 είσίο

336 2236 433 2289 καί
460 2255 544 2300 τις
570 2236 748 2290 αὐτῶν
776 2236 841 2308 δὴ
877 2236 1081 2291 τούτων
1118 2234 1316 2289 πολλοῦ
1353 2236 1447 2289 τοῦ
1471 2235 1719 2289 διαϐόλου
1748 2233 2013 2290 πνεύσαν-

335 2341 427 2387 τος
448 2325 528 2389 είς
547 2326 710 2380 αὐτὸν
744 2327 793 2393 ι’,
828 2325 915 2379 διὰ
949 2329 1048 2399 τῆς
1090 2329 1294 2398 μιαρᾶς
1328 2324 1581 2396 γλώσσης
1614 2323 1829 2395 ἐκείνης
1863 2324 2013 2378 ἐτόλ-

339 2429 514 2483 μησεν
556 2415 751 2475 εἰπεῖν.
788 2414 872 2468 ὅτι
919 2415 1140 2486 καὶτῆς
1186 2414 1425 2477 πίστεως
1474 2413 1879 2484 ἀποστήσεται,
1916 2415 2011 2466 καὶ

337 2498 563 2553 θύσεται
603 2500 874 2571 δαίμοσιν’
922 2500 1328 2570 ἀποπνίγεσθαι
1364 2500 1475 2570 γάρ
1506 2499 1648 2573 ὁρῶν
1693 2498 2012 2572 ἀνθρώπους

338 2586 656 2659 ἐλευθέρους
692 2588 786 2641 καὶ
809 2588 1051 2657 εὐγενεῖς
1082 2589 1177 2642 καὶ
1209 2587 1545 2659 δυναμένους
1572 2590 1631 2640 ἐν
1671 2590 1850 2659 τρυφῇ
1886 2586 2009 2660 ζῇν,

336 2675 431 2728 ἐπὶ
450 2675 542 2729 τὸν
570 2674 803 2747 σκληρὸν
837 2675 1023 2730 τοῦτον
1059 2675 1361 2747 ἀγομένους
1395 2674 1530 2747 βίον.
1555 2674 1742 2731 Ταῦτα
1774 2678 2012 2742 ἀκούσας

336 2760 449 2832 ἐγὼ
475 2763 721 2835 ἐπλήγην
751 2780 811 2816 τε
835 2762 1050 2836 πληγὴν
1076 2763 1486 2835 χαλεπωτέραν,
1504 2765 1599 2818 καὶ
1631 2765 1733 2820 ὅσα
1755 2765 1864 2819 ἀπὸ
1885 2766 2012 2820 τού-

335 2866 429 2902 του
479 2850 627 2905 κακά
670 2848 1090 2922 στοχαζόμενος,
1135 2854 1236 2923 τήν
1281 2869 1341 2905 τε
1386 2852 1711 2924 οἰκουμένην
1752 2851 2014 2924 ἐθρήνουν

337 2937 573 2999 ἅπασαν,
594 2940 688 2994 καὶ
722 2940 861 3012 πρὸς
889 2940 980 2994 τὸν
1011 2940 1143 2994 Θεὸν
1179 2939 1386 3010 ἐλεγονυ
1408 2935 1578 3011 *Ἀρον
1594 2939 1693 3011 τὴν
1705 2940 1885 3013 ψυχήν
1911 2959 2013 3013 μου

335 3026 431 3081 ἀπ’
453 3027 609 3099 ἐμοῦ,
630 3029 725 3081 καὶ
744 3031 807 3082 ἐκ
825 3027 933 3082 τῶν
949 3027 1203 3098 ἀναγκῶν
1222 3045 1326 3099 μου
1350 3027 1588 3097 ἐξάγαγέ
1614 3046 1702 3099 με,
1718 3029 1812 3081 καὶ
1836 3029 2013 3083 ἀπάλ-

334 3114 495 3181 λαξον
520 3116 619 3187 τῆς
656 3117 927 3189 ἐπικήρου
956 3117 1158 3188 ταύτης
1201 3117 1348 3189 ζωῆς
1369 3157 1384 3182 ,
1418 3118 1515 3173 καὶ
1542 3117 1678 3188 πρὸς
1710 3117 1802 3171 τὸν
1839 3117 2014 3189 χῶρον

341 3203 680 3275 μετάστησον
705 3207 935 3270 ἐκεῖνον,
962 3204 1092 3259 ἔνθα
1114 3205 1354 3259 τοιοῦτον
1369 3206 1523 3259 οὐδὲν
1551 3204 1673 3258 οὐτε
1689 3205 1876 3277 ἐτερος
1900 3208 2016 3278 ἐρεῖ

337 3308 446 3356 τις,
475 3291 598 3345 οὔτε
625 3292 928 3364 ἀκούσομαι
978 3292 1108 3363 ἐγώ.
1154 3290 1283 3347 Οἶδα
1317 3294 1413 3365 μὲν
1437 3292 1567 3364 γὰρ,
1596 3293 1679 3348 ὅτι
1711 3292 2014 3348 ἀπελθόντα

342 3378 592 3434 ἐντεῦθεν
619 3380 680 3433 τὸ
712 3381 901 3443 σκότος
926 3380 1221 3445 διαδέξεται
1252 3381 1315 3435 τὸ
1350 3377 1634 3452 ἐξώτερον,
1672 3380 1801 3434 ἔνθα
1848 3380 2014 3445 πολὺς

334 3477 364 3520 ο
388 3468 664 3539 κλαυθμὸς
695 3468 788 3523 καὶ
821 3470 849 3522 ὁ
879 3468 1125 3540 βρυγμὸς
1166 3468 1275 3524 τῶν
1300 3468 1547 3522 ὀδόντωνο
1572 3468 1686 3522 ἀλλ’
1714 3469 1864 3540 ἥδιον
1892 3470 2016 3541 ἐμοὶ

336 3554 642 3626 βρυχόντων
659 3555 877 3609 ἀκούειν
893 3555 1190 3627 ὀδόντων,ἢ
1219 3555 1444 3610 τοιαῦτα
1468 3556 1743 3627 ἠχούντων
1770 3558 1836 3629 ρή
1846 3575 2011 3628 ματα.

335 3639 483 3696 Ἰδὼν
502 3643 560 3695 δέ
586 3659 654 3714 με
682 3642 981 3697 πενθοῦντα
1012 3645 1217 3707 ἐκεῖνος
1236 3643 1504 3715 σφοδρῶς,
1534 3643 1676 3697 Ἀλλ’
1690 3644 1750 3697 οὐ
1786 3645 2012 3711 τούτων,

334 3731 522 3800 φησιν,
558 3731 587 3782 ό
614 3728 806 3800 καιρὸς
839 3729 954 3785 νῦν·
984 3730 1108 3783 οὐδέ
1141 3730 1249 3801 γὰρ
1278 3730 1342 3801 δὴ
1368 3731 1495 3794 τοὺς
1528 3730 1873 3796 ἀπολωλότας
1921 3732 2016 3788 καὶ

334 3816 742 3886 ἀπολλυμένους
754 3817 870 3880 τοῖς
888 3815 1120 3888 δάκρυσι
1134 3818 1345 3880 τούτοις
1370 3817 1786 3887 ἀνακτήσασθαι
1808 3817 2013 3890 δυνήσῃ

334 3904 491 3958 ποτέ’
510 3904 605 3959 καὶ
631 3903 742 3976 γάρ
763 3898 918 3975 οἶμαι
946 3905 1020 3975 μὴ
1056 3904 1431 3975 στήσεσθαιτὸ
1445 3905 1771 3977 δεινόν.Χρὴ
1797 3906 1853 3958 δὲ
1881 3907 2015 3978 ὁρᾷν

332 3994 482 4058 ὅπως
497 3994 784 4065 σϐέσωμεν
804 3997 901 4066 τὴν
936 3994 1137 4066 πυράν,
1164 3996 1258 4048 καὶ
1289 3997 1578 4068 στήσωμεν
1609 3996 1704 4049 τὸν
1737 3995 2014 4067 λοιμὸν.τό

334 4098 399 4149 γε
420 4082 687 4154 ήμέτερον
710 4082 892 4154 μέρος
919 4082 1014 4136 καὶ
1033 4081 1089 4134 εἴ
1109 4082 1173 4151 γέ
1207 4083 1299 4153 μοί
1324 4101 1377 4136 τι
1392 4083 1622 4143 πείθοιο,
1640 4084 1750 4139 τῶν
1763 4085 2014 4158 ὀδυρμῶν

331 4173 541 4228 τούτων
560 4174 854 4245 ἀφέμενος,
883 4173 1114 4245 ἔργασαι
1139 4173 1299 4242 λόγον
1330 4174 1655 4246 παραίνεσιν
1684 4174 1876 4246 έχοντα
1902 4180 2014 4241 τοῖς

332 4261 549 4315 νοσοῦσι
583 4262 677 4315 καὶ
712 4261 1082 4327 στασιάζουσι,
1114 4261 1249 4333 πρός
1274 4279 1335 4315 τε
1367 4262 1467 4335 τὴν
1505 4262 1744 4328 ἐαυτῶν,
1780 4264 1916 4336 πρός
1951 4283 2011 4319 τε

331 4350 432 4423 τὴν
460 4350 646 4422 κοινὴν
665 4350 921 4404 ἁπάντων
941 4350 1213 4423 σωτηρίαν
1229 4349 1556 4422 ἀνθρώπων.
1587 4353 1697 4405 Καὶ
1721 4352 1783 4405 τὸ
1813 4351 2014 4422 βιϐλίον

332 4439 446 4509 ἐγὼ
476 4439 635 4494 τοῦτο
671 4439 872 4505 λαϐὼν,
909 4441 1025 4494 ἀντ’
1053 4440 1213 4496 ἄλλου
1245 4441 1390 4505 τινὸς
1440 4442 1731 4513 φαρμάκου
1752 4445 1874 4507 ταῖς
1906 4444 2015 4499 τῶν

333 4528 651 4600 καμνόντων
664 4528 875 4601 ἐνθήσω
888 4539 909 4567 ε
925 4529 1102 4601 χερσί·
1117 4529 1211 4597 καὶ
1228 4528 1337 4601 γάρ
1349 4530 1456 4584 εἰσί
1476 4547 1564 4601 μοι
1576 4529 1683 4585 τῶν
1699 4529 1766 4584 τὰ
1794 4531 2015 4585 τοιαῦτα

333 4614 633 4670 νοσούντων
661 4616 805 4686 φίλοι
834 4615 1040 4682 πολλοὶ,
1061 4618 1154 4670 καὶ
1170 4615 1452 4682 ἀνέξονται
1478 4617 1724 4670 ἐπελθεῖν
1743 4618 1836 4671 καὶ
1866 4618 2015 4684 ἅπαξ

334 4704 431 4757 καὶ
459 4703 541 4768 δὶς
577 4705 671 4759 καὶ
699 4703 980 4767 πολλάκις,
1013 4703 1108 4758 καὶ
1133 4699 1247 4758 οἶδα
1272 4706 1355 4758 ὃτι
1376 4705 1583 4775 ταχέως
1612 4705 2012 4774 ἀπαλλάξονται

333 4792 428 4845 τοῦ
449 4792 662 4864 λοιμοῦ.
696 4793 769 4845 Σὺ
807 4793 926 4863 μὲν,
958 4791 1114 4861 έφην,
1139 4791 1278 4863 πρὸς
1304 4790 1366 4845 τὸ
1408 4792 1606 4862 μέτρον
1655 4791 1753 4860 τῆς
1794 4794 2012 4864 ἀγάπης

335 4878 431 4931 καὶ
455 4878 524 4933 τὰ
543 4880 643 4951 τῆς
668 4879 953 4950 δυνάμεως
978 4881 1078 4949 τῆς
1103 4878 1380 4950 ήμετέρας
1408 4880 1644 4950 μετρεῖς·
1673 4880 1794 4951 ἐμοὶ
1809 4881 1865 4935 δὲ
1891 4879 2013 4935 οὐτε

336 4965 569 5037 πάρεστί
593 4983 677 5030 τις
708 4966 879 5035 λόγων
911 4967 1084 5036 ἰσχὺς,
1117 4968 1184 5036 τῇ
1208 4982 1268 5018 τε
1289 4963 1429 5019 εἶναι
1451 4965 1683 5041 δοκούσῃ
1704 4968 2010 5038 χρήσασθαι

336 5054 417 5116 είς
437 5052 693 5107 ὑπόθεσιν
715 5051 971 5125 τοιαύτην
1000 5052 1348 5124 αίσχύνομαι,
1372 5052 1531 5106 ἄλλον
1561 5053 1658 5123 μὲν
1698 5055 1887 5108 οὐδένα
1918 5074 2011 5109 το-

338 5141 548 5208 σοῦτον,
584 5141 850 5213 Ἕλληνας
889 5142 947 5196 δέ
1008 5142 1290 5207 ἅπαντας,
1322 5143 1449 5207 τούς
1498 5161 1557 5196 τε
1600 5144 1759 5208 ὄντας
1784 5146 1909 5210 τούς
1950 5165 2011 5201 τε

336 5231 769 5302 ἐπιγινομένους,
815 5230 907 5295 οὒς
945 5231 1032 5285 ἀεὶ
1061 5230 1169 5285 τῶν
1189 5231 1475 5302 δογμάτων
1515 5233 1613 5304 οὐχ
1648 5230 1810 5306 ἦττον
1840 5234 1869 5274 τι
1919 5237 2012 5290 ἐπὶ

399 5390 426 5419 ⁸
455 5389 998 5458 Βυοωεεηψαρασθεοὶ
1026 5392 1108 5440 καὶ
1141 5393 1185 5440 οἱ
1220 5389 1377 5454 ἄρχοι.
1412 5389 1530 5440 Hac
1556 5390 1756 5442 nomina
1781 5403 2013 5458 corrupta

336 5459 475 5511 sunt;
500 5453 610 5501 vide
637 5453 885 5510 Esdre'w,
910 5453 960 5501 9.

397 5512 437 5535 "
465 5512 547 5562 Sic
558 5514 671 5563 Sav.
685 5529 738 5564 ιιι
758 5514 878 5563 Mor.
895 5515 1004 5564 Duo
1022 5518 1191 5565 autem
1208 5527 1323 5565 mss.
1336 5515 1421 5572 τήν
1443 5515 1576 5576 σφῶν
1595 5515 1752 5565 αὐτῶν
1778 5517 2007 5573 ἐξουσίαν.

338 5575 495 5638 Paulo
514 5580 626 5638 post
636 5588 763 5626 unus
777 5576 916 5633 ποίας
926 5577 1102 5638 αὐτοῖς,
1113 5590 1226 5638 qua
1243 5589 1360 5625 vera
1373 5575 1522 5625 lectio
1535 5584 1628 5625 est.
1654 5579 1739 5626 Ed.
1754 5578 1866 5627 Sav.
1884 5580 2005 5628 Mor.

338 5636 607 5703 el_a|;_c'og.
633 5638 772 5703 ποίας
790 5639 936 5703 αύτῆς
957 5636 1102 5690 male.
1117 5636 1542 5703 [ιιῆέαυηυεταυτὰ
1565 5640 1944 5703 βουλευομένους.

398 5696 428 5736 b
454 5697 537 5747 Sic
555 5698 708 5748 Savil.
742 5708 796 5750 et
829 5696 1024 5759 Μυκη..
1060 5702 1147 5751 sed
1181 5702 1245 5756 εἰς
1271 5699 1413 5749 αὐτόν
1440 5696 1585 5748 ἀθεεὶ
1613 5701 1661 5748 in
1683 5696 1873 5752 duuibus
1891 5696 2007 5753 mss.

339 5758 494 5824 Paplp
511 5767 623 5822 post
640 5761 739 5811 duo
763 5775 876 5810 mss.
896 5768 949 5811 et
970 5763 1121 5811 Savil.
1142 5765 1193 5812 in
1218 5775 1368 5821 marg.
1396 5761 1525 5824 θύσει
1547 5762 1783 5824 δαίμοσιν.

402 5823 424 5851 ε
449 5820 602 5871 δενὶῑ.
631 5830 687 5872 et
708 5837 835 5872 unus
852 5825 1124 5886 καμνόντων
1147 5826 1298 5888 φέρων
1326 5820 1530 5880 ἐνθήσω.
1554 5820 1727 5874 ΜοίῈΙ.
1765 5830 1930 5875 autem
1958 5832 2010 5874 et

336 5881 469 5945 Ilipa
487 5890 543 5930 ul.
564 5896 715 5945 supra
921 5881 955 5903 ’⁸

399 5942 535 6011 d_Sic
556 5942 711 6011 Sam:
736 5954 790 5995 et
814 5959 914 5996 m<s
951 5950 1110 6009 recte,
1133 5946 1305 5997 Morel.
1336 5958 1453 5997 vero
1472 5946 1552 6004 οὓς
1572 5946 1661 6011 οὐχ
1678 5945 1838 6009 ἧττον,
1858 5949 2006 5999 omis-

341 6008 411 6055 sis
434 6003 767 6080 intermediis._

1139 357 1198 413 S.
1238 357 1527 416 JOANNIS
1563 357 2061 417 CHRYSOSTOMI
2099 361 2419 418 ARCIIIEP.
2456 361 3007 421 CONSTANTINOP.

3676 363 3789 419 522

2119 480 2185 549 τῇ
2216 478 2311 532 τοῦ
2364 476 2479 549 βίου
2531 478 2803 551 διασύρων
2842 478 3106 550 ῥᾳθυμίᾳ,
3135 476 3230 530 νιῖν
3257 477 3324 532 τὰ
3350 477 3591 549 ἡμέτερα
3617 479 3791 546 ἀναγ-

2120 566 2359 637 κάζομαι
2382 564 2590 632 διδάξαι
2626 566 2792 619 κακά.
2828 566 2891 618 Εί
2918 565 3025 638 γάρ
3057 565 3349 619 αῐσθωνταί
3388 581 3531 628 τινες
3561 567 3792 620 ἐκείνων

2117 654 2200 707 ὃτι
2224 653 2374 724 παρά
2395 654 2741 726 Χριστιανοῖς
2755 655 2862 707 είσί
2878 672 3021 718 τινες
3040 653 3318 726 ἄνθρωποι
3343 653 3484 708 οὕτω
3497 655 3633 727 πρὸς
3654 656 3791 726 ἀρεο

2115 741 2214 810 τὴν
2232 742 2324 794 καὶ⁴
2342 741 2660 810 φιλοσοφίαν
2688 740 3230 812 ἐκπεπολεμωμένοι,
3259 742 3334 806 ὼς
3374 742 3450 814 μὴ
3492 744 3649 814 μόνον
3671 744 3789 796 τῶν

2117 826 2258 897 ὑπὲρ
2286 826 2489 898 ταύτης
2534 827 2866 897 ἀφίστασθαι
2908 827 3018 900 [47]
3058 830 3264 890 πόνων,
3299 828 3435 884 ἀλλά
3486 830 3620 901 μηδὲ
3653 831 3790 894 τοὺς

2116 914 2257 987 ὑπὲρ
2289 915 2495 969 τούτων
2525 915 2814 987 ἀνέχεσθαι
2842 916 3052 986 λόγους,
3100 919 3194 971 καὶ
3232 917 3351 971 οὐδὲ
3388 917 3617 972 ἐνταῦθα
3648 919 3788 986 στῆ·-

2114 1016 2201 1054 ναι
2236 1001 2336 1072 τῆς
2372 1002 2568 1073 μανίας
2609 1003 2909 1073 ἀνέχονται,
2949 1002 3086 1056 ἀλλά
3113 1004 3218 1057 κᾶν
3260 1004 3447 1075 ἕτερός
3480 1022 3564 1068 τις
3611 1004 3787 1058 ταῦτα

2116 1088 2459 1164 συμϐουλεύῃ
2491 1091 2586 1144 καὶ
2610 1090 2943 1161 διαλέγηται,
2968 1093 3061 1144 καὶ
3088 1091 3277 1146 τοῦτον
3329 1093 3590 1147 πάντοθεν
3627 1094 3791 1147 ἐλαύ-

2114 1193 2316 1231 νουσιν·
2369 1177 2435 1231 ἆν
2477 1176 2649 1231 ταῦτα
2674 1179 2989 1245 αἴσθωνται,
3017 1180 3229 1234 δέδοικα
3265 1182 3341 1252 μή
3377 1200 3507 1236 ποτε
3536 1181 3658 1236 οὔτε
3688 1184 3790 1237 ἀν-

2115 1262 2368 1334 θρώπους
2396 1264 2543 1335 ήμᾶς
2572 1261 2710 1319 εἶναι
2762 1266 3076 1337 νομίσωσιν,
3105 1266 3239 1321 ἀλλὰ
3267 1267 3435 1340 θηρία
3465 1270 3558 1322 καὶ
3581 1269 3793 1338 τέρατα

2114 1351 2578 1426 ἀνθρωπόμορφα,
2610 1356 2705 1408 καὶ
2740 1355 2999 1426 δαίμονάς
3032 1373 3186 1420 τινας
3207 1356 3534 1429 ἀλάστορας,
3569 1358 3793 1428 καὶτῆς

2114 1440 2302 1511 κοινῆς
2330 1440 2545 1510 φύσεως
2585 1442 2834 1514 ἐχθροὺς,
2869 1444 2964 1496 καὶ
2998 1443 3202 1515 ταύτην
3224 1444 3286 1497 οὐ
3322 1445 3583 1516 περὶτῶν
3616 1445 3796 1497 ὑπευ-

2116 1526 2290 1580 θύνων
2336 1528 2517 1598 μόνον,
2561 1528 2696 1582 ἀλλὰ
2743 1531 2838 1583 καὶ
2878 1531 3007 1602 περὶ
3047 1531 3249 1595 παντὸς
3280 1532 3437 1603 ἡμῶν
3471 1532 3562 1586 τοῦ
3601 1531 3795 1596 ἔθνους

2112 1614 2211 1686 τὴν
2230 1614 2409 1687 ψῆφον
2433 1616 2719 1684 ἐνέγκωσι.
2738 1618 2849 1671 Καὶ
2864 1618 3100 1686 γελάσας
3127 1621 3353 1684 ἐκεῖνος,
3381 1618 3622 1685 Παίζεις,
3658 1620 3792 1691 ἔφη,

2113 1701 2286 1756 ταῦτα
2301 1702 2493 1771 λέγων·
2514 1704 2625 1772 ἐγὼ
2652 1705 2761 1777 γὰρ
2813 1705 2907 1760 νῦν
2932 1706 3122 1760 τούτου
3153 1725 3235 1762 σοι
3256 1708 3634 1780 εὐκαιρότερον
3654 1709 3793 1779 ἐρῶ,

2112 1789 2168 1842 εῐ
2185 1807 2249 1859 γε
2267 1789 2510 1856 δέδοικας
2544 1791 2620 1863 μὴ
2646 1793 2797 1864 παρά
2829 1794 2939 1847 τῶν
2968 1794 3076 1849 σῶν
3108 1795 3281 1864 λόγων
3325 1795 3568 1869 μάθωσιν
3613 1796 3651 1851 ἃ
3701 1797 3797 1850 διὰ

2112 1878 2221 1931 τῶν
2248 1877 2425 1948 ἔργων
2451 1878 2655 1950 ἔμαθον
2684 1881 2922 1946 ἀπαντες
2951 1882 3138 1935 πάλαι.
3167 1882 3382 1954 Ὠσπερ
3398 1884 3507 1956 γάρ
3533 1901 3679 1947 τινος
3696 1901 3798 1938 πο-

2112 1960 2279 2036 νηροῦ
2318 1965 2626 2037 πνεύματος
2668 1967 2768 2032 τάς
2814 1967 3069 2022 ἁπάντων
3124 1968 3302 2041 πεπλη
3313 1970 3547 2042 ρωκότος
3590 1970 3795 2041 ψυχὰς,

2113 2052 2256 2108 οὕτω
2298 2053 2369 2108 τὰ
2421 2054 2640 2108 πάντων
2683 2054 2929 2126 στόματα
2980 2056 3187 2111 τούτων
3221 2057 3382 2128 γέμει
3427 2057 3535 2112 τῶν
3578 2058 3757 2127 λόγων
3790 2083 3794 2088 ·

2113 2141 2220 2195 κᾶν
2250 2142 2332 2205 είς
2350 2142 2558 2214 ἀγοράν
2585 2142 2849 2216 ἐμϐάλῃς,
2868 2143 3010 2214 ὄψει,
3039 2146 3133 2199 καὶ
3160 2147 3219 2199 ἐν
3245 2148 3362 2210 τοῖς
3395 2147 3791 2218 ίατρείοις,κᾶ,

2112 2227 2172 2281 ἐν
2201 2228 2366 2282 παντὶ
2386 2228 2541 2301 μέρει
2566 2228 2666 2300 τῆς
2695 2230 2902 2294 πόλεως
2925 2271 2940 2296 ,
2975 2230 3105 2285 ἔνθα
3148 2232 3488 2303 συνεδρεύειν
3534 2232 3797 2288 εἰώθασιν

2111 2316 2163 2368 οί
2194 2315 2454 2388 πράττειν
2479 2316 2633 2371 οὐδὲν
2661 2317 2958 2385 ἐθέλοντες,
3014 2319 3181 2373 πολὺν
3224 2320 3437 2389 γέλωτα
3469 2320 3622 2392 παρά
3650 2322 3795 2376 πάν-

2110 2418 2221 2455 των
2262 2402 2599 2474 κινούμενον.
2626 2404 2696 2459 Ἦ
2726 2404 2784 2458 δὲ
2807 2404 2902 2458 τοῦ
2924 2405 3154 2476 γέλωτος
3174 2407 3363 2461 τούτου
3395 2410 3489 2462 καὶ
3518 2410 3617 2479 τῆς
3638 2427 3796 2480 κωμ-

2113 2489 2278 2560 ῳδίας
2310 2491 2589 2557 ὑπόθεσις,
2622 2494 2731 2548 τῶν
2775 2494 2857 2558 είς
2894 2495 3020 2559 τοὺς
3038 2495 3225 2565 ἀγίους
3251 2496 3451 2567 ἄνδρας
3478 2499 3799 2569 εἰργασμέ-

2113 2595 2220 2633 νων
2243 2578 2361 2633 ἐστὶ
2384 2578 2454 2633 τὰ
2476 2579 2634 2652 διηγὴ
2643 2598 2788 2652 ματα
2806 2592 2853 2634 ε.
2882 2582 3151 2655 Καθάπερ
3171 2585 3281 2656 γάρ
3301 2602 3446 2649 τινες
3463 2587 3795 2657 πολεμισταὶ

2114 2665 2317 2731 πολλὰς
2352 2667 2615 2737 ήνυκὸτες
2673 2669 2874 2740 μάχας,
2920 2670 3016 2724 καὶ
3058 2671 3298 2742 τρόπαια
3333 2674 3649 2743 στήσαντες,
3690 2674 3793 2740 τὰς

2115 2753 2328 2808 ἑαυτῶν
2347 2754 2633 2826 ἀριστείας
2672 2756 3023 2829 διηγούμενοι
3052 2757 3357 2831 χαίρουσιν,
3405 2760 3548 2815 οὕτω
3579 2762 3644 2833 δὴ
3698 2766 3797 2815 καὶ

2112 2833 2265 2895 οὗτοι
2312 2843 2602 2911 γάννυνται
2641 2843 2736 2896 ἐπὶ
2774 2846 2887 2908 τοῖς
2914 2844 3228 2916 τολμήμασι
3279 2850 3391 2911 τοῖς
3438 2849 3667 2902 ἐαυτῶψ
3696 2852 3796 2903 καὶ

2113 2929 2321 3001 ἀκούσῃ
2366 2930 2460 2983 τοῦ
2504 2930 2605 3002 μὲν
2649 2931 2896 2999 λέγοντος
2937 2933 3039 2999 ὅτι,
3071 2933 3214 3000 Ἐγὼ
3239 2936 3455 3004 πρῶτος
3488 2937 3580 2990 καὶ
3600 2941 3795 3010 χεῖρας

2115 3020 2381 3074 ἐπέϐαλον
2429 3022 2522 3074 ἐπὶ
2555 3021 2646 3076 τὸν
2688 3022 2834 3075 δεῖνα
2879 3023 2970 3078 τὸν
3011 3024 3264 3095 μοναχὸν,
3305 3026 3401 3081 καὶ
3453 3026 3667 3096 πληγὰς
3709 3031 3796 3080 ὲν-

2113 3109 2312 3163 έτεινα·
2351 3111 2537 3183 ἐτέρου
2583 3111 2641 3165 δέ
2681 3113 2799 3177 ὅτι,
2830 3114 2904 3168 Τὸ
2948 3114 3291 3185 καταγώγιον
3331 3118 3437 3189 πρὸ
3468 3118 3574 3171 τῶν
3615 3118 3795 3176 ἄλλων

2113 3192 2270 3269 εὖρον
2292 3200 2451 3264 αὐτός
2473 3215 2487 3229 ο
2512 3199 2672 3253 Ἀλλά
2687 3202 2776 3254 τὸν
2803 3201 3060 3273 δικαστὴν
3082 3203 3193 3272 ἐγὼ
3212 3204 3409 3274 μᾶλλον
3432 3204 3539 3258 τῶν
3564 3205 3745 3260 ἄλλων
3770 3206 3791 3246 ἴ

2113 3286 2430 3358 παρώξυνα,
2470 3292 2634 3359 φησὶν
2677 3288 2879 3363 ἔτεροςο
2911 3290 3068 3355 ἄλλος
3097 3292 3159 3345 τὸ
3194 3293 3565 3365 δεσμωτήριον
3607 3296 3703 3348 καὶ
3725 3296 3793 3348 τά

2114 3376 2171 3427 ἐν
2197 3374 2273 3446 τῷ
2294 3375 2652 3449 δεσμωτηρίῳ
2681 3378 2850 3443 δεινά,
2871 3379 2966 3433 καὶ
2994 3379 3056 3432 τὸ
3081 3379 3171 3433 διὰ
3197 3379 3297 3451 τῆς
3323 3383 3528 3453 ἀγορᾶς
3567 3382 3792 3436 ἐλκύσαι

2112 3463 2240 3527 τοὺς
2290 3463 2475 3532 ἁγίους
2525 3465 2769 3530 ἐκείνους
2826 3467 2884 3519 ἐν
2937 3467 3213 3538 ἐγκωμίου
3241 3468 3447 3523 τίθεται
3484 3470 3656 3541 μέρει·
3695 3473 3791 3524 καὶ

2114 3550 2268 3617 ἄλλος
2289 3553 2435 3607 ἄλλο.
2464 3551 2599 3608 Εἶτα
2618 3554 2816 3619 πάντες
2831 3556 3304 3626 ἀνακαγχάζουσιν
3319 3558 3411 3610 ἐπὶ
3430 3558 3657 3622 τούτοις.
3678 3561 3792 3614 Καὶ

2112 3641 2284 3695 ταῦτα
2308 3642 2406 3711 μὲν
2433 3643 2490 3695 ἐν
2515 3646 2627 3707 τοῖς
2651 3643 2759 3697 τῶν
2784 3645 3127 3715 Χριστιανῶν
3156 3644 3471 3718 συνεδρίοις·
3488 3648 3538 3700 οἱ
3559 3647 3615 3700 δὲ
3649 3648 3788 3700 Ἔλ-

2113 3728 2272 3798 ληνες
2305 3731 2398 3783 καὶ
2429 3730 2652 3794 τούτους
2679 3730 2902 3799 γελῶσι,
2926 3732 3020 3785 καὶ
3052 3733 3178 3796 τοὺς
3199 3733 3289 3786 ὐπ’
3322 3733 3503 3787 αὐτῶν
3531 3734 3792 3806 γελωμέ-

2113 3836 2257 3883 νους·
2280 3821 2408 3883 τοὺς
2441 3820 2562 3891 μὲν,
2586 3821 2669 3889 ἐφ’
2701 3815 2784 3884 οἷς
2806 3820 3059 3893 ἔδρασαν,
3086 3820 3212 3885 τοὺς
3238 3821 3296 3875 δὲ
3329 3823 3416 3891 ἐφ’
3455 3817 3533 3886 οἷς
3563 3822 3787 3877 ἔπαθονι

2115 3907 2211 3961 καὶ⁸
2248 3907 2484 3979 πολέμου
2531 3908 2678 3972 τινὸς
2720 3909 2983 3978 ἐμφυλίου
3033 3910 3103 3968 τά
3157 3911 3339 3965 πάντα
3377 3913 3788 3983 ἐμπέπλησται,

2119 3994 2316 4065 μᾶλλον
2349 3995 2407 4049 δὲ
2438 3995 2608 4049 ταῦτα
2642 3997 2852 4050 ἐκείνου
2907 3996 3086 4067 πολλῷ
3136 3997 3514 4070 χαλεπώτερα.
3552 4001 3796 4054 Ἐκεῖνον

2119 4085 2218 4157 μὲν
2244 4084 2354 4157 γὰρ
2375 4087 2423 4138 οί
2445 4085 2853 4157 πολεμήσαντες
2867 4085 2961 4140 τὸν
2984 4087 3238 4157 πόλεμον,
3257 4088 3385 4141 ὅταν
3410 4089 3540 4142 ποτὲ
3566 4087 3797 4162 ὕστερον
3836 4096 3853 4109 “

2114 4172 2531 4244 ἀναμνησθῶσιν
2558 4172 2744 4238 αὐτοῦ,
2774 4176 2887 4238 τοῖς
2907 4190 2966 4227 τε
2994 4176 3342 4245 κεκινηκόσιν
3358 4176 3519 4229 αὐτὸν
3543 4177 3797 4248 ἐπαρῶνο

2112 4278 2204 4316 ται
2229 4260 2420 4325 πολλὰ,
2454 4263 2549 4314 καὶ
2578 4260 2792 4330 δαίμονι
2817 4277 2923 4315 τινι
2952 4261 3253 4333 πονηρῷτά
3274 4264 3332 4315 ἐν
3352 4262 3501 4334 αὐτῷ
3525 4265 3796 4333 γενόμενα

2114 4348 2331 4403 ἃπαντα
2375 4347 2711 4402 ἀνατιθέασν
2759 4350 3003 4404 κάκεῖνοι
3045 4350 3145 4420 μὲν
3188 4349 3350 4405 πλέον
3386 4369 3438 4405 τι
3472 4351 3581 4405 τῶν
3613 4351 3795 4406 ἀλλων

2114 4437 2477 4509 αἰσχύνονται,
2524 4438 2743 4509 ὅσῳπερ
2773 4437 2841 4492 ἂν
2875 4440 2936 4492 ἐν
2985 4438 3134 4510 αὐτῷ
3166 4438 3331 4494 πλέον
3371 4458 3423 4494 τι
3464 4441 3573 4495 τῶν
3613 4440 3797 4495 ἄλλων

2113 4526 2489 4597 ἐργάσωνται·
2525 4514 2672 4577 οὗτοι
2698 4524 2763 4595 δὲ
2788 4525 2885 4578 καὶ
2916 4526 3416 4594 ἐγκαλλωπίζονται
3451 4530 3560 4592 τοῖς
3589 4529 3797 4599 τολμή-

2117 4629 2272 4684 μασι.
2297 4611 2406 4665 Kal
2421 4611 2483 4665 οὐ
2512 4610 2671 4664 τοῦτο
2695 4612 2875 4683 μόνον,
2898 4614 2982 4666 ὄτι
3006 4615 3361 4685 ἐναγέστερος
3386 4609 3541 4680 οὗτος
3578 4618 3794 4671 ἐκείνοι

2112 4702 2142 4753 ὁ
2171 4699 2423 4770 πόλεμος,
2447 4699 2568 4752 οὐδὲ
2597 4699 2680 4752 δτι
2701 4699 2839 4770 πρὸς
2861 4701 3047 4769 ἀγίους
3071 4703 3164 4756 καὶ
3178 4702 3331 4756 οὐδὲν
3352 4703 3681 4776 ἠδικηκότας
3702 4706 3793 4774 γί-

2112 4804 2261 4843 νεται
2282 4788 2461 4857 μόνον,
2481 4788 2595 4842 ἀλλ’
2614 4788 2697 4841 ὅτι
2725 4789 2972 4860 καὶπρὸς
2998 4789 3320 4860 ἀνθρώπους
3357 4796 3530 4846 ποιεῖν
3574 4793 3673 4864 μὲν
3699 4795 3795 4848 οὐ·

2113 4875 2245 4929 δένα
2267 4875 2475 4939 εἰδότας
2499 4874 2710 4941 κακῶς,
2740 4875 2971 4947 πάσχειν
3009 4876 3066 4931 δέ
3102 4881 3653 4953 παρεσκευασμένους
3692 4883 3795 4953 μό-

2111 4979 2221 5017 νον.

2183 5067 2539 5140 γ¹.Ἐπίσχες,
2575 5069 2733 5141 ἔφην,
2766 5070 3007 5141 ἐπίσχες·
3030 5072 3122 5125 καὶ
3153 5073 3263 5146 γὰρ
3287 5075 3382 5128 καὶ
3408 5074 3613 5129 τούτων
3650 5078 3794 5148 ἡμῖν

2113 5155 2233 5221 ἀλις
2253 5158 2279 5197 8
2291 5156 2401 5209 τῶν
2418 5157 2789 5228 διηγημάτων,
2806 5156 2860 5210 εί
2871 5176 2933 5227 γε
2950 5161 3024 5230 μή
3048 5159 3325 5224 παντελῶς
3360 5178 3427 5232 με
3446 5162 3474 5202 ιι
3487 5163 3793 5218 ἐκπνεῦσαι

2110 5244 2240 5299 δέοι·
2273 5243 2410 5297 ἀλλά
2436 5244 2640 5315 μικρὰν
2660 5244 2791 5312 γοῦν
2810 5261 2931 5298 τινα
2951 5244 3142 5316 ἔχοντα
3165 5247 3341 5317 ἰσχὺν,
3354 5248 3606 5303 ἀπελθεῖν
3621 5251 3790 5321 ποίη-

2114 5350 2204 5386 σον
2243 5334 2286 5388 ί.
2336 5331 2409 5385 Σὺ
2450 5331 2552 5402 μὲν
2580 5331 2689 5402 γάρ
2720 5333 2937 5396 πάντως
2973 5334 3110 5406 ὅπερ
3162 5335 3430 5401 ἐπέταξας
3473 5338 3790 5408 γενήσεταιο

2115 5419 2277 5490 μόνον
2317 5418 2483 5492 μηδὲν
2518 5417 2706 5491 ἓτερον
2736 5420 2867 5490 ήμῖν
2897 5420 3137 5492 προσθῇς
3163 5421 3428 5495 διήγημα,
3460 5423 3574 5478 ἀλλ’
3606 5426 3798 5479 ἀπελη-

2112 5504 2222 5561 θὼν
2258 5505 2420 5579 εὔχου
2455 5505 2817 5579 σκεδασθῆναι
2854 5524 2945 5579 μοι
2983 5509 3080 5580 τῆς
3115 5509 3354 5583 ἀθυμίας
3382 5511 3443 5565 τὸ
3486 5511 3665 5581 νέφος,
3695 5515 3797 5570 καὶ

2178 5700 2201 5765 ξ
2226 5699 2337 5765 Duo
2358 5714 2473 5751 mss.
2500 5701 2561 5750 τὰ
2579 5703 2849 5765 διηγήματα
2865 5703 3032 5756 ταῦτα.

2176 5759 2197 5799 ἲ
2231 5763 2313 5811 Sic
2333 5775 2508 5812 omnes
2530 5759 2651 5812 mss;
2668 5759 2854 5814 οἴεσιν.
2878 5765 2930 5815 In
2964 5769 3081 5817 edit.
3113 5766 3288 5818 Morel.
3330 5771 3426 5819 τῶν
3443 5768 3600 5819 ἄλλων
3621 5769 3790 5821 deest.

2175 5826 2201 5863 ⁸
2229 5823 2365 5884 Unus
2384 5824 2537 5873 habet
2557 5826 2659 5881 ἅλις
2677 5827 2960 5884 ἀρκούντως.

2173 5884 2204 5952 I}
2230 5883 2321 5952 _SAic
2339 5884 2451 5934 Sav.
2475 5893 2629 5952 regie.
2650 5883 2849 5952 Editum
2876 5883 3034 5939 fuérat
3055 5891 3097 5940 εἶ
3118 5907 3148 5952 γ

3268 5895 3524 5949 παντελῶς.
3553 5893 3691 5942 Ευῐτ.

2178 5948 2194 6013 ι
2227 5946 2451 6013 Sic_ms_s.
2476 5956 2534 6013 el_
2550 5946 2701 6013 Sayil.
2728 5949 2777 6013 in
2806 5964 2958 6013 marg.
2983 5946 3172 6001 Inedi't.
3194 5946 3375 6004 Moreh
3397 5946 3599 6012 ποίήσον
3620 5955 3791 6008 deest.

2115 6012 2266 6064 Iidem
2287 6009 2346 6057 σὺ
2374 6009 2457 6062 μὲν
2479 6010 2587 6071 γάρ,
2616 6010 2786 6062 Morel.
2814 6020 2866 6062 el
2884 6009 3032 6063 Sivil.
3058 6013 3118 6063 σὺ
3144 6016 3225 6070 μὲν
3244 6015 3342 6067 οὖν.
