4096 6392
310 360 405 415 321

312 475 456 526 enim
502 473 554 528 in
599 489 657 530 rc
696 484 801 531 tant
843 479 986 535 seria
1011 480 1254 550 joearer,
1297 498 1469 554 neque
1509 484 1742 540 dicerem
1770 527 1786 553 ,
1812 486 1900 541 vel

315 564 676 635 contingerem
698 583 762 622 ea
787 583 905 637 qua:
937 571 1150 639 plurimi
1175 573 1545 642 redemissem,
1572 590 1635 631 ac
1660 576 1904 645 plurimis

317 655 457 707 votis
480 658 820 725 expetiissem
843 700 858 726 ,
892 670 949 715 ut
976 678 1043 716 ne
1070 678 1213 719 nunc
1239 665 1454 735 quidem
1477 709 1491 734 ,
1520 667 1734 736 quando
1768 666 1905 722 facta

319 755 466 814 sunt,
491 751 573 805 vel
599 767 729 806 aure
754 755 1105 826 pereiperem.
1128 758 1279 813 Tune
1306 775 1466 829 porro
1492 761 1734 815 acerbius
1756 762 1907 829 inge-

322 841 554 897 miscens
580 863 593 897 :
621 844 779 910 Vere,
813 848 943 914 dixi,
978 850 1091 905 hcce
1118 860 1265 906 tanto
1285 853 1625 908 sceleratiora
1657 860 1782 907 sunt
1808 853 1907 919 iis,

323 947 443 1000 quae
481 934 811 993 Mithridates
841 956 1135 1011 omnesque
1173 943 1261 997 alii
1300 944 1669 1010 admiserunt,
1711 954 1910 1014 quanto

320 1025 582 1093 templum
626 1026 728 1082 hoc
764 1038 847 1083 est
879 1031 968 1085 illo
1008 1033 1372 1087 bonorabilius
1410 1043 1466 1088 et
1507 1035 1761 1089 sanctius.
1805 1033 1911 1089 Sed

323 1114 541 1181 quinam
570 1116 654 1171 isti
680 1160 695 1183 ,
728 1135 942 1189 quaeso,
969 1133 1060 1177 aut
1090 1124 1229 1179 unde
1252 1133 1379 1178 sunt
1419 1125 1507 1193 qui
1550 1124 1672 1178 talia
1711 1138 1913 1193 pracsu-

331 1207 523 1260 munt?
549 1224 733 1278 quare,
766 1222 818 1268 ct
838 1228 941 1285 qua
971 1215 1036 1269 de
1065 1231 1223 1271 causa
1249 1258 1263 1283 ,
1289 1232 1445 1287 quem
1477 1217 1824 1286 respicientes
1848 1216 1913 1270 li-

330 1313 471 1371 nem,
520 1304 725 1375 lapides
766 1307 817 1360 in
857 1308 1080 1363 sublime
1116 1309 1324 1377 jaciunt
1348 1352 1362 1375 ,
1395 1309 1604 1379 telaque
1643 1310 1696 1363 in
1725 1310 1912 1363 ecclum

328 1405 648 1475 jacolantur,
674 1416 736 1455 ae
760 1416 879 1455 cum
909 1401 1016 1455 Deo
1044 1401 1188 1470 pacis
1219 1401 1415 1456 bellum
1443 1402 1675 1471 gerunt?
1697 1401 1918 1457 Sameas

331 1496 495 1557 enim,
532 1492 829 1548 Pharathzci
866 1493 880 1522 ¹
911 1501 964 1547 et
1001 1492 1340 1563 Assyriorum
1375 1492 1659 1563 principes,
1702 1508 1916 1547 omnes-

333 1603 436 1657 que
466 1586 645 1641 emteri
670 1627 683 1649 ,
715 1585 961 1649 barbari,
995 1586 1135 1653 quod
1161 1602 1225 1639 ex
1256 1586 1384 1655 ipsis
1407 1586 1712 1640 nominibus
1741 1586 1921 1640 videre

334 1687 439 1741 est,
466 1677 724 1746 longeque
748 1692 776 1727 a
801 1674 1106 1729 Judaeorum
1130 1677 1367 1730 moribus
1399 1677 1590 1731 remoti
1618 1685 1790 1739 erant,
1820 1693 1918 1730 no-

339 1769 625 1839 lcbantque
666 1768 922 1823 finitimos
963 1768 1064 1822 sibi
1098 1768 1342 1823 homines
1381 1769 1719 1838 multiplieari
1753 1787 1767 1823 :
1799 1784 1920 1822 nam

342 1861 550 1915 illorum
579 1860 718 1914 vires
748 1858 857 1912 fore
890 1869 942 1912 ut
967 1859 1254 1928 potentiam
1285 1873 1434 1914 suam
1466 1860 1814 1913 obseurarent
1840 1875 1925 1913 ar-

332 1949 691 2004 bitrabantur.
728 1948 792 2003 Hi
819 1958 997 2003 autem
1027 1963 1259 2019 quanam
1302 1949 1401 2003 sibi
1443 1950 1718 2004 imminuta
1760 1950 1922 2004 liber-

343 2050 470 2105 tate,
500 2056 602 2110 qua
625 2040 830 2093 sublata
862 2040 1093 2105 licentia,
1124 2055 1231 2109 quo
1259 2040 1553 2109 principum
1584 2040 1783 2093 auxilio
1812 2040 1927 2094 haec

341 2131 456 2185 ausi
484 2130 645 2185 sunt?
666 2130 747 2184 llli
776 2130 917 2185 enim
951 2131 1228 2185 Persarum
1258 2146 1411 2199 reges
1436 2131 1551 2185 haec
1573 2132 1812 2186 volentes
1834 2130 1929 2184 ba-

344 2223 527 2289 buere,
549 2223 713 2277 nostri
740 2238 867 2277 vero
894 2224 1159 2278 contraria
1181 2224 1409 2291 penitus,
1435 2231 1493 2276 ut
1518 2223 1645 2277 mihi
1667 2224 1781 2293 ipse
1810 2238 1928 2291 pcr-

343 2313 564 2380 suadeo,
588 2321 644 2367 et
677 2314 901 2382 cupiunt
926 2322 981 2368 et
1007 2321 1210 2382 aptant.
1240 2313 1574 2383 Quapropter
1600 2329 1791 2383 magno
1819 2323 1930 2368 slu-

347 2418 475 2473 pore
498 2404 682 2473 plenus
704 2418 843 2470 sum,
866 2405 1005 2474 quod
1028 2402 1439 2472 lmperatoribus
1458 2405 1595 2474 piam
1619 2405 1928 2474 religionem

345 2496 673 2551 sectantibus
695 2539 709 2560 ,
749 2496 863 2551 hice
892 2479 945 2551 in
978 2497 1168 2553 mediis
1204 2497 1423 2552 urbibus
1455 2497 1669 2566 impune
1704 2496 1817 2550 ﬁeri
1846 2496 1931 2551 di-

347 2602 458 2642 cas.
489 2586 623 2656 Quid
652 2603 799 2649 vero,
828 2587 998 2657 inquit
1024 2587 1111 2641 ille
1134 2629 1147 2653 ,
1178 2588 1222 2641 si
1254 2587 1336 2641 his
1356 2602 1571 2657 quoque
1608 2587 1930 2642 mirabiliora

349 2677 640 2733 didiceris?
667 2679 807 2749 quod
841 2679 1043 2734 scilicet
1066 2678 1255 2734 horum
1285 2691 1533 2734 auctores
1558 2680 1626 2748 pii
1648 2679 1815 2733 videri
1845 2694 1936 2736 ve-

352 2770 483 2835 lint,
515 2782 569 2825 et
593 2772 923 2827 Christianos
947 2787 1006 2828 se
1033 2782 1335 2843 nuncupent
1362 2813 1377 2833 ,
1422 2773 1632 2842 plurimi
1664 2780 1840 2827 autem
1868 2787 1934 2825 ex

354 2864 456 2916 illis
493 2864 651 2918 etiam
689 2864 880 2918 initiati
917 2866 1064 2919 sint:
1098 2865 1204 2919 imo
1230 2880 1414 2919 eorum
1443 2865 1655 2935 quidam
1678 2906 1691 2927 ,
1723 2864 1936 2920 diabolo

354 2953 698 3009 vehementer
721 2955 955 3021 afllante,
980 2957 1303 3011 exsecranda
1334 2957 1508 3027 lingua
1531 2973 1624 3011 sua
1648 2957 1826 3011 dicere
1844 2972 1939 3011 au-

355 3062 447 3101 sus
473 3046 574 3113 sit,
606 3062 664 3102 se
690 3063 719 3100 a
748 3048 850 3102 fide
878 3062 1215 3103 recessurum
1242 3057 1295 3104 et
1329 3049 1662 3103 dzcmonibus
1691 3050 1935 3103 immola-

359 3148 534 3191 turum
565 3156 578 3191 :
612 3138 859 3193 suffocari
889 3140 1031 3193 enim
1068 3153 1127 3193 se
1167 3139 1395 3194 videndo
1423 3140 1664 3194 homines
1698 3139 1896 3194 liberos
1921 3181 1936 3204 ,

360 3230 585 3295 nobiles,
616 3233 879 3302 vitamque
900 3231 1105 3287 deliciis
1136 3232 1346 3300 plenam
1378 3248 1536 3303 agere
1561 3233 1801 3287 valentes
1824 3274 1839 3298 ,
1874 3232 1937 3284 ad

362 3322 498 3377 hanc
531 3322 717 3376 duram
763 3324 885 3377 vitae
919 3323 1180 3377 rationem
1227 3321 1438 3376 abduci.
1484 3322 1573 3376 His
1607 3321 1801 3375 auditis
1842 3337 1940 3387 ego

360 3415 616 3468 acerbiori
646 3414 865 3468 vulnere
892 3429 1175 3483 percussus
1204 3429 1345 3479 sum,
1373 3423 1427 3467 et
1456 3413 1592 3467 mala
1616 3413 1742 3467 inde.
1765 3412 1939 3466 futura

360 3507 667 3577 conjiciens,
699 3507 883 3561 orbem
911 3506 1066 3560 simul
1099 3505 1288 3559 flebam
1316 3506 1641 3571 universum,
1673 3504 1942 3573 Deumque

361 3600 742 3669 compellabam
761 3600 842 3653 his
864 3599 1037 3653 verbis
1058 3616 1069 3650 :
1090 3598 1240 3653 Tolle
1260 3599 1489 3651 animam
1514 3612 1684 3651 meam
1706 3612 1734 3649 a
1762 3612 1866 3662 me,
1891 3612 1944 3649 et

362 3691 429 3745 de
455 3692 860 3747 necessitatibus
891 3693 1021 3746 meis
1045 3706 1171 3746 erue
1197 3706 1303 3757 me,
1330 3699 1488 3760 atque
1513 3690 1579 3743 ab
1608 3690 1704 3743 hac
1731 3690 1941 3742 mortali

366 3783 469 3835 vita
498 3783 661 3836 libera
691 3799 795 3843 me,
818 3794 871 3837 et
898 3782 963 3835 ad
992 3783 1167 3836 locum
1201 3781 1347 3835 illum
1378 3780 1628 3845 transfer,
1661 3781 1747 3834 ubi
1773 3780 1946 3832 nullus

368 3872 666 3943 hujnsmodi
710 3874 981 3942 quidpiam
1016 3871 1289 3940 proferet,
1338 3887 1507 3941 neque
1553 3872 1664 3939 ipse
1710 3871 1942 3923 audiam.

369 3962 499 4017 Novi
530 3962 773 4029 equidem
804 4004 818 4024 ,
848 3962 986 4033 quod
1020 3946 1142 4016 hine
1168 3960 1514 4016 excedentem
1537 3961 1831 4014 exteriores
1854 3975 1946 4014 ev-

370 4055 562 4123 cipient
589 4056 837 4117 tcnehrm,
867 4055 953 4108 ubi
985 4053 1139 4109 ﬂetus
1166 4056 1350 4124 ingens
1378 4065 1431 4108 et
1451 4054 1645 4107 stridor
1668 4054 1903 4108 dentium
1930 4071 1945 4109 :

369 4159 553 4199 verum
590 4145 871 4216 jucundius
917 4145 1044 4198 mihi
1081 4154 1161 4199 est
1199 4146 1389 4200 dentes
1433 4145 1622 4199 audire
1664 4145 1950 4199 stridentes

369 4251 529 4307 quam
556 4236 815 4305 ejusmodi
855 4237 1013 4292 verba
1039 4237 1301 4306 jactantes
1328 4237 1589 4291 homines.
1624 4235 1819 4291 Videns
1851 4252 1950 4291 au-

372 4339 477 4384 tem
520 4344 605 4384 me
648 4329 735 4383 ille
771 4330 1056 4383 admodum
1100 4331 1361 4399 lugentem
1394 4346 1406 4382 :
1439 4329 1551 4383 Non
1601 4330 1649 4383 id
1675 4371 1689 4394 ,
1735 4330 1949 4400 inquit,

372 4432 582 4493 tempus
610 4422 838 4490 postulat
869 4439 882 4475 :
916 4436 1087 4490 neque
1126 4421 1266 4474 enim
1307 4421 1387 4472 his
1421 4421 1667 4491 lacrymis
1704 4434 1835 4487 eos,
1863 4420 1951 4489 qui

369 4516 477 4583 jam
517 4514 790 4583 perierunt.
824 4525 878 4568 et
917 4514 1152 4582 quotidie
1194 4524 1449 4581 pereunt,
1490 4526 1807 4579 recuperare
1832 4526 1951 4564 um-

373 4619 531 4673 quam
571 4606 769 4673 poteris
810 4623 824 4660 :
864 4621 1032 4675 neque
1073 4606 1268 4658 malum
1315 4604 1400 4657 hic
1450 4604 1606 4657 finem
1653 4603 1952 4657 habiturum

375 4706 522 4764 puto.
569 4695 674 4750 Sed
725 4696 1105 4765 providendum
1150 4707 1233 4751 est
1261 4738 1275 4762 ,
1323 4705 1381 4750 ut
1432 4711 1618 4766 rogum
1664 4697 1819 4751 istum
1864 4710 1957 4748 ex-

375 4790 724 4859 stinguamus,
760 4788 1002 4859 hancque
1028 4800 1228 4859 pestem
1257 4790 1602 4844 cohibeamus
1627 4807 1640 4843 :
1664 4805 1726 4844 ac
1754 4790 1799 4843 si
1827 4790 1954 4842 mihi

376 4897 581 4937 morem
612 4882 841 4952 gesseris
861 4924 875 4947 ,
906 4882 988 4935 his
1018 4883 1193 4936 missis
1225 4882 1434 4936 fletibus
1461 4882 1650 4936 librum
1680 4880 1829 4945 edes,
1852 4895 1958 4949 quo

377 4976 536 5046 :egris
566 4973 869 5043 lmjusmodi
908 4989 969 5028 ac
997 4973 1269 5029 seditiosis
1300 4974 1498 5028 monita
1532 4973 1684 5028 dabis
1713 4972 1778 5026 ad
1806 4988 1954 5026 suam

375 5068 716 5136 omniumque
743 5066 1011 5119 hominum
1048 5066 1294 5120 salutem.
1326 5066 1433 5120 lloc
1459 5080 1559 5135 ego
1595 5073 1871 5134 assumpto
1895 5064 1962 5117 li-

377 5160 495 5225 bro,
541 5158 907 5213 medicaminis
950 5156 1226 5225 cujusdam
1256 5158 1370 5211 vice
1404 5156 1549 5210 illum
1587 5157 1958 5226 mgrotantium

378 5252 431 5305 in
456 5266 615 5304 manu
644 5266 857 5322 ponam.
886 5250 1021 5306 Sunt
1048 5252 1190 5304 enim
1218 5266 1283 5303 (ιι
1312 5250 1501 5302 horum
1540 5265 1761 5302 numero
1794 5247 1959 5317 pleri-

378 5360 481 5413 que
508 5345 633 5398 mihi
664 5344 893 5398 amicitia
914 5344 1104 5413 juncti,
1128 5350 1219 5412 qn:
1242 5342 1505 5409 patientur
1530 5357 1614 5394 nte
1645 5344 1786 5407 ipsos
1812 5340 1961 5394 adire

381 5438 544 5491 semel
571 5447 623 5491 et
647 5438 725 5490 his
747 5445 801 5490 et
827 5436 1047 5505 plurics,
1081 5434 1308 5503 novique
1332 5433 1448 5485 illos
1468 5432 1574 5485 cito
1597 5432 1663 5483 ah
1690 5430 1787 5485 hac
1811 5440 1962 5500 peste

379 5528 683 5582 liberandos
703 5541 843 5581 esse.
862 5525 940 5580 'l‘u
960 5525 1196 5594 quidem,
1217 5522 1466 5592 respondi
1494 5538 1614 5592 ego,
1647 5537 1713 5575 ex
1743 5521 1964 5575 caritate

380 5627 467 5674 tua
502 5621 644 5673 vires
674 5616 878 5675 metiris
918 5630 1164 5673 nostras:
1195 5617 1324 5671 mihi
1362 5632 1489 5671 vero
1522 5616 1662 5669 nulla
1704 5615 1843 5669 inest
1886 5615 1964 5667 vis

385 5758 470 5867 δὲ
499 5762 599 5867 nu:
625 5764 751 5867 ὅδε..
776 5752 1070 5805 Pharasthci.
1116 5762 1209 5804 Hoc
1234 5766 1411 5802 nomen
1429 5758 1705 5814 corruptum
1732 5757 1835 5811 est;
1856 5750 1966 5800 vide

472 5832 538 5867 rzc
595 5856 612 5867 .
661 5851 676 5867 .

472 5832 538 5868 τςυ
564 5832 612 5869 4.
627 5832 676 5867 υ.

1060 368 1420 427 ADVERSUS
1459 370 2001 430 OPPUCNATOBES
2042 372 2226 429 Vl'l’A-I
2270 371 2408 430 ΜοΝ
2427 369 2560 429 \ST.
2604 372 2729 429 LIB.
2766 373 2805 428 l.

3487 377 3590 435 393‘.

2014 486 2245 553 dicendi,
2276 497 2330 543 et
2357 503 2441 554 ea,
2468 504 2587 559 quae
2615 489 2790 544 inesse
2816 489 3040 556 videtur,
3067 489 3117 543 in
3150 489 3249 546 hoc
3278 505 3592 563 argumento

2012 576 2088 631 uti
2134 578 2295 647 pudet
2336 594 2425 634 me
2455 598 2468 634 :
2501 594 2599 633 nec
2636 581 2797 634 alium
2833 596 3152 651 quemquam
3194 582 3265 637 ita
3296 599 3501 647 vereor,
3537 601 3592 638 υι

2012 671 2237 740 gentiles
2262 685 2470 735 omnes,
2503 678 2615 726 tum
2642 686 2736 726 eos
2768 672 2855 742 qui
2888 673 3046 727 modo
3075 683 3217 739 sunt,
3247 683 3356 727 tmn
3386 688 3480 729 eos
3506 690 3592 742 qui

2015 774 2138 833 post
2163 762 2325 818 futuri
2353 773 2497 829 sunt,
2526 779 2660 834 quos
2684 779 2784 835 ego
2812 780 2916 818 non
2946 766 3122 819 minus
3147 780 3242 835 pro
3267 766 3391 820 vita:
3416 782 3597 835 segm-

2017 857 2109 923 tie,
2140 871 2297 927 quam
2324 872 2421 926 pro
2444 856 2701 911 doctrina:
2730 858 2935 911 ratione
2963 872 3176 926 semper
3199 871 3421 927 carpere
3468 858 3596 909 soii-

2025 957 2108 1000 tus
2135 961 2274 1013 sum,
2304 961 2372 1001 ne
2410 948 2522 1016 jam
2570 947 2713 1014 ipsos
2743 947 2879 999 mala
2918 956 3097 1000 nostra
3126 946 3366 1000 doceam.
3396 944 3526 1000 Nam
3557 947 3597 1000 si

2019 1036 2109 1106 qui
2136 1052 2201 1091 ex
2233 1036 2338 1091 illis
2363 1037 2629 1092 senserint
2662 1035 2803 1107 apud
2831 1037 3162 1091 Christianos
3198 1052 3317 1092 esse
3358 1037 3599 1091 homines

2021 1128 2155 1183 adeo
2172 1128 2352 1181 virtuti
2381 1137 2435 1182 et
2461 1128 2810 1197 philosophiae
2841 1128 3104 1192 inimicos,
3128 1138 3186 1183 ut
3210 1144 3313 1183 non
3338 1129 3495 1183 modo
3522 1130 3599 1182 la-

2021 1220 2178 1274 bores
2204 1221 2269 1274 ad
2296 1235 2411 1273 eam
2437 1220 2833 1289 adipiscendam
2866 1220 3142 1291 refugiant,
3168 1219 3263 1275 sed
3302 1237 3369 1275 ne
3405 1219 3472 1275 de
3513 1219 3600 1274 illa

2022 1312 2235 1380 quidem
2262 1310 2422 1365 verba
2450 1310 2624 1365 facere
2648 1311 2843 1377 sinant,
2871 1312 2977 1365 imo
3007 1326 3074 1365 ne
3102 1310 3199 1365 hac
3225 1320 3366 1364 tanta
3388 1310 3601 1380 quidem

2026 1402 2231 1455 insania
2258 1403 2525 1464 contenti,
2559 1402 2602 1457 si
2631 1418 2789 1470 quem
2821 1403 2958 1456 hanc
2991 1402 3358 1456 consulentem
3385 1443 3399 1465 ,
3428 1401 3603 1470 deque

2027 1493 2112 1545 illa
2140 1492 2490 1547 disserentem
2514 1492 2760 1558 videant,
2790 1492 2931 1546 hune
2963 1492 3194 1561 undique
3220 1491 3526 1560 expellant;
3558 1492 3601 1547 si

2029 1583 2159 1647 luce,
2188 1583 2402 1653 inquam
2421 1623 2436 1647 ,
2466 1583 2537 1636 illi
2566 1583 2867 1649 senserint,
2896 1583 3060 1637 timeo
3088 1598 3154 1636 ne
3180 1597 3277 1636 nos
3298 1582 3607 1636 existiment

2028 1690 2131 1728 non
2165 1674 2427 1739 homines,
2452 1672 2545 1727 sed
2577 1673 2735 1737 feras,
2778 1680 2831 1727 et
2860 1681 3098 1727 monstra
3136 1672 3367 1726 hominis
3407 1671 3605 1731 forma,

2027 1765 2403 1835 danmonasque
2428 1764 2685 1834 quosdam
2718 1764 2935 1828 noxios,
2973 1778 3037 1817 ae
3069 1762 3369 1817 communis
3406 1772 3608 1815 natura:

2029 1858 2303 1921 inimicos,
2335 1872 2435 1911 nec
2460 1857 2526 1911 de
2556 1856 2796 1910 sontibus
2828 1854 3013 1920 modo,
3057 1854 3150 1909 sed
3189 1855 3256 1907 de
3296 1863 3400 1907 tota
3450 1853 3607 1907 simul

2006 1959 2188 2023 ‘gente
2220 1948 2377 2002 talem
2406 1948 2723 2001 sententiam
2753 1944 2948 2000 ferant.
2977 1946 3046 2000 At
3068 1945 3158 1999 ille
3182 1944 3395 1998 ridens:
3425 1943 3607 2005 Ludis,

2031 2040 2222 2109 inquit,
2252 2040 2367 2093 lucc
2392 2040 2574 2093 dicens
2600 2056 2612 2091 :
2644 2053 2743 2105 ego
2771 2039 2914 2091 enim
2956 2036 3333 2106 Opportuuiora
3376 2035 3485 2105 jam
3529 2037 3609 2087 lu—

2033 2146 2183 2199 quar.
2218 2132 2261 2182 si
2289 2131 2491 2183 vereris
2519 2146 2584 2184 ne
2611 2146 2673 2182 cx
2703 2130 2878 2182 verbis
2905 2130 3009 2181 tuis
3036 2128 3086 2180 id
3112 2128 3371 2189 ediscant,
3396 2144 3513 2195 qum
3539 2126 3615 2180 illi

2028 2222 2137 2291 jam
2166 2224 2363 2275 dudum
2395 2238 2460 2275 cx
2494 2223 2622 2292 ip~is
2647 2221 2898 2289 Operibus
2924 2220 3277 2273 edidici-runt.
3311 2218 3441 2272 Nam
3470 2234 3532 2271 ac
3570 2232 3611 2270 sa

2036 2314 2390 2383 nequissimus
2415 2313 2604 2383 aliquis
2642 2313 2860 2380 spiritus
2887 2313 3124 2363 omnium
3153 2312 3362 2363 animos
3387 2323 3612 2376 occupa-

2035 2407 2126 2469 rit,
2158 2422 2253 2476 per
2278 2418 2591 2461 cunctorum
2623 2420 2717 2457 ora
2750 2406 2800 2457 hi
2843 2418 3121 2457 sermones
3151 2410 3465 2463 vertuntur;
3500 2401 3615 2453 sive

2036 2498 2091 2553 in
2116 2498 2287 2555 forum
2329 2509 2379 2552 te
2406 2497 2720 2561 contuleris,
2751 2498 2862 2549 sive
2905 2496 2954 2547 in
2990 2495 3237 2549 tabernas
3264 2492 3614 2553 medicorum,

2037 2593 2149 2646 sive
2180 2592 2234 2645 in
2257 2592 2551 2661 quamlibet
2578 2590 2722 2644 urbis
2753 2597 2991 2658 partem,
3022 2588 3109 2643 ubi
3136 2588 3325 2642 sedere
3355 2587 3529 2641 solent
3558 2586 3613 2649 ii,

2038 2682 2128 2753 qui
2153 2683 2284 2736 nihil
2314 2681 2522 2753 cperari
2550 2682 2751 2747 volunt,
2776 2680 2979 2733 videbis
3027 2681 3290 2748 ingentem
3338 2680 3504 2732 risum
3554 2679 3621 2729 :.h

2040 2777 2286 2830 omnibus
2332 2776 2552 2830 moveri.
2585 2776 2743 2829 Risus
2770 2783 2946 2828 autem
2978 2773 3092 2841 ejus
3131 2780 3185 2826 et
3226 2770 3502 2825 commdize
3532 2786 3592 2822 ar

2040 2875 2351 2936 gumentmn
2378 2875 2496 2932 est,
2538 2881 2726 2920 eorum
2770 2882 2891 2935 quae
2934 2865 3189 2918 adversus
3235 2873 3448 2916 sanctos
3478 2862 3621 2915 viros

2042 2969 2157 3014 aeta
2184 2968 2307 3013 sunt
2348 2960 2533 3013 festiva
2565 2959 2819 3011 narratio.
2851 2956 3311 3023 Quemadmodum
3340 2955 3480 3009 enim
3514 2956 3625 3006 lu-l-

2044 3051 2260 3114 latores,
2292 3052 2378 3120 qui
2407 3051 2598 3105 multas
2623 3065 2822 3120 pugnas
2848 3049 3176 3103 confecerint
3203 3063 3263 3101 ac
3283 3058 3478 3116 ll‘ttptllil
3508 3062 3627 3099 cre-

2044 3147 2233 3209 xerint,
2267 3155 2411 3216 gesta
2442 3160 2534 3199 sua
2566 3144 2717 3197 fortia
2743 3160 2961 3196 narrare
2982 3142 3214 3211 gaudent
3235 3181 3246 3198 .
3282 3140 3358 3192 sic
3384 3150 3431 3193 et
3459 3139 3540 3190 isti
3572 3139 3623 3189 i-i

2046 3238 2365 3291 facinoribus
2385 3238 2498 3290 suis
2523 3238 2787 3290 tutantur.
2815 3235 2964 3288 llunc
2984 3249 3111 3287 sane
3133 3233 3317 3286 audias
3335 3230 3452 3284 dice
3495 3242 3622 3291 tum,

2048 3329 2254 3382 Primus
2283 3343 2382 3397 ego
2409 3343 2595 3379 manus
2623 3331 2673 3379 in
2703 3326 2846 3379 illum
2890 3324 3208 3378 monachum
3237 3322 3411 3391 injcei,
3436 3338 3482 3373 ιιι
3520 3321 3629 3390 pia-

2044 3436 2139 3491 gas
2161 3422 2345 3484 intuli;
2376 3422 2535 3474 alium
2558 3435 2705 3479 vero.
2733 3425 2800 3471 At
2823 3434 2921 3487 ego
2948 3417 3189 3471 cellulam
3217 3416 3330 3484 ejus
3354 3424 3475 3467 ante
3497 3414 3629 3466 alios

2047 3515 2258 3578 inveni;
2289 3515 2449 3569 alium
2470 3556 2482 3575 ,
2520 3514 2628 3582 Ego
2663 3511 2896 3580 judicent
2934 3511 3101 3580 magis
3130 3523 3286 3578 quam
3313 3520 3500 3561 omnes
3537 3505 3631 3559 ad-

2048 3623 2236 3662 versus
2265 3607 2279 3637 ¹
2311 3606 2456 3658 illum
2487 3602 2949 3657 concitaviJactat
2974 3602 3108 3653 alius
3133 3612 3629 3664 carcerem,earce-

2050 3702 2228 3770 risque
2258 3699 2502 3753 miserias
2526 3715 2538 3749 :
2568 3696 2816 3766 quodque
2844 3710 2936 3764 per
2962 3695 3132 3746 forum
3155 3700 3365 3745 sanctos
3390 3688 3629 3751 traxerit,

2052 3795 2101 3848 id
2136 3793 2305 3849 laudis
2332 3794 2383 3847 in
2412 3800 2561 3859 parte
2590 3789 2899 3848 constituit;
2923 3788 3059 3841 alius
3086 3787 3210 3839 item
3240 3782 3402 3837 aliud.
3429 3781 3632 3836 Deinde

2051 3901 2238 3940 omnes
2261 3884 2495 3955 profusis
2522 3882 2798 3936 cachinnis
2828 3879 2943 3933 haec
2978 3883 3390 3946 prosequuntur.
3426 3873 3490 3925 Et
3521 3872 3635 3924 ha-e

2053 3977 2264 4045 quidem
2295 3976 2349 4029 in
2383 3973 2804 4029 Christianorum
2841 3969 3180 4024 consessibus
3208 3984 3219 4019 :
3245 3964 3470 4035 gentiles
3507 3978 3636 4016 vero

2053 4070 2226 4124 ethos
2248 4066 2487 4130 irrident,
2512 4074 2563 4119 ct
2584 4079 2679 4120 eos
2698 4063 2785 4132 qui
2813 4062 2879 4114 ab
2906 4060 3009 4113 illis
3032 4057 3352 4119 irridentur;
3383 4054 3498 4107 illos
3518 4068 3635 4120 quin

2056 4162 2170 4216 hare
2211 4159 2594 4231 perpetrarint,
2639 4157 2737 4209 hos
2766 4153 2905 4224 quod
2940 4153 3057 4205 talia
3093 4150 3229 4219 passi
3261 4149 3366 4201 sint
3390 4164 3402 4200 :
3428 4147 3636 4199 omnia-

2054 4269 2159 4323 que
2184 4251 2323 4306 civili
2354 4248 2583 4319 quodam
2622 4245 2760 4300 bello
2791 4242 2989 4313 repleta
3017 4250 3167 4305 sunt,
3200 4240 3305 4292 imo
3337 4234 3637 4305 hujusmodi

2056 4344 2197 4399 bello
2227 4343 2382 4410 longe
2409 4338 2670 4393 atrociora
2704 4335 2888 4389 isthzec
2911 4340 3052 4386 sunt.
3080 4331 3209 4385 Nam
3237 4330 3326 4398 qni
3351 4326 3545 4381 bellum
3574 4325 3638 4376 il-

2059 4438 2149 4492 lud
2189 4435 2488 4506 gesserint,
2518 4447 2638 4486 cum
2675 4438 2856 4499 postea
2901 4427 3045 4479 illius
3074 4423 3508 4480 reminiscuntur,
3541 4433 3637 4469 au-

2059 4539 2234 4583 etores
2250 4527 2365 4596 ejus
2386 4523 2685 4578 maledictis
2708 4523 3056 4579 insectantur,
3084 4530 3146 4568 ac
3172 4511 3403 4566 daimoni
3429 4509 3638 4564 cuidam

2062 4622 2203 4674 malo
2234 4626 2444 4679 cuncta,
2477 4629 2595 4684 qua:
2626 4614 2676 4665 in
2706 4612 2795 4663 illo
2825 4619 2972 4677 gesta
3008 4606 3219 4668 fuerint,
3253 4610 3468 4668 accepta
3501 4600 3641 4651 refe-

2062 4722 2227 4769 runt:
2258 4721 2312 4764 et
2356 4710 2388 4762 ii
2428 4707 2690 4775 ampliore
2728 4702 3032 4755 afficiuntur
3087 4698 3320 4767 pudore,
3366 4693 3454 4763 qui
3496 4692 3642 4761 plina

2062 4819 2219 4874 quam
2247 4801 2334 4854 alii
2366 4797 2720 4868 perpetrarint
2751 4815 2761 4846 ;
2793 4793 2841 4844 hi
2865 4801 3043 4845 autem
3067 4789 3133 4842 de
3161 4788 3270 4841 suis
3295 4785 3511 4838 ausibus
3528 4783 3647 4851 glo—

2064 4897 2284 4951 riantur.
2315 4892 2494 4960 Neque
2516 4890 2632 4941 ideo
2656 4895 2854 4940 tantum
2882 4883 2982 4936 hoc
3003 4880 3310 4935 sceleratius
3336 4878 3425 4930 illo
3448 4876 3643 4929 bellum

2065 4997 2167 5053 est,
2198 4986 2336 5055 quod
2368 4985 2622 5037 adversus
2653 4985 2865 5031 sanctos
2886 4975 2973 5043 qui
2999 4972 3264 5025 neminem
3290 4969 3527 5022 laeserint
3557 4981 3648 5019 ex-

2065 5080 2291 5140 citetur;
2321 5074 2412 5128 sed
2443 5073 2604 5126 etiam
2631 5068 2769 5138 quod
2796 5066 3050 5119 adversus
3073 5061 3318 5113 homines
3337 5059 3426 5127 qui
3450 5056 3646 5110 nemini

2066 5169 2263 5224 malum
2294 5166 2469 5219 facere
2499 5167 2781 5224 noverunt,
2812 5166 2866 5211 et
2895 5154 2960 5209 ad
2987 5150 3289 5222 patiendum
3310 5145 3649 5202 solummodo

2067 5262 2234 5333 parati
2264 5267 2408 5311 sunt.

2139 5355 2191 5408 5.
2222 5351 2449 5404 Joannes
2480 5347 2657 5416 Chrys.
2688 5343 2754 5396 ad
2790 5340 2972 5395 librum
3012 5335 3257 5391 edendum
3285 5349 3337 5387 se
3366 5344 3644 5399 comparat.

2067 5476 2139 5488 —
2158 5446 2298 5498 Siste
2317 5441 2558 5510 gradum,
2585 5438 2695 5491 dixi
2717 5450 2838 5504 ego,
2869 5434 2996 5485 siste
3014 5473 3029 5496 ,
3057 5429 3186 5483 satis
3208 5426 3318 5496 jam
3347 5422 3650 5494 hujusmodi

2071 5538 2435 5594 narrationum
2456 5576 2470 5596 ,
2503 5531 2603 5585 nisi
2639 5545 2723 5583 me
2754 5539 3029 5595 exspirare
3056 5521 3189 5576 velis
3216 5538 3230 5574 :
3256 5518 3350 5573 sed
3385 5514 3651 5571 modicum

2070 5632 2202 5688 mihi
2230 5631 2334 5684 hoc
2362 5629 2549 5681 virium
2583 5625 2892 5691 relinquens
2927 5618 3145 5670 missum
3175 5630 3259 5666 me
3290 5611 3470 5665 facito.
3503 5606 3653 5675 Quod

2138 5748 2155 5779 ί
2190 5746 2262 5794 sic
2282 5755 2454 5793 omnes
2470 5750 2572 5790 MSS.
2594 5746 2644 5787 ct
2661 5740 2798 5785 Savil.
2826 5743 2871 5783 In
2899 5733 3030 5783 alito
3047 5731 3211 5783 Morel.
3233 5728 3386 5791 magis
3408 5725 3657 5781 admrsus,

2084 5819 2200 5869 ctc.,
2226 5808 2415 5856 omissis
2434 5805 2613 5858 verbis,
2641 5813 2781 5860 quem
2805 5812 2983 5847 comes.
