4096 6392
477 346 584 406 5‘33

476 461 680 536 jussisti
710 458 924 533 penitus
947 472 1344 530 exsequemur:
1376 467 1583 512 tantum
1611 456 1746 510 nihil
1771 455 1916 510 aliud
1949 455 2059 525 jam

479 551 639 608 dictis
660 549 902 620 adjicias,
927 549 1021 604 sed
1046 549 1318 619 digressus
1337 561 1558 618 precare
1579 556 1658 613 ut,
1682 560 1908 601 excussa
1934 544 2064 599 mihi

480 641 731 698 maeroris
775 639 1000 705 nebula,
1031 637 1318 708 quamdam
1353 653 1385 692 a
1421 637 1559 702 Deo,
1587 637 1676 706 qui
1702 636 2063 706 impugnatur,

481 747 639 804 opem
655 746 954 802 consequar
974 730 1041 784 ad
1061 730 1324 784 medelam
1347 729 1681 783 inimicorum
1703 728 1837 797 ejus.
1862 726 1918 782 ld
1941 742 2069 782 vero

483 823 632 880 dabit
660 822 802 878 haud
827 821 1020 887 dubie,
1042 821 1280 875 clemens
1309 834 1432 874 cum
1458 819 1564 885 sit,
1593 833 1655 873 ac
1683 826 1911 872 mortem
1939 832 2070 886 pec-

485 914 683 970 catoris
712 913 878 980 nolit,
917 912 1011 966 sed
1052 921 1108 965 ut
1135 920 1478 965 convertatur
1515 918 1572 964 ct
1596 910 1760 963 vivat.
1790 909 1881 962 Sic
1924 908 2014 962 illo
2039 922 2072 962 a

491 1021 577 1060 me
616 1004 870 1068 dimisso,
912 1002 1025 1057 haec
1049 1002 1284 1057 scribere
1317 1016 1433 1056 sum
1468 1015 1770 1071 aggressus.
1793 999 2004 1055 Atenim
2029 999 2074 1052 si

491 1097 593 1150 hoc
621 1105 823 1150 tantum
853 1095 976 1148 mali
1002 1093 1250 1158 adesset,
1278 1091 1418 1162 quod
1444 1091 1614 1144 sancti
1642 1091 1736 1145 Dei
1757 1098 1813 1145 et
1837 1089 2074 1144 admira—

489 1186 629 1241 biles
668 1185 769 1240 viri
805 1193 1179 1254 raptarentur,
1225 1184 1655 1252 laniarenturque
1687 1181 1754 1236 ad
1792 1181 2077 1236 tribunalia

494 1276 767 1348 pertracti,
799 1276 1065 1330 verberati
1090 1285 1145 1331 et
1169 1275 1270 1329 alia
1301 1275 1475 1344 passi,
1502 1290 1622 1344 qua:
1646 1288 1808 1344 supra
1833 1271 2076 1328 narravi-

495 1385 634 1434 mus,
661 1368 970 1438 nullumque
997 1367 1123 1421 hinc
1148 1367 1402 1420 damnum
1435 1366 1489 1419 in
1516 1379 1702 1420 eorum
1725 1373 2076 1419 convertere-

495 1469 581 1514 tur
599 1467 779 1528 caput,
809 1459 900 1529 qui
931 1458 1056 1512 talia
1081 1465 1476 1527 perpeti-urunt,
1509 1465 1713 1510 tantum
1740 1454 1896 1510 abest
1925 1464 1982 1509 ut
2009 1455 2078 1510 de

495 1551 660 1622 gestis
689 1550 924 1604 dolerem
943 1589 959 1614 ,
989 1557 1048 1602 ut
1074 1549 1239 1602 etiam
1265 1548 1332 1601 de
1352 1546 1542 1600 iisdem
1569 1545 1798 1600 riderem
1822 1560 2078 1616 perquam

497 1640 836 1697 suavissime.
858 1639 991 1694 Nam
1021 1650 1073 1694 et
1104 1639 1332 1691 infantes
1352 1637 1560 1706 quoties
1584 1637 1701 1691 sine
1724 1651 1822 1690 suo
1844 1637 2081 1705 periculo

501 1732 804 1804 percutiunt
828 1741 1047 1794 matres,
1067 1730 1232 1784 risum
1261 1728 1368 1782 illis
1392 1735 1610 1782 movent
1628 1727 2077 1796 copiosissimum,

499 1833 754 1896 tantoque
783 1823 1043 1893 majorem
1072 1821 1397 1890 voluptatem
1427 1820 1660 1890 pariunt,
1689 1828 1888 1889 quanto
1914 1817 2081 1874 vehe-

503 1918 767 1974 mentiore
785 1931 906 1971 cum
930 1914 1201 1970 iracundia
1224 1914 1274 1968 id
1299 1913 1543 1980 fecerint,
1568 1914 1640 1967 ita
1664 1921 1724 1967 ut
1745 1911 2084 1968 effundantur

500 2022 744 2078 peneque
777 2007 1146 2077 dirumpautur
1175 2006 1323 2060 risu:
1353 2005 1436 2059 sin
1472 2019 1600 2059 vero
1633 2003 1760 2058 dum
1802 2004 1855 2058 id
1888 2003 2086 2074 jugiter

505 2101 680 2156 infans
699 2117 761 2155 ac
787 2100 1010 2154 validius
1029 2099 1173 2166 facit,
1197 2099 1507 2152 vulneretur
1522 2096 1830 2168 aliquando,
1855 2097 1965 2150 sive
1985 2111 2086 2150 acu

497 2195 644 2248 circa
672 2207 859 2246 zonam
883 2191 1075 2245 tunica:
1097 2191 1282 2244 matris
1309 2188 1490 2252 affixa,
1515 2188 1629 2242 sive
1655 2187 1806 2242 radio
1827 2188 2084 2242 maternis

507 2282 811 2354 pectoribus
839 2297 1075 2352 appenso
1102 2280 1342 2335 ferientis
1368 2294 1582 2333 manum
1603 2274 1939 2348 excipiente:
1962 2288 2087 2333 tunc

497 2384 669 2439 certe,
701 2385 826 2431 tunc
846 2377 1010 2428 misso
1031 2373 1162 2438 risu,
1186 2371 1407 2440 majore,
1435 2386 1593 2441 quam
1623 2369 1668 2424 is
1692 2370 1783 2440 qui
1803 2383 2089 2439 percussus

499 2475 607 2530 est,
645 2466 734 2519 illa
759 2464 943 2519 dolore
971 2463 1202 2517 afficitur
1227 2480 1240 2516 :
1261 2470 1315 2516 et
1340 2461 1552 2516 interim
1581 2471 1732 2516 curat
1757 2459 1984 2524 vulnus,
2021 2459 2088 2515 de

501 2567 702 2612 czetcro
734 2566 910 2610 autem
940 2554 1240 2625 ingentibus
1262 2553 1419 2607 minis
1443 2560 1584 2606 vetat
1611 2566 1676 2605 ne
1704 2550 1827 2604 talia
1853 2559 1994 2621 agat,
2021 2565 2090 2604 ne

502 2649 644 2705 forte
673 2649 850 2703 simile
887 2647 1158 2718 quidpiam
1185 2647 1434 2716 patiatur.
1463 2645 1572 2700 Nos
1609 2645 1790 2715 itaque
1827 2644 1974 2714 paria
2007 2644 2089 2698 fe-

501 2743 788 2809 cissemus,
818 2742 862 2796 si
895 2741 1154 2811 puerilem
1184 2738 1489 2810 hujusmodi
1513 2739 1841 2794 iracundiam
1870 2739 2090 2810 conspi-

500 2849 785 2898 ceremus,
817 2843 909 2888 aut
933 2849 1054 2889 esse
1083 2834 1221 2888 hanc
1251 2832 1531 2888 infantium
1571 2832 1802 2904 plagam,
1833 2847 1955 2904 quae
1983 2847 2089 2888 non

508 2942 752 2998 magnam
779 2927 907 2997 ipsis
934 2927 1224 2996 perniciem
1249 2923 1491 2979 inferret.
1515 2923 1778 2992 Quoniam
1813 2938 1942 2979 vero
1972 2933 2094 2994 post

503 3021 773 3077 modicum
809 3022 1048 3091 elapsum
1077 3029 1308 3090 tempus,
1338 3019 1580 3090 quamvis
1609 3035 1749 3076 nunc
1774 3019 1954 3077 furore
1973 3036 2094 3076 cor-

506 3116 646 3188 repti
673 3115 726 3172 id
747 3131 853 3171 non
875 3118 1127 3182 sentiant,
1151 3116 1371 3182 flebunt,
1397 3116 1694 3188 ejulabunt,
1723 3114 2094 3171 lamentaban-

508 3218 613 3276 tur,
635 3225 741 3264 non
773 3209 862 3264 tali
888 3207 1014 3264 fletu
1039 3209 1180 3278 quali
1205 3207 1456 3272 infantes,
1479 3207 1574 3263 sed
1597 3209 1650 3262 in
1678 3206 1913 3263 tenebris
1937 3215 2091 3262 exte-

501 3299 739 3356 rioribus
791 3308 848 3355 et
895 3299 950 3354 in
1004 3298 1126 3369 igne
1179 3299 1596 3370 iuexstinguibili
1643 3315 1658 3352 :
1707 3297 1936 3368 idipsum
1979 3297 2090 3366 jam

506 3390 766 3444 faciamus
790 3389 930 3459 quod
952 3400 1170 3454 matres,
1202 3388 1306 3443 hoc
1336 3397 1538 3443 tantum
1573 3386 1883 3443 discrimine
1906 3427 1922 3454 ,
1949 3385 2091 3457 quod

508 3497 617 3536 non
638 3496 759 3536 cum
789 3481 948 3536 minis
977 3487 1035 3536 et
1059 3480 1398 3535 contumeliis
1427 3487 1486 3534 ut
1522 3479 1649 3543 illae,
1690 3478 1783 3534 sed
1823 3478 2018 3533 blande
2039 3487 2094 3532 et

507 3590 632 3630 eum
670 3573 890 3628 lenitate
916 3573 1083 3627 multa
1112 3572 1346 3627 infantes
1373 3571 1680 3642 hujusmodi
1719 3571 2089 3640 alloquamur:

510 3663 943 3736 quandoquidem
986 3663 1121 3717 nihil
1165 3662 1293 3717 hinc
1334 3663 1516 3717 damni
1562 3663 1761 3717 sanctis
1799 3662 1958 3727 viris,
1998 3661 2092 3716 sed

511 3773 716 3813 merces
738 3755 1004 3825 copiosior
1032 3755 1306 3824 majorque
1338 3754 1528 3808 fiducia
1550 3755 1774 3808 accedit.
1803 3753 1859 3809 Si
1879 3753 2093 3824 quidem

509 3848 686 3904 futura
714 3848 852 3902 bona
873 3861 1376 3910 commemoremus,
1398 3845 1686 3901 admodum
1715 3845 1856 3900 forte
1885 3845 2090 3901 ridebi-

513 3942 603 4008 tis,
631 3941 826 4011 quippe
850 3939 938 4008 qui
969 3939 1272 4009 hujusmodi
1307 3939 1418 3993 risu
1447 3952 1662 4008 semper
1702 3937 1880 3993 ridere
1917 3937 2094 3992 solea-

511 4033 583 4088 tis
611 4051 624 4087 :
649 4041 703 4085 at
733 4032 1116 4102 przesentibus,
1149 4031 1362 4086 etiamsi
1391 4031 1586 4085 millies
1607 4031 1737 4086 risui
1756 4029 1956 4086 addicti
1982 4031 2097 4086 fue-

510 4124 648 4199 ritis,
685 4123 841 4177 fidem
875 4138 979 4178 non
1009 4123 1296 4193 negabitis;
1339 4137 1437 4177 nec
1474 4122 1519 4176 si
1563 4122 1839 4177 volueritis
1880 4121 2096 4193 quidem

513 4215 774 4284 poteritis.
804 4215 964 4268 rebus
986 4229 1179 4283 nempe
1201 4213 1330 4283 ipsis
1350 4221 1536 4268 contra
1559 4212 1937 4268 clamantibus.

585 4307 940 4362 Persecutores
976 4324 1078 4360 non
1103 4307 1314 4372 sanctis,
1344 4305 1434 4360 sed
1456 4305 1763 4360 sibinocent.
1785 4305 2096 4376 Exemplum

519 4397 744 4454 Neronis
777 4409 824 4452 et
855 4396 1032 4451 Pauli.
1073 4428 1145 4439 —
1169 4396 1434 4452 Neronem
1486 4412 1704 4466 prorsus
1748 4397 1974 4452 audistis
2012 4397 2094 4451 vi-

513 4506 634 4545 rum
661 4504 854 4560 nempe
875 4504 946 4544 ex
977 4489 1192 4543 lascivia
1221 4488 1503 4553 famosum,
1531 4489 1619 4558 qui
1651 4488 1855 4558 primus
1879 4497 1935 4543 et
1954 4488 2098 4541 solus

515 4582 568 4636 in
601 4590 747 4635 tanto
775 4580 1001 4650 imperio
1043 4595 1209 4633 novos
1238 4579 1495 4648 quosdam
1525 4579 1868 4648 impudicitiae
1898 4587 1955 4633 et
1984 4589 2096 4632 tur-

512 4673 774 4745 pitudinis
825 4673 1016 4728 modos
1060 4672 1419 4742 excogitavit:
1450 4671 1536 4726 hic
1579 4673 1754 4742 itaque
1794 4671 1936 4726 Nero
1975 4673 2097 4726 bea-

515 4781 627 4823 tum
651 4767 895 4834 Paulum,
926 4765 1078 4836 cujus
1107 4775 1346 4835 tempore
1375 4764 1668 4835 regnabat,
1695 4764 1764 4818 de
1791 4764 1982 4818 iisdem
2008 4779 2097 4818 ac-

511 4875 730 4927 Cusans,
761 4859 828 4915 de
847 4859 1039 4930 quibus
1063 4874 1159 4912 vos
1187 4859 1286 4929 ipsi
1310 4867 1525 4913 sanctos
1550 4858 1695 4912 viros
1734 4858 2051 4912 insimulatis
2082 4876 2095 4911 :

516 4954 761 5024 pellicem
781 4953 924 5008 enim
950 4951 1087 5022 ejus,
1112 4967 1270 5020 quam
1299 4951 1389 5005 ille
1409 4951 1708 5020 deperibat,
1738 4965 1859 5005 cum
1888 4951 1956 5006 ad
1977 4950 2098 5006 fidei

513 5043 814 5100 doctrinam
839 5041 1264 5113 amplectendam
1298 5041 1614 5109 induxisset,
1644 5041 1712 5096 ab
1741 5042 1950 5112 impuro
1985 5042 2101 5112 ejus

513 5135 788 5192 consortio
832 5134 1049 5189 monitis
1097 5132 1208 5189 suis
1259 5131 1480 5188 abduxit
1519 5149 1533 5187 :
1566 5133 1715 5199 hwc,
1744 5134 1994 5204 inquam,
2027 5135 2100 5189 illi

514 5227 738 5282 crimina
769 5225 1027 5295 objiciens
1049 5266 1066 5292 ,
1100 5239 1164 5278 ac
1209 5232 1576 5295 corruptorem
1598 5264 1617 5292 ,
1645 5225 1980 5280 seductorem
2001 5265 2017 5289 ,
2049 5234 2103 5280 et

521 5319 604 5372 his
634 5317 898 5372 similibus
949 5316 1252 5371 nominibus
1281 5356 1298 5382 ,
1326 5331 1446 5386 qua:
1510 5330 1606 5370 vos
1635 5315 1795 5370 modo
1824 5315 2098 5384 profertis,

518 5408 742 5464 Paulum
769 5407 1066 5478 appellans,
1099 5408 1272 5476 primo
1312 5407 1486 5476 ipsum
1515 5409 1570 5460 in
1595 5405 1809 5461 vincula
1835 5405 2099 5475 conjecit;

515 5517 640 5558 cum
669 5510 847 5557 autem
877 5509 934 5555 ut
963 5500 1151 5570 puella:
1179 5501 1377 5556 monita
1406 5499 1536 5555 dare
1563 5499 1834 5555 desineret
1854 5498 1955 5568 ipsi
1980 5513 2104 5568 per-

516 5593 745 5650 suadere
769 5610 873 5648 non
904 5602 1106 5665 posset,
1133 5593 1343 5650 necavit
1365 5593 1598 5664 tandem.
1627 5593 1766 5660 Quid
1788 5593 1947 5663 igitur
1975 5590 2103 5646 hinc

518 5685 700 5740 damni
730 5685 829 5741 fuit
854 5686 993 5742 male
1019 5685 1230 5751 allecto,
1259 5685 1453 5757 quidve
1476 5684 1821 5741 emolumenti
1849 5681 2103 5749 facinoris

519 5779 771 5837 auctori?
819 5777 931 5837 lino
978 5795 1143 5848 vero,
1189 5779 1313 5849 quid
1377 5791 1482 5835 non
1528 5776 1873 5835 emolumenti
1921 5775 2100 5834 occiso

1220 343 1282 400 8.
1320 340 1599 400 JOANNIS
1633 336 2108 398 CHRYSOSTOMI
2145 335 2469 394 ARCHIEP.
2506 337 3042 396 CONSTANTINOP.

3654 343 3761 399 59.6

2175 452 2377 522 Paulo,
2407 452 2534 524 quid
2564 470 2669 509 non
2700 454 2881 510 damni
2927 455 3139 510 necanti
3173 454 3413 511 Neroni?
3452 470 3630 514 nonne
3673 458 3763 515 ille

2173 538 2390 608 quidem
2419 546 2478 592 ut
2525 539 2748 608 angelus
2795 539 2992 608 ubique
3025 549 3291 595 terrarum
3331 541 3672 596 celebratur?
3693 541 3761 598 de

2177 631 2526 702 praesentibus
2580 634 2722 687 enim
2799 640 3004 687 tantum
3048 631 3275 702 loquor;
3315 632 3404 687 ille
3443 647 3574 688 vero
3625 641 3764 687 tam-

2175 739 2334 794 quam
2374 735 2656 794 corruptor
2697 725 3013 795 dmmonque
3056 723 3204 780 ferox
3238 724 3378 795 apud
3415 739 3604 780 omnes
3627 725 3768 784 male

2177 817 2361 874 audit?

2247 909 2303 963 4.
2331 909 2404 962 Ea
2422 923 2550 963 vero
2570 923 2689 977 qua:
2713 906 2780 961 ad
2797 905 3031 961 futuram
3052 905 3214 960 vitam
3239 906 3526 974 pertinent,
3553 905 3769 962 etiamsi

2179 1015 2278 1056 vos
2303 1016 2413 1056 non
2438 999 2695 1064 credatis,
2721 1008 2938 1068 propter
2961 998 3246 1053 credentes
3273 1007 3448 1052 tamen
3472 1013 3773 1053 memorare

2182 1109 2400 1150 necesse
2427 1103 2510 1148 est
2533 1110 2547 1157 ;
2580 1107 2899 1162 quamquam
2926 1107 2994 1146 ex
3021 1091 3084 1145 iis
3101 1131 3117 1157 ,
3134 1105 3254 1160 qua:
3279 1104 3460 1144 coram
3492 1099 3647 1153 sunt,
3673 1103 3774 1142 vos

2181 1187 2344 1242 etiam
2374 1187 2478 1241 illis
2503 1184 2726 1240 credere
2755 1183 3101 1238 debueratis:
3135 1196 3321 1236 verum
3348 1197 3564 1252 quoquo
3589 1183 3774 1235 animo

2183 1279 2298 1348 ipsa
2325 1277 2660 1348 acceperitis,
2693 1276 2938 1331 dicentur
2965 1291 2994 1329 a
3017 1274 3193 1340 nobis,
3217 1289 3315 1329 nec
3335 1275 3770 1329 occultabuntur.

2183 1371 2436 1440 Quaenam
2469 1371 2628 1440 igitur
2657 1369 2745 1424 illa
2772 1367 2978 1424 erunt?
3005 1367 3164 1423 Miser
3193 1367 3302 1435 ille,
3332 1368 3610 1438 squalidus
3633 1409 3647 1432 ,
3673 1368 3771 1422 tri-

2185 1464 2285 1519 stis
2310 1505 2325 1529 ,
2359 1463 2646 1532 ignominia
2690 1463 2913 1516 obrutus
2952 1469 3006 1516 et
3033 1460 3289 1530 caligine,
3317 1459 3566 1514 demissis
3605 1460 3774 1514 oculis

2185 1556 2480 1611 abducetur
2504 1571 2592 1622 eo,
2629 1555 2720 1609 ubi
2749 1553 2958 1609 evermis
2989 1553 3077 1623 qui
3128 1568 3234 1606 non
3281 1553 3525 1617 moritur,
3559 1561 3612 1608 et
3638 1554 3775 1622 ignis

2185 1645 2277 1716 qui
2321 1659 2428 1700 non
2468 1644 2821 1715 exstinguitur
2856 1659 2872 1697 :
2922 1643 3112 1697 beatus
3169 1657 3298 1697 vero
3347 1641 3542 1696 Paulus
3585 1658 3774 1712 magna

2187 1753 2310 1794 cum
2351 1737 2542 1793 fiducia
2571 1737 2639 1793 ad
2677 1738 2850 1807 ipsum
2872 1736 3103 1792 adstabit
3126 1735 3466 1805 Imperatoris
3495 1735 3770 1802 thronum,

2187 1828 2472 1899 splendore
2503 1827 2742 1898 fulgens,
2775 1836 3027 1898 tantaque
3068 1827 3298 1881 amictus
3339 1827 3505 1896 gloria
3531 1867 3547 1893 ,
3577 1835 3636 1881 ut
3675 1842 3778 1881 nec

2188 1917 2392 1988 angelis
2416 1932 2516 1972 nec
2552 1916 2888 1986 archangelis
2917 1914 3138 1970 inferior
3167 1918 3258 1982 sit,
3292 1925 3602 1986 tantamque
3629 1931 3776 1970 mer-
3837 1945 3844 1948 -

2188 2009 2374 2065 cedem
2416 2010 2673 2080 recipiet,
2705 2018 2957 2080 quantam
2987 2007 3228 2076 recipere
3269 2024 3365 2077 par
3389 2019 3473 2062 est
3501 2009 3775 2063 hominem

2190 2103 2280 2174 qui
2309 2118 2406 2173 pro
2435 2103 2548 2158 Deo
2573 2102 2796 2173 ejusque
2823 2102 3031 2172 placitis
3073 2118 3269 2173 corpus
3300 2103 3316 2136 ⁸
3349 2114 3508 2172 atque
3545 2103 3777 2158 animam

2191 2210 2343 2251 suam
2387 2194 2686 2250 tradiderit.
2719 2194 2794 2250 Ita
2825 2196 2968 2250 enim
2999 2211 3059 2250 se
3092 2210 3180 2250 res
3210 2195 3412 2249 habet:
3446 2203 3627 2263 parata
3655 2194 3778 2265 qui-

2189 2285 2314 2341 dem
2335 2293 2418 2342 est
2443 2285 2528 2348 iis,
2555 2286 2646 2356 qui
2671 2285 2810 2340 bona
2839 2286 3088 2356 egerint,
3116 2286 3304 2356 ingens
3329 2285 3632 2350 retributio,
3663 2300 3779 2339 ma-

2189 2375 2277 2445 jor
2329 2386 2509 2431 autem
2553 2391 2616 2431 ea
2691 2386 2774 2431 est
2825 2387 2987 2444 atque
3040 2376 3286 2441 auctior,
3337 2376 3554 2446 quoties
3596 2375 3630 2430 ii
3683 2375 3776 2444 qui

2192 2467 2333 2522 bona
2375 2477 2666 2538 operantur
2692 2509 2710 2532 ,
2774 2467 3007 2537 pericula
3066 2465 3514 2536 ignominiamque
3555 2465 3776 2520 multam

2192 2561 2439 2617 adierint.
2495 2559 2716 2614 Etiamsi
2781 2559 2981 2612 bonum
3051 2571 3188 2627 opus
3239 2556 3443 2628 aequale
3493 2557 3562 2610 sit
3609 2556 3662 2610 in
3713 2571 3779 2608 eo

2193 2653 2287 2724 qui
2345 2651 2463 2708 sine
2525 2651 2710 2706 labore
2744 2693 2761 2720 ,
2815 2660 2870 2706 et
2921 2651 2972 2704 in
3029 2665 3097 2704 eo
3159 2649 3247 2719 qui
3307 2663 3432 2704 cum
3495 2647 3678 2702 labore
3726 2646 3776 2700 id

2195 2744 2500 2816 perfecerit,
2528 2744 2760 2799 honores
2781 2753 2958 2798 tamen
2979 2750 3033 2797 et
3055 2757 3268 2796 coronae
3285 2755 3443 2810 pares
3471 2756 3574 2792 non
3599 2748 3771 2792 erunt.

2195 2836 2328 2892 Nam
2355 2843 2411 2892 et
2452 2837 2506 2890 in
2547 2835 2692 2890 bello
2718 2843 3006 2889 coronatur
3045 2831 3259 2902 quidem
3298 2831 3342 2885 is
3383 2831 3475 2899 qui
3515 2838 3772 2897 tropaeum

2197 2929 2416 2993 erexit;
2463 2928 2631 2982 multo
2679 2927 2850 2996 magis
2897 2936 3073 2979 tamen
3123 2924 3168 2978 is
3194 2923 3283 2993 qui
3312 2921 3527 2976 vulnera
3571 2935 3680 2990 pra:
3718 2933 3778 2974 se

2197 3021 2318 3080 fert,
2349 3035 2444 3090 per
2471 3035 2589 3090 qua:
2623 3027 2882 3089 tropaeum
2922 3023 3161 3072 erectum
3190 3023 3293 3069 est.
3323 3011 3460 3079 Quid
3499 3021 3675 3066 autem
3711 3011 3781 3066 de

2199 3114 2502 3170 viventibus
2525 3114 2712 3184 loquor
2735 3155 2751 3178 ,
2779 3111 2992 3183 quando
3020 3120 3075 3166 et
3113 3110 3147 3165 ii
3187 3108 3277 3180 qui
3319 3108 3423 3162 hoc
3448 3115 3651 3161 tantum
3677 3103 3773 3159 de-

2198 3208 2392 3263 derunt
2425 3207 2636 3262 virtutis
2663 3205 2938 3270 indicium,
2966 3213 3025 3258 ut
3065 3204 3120 3258 in
3155 3202 3296 3258 bello
3323 3200 3533 3256 fortiter
3559 3212 3779 3253 occum-

2197 3301 2406 3366 berent,
2437 3301 2676 3370 nihilque
2700 3300 2819 3371 plus
2848 3297 3196 3354 emolumenti
3235 3294 3350 3350 suis
3379 3293 3772 3364 praestiterunt,

2201 3405 2466 3465 tamquam
2496 3403 2798 3450 servatores
2839 3401 2894 3448 et
2931 3390 3138 3462 patroni
3184 3405 3283 3461 per
3322 3399 3486 3444 totam
3518 3385 3777 3443 Graeciam

2199 3487 2584 3543 celebrantur?
2613 3485 2822 3541 tametsi
2850 3499 2946 3538 vos
2972 3483 3087 3536 haec
3116 3481 3368 3552 ignoratis
3398 3520 3414 3546 ,
3441 3478 3568 3533 risui
3597 3485 3653 3534 et
3678 3475 3778 3530 de-

2199 3579 2336 3634 liciis
2362 3593 2578 3648 semper
2602 3577 2787 3633 dediti.
2817 3574 2972 3642 Quod
2998 3574 3041 3628 si
3067 3573 3292 3643 gentiles
3319 3571 3584 3634 homines,
3615 3567 3778 3622 nihil-

2199 3685 2302 3741 que
2325 3685 2512 3726 sanum
2539 3668 2848 3731 sentientes,
2880 3665 2930 3720 id
2956 3663 3251 3732 conSpicari
3275 3670 3598 3732 potuerunt,
3627 3674 3778 3714 sum-

2199 3761 2410 3831 misque
2463 3759 2751 3814 honoribus
2799 3755 3108 3828 proscquuti
3145 3763 3270 3808 sunt
3295 3767 3389 3807 eos
3413 3793 3427 3816 ,
3460 3751 3549 3821 qui
3596 3763 3694 3819 pro
3719 3763 3778 3802 se

2200 3853 2467 3917 obierunt,
2507 3851 2742 3921 nihilque
2769 3849 3125 3918 praestiterunt
3167 3845 3415 3913 amplius,
3442 3851 3641 3912 quanto
3660 3855 3778 3894 ma-

2200 3945 2280 4012 gis
2301 3943 2544 3998 Christus
2575 3943 2676 3996 hoc
2702 3940 2880 4005 faciet,
2911 3937 3002 4007 qui
3026 3951 3236 4005 semper
3258 3943 3310 3988 et
3339 3933 3531 4002 ubique
3549 3945 3662 3994 eos,
3687 3930 3776 3997 qui

2202 4043 2420 4104 propter
2459 4049 2518 4088 se
2568 4031 2800 4101 pericula
2854 4029 3086 4092 adeunt,
3142 4023 3453 4095 largissimis
3513 4021 3668 4075 donis
3718 4034 3783 4072 ac

2201 4125 2438 4197 praemiis
2466 4122 2723 4192 superat?
2753 4121 2934 4190 Neque
2971 4120 3112 4174 enim
3142 4112 3640 4187 persequutionibus
3664 4120 3780 4165 tan-

2204 4227 2336 4282 tum,
2365 4223 2456 4271 aut
2480 4213 2812 4279 verberibus,
2835 4219 2926 4265 aut
2951 4209 3277 4264 carceribus.
3303 4205 3661 4272 czrdibuSque,
3686 4200 3780 4255 scd

2207 4307 2368 4363 etiam
2399 4303 2738 4360 contumeliis
2761 4300 3186 4368 conviciosisque
3208 4297 3408 4361 verbis,
3435 4293 3650 4363 praemia
3683 4307 3778 4360 po-

2204 4397 2312 4451 suit
2337 4395 2588 4449 maxiuia.
2610 4393 2754 4446 Beati
2781 4391 2945 4454 enim,
2976 4389 3163 4458 inquit,
3188 4387 3324 4440 eritis
3344 4402 3456 4438 cum
3485 4400 3568 4436 vos
3587 4381 3782 4436 oderint

2206 4488 2450 4551 homines,
2465 4494 2509 4539 et
2524 4483 2988 4553 cuntseparaverint
3003 4496 3110 4544 vos,
3130 4488 3172 4531 et
3189 4473 3674 4544 exprobraverint,¢t
3684 4470 3785 4539 eje-

2204 4581 2365 4636 cert'nt
2400 4595 2580 4633 nomen
2607 4586 2823 4631 vestrum
2844 4583 3100 4643 tamquam
3127 4571 3335 4631 malum,
3361 4575 3562 4637 propter
3587 4563 3783 4618 Filium

2205 4673 2441 4729 hominis.
2464 4669 2690 4726 Gaudete
2707 4669 2759 4722 in
2771 4667 2859 4721 illa
2874 4666 2956 4719 die
2972 4674 3017 4718 et
3032 4662 3279 4718 exsultute
3296 4675 3314 4713 :
3331 4675 3440 4712 ecce
3452 4658 3584 4710 enim
3597 4670 3785 4709 merces

2203 4775 2368 4822 uestra
2407 4762 2568 4817 multa
2613 4769 2685 4816 est
2724 4761 2778 4813 in
2827 4757 2964 4812 aclis
3006 4753 3180 4828 (Luc.
3211 4754 3264 4804 6.
3291 4751 3381 4803 εξ.
3410 4746 3544 4814 τὲὸ).
3593 4745 3648 4801 Si
3691 4743 3788 4813 igi~

2206 4868 2292 4914 tur
2317 4865 2374 4913 et
2405 4855 2510 4926 pati
2549 4862 2604 4910 et
2649 4851 2833 4906 audire
2863 4849 3002 4904 male
3021 4888 3038 4913 ,
3083 4843 3404 4916 patientibus
3429 4838 3671 4908 maleque
3692 4852 3785 4889 au-

2207 4949 2475 5007 dientibus
2523 4943 2826 5001 mercedem
2872 4949 3065 5010 auget,
3097 4937 3186 5008 qui
3234 4932 3458 5004 impedit
3500 4929 3788 5001 quominus

2207 5045 2479 5116 patiantur
2525 5047 2582 5096 et
2621 5037 2759 5093 male
2806 5034 3055 5097 audiant,
3099 5044 3206 5084 non
3256 5027 3390 5090 hos,
3421 5022 3515 5078 sed
3557 5035 3651 5075 eos
3693 5019 3788 5088 qui

2207 5115 2347 5193 male
2370 5135 2570 5189 faciunt
2593 5139 2647 5186 et
2671 5128 2890 5192 dicunt,
2913 5125 3080 5194 juvat.
3111 5119 3222 5175 Eos
3249 5118 3390 5172 enim
3421 5115 3598 5184 potius
3623 5125 3795 5164 nocu-

2208 5235 2389 5283 mento
2413 5223 2608 5288 affecit,
2635 5217 2846 5290 quando
2869 5215 3124 5283 majorem
3151 5211 3295 5264 illam
3323 5203 3626 5260 mercedem
3652 5215 3794 5269 pim-

2208 5318 2371 5383 cidit,
2400 5327 2453 5368 et
2479 5313 2654 5384 gaudii
2691 5306 3167 5373 exsultationisque
3195 5299 3472 5355 materiam
3506 5293 3634 5363 ipsis
3660 5290 3795 5344 abs-

2210 5411 2350 5466 tulit.
2401 5406 2658 5476 Quocirca
2712 5403 2904 5458 horum
2953 5397 3167 5468 quidem
3232 5406 3392 5449 causa
3450 5389 3565 5442 haec
3628 5385 3795 5439 etiam

2209 5503 2370 5560 silere
2395 5511 2447 5556 et
2473 5501 2717 5554 omittere
2745 5495 2910 5549 satius
2939 5490 3164 5546 fortasse
3195 5485 3403 5547 fuerat;
3433 5498 3550 5552 qua:
3589 5477 3794 5532 scilicet

2210 5594 2341 5667 ipsis
2370 5607 2588 5664 magnas
2615 5591 2875 5645 bonorum
2905 5583 3115 5640 divitias
3143 5579 3506 5650 majoremquc
3545 5568 3795 5626 fiduciam

2280 5785 2300 5818 ι
2335 5786 2502 5842 Deest,
2520 5788 2712 5841 corpus,
2731 5776 2780 5824 lu
2795 5772 2986 5822 duobus
3005 5776 3114 5819 Mss.
