  <div class='ocr_page' id='page_1' title='image "/cluster/home/n/w/nwhite01/storage/ocr_20150623/47/nnc1.0046978321/284.png"; bbox 0 0 4096 6392; ppageno 0'>
   <div class='ocr_carea' id='block_1_1' title="bbox 312 401 417 456">
    <p class='ocr_par' dir='ltr' id='par_1_1' title="bbox 312 401 417 456">
     <span class='ocr_line' id='line_1_1' title="bbox 312 401 417 456; baseline 0.01 -1"><span class='ocrx_word' id='word_1_1' title='bbox 312 401 417 456; x_wconf 66' lang='lat'>595</span> 
     </span>
    </p>
   </div>
   <div class='ocr_carea' id='block_1_2' title="bbox 301 518 1970 593">
    <p class='ocr_par' dir='ltr' id='par_1_2' title="bbox 301 518 1970 593">
     <span class='ocr_line' id='line_1_2' title="bbox 301 518 1970 593; baseline 0.001 -21"><span class='ocrx_word' id='word_1_2' title='bbox 301 520 485 573; x_wconf 88' lang='grc' dir='ltr'>λαϐεῖν</span> <span class='ocrx_word' id='word_1_3' title='bbox 506 536 625 572; x_wconf 84' lang='grc' dir='ltr'>τινα</span> <span class='ocrx_word' id='word_1_4' title='bbox 654 518 800 588; x_wconf 78' lang='grc' dir='ltr'>παρὰ</span> <span class='ocrx_word' id='word_1_5' title='bbox 833 518 926 571; x_wconf 80' lang='grc' dir='ltr'>τοῦ</span> <span class='ocrx_word' id='word_1_6' title='bbox 955 519 1359 590; x_wconf 81' lang='grc' dir='ltr'>πολεμουμένου</span> <span class='ocrx_word' id='word_1_7' title='bbox 1407 519 1541 574; x_wconf 86' lang='grc' dir='ltr'>Θεοῦ</span> <span class='ocrx_word' id='word_1_8' title='bbox 1568 520 1738 592; x_wconf 78' lang='grc' dir='ltr'>ῥοπὴν</span> <span class='ocrx_word' id='word_1_9' title='bbox 1766 523 1846 584; x_wconf 77' lang='grc' dir='ltr'>είς</span> <span class='ocrx_word' id='word_1_10' title='bbox 1871 522 1970 593; x_wconf 76' lang='grc' dir='ltr'>τὴν</span> 
     </span>
    </p>
   </div>
   <div class='ocr_carea' id='block_1_3' title="bbox 303 606 1971 684">
    <p class='ocr_par' dir='ltr' id='par_1_3' title="bbox 303 606 1971 684">
     <span class='ocr_line' id='line_1_3' title="bbox 303 606 1971 684; baseline -0.001 -24"><span class='ocrx_word' id='word_1_11' title='bbox 303 607 542 679; x_wconf 74' lang='grc' dir='ltr'>ἰατρείαν</span> <span class='ocrx_word' id='word_1_12' title='bbox 558 607 665 660; x_wconf 89' lang='grc' dir='ltr'>τῶν</span> <span class='ocrx_word' id='word_1_13' title='bbox 692 607 1072 676; x_wconf 77' lang='grc' dir='ltr'>πολεμούντων</span> <span class='ocrx_word' id='word_1_14' title='bbox 1100 609 1280 662; x_wconf 85' lang='grc' dir='ltr'>αὑτόν·</span> <span class='ocrx_word' id='word_1_15' title='bbox 1317 606 1432 680; x_wconf 76' lang='grc'>[48]</span> <span class='ocrx_word' id='word_1_16' title='bbox 1462 607 1622 684; x_wconf 77' lang='grc' dir='ltr'>δώσει</span> <span class='ocrx_word' id='word_1_17' title='bbox 1661 608 1718 660; x_wconf 89' lang='grc' dir='ltr'>δέ</span> <span class='ocrx_word' id='word_1_18' title='bbox 1753 608 1971 670; x_wconf 87' lang='grc' dir='ltr'>πάντως</span> 
     </span>
    </p>
   </div>
   <div class='ocr_carea' id='block_1_4' title="bbox 299 686 2008 766">
    <p class='ocr_par' dir='ltr' id='par_1_4' title="bbox 299 686 2008 766">
     <span class='ocr_line' id='line_1_4' title="bbox 299 686 2008 766; baseline -0.001 -18"><span class='ocrx_word' id='word_1_19' title='bbox 299 695 678 766; x_wconf 87' lang='grc' dir='ltr'>φιλάνθρωπός</span> <span class='ocrx_word' id='word_1_20' title='bbox 700 712 758 747; x_wconf 89' lang='grc' dir='ltr'>τε</span> <span class='ocrx_word' id='word_1_21' title='bbox 781 693 876 760; x_wconf 82' lang='grc' dir='ltr'>ὢν,</span> <span class='ocrx_word' id='word_1_22' title='bbox 907 695 1001 747; x_wconf 78' lang='grc' dir='ltr'>καὶ</span> <span class='ocrx_word' id='word_1_23' title='bbox 1029 695 1123 749; x_wconf 82' lang='grc' dir='ltr'>τὸν</span> <span class='ocrx_word' id='word_1_24' title='bbox 1147 695 1374 749; x_wconf 87' lang='grc' dir='ltr'>θάνατον</span> <span class='ocrx_word' id='word_1_25' title='bbox 1407 695 1482 766; x_wconf 86' lang='grc' dir='ltr'>μὴ</span> <span class='ocrx_word' id='word_1_26' title='bbox 1522 695 1845 766; x_wconf 86' lang='grc' dir='ltr'>βουλόμενος</span> <span class='ocrx_word' id='word_1_27' title='bbox 1872 694 1969 748; x_wconf 88' lang='grc' dir='ltr'>τοῦ</span> <span class='ocrx_word' id='word_1_28' title='bbox 2003 686 2008 690; x_wconf 58' lang='grc'><em>’</em></span> 
     </span>
    </p>
   </div>
   <div class='ocr_carea' id='block_1_5' title="bbox 297 781 1972 854">
    <p class='ocr_par' dir='ltr' id='par_1_5' title="bbox 297 781 1972 854">
     <span class='ocr_line' id='line_1_5' title="bbox 297 781 1972 854; baseline -0.001 -18"><span class='ocrx_word' id='word_1_29' title='bbox 297 782 643 854; x_wconf 86' lang='grc' dir='ltr'>ἀμαρτωλοῦ,</span> <span class='ocrx_word' id='word_1_30' title='bbox 674 783 750 846; x_wconf 87' lang='grc' dir='ltr'>ώς</span> <span class='ocrx_word' id='word_1_31' title='bbox 805 783 866 835; x_wconf 86' lang='grc' dir='ltr'>τὸ</span> <span class='ocrx_word' id='word_1_32' title='bbox 912 781 1240 852; x_wconf 73' lang='grc' dir='ltr'>ἐπιπρέψαι</span> <span class='ocrx_word' id='word_1_33' title='bbox 1291 783 1457 836; x_wconf 88' lang='grc' dir='ltr'>αὑτὸν</span> <span class='ocrx_word' id='word_1_34' title='bbox 1499 783 1592 835; x_wconf 78' lang='grc' dir='ltr'>καὶ</span> <span class='ocrx_word' id='word_1_35' title='bbox 1627 782 1747 854; x_wconf 78' lang='grc' dir='ltr'>ζῇν.</span> <span class='ocrx_word' id='word_1_36' title='bbox 1784 782 1972 845; x_wconf 76' lang='grc' dir='ltr'>Οὕτως</span> 
     </span>
    </p>
   </div>
   <div class='ocr_carea' id='block_1_6' title="bbox 297 869 1972 940">
    <p class='ocr_par' dir='ltr' id='par_1_6' title="bbox 297 869 1972 940">
     <span class='ocr_line' id='line_1_6' title="bbox 297 869 1972 940; baseline 0.002 -20"><span class='ocrx_word' id='word_1_37' title='bbox 297 869 631 938; x_wconf 76' lang='grc' dir='ltr'>ἀποπέμψας</span> <span class='ocrx_word' id='word_1_38' title='bbox 673 870 906 933; x_wconf 89' lang='grc' dir='ltr'>ἐκεῖνον,</span> <span class='ocrx_word' id='word_1_39' title='bbox 942 871 1051 922; x_wconf 87' lang='grc' dir='ltr'>τῶν</span> <span class='ocrx_word' id='word_1_40' title='bbox 1094 870 1268 938; x_wconf 87' lang='grc' dir='ltr'>λόγων</span> <span class='ocrx_word' id='word_1_41' title='bbox 1312 870 1562 940; x_wconf 78' lang='grc' dir='ltr'>ἡπτόμην</span> <span class='ocrx_word' id='word_1_42' title='bbox 1600 871 1824 923; x_wconf 87' lang='grc' dir='ltr'>τούτων.</span> <span class='ocrx_word' id='word_1_43' title='bbox 1859 869 1972 923; x_wconf 75' lang='grc' dir='ltr'>Καὶ</span> 
     </span>
    </p>
   </div>
   <div class='ocr_carea' id='block_1_7' title="bbox 296 955 1967 1030">
    <p class='ocr_par' dir='ltr' id='par_1_7' title="bbox 296 955 1967 1030">
     <span class='ocr_line' id='line_1_7' title="bbox 296 955 1967 1030; baseline 0 -20"><span class='ocrx_word' id='word_1_44' title='bbox 296 957 404 1028; x_wconf 83' lang='grc' dir='ltr'>γάρ</span> <span class='ocrx_word' id='word_1_45' title='bbox 437 960 485 1010; x_wconf 87' lang='grc' dir='ltr'>εί</span> <span class='ocrx_word' id='word_1_46' title='bbox 515 959 614 1028; x_wconf 82' lang='grc' dir='ltr'>μὲν</span> <span class='ocrx_word' id='word_1_47' title='bbox 641 958 799 1012; x_wconf 87' lang='grc' dir='ltr'>τοῦτο</span> <span class='ocrx_word' id='word_1_48' title='bbox 831 960 990 1030; x_wconf 87' lang='grc' dir='ltr'>μόνον</span> <span class='ocrx_word' id='word_1_49' title='bbox 1018 955 1086 1030; x_wconf 81' lang='grc' dir='ltr'>ἦν</span> <span class='ocrx_word' id='word_1_50' title='bbox 1115 960 1174 1012; x_wconf 83' lang='grc' dir='ltr'>τὸ</span> <span class='ocrx_word' id='word_1_51' title='bbox 1203 960 1396 1022; x_wconf 82' lang='grc' dir='ltr'>δεινὸν,</span> <span class='ocrx_word' id='word_1_52' title='bbox 1426 961 1488 1013; x_wconf 85' lang='grc' dir='ltr'>τὸ</span> <span class='ocrx_word' id='word_1_53' title='bbox 1511 961 1635 1022; x_wconf 83' lang='grc' dir='ltr'>τοὺς</span> <span class='ocrx_word' id='word_1_54' title='bbox 1662 959 1850 1027; x_wconf 81' lang='grc' dir='ltr'>ἁγίους</span> <span class='ocrx_word' id='word_1_55' title='bbox 1873 956 1967 1011; x_wconf 89' lang='grc' dir='ltr'>τοῦ</span> 
     </span>
    </p>
   </div>
   <div class='ocr_carea' id='block_1_8' title="bbox 295 1045 1967 1119">
    <p class='ocr_par' dir='ltr' id='par_1_8' title="bbox 295 1045 1967 1119">
     <span class='ocr_line' id='line_1_8' title="bbox 295 1045 1967 1119; baseline 0.001 -23"><span class='ocrx_word' id='word_1_56' title='bbox 295 1045 430 1098; x_wconf 83' lang='grc' dir='ltr'>Θεοῦ</span> <span class='ocrx_word' id='word_1_57' title='bbox 463 1048 557 1099; x_wconf 74' lang='grc' dir='ltr'>καὶ</span> <span class='ocrx_word' id='word_1_58' title='bbox 589 1047 938 1117; x_wconf 79' lang='grc' dir='ltr'>θαυμαστοὺς</span> <span class='ocrx_word' id='word_1_59' title='bbox 957 1048 1154 1119; x_wconf 83' lang='grc' dir='ltr'>ἄνδρας</span> <span class='ocrx_word' id='word_1_60' title='bbox 1175 1048 1415 1112; x_wconf 80' lang='grc' dir='ltr'>ἐκείνους</span> <span class='ocrx_word' id='word_1_61' title='bbox 1431 1047 1682 1100; x_wconf 74' lang='grc' dir='ltr'>ἕλκεσθαι</span> <span class='ocrx_word' id='word_1_62' title='bbox 1707 1047 1802 1100; x_wconf 77' lang='grc' dir='ltr'>καὶ</span> <span class='ocrx_word' id='word_1_63' title='bbox 1829 1064 1967 1099; x_wconf 85' lang='grc' dir='ltr'>σπα-</span> 
     </span>
    </p>
   </div>
   <div class='ocr_carea' id='block_1_9' title="bbox 297 1132 1963 1206">
    <p class='ocr_par' dir='ltr' id='par_1_9' title="bbox 297 1132 1963 1206">
     <span class='ocr_line' id='line_1_9' title="bbox 297 1132 1963 1206; baseline 0.001 -22"><span class='ocrx_word' id='word_1_64' title='bbox 297 1132 592 1202; x_wconf 71' lang='grc' dir='ltr'>ράσσεσθαι</span> <span class='ocrx_word' id='word_1_65' title='bbox 621 1135 951 1205; x_wconf 85' lang='grc' dir='ltr'>συρομένους</span> <span class='ocrx_word' id='word_1_66' title='bbox 976 1137 1054 1197; x_wconf 73' lang='grc' dir='ltr'>εἰς</span> <span class='ocrx_word' id='word_1_67' title='bbox 1074 1135 1422 1206; x_wconf 88' lang='grc' dir='ltr'>δικαστήρια,</span> <span class='ocrx_word' id='word_1_68' title='bbox 1451 1136 1546 1187; x_wconf 77' lang='grc' dir='ltr'>καὶ</span> <span class='ocrx_word' id='word_1_69' title='bbox 1574 1134 1963 1204; x_wconf 83' lang='grc' dir='ltr'>τυπτομένους,</span> 
     </span>
    </p>
   </div>
   <div class='ocr_carea' id='block_1_10' title="bbox 294 1219 1966 1292">
    <p class='ocr_par' dir='ltr' id='par_1_10' title="bbox 294 1219 1966 1292">
     <span class='ocr_line' id='line_1_10' title="bbox 294 1219 1966 1292; baseline 0.004 -21"><span class='ocrx_word' id='word_1_70' title='bbox 294 1220 387 1272; x_wconf 78' lang='grc' dir='ltr'>καὶ</span> <span class='ocrx_word' id='word_1_71' title='bbox 415 1219 484 1271; x_wconf 89' lang='grc' dir='ltr'>τά</span> <span class='ocrx_word' id='word_1_72' title='bbox 509 1220 642 1274; x_wconf 84' lang='grc' dir='ltr'>ἄλλα</span> <span class='ocrx_word' id='word_1_73' title='bbox 673 1224 998 1291; x_wconf 82' lang='grc' dir='ltr'>πάσχοντας,</span> <span class='ocrx_word' id='word_1_74' title='bbox 1025 1221 1169 1292; x_wconf 79' lang='grc' dir='ltr'>ἅπερ</span> <span class='ocrx_word' id='word_1_75' title='bbox 1192 1222 1541 1292; x_wconf 76' lang='grc' dir='ltr'>διηγησάμην</span> <span class='ocrx_word' id='word_1_76' title='bbox 1562 1222 1706 1291; x_wconf 83' lang='grc' dir='ltr'>ἄρτι,</span> <span class='ocrx_word' id='word_1_77' title='bbox 1729 1221 1966 1290; x_wconf 80' lang='grc' dir='ltr'>μηδεμία</span> 
     </span>
    </p>
   </div>
   <div class='ocr_carea' id='block_1_11' title="bbox 290 1306 1964 1379">
    <p class='ocr_par' dir='ltr' id='par_1_11' title="bbox 290 1306 1964 1379">
     <span class='ocr_line' id='line_1_11' title="bbox 290 1306 1964 1379; baseline 0 -21"><span class='ocrx_word' id='word_1_78' title='bbox 290 1306 348 1358; x_wconf 85' lang='grc' dir='ltr'>δὲ</span> <span class='ocrx_word' id='word_1_79' title='bbox 401 1308 510 1360; x_wconf 84' lang='grc' dir='ltr'>ἀπὸ</span> <span class='ocrx_word' id='word_1_80' title='bbox 555 1308 761 1362; x_wconf 89' lang='grc' dir='ltr'>τούτων</span> <span class='ocrx_word' id='word_1_81' title='bbox 801 1311 881 1372; x_wconf 88' lang='grc' dir='ltr'>είς</span> <span class='ocrx_word' id='word_1_82' title='bbox 912 1309 1010 1379; x_wconf 85' lang='grc' dir='ltr'>τὴν</span> <span class='ocrx_word' id='word_1_83' title='bbox 1037 1309 1144 1362; x_wconf 90' lang='grc' dir='ltr'>τῶν</span> <span class='ocrx_word' id='word_1_84' title='bbox 1170 1309 1343 1362; x_wconf 89' lang='grc' dir='ltr'>ταῦτα</span> <span class='ocrx_word' id='word_1_85' title='bbox 1376 1307 1696 1377; x_wconf 84' lang='grc' dir='ltr'>τολμώντων</span> <span class='ocrx_word' id='word_1_86' title='bbox 1725 1308 1964 1378; x_wconf 76' lang='grc' dir='ltr'>κεφαλὴν</span> 
     </span>
    </p>
   </div>
   <div class='ocr_carea' id='block_1_12' title="bbox 291 1393 1964 1467">
    <p class='ocr_par' dir='ltr' id='par_1_12' title="bbox 291 1393 1964 1467">
     <span class='ocr_line' id='line_1_12' title="bbox 291 1393 1964 1467; baseline 0.001 -22"><span class='ocrx_word' id='word_1_87' title='bbox 291 1393 549 1463; x_wconf 82' lang='grc' dir='ltr'>ἐτρέπετο</span> <span class='ocrx_word' id='word_1_88' title='bbox 582 1393 774 1465; x_wconf 86' lang='grc' dir='ltr'>βλάϐη,</span> <span class='ocrx_word' id='word_1_89' title='bbox 810 1397 1063 1449; x_wconf 86' lang='grc' dir='ltr'>τοσοῦτον</span> <span class='ocrx_word' id='word_1_90' title='bbox 1089 1395 1326 1467; x_wconf 79' lang='grc' dir='ltr'>ἀπέσχον</span> <span class='ocrx_word' id='word_1_91' title='bbox 1347 1396 1584 1465; x_wconf 88' lang='grc' dir='ltr'>ἀλγῆσαι</span> <span class='ocrx_word' id='word_1_92' title='bbox 1610 1399 1720 1458; x_wconf 88' lang='grc' dir='ltr'>τοῖς</span> <span class='ocrx_word' id='word_1_93' title='bbox 1744 1396 1964 1464; x_wconf 73' lang='grc' dir='ltr'>γινομέο</span> 
     </span>
    </p>
   </div>
   <div class='ocr_carea' id='block_1_13' title="bbox 290 1482 1960 1554">
    <p class='ocr_par' dir='ltr' id='par_1_13' title="bbox 290 1482 1960 1554">
     <span class='ocr_line' id='line_1_13' title="bbox 290 1482 1960 1554; baseline 0.001 -21"><span class='ocrx_word' id='word_1_94' title='bbox 290 1497 422 1544; x_wconf 87' lang='grc' dir='ltr'>νοις.</span> <span class='ocrx_word' id='word_1_95' title='bbox 444 1482 526 1534; x_wconf 81' lang='grc' dir='ltr'>ὅτι</span> <span class='ocrx_word' id='word_1_96' title='bbox 560 1482 662 1535; x_wconf 78' lang='grc' dir='ltr'>κᾶν</span> <span class='ocrx_word' id='word_1_97' title='bbox 684 1482 921 1550; x_wconf 77' lang='grc' dir='ltr'>ἐγέλασα</span> <span class='ocrx_word' id='word_1_98' title='bbox 942 1483 1144 1554; x_wconf 84' lang='grc' dir='ltr'>σφόδρα</span> <span class='ocrx_word' id='word_1_99' title='bbox 1161 1484 1281 1553; x_wconf 80' lang='grc' dir='ltr'>ἡδὺ,</span> <span class='ocrx_word' id='word_1_100' title='bbox 1300 1486 1395 1536; x_wconf 72' lang='grc' dir='ltr'>καὶ</span> <span class='ocrx_word' id='word_1_101' title='bbox 1415 1484 1633 1552; x_wconf 73' lang='grc' dir='ltr'>δαψιλὲς</span> <span class='ocrx_word' id='word_1_102' title='bbox 1659 1484 1744 1536; x_wconf 87' lang='grc' dir='ltr'>ἐπ’</span> <span class='ocrx_word' id='word_1_103' title='bbox 1759 1485 1960 1546; x_wconf 83' lang='grc' dir='ltr'>αὐτοῖς·</span> 
     </span>
    </p>
   </div>
   <div class='ocr_carea' id='block_1_14' title="bbox 291 1569 1963 1645">
    <p class='ocr_par' dir='ltr' id='par_1_14' title="bbox 291 1569 1963 1645">
     <span class='ocr_line' id='line_1_14' title="bbox 291 1569 1963 1645; baseline 0.002 -24"><span class='ocrx_word' id='word_1_104' title='bbox 291 1570 412 1622; x_wconf 79' lang='grc' dir='ltr'>ἐπεὶ</span> <span class='ocrx_word' id='word_1_105' title='bbox 433 1570 525 1622; x_wconf 78' lang='grc' dir='ltr'>καὶ</span> <span class='ocrx_word' id='word_1_106' title='bbox 542 1569 610 1622; x_wconf 88' lang='grc' dir='ltr'>τά</span> <span class='ocrx_word' id='word_1_107' title='bbox 632 1571 818 1623; x_wconf 88' lang='grc' dir='ltr'>παιδία</span> <span class='ocrx_word' id='word_1_108' title='bbox 851 1571 918 1623; x_wconf 83' lang='grc' dir='ltr'>τά</span> <span class='ocrx_word' id='word_1_109' title='bbox 944 1570 1134 1642; x_wconf 83' lang='grc' dir='ltr'>μικρὰ,</span> <span class='ocrx_word' id='word_1_110' title='bbox 1157 1573 1284 1624; x_wconf 85' lang='grc' dir='ltr'>ὅταν</span> <span class='ocrx_word' id='word_1_111' title='bbox 1308 1572 1405 1642; x_wconf 84' lang='grc' dir='ltr'>μὲν</span> <span class='ocrx_word' id='word_1_112' title='bbox 1429 1571 1725 1635; x_wconf 74' lang='grc' dir='ltr'>ἀκινδύνως</span> <span class='ocrx_word' id='word_1_113' title='bbox 1753 1571 1963 1645; x_wconf 83' lang='grc' dir='ltr'>πλήττῃ</span> 
     </span>
    </p>
   </div>
   <div class='ocr_carea' id='block_1_15' title="bbox 287 1654 1963 1729">
    <p class='ocr_par' dir='ltr' id='par_1_15' title="bbox 287 1654 1963 1729">
     <span class='ocr_line' id='line_1_15' title="bbox 287 1654 1963 1729; baseline 0.004 -22"><span class='ocrx_word' id='word_1_114' title='bbox 287 1654 387 1718; x_wconf 85' lang='grc' dir='ltr'>τὰς</span> <span class='ocrx_word' id='word_1_115' title='bbox 418 1656 679 1726; x_wconf 86' lang='grc' dir='ltr'>μητέρας,</span> <span class='ocrx_word' id='word_1_116' title='bbox 702 1657 870 1710; x_wconf 75' lang='grc' dir='ltr'>πολὺν</span> <span class='ocrx_word' id='word_1_117' title='bbox 896 1661 1034 1710; x_wconf 88' lang='grc' dir='ltr'>κινεῖ</span> <span class='ocrx_word' id='word_1_118' title='bbox 1056 1657 1146 1711; x_wconf 84' lang='grc' dir='ltr'>τὸν</span> <span class='ocrx_word' id='word_1_119' title='bbox 1170 1659 1382 1726; x_wconf 81' lang='grc' dir='ltr'>γέλωτα</span> <span class='ocrx_word' id='word_1_120' title='bbox 1414 1661 1532 1724; x_wconf 91' lang='grc' dir='ltr'>ταῖς</span> <span class='ocrx_word' id='word_1_121' title='bbox 1569 1660 1963 1729; x_wconf 87' lang='grc' dir='ltr'>πληττομέναις</span> 
     </span>
    </p>
   </div>
   <div class='ocr_carea' id='block_1_16' title="bbox 289 1742 1960 1818">
    <p class='ocr_par' dir='ltr' id='par_1_16' title="bbox 289 1742 1960 1818">
     <span class='ocr_line' id='line_1_16' title="bbox 289 1742 1960 1818; baseline 0.004 -24"><span class='ocrx_word' id='word_1_122' title='bbox 289 1742 498 1806; x_wconf 89' lang='grc' dir='ltr'>αὑταῖς,</span> <span class='ocrx_word' id='word_1_123' title='bbox 530 1744 623 1795; x_wconf 76' lang='grc' dir='ltr'>καὶ</span> <span class='ocrx_word' id='word_1_124' title='bbox 652 1744 871 1814; x_wconf 82' lang='grc' dir='ltr'>ὅσῳπερ</span> <span class='ocrx_word' id='word_1_125' title='bbox 903 1743 968 1798; x_wconf 83' lang='grc' dir='ltr'>ἂν</span> <span class='ocrx_word' id='word_1_126' title='bbox 998 1745 1062 1798; x_wconf 90' lang='grc' dir='ltr'>ἐκ</span> <span class='ocrx_word' id='word_1_127' title='bbox 1093 1746 1336 1810; x_wconf 88' lang='grc' dir='ltr'>πλείονος</span> <span class='ocrx_word' id='word_1_128' title='bbox 1358 1746 1516 1799; x_wconf 90' lang='grc' dir='ltr'>τοῦτο</span> <span class='ocrx_word' id='word_1_129' title='bbox 1554 1747 1960 1818; x_wconf 74' lang='grc' dir='ltr'>ἐργάζηταιτοῦ</span> 
     </span>
    </p>
   </div>
   <div class='ocr_carea' id='block_1_17' title="bbox 289 1828 1959 1908">
    <p class='ocr_par' dir='ltr' id='par_1_17' title="bbox 289 1828 1959 1908">
     <span class='ocr_line' id='line_1_17' title="bbox 289 1828 1959 1908; baseline 0.004 -26"><span class='ocrx_word' id='word_1_130' title='bbox 289 1828 483 1900; x_wconf 85' lang='grc' dir='ltr'>θυμοῦ,</span> <span class='ocrx_word' id='word_1_131' title='bbox 522 1831 776 1885; x_wconf 86' lang='grc' dir='ltr'>τοσοῦτον</span> <span class='ocrx_word' id='word_1_132' title='bbox 808 1832 1006 1902; x_wconf 81' lang='grc' dir='ltr'>μᾶλλον</span> <span class='ocrx_word' id='word_1_133' title='bbox 1030 1834 1220 1897; x_wconf 85' lang='grc' dir='ltr'>αὑταῖς</span> <span class='ocrx_word' id='word_1_134' title='bbox 1247 1835 1503 1888; x_wconf 78' lang='grc' dir='ltr'>ἐπιτείνει</span> <span class='ocrx_word' id='word_1_135' title='bbox 1535 1838 1632 1905; x_wconf 79' lang='grc' dir='ltr'>τὴν</span> <span class='ocrx_word' id='word_1_136' title='bbox 1652 1836 1864 1908; x_wconf 78' lang='grc' dir='ltr'>ἡδονὴν,</span> <span class='ocrx_word' id='word_1_137' title='bbox 1885 1837 1959 1901; x_wconf 87' lang='grc' dir='ltr'>ὡς</span> 
     </span>
    </p>
   </div>
   <div class='ocr_carea' id='block_1_18' title="bbox 289 1918 1973 2008">
    <p class='ocr_par' dir='ltr' id='par_1_18' title="bbox 289 1918 1973 2008">
     <span class='ocr_line' id='line_1_18' title="bbox 289 1918 1973 2008; baseline 0.005 -39"><span class='ocrx_word' id='word_1_138' title='bbox 289 1920 383 1970; x_wconf 75' lang='grc' dir='ltr'>καὶ</span> <span class='ocrx_word' id='word_1_139' title='bbox 411 1918 711 1989; x_wconf 88' lang='grc' dir='ltr'>διαχεῖσθαι</span> <span class='ocrx_word' id='word_1_140' title='bbox 739 1919 835 1972; x_wconf 83' lang='grc' dir='ltr'>καὶ</span> <span class='ocrx_word' id='word_1_141' title='bbox 857 1921 1192 1974; x_wconf 84' lang='grc' dir='ltr'>ἀνακλᾶσθαι</span> <span class='ocrx_word' id='word_1_142' title='bbox 1219 1922 1298 1993; x_wconf 81' lang='grc' dir='ltr'>τῷ</span> <span class='ocrx_word' id='word_1_143' title='bbox 1316 1924 1534 1992; x_wconf 89' lang='grc' dir='ltr'>γέλωτι·</span> <span class='ocrx_word' id='word_1_144' title='bbox 1559 1926 1607 1976; x_wconf 85' lang='grc' dir='ltr'>εἰ</span> <span class='ocrx_word' id='word_1_145' title='bbox 1646 1924 1702 1976; x_wconf 88' lang='grc' dir='ltr'>δὲ</span> <span class='ocrx_word' id='word_1_146' title='bbox 1723 1924 1800 1994; x_wconf 84' lang='grc' dir='ltr'>τῷ</span> <span class='ocrx_word' id='word_1_147' title='bbox 1836 1941 1973 2008; x_wconf 46' lang='grc' dir='ltr'>συν--</span> 
     </span>
    </p>
   </div>
   <div class='ocr_carea' id='block_1_19' title="bbox 287 2004 1960 2084">
    <p class='ocr_par' dir='ltr' id='par_1_19' title="bbox 287 2004 1960 2084">
     <span class='ocr_line' id='line_1_19' title="bbox 287 2004 1960 2084; baseline 0.005 -27"><span class='ocrx_word' id='word_1_148' title='bbox 287 2004 426 2075; x_wconf 87' lang='grc' dir='ltr'>εχῶς</span> <span class='ocrx_word' id='word_1_149' title='bbox 441 2007 534 2060; x_wconf 77' lang='grc' dir='ltr'>καὶ</span> <span class='ocrx_word' id='word_1_150' title='bbox 553 2007 823 2074; x_wconf 77' lang='grc' dir='ltr'>ραγδαίως</span> <span class='ocrx_word' id='word_1_151' title='bbox 841 2007 998 2061; x_wconf 93' lang='grc' dir='ltr'>τοῦτο</span> <span class='ocrx_word' id='word_1_152' title='bbox 1011 2012 1184 2063; x_wconf 86' lang='grc' dir='ltr'>ποιεῖν</span> <span class='ocrx_word' id='word_1_153' title='bbox 1200 2010 1430 2082; x_wconf 82' lang='grc' dir='ltr'>τρωθείη</span> <span class='ocrx_word' id='word_1_154' title='bbox 1448 2011 1634 2082; x_wconf 82' lang='grc' dir='ltr'>ποτέ,ἢ</span> <span class='ocrx_word' id='word_1_155' title='bbox 1655 2012 1960 2084; x_wconf 82' lang='grc' dir='ltr'>βελόνηςτῷ</span> 
     </span>
    </p>
   </div>
   <div class='ocr_carea' id='block_1_20' title="bbox 285 2091 1956 2173">
    <p class='ocr_par' dir='ltr' id='par_1_20' title="bbox 285 2091 1956 2173">
     <span class='ocr_line' id='line_1_20' title="bbox 285 2091 1956 2173; baseline 0.006 -30"><span class='ocrx_word' id='word_1_156' title='bbox 285 2091 589 2164; x_wconf 83' lang='grc' dir='ltr'>χιτωνίσκῳ</span> <span class='ocrx_word' id='word_1_157' title='bbox 609 2095 709 2164; x_wconf 90' lang='grc' dir='ltr'>τῆς</span> <span class='ocrx_word' id='word_1_158' title='bbox 731 2094 935 2166; x_wconf 80' lang='grc' dir='ltr'>μητρὸς</span> <span class='ocrx_word' id='word_1_159' title='bbox 953 2096 1080 2167; x_wconf 79' lang='grc' dir='ltr'>περὶ</span> <span class='ocrx_word' id='word_1_160' title='bbox 1100 2095 1198 2167; x_wconf 86' lang='grc' dir='ltr'>τὴν</span> <span class='ocrx_word' id='word_1_161' title='bbox 1222 2096 1397 2167; x_wconf 78' lang='grc' dir='ltr'>ζώνην</span> <span class='ocrx_word' id='word_1_162' title='bbox 1420 2101 1628 2170; x_wconf 84' lang='grc' dir='ltr'>ἐμπεπε</span> <span class='ocrx_word' id='word_1_163' title='bbox 1638 2119 1762 2173; x_wconf 89' lang='grc' dir='ltr'>ρονη</span> <span class='ocrx_word' id='word_1_164' title='bbox 1772 2101 1956 2171; x_wconf 88' lang='grc' dir='ltr'>μένης,</span> 
     </span>
    </p>
   </div>
   <div class='ocr_carea' id='block_1_21' title="bbox 285 2191 1960 2272">
    <p class='ocr_par' dir='ltr' id='par_1_21' title="bbox 285 2191 1960 2272">
     <span class='ocr_line' id='line_1_21' title="bbox 285 2191 1960 2272; baseline 0.005 -28"><span class='ocrx_word' id='word_1_165' title='bbox 285 2191 435 2262; x_wconf 80' lang='grc' dir='ltr'>ῆτῆς</span> <span class='ocrx_word' id='word_1_166' title='bbox 465 2194 714 2265; x_wconf 84' lang='grc' dir='ltr'>κερκίδος</span> <span class='ocrx_word' id='word_1_167' title='bbox 744 2196 849 2266; x_wconf 87' lang='grc' dir='ltr'>πρὸ</span> <span class='ocrx_word' id='word_1_168' title='bbox 877 2196 984 2250; x_wconf 88' lang='grc' dir='ltr'>τῶν</span> <span class='ocrx_word' id='word_1_169' title='bbox 1013 2198 1249 2269; x_wconf 85' lang='grc' dir='ltr'>στέρνων</span> <span class='ocrx_word' id='word_1_170' title='bbox 1272 2199 1380 2252; x_wconf 90' lang='grc' dir='ltr'>τῶν</span> <span class='ocrx_word' id='word_1_171' title='bbox 1395 2200 1675 2272; x_wconf 88' lang='grc' dir='ltr'>μητρικῶν</span> <span class='ocrx_word' id='word_1_172' title='bbox 1693 2202 1788 2272; x_wconf 85' lang='grc' dir='ltr'>τὴν</span> <span class='ocrx_word' id='word_1_173' title='bbox 1805 2204 1960 2271; x_wconf 87' lang='grc' dir='ltr'>χεῖρα</span> 
     </span>
    </p>
   </div>
   <div class='ocr_carea' id='block_1_22' title="bbox 283 2293 1958 2375">
    <p class='ocr_par' dir='ltr' id='par_1_22' title="bbox 283 2293 1958 2375">
     <span class='ocr_line' id='line_1_22' title="bbox 283 2293 1958 2375; baseline 0.006 -29"><span class='ocrx_word' id='word_1_174' title='bbox 283 2293 380 2347; x_wconf 89' lang='grc' dir='ltr'>τοῦ</span> <span class='ocrx_word' id='word_1_175' title='bbox 408 2295 594 2359; x_wconf 86' lang='grc' dir='ltr'>παιδὸς</span> <span class='ocrx_word' id='word_1_176' title='bbox 615 2296 933 2370; x_wconf 86' lang='grc' dir='ltr'>δεξαμένης,</span> <span class='ocrx_word' id='word_1_177' title='bbox 952 2300 1073 2352; x_wconf 90' lang='grc' dir='ltr'>τότε</span> <span class='ocrx_word' id='word_1_178' title='bbox 1102 2300 1187 2372; x_wconf 84' lang='grc' dir='ltr'>δὴ,</span> <span class='ocrx_word' id='word_1_179' title='bbox 1219 2301 1361 2366; x_wconf 88' lang='grc' dir='ltr'>τότε,</span> <span class='ocrx_word' id='word_1_180' title='bbox 1396 2303 1488 2356; x_wconf 83' lang='grc' dir='ltr'>τὸν</span> <span class='ocrx_word' id='word_1_181' title='bbox 1513 2306 1724 2372; x_wconf 90' lang='grc' dir='ltr'>γέλωτα</span> <span class='ocrx_word' id='word_1_182' title='bbox 1759 2307 1958 2375; x_wconf 83' lang='grc' dir='ltr'>ἀφεῖσα</span> 
     </span>
    </p>
   </div>
   <div class='ocr_carea' id='block_1_23' title="bbox 283 2393 1954 2474">
    <p class='ocr_par' dir='ltr' id='par_1_23' title="bbox 283 2393 1954 2474">
     <span class='ocr_line' id='line_1_23' title="bbox 283 2393 1954 2474; baseline 0.008 -31"><span class='ocrx_word' id='word_1_183' title='bbox 283 2393 318 2462; x_wconf 78' lang='grc' dir='ltr'>ἡ</span> <span class='ocrx_word' id='word_1_184' title='bbox 354 2393 558 2464; x_wconf 84' lang='grc' dir='ltr'>μήτηρ,</span> <span class='ocrx_word' id='word_1_185' title='bbox 597 2394 806 2464; x_wconf 80' lang='grc' dir='ltr'>μείζονι</span> <span class='ocrx_word' id='word_1_186' title='bbox 833 2396 926 2450; x_wconf 89' lang='grc' dir='ltr'>τοῦ</span> <span class='ocrx_word' id='word_1_187' title='bbox 957 2397 1254 2467; x_wconf 80' lang='grc' dir='ltr'>πληγέντος</span> <span class='ocrx_word' id='word_1_188' title='bbox 1285 2402 1614 2474; x_wconf 84' lang='grc' dir='ltr'>περιωδυνίᾳ</span> <span class='ocrx_word' id='word_1_189' title='bbox 1647 2404 1954 2474; x_wconf 87' lang='grc' dir='ltr'>κατέχεται·</span> 
     </span>
    </p>
   </div>
   <div class='ocr_carea' id='block_1_24' title="bbox 282 2488 1958 2571">
    <p class='ocr_par' dir='ltr' id='par_1_24' title="bbox 282 2488 1958 2571">
     <span class='ocr_line' id='line_1_24' title="bbox 282 2488 1958 2571; baseline 0.009 -32"><span class='ocrx_word' id='word_1_190' title='bbox 282 2488 377 2541; x_wconf 80' lang='grc' dir='ltr'>καὶ</span> <span class='ocrx_word' id='word_1_191' title='bbox 403 2489 544 2552; x_wconf 88' lang='grc' dir='ltr'>τέως</span> <span class='ocrx_word' id='word_1_192' title='bbox 589 2490 688 2560; x_wconf 84' lang='grc' dir='ltr'>μὲν</span> <span class='ocrx_word' id='word_1_193' title='bbox 713 2489 1004 2562; x_wconf 85' lang='grc' dir='ltr'>θεραπεύει</span> <span class='ocrx_word' id='word_1_194' title='bbox 1031 2495 1092 2547; x_wconf 86' lang='grc' dir='ltr'>τὸ</span> <span class='ocrx_word' id='word_1_195' title='bbox 1118 2495 1359 2567; x_wconf 89' lang='grc' dir='ltr'>τραῦμα,</span> <span class='ocrx_word' id='word_1_196' title='bbox 1394 2497 1486 2550; x_wconf 88' lang='grc' dir='ltr'>τοῦ</span> <span class='ocrx_word' id='word_1_197' title='bbox 1516 2498 1703 2553; x_wconf 82' lang='grc' dir='ltr'>λοιποῦ</span> <span class='ocrx_word' id='word_1_198' title='bbox 1731 2501 1788 2554; x_wconf 86' lang='grc' dir='ltr'>δὲ</span> <span class='ocrx_word' id='word_1_199' title='bbox 1821 2503 1958 2571; x_wconf 87' lang='grc' dir='ltr'>μετά</span> 
     </span>
    </p>
   </div>
   <div class='ocr_carea' id='block_1_25' title="bbox 283 2583 1952 2667">
    <p class='ocr_par' dir='ltr' id='par_1_25' title="bbox 283 2583 1952 2667">
     <span class='ocr_line' id='line_1_25' title="bbox 283 2583 1952 2667; baseline 0.011 -33"><span class='ocrx_word' id='word_1_200' title='bbox 283 2583 521 2654; x_wconf 52' lang='grc' dir='ltr'>σφοδρᾶς</span> <span class='ocrx_word' id='word_1_201' title='bbox 559 2586 891 2656; x_wconf 83' lang='grc' dir='ltr'>ἀπαγορεύει</span> <span class='ocrx_word' id='word_1_202' title='bbox 922 2589 1021 2659; x_wconf 89' lang='grc' dir='ltr'>τῆς</span> <span class='ocrx_word' id='word_1_203' title='bbox 1051 2591 1282 2661; x_wconf 83' lang='grc' dir='ltr'>ἀπειλῆς</span> <span class='ocrx_word' id='word_1_204' title='bbox 1311 2593 1380 2646; x_wconf 78' lang='grc' dir='ltr'>τὰ</span> <span class='ocrx_word' id='word_1_205' title='bbox 1406 2593 1630 2649; x_wconf 89' lang='grc' dir='ltr'>τοιαῦτα</span> <span class='ocrx_word' id='word_1_206' title='bbox 1663 2595 1738 2667; x_wconf 86' lang='grc' dir='ltr'>μὴ</span> <span class='ocrx_word' id='word_1_207' title='bbox 1761 2600 1952 2663; x_wconf 84' lang='grc' dir='ltr'>ποιεῖν,</span> 
     </span>
    </p>
   </div>
   <div class='ocr_carea' id='block_1_26' title="bbox 281 2677 1957 2759">
    <p class='ocr_par' dir='ltr' id='par_1_26' title="bbox 281 2677 1957 2759">
     <span class='ocr_line' id='line_1_26' title="bbox 281 2677 1957 2759; baseline 0.011 -29"><span class='ocrx_word' id='word_1_208' title='bbox 281 2677 356 2742; x_wconf 76' lang='grc' dir='ltr'>ὡς</span> <span class='ocrx_word' id='word_1_209' title='bbox 384 2679 580 2748; x_wconf 85' lang='grc' dir='ltr'>μηκέτι</span> <span class='ocrx_word' id='word_1_210' title='bbox 605 2681 797 2735; x_wconf 82' lang='grc' dir='ltr'>παθεῖν</span> <span class='ocrx_word' id='word_1_211' title='bbox 815 2683 884 2736; x_wconf 89' lang='grc' dir='ltr'>τά</span> <span class='ocrx_word' id='word_1_212' title='bbox 913 2685 1068 2739; x_wconf 87' lang='grc' dir='ltr'>αὑτά.</span> <span class='ocrx_word' id='word_1_213' title='bbox 1098 2689 1209 2740; x_wconf 80' lang='grc' dir='ltr'>Καὶ</span> <span class='ocrx_word' id='word_1_214' title='bbox 1237 2690 1398 2759; x_wconf 83' lang='grc' dir='ltr'>ἡμεῖς</span> <span class='ocrx_word' id='word_1_215' title='bbox 1429 2691 1609 2744; x_wconf 89' lang='grc' dir='ltr'>τοίνυν</span> <span class='ocrx_word' id='word_1_216' title='bbox 1635 2692 1704 2745; x_wconf 88' lang='grc' dir='ltr'>τά</span> <span class='ocrx_word' id='word_1_217' title='bbox 1730 2693 1868 2748; x_wconf 89' lang='grc' dir='ltr'>αὑτά</span> <span class='ocrx_word' id='word_1_218' title='bbox 1891 2695 1957 2748; x_wconf 88' lang='grc' dir='ltr'>ἂν</span> 
     </span>
    </p>
   </div>
   <div class='ocr_carea' id='block_1_27' title="bbox 281 2774 1957 2859">
    <p class='ocr_par' dir='ltr' id='par_1_27' title="bbox 281 2774 1957 2859">
     <span class='ocr_line' id='line_1_27' title="bbox 281 2774 1957 2859; baseline 0.011 -32"><span class='ocrx_word' id='word_1_219' title='bbox 281 2774 614 2847; x_wconf 85' lang='grc' dir='ltr'>ἐδράσαμεν,</span> <span class='ocrx_word' id='word_1_220' title='bbox 652 2781 701 2832; x_wconf 80' lang='grc' dir='ltr'>εἰ</span> <span class='ocrx_word' id='word_1_221' title='bbox 735 2779 828 2833; x_wconf 78' lang='grc' dir='ltr'>τὸν</span> <span class='ocrx_word' id='word_1_222' title='bbox 855 2782 1101 2835; x_wconf 85' lang='grc' dir='ltr'>παιδικὸν</span> <span class='ocrx_word' id='word_1_223' title='bbox 1126 2784 1313 2839; x_wconf 87' lang='grc' dir='ltr'>τοῦτον</span> <span class='ocrx_word' id='word_1_224' title='bbox 1346 2787 1607 2857; x_wconf 80' lang='grc' dir='ltr'>ἑωρῶμεν</span> <span class='ocrx_word' id='word_1_225' title='bbox 1638 2788 1828 2859; x_wconf 85' lang='grc' dir='ltr'>θυμὸν,</span> <span class='ocrx_word' id='word_1_226' title='bbox 1863 2795 1957 2846; x_wconf 78' lang='grc' dir='ltr'>καὶ</span> 
     </span>
    </p>
   </div>
   <div class='ocr_carea' id='block_1_28' title="bbox 279 2870 1956 2960">
    <p class='ocr_par' dir='ltr' id='par_1_28' title="bbox 279 2870 1956 2960">
     <span class='ocr_line' id='line_1_28' title="bbox 279 2870 1956 2960; baseline 0.012 -37"><span class='ocrx_word' id='word_1_227' title='bbox 279 2870 377 2943; x_wconf 86' lang='grc' dir='ltr'>τὴν</span> <span class='ocrx_word' id='word_1_228' title='bbox 400 2874 508 2925; x_wconf 90' lang='grc' dir='ltr'>τῶν</span> <span class='ocrx_word' id='word_1_229' title='bbox 532 2876 741 2945; x_wconf 85' lang='grc' dir='ltr'>νηπίων</span> <span class='ocrx_word' id='word_1_230' title='bbox 767 2877 1001 2949; x_wconf 82' lang='grc' dir='ltr'>πληγὴν,</span> <span class='ocrx_word' id='word_1_231' title='bbox 1037 2878 1112 2950; x_wconf 79' lang='grc' dir='ltr'>μὴ</span> <span class='ocrx_word' id='word_1_232' title='bbox 1157 2881 1332 2951; x_wconf 91' lang='grc' dir='ltr'>μέγαν</span> <span class='ocrx_word' id='word_1_233' title='bbox 1382 2884 1566 2948; x_wconf 83' lang='grc' dir='ltr'>αὑτοῖς</span> <span class='ocrx_word' id='word_1_234' title='bbox 1609 2885 1698 2938; x_wconf 86' lang='grc' dir='ltr'>τὸν</span> <span class='ocrx_word' id='word_1_235' title='bbox 1735 2887 1956 2960; x_wconf 77' lang='grc' dir='ltr'>ὄλεθρον</span> 
     </span>
    </p>
   </div>
   <div class='ocr_carea' id='block_1_29' title="bbox 280 2967 1954 3052">
    <p class='ocr_par' dir='ltr' id='par_1_29' title="bbox 280 2967 1954 3052">
     <span class='ocr_line' id='line_1_29' title="bbox 280 2967 1954 3052; baseline 0.013 -33"><span class='ocrx_word' id='word_1_236' title='bbox 280 2967 574 3038; x_wconf 82' lang='grc' dir='ltr'>φέρουσαν·</span> <span class='ocrx_word' id='word_1_237' title='bbox 589 2970 777 3043; x_wconf 83' lang='grc' dir='ltr'>ἐπειδὴ</span> <span class='ocrx_word' id='word_1_238' title='bbox 793 2972 847 3026; x_wconf 83' lang='grc' dir='ltr'>δὲ</span> <span class='ocrx_word' id='word_1_239' title='bbox 868 2975 1063 3045; x_wconf 85' lang='grc' dir='ltr'>μικρὸν</span> <span class='ocrx_word' id='word_1_240' title='bbox 1083 2975 1329 3048; x_wconf 79' lang='grc' dir='ltr'>ὕστερον,</span> <span class='ocrx_word' id='word_1_241' title='bbox 1344 2979 1448 3032; x_wconf 82' lang='grc' dir='ltr'>κᾶν</span> <span class='ocrx_word' id='word_1_242' title='bbox 1464 2981 1538 3052; x_wconf 82' lang='grc' dir='ltr'>μὴ</span> <span class='ocrx_word' id='word_1_243' title='bbox 1552 2981 1647 3035; x_wconf 86' lang='grc' dir='ltr'>νῦν</span> <span class='ocrx_word' id='word_1_244' title='bbox 1663 2983 1954 3041; x_wconf 72' lang='grc' dir='ltr'>αἴσθωνται</span> 
     </span>
    </p>
   </div>
   <div class='ocr_carea' id='block_1_30' title="bbox 278 3063 1956 3148">
    <p class='ocr_par' dir='ltr' id='par_1_30' title="bbox 278 3063 1956 3148">
     <span class='ocr_line' id='line_1_30' title="bbox 278 3063 1956 3148; baseline 0.013 -32"><span class='ocrx_word' id='word_1_245' title='bbox 278 3063 358 3134; x_wconf 82' lang='grc' dir='ltr'>τῷ</span> <span class='ocrx_word' id='word_1_246' title='bbox 383 3065 541 3136; x_wconf 88' lang='grc' dir='ltr'>θυμῷ</span> <span class='ocrx_word' id='word_1_247' title='bbox 561 3067 1245 3138; x_wconf 87' lang='grc' dir='ltr'>κατεχόμενοι,κλαύσουσι</span> <span class='ocrx_word' id='word_1_248' title='bbox 1277 3077 1372 3129; x_wconf 79' lang='grc' dir='ltr'>καὶ</span> <span class='ocrx_word' id='word_1_249' title='bbox 1397 3075 1690 3148; x_wconf 79' lang='grc' dir='ltr'>οίμώξουσι</span> <span class='ocrx_word' id='word_1_250' title='bbox 1720 3083 1814 3135; x_wconf 74' lang='grc' dir='ltr'>καὶ</span> <span class='ocrx_word' id='word_1_251' title='bbox 1836 3083 1956 3136; x_wconf 87' lang='grc' dir='ltr'>ὀδυ-</span> 
     </span>
    </p>
   </div>
   <div class='ocr_carea' id='block_1_31' title="bbox 281 3160 1950 3252">
    <p class='ocr_par' dir='ltr' id='par_1_31' title="bbox 281 3160 1950 3252">
     <span class='ocr_line' id='line_1_31' title="bbox 281 3160 1950 3252; baseline 0.013 -39"><span class='ocrx_word' id='word_1_252' title='bbox 281 3160 500 3232; x_wconf 86' lang='grc' dir='ltr'>ροῦνται</span> <span class='ocrx_word' id='word_1_253' title='bbox 519 3203 534 3229; x_wconf 97' lang='grc'>,</span> <span class='ocrx_word' id='word_1_254' title='bbox 564 3164 624 3217; x_wconf 88' lang='grc' dir='ltr'>οὑ</span> <span class='ocrx_word' id='word_1_255' title='bbox 671 3165 912 3220; x_wconf 88' lang='grc' dir='ltr'>τοιοῦτον</span> <span class='ocrx_word' id='word_1_256' title='bbox 935 3169 1187 3242; x_wconf 84' lang='grc' dir='ltr'>όδυρμὸν,</span> <span class='ocrx_word' id='word_1_257' title='bbox 1209 3167 1322 3226; x_wconf 74' lang='grc' dir='ltr'>οἷον</span> <span class='ocrx_word' id='word_1_258' title='bbox 1351 3173 1419 3227; x_wconf 84' lang='grc' dir='ltr'>τὰ</span> <span class='ocrx_word' id='word_1_259' title='bbox 1450 3177 1639 3230; x_wconf 90' lang='grc' dir='ltr'>παιδία</span> <span class='ocrx_word' id='word_1_260' title='bbox 1662 3178 1731 3231; x_wconf 87' lang='grc' dir='ltr'>τά</span> <span class='ocrx_word' id='word_1_261' title='bbox 1762 3181 1950 3252; x_wconf 84' lang='grc' dir='ltr'>μικρὰ,</span> 
     </span>
    </p>
   </div>
   <div class='ocr_carea' id='block_1_32' title="bbox 277 3257 1955 3348">
    <p class='ocr_par' dir='ltr' id='par_1_32' title="bbox 277 3257 1955 3348">
     <span class='ocr_line' id='line_1_32' title="bbox 277 3257 1955 3348; baseline 0.013 -38"><span class='ocrx_word' id='word_1_262' title='bbox 277 3257 417 3311; x_wconf 89' lang='grc' dir='ltr'>ἀλλά</span> <span class='ocrx_word' id='word_1_263' title='bbox 453 3257 544 3311; x_wconf 81' lang='grc' dir='ltr'>τὸν</span> <span class='ocrx_word' id='word_1_264' title='bbox 577 3261 636 3312; x_wconf 91' lang='grc' dir='ltr'>ἐν</span> <span class='ocrx_word' id='word_1_265' title='bbox 672 3260 752 3332; x_wconf 82' lang='grc' dir='ltr'>τῷ</span> <span class='ocrx_word' id='word_1_266' title='bbox 785 3263 963 3316; x_wconf 85' lang='grc' dir='ltr'>σκότει</span> <span class='ocrx_word' id='word_1_267' title='bbox 996 3265 1075 3336; x_wconf 83' lang='grc' dir='ltr'>τῷ</span> <span class='ocrx_word' id='word_1_268' title='bbox 1103 3265 1374 3340; x_wconf 83' lang='grc' dir='ltr'>ἐξωτέρῳ,</span> <span class='ocrx_word' id='word_1_269' title='bbox 1408 3271 1500 3324; x_wconf 83' lang='grc' dir='ltr'>τὸν</span> <span class='ocrx_word' id='word_1_270' title='bbox 1521 3275 1580 3326; x_wconf 91' lang='grc' dir='ltr'>ἐν</span> <span class='ocrx_word' id='word_1_271' title='bbox 1609 3273 1686 3344; x_wconf 85' lang='grc' dir='ltr'>τῷ</span> <span class='ocrx_word' id='word_1_272' title='bbox 1715 3278 1848 3348; x_wconf 77' lang='grc' dir='ltr'>πυρὶ</span> <span class='ocrx_word' id='word_1_273' title='bbox 1876 3279 1955 3348; x_wconf 82' lang='grc' dir='ltr'>τῷ</span> 
     </span>
    </p>
   </div>
   <div class='ocr_carea' id='block_1_33' title="bbox 278 3352 1956 3439">
    <p class='ocr_par' dir='ltr' id='par_1_33' title="bbox 278 3352 1956 3439">
     <span class='ocr_line' id='line_1_33' title="bbox 278 3352 1956 3439; baseline 0.014 -35"><span class='ocrx_word' id='word_1_274' title='bbox 278 3352 546 3425; x_wconf 79' lang='grc' dir='ltr'>ἀσϐέστῳ·</span> <span class='ocrx_word' id='word_1_275' title='bbox 576 3356 637 3409; x_wconf 86' lang='grc' dir='ltr'>τὸ</span> <span class='ocrx_word' id='word_1_276' title='bbox 660 3357 790 3410; x_wconf 85' lang='grc' dir='ltr'>αὑτὸ</span> <span class='ocrx_word' id='word_1_277' title='bbox 810 3358 972 3412; x_wconf 90' lang='grc' dir='ltr'>πάλιν</span> <span class='ocrx_word' id='word_1_278' title='bbox 987 3363 1108 3424; x_wconf 89' lang='grc' dir='ltr'>ταῖς</span> <span class='ocrx_word' id='word_1_279' title='bbox 1139 3366 1378 3436; x_wconf 88' lang='grc' dir='ltr'>μητράσι</span> <span class='ocrx_word' id='word_1_280' title='bbox 1411 3369 1747 3439; x_wconf 89' lang='grc' dir='ltr'>ποιήσωμεν,</span> <span class='ocrx_word' id='word_1_281' title='bbox 1768 3373 1956 3426; x_wconf 88' lang='grc' dir='ltr'>τοσοῦ-</span> 
     </span>
    </p>
   </div>
   <div class='ocr_carea' id='block_1_34' title="bbox 279 3453 1955 3545">
    <p class='ocr_par' dir='ltr' id='par_1_34' title="bbox 279 3453 1955 3545">
     <span class='ocr_line' id='line_1_34' title="bbox 279 3453 1955 3545; baseline 0.013 -42"><span class='ocrx_word' id='word_1_282' title='bbox 279 3468 368 3504; x_wconf 91' lang='grc' dir='ltr'>τον</span> <span class='ocrx_word' id='word_1_283' title='bbox 385 3453 565 3507; x_wconf 81' lang='grc' dir='ltr'>αὑτῶν</span> <span class='ocrx_word' id='word_1_284' title='bbox 584 3453 1005 3522; x_wconf 89' lang='grc' dir='ltr'>διαλλάττοντες,</span> <span class='ocrx_word' id='word_1_285' title='bbox 1031 3460 1152 3513; x_wconf 86' lang='grc' dir='ltr'>ὅσον</span> <span class='ocrx_word' id='word_1_286' title='bbox 1173 3462 1233 3545; x_wconf 69' lang='grc' dir='ltr'>ρὺ</span> <span class='ocrx_word' id='word_1_287' title='bbox 1248 3464 1367 3530; x_wconf 89' lang='grc' dir='ltr'>μετ’</span> <span class='ocrx_word' id='word_1_288' title='bbox 1384 3465 1614 3537; x_wconf 83' lang='grc' dir='ltr'>ἀπειλῆς</span> <span class='ocrx_word' id='word_1_289' title='bbox 1637 3468 1729 3521; x_wconf 79' lang='grc' dir='ltr'>καὶ</span> <span class='ocrx_word' id='word_1_290' title='bbox 1746 3467 1955 3541; x_wconf 86' lang='grc' dir='ltr'>ὑϐρεως</span> 
     </span>
    </p>
   </div>
   <div class='ocr_carea' id='block_1_35' title="bbox 278 3549 1956 3636">
    <p class='ocr_par' dir='ltr' id='par_1_35' title="bbox 278 3549 1956 3636">
     <span class='ocr_line' id='line_1_35' title="bbox 278 3549 1956 3636; baseline 0.011 -35"><span class='ocrx_word' id='word_1_291' title='bbox 278 3549 533 3622; x_wconf 87' lang='grc' dir='ltr'>καθάπερ</span> <span class='ocrx_word' id='word_1_292' title='bbox 557 3553 797 3616; x_wconf 88' lang='grc' dir='ltr'>ἐκεῖναι,</span> <span class='ocrx_word' id='word_1_293' title='bbox 833 3555 969 3609; x_wconf 89' lang='grc' dir='ltr'>ἀλλά</span> <span class='ocrx_word' id='word_1_294' title='bbox 1000 3556 1138 3628; x_wconf 86' lang='grc' dir='ltr'>μετά</span> <span class='ocrx_word' id='word_1_295' title='bbox 1169 3557 1459 3623; x_wconf 77' lang='grc' dir='ltr'>κολακείας</span> <span class='ocrx_word' id='word_1_296' title='bbox 1491 3562 1587 3615; x_wconf 72' lang='grc' dir='ltr'>καὶ</span> <span class='ocrx_word' id='word_1_297' title='bbox 1626 3567 1956 3636; x_wconf 87' lang='grc' dir='ltr'>προσηνείας</span> 
     </span>
    </p>
   </div>
   <div class='ocr_carea' id='block_1_36' title="bbox 277 3645 1954 3730">
    <p class='ocr_par' dir='ltr' id='par_1_36' title="bbox 277 3645 1954 3730">
     <span class='ocr_line' id='line_1_36' title="bbox 277 3645 1954 3730; baseline 0.011 -33"><span class='ocrx_word' id='word_1_298' title='bbox 277 3645 482 3717; x_wconf 89' lang='grc' dir='ltr'>πολλῆς</span> <span class='ocrx_word' id='word_1_299' title='bbox 505 3649 643 3719; x_wconf 82' lang='grc' dir='ltr'>πρὸς</span> <span class='ocrx_word' id='word_1_300' title='bbox 665 3649 735 3703; x_wconf 78' lang='grc' dir='ltr'>τὰ</span> <span class='ocrx_word' id='word_1_301' title='bbox 779 3651 968 3705; x_wconf 84' lang='grc' dir='ltr'>παιδία.</span> <span class='ocrx_word' id='word_1_302' title='bbox 999 3653 1174 3707; x_wconf 86' lang='grc' dir='ltr'>ταῦτα</span> <span class='ocrx_word' id='word_1_303' title='bbox 1221 3655 1596 3728; x_wconf 80' lang='grc' dir='ltr'>διαλεξόμεθα·</span> <span class='ocrx_word' id='word_1_304' title='bbox 1627 3661 1748 3713; x_wconf 71' lang='grc' dir='ltr'>ἐπεὶ</span> <span class='ocrx_word' id='word_1_305' title='bbox 1786 3661 1867 3715; x_wconf 85' lang='grc' dir='ltr'>ὅτι</span> <span class='ocrx_word' id='word_1_306' title='bbox 1892 3679 1954 3730; x_wconf 89' lang='grc' dir='ltr'>γε</span> 
     </span>
    </p>
   </div>
   <div class='ocr_carea' id='block_1_37' title="bbox 277 3746 1956 3830">
    <p class='ocr_par' dir='ltr' id='par_1_37' title="bbox 277 3746 1956 3830">
     <span class='ocr_line' id='line_1_37' title="bbox 277 3746 1956 3830; baseline 0.011 -36"><span class='ocrx_word' id='word_1_307' title='bbox 277 3746 389 3808; x_wconf 90' lang='grc' dir='ltr'>τοῖς</span> <span class='ocrx_word' id='word_1_308' title='bbox 428 3746 604 3814; x_wconf 85' lang='grc' dir='ltr'>ἁγίοις</span> <span class='ocrx_word' id='word_1_309' title='bbox 627 3748 853 3819; x_wconf 83' lang='grc' dir='ltr'>οὐδεμία</span> <span class='ocrx_word' id='word_1_310' title='bbox 883 3751 992 3804; x_wconf 83' lang='grc' dir='ltr'>ἀπὸ</span> <span class='ocrx_word' id='word_1_311' title='bbox 1020 3751 1226 3806; x_wconf 90' lang='grc' dir='ltr'>τούτων</span> <span class='ocrx_word' id='word_1_312' title='bbox 1253 3755 1286 3824; x_wconf 86' lang='grc' dir='ltr'>ή</span> <span class='ocrx_word' id='word_1_313' title='bbox 1321 3753 1514 3826; x_wconf 90' lang='grc' dir='ltr'>βλάϐη,</span> <span class='ocrx_word' id='word_1_314' title='bbox 1545 3756 1681 3810; x_wconf 91' lang='grc' dir='ltr'>ἀλλά</span> <span class='ocrx_word' id='word_1_315' title='bbox 1717 3760 1808 3812; x_wconf 75' lang='grc' dir='ltr'>καὶ</span> <span class='ocrx_word' id='word_1_316' title='bbox 1836 3760 1956 3830; x_wconf 88' lang='grc' dir='ltr'>μεί-</span> 
     </span>
    </p>
   </div>
   <div class='ocr_carea' id='block_1_38' title="bbox 277 3841 1955 3927">
    <p class='ocr_par' dir='ltr' id='par_1_38' title="bbox 277 3841 1955 3927">
     <span class='ocr_line' id='line_1_38' title="bbox 277 3841 1955 3927; baseline 0.011 -34"><span class='ocrx_word' id='word_1_317' title='bbox 277 3841 385 3905; x_wconf 81' lang='grc' dir='ltr'>ζων</span> <span class='ocrx_word' id='word_1_318' title='bbox 401 3843 429 3894; x_wconf 91' lang='lat'>0</span> <span class='ocrx_word' id='word_1_319' title='bbox 449 3843 638 3914; x_wconf 86' lang='grc' dir='ltr'>μισθὸς</span> <span class='ocrx_word' id='word_1_320' title='bbox 655 3846 749 3898; x_wconf 78' lang='grc' dir='ltr'>καὶ</span> <span class='ocrx_word' id='word_1_321' title='bbox 777 3847 1022 3918; x_wconf 85' lang='grc' dir='ltr'>πλείωνή</span> <span class='ocrx_word' id='word_1_322' title='bbox 1044 3852 1345 3923; x_wconf 73' lang='grc' dir='ltr'>παρρησία.</span> <span class='ocrx_word' id='word_1_323' title='bbox 1374 3855 1470 3906; x_wconf 79' lang='grc' dir='ltr'>Ἂν</span> <span class='ocrx_word' id='word_1_324' title='bbox 1494 3855 1590 3925; x_wconf 84' lang='grc' dir='ltr'>μὲν</span> <span class='ocrx_word' id='word_1_325' title='bbox 1610 3855 1678 3908; x_wconf 84' lang='grc' dir='ltr'>τά</span> <span class='ocrx_word' id='word_1_326' title='bbox 1695 3855 1955 3927; x_wconf 87' lang='grc' dir='ltr'>μέλλοντα</span> 
     </span>
    </p>
   </div>
   <div class='ocr_carea' id='block_1_39' title="bbox 281 3939 1955 4022">
    <p class='ocr_par' dir='ltr' id='par_1_39' title="bbox 281 3939 1955 4022">
     <span class='ocr_line' id='line_1_39' title="bbox 281 3939 1955 4022; baseline 0.012 -32"><span class='ocrx_word' id='word_1_327' title='bbox 281 3939 523 4010; x_wconf 78' lang='grc' dir='ltr'>εἴπωμεν</span> <span class='ocrx_word' id='word_1_328' title='bbox 551 3943 753 4012; x_wconf 82' lang='grc' dir='ltr'>ἀγαθὰ,</span> <span class='ocrx_word' id='word_1_329' title='bbox 780 3946 921 4016; x_wconf 85' lang='grc' dir='ltr'>τάχα</span> <span class='ocrx_word' id='word_1_330' title='bbox 945 3948 1040 4000; x_wconf 79' lang='grc' dir='ltr'>καὶ</span> <span class='ocrx_word' id='word_1_331' title='bbox 1070 3949 1365 4018; x_wconf 87' lang='grc' dir='ltr'>γελάσεσθε</span> <span class='ocrx_word' id='word_1_332' title='bbox 1391 3952 1554 4022; x_wconf 83' lang='grc' dir='ltr'>μέγα,</span> <span class='ocrx_word' id='word_1_333' title='bbox 1589 3955 1684 4007; x_wconf 84' lang='grc' dir='ltr'>ἆτε</span> <span class='ocrx_word' id='word_1_334' title='bbox 1715 3955 1955 4010; x_wconf 87' lang='grc' dir='ltr'>τοιοῦτον</span> 
     </span>
    </p>
   </div>
   <div class='ocr_carea' id='block_1_40' title="bbox 279 4028 1957 4125">
    <p class='ocr_par' dir='ltr' id='par_1_40' title="bbox 279 4028 1957 4125">
     <span class='ocr_line' id='line_1_40' title="bbox 279 4028 1957 4125; baseline 0.013 -37"><span class='ocrx_word' id='word_1_335' title='bbox 279 4036 367 4088; x_wconf 76' lang='grc' dir='ltr'>ἀεὶ</span> <span class='ocrx_word' id='word_1_336' title='bbox 398 4039 609 4105; x_wconf 88' lang='grc' dir='ltr'>γέλωτα</span> <span class='ocrx_word' id='word_1_337' title='bbox 645 4042 974 4112; x_wconf 83' lang='grc' dir='ltr'>μελετῶντες</span> <span class='ocrx_word' id='word_1_338' title='bbox 992 4047 1156 4118; x_wconf 84' lang='grc' dir='ltr'>γελᾷν</span> <span class='ocrx_word' id='word_1_339' title='bbox 1177 4065 1191 4077; x_wconf 90' lang='grc'>·</span> <span class='ocrx_word' id='word_1_340' title='bbox 1221 4028 1414 4112; x_wconf 67' lang='grc' dir='ltr'>τοῖξδέ</span> <span class='ocrx_word' id='word_1_341' title='bbox 1444 4051 1697 4122; x_wconf 88' lang='grc' dir='ltr'>παροῦσι,</span> <span class='ocrx_word' id='word_1_342' title='bbox 1725 4053 1829 4107; x_wconf 80' lang='grc' dir='ltr'>κᾶν</span> <span class='ocrx_word' id='word_1_343' title='bbox 1859 4073 1957 4125; x_wconf 87' lang='grc' dir='ltr'>μυ-</span> 
     </span>
    </p>
   </div>
   <div class='ocr_carea' id='block_1_41' title="bbox 283 4132 1955 4224">
    <p class='ocr_par' dir='ltr' id='par_1_41' title="bbox 283 4132 1955 4224">
     <span class='ocr_line' id='line_1_41' title="bbox 283 4132 1955 4224; baseline 0.013 -39"><span class='ocrx_word' id='word_1_344' title='bbox 283 4134 464 4204; x_wconf 89' lang='grc' dir='ltr'>ριάκις</span> <span class='ocrx_word' id='word_1_345' title='bbox 490 4132 588 4206; x_wconf 81' lang='grc' dir='ltr'>ἦτε</span> <span class='ocrx_word' id='word_1_346' title='bbox 630 4141 1006 4208; x_wconf 76' lang='grc' dir='ltr'>φιλογέλωτες,</span> <span class='ocrx_word' id='word_1_347' title='bbox 1041 4146 1142 4198; x_wconf 90' lang='grc' dir='ltr'>οὑκ</span> <span class='ocrx_word' id='word_1_348' title='bbox 1193 4146 1545 4218; x_wconf 88' lang='grc' dir='ltr'>ἀπιστήσετε·</span> <span class='ocrx_word' id='word_1_349' title='bbox 1577 4151 1697 4204; x_wconf 89' lang='grc' dir='ltr'>οὑδέ</span> <span class='ocrx_word' id='word_1_350' title='bbox 1731 4151 1859 4224; x_wconf 85' lang='grc' dir='ltr'>γὰρ,</span> <span class='ocrx_word' id='word_1_351' title='bbox 1889 4153 1955 4206; x_wconf 87' lang='grc' dir='ltr'>ἂν</span> 
     </span>
    </p>
   </div>
   <div class='ocr_carea' id='block_1_42' title="bbox 277 4229 1954 4315">
    <p class='ocr_par' dir='ltr' id='par_1_42' title="bbox 277 4229 1954 4315">
     <span class='ocr_line' id='line_1_42' title="bbox 277 4229 1954 4315; baseline 0.013 -34"><span class='ocrx_word' id='word_1_352' title='bbox 277 4229 521 4303; x_wconf 79' lang='grc' dir='ltr'>ἐθέλητε,</span> <span class='ocrx_word' id='word_1_353' title='bbox 555 4233 865 4305; x_wconf 85' lang='grc' dir='ltr'>δυνήσεσθε,</span> <span class='ocrx_word' id='word_1_354' title='bbox 903 4238 1013 4293; x_wconf 91' lang='grc' dir='ltr'>τῶν</span> <span class='ocrx_word' id='word_1_355' title='bbox 1048 4242 1390 4312; x_wconf 85' lang='grc' dir='ltr'>πραγμάτων</span> <span class='ocrx_word' id='word_1_356' title='bbox 1427 4246 1555 4315; x_wconf 89' lang='grc' dir='ltr'>ὑμῖν</span> <span class='ocrx_word' id='word_1_357' title='bbox 1592 4245 1764 4309; x_wconf 83' lang='grc' dir='ltr'>οὑτως</span> <span class='ocrx_word' id='word_1_358' title='bbox 1805 4249 1954 4302; x_wconf 88' lang='grc' dir='ltr'>ἀντι-</span> 
     </span>
    </p>
   </div>
   <div class='ocr_carea' id='block_1_43' title="bbox 279 4325 884 4399">
    <p class='ocr_par' dir='ltr' id='par_1_43' title="bbox 279 4325 884 4399">
     <span class='ocr_line' id='line_1_43' title="bbox 279 4325 884 4399; baseline 0.017 -22"><span class='ocrx_word' id='word_1_359' title='bbox 279 4325 663 4399; x_wconf 80' lang='grc' dir='ltr'>φθεγγομένων</span> <span class='ocrx_word' id='word_1_360' title='bbox 689 4332 884 4388; x_wconf 87' lang='grc' dir='ltr'>αὐτῶν.</span> 
     </span>
    </p>
   </div>
   <div class='ocr_carea' id='block_1_44' title="bbox 349 4423 1957 4512">
    <p class='ocr_par' dir='ltr' id='par_1_44' title="bbox 349 4423 1957 4512">
     <span class='ocr_line' id='line_1_44' title="bbox 349 4423 1957 4512; baseline 0.012 -37"><span class='ocrx_word' id='word_1_361' title='bbox 349 4423 453 4477; x_wconf 82' lang='grc' dir='ltr'>Τὸν</span> <span class='ocrx_word' id='word_1_362' title='bbox 507 4426 736 4498; x_wconf 89' lang='grc' dir='ltr'>Νέρωνα</span> <span class='ocrx_word' id='word_1_363' title='bbox 790 4429 1009 4494; x_wconf 87' lang='grc' dir='ltr'>πάντως</span> <span class='ocrx_word' id='word_1_364' title='bbox 1058 4433 1284 4487; x_wconf 89' lang='grc' dir='ltr'>ἀκούετε</span> <span class='ocrx_word' id='word_1_365' title='bbox 1322 4433 1580 4508; x_wconf 79' lang='grc' dir='ltr'>(καὶγὰρ</span> <span class='ocrx_word' id='word_1_366' title='bbox 1629 4439 1896 4512; x_wconf 83' lang='grc' dir='ltr'>ἐπίσημος</span> <span class='ocrx_word' id='word_1_367' title='bbox 1928 4444 1957 4494; x_wconf 87' lang='grc' dir='ltr'>ὁ</span> 
     </span>
    </p>
   </div>
   <div class='ocr_carea' id='block_1_45' title="bbox 278 4519 1956 4610">
    <p class='ocr_par' dir='ltr' id='par_1_45' title="bbox 278 4519 1956 4610">
     <span class='ocr_line' id='line_1_45' title="bbox 278 4519 1956 4610; baseline 0.011 -35"><span class='ocrx_word' id='word_1_368' title='bbox 278 4519 420 4592; x_wconf 83' lang='grc' dir='ltr'>ἀνὴρ</span> <span class='ocrx_word' id='word_1_369' title='bbox 478 4523 585 4576; x_wconf 83' lang='grc' dir='ltr'>ἀπὸ</span> <span class='ocrx_word' id='word_1_370' title='bbox 631 4525 732 4594; x_wconf 88' lang='grc' dir='ltr'>τῆς</span> <span class='ocrx_word' id='word_1_371' title='bbox 785 4526 1070 4595; x_wconf 85' lang='grc' dir='ltr'>ἀσελγείας</span> <span class='ocrx_word' id='word_1_372' title='bbox 1102 4532 1317 4600; x_wconf 86' lang='grc' dir='ltr'>ἐγένετο</span> <span class='ocrx_word' id='word_1_373' title='bbox 1346 4543 1386 4600; x_wconf 85' lang='grc'>⁸,</span> <span class='ocrx_word' id='word_1_374' title='bbox 1440 4536 1653 4607; x_wconf 87' lang='grc' dir='ltr'>πρῶτος</span> <span class='ocrx_word' id='word_1_375' title='bbox 1683 4540 1773 4592; x_wconf 78' lang='grc' dir='ltr'>καὶ</span> <span class='ocrx_word' id='word_1_376' title='bbox 1798 4539 1956 4610; x_wconf 88' lang='grc' dir='ltr'>μόνος</span> 
     </span>
    </p>
   </div>
   <div class='ocr_carea' id='block_1_46' title="bbox 280 4617 1957 4703">
    <p class='ocr_par' dir='ltr' id='par_1_46' title="bbox 280 4617 1957 4703">
     <span class='ocr_line' id='line_1_46' title="bbox 280 4617 1957 4703; baseline 0.015 -35"><span class='ocrx_word' id='word_1_377' title='bbox 280 4617 454 4688; x_wconf 88' lang='grc' dir='ltr'>εὑρὼν</span> <span class='ocrx_word' id='word_1_378' title='bbox 506 4620 563 4672; x_wconf 91' lang='grc' dir='ltr'>ἐν</span> <span class='ocrx_word' id='word_1_379' title='bbox 617 4621 759 4692; x_wconf 83' lang='grc' dir='ltr'>ἀρχῇ</span> <span class='ocrx_word' id='word_1_380' title='bbox 811 4624 1035 4699; x_wconf 83' lang='grc' dir='ltr'>τοιαύτῃ</span> <span class='ocrx_word' id='word_1_381' title='bbox 1083 4630 1301 4694; x_wconf 88' lang='grc' dir='ltr'>καινούς</span> <span class='ocrx_word' id='word_1_382' title='bbox 1334 4650 1484 4698; x_wconf 90' lang='grc' dir='ltr'>τινας</span> <span class='ocrx_word' id='word_1_383' title='bbox 1523 4635 1817 4703; x_wconf 86' lang='grc' dir='ltr'>ἀκολασίας</span> <span class='ocrx_word' id='word_1_384' title='bbox 1864 4639 1957 4692; x_wconf 73' lang='grc' dir='ltr'>καὶ</span> 
     </span>
    </p>
   </div>
   <div class='ocr_carea' id='block_1_47' title="bbox 279 4717 1958 4806">
    <p class='ocr_par' dir='ltr' id='par_1_47' title="bbox 279 4717 1958 4806">
     <span class='ocr_line' id='line_1_47' title="bbox 279 4717 1958 4806; baseline 0.014 -38"><span class='ocrx_word' id='word_1_385' title='bbox 279 4717 666 4790; x_wconf 86' lang='grc' dir='ltr'>ἀσχημοσύνης</span> <span class='ocrx_word' id='word_1_386' title='bbox 690 4722 967 4795; x_wconf 63' lang='grc' dir='ltr'>τρόπους)</span> <span class='ocrx_word' id='word_1_387' title='bbox 993 4721 1143 4790; x_wconf 78' lang='grc' dir='ltr'>οὗτος</span> <span class='ocrx_word' id='word_1_388' title='bbox 1165 4729 1191 4780; x_wconf 85' lang='grc' dir='ltr'>ὁ</span> <span class='ocrx_word' id='word_1_389' title='bbox 1211 4730 1400 4802; x_wconf 85' lang='grc' dir='ltr'>Νέρων</span> <span class='ocrx_word' id='word_1_390' title='bbox 1413 4734 1502 4786; x_wconf 87' lang='grc' dir='ltr'>τὸν</span> <span class='ocrx_word' id='word_1_391' title='bbox 1525 4736 1795 4806; x_wconf 90' lang='grc' dir='ltr'>μακάριον</span> <span class='ocrx_word' id='word_1_392' title='bbox 1811 4738 1958 4792; x_wconf 85' lang='grc' dir='ltr'>Παῦ-</span> 
     </span>
    </p>
   </div>
   <div class='ocr_carea' id='block_1_48' title="bbox 279 4813 1957 4905">
    <p class='ocr_par' dir='ltr' id='par_1_48' title="bbox 279 4813 1957 4905">
     <span class='ocr_line' id='line_1_48' title="bbox 279 4813 1957 4905; baseline 0.013 -38"><span class='ocrx_word' id='word_1_393' title='bbox 279 4813 369 4868; x_wconf 87' lang='grc' dir='ltr'>λον</span> <span class='ocrx_word' id='word_1_394' title='bbox 390 4816 621 4890; x_wconf 78' lang='grc' dir='ltr'>(καὶγὰρ</span> <span class='ocrx_word' id='word_1_395' title='bbox 651 4819 804 4890; x_wconf 80' lang='grc' dir='ltr'>ἔτυχε</span> <span class='ocrx_word' id='word_1_396' title='bbox 823 4821 961 4874; x_wconf 88' lang='grc' dir='ltr'>κατά</span> <span class='ocrx_word' id='word_1_397' title='bbox 977 4824 1101 4884; x_wconf 80' lang='grc' dir='ltr'>τοὺς</span> <span class='ocrx_word' id='word_1_398' title='bbox 1115 4825 1308 4890; x_wconf 79' lang='grc' dir='ltr'>αὐτοὺς</span> <span class='ocrx_word' id='word_1_399' title='bbox 1329 4829 1521 4901; x_wconf 84' lang='grc' dir='ltr'>ἐκείνῳ</span> <span class='ocrx_word' id='word_1_400' title='bbox 1537 4834 1823 4903; x_wconf 90' lang='grc' dir='ltr'>γενόμενος</span> <span class='ocrx_word' id='word_1_401' title='bbox 1839 4835 1957 4905; x_wconf 89' lang='grc' dir='ltr'>χρό-</span> 
     </span>
    </p>
   </div>
   <div class='ocr_carea' id='block_1_49' title="bbox 279 4911 1955 4996">
    <p class='ocr_par' dir='ltr' id='par_1_49' title="bbox 279 4911 1955 4996">
     <span class='ocr_line' id='line_1_49' title="bbox 279 4911 1955 4996; baseline 0.011 -33"><span class='ocrx_word' id='word_1_402' title='bbox 279 4911 424 4981; x_wconf 88' lang='grc' dir='ltr'>νους)</span> <span class='ocrx_word' id='word_1_403' title='bbox 447 4913 670 4968; x_wconf 88' lang='grc' dir='ltr'>τοιαῦτα</span> <span class='ocrx_word' id='word_1_404' title='bbox 700 4917 965 4985; x_wconf 82' lang='grc' dir='ltr'>ἐγκαλῶν,</span> <span class='ocrx_word' id='word_1_405' title='bbox 990 4913 1186 4990; x_wconf 70' lang='grc' dir='ltr'>οἷάπερ</span> <span class='ocrx_word' id='word_1_406' title='bbox 1208 4922 1363 4992; x_wconf 85' lang='grc' dir='ltr'>ὑμεῖς</span> <span class='ocrx_word' id='word_1_407' title='bbox 1378 4925 1527 4988; x_wconf 59' lang='grc' dir='ltr'>ι’τοῖς</span> <span class='ocrx_word' id='word_1_408' title='bbox 1552 4928 1727 4996; x_wconf 86' lang='grc' dir='ltr'>ἁγίοις</span> <span class='ocrx_word' id='word_1_409' title='bbox 1746 4928 1955 4994; x_wconf 88' lang='grc' dir='ltr'>τούτοις</span> 
     </span>
    </p>
   </div>
   <div class='ocr_carea' id='block_1_50' title="bbox 279 5008 1956 5095">
    <p class='ocr_par' dir='ltr' id='par_1_50' title="bbox 279 5008 1956 5095">
     <span class='ocr_line' id='line_1_50' title="bbox 279 5008 1956 5095; baseline 0.011 -35"><span class='ocrx_word' id='word_1_410' title='bbox 279 5008 504 5081; x_wconf 87' lang='grc' dir='ltr'>ἀνδράσι</span> <span class='ocrx_word' id='word_1_411' title='bbox 533 5010 858 5082; x_wconf 85' lang='grc' dir='ltr'>(παλλακίδα</span> <span class='ocrx_word' id='word_1_412' title='bbox 884 5015 991 5086; x_wconf 82' lang='grc' dir='ltr'>γὰρ</span> <span class='ocrx_word' id='word_1_413' title='bbox 1019 5018 1183 5071; x_wconf 86' lang='grc' dir='ltr'>αὑτοῦ</span> <span class='ocrx_word' id='word_1_414' title='bbox 1209 5021 1412 5091; x_wconf 86' lang='grc' dir='ltr'>σφόδρα</span> <span class='ocrx_word' id='word_1_415' title='bbox 1436 5022 1734 5095; x_wconf 86' lang='grc' dir='ltr'>ἐπέραστον</span> <span class='ocrx_word' id='word_1_416' title='bbox 1763 5025 1956 5092; x_wconf 83' lang='grc' dir='ltr'>πείσας</span> 
     </span>
    </p>
   </div>
   <div class='ocr_carea' id='block_1_51' title="bbox 278 5103 1955 5192">
    <p class='ocr_par' dir='ltr' id='par_1_51' title="bbox 278 5103 1955 5192">
     <span class='ocr_line' id='line_1_51' title="bbox 278 5103 1955 5192; baseline 0.011 -35"><span class='ocrx_word' id='word_1_417' title='bbox 278 5103 370 5157; x_wconf 84' lang='grc' dir='ltr'>τὸν</span> <span class='ocrx_word' id='word_1_418' title='bbox 393 5107 521 5176; x_wconf 76' lang='grc' dir='ltr'>περὶ</span> <span class='ocrx_word' id='word_1_419' title='bbox 542 5107 640 5178; x_wconf 83' lang='grc' dir='ltr'>τῆς</span> <span class='ocrx_word' id='word_1_420' title='bbox 659 5109 891 5172; x_wconf 87' lang='grc' dir='ltr'>πίστεως</span> <span class='ocrx_word' id='word_1_421' title='bbox 907 5111 1158 5176; x_wconf 80' lang='grc' dir='ltr'>δέξασθαι</span> <span class='ocrx_word' id='word_1_422' title='bbox 1180 5115 1356 5184; x_wconf 87' lang='grc' dir='ltr'>λόγον,</span> <span class='ocrx_word' id='word_1_423' title='bbox 1377 5117 1589 5172; x_wconf 73' lang='grc' dir='ltr'>ἔπειθεν</span> <span class='ocrx_word' id='word_1_424' title='bbox 1602 5121 1736 5191; x_wconf 83' lang='grc' dir='ltr'>ὁμοῦ</span> <span class='ocrx_word' id='word_1_425' title='bbox 1754 5124 1846 5175; x_wconf 81' lang='grc' dir='ltr'>καὶ</span> <span class='ocrx_word' id='word_1_426' title='bbox 1857 5123 1955 5192; x_wconf 84' lang='grc' dir='ltr'>τῆς</span> 
     </span>
    </p>
   </div>
   <div class='ocr_carea' id='block_1_52' title="bbox 279 5203 1956 5290">
    <p class='ocr_par' dir='ltr' id='par_1_52' title="bbox 279 5203 1956 5290">
     <span class='ocr_line' id='line_1_52' title="bbox 279 5203 1956 5290; baseline 0.012 -35"><span class='ocrx_word' id='word_1_427' title='bbox 279 5203 588 5274; x_wconf 85' lang='grc' dir='ltr'>ἀκαθάρτου</span> <span class='ocrx_word' id='word_1_428' title='bbox 620 5208 902 5272; x_wconf 84' lang='grc' dir='ltr'>συνουσίας</span> <span class='ocrx_word' id='word_1_429' title='bbox 918 5210 1296 5283; x_wconf 83' lang='grc' dir='ltr'>ἀπαλλαγῆναι</span> <span class='ocrx_word' id='word_1_430' title='bbox 1313 5216 1566 5287; x_wconf 84' lang='grc' dir='ltr'>ἐκείνης)·</span> <span class='ocrx_word' id='word_1_431' title='bbox 1584 5207 1809 5276; x_wconf 64' lang='grc' dir='ltr'>τοιαῦτα</span> <span class='ocrx_word' id='word_1_432' title='bbox 1826 5223 1956 5290; x_wconf 88' lang='grc' dir='ltr'>γοῦν</span> 
     </span>
    </p>
   </div>
   <div class='ocr_carea' id='block_1_53' title="bbox 284 5303 1951 5384">
    <p class='ocr_par' dir='ltr' id='par_1_53' title="bbox 284 5303 1951 5384">
     <span class='ocr_line' id='line_1_53' title="bbox 284 5303 1951 5384; baseline 0.01 -28"><span class='ocrx_word' id='word_1_433' title='bbox 284 5303 526 5369; x_wconf 82' lang='grc' dir='ltr'>ἐγκαλῶν</span> <span class='ocrx_word' id='word_1_434' title='bbox 560 5305 787 5370; x_wconf 81' lang='grc' dir='ltr'>ἐκεῖνος,</span> <span class='ocrx_word' id='word_1_435' title='bbox 831 5307 924 5360; x_wconf 77' lang='grc' dir='ltr'>καὶ</span> <span class='ocrx_word' id='word_1_436' title='bbox 971 5308 1222 5377; x_wconf 80' lang='grc' dir='ltr'>λυμεῶνα</span> <span class='ocrx_word' id='word_1_437' title='bbox 1247 5313 1340 5366; x_wconf 77' lang='grc' dir='ltr'>καὶ</span> <span class='ocrx_word' id='word_1_438' title='bbox 1367 5313 1562 5368; x_wconf 85' lang='grc' dir='ltr'>πλάνον</span> <span class='ocrx_word' id='word_1_439' title='bbox 1594 5318 1685 5370; x_wconf 75' lang='grc' dir='ltr'>καὶ</span> <span class='ocrx_word' id='word_1_440' title='bbox 1706 5319 1772 5370; x_wconf 81' lang='grc' dir='ltr'>τὰ</span> <span class='ocrx_word' id='word_1_441' title='bbox 1794 5320 1951 5384; x_wconf 84' lang='grc' dir='ltr'>αὑτά,</span> 
     </span>
    </p>
   </div>
   <div class='ocr_carea' id='block_1_54' title="bbox 281 5397 1955 5483">
    <p class='ocr_par' dir='ltr' id='par_1_54' title="bbox 281 5397 1955 5483">
     <span class='ocr_line' id='line_1_54' title="bbox 281 5397 1955 5483; baseline 0.01 -33"><span class='ocrx_word' id='word_1_442' title='bbox 281 5397 425 5470; x_wconf 78' lang='grc' dir='ltr'>ἅπερ</span> <span class='ocrx_word' id='word_1_443' title='bbox 449 5401 607 5471; x_wconf 86' lang='grc' dir='ltr'>ὑμεῖς</span> <span class='ocrx_word' id='word_1_444' title='bbox 629 5402 952 5472; x_wconf 82' lang='grc' dir='ltr'>φθέγγεσθε,</span> <span class='ocrx_word' id='word_1_445' title='bbox 974 5405 1088 5478; x_wconf 69' lang='grc'>[49]</span> <span class='ocrx_word' id='word_1_446' title='bbox 1106 5408 1198 5459; x_wconf 80' lang='grc' dir='ltr'>τὸν</span> <span class='ocrx_word' id='word_1_447' title='bbox 1213 5409 1422 5463; x_wconf 87' lang='grc' dir='ltr'>Παῦλον</span> <span class='ocrx_word' id='word_1_448' title='bbox 1443 5411 1750 5475; x_wconf 84' lang='grc' dir='ltr'>ἀποκαλῶν,</span> <span class='ocrx_word' id='word_1_449' title='bbox 1771 5414 1831 5466; x_wconf 87' lang='grc' dir='ltr'>τὸ</span> <span class='ocrx_word' id='word_1_450' title='bbox 1857 5414 1955 5483; x_wconf 85' lang='grc' dir='ltr'>μὲν</span> 
     </span>
    </p>
   </div>
   <div class='ocr_carea' id='block_1_55' title="bbox 288 5496 1953 5581">
    <p class='ocr_par' dir='ltr' id='par_1_55' title="bbox 288 5496 1953 5581">
     <span class='ocr_line' id='line_1_55' title="bbox 288 5496 1953 5581; baseline 0.009 -33"><span class='ocrx_word' id='word_1_451' title='bbox 288 5496 496 5566; x_wconf 74' lang='grc' dir='ltr'>πρῶτον</span> <span class='ocrx_word' id='word_1_452' title='bbox 525 5498 744 5570; x_wconf 77' lang='grc' dir='ltr'>ἔδησεν,</span> <span class='ocrx_word' id='word_1_453' title='bbox 780 5501 854 5564; x_wconf 89' lang='grc' dir='ltr'>ώς</span> <span class='ocrx_word' id='word_1_454' title='bbox 887 5502 941 5554; x_wconf 83' lang='grc' dir='ltr'>δέ</span> <span class='ocrx_word' id='word_1_455' title='bbox 973 5504 1072 5556; x_wconf 86' lang='grc' dir='ltr'>οὑκ</span> <span class='ocrx_word' id='word_1_456' title='bbox 1121 5504 1303 5559; x_wconf 76' lang='grc' dir='ltr'>ἔπειθε</span> <span class='ocrx_word' id='word_1_457' title='bbox 1349 5507 1446 5578; x_wconf 81' lang='grc' dir='ltr'>τῆς</span> <span class='ocrx_word' id='word_1_458' title='bbox 1487 5509 1622 5578; x_wconf 85' lang='grc' dir='ltr'>πρὸς</span> <span class='ocrx_word' id='word_1_459' title='bbox 1659 5509 1752 5579; x_wconf 83' lang='grc' dir='ltr'>τὴν</span> <span class='ocrx_word' id='word_1_460' title='bbox 1787 5511 1953 5581; x_wconf 84' lang='grc' dir='ltr'>κόρην</span> 
     </span>
    </p>
   </div>
   <div class='ocr_carea' id='block_1_56' title="bbox 283 5593 1953 5672">
    <p class='ocr_par' dir='ltr' id='par_1_56' title="bbox 283 5593 1953 5672">
     <span class='ocr_line' id='line_1_56' title="bbox 283 5593 1953 5672; baseline 0.008 -26"><span class='ocrx_word' id='word_1_461' title='bbox 283 5593 615 5665; x_wconf 77' lang='grc' dir='ltr'>ἀποσχέσθαι</span> <span class='ocrx_word' id='word_1_462' title='bbox 669 5600 995 5672; x_wconf 86' lang='grc' dir='ltr'>συμϐουλῆς,</span> <span class='ocrx_word' id='word_1_463' title='bbox 1048 5602 1200 5666; x_wconf 83' lang='grc' dir='ltr'>τέλος</span> <span class='ocrx_word' id='word_1_464' title='bbox 1246 5605 1548 5657; x_wconf 86' lang='grc' dir='ltr'>ἀπέκτεινε.</span> <span class='ocrx_word' id='word_1_465' title='bbox 1592 5606 1656 5657; x_wconf 90' lang='grc' dir='ltr'>Τί</span> <span class='ocrx_word' id='word_1_466' title='bbox 1711 5605 1803 5659; x_wconf 79' lang='grc' dir='ltr'>οὖν</span> <span class='ocrx_word' id='word_1_467' title='bbox 1848 5608 1953 5661; x_wconf 77' lang='grc' dir='ltr'>ἀπὸ</span> 
     </span>
    </p>
   </div>
   <div class='ocr_carea' id='block_1_57' title="bbox 289 5689 1953 5772">
    <p class='ocr_par' dir='ltr' id='par_1_57' title="bbox 289 5689 1953 5772">
     <span class='ocr_line' id='line_1_57' title="bbox 289 5689 1953 5772; baseline 0.01 -31"><span class='ocrx_word' id='word_1_468' title='bbox 289 5689 468 5742; x_wconf 75' lang='grc' dir='ltr'>τούτου</span> <span class='ocrx_word' id='word_1_469' title='bbox 495 5695 682 5761; x_wconf 87' lang='grc' dir='ltr'>γέγονε</span> <span class='ocrx_word' id='word_1_470' title='bbox 714 5694 908 5764; x_wconf 87' lang='grc' dir='ltr'>βλάϐος</span> <span class='ocrx_word' id='word_1_471' title='bbox 933 5697 1010 5767; x_wconf 81' lang='grc' dir='ltr'>τῷ</span> <span class='ocrx_word' id='word_1_472' title='bbox 1047 5699 1272 5752; x_wconf 82' lang='grc' dir='ltr'>παθόντι</span> <span class='ocrx_word' id='word_1_473' title='bbox 1325 5701 1542 5766; x_wconf 87' lang='grc' dir='ltr'>κακῶς;</span> <span class='ocrx_word' id='word_1_474' title='bbox 1581 5703 1633 5754; x_wconf 84' lang='grc' dir='ltr'>τί</span> <span class='ocrx_word' id='word_1_475' title='bbox 1671 5703 1728 5754; x_wconf 83' lang='grc' dir='ltr'>δέ</span> <span class='ocrx_word' id='word_1_476' title='bbox 1765 5705 1953 5772; x_wconf 70' lang='grc' dir='ltr'>ὄφελος</span> 
     </span>
    </p>
   </div>
   <div class='ocr_carea' id='block_1_58' title="bbox 285 5785 1953 5874">
    <p class='ocr_par' dir='ltr' id='par_1_58' title="bbox 285 5785 1953 5874">
     <span class='ocr_line' id='line_1_58' title="bbox 285 5785 1953 5874; baseline 0.012 -38"><span class='ocrx_word' id='word_1_477' title='bbox 285 5785 358 5856; x_wconf 84' lang='grc' dir='ltr'>τῷ</span> <span class='ocrx_word' id='word_1_478' title='bbox 387 5785 643 5857; x_wconf 85' lang='grc' dir='ltr'>δράσαντι</span> <span class='ocrx_word' id='word_1_479' title='bbox 670 5794 882 5859; x_wconf 83' lang='grc' dir='ltr'>κακῶς;</span> <span class='ocrx_word' id='word_1_480' title='bbox 907 5795 956 5847; x_wconf 87' lang='grc' dir='ltr'>τί</span> <span class='ocrx_word' id='word_1_481' title='bbox 993 5797 1092 5865; x_wconf 81' lang='grc' dir='ltr'>μὲν</span> <span class='ocrx_word' id='word_1_482' title='bbox 1145 5799 1243 5850; x_wconf 74' lang='grc' dir='ltr'>οὐκ</span> <span class='ocrx_word' id='word_1_483' title='bbox 1275 5799 1465 5868; x_wconf 76' lang='grc' dir='ltr'>ὄφελος</span> <span class='ocrx_word' id='word_1_484' title='bbox 1493 5799 1569 5869; x_wconf 83' lang='grc' dir='ltr'>τῷ</span> <span class='ocrx_word' id='word_1_485' title='bbox 1596 5801 1711 5853; x_wconf 85' lang='grc' dir='ltr'>τότε</span> <span class='ocrx_word' id='word_1_486' title='bbox 1737 5803 1953 5874; x_wconf 76' lang='grc' dir='ltr'>ἀναιρεο</span> 
     </span>
    </p>
   </div>
   <div class='ocr_carea' id='block_1_59' title="bbox 345 5942 910 6012">
    <p class='ocr_par' dir='ltr' id='par_1_59' title="bbox 345 5942 910 6012">
     <span class='ocr_line' id='line_1_59' title="bbox 345 5942 910 6012; baseline 0.021 -23"><span class='ocrx_word' id='word_1_487' title='bbox 345 5942 363 6012; x_wconf 60' lang='grc' dir='ltr'><strong>ξ</strong></span> <span class='ocrx_word' id='word_1_488' title='bbox 390 5945 524 6012; x_wconf 68' lang='grc' dir='ltr'>Ιξῃιιε</span> <span class='ocrx_word' id='word_1_489' title='bbox 547 5948 694 5997; x_wconf 62' lang='lat' dir='ltr'>habet.</span> <span class='ocrx_word' id='word_1_490' title='bbox 719 5953 910 6012; x_wconf 80' lang='grc' dir='ltr'>ἐγίνετο.</span> 
     </span>
    </p>
   </div>
   <div class='ocr_carea' id='block_1_60' title="bbox 348 6005 1740 6077">
    <p class='ocr_par' dir='ltr' id='par_1_60' title="bbox 348 6005 1740 6077">
     <span class='ocr_line' id='line_1_60' title="bbox 348 6005 1740 6077; baseline 0.014 -24"><span class='ocrx_word' id='word_1_491' title='bbox 348 6005 377 6047; x_wconf 82' lang='lat' dir='ltr'><strong><em>b</em></strong></span> <span class='ocrx_word' id='word_1_492' title='bbox 400 6007 540 6057; x_wconf 71' lang='lat' dir='ltr'>Alius</span> <span class='ocrx_word' id='word_1_493' title='bbox 562 6013 726 6068; x_wconf 66' lang='grc' dir='ltr'>οἱάπερ</span> <span class='ocrx_word' id='word_1_494' title='bbox 744 6005 874 6070; x_wconf 67' lang='grc' dir='ltr'>ὑμεῖς</span> <span class='ocrx_word' id='word_1_495' title='bbox 898 6015 992 6064; x_wconf 67' lang='grc' dir='ltr'>νῦν.</span> <span class='ocrx_word' id='word_1_496' title='bbox 1020 6017 1130 6066; x_wconf 68' lang='lat' dir='ltr'>Mm:</span> <span class='ocrx_word' id='word_1_497' title='bbox 1157 6019 1203 6066; x_wconf 89' lang='lat' dir='ltr'><strong>in</strong></span> <span class='ocrx_word' id='word_1_498' title='bbox 1228 6021 1322 6068; x_wconf 74' lang='lat' dir='ltr'><strong>alin</strong></span> <span class='ocrx_word' id='word_1_499' title='bbox 1342 6020 1448 6069; x_wconf 88' lang='lat' dir='ltr'>cod.</span> <span class='ocrx_word' id='word_1_500' title='bbox 1472 6020 1557 6077; x_wconf 71' lang='grc' dir='ltr'>γάο</span> <span class='ocrx_word' id='word_1_501' title='bbox 1580 6023 1740 6072; x_wconf 78' lang='lat' dir='ltr'>deost.</span> 
     </span>
    </p>
   </div>
   <div class='ocr_carea' id='block_1_61' title="bbox 691 6103 1514 6177">
    <p class='ocr_par' dir='ltr' id='par_1_61' title="bbox 691 6103 1514 6177">
     <span class='ocr_line' id='line_1_61' title="bbox 691 6103 1514 6177; baseline 0.019 -16"><span class='ocrx_word' id='word_1_502' title='bbox 691 6103 962 6169; x_wconf 64' lang='grc' dir='ltr'>ΡΔτῐιοιι.</span> <span class='ocrx_word' id='word_1_503' title='bbox 1016 6117 1130 6175; x_wconf 70' lang='lat' dir='ltr'>(in.</span> <span class='ocrx_word' id='word_1_504' title='bbox 1179 6118 1428 6177; x_wconf 69' lang='lat' dir='ltr'>XLVII.</span> <span class='ocrx_word' id='word_1_505' title='bbox 1507 6164 1514 6170; x_wconf 86' lang='lat'><strong><em>.</em></strong></span> 
     </span>
    </p>
   </div>
   <div class='ocr_carea' id='block_1_62' title="bbox 1128 402 2909 460">
    <p class='ocr_par' dir='ltr' id='par_1_62' title="bbox 1128 402 2909 460">
     <span class='ocr_line' id='line_1_62' title="bbox 1128 402 2909 460; baseline 0.001 -3"><span class='ocrx_word' id='word_1_506' title='bbox 1128 404 1504 460; x_wconf 75' lang='lat' dir='ltr'>ADVERSUS</span> <span class='ocrx_word' id='word_1_507' title='bbox 1545 404 2104 460; x_wconf 80' lang='lat' dir='ltr'>OPPUGNATORES</span> <span class='ocrx_word' id='word_1_508' title='bbox 2142 405 2326 460; x_wconf 71' lang='grc' dir='ltr'>ἫΤᾸΞ</span> <span class='ocrx_word' id='word_1_509' title='bbox 2363 404 2662 460; x_wconf 77' lang='lat' dir='ltr'>MONAST.</span> <span class='ocrx_word' id='word_1_510' title='bbox 2701 405 2830 460; x_wconf 83' lang='lat' dir='ltr'>LIB.</span> <span class='ocrx_word' id='word_1_511' title='bbox 2872 402 2909 459; x_wconf 83' lang='grc' dir='ltr'>Ι.</span> 
     </span>
    </p>
   </div>
   <div class='ocr_carea' id='block_1_63' title="bbox 3636 412 3748 459">
    <p class='ocr_par' dir='ltr' id='par_1_63' title="bbox 3636 412 3748 459">
     <span class='ocr_line' id='line_1_63' title="bbox 3636 412 3748 459; baseline 0.009 -1"><span class='ocrx_word' id='word_1_512' title='bbox 3636 412 3706 458; x_wconf 70' lang='lat'>5&#39;2</span> <span class='ocrx_word' id='word_1_513' title='bbox 3714 415 3748 459; x_wconf 60' lang='grc' dir='ltr'><em>ἃ</em></span> 
     </span>
    </p>
   </div>
   <div class='ocr_carea' id='block_1_64' title="bbox 2077 515 3755 591">
    <p class='ocr_par' dir='ltr' id='par_1_64' title="bbox 2077 515 3755 591">
     <span class='ocr_line' id='line_1_64' title="bbox 2077 515 3755 591; baseline -0.002 -17"><span class='ocrx_word' id='word_1_514' title='bbox 2077 521 2221 574; x_wconf 88' lang='grc' dir='ltr'>θέντι</span> <span class='ocrx_word' id='word_1_515' title='bbox 2249 522 2466 591; x_wconf 78' lang='grc' dir='ltr'>Παύλῳ;</span> <span class='ocrx_word' id='word_1_516' title='bbox 2497 521 2549 573; x_wconf 77' lang='grc' dir='ltr'>τί</span> <span class='ocrx_word' id='word_1_517' title='bbox 2575 521 2630 573; x_wconf 86' lang='grc' dir='ltr'>δέ</span> <span class='ocrx_word' id='word_1_518' title='bbox 2657 522 2715 573; x_wconf 80' lang='grc' dir='ltr'>οὐ</span> <span class='ocrx_word' id='word_1_519' title='bbox 2755 519 2947 590; x_wconf 88' lang='grc' dir='ltr'>βλάϐος</span> <span class='ocrx_word' id='word_1_520' title='bbox 2967 518 3045 590; x_wconf 89' lang='grc' dir='ltr'>τῷ</span> <span class='ocrx_word' id='word_1_521' title='bbox 3075 518 3315 572; x_wconf 84' lang='grc' dir='ltr'>ἀνελόντι</span> <span class='ocrx_word' id='word_1_522' title='bbox 3344 515 3586 587; x_wconf 76' lang='grc' dir='ltr'>Νέρωνις</span> <span class='ocrx_word' id='word_1_523' title='bbox 3611 518 3755 589; x_wconf 84' lang='grc' dir='ltr'>οὑχό</span> 
     </span>
    </p>
   </div>
   <div class='ocr_carea' id='block_1_65' title="bbox 2082 603 3756 680">
    <p class='ocr_par' dir='ltr' id='par_1_65' title="bbox 2082 603 3756 680">
     <span class='ocr_line' id='line_1_65' title="bbox 2082 603 3756 680; baseline -0.002 -20"><span class='ocrx_word' id='word_1_524' title='bbox 2082 611 2180 679; x_wconf 84' lang='grc' dir='ltr'>μὲν</span> <span class='ocrx_word' id='word_1_525' title='bbox 2202 609 2389 680; x_wconf 88' lang='grc' dir='ltr'>ῶσπερ</span> <span class='ocrx_word' id='word_1_526' title='bbox 2414 606 2642 675; x_wconf 83' lang='grc' dir='ltr'>ἄγγελος</span> <span class='ocrx_word' id='word_1_527' title='bbox 2666 605 2942 676; x_wconf 86' lang='grc' dir='ltr'>πανταχοῦ</span> <span class='ocrx_word' id='word_1_528' title='bbox 2976 607 3073 676; x_wconf 90' lang='grc' dir='ltr'>τῆς</span> <span class='ocrx_word' id='word_1_529' title='bbox 3103 603 3426 674; x_wconf 88' lang='grc' dir='ltr'>οἰκουμένης</span> <span class='ocrx_word' id='word_1_530' title='bbox 3449 603 3632 674; x_wconf 77' lang='grc' dir='ltr'>ᾅδεται</span> <span class='ocrx_word' id='word_1_531' title='bbox 3665 605 3756 664; x_wconf 87' lang='grc' dir='ltr'>(τά</span> 
     </span>
    </p>
   </div>
   <div class='ocr_carea' id='block_1_66' title="bbox 2077 689 3755 767">
    <p class='ocr_par' dir='ltr' id='par_1_66' title="bbox 2077 689 3755 767">
     <span class='ocr_line' id='line_1_66' title="bbox 2077 689 3755 767; baseline -0.004 -19"><span class='ocrx_word' id='word_1_532' title='bbox 2077 695 2184 767; x_wconf 79' lang='grc' dir='ltr'>γάρ</span> <span class='ocrx_word' id='word_1_533' title='bbox 2206 695 2448 766; x_wconf 76' lang='grc' dir='ltr'>παρόντα</span> <span class='ocrx_word' id='word_1_534' title='bbox 2475 694 2612 759; x_wconf 87' lang='grc' dir='ltr'>τέως</span> <span class='ocrx_word' id='word_1_535' title='bbox 2653 693 2804 764; x_wconf 89' lang='grc' dir='ltr'>ἐρῶ)·</span> <span class='ocrx_word' id='word_1_536' title='bbox 2837 695 2864 746; x_wconf 97' lang='lat'>0</span> <span class='ocrx_word' id='word_1_537' title='bbox 2896 692 2975 755; x_wconf 88' lang='grc' dir='ltr'>δέ,</span> <span class='ocrx_word' id='word_1_538' title='bbox 3001 692 3188 761; x_wconf 84' lang='grc' dir='ltr'>ῶσπερ</span> <span class='ocrx_word' id='word_1_539' title='bbox 3219 691 3387 753; x_wconf 81' lang='grc' dir='ltr'>ὄντως</span> <span class='ocrx_word' id='word_1_540' title='bbox 3415 689 3630 760; x_wconf 88' lang='grc' dir='ltr'>λυμεὼν</span> <span class='ocrx_word' id='word_1_541' title='bbox 3661 691 3755 743; x_wconf 80' lang='grc' dir='ltr'>καὶ</span> 
     </span>
    </p>
   </div>
   <div class='ocr_carea' id='block_1_67' title="bbox 2076 778 3313 853">
    <p class='ocr_par' dir='ltr' id='par_1_67' title="bbox 2076 778 3313 853">
     <span class='ocr_line' id='line_1_67' title="bbox 2076 778 3313 853; baseline -0.005 -18"><span class='ocrx_word' id='word_1_542' title='bbox 2076 783 2285 852; x_wconf 86' lang='grc' dir='ltr'>δαίμων</span> <span class='ocrx_word' id='word_1_543' title='bbox 2318 784 2506 852; x_wconf 85' lang='grc' dir='ltr'>ἄγριος</span> <span class='ocrx_word' id='word_1_544' title='bbox 2529 781 2666 853; x_wconf 83' lang='grc' dir='ltr'>πρὸς</span> <span class='ocrx_word' id='word_1_545' title='bbox 2700 780 2907 842; x_wconf 85' lang='grc' dir='ltr'>πάντας</span> <span class='ocrx_word' id='word_1_546' title='bbox 2929 778 3276 848; x_wconf 87' lang='grc' dir='ltr'>διαϐέϐληται</span> <span class='ocrx_word' id='word_1_547' title='bbox 3300 794 3313 843; x_wconf 92' lang='grc'><strong>;</strong></span> 
     </span>
    </p>
   </div>
   <div class='ocr_carea' id='block_1_68' title="bbox 2143 862 3758 937">
    <p class='ocr_par' dir='ltr' id='par_1_68' title="bbox 2143 862 3758 937">
     <span class='ocr_line' id='line_1_68' title="bbox 2143 862 3758 937; baseline -0.003 -16"><span class='ocrx_word' id='word_1_548' title='bbox 2143 868 2236 921; x_wconf 73' lang='grc' dir='ltr'>δ’.ε</span> <span class='ocrx_word' id='word_1_549' title='bbox 2253 869 2332 922; x_wconf 88' lang='grc' dir='ltr'>Τά</span> <span class='ocrx_word' id='word_1_550' title='bbox 2361 869 2416 922; x_wconf 87' lang='grc' dir='ltr'>δὲ</span> <span class='ocrx_word' id='word_1_551' title='bbox 2444 870 2578 932; x_wconf 86' lang='grc' dir='ltr'>ἐκεῖ,</span> <span class='ocrx_word' id='word_1_552' title='bbox 2596 867 2699 922; x_wconf 78' lang='grc' dir='ltr'>κᾶν</span> <span class='ocrx_word' id='word_1_553' title='bbox 2717 868 2872 937; x_wconf 83' lang='grc' dir='ltr'>ὑμεῖς</span> <span class='ocrx_word' id='word_1_554' title='bbox 2896 867 3252 936; x_wconf 84' lang='grc' dir='ltr'>ἀπιστήσητε,</span> <span class='ocrx_word' id='word_1_555' title='bbox 3276 865 3363 918; x_wconf 85' lang='grc' dir='ltr'>διὰ</span> <span class='ocrx_word' id='word_1_556' title='bbox 3391 863 3518 928; x_wconf 81' lang='grc' dir='ltr'>τοὺς</span> <span class='ocrx_word' id='word_1_557' title='bbox 3535 862 3758 917; x_wconf 85' lang='grc' dir='ltr'>πιστεύ-</span> 
     </span>
    </p>
   </div>
   <div class='ocr_carea' id='block_1_69' title="bbox 2072 951 3754 1025">
    <p class='ocr_par' dir='ltr' id='par_1_69' title="bbox 2072 951 3754 1025">
     <span class='ocr_line' id='line_1_69' title="bbox 2072 951 3754 1025; baseline -0.004 -16"><span class='ocrx_word' id='word_1_558' title='bbox 2072 973 2233 1018; x_wconf 89' lang='grc' dir='ltr'>οντας</span> <span class='ocrx_word' id='word_1_559' title='bbox 2270 956 2565 1025; x_wconf 86' lang='grc' dir='ltr'>ἀναγκαῖον</span> <span class='ocrx_word' id='word_1_560' title='bbox 2603 957 2795 1008; x_wconf 77' lang='grc' dir='ltr'>εἰπεῖν·</span> <span class='ocrx_word' id='word_1_561' title='bbox 2830 953 3007 1007; x_wconf 83' lang='grc' dir='ltr'>καίτοι</span> <span class='ocrx_word' id='word_1_562' title='bbox 3033 953 3177 1022; x_wconf 83' lang='grc' dir='ltr'>ὑμᾶς</span> <span class='ocrx_word' id='word_1_563' title='bbox 3197 953 3304 1005; x_wconf 85' lang='grc' dir='ltr'>ἀπὸ</span> <span class='ocrx_word' id='word_1_564' title='bbox 3329 951 3438 1004; x_wconf 89' lang='grc' dir='ltr'>τῶν</span> <span class='ocrx_word' id='word_1_565' title='bbox 3469 951 3754 1022; x_wconf 87' lang='grc' dir='ltr'>παρόντων</span> 
     </span>
    </p>
   </div>
   <div class='ocr_carea' id='block_1_70' title="bbox 2075 1038 3754 1113">
    <p class='ocr_par' dir='ltr' id='par_1_70' title="bbox 2075 1038 3754 1113">
     <span class='ocr_line' id='line_1_70' title="bbox 2075 1038 3754 1113; baseline -0.005 -15"><span class='ocrx_word' id='word_1_566' title='bbox 2075 1043 2353 1107; x_wconf 88' lang='grc' dir='ltr'>κάκείνοις</span> <span class='ocrx_word' id='word_1_567' title='bbox 2382 1043 2661 1096; x_wconf 89' lang='grc' dir='ltr'>πιστεύειν</span> <span class='ocrx_word' id='word_1_568' title='bbox 2682 1043 2867 1113; x_wconf 84' lang='grc' dir='ltr'>ἐχρῆν·</span> <span class='ocrx_word' id='word_1_569' title='bbox 2888 1042 3028 1111; x_wconf 81' lang='grc' dir='ltr'>πλὴν</span> <span class='ocrx_word' id='word_1_570' title='bbox 3051 1040 3165 1093; x_wconf 81' lang='grc' dir='ltr'>ἀλλ’</span> <span class='ocrx_word' id='word_1_571' title='bbox 3187 1041 3336 1102; x_wconf 81' lang='grc' dir='ltr'>ὅπως</span> <span class='ocrx_word' id='word_1_572' title='bbox 3359 1040 3425 1092; x_wconf 87' lang='grc' dir='ltr'>ἂν</span> <span class='ocrx_word' id='word_1_573' title='bbox 3449 1038 3586 1110; x_wconf 81' lang='grc' dir='ltr'>πρὸς</span> <span class='ocrx_word' id='word_1_574' title='bbox 3615 1038 3754 1091; x_wconf 82' lang='grc' dir='ltr'>αὐτὰ</span> 
     </span>
    </p>
   </div>
   <div class='ocr_carea' id='block_1_71' title="bbox 2072 1126 3754 1202">
    <p class='ocr_par' dir='ltr' id='par_1_71' title="bbox 2072 1126 3754 1202">
     <span class='ocr_line' id='line_1_71' title="bbox 2072 1126 3754 1202; baseline -0.003 -18"><span class='ocrx_word' id='word_1_575' title='bbox 2072 1131 2366 1194; x_wconf 89' lang='grc' dir='ltr'>διάκεισθε,</span> <span class='ocrx_word' id='word_1_576' title='bbox 2404 1131 2683 1202; x_wconf 82' lang='grc' dir='ltr'>εἰρήσεται</span> <span class='ocrx_word' id='word_1_577' title='bbox 2702 1130 2833 1200; x_wconf 78' lang='grc' dir='ltr'>παρ’</span> <span class='ocrx_word' id='word_1_578' title='bbox 2857 1132 2890 1199; x_wconf 84' lang='grc' dir='ltr'>ή</span> <span class='ocrx_word' id='word_1_579' title='bbox 2902 1127 3037 1198; x_wconf 90' lang='grc' dir='ltr'>μῶν,</span> <span class='ocrx_word' id='word_1_580' title='bbox 3055 1128 3148 1181; x_wconf 75' lang='grc' dir='ltr'>καὶ</span> <span class='ocrx_word' id='word_1_581' title='bbox 3167 1129 3228 1180; x_wconf 90' lang='grc' dir='ltr'>οὑ</span> <span class='ocrx_word' id='word_1_582' title='bbox 3246 1126 3600 1199; x_wconf 66' lang='grc' dir='ltr'>κεκρύψεται.</span> <span class='ocrx_word' id='word_1_583' title='bbox 3617 1127 3754 1180; x_wconf 89' lang='grc' dir='ltr'>Τίνα</span> 
     </span>
    </p>
   </div>
   <div class='ocr_carea' id='block_1_72' title="bbox 2076 1214 3750 1288">
    <p class='ocr_par' dir='ltr' id='par_1_72' title="bbox 2076 1214 3750 1288">
     <span class='ocr_line' id='line_1_72' title="bbox 2076 1214 3750 1288; baseline -0.001 -18"><span class='ocrx_word' id='word_1_584' title='bbox 2076 1214 2169 1272; x_wconf 83' lang='grc' dir='ltr'>οῦν</span> <span class='ocrx_word' id='word_1_585' title='bbox 2197 1218 2348 1271; x_wconf 82' lang='grc' dir='ltr'>ἔσται</span> <span class='ocrx_word' id='word_1_586' title='bbox 2375 1219 2441 1272; x_wconf 88' lang='grc' dir='ltr'>τὰ</span> <span class='ocrx_word' id='word_1_587' title='bbox 2472 1221 2589 1272; x_wconf 82' lang='grc' dir='ltr'>ἐκεῖ</span> <span class='ocrx_word' id='word_1_588' title='bbox 2607 1237 2620 1285; x_wconf 94' lang='grc'>;</span> <span class='ocrx_word' id='word_1_589' title='bbox 2639 1220 2696 1272; x_wconf 89' lang='lat'><strong>&#39;0</strong></span> <span class='ocrx_word' id='word_1_590' title='bbox 2722 1218 2819 1288; x_wconf 91' lang='grc' dir='ltr'>μέν</span> <span class='ocrx_word' id='word_1_591' title='bbox 2837 1217 3017 1280; x_wconf 86' lang='grc' dir='ltr'>ἄθλιος</span> <span class='ocrx_word' id='word_1_592' title='bbox 3047 1217 3139 1268; x_wconf 71' lang='grc' dir='ltr'>καὶ</span> <span class='ocrx_word' id='word_1_593' title='bbox 3154 1216 3502 1288; x_wconf 87' lang='grc' dir='ltr'>ταλαίπωρος</span> <span class='ocrx_word' id='word_1_594' title='bbox 3523 1218 3750 1279; x_wconf 89' lang='grc' dir='ltr'>ἐκεῖνος,</span> 
     </span>
    </p>
   </div>
   <div class='ocr_carea' id='block_1_73' title="bbox 2073 1303 3752 1376">
    <p class='ocr_par' dir='ltr' id='par_1_73' title="bbox 2073 1303 3752 1376">
     <span class='ocr_line' id='line_1_73' title="bbox 2073 1303 3752 1376; baseline -0.001 -17"><span class='ocrx_word' id='word_1_595' title='bbox 2073 1307 2298 1376; x_wconf 86' lang='grc' dir='ltr'>αὑχμῶν</span> <span class='ocrx_word' id='word_1_596' title='bbox 2315 1307 2408 1359; x_wconf 77' lang='grc' dir='ltr'>καὶ</span> <span class='ocrx_word' id='word_1_597' title='bbox 2426 1306 2696 1376; x_wconf 77' lang='grc' dir='ltr'>κατηφὴς,</span> <span class='ocrx_word' id='word_1_598' title='bbox 2715 1303 2979 1375; x_wconf 83' lang='grc' dir='ltr'>αἰσχύνης</span> <span class='ocrx_word' id='word_1_599' title='bbox 2993 1305 3180 1374; x_wconf 90' lang='grc' dir='ltr'>γέμων</span> <span class='ocrx_word' id='word_1_600' title='bbox 3200 1305 3294 1358; x_wconf 72' lang='grc' dir='ltr'>καὶ</span> <span class='ocrx_word' id='word_1_601' title='bbox 3310 1305 3504 1372; x_wconf 77' lang='grc' dir='ltr'>ζόφου,</span> <span class='ocrx_word' id='word_1_602' title='bbox 3533 1305 3629 1358; x_wconf 77' lang='grc' dir='ltr'>καὶ</span> <span class='ocrx_word' id='word_1_603' title='bbox 3650 1305 3752 1358; x_wconf 83' lang='grc' dir='ltr'>κά·-</span> 
     </span>
    </p>
   </div>
   <div class='ocr_carea' id='block_1_74' title="bbox 2070 1391 3753 1464">
    <p class='ocr_par' dir='ltr' id='par_1_74' title="bbox 2070 1391 3753 1464">
     <span class='ocr_line' id='line_1_74' title="bbox 2070 1391 3753 1464; baseline 0 -18"><span class='ocrx_word' id='word_1_604' title='bbox 2070 1412 2148 1446; x_wconf 89' lang='grc' dir='ltr'>τω</span> <span class='ocrx_word' id='word_1_605' title='bbox 2173 1395 2364 1458; x_wconf 90' lang='grc' dir='ltr'>νεύων,</span> <span class='ocrx_word' id='word_1_606' title='bbox 2384 1396 2769 1464; x_wconf 81' lang='grc' dir='ltr'>ἀπαχθήσεται</span> <span class='ocrx_word' id='word_1_607' title='bbox 2798 1393 2923 1446; x_wconf 79' lang='grc' dir='ltr'>ἔνθα</span> <span class='ocrx_word' id='word_1_608' title='bbox 2947 1395 2974 1445; x_wconf 92' lang='grc' dir='ltr'>ὁ</span> <span class='ocrx_word' id='word_1_609' title='bbox 2998 1392 3211 1460; x_wconf 82' lang='grc' dir='ltr'>σκώληξ</span> <span class='ocrx_word' id='word_1_610' title='bbox 3235 1394 3262 1444; x_wconf 89' lang='lat'>0</span> <span class='ocrx_word' id='word_1_611' title='bbox 3287 1391 3643 1463; x_wconf 87' lang='grc' dir='ltr'>ἀτελεύτητος</span> <span class='ocrx_word' id='word_1_612' title='bbox 3658 1394 3753 1447; x_wconf 72' lang='grc' dir='ltr'>καὶ</span> 
     </span>
    </p>
   </div>
   <div class='ocr_carea' id='block_1_75' title="bbox 2069 1479 3752 1550">
    <p class='ocr_par' dir='ltr' id='par_1_75' title="bbox 2069 1479 3752 1550">
     <span class='ocr_line' id='line_1_75' title="bbox 2069 1479 3752 1550; baseline 0 -18"><span class='ocrx_word' id='word_1_613' title='bbox 2069 1480 2130 1533; x_wconf 85' lang='grc' dir='ltr'>τὸ</span> <span class='ocrx_word' id='word_1_614' title='bbox 2159 1479 2270 1550; x_wconf 87' lang='grc' dir='ltr'>πῦρ</span> <span class='ocrx_word' id='word_1_615' title='bbox 2302 1481 2365 1533; x_wconf 86' lang='grc' dir='ltr'>τὸ</span> <span class='ocrx_word' id='word_1_616' title='bbox 2395 1481 2678 1535; x_wconf 81' lang='grc' dir='ltr'>ἄσϐεστον·</span> <span class='ocrx_word' id='word_1_617' title='bbox 2713 1484 2741 1534; x_wconf 89' lang='lat'>0</span> <span class='ocrx_word' id='word_1_618' title='bbox 2772 1481 2830 1534; x_wconf 89' lang='grc' dir='ltr'>δέ</span> <span class='ocrx_word' id='word_1_619' title='bbox 2868 1479 3136 1550; x_wconf 85' lang='grc' dir='ltr'>μακάριος</span> <span class='ocrx_word' id='word_1_620' title='bbox 3152 1479 3361 1542; x_wconf 86' lang='grc' dir='ltr'>Παῦλος</span> <span class='ocrx_word' id='word_1_621' title='bbox 3389 1479 3526 1549; x_wconf 90' lang='grc' dir='ltr'>μετά</span> <span class='ocrx_word' id='word_1_622' title='bbox 3551 1479 3752 1550; x_wconf 87' lang='grc' dir='ltr'>πολλῆς</span> 
     </span>
    </p>
   </div>
   <div class='ocr_carea' id='block_1_76' title="bbox 2073 1567 3753 1641">
    <p class='ocr_par' dir='ltr' id='par_1_76' title="bbox 2073 1567 3753 1641">
     <span class='ocr_line' id='line_1_76' title="bbox 2073 1567 3753 1641; baseline 0.001 -21"><span class='ocrx_word' id='word_1_623' title='bbox 2073 1569 2330 1638; x_wconf 88' lang='grc' dir='ltr'>στήσεται</span> <span class='ocrx_word' id='word_1_624' title='bbox 2361 1570 2461 1639; x_wconf 89' lang='grc' dir='ltr'>τῆς</span> <span class='ocrx_word' id='word_1_625' title='bbox 2506 1570 2817 1641; x_wconf 80' lang='grc' dir='ltr'>παρρησίας</span> <span class='ocrx_word' id='word_1_626' title='bbox 2869 1570 2997 1639; x_wconf 85' lang='grc' dir='ltr'>παρ’</span> <span class='ocrx_word' id='word_1_627' title='bbox 3025 1567 3186 1621; x_wconf 85' lang='grc' dir='ltr'>αὑτὸν</span> <span class='ocrx_word' id='word_1_628' title='bbox 3234 1568 3329 1620; x_wconf 92' lang='grc' dir='ltr'>τοῦ</span> <span class='ocrx_word' id='word_1_629' title='bbox 3367 1567 3631 1637; x_wconf 86' lang='grc' dir='ltr'>βασιλέως</span> <span class='ocrx_word' id='word_1_630' title='bbox 3659 1567 3753 1621; x_wconf 80' lang='grc' dir='ltr'>τὸν</span> 
     </span>
    </p>
   </div>
   <div class='ocr_carea' id='block_1_77' title="bbox 2071 1653 3755 1728">
    <p class='ocr_par' dir='ltr' id='par_1_77' title="bbox 2071 1653 3755 1728">
     <span class='ocr_line' id='line_1_77' title="bbox 2071 1653 3755 1728; baseline 0.002 -23"><span class='ocrx_word' id='word_1_631' title='bbox 2071 1653 2257 1724; x_wconf 87' lang='grc' dir='ltr'>θρόνον</span> <span class='ocrx_word' id='word_1_632' title='bbox 2273 1655 2541 1728; x_wconf 87' lang='grc' dir='ltr'>λαμπρῶς</span> <span class='ocrx_word' id='word_1_633' title='bbox 2577 1656 2943 1712; x_wconf 88' lang='grc' dir='ltr'>ἀποστίλϐων,</span> <span class='ocrx_word' id='word_1_634' title='bbox 2963 1655 3057 1708; x_wconf 78' lang='grc' dir='ltr'>καὶ</span> <span class='ocrx_word' id='word_1_635' title='bbox 3083 1653 3241 1718; x_wconf 83' lang='grc' dir='ltr'>δόξαν</span> <span class='ocrx_word' id='word_1_636' title='bbox 3262 1654 3638 1724; x_wconf 74' lang='grc' dir='ltr'>ἠμφιεσμένος</span> <span class='ocrx_word' id='word_1_637' title='bbox 3664 1671 3755 1708; x_wconf 86' lang='grc' dir='ltr'>το-</span> 
     </span>
    </p>
   </div>
   <div class='ocr_carea' id='block_1_78' title="bbox 2071 1741 3752 1813">
    <p class='ocr_par' dir='ltr' id='par_1_78' title="bbox 2071 1741 3752 1813">
     <span class='ocr_line' id='line_1_78' title="bbox 2071 1741 3752 1813; baseline 0 -19"><span class='ocrx_word' id='word_1_638' title='bbox 2071 1742 2307 1812; x_wconf 84' lang='grc' dir='ltr'>σαύτην,</span> <span class='ocrx_word' id='word_1_639' title='bbox 2356 1743 2430 1806; x_wconf 92' lang='grc' dir='ltr'>ώς</span> <span class='ocrx_word' id='word_1_640' title='bbox 2468 1743 2632 1813; x_wconf 79' lang='grc' dir='ltr'>μηδὲν</span> <span class='ocrx_word' id='word_1_641' title='bbox 2669 1743 2778 1794; x_wconf 89' lang='grc' dir='ltr'>τῶν</span> <span class='ocrx_word' id='word_1_642' title='bbox 2816 1743 3062 1811; x_wconf 90' lang='grc' dir='ltr'>ἀγγέλων</span> <span class='ocrx_word' id='word_1_643' title='bbox 3094 1743 3189 1796; x_wconf 74' lang='grc' dir='ltr'>καὶ</span> <span class='ocrx_word' id='word_1_644' title='bbox 3239 1741 3348 1795; x_wconf 90' lang='grc' dir='ltr'>τῶν</span> <span class='ocrx_word' id='word_1_645' title='bbox 3396 1741 3752 1813; x_wconf 84' lang='grc' dir='ltr'>ἀρχαγγέλων</span> 
     </span>
    </p>
   </div>
   <div class='ocr_carea' id='block_1_79' title="bbox 2067 1829 3755 1902">
    <p class='ocr_par' dir='ltr' id='par_1_79' title="bbox 2067 1829 3755 1902">
     <span class='ocr_line' id='line_1_79' title="bbox 2067 1829 3755 1902; baseline 0 -20"><span class='ocrx_word' id='word_1_646' title='bbox 2067 1830 2304 1894; x_wconf 87' lang='grc' dir='ltr'>ἀποδεῖν,</span> <span class='ocrx_word' id='word_1_647' title='bbox 2320 1831 2414 1884; x_wconf 73' lang='grc' dir='ltr'>καὶ</span> <span class='ocrx_word' id='word_1_648' title='bbox 2432 1829 2686 1884; x_wconf 90' lang='grc' dir='ltr'>τοσοῦτον</span> <span class='ocrx_word' id='word_1_649' title='bbox 2715 1830 2944 1900; x_wconf 77' lang='grc' dir='ltr'>λήψεται</span> <span class='ocrx_word' id='word_1_650' title='bbox 2971 1831 3061 1885; x_wconf 83' lang='grc' dir='ltr'>τὸν</span> <span class='ocrx_word' id='word_1_651' title='bbox 3086 1831 3297 1902; x_wconf 88' lang='grc' dir='ltr'>μισθὸν,</span> <span class='ocrx_word' id='word_1_652' title='bbox 3330 1832 3453 1883; x_wconf 84' lang='grc' dir='ltr'>ὅσον</span> <span class='ocrx_word' id='word_1_653' title='bbox 3491 1830 3638 1892; x_wconf 82' lang='grc' dir='ltr'>εἰκὸς</span> <span class='ocrx_word' id='word_1_654' title='bbox 3666 1830 3755 1882; x_wconf 83' lang='grc' dir='ltr'>ἀν-</span> 
     </span>
    </p>
   </div>
   <div class='ocr_carea' id='block_1_80' title="bbox 2068 1917 3753 1989">
    <p class='ocr_par' dir='ltr' id='par_1_80' title="bbox 2068 1917 3753 1989">
     <span class='ocr_line' id='line_1_80' title="bbox 2068 1917 3753 1989; baseline 0 -19"><span class='ocrx_word' id='word_1_655' title='bbox 2068 1917 2283 1987; x_wconf 87' lang='grc' dir='ltr'>θρωπον</span> <span class='ocrx_word' id='word_1_656' title='bbox 2330 1917 2490 1988; x_wconf 90' lang='grc' dir='ltr'>σῶμα</span> <span class='ocrx_word' id='word_1_657' title='bbox 2515 1918 2542 1956; x_wconf 76' lang='grc' dir='ltr'><strong>ά</strong></span> <span class='ocrx_word' id='word_1_658' title='bbox 2579 1919 2674 1970; x_wconf 76' lang='grc' dir='ltr'>καὶ</span> <span class='ocrx_word' id='word_1_659' title='bbox 2713 1918 2810 1988; x_wconf 82' lang='grc' dir='ltr'>τὴν</span> <span class='ocrx_word' id='word_1_660' title='bbox 2838 1918 3015 1989; x_wconf 73' lang='grc' dir='ltr'>ψυχὴν</span> <span class='ocrx_word' id='word_1_661' title='bbox 3041 1918 3153 1971; x_wconf 89' lang='grc' dir='ltr'>τῶν</span> <span class='ocrx_word' id='word_1_662' title='bbox 3182 1917 3258 1988; x_wconf 84' lang='grc' dir='ltr'>τῷ</span> <span class='ocrx_word' id='word_1_663' title='bbox 3291 1917 3410 1988; x_wconf 84' lang='grc' dir='ltr'>Θεῷ</span> <span class='ocrx_word' id='word_1_664' title='bbox 3451 1917 3753 1972; x_wconf 88' lang='grc' dir='ltr'>δοκούντων</span> 
     </span>
    </p>
   </div>
   <div class='ocr_carea' id='block_1_81' title="bbox 2066 2005 3753 2078">
    <p class='ocr_par' dir='ltr' id='par_1_81' title="bbox 2066 2005 3753 2078">
     <span class='ocr_line' id='line_1_81' title="bbox 2066 2005 3753 2078; baseline -0.001 -20"><span class='ocrx_word' id='word_1_665' title='bbox 2066 2005 2251 2059; x_wconf 78' lang='grc' dir='ltr'>ἕνεκεν</span> <span class='ocrx_word' id='word_1_666' title='bbox 2282 2007 2552 2062; x_wconf 87' lang='grc' dir='ltr'>ἐπιδόντα.</span> <span class='ocrx_word' id='word_1_667' title='bbox 2582 2008 2694 2061; x_wconf 78' lang='grc' dir='ltr'>Καὶ</span> <span class='ocrx_word' id='word_1_668' title='bbox 2721 2008 2829 2078; x_wconf 84' lang='grc' dir='ltr'>γὰρ</span> <span class='ocrx_word' id='word_1_669' title='bbox 2852 2006 3024 2070; x_wconf 71' lang='grc' dir='ltr'>οὕτως</span> <span class='ocrx_word' id='word_1_670' title='bbox 3061 2007 3193 2076; x_wconf 83' lang='grc' dir='ltr'>ἐχει-</span> <span class='ocrx_word' id='word_1_671' title='bbox 3226 2009 3416 2060; x_wconf 84' lang='grc' dir='ltr'>Κεῖται</span> <span class='ocrx_word' id='word_1_672' title='bbox 3453 2007 3549 2077; x_wconf 89' lang='grc' dir='ltr'>μέν</span> <span class='ocrx_word' id='word_1_673' title='bbox 3581 2005 3753 2076; x_wconf 86' lang='grc' dir='ltr'>πολλὴ</span> 
     </span>
    </p>
   </div>
   <div class='ocr_carea' id='block_1_82' title="bbox 2066 2091 3749 2164">
    <p class='ocr_par' dir='ltr' id='par_1_82' title="bbox 2066 2091 3749 2164">
     <span class='ocr_line' id='line_1_82' title="bbox 2066 2091 3749 2164; baseline 0.001 -21"><span class='ocrx_word' id='word_1_674' title='bbox 2066 2094 2177 2156; x_wconf 88' lang='grc' dir='ltr'>τοῖς</span> <span class='ocrx_word' id='word_1_675' title='bbox 2208 2092 2277 2146; x_wconf 85' lang='grc' dir='ltr'>τά</span> <span class='ocrx_word' id='word_1_676' title='bbox 2313 2093 2497 2162; x_wconf 85' lang='grc' dir='ltr'>ἀγαθά</span> <span class='ocrx_word' id='word_1_677' title='bbox 2546 2093 2935 2164; x_wconf 81' lang='grc' dir='ltr'>ἐργαζομένοις</span> <span class='ocrx_word' id='word_1_678' title='bbox 2968 2093 3254 2156; x_wconf 88' lang='grc' dir='ltr'>ἀντίδοσις,</span> <span class='ocrx_word' id='word_1_679' title='bbox 3297 2093 3495 2164; x_wconf 77' lang='grc' dir='ltr'>μείζων</span> <span class='ocrx_word' id='word_1_680' title='bbox 3525 2093 3582 2145; x_wconf 83' lang='grc' dir='ltr'>δὲ</span> <span class='ocrx_word' id='word_1_681' title='bbox 3609 2091 3749 2163; x_wconf 77' lang='grc' dir='ltr'>αὕτη</span> 
     </span>
    </p>
   </div>
   <div class='ocr_carea' id='block_1_83' title="bbox 2067 2178 3753 2249">
    <p class='ocr_par' dir='ltr' id='par_1_83' title="bbox 2067 2178 3753 2249">
     <span class='ocr_line' id='line_1_83' title="bbox 2067 2178 3753 2249; baseline 0.001 -19"><span class='ocrx_word' id='word_1_682' title='bbox 2067 2178 2162 2231; x_wconf 74' lang='grc' dir='ltr'>καὶ</span> <span class='ocrx_word' id='word_1_683' title='bbox 2199 2179 2401 2232; x_wconf 88' lang='grc' dir='ltr'>πλείων</span> <span class='ocrx_word' id='word_1_684' title='bbox 2433 2180 2663 2249; x_wconf 90' lang='grc' dir='ltr'>γίνεται,</span> <span class='ocrx_word' id='word_1_685' title='bbox 2683 2181 2811 2234; x_wconf 78' lang='grc' dir='ltr'>ὅταν</span> <span class='ocrx_word' id='word_1_686' title='bbox 2843 2182 2936 2234; x_wconf 77' lang='grc' dir='ltr'>καὶ</span> <span class='ocrx_word' id='word_1_687' title='bbox 2955 2181 3042 2234; x_wconf 81' lang='grc' dir='ltr'>διὰ</span> <span class='ocrx_word' id='word_1_688' title='bbox 3067 2181 3325 2233; x_wconf 85' lang='grc' dir='ltr'>κινδύνων</span> <span class='ocrx_word' id='word_1_689' title='bbox 3363 2179 3484 2233; x_wconf 78' lang='grc' dir='ltr'>ἴωσι</span> <span class='ocrx_word' id='word_1_690' title='bbox 3513 2181 3608 2234; x_wconf 81' lang='grc' dir='ltr'>καὶ</span> <span class='ocrx_word' id='word_1_691' title='bbox 3634 2181 3753 2232; x_wconf 87' lang='grc' dir='ltr'>ἀτι-</span> 
     </span>
    </p>
   </div>
   <div class='ocr_carea' id='block_1_84' title="bbox 2069 2266 3749 2340">
    <p class='ocr_par' dir='ltr' id='par_1_84' title="bbox 2069 2266 3749 2340">
     <span class='ocr_line' id='line_1_84' title="bbox 2069 2266 3749 2340; baseline 0.001 -22"><span class='ocrx_word' id='word_1_692' title='bbox 2069 2266 2198 2336; x_wconf 86' lang='grc' dir='ltr'>μίας</span> <span class='ocrx_word' id='word_1_693' title='bbox 2227 2267 2428 2338; x_wconf 88' lang='grc' dir='ltr'>πολλῆς</span> <span class='ocrx_word' id='word_1_694' title='bbox 2466 2269 2514 2320; x_wconf 84' lang='grc' dir='ltr'>οἱ</span> <span class='ocrx_word' id='word_1_695' title='bbox 2568 2268 2740 2322; x_wconf 87' lang='grc' dir='ltr'>ταῦτα</span> <span class='ocrx_word' id='word_1_696' title='bbox 2800 2268 3159 2340; x_wconf 79' lang='grc' dir='ltr'>ἐργαζόμενοι</span> <span class='ocrx_word' id='word_1_697' title='bbox 3197 2268 3266 2320; x_wconf 83' lang='grc' dir='ltr'>τά</span> <span class='ocrx_word' id='word_1_698' title='bbox 3316 2268 3516 2336; x_wconf 69' lang='grc' dir='ltr'>ἀγαθά·</span> <span class='ocrx_word' id='word_1_699' title='bbox 3545 2267 3646 2322; x_wconf 82' lang='grc' dir='ltr'>κᾶν</span> <span class='ocrx_word' id='word_1_700' title='bbox 3688 2269 3749 2321; x_wconf 72' lang='grc' dir='ltr'>τὸ</span> 
     </span>
    </p>
   </div>
   <div class='ocr_carea' id='block_1_85' title="bbox 2065 2353 3750 2429">
    <p class='ocr_par' dir='ltr' id='par_1_85' title="bbox 2065 2353 3750 2429">
     <span class='ocr_line' id='line_1_85' title="bbox 2065 2353 3750 2429; baseline 0.002 -24"><span class='ocrx_word' id='word_1_701' title='bbox 2065 2353 2395 2425; x_wconf 88' lang='grc' dir='ltr'>κατόρθωμα</span> <span class='ocrx_word' id='word_1_702' title='bbox 2418 2356 2531 2408; x_wconf 73' lang='grc' dir='ltr'>ἴσον</span> <span class='ocrx_word' id='word_1_703' title='bbox 2614 2356 2691 2426; x_wconf 80' lang='grc' dir='ltr'>τῷ</span> <span class='ocrx_word' id='word_1_704' title='bbox 2722 2373 2779 2408; x_wconf 90' lang='grc' dir='ltr'>τε</span> <span class='ocrx_word' id='word_1_705' title='bbox 2811 2356 3063 2426; x_wconf 70' lang='grc' dir='ltr'>ἀπονητὶ,</span> <span class='ocrx_word' id='word_1_706' title='bbox 3085 2358 3176 2408; x_wconf 76' lang='grc' dir='ltr'>καὶ</span> <span class='ocrx_word' id='word_1_707' title='bbox 3199 2355 3280 2426; x_wconf 80' lang='grc' dir='ltr'>τῷ</span> <span class='ocrx_word' id='word_1_708' title='bbox 3310 2355 3446 2426; x_wconf 88' lang='grc' dir='ltr'>μετά</span> <span class='ocrx_word' id='word_1_709' title='bbox 3463 2357 3638 2409; x_wconf 92' lang='grc' dir='ltr'>πόνων</span> <span class='ocrx_word' id='word_1_710' title='bbox 3653 2357 3750 2408; x_wconf 89' lang='grc' dir='ltr'>αὑ-</span> 
     </span>
    </p>
   </div>
   <div class='ocr_carea' id='block_1_86' title="bbox 2063 2441 3748 2514">
    <p class='ocr_par' dir='ltr' id='par_1_86' title="bbox 2063 2441 3748 2514">
     <span class='ocr_line' id='line_1_86' title="bbox 2063 2441 3748 2514; baseline 0.001 -21"><span class='ocrx_word' id='word_1_711' title='bbox 2063 2441 2125 2493; x_wconf 82' lang='grc' dir='ltr'>τὸ</span> <span class='ocrx_word' id='word_1_712' title='bbox 2146 2441 2553 2513; x_wconf 74' lang='grc' dir='ltr'>κατωρθωκότι,</span> <span class='ocrx_word' id='word_1_713' title='bbox 2579 2443 2649 2496; x_wconf 85' lang='grc' dir='ltr'>τὰ</span> <span class='ocrx_word' id='word_1_714' title='bbox 2680 2445 2776 2513; x_wconf 82' lang='grc' dir='ltr'>τῆς</span> <span class='ocrx_word' id='word_1_715' title='bbox 2793 2447 2956 2514; x_wconf 88' lang='grc' dir='ltr'>τιμῆς</span> <span class='ocrx_word' id='word_1_716' title='bbox 2988 2445 3087 2496; x_wconf 81' lang='grc' dir='ltr'>οὑκ</span> <span class='ocrx_word' id='word_1_717' title='bbox 3119 2445 3270 2496; x_wconf 83' lang='grc' dir='ltr'>ἕσται</span> <span class='ocrx_word' id='word_1_718' title='bbox 3300 2445 3390 2497; x_wconf 80' lang='grc' dir='ltr'>ἴσα</span> <span class='ocrx_word' id='word_1_719' title='bbox 3423 2445 3516 2498; x_wconf 79' lang='grc' dir='ltr'>καὶ</span> <span class='ocrx_word' id='word_1_720' title='bbox 3542 2443 3611 2497; x_wconf 85' lang='grc' dir='ltr'>τὰ</span> <span class='ocrx_word' id='word_1_721' title='bbox 3638 2444 3748 2496; x_wconf 90' lang='grc' dir='ltr'>τῶν</span> 
     </span>
    </p>
   </div>
   <div class='ocr_carea' id='block_1_87' title="bbox 2067 2527 3748 2600">
    <p class='ocr_par' dir='ltr' id='par_1_87' title="bbox 2067 2527 3748 2600">
     <span class='ocr_line' id='line_1_87' title="bbox 2067 2527 3748 2600; baseline 0.002 -22"><span class='ocrx_word' id='word_1_722' title='bbox 2067 2527 2369 2595; x_wconf 87' lang='grc' dir='ltr'>στεφάνων.</span> <span class='ocrx_word' id='word_1_723' title='bbox 2392 2529 2550 2582; x_wconf 75' lang='grc' dir='ltr'>Ἐπεὶ</span> <span class='ocrx_word' id='word_1_724' title='bbox 2573 2530 2667 2583; x_wconf 73' lang='grc' dir='ltr'>καὶ</span> <span class='ocrx_word' id='word_1_725' title='bbox 2697 2531 2754 2581; x_wconf 89' lang='grc' dir='ltr'>ἐν</span> <span class='ocrx_word' id='word_1_726' title='bbox 2779 2533 2892 2593; x_wconf 90' lang='grc' dir='ltr'>τοῖς</span> <span class='ocrx_word' id='word_1_727' title='bbox 2926 2530 3180 2600; x_wconf 88' lang='grc' dir='ltr'>πολέμοις</span> <span class='ocrx_word' id='word_1_728' title='bbox 3207 2530 3563 2598; x_wconf 86' lang='grc' dir='ltr'>στεφανοῦται</span> <span class='ocrx_word' id='word_1_729' title='bbox 3597 2530 3694 2600; x_wconf 82' lang='grc' dir='ltr'>μὲν</span> <span class='ocrx_word' id='word_1_730' title='bbox 3719 2533 3748 2582; x_wconf 92' lang='lat'>0</span> 
     </span>
    </p>
   </div>
   <div class='ocr_carea' id='block_1_88' title="bbox 2062 2613 3752 2687">
    <p class='ocr_par' dir='ltr' id='par_1_88' title="bbox 2062 2613 3752 2687">
     <span class='ocr_line' id='line_1_88' title="bbox 2062 2613 3752 2687; baseline 0.003 -23"><span class='ocrx_word' id='word_1_731' title='bbox 2062 2613 2321 2683; x_wconf 89' lang='grc' dir='ltr'>τρόπαιον</span> <span class='ocrx_word' id='word_1_732' title='bbox 2346 2615 2574 2684; x_wconf 87' lang='grc' dir='ltr'>στήσας,</span> <span class='ocrx_word' id='word_1_733' title='bbox 2616 2615 2794 2686; x_wconf 83' lang='grc' dir='ltr'>πολλῷ</span> <span class='ocrx_word' id='word_1_734' title='bbox 2818 2616 2874 2669; x_wconf 83' lang='grc' dir='ltr'>δέ</span> <span class='ocrx_word' id='word_1_735' title='bbox 2900 2616 2980 2669; x_wconf 82' lang='grc' dir='ltr'>ἐτι</span> <span class='ocrx_word' id='word_1_736' title='bbox 3012 2616 3273 2687; x_wconf 82' lang='grc' dir='ltr'>μειζόνως</span> <span class='ocrx_word' id='word_1_737' title='bbox 3311 2619 3339 2670; x_wconf 89' lang='lat'>0</span> <span class='ocrx_word' id='word_1_738' title='bbox 3373 2618 3468 2671; x_wconf 73' lang='grc' dir='ltr'>καὶ</span> <span class='ocrx_word' id='word_1_739' title='bbox 3484 2616 3554 2670; x_wconf 87' lang='grc' dir='ltr'>τά</span> <span class='ocrx_word' id='word_1_740' title='bbox 3582 2615 3752 2687; x_wconf 88' lang='grc' dir='ltr'>τραύ-</span> 
     </span>
    </p>
   </div>
   <div class='ocr_carea' id='block_1_89' title="bbox 2067 2698 3747 2775">
    <p class='ocr_par' dir='ltr' id='par_1_89' title="bbox 2067 2698 3747 2775">
     <span class='ocr_line' id='line_1_89' title="bbox 2067 2698 3747 2775; baseline 0.002 -22"><span class='ocrx_word' id='word_1_741' title='bbox 2067 2717 2211 2770; x_wconf 88' lang='grc' dir='ltr'>ματα</span> <span class='ocrx_word' id='word_1_742' title='bbox 2238 2703 2502 2767; x_wconf 84' lang='grc' dir='ltr'>ἐπιδεῖξαι</span> <span class='ocrx_word' id='word_1_743' title='bbox 2536 2703 2696 2773; x_wconf 81' lang='grc' dir='ltr'>ἔχων,</span> <span class='ocrx_word' id='word_1_744' title='bbox 2731 2704 2797 2757; x_wconf 84' lang='grc' dir='ltr'>δι’</span> <span class='ocrx_word' id='word_1_745' title='bbox 2827 2698 2902 2756; x_wconf 83' lang='grc' dir='ltr'>ὧν</span> <span class='ocrx_word' id='word_1_746' title='bbox 2927 2705 2988 2757; x_wconf 87' lang='grc' dir='ltr'>τὸ</span> <span class='ocrx_word' id='word_1_747' title='bbox 3022 2705 3282 2774; x_wconf 83' lang='grc' dir='ltr'>τρόπαιον</span> <span class='ocrx_word' id='word_1_748' title='bbox 3311 2705 3528 2775; x_wconf 78' lang='grc' dir='ltr'>ἔστησε.</span> <span class='ocrx_word' id='word_1_749' title='bbox 3558 2704 3669 2757; x_wconf 76' lang='grc' dir='ltr'>Καὶ</span> <span class='ocrx_word' id='word_1_750' title='bbox 3693 2704 3747 2756; x_wconf 88' lang='grc' dir='ltr'>τί</span> 
     </span>
    </p>
   </div>
   <div class='ocr_carea' id='block_1_90' title="bbox 2063 2787 3749 2862">
    <p class='ocr_par' dir='ltr' id='par_1_90' title="bbox 2063 2787 3749 2862">
     <span class='ocr_line' id='line_1_90' title="bbox 2063 2787 3749 2862; baseline 0.004 -23"><span class='ocrx_word' id='word_1_751' title='bbox 2063 2787 2204 2855; x_wconf 90' lang='grc' dir='ltr'>λέγω</span> <span class='ocrx_word' id='word_1_752' title='bbox 2230 2789 2358 2859; x_wconf 79' lang='grc' dir='ltr'>περὶ</span> <span class='ocrx_word' id='word_1_753' title='bbox 2382 2791 2490 2842; x_wconf 91' lang='grc' dir='ltr'>τῶν</span> <span class='ocrx_word' id='word_1_754' title='bbox 2524 2790 2760 2856; x_wconf 84' lang='grc' dir='ltr'>ζώντων,</span> <span class='ocrx_word' id='word_1_755' title='bbox 2792 2793 2924 2845; x_wconf 83' lang='grc' dir='ltr'>ὅπου</span> <span class='ocrx_word' id='word_1_756' title='bbox 2952 2808 3015 2858; x_wconf 89' lang='grc' dir='ltr'>γε</span> <span class='ocrx_word' id='word_1_757' title='bbox 3042 2792 3137 2844; x_wconf 68' lang='grc' dir='ltr'>καὶ</span> <span class='ocrx_word' id='word_1_758' title='bbox 3165 2794 3215 2844; x_wconf 86' lang='grc' dir='ltr'>οἱ</span> <span class='ocrx_word' id='word_1_759' title='bbox 3253 2792 3412 2844; x_wconf 89' lang='grc' dir='ltr'>τοῦτο</span> <span class='ocrx_word' id='word_1_760' title='bbox 3436 2793 3594 2862; x_wconf 92' lang='grc' dir='ltr'>μόνον</span> <span class='ocrx_word' id='word_1_761' title='bbox 3626 2791 3749 2845; x_wconf 86' lang='grc' dir='ltr'>ἐπι-</span> 
     </span>
    </p>
   </div>
   <div class='ocr_carea' id='block_1_91' title="bbox 2061 2872 3746 2958">
    <p class='ocr_par' dir='ltr' id='par_1_91' title="bbox 2061 2872 3746 2958">
     <span class='ocr_line' id='line_1_91' title="bbox 2061 2872 3746 2958; baseline 0.005 -33"><span class='ocrx_word' id='word_1_762' title='bbox 2061 2872 2364 2945; x_wconf 78' lang='grc' dir='ltr'>δειξάμενοι</span> <span class='ocrx_word' id='word_1_763' title='bbox 2381 2876 2443 2928; x_wconf 84' lang='grc' dir='ltr'>τὺ</span> <span class='ocrx_word' id='word_1_764' title='bbox 2468 2877 2648 2940; x_wconf 90' lang='grc' dir='ltr'>καλῶς</span> <span class='ocrx_word' id='word_1_765' title='bbox 2651 2879 2954 2958; x_wconf 51' lang='grc' dir='ltr'>ἀποθανεῖν</span> <span class='ocrx_word' id='word_1_766' title='bbox 2970 2881 3027 2932; x_wconf 89' lang='grc' dir='ltr'>ἐν</span> <span class='ocrx_word' id='word_1_767' title='bbox 3045 2880 3283 2950; x_wconf 83' lang='grc' dir='ltr'>πολέμῳ,</span> <span class='ocrx_word' id='word_1_768' title='bbox 3302 2879 3470 2950; x_wconf 84' lang='grc' dir='ltr'>μηδὲν</span> <span class='ocrx_word' id='word_1_769' title='bbox 3491 2879 3546 2931; x_wconf 82' lang='grc' dir='ltr'>δέ</span> <span class='ocrx_word' id='word_1_770' title='bbox 3564 2878 3746 2933; x_wconf 87' lang='grc' dir='ltr'>πλεῖον</span> 
     </span>
    </p>
   </div>
   <div class='ocr_carea' id='block_1_92' title="bbox 2061 2964 3748 3043">
    <p class='ocr_par' dir='ltr' id='par_1_92' title="bbox 2061 2964 3748 3043">
     <span class='ocr_line' id='line_1_92' title="bbox 2061 2964 3748 3043; baseline 0.004 -28"><span class='ocrx_word' id='word_1_771' title='bbox 2061 2964 2188 3027; x_wconf 84' lang='grc' dir='ltr'>τοὺς</span> <span class='ocrx_word' id='word_1_772' title='bbox 2223 2965 2403 3018; x_wconf 87' lang='grc' dir='ltr'>αὑτῶν</span> <span class='ocrx_word' id='word_1_773' title='bbox 2442 2966 2844 3038; x_wconf 83' lang='grc' dir='ltr'>ὠφελήσαντες,</span> <span class='ocrx_word' id='word_1_774' title='bbox 2896 2968 3146 3041; x_wconf 86' lang='grc' dir='ltr'>καθάπερ</span> <span class='ocrx_word' id='word_1_775' title='bbox 3200 2970 3445 3043; x_wconf 87' lang='grc' dir='ltr'>σωτῆρες</span> <span class='ocrx_word' id='word_1_776' title='bbox 3477 2970 3571 3023; x_wconf 72' lang='grc' dir='ltr'>καὶ</span> <span class='ocrx_word' id='word_1_777' title='bbox 3613 2986 3748 3040; x_wconf 88' lang='grc' dir='ltr'>προ-</span> 
     </span>
    </p>
   </div>
   <div class='ocr_carea' id='block_1_93' title="bbox 2064 3051 3747 3128">
    <p class='ocr_par' dir='ltr' id='par_1_93' title="bbox 2064 3051 3747 3128">
     <span class='ocr_line' id='line_1_93' title="bbox 2064 3051 3747 3128; baseline 0.004 -25"><span class='ocrx_word' id='word_1_778' title='bbox 2064 3051 2254 3104; x_wconf 89' lang='grc' dir='ltr'>στάται</span> <span class='ocrx_word' id='word_1_779' title='bbox 2279 3055 2554 3124; x_wconf 89' lang='grc' dir='ltr'>πανταχοῦ</span> <span class='ocrx_word' id='word_1_780' title='bbox 2571 3056 2672 3125; x_wconf 84' lang='grc' dir='ltr'>τῆς</span> <span class='ocrx_word' id='word_1_781' title='bbox 2687 3056 2929 3120; x_wconf 86' lang='grc' dir='ltr'>Ἑλλάδος</span> <span class='ocrx_word' id='word_1_782' title='bbox 2943 3056 3158 3127; x_wconf 85' lang='grc' dir='ltr'>ᾅδονται</span> <span class='ocrx_word' id='word_1_783' title='bbox 3177 3074 3190 3122; x_wconf 89' lang='grc'>;</span> <span class='ocrx_word' id='word_1_784' title='bbox 3212 3059 3259 3109; x_wconf 90' lang='grc' dir='ltr'>εί</span> <span class='ocrx_word' id='word_1_785' title='bbox 3271 3058 3366 3110; x_wconf 77' lang='grc' dir='ltr'>καὶ</span> <span class='ocrx_word' id='word_1_786' title='bbox 3385 3055 3558 3110; x_wconf 90' lang='grc' dir='ltr'>ταῦτα</span> <span class='ocrx_word' id='word_1_787' title='bbox 3588 3057 3747 3128; x_wconf 87' lang='grc' dir='ltr'>ὑμεῖς</span> 
     </span>
    </p>
   </div>
   <div class='ocr_carea' id='block_1_94' title="bbox 2060 3139 3746 3217">
    <p class='ocr_par' dir='ltr' id='par_1_94' title="bbox 2060 3139 3746 3217">
     <span class='ocr_line' id='line_1_94' title="bbox 2060 3139 3746 3217; baseline 0.004 -25"><span class='ocrx_word' id='word_1_788' title='bbox 2060 3139 2328 3208; x_wconf 90' lang='grc' dir='ltr'>ἀγνοεῖτε,</span> <span class='ocrx_word' id='word_1_789' title='bbox 2355 3142 2432 3212; x_wconf 84' lang='grc' dir='ltr'>τῷ</span> <span class='ocrx_word' id='word_1_790' title='bbox 2461 3143 2658 3211; x_wconf 87' lang='grc' dir='ltr'>γέλωτι</span> <span class='ocrx_word' id='word_1_791' title='bbox 2715 3146 2809 3198; x_wconf 73' lang='grc' dir='ltr'>καὶ</span> <span class='ocrx_word' id='word_1_792' title='bbox 2853 3149 2918 3217; x_wconf 85' lang='grc' dir='ltr'>τῇ</span> <span class='ocrx_word' id='word_1_793' title='bbox 2961 3149 3141 3216; x_wconf 87' lang='grc' dir='ltr'>τρυφῇ</span> <span class='ocrx_word' id='word_1_794' title='bbox 3177 3145 3471 3208; x_wconf 84' lang='grc' dir='ltr'>διαπαντὸς</span> <span class='ocrx_word' id='word_1_795' title='bbox 3500 3163 3746 3216; x_wconf 89' lang='grc' dir='ltr'>προσαν-</span> 
     </span>
    </p>
   </div>
   <div class='ocr_carea' id='block_1_95' title="bbox 2061 3226 3747 3304">
    <p class='ocr_par' dir='ltr' id='par_1_95' title="bbox 2061 3226 3747 3304">
     <span class='ocr_line' id='line_1_95' title="bbox 2061 3226 3747 3304; baseline 0.003 -25"><span class='ocrx_word' id='word_1_796' title='bbox 2061 3226 2276 3298; x_wconf 89' lang='grc' dir='ltr'>έχοντες</span> <span class='ocrx_word' id='word_1_797' title='bbox 2308 3241 2355 3293; x_wconf 75' lang='grc'>⁶;</span> <span class='ocrx_word' id='word_1_798' title='bbox 2381 3231 2442 3283; x_wconf 79' lang='grc' dir='ltr'><strong>Εἰ</strong></span> <span class='ocrx_word' id='word_1_799' title='bbox 2463 3231 2783 3302; x_wconf 82' lang='grc' dir='ltr'>δὲ”Ελληνες</span> <span class='ocrx_word' id='word_1_800' title='bbox 2799 3232 2895 3288; x_wconf 85' lang='grc' dir='ltr'>ἄνθ</span> <span class='ocrx_word' id='word_1_801' title='bbox 2904 3251 3097 3302; x_wconf 89' lang='grc' dir='ltr'>ρωποι,</span> <span class='ocrx_word' id='word_1_802' title='bbox 3117 3234 3210 3286; x_wconf 73' lang='grc' dir='ltr'>καὶ</span> <span class='ocrx_word' id='word_1_803' title='bbox 3243 3234 3411 3304; x_wconf 83' lang='grc' dir='ltr'>μηδὲν</span> <span class='ocrx_word' id='word_1_804' title='bbox 3432 3232 3569 3296; x_wconf 83' lang='grc' dir='ltr'>ὅλως</span> <span class='ocrx_word' id='word_1_805' title='bbox 3593 3232 3747 3301; x_wconf 84' lang='grc' dir='ltr'>ὑγιὲς</span> 
     </span>
    </p>
   </div>
   <div class='ocr_carea' id='block_1_96' title="bbox 2061 3316 3746 3391">
    <p class='ocr_par' dir='ltr' id='par_1_96' title="bbox 2061 3316 3746 3391">
     <span class='ocr_line' id='line_1_96' title="bbox 2061 3316 3746 3391; baseline 0.004 -24"><span class='ocrx_word' id='word_1_806' title='bbox 2061 3316 2391 3380; x_wconf 85' lang='grc' dir='ltr'>ἐννοοῦντες,</span> <span class='ocrx_word' id='word_1_807' title='bbox 2408 3319 2566 3372; x_wconf 88' lang='grc' dir='ltr'>τοῦτο</span> <span class='ocrx_word' id='word_1_808' title='bbox 2591 3319 2935 3391; x_wconf 76' lang='grc' dir='ltr'>ἠδυνήθησαν</span> <span class='ocrx_word' id='word_1_809' title='bbox 2950 3321 3196 3384; x_wconf 90' lang='grc' dir='ltr'>συνιδεῖν,</span> <span class='ocrx_word' id='word_1_810' title='bbox 3223 3321 3316 3374; x_wconf 76' lang='grc' dir='ltr'>καὶ</span> <span class='ocrx_word' id='word_1_811' title='bbox 3337 3319 3506 3391; x_wconf 83' lang='grc' dir='ltr'>πολλῇ</span> <span class='ocrx_word' id='word_1_812' title='bbox 3521 3320 3746 3390; x_wconf 88' lang='grc' dir='ltr'>τετιμή-</span> 
     </span>
    </p>
   </div>
   <div class='ocr_carea' id='block_1_97' title="bbox 2061 3406 3745 3479">
    <p class='ocr_par' dir='ltr' id='par_1_97' title="bbox 2061 3406 3745 3479">
     <span class='ocr_line' id='line_1_97' title="bbox 2061 3406 3745 3479; baseline 0.002 -24"><span class='ocrx_word' id='word_1_813' title='bbox 2061 3419 2188 3456; x_wconf 89' lang='grc' dir='ltr'>κασι</span> <span class='ocrx_word' id='word_1_814' title='bbox 2217 3406 2283 3474; x_wconf 85' lang='grc' dir='ltr'>τῇ</span> <span class='ocrx_word' id='word_1_815' title='bbox 2313 3408 2443 3475; x_wconf 82' lang='grc' dir='ltr'>τιμῇ</span> <span class='ocrx_word' id='word_1_816' title='bbox 2462 3406 2590 3468; x_wconf 83' lang='grc' dir='ltr'>τοὺς</span> <span class='ocrx_word' id='word_1_817' title='bbox 2605 3406 2976 3471; x_wconf 78' lang='grc' dir='ltr'>ἀποθανόντας</span> <span class='ocrx_word' id='word_1_818' title='bbox 2999 3409 3161 3479; x_wconf 89' lang='grc' dir='ltr'>μόνον</span> <span class='ocrx_word' id='word_1_819' title='bbox 3191 3408 3331 3479; x_wconf 80' lang='grc' dir='ltr'>ὑπὲρ</span> <span class='ocrx_word' id='word_1_820' title='bbox 3351 3407 3557 3471; x_wconf 86' lang='grc' dir='ltr'>αὑτῶν,</span> <span class='ocrx_word' id='word_1_821' title='bbox 3580 3406 3745 3477; x_wconf 83' lang='grc' dir='ltr'>μηδὲν</span> 
     </span>
    </p>
   </div>
   <div class='ocr_carea' id='block_1_98' title="bbox 2061 3489 3746 3565">
    <p class='ocr_par' dir='ltr' id='par_1_98' title="bbox 2061 3489 3746 3565">
     <span class='ocr_line' id='line_1_98' title="bbox 2061 3489 3746 3565; baseline 0.003 -24"><span class='ocrx_word' id='word_1_822' title='bbox 2061 3489 2119 3542; x_wconf 85' lang='grc' dir='ltr'>δέ</span> <span class='ocrx_word' id='word_1_823' title='bbox 2146 3492 2550 3562; x_wconf 86' lang='grc' dir='ltr'>ἐργασαμένους</span> <span class='ocrx_word' id='word_1_824' title='bbox 2606 3493 2789 3557; x_wconf 88' lang='grc' dir='ltr'>πλέον,</span> <span class='ocrx_word' id='word_1_825' title='bbox 2831 3495 2981 3564; x_wconf 81' lang='grc' dir='ltr'>πόσῳ</span> <span class='ocrx_word' id='word_1_826' title='bbox 3035 3494 3233 3565; x_wconf 83' lang='grc' dir='ltr'>μᾶλλον</span> <span class='ocrx_word' id='word_1_827' title='bbox 3266 3497 3295 3547; x_wconf 88' lang='grc' dir='ltr'>ὁ</span> <span class='ocrx_word' id='word_1_828' title='bbox 3333 3493 3568 3564; x_wconf 85' lang='grc' dir='ltr'>Χριστὸς</span> <span class='ocrx_word' id='word_1_829' title='bbox 3586 3493 3746 3546; x_wconf 88' lang='grc' dir='ltr'>τοῦτο</span> 
     </span>
    </p>
   </div>
   <div class='ocr_carea' id='block_1_99' title="bbox 2061 3576 3745 3651">
    <p class='ocr_par' dir='ltr' id='par_1_99' title="bbox 2061 3576 3745 3651">
     <span class='ocr_line' id='line_1_99' title="bbox 2061 3576 3745 3651; baseline 0.003 -23"><span class='ocrx_word' id='word_1_830' title='bbox 2061 3576 2372 3647; x_wconf 86' lang='grc' dir='ltr'>ἐργάσεται,</span> <span class='ocrx_word' id='word_1_831' title='bbox 2403 3581 2430 3631; x_wconf 89' lang='grc' dir='ltr'>ὁ</span> <span class='ocrx_word' id='word_1_832' title='bbox 2463 3580 2738 3651; x_wconf 84' lang='grc' dir='ltr'>πανταχοῦ</span> <span class='ocrx_word' id='word_1_833' title='bbox 2773 3582 2901 3644; x_wconf 77' lang='grc' dir='ltr'>τοὺς</span> <span class='ocrx_word' id='word_1_834' title='bbox 2941 3581 3007 3634; x_wconf 90' lang='grc' dir='ltr'>δι’</span> <span class='ocrx_word' id='word_1_835' title='bbox 3043 3582 3204 3635; x_wconf 84' lang='grc' dir='ltr'>αὑτὸν</span> <span class='ocrx_word' id='word_1_836' title='bbox 3238 3580 3647 3644; x_wconf 82' lang='grc' dir='ltr'>κινδυνεύοντας</span> <span class='ocrx_word' id='word_1_837' title='bbox 3677 3581 3745 3634; x_wconf 87' lang='grc' dir='ltr'>ἐκ</span> 
     </span>
    </p>
   </div>
   <div class='ocr_carea' id='block_1_100' title="bbox 2062 3665 3740 3740">
    <p class='ocr_par' dir='ltr' id='par_1_100' title="bbox 2062 3665 3740 3740">
     <span class='ocr_line' id='line_1_100' title="bbox 2062 3665 3740 3740; baseline 0.004 -23"><span class='ocrx_word' id='word_1_838' title='bbox 2062 3665 2256 3718; x_wconf 86' lang='grc' dir='ltr'>πολλοῦ</span> <span class='ocrx_word' id='word_1_839' title='bbox 2280 3667 2370 3720; x_wconf 90' lang='grc' dir='ltr'>τοῦ</span> <span class='ocrx_word' id='word_1_840' title='bbox 2397 3669 2680 3738; x_wconf 88' lang='grc' dir='ltr'>περιόντος</span> <span class='ocrx_word' id='word_1_841' title='bbox 2702 3671 2820 3733; x_wconf 87' lang='grc' dir='ltr'>ταῖς</span> <span class='ocrx_word' id='word_1_842' title='bbox 2845 3669 2954 3722; x_wconf 91' lang='grc' dir='ltr'>τῶν</span> <span class='ocrx_word' id='word_1_843' title='bbox 2981 3669 3198 3740; x_wconf 88' lang='grc' dir='ltr'>δωρεῶν</span> <span class='ocrx_word' id='word_1_844' title='bbox 3218 3670 3385 3723; x_wconf 86' lang='grc' dir='ltr'>νικῶν</span> <span class='ocrx_word' id='word_1_845' title='bbox 3408 3670 3740 3736; x_wconf 87' lang='grc' dir='ltr'>ἀντιδόσεσι;</span> 
     </span>
    </p>
   </div>
   <div class='ocr_carea' id='block_1_101' title="bbox 2063 3753 3744 3829">
    <p class='ocr_par' dir='ltr' id='par_1_101' title="bbox 2063 3753 3744 3829">
     <span class='ocr_line' id='line_1_101' title="bbox 2063 3753 3744 3829; baseline 0.004 -23"><span class='ocrx_word' id='word_1_846' title='bbox 2063 3755 2138 3807; x_wconf 89' lang='grc' dir='ltr'>Οὑ</span> <span class='ocrx_word' id='word_1_847' title='bbox 2163 3753 2271 3826; x_wconf 85' lang='grc' dir='ltr'>γάρ</span> <span class='ocrx_word' id='word_1_848' title='bbox 2297 3755 2554 3826; x_wconf 89' lang='grc' dir='ltr'>διωγμῶν</span> <span class='ocrx_word' id='word_1_849' title='bbox 2585 3758 2762 3826; x_wconf 91' lang='grc' dir='ltr'>μόνον,</span> <span class='ocrx_word' id='word_1_850' title='bbox 2790 3757 2912 3810; x_wconf 87' lang='grc' dir='ltr'>οὑδέ</span> <span class='ocrx_word' id='word_1_851' title='bbox 2940 3757 3186 3827; x_wconf 90' lang='grc' dir='ltr'>πληγῶν,</span> <span class='ocrx_word' id='word_1_852' title='bbox 3208 3757 3330 3811; x_wconf 74' lang='grc' dir='ltr'>οὑδὲ</span> <span class='ocrx_word' id='word_1_853' title='bbox 3353 3758 3744 3829; x_wconf 88' lang='grc' dir='ltr'>δεσμωτηρίων</span> 
     </span>
    </p>
   </div>
   <div class='ocr_carea' id='block_1_102' title="bbox 2062 3844 3743 3919">
    <p class='ocr_par' dir='ltr' id='par_1_102' title="bbox 2062 3844 3743 3919">
     <span class='ocr_line' id='line_1_102' title="bbox 2062 3844 3743 3919; baseline 0.003 -24"><span class='ocrx_word' id='word_1_854' title='bbox 2062 3844 2156 3898; x_wconf 78' lang='grc' dir='ltr'>καὶ</span> <span class='ocrx_word' id='word_1_855' title='bbox 2183 3844 2360 3912; x_wconf 85' lang='grc' dir='ltr'>φόνων</span> <span class='ocrx_word' id='word_1_856' title='bbox 2391 3846 2486 3898; x_wconf 64' lang='grc' dir='ltr'>καὶ⁹</span> <span class='ocrx_word' id='word_1_857' title='bbox 2506 3847 2892 3915; x_wconf 85' lang='grc' dir='ltr'>σφαγῆς,ἀλλά</span> <span class='ocrx_word' id='word_1_858' title='bbox 2919 3849 3012 3900; x_wconf 75' lang='grc' dir='ltr'>καὶ</span> <span class='ocrx_word' id='word_1_859' title='bbox 3031 3847 3241 3919; x_wconf 78' lang='grc' dir='ltr'>ὕϐρεως</span> <span class='ocrx_word' id='word_1_860' title='bbox 3268 3848 3436 3917; x_wconf 89' lang='grc' dir='ltr'>μόνης</span> <span class='ocrx_word' id='word_1_861' title='bbox 3457 3848 3550 3900; x_wconf 79' lang='grc' dir='ltr'>καὶ</span> <span class='ocrx_word' id='word_1_862' title='bbox 3571 3847 3743 3918; x_wconf 78' lang='grc' dir='ltr'>ῥημά-</span> 
     </span>
    </p>
   </div>
   <div class='ocr_carea' id='block_1_103' title="bbox 2060 3931 3741 4006">
    <p class='ocr_par' dir='ltr' id='par_1_103' title="bbox 2060 3931 3741 4006">
     <span class='ocr_line' id='line_1_103' title="bbox 2060 3931 3741 4006; baseline 0.004 -25"><span class='ocrx_word' id='word_1_863' title='bbox 2060 3946 2168 3984; x_wconf 90' lang='grc' dir='ltr'>των</span> <span class='ocrx_word' id='word_1_864' title='bbox 2197 3931 2561 3984; x_wconf 87' lang='grc' dir='ltr'>ὀνειδιστικῶν</span> <span class='ocrx_word' id='word_1_865' title='bbox 2584 3933 2748 3987; x_wconf 80' lang='grc' dir='ltr'>πολὺν</span> <span class='ocrx_word' id='word_1_866' title='bbox 2772 3933 2934 4004; x_wconf 77' lang='grc' dir='ltr'>ἔθηκε</span> <span class='ocrx_word' id='word_1_867' title='bbox 2957 3934 3049 3988; x_wconf 82' lang='grc' dir='ltr'>τὸν</span> <span class='ocrx_word' id='word_1_868' title='bbox 3072 3934 3282 4005; x_wconf 91' lang='grc' dir='ltr'>μισθόν.</span> <span class='ocrx_word' id='word_1_869' title='bbox 3301 3934 3593 4003; x_wconf 81' lang='grc' dir='ltr'>Μακάριοι</span> <span class='ocrx_word' id='word_1_870' title='bbox 3611 3935 3741 4006; x_wconf 84' lang='grc' dir='ltr'>γὰρ,</span> 
     </span>
    </p>
   </div>
   <div class='ocr_carea' id='block_1_104' title="bbox 2061 4017 3742 4091">
    <p class='ocr_par' dir='ltr' id='par_1_104' title="bbox 2061 4017 3742 4091">
     <span class='ocr_line' id='line_1_104' title="bbox 2061 4017 3742 4091; baseline 0.003 -22"><span class='ocrx_word' id='word_1_871' title='bbox 2061 4017 2246 4088; x_wconf 76' lang='grc' dir='ltr'>φησὶν,</span> <span class='ocrx_word' id='word_1_872' title='bbox 2275 4019 2437 4084; x_wconf 84' lang='grc' dir='ltr'>ἐστὲ,</span> <span class='ocrx_word' id='word_1_873' title='bbox 2460 4019 2606 4072; x_wconf 80' lang='grc' dir='ltr'>ὅταν</span> <span class='ocrx_word' id='word_1_874' title='bbox 2628 4021 2983 4090; x_wconf 79' lang='grc' dir='ltr'>μισήσωσιν</span> <span class='ocrx_word' id='word_1_875' title='bbox 3019 4022 3175 4091; x_wconf 81' lang='grc' dir='ltr'>ὑμᾶς</span> <span class='ocrx_word' id='word_1_876' title='bbox 3201 4025 3255 4076; x_wconf 78' lang='grc' dir='ltr'>οἱ</span> <span class='ocrx_word' id='word_1_877' title='bbox 3293 4023 3613 4091; x_wconf 78' lang='grc' dir='ltr'>ἅνθρωποι,</span> <span class='ocrx_word' id='word_1_878' title='bbox 3642 4025 3742 4075; x_wconf 79' lang='grc' dir='ltr'>καὶ</span> 
     </span>
    </p>
   </div>
   <div class='ocr_carea' id='block_1_105' title="bbox 2063 4105 3744 4176">
    <p class='ocr_par' dir='ltr' id='par_1_105' title="bbox 2063 4105 3744 4176">
     <span class='ocr_line' id='line_1_105' title="bbox 2063 4105 3744 4176; baseline 0.005 -19"><span class='ocrx_word' id='word_1_879' title='bbox 2063 4105 2212 4158; x_wconf 82' lang='grc' dir='ltr'>ὅταν</span> <span class='ocrx_word' id='word_1_880' title='bbox 2234 4107 2612 4174; x_wconf 68' lang='grc' dir='ltr'>ἀφορίσωσιν</span> <span class='ocrx_word' id='word_1_881' title='bbox 2636 4107 2794 4176; x_wconf 80' lang='grc' dir='ltr'>ὑμᾶς</span> <span class='ocrx_word' id='word_1_882' title='bbox 2816 4110 2915 4162; x_wconf 81' lang='grc' dir='ltr'>καὶ</span> <span class='ocrx_word' id='word_1_883' title='bbox 2936 4109 3299 4172; x_wconf 80' lang='grc' dir='ltr'>ὀνειδίσωσι,</span> <span class='ocrx_word' id='word_1_884' title='bbox 3323 4110 3423 4162; x_wconf 79' lang='grc' dir='ltr'>καὶ</span> <span class='ocrx_word' id='word_1_885' title='bbox 3443 4109 3744 4166; x_wconf 71' lang='grc' dir='ltr'>ἐκϐάλωσι</span> 
     </span>
    </p>
   </div>
   <div class='ocr_carea' id='block_1_106' title="bbox 2062 4191 3743 4264">
    <p class='ocr_par' dir='ltr' id='par_1_106' title="bbox 2062 4191 3743 4264">
     <span class='ocr_line' id='line_1_106' title="bbox 2062 4191 3743 4264; baseline 0.004 -20"><span class='ocrx_word' id='word_1_886' title='bbox 2062 4191 2126 4245; x_wconf 87' lang='grc' dir='ltr'>τὸ</span> <span class='ocrx_word' id='word_1_887' title='bbox 2153 4191 2339 4262; x_wconf 78' lang='grc' dir='ltr'>ὄνομα</span> <span class='ocrx_word' id='word_1_888' title='bbox 2353 4195 2520 4264; x_wconf 78' lang='grc' dir='ltr'>ὑμῶν</span> <span class='ocrx_word' id='word_1_889' title='bbox 2552 4196 2633 4261; x_wconf 85' lang='grc' dir='ltr'>ὼς</span> <span class='ocrx_word' id='word_1_890' title='bbox 2658 4200 2950 4264; x_wconf 73' lang='grc' dir='ltr'>πονηρὸν,</span> <span class='ocrx_word' id='word_1_891' title='bbox 2972 4197 3184 4250; x_wconf 74' lang='grc' dir='ltr'>ἕνεκεν</span> <span class='ocrx_word' id='word_1_892' title='bbox 3204 4197 3311 4250; x_wconf 86' lang='grc' dir='ltr'>τοῦ</span> <span class='ocrx_word' id='word_1_893' title='bbox 3347 4196 3482 4250; x_wconf 82' lang='grc' dir='ltr'>Υἱοῦ</span> <span class='ocrx_word' id='word_1_894' title='bbox 3509 4196 3615 4250; x_wconf 85' lang='grc' dir='ltr'>τοῦ</span> <span class='ocrx_word' id='word_1_895' title='bbox 3636 4198 3743 4251; x_wconf 76' lang='grc' dir='ltr'>ἀν-</span> 
     </span>
    </p>
   </div>
   <div class='ocr_carea' id='block_1_107' title="bbox 2063 4279 3741 4353">
    <p class='ocr_par' dir='ltr' id='par_1_107' title="bbox 2063 4279 3741 4353">
     <span class='ocr_line' id='line_1_107' title="bbox 2063 4279 3741 4353; baseline 0.003 -19"><span class='ocrx_word' id='word_1_896' title='bbox 2063 4279 2318 4348; x_wconf 83' lang='grc' dir='ltr'>θρώπου·</span> <span class='ocrx_word' id='word_1_897' title='bbox 2349 4283 2585 4351; x_wconf 83' lang='grc' dir='ltr'>χαίρετε</span> <span class='ocrx_word' id='word_1_898' title='bbox 2605 4283 2674 4335; x_wconf 81' lang='grc' dir='ltr'>ἐν</span> <span class='ocrx_word' id='word_1_899' title='bbox 2698 4284 2903 4352; x_wconf 76' lang='grc' dir='ltr'>ἐκείνῃ</span> <span class='ocrx_word' id='word_1_900' title='bbox 2923 4283 2998 4353; x_wconf 80' lang='grc' dir='ltr'>τῇ</span> <span class='ocrx_word' id='word_1_901' title='bbox 3028 4285 3216 4353; x_wconf 72' lang='grc' dir='ltr'>ἡμέρᾳ</span> <span class='ocrx_word' id='word_1_902' title='bbox 3229 4285 3329 4338; x_wconf 80' lang='grc' dir='ltr'>καὶ</span> <span class='ocrx_word' id='word_1_903' title='bbox 3352 4284 3741 4353; x_wconf 77' lang='grc' dir='ltr'>σκιρτήσατε·</span> 
     </span>
    </p>
   </div>
   <div class='ocr_carea' id='block_1_108' title="bbox 2065 4365 3743 4440">
    <p class='ocr_par' dir='ltr' id='par_1_108' title="bbox 2065 4365 3743 4440">
     <span class='ocr_line' id='line_1_108' title="bbox 2065 4365 3743 4440; baseline 0.004 -21"><span class='ocrx_word' id='word_1_904' title='bbox 2065 4365 2193 4420; x_wconf 74' lang='grc' dir='ltr'>ἰδοὺ</span> <span class='ocrx_word' id='word_1_905' title='bbox 2218 4367 2330 4437; x_wconf 83' lang='grc' dir='ltr'>γὰρ</span> <span class='ocrx_word' id='word_1_906' title='bbox 2360 4372 2392 4422; x_wconf 85' lang='grc' dir='ltr'>ό</span> <span class='ocrx_word' id='word_1_907' title='bbox 2406 4370 2626 4437; x_wconf 83' lang='grc' dir='ltr'>μισθὸς</span> <span class='ocrx_word' id='word_1_908' title='bbox 2641 4369 2807 4440; x_wconf 83' lang='grc' dir='ltr'>ὑμῶν</span> <span class='ocrx_word' id='word_1_909' title='bbox 2828 4371 3023 4438; x_wconf 80' lang='grc' dir='ltr'>πολὺς</span> <span class='ocrx_word' id='word_1_910' title='bbox 3045 4373 3116 4425; x_wconf 76' lang='grc' dir='ltr'>ἐν</span> <span class='ocrx_word' id='word_1_911' title='bbox 3139 4370 3217 4436; x_wconf 81' lang='grc' dir='ltr'>τῷ</span> <span class='ocrx_word' id='word_1_912' title='bbox 3241 4371 3496 4440; x_wconf 79' lang='grc' dir='ltr'>οὐρανῷ.</span> <span class='ocrx_word' id='word_1_913' title='bbox 3529 4374 3592 4427; x_wconf 83' lang='grc' dir='ltr'><strong>Εἰ</strong></span> <span class='ocrx_word' id='word_1_914' title='bbox 3628 4375 3743 4426; x_wconf 85' lang='grc' dir='ltr'>τοί-</span> 
     </span>
    </p>
   </div>
   <div class='ocr_carea' id='block_1_109' title="bbox 2063 4454 3742 4520">
    <p class='ocr_par' dir='ltr' id='par_1_109' title="bbox 2063 4454 3742 4520">
     <span class='ocr_line' id='line_1_109' title="bbox 2063 4454 3742 4520; baseline 0.005 -16"><span class='ocrx_word' id='word_1_915' title='bbox 2063 4469 2156 4505; x_wconf 90' lang='grc' dir='ltr'>νυν</span> <span class='ocrx_word' id='word_1_916' title='bbox 2175 4454 2236 4506; x_wconf 88' lang='grc' dir='ltr'>τὺ</span> <span class='ocrx_word' id='word_1_917' title='bbox 2257 4455 2443 4518; x_wconf 85' lang='grc' dir='ltr'>κακῶς</span> <span class='ocrx_word' id='word_1_918' title='bbox 2473 4455 2664 4508; x_wconf 86' lang='grc' dir='ltr'>παθεῖν</span> <span class='ocrx_word' id='word_1_919' title='bbox 2690 4458 2783 4509; x_wconf 77' lang='grc' dir='ltr'>καὶ</span> <span class='ocrx_word' id='word_1_920' title='bbox 2815 4457 2876 4510; x_wconf 75' lang='grc' dir='ltr'>τὸ</span> <span class='ocrx_word' id='word_1_921' title='bbox 2910 4458 3094 4520; x_wconf 90' lang='grc' dir='ltr'>κακῶς</span> <span class='ocrx_word' id='word_1_922' title='bbox 3112 4457 3343 4512; x_wconf 88' lang='grc' dir='ltr'>ἀκοῦσαι</span> <span class='ocrx_word' id='word_1_923' title='bbox 3379 4459 3638 4512; x_wconf 85' lang='grc' dir='ltr'>ἐπιτείνει</span> <span class='ocrx_word' id='word_1_924' title='bbox 3655 4460 3742 4514; x_wconf 81' lang='grc' dir='ltr'>τὸν</span> 
     </span>
    </p>
   </div>
   <div class='ocr_carea' id='block_1_110' title="bbox 2068 4539 3741 4612">
    <p class='ocr_par' dir='ltr' id='par_1_110' title="bbox 2068 4539 3741 4612">
     <span class='ocr_line' id='line_1_110' title="bbox 2068 4539 3741 4612; baseline 0.004 -20"><span class='ocrx_word' id='word_1_925' title='bbox 2068 4539 2260 4608; x_wconf 88' lang='grc' dir='ltr'>μισθὸν</span> <span class='ocrx_word' id='word_1_926' title='bbox 2286 4541 2505 4604; x_wconf 76' lang='grc' dir='ltr'>καὶτοῖς</span> <span class='ocrx_word' id='word_1_927' title='bbox 2536 4543 2806 4612; x_wconf 84' lang='grc' dir='ltr'>πάσχουσι</span> <span class='ocrx_word' id='word_1_928' title='bbox 2836 4546 3054 4607; x_wconf 80' lang='grc' dir='ltr'>καὶτοῖς</span> <span class='ocrx_word' id='word_1_929' title='bbox 3077 4544 3332 4597; x_wconf 85' lang='grc' dir='ltr'>ἀκούουσι</span> <span class='ocrx_word' id='word_1_930' title='bbox 3359 4545 3565 4610; x_wconf 87' lang='grc' dir='ltr'>κακῶς,</span> <span class='ocrx_word' id='word_1_931' title='bbox 3587 4547 3616 4598; x_wconf 85' lang='grc' dir='ltr'>ὁ</span> <span class='ocrx_word' id='word_1_932' title='bbox 3637 4563 3741 4599; x_wconf 77' lang='grc' dir='ltr'>κω-</span> 
     </span>
    </p>
   </div>
   <div class='ocr_carea' id='block_1_111' title="bbox 2061 4627 3742 4703">
    <p class='ocr_par' dir='ltr' id='par_1_111' title="bbox 2061 4627 3742 4703">
     <span class='ocr_line' id='line_1_111' title="bbox 2061 4627 3742 4703; baseline 0.004 -23"><span class='ocrx_word' id='word_1_933' title='bbox 2061 4627 2203 4680; x_wconf 87' lang='grc' dir='ltr'>λύων</span> <span class='ocrx_word' id='word_1_934' title='bbox 2228 4629 2425 4691; x_wconf 76' lang='grc' dir='ltr'>αὐτοὺς</span> <span class='ocrx_word' id='word_1_935' title='bbox 2478 4629 2669 4682; x_wconf 89' lang='grc' dir='ltr'>παθεῖν</span> <span class='ocrx_word' id='word_1_936' title='bbox 2697 4632 2792 4684; x_wconf 72' lang='grc' dir='ltr'>καὶ</span> <span class='ocrx_word' id='word_1_937' title='bbox 2839 4631 3070 4684; x_wconf 87' lang='grc' dir='ltr'>ἀκοῦσαι</span> <span class='ocrx_word' id='word_1_938' title='bbox 3103 4633 3307 4695; x_wconf 86' lang='grc' dir='ltr'>κακῶς,</span> <span class='ocrx_word' id='word_1_939' title='bbox 3337 4633 3459 4703; x_wconf 78' lang='grc' dir='ltr'>οὐχὶ</span> <span class='ocrx_word' id='word_1_940' title='bbox 3501 4633 3742 4696; x_wconf 88' lang='grc' dir='ltr'>τούτους,</span> 
     </span>
    </p>
   </div>
   <div class='ocr_carea' id='block_1_112' title="bbox 2061 4714 3741 4791">
    <p class='ocr_par' dir='ltr' id='par_1_112' title="bbox 2061 4714 3741 4791">
     <span class='ocr_line' id='line_1_112' title="bbox 2061 4714 3741 4791; baseline 0.004 -24"><span class='ocrx_word' id='word_1_941' title='bbox 2061 4714 2198 4768; x_wconf 90' lang='grc' dir='ltr'>ἀλλά</span> <span class='ocrx_word' id='word_1_942' title='bbox 2224 4717 2349 4778; x_wconf 79' lang='grc' dir='ltr'>τοὺς</span> <span class='ocrx_word' id='word_1_943' title='bbox 2371 4716 2626 4781; x_wconf 88' lang='grc' dir='ltr'>λέγοντας</span> <span class='ocrx_word' id='word_1_944' title='bbox 2651 4719 2745 4771; x_wconf 72' lang='grc' dir='ltr'>καὶ</span> <span class='ocrx_word' id='word_1_945' title='bbox 2766 4719 2890 4781; x_wconf 76' lang='grc' dir='ltr'>τοὺς</span> <span class='ocrx_word' id='word_1_946' title='bbox 2921 4718 3203 4782; x_wconf 80' lang='grc' dir='ltr'>ποιοῦντας</span> <span class='ocrx_word' id='word_1_947' title='bbox 3223 4719 3490 4791; x_wconf 81' lang='grc' dir='ltr'>ὠφέλησε.</span> <span class='ocrx_word' id='word_1_948' title='bbox 3513 4721 3741 4785; x_wconf 88' lang='grc' dir='ltr'>Τούτους</span> 
     </span>
    </p>
   </div>
   <div class='ocr_carea' id='block_1_113' title="bbox 2062 4800 3740 4876">
    <p class='ocr_par' dir='ltr' id='par_1_113' title="bbox 2062 4800 3740 4876">
     <span class='ocr_line' id='line_1_113' title="bbox 2062 4800 3740 4876; baseline 0.004 -21"><span class='ocrx_word' id='word_1_949' title='bbox 2062 4803 2169 4873; x_wconf 79' lang='grc' dir='ltr'>γάρ</span> <span class='ocrx_word' id='word_1_950' title='bbox 2194 4802 2395 4872; x_wconf 74' lang='grc' dir='ltr'>ἔϐλαψε</span> <span class='ocrx_word' id='word_1_951' title='bbox 2426 4800 2470 4865; x_wconf 65' lang='grc' dir='ltr'>ἲ,</span> <span class='ocrx_word' id='word_1_952' title='bbox 2506 4802 2597 4856; x_wconf 92' lang='grc' dir='ltr'>τοῦ</span> <span class='ocrx_word' id='word_1_953' title='bbox 2763 4805 2954 4875; x_wconf 89' lang='grc' dir='ltr'>μισθοῦ</span> <span class='ocrx_word' id='word_1_954' title='bbox 2978 4807 3038 4858; x_wconf 85' lang='grc' dir='ltr'>τὸ</span> <span class='ocrx_word' id='word_1_955' title='bbox 3067 4807 3226 4860; x_wconf 90' lang='grc' dir='ltr'>πλέον</span> <span class='ocrx_word' id='word_1_956' title='bbox 3242 4808 3523 4861; x_wconf 87' lang='grc' dir='ltr'>ἐκκόπτων</span> <span class='ocrx_word' id='word_1_957' title='bbox 3540 4809 3740 4872; x_wconf 79' lang='grc' dir='ltr'>αὐτοῖς,</span> 
     </span>
    </p>
   </div>
   <div class='ocr_carea' id='block_1_114' title="bbox 2063 4891 3740 4967">
    <p class='ocr_par' dir='ltr' id='par_1_114' title="bbox 2063 4891 3740 4967">
     <span class='ocr_line' id='line_1_114' title="bbox 2063 4891 3740 4967; baseline 0.005 -25"><span class='ocrx_word' id='word_1_958' title='bbox 2063 4891 2156 4942; x_wconf 72' lang='grc' dir='ltr'>καὶ</span> <span class='ocrx_word' id='word_1_959' title='bbox 2180 4891 2280 4961; x_wconf 90' lang='grc' dir='ltr'>τῆς</span> <span class='ocrx_word' id='word_1_960' title='bbox 2295 4893 2473 4962; x_wconf 84' lang='grc' dir='ltr'>χαρᾶς</span> <span class='ocrx_word' id='word_1_961' title='bbox 2499 4893 2591 4944; x_wconf 65' lang='grc' dir='ltr'>καῖ¹</span> <span class='ocrx_word' id='word_1_962' title='bbox 2617 4893 2725 4944; x_wconf 90' lang='grc' dir='ltr'>τῶν</span> <span class='ocrx_word' id='word_1_963' title='bbox 2749 4892 2958 4945; x_wconf 89' lang='grc' dir='ltr'>πολλῶν</span> <span class='ocrx_word' id='word_1_964' title='bbox 2980 4895 3367 4965; x_wconf 83' lang='grc' dir='ltr'>σκιρτημάτων</span> <span class='ocrx_word' id='word_1_965' title='bbox 3396 4895 3633 4966; x_wconf 88' lang='grc' dir='ltr'>ἀναιρῶν</span> <span class='ocrx_word' id='word_1_966' title='bbox 3648 4897 3740 4967; x_wconf 66' lang='grc' dir='ltr'>τὴν</span> 
     </span>
    </p>
   </div>
   <div class='ocr_carea' id='block_1_115' title="bbox 2063 4977 3740 5056">
    <p class='ocr_par' dir='ltr' id='par_1_115' title="bbox 2063 4977 3740 5056">
     <span class='ocr_line' id='line_1_115' title="bbox 2063 4977 3740 5056; baseline 0.005 -27"><span class='ocrx_word' id='word_1_967' title='bbox 2063 4977 2338 5031; x_wconf 87' lang='grc' dir='ltr'>ὑπόθεσιν.</span> <span class='ocrx_word' id='word_1_968' title='bbox 2372 4981 2533 5032; x_wconf 85' lang='grc' dir='ltr'>Ὥστε</span> <span class='ocrx_word' id='word_1_969' title='bbox 2577 4979 2781 5033; x_wconf 87' lang='grc' dir='ltr'>τούτων</span> <span class='ocrx_word' id='word_1_970' title='bbox 2816 4981 2914 5051; x_wconf 89' lang='grc' dir='ltr'>μέν</span> <span class='ocrx_word' id='word_1_971' title='bbox 2941 4982 3129 5035; x_wconf 72' lang='grc' dir='ltr'>ἕνεκεν</span> <span class='ocrx_word' id='word_1_972' title='bbox 3184 4984 3278 5036; x_wconf 76' lang='grc' dir='ltr'>καὶ</span> <span class='ocrx_word' id='word_1_973' title='bbox 3306 4984 3530 5053; x_wconf 84' lang='grc' dir='ltr'>σιγῆσαι</span> <span class='ocrx_word' id='word_1_974' title='bbox 3556 4985 3740 5056; x_wconf 73' lang='grc' dir='ltr'>ἐχρῆν,</span> 
     </span>
    </p>
   </div>
   <div class='ocr_carea' id='block_1_116' title="bbox 2063 5066 3740 5136">
    <p class='ocr_par' dir='ltr' id='par_1_116' title="bbox 2063 5066 3740 5136">
     <span class='ocr_line' id='line_1_116' title="bbox 2063 5066 3740 5136; baseline 0.004 -20"><span class='ocrx_word' id='word_1_975' title='bbox 2063 5066 2157 5118; x_wconf 75' lang='grc' dir='ltr'>καὶ</span> <span class='ocrx_word' id='word_1_976' title='bbox 2177 5067 2395 5134; x_wconf 75' lang='grc' dir='ltr'>ἀφεῖναι</span> <span class='ocrx_word' id='word_1_977' title='bbox 2422 5068 2676 5136; x_wconf 88' lang='grc' dir='ltr'>γενέσθαι</span> <span class='ocrx_word' id='word_1_978' title='bbox 2704 5068 2877 5122; x_wconf 86' lang='grc' dir='ltr'>ταῦτα</span> <span class='ocrx_word' id='word_1_979' title='bbox 2908 5069 2977 5122; x_wconf 89' lang='grc' dir='ltr'>τά</span> <span class='ocrx_word' id='word_1_980' title='bbox 3009 5069 3175 5122; x_wconf 77' lang='grc' dir='ltr'>πολὺν</span> <span class='ocrx_word' id='word_1_981' title='bbox 3201 5071 3384 5134; x_wconf 82' lang='grc' dir='ltr'>αὐτοῖς</span> <span class='ocrx_word' id='word_1_982' title='bbox 3403 5071 3494 5124; x_wconf 82' lang='grc' dir='ltr'>τὸν</span> <span class='ocrx_word' id='word_1_983' title='bbox 3518 5072 3740 5125; x_wconf 58' lang='grc' dir='ltr'>πλοῦτοι.</span> 
     </span>
    </p>
   </div>
   <div class='ocr_carea' id='block_1_117' title="bbox 2063 5151 3738 5230">
    <p class='ocr_par' dir='ltr' id='par_1_117' title="bbox 2063 5151 3738 5230">
     <span class='ocr_line' id='line_1_117' title="bbox 2063 5151 3738 5230; baseline 0.004 -26"><span class='ocrx_word' id='word_1_984' title='bbox 2063 5151 2322 5207; x_wconf 88' lang='grc' dir='ltr'>ποιοῦντα</span> <span class='ocrx_word' id='word_1_985' title='bbox 2372 5153 2480 5206; x_wconf 89' lang='grc' dir='ltr'>τῶν</span> <span class='ocrx_word' id='word_1_986' title='bbox 2508 5155 2748 5215; x_wconf 86' lang='grc' dir='ltr'>ἀγαθῶν,</span> <span class='ocrx_word' id='word_1_987' title='bbox 2776 5156 2872 5208; x_wconf 75' lang='grc' dir='ltr'>καὶ</span> <span class='ocrx_word' id='word_1_988' title='bbox 2909 5156 3078 5226; x_wconf 76' lang='grc' dir='ltr'>μείζω</span> <span class='ocrx_word' id='word_1_989' title='bbox 3112 5156 3210 5227; x_wconf 78' lang='grc' dir='ltr'>τὴν</span> <span class='ocrx_word' id='word_1_990' title='bbox 3239 5159 3552 5230; x_wconf 74' lang='grc' dir='ltr'>παρρησίαν</span> <span class='ocrx_word' id='word_1_991' title='bbox 3585 5177 3738 5212; x_wconf 79' lang='grc' dir='ltr'>κατα-</span> 
     </span>
    </p>
   </div>
   <div class='ocr_carea' id='block_1_118' title="bbox 2063 5241 3738 5316">
    <p class='ocr_par' dir='ltr' id='par_1_118' title="bbox 2063 5241 3738 5316">
     <span class='ocr_line' id='line_1_118' title="bbox 2063 5241 3738 5316; baseline 0.004 -24"><span class='ocrx_word' id='word_1_992' title='bbox 2063 5241 2416 5304; x_wconf 78' lang='grc' dir='ltr'>σκευάζοντα·</span> <span class='ocrx_word' id='word_1_993' title='bbox 2456 5243 2644 5314; x_wconf 78' lang='grc' dir='ltr'>ἐπειδὴ</span> <span class='ocrx_word' id='word_1_994' title='bbox 2699 5243 2756 5296; x_wconf 83' lang='grc' dir='ltr'>δὲ</span> <span class='ocrx_word' id='word_1_995' title='bbox 2807 5243 3050 5314; x_wconf 82' lang='grc' dir='ltr'>ἀλλήλων</span> <span class='ocrx_word' id='word_1_996' title='bbox 3079 5246 3246 5314; x_wconf 82' lang='grc' dir='ltr'>ἐσμὲν</span> <span class='ocrx_word' id='word_1_997' title='bbox 3273 5246 3429 5316; x_wconf 86' lang='grc' dir='ltr'>μέλη,</span> <span class='ocrx_word' id='word_1_998' title='bbox 3460 5247 3562 5300; x_wconf 83' lang='grc' dir='ltr'>κᾶν</span> <span class='ocrx_word' id='word_1_999' title='bbox 3591 5248 3738 5300; x_wconf 45' lang='lat' dir='ltr'>anc-.0?</span> 
     </span>
    </p>
   </div>
   <div class='ocr_carea' id='block_1_119' title="bbox 2062 5329 3717 5405">
    <p class='ocr_par' dir='ltr' id='par_1_119' title="bbox 2062 5329 3717 5405">
     <span class='ocr_line' id='line_1_119' title="bbox 2062 5329 3717 5405; baseline 0.004 -24"><span class='ocrx_word' id='word_1_1000' title='bbox 2062 5329 2224 5382; x_wconf 85' lang='grc' dir='ltr'>πάλιν</span> <span class='ocrx_word' id='word_1_1001' title='bbox 2261 5331 2534 5400; x_wconf 86' lang='grc' dir='ltr'>ἀρνῶνται</span> <span class='ocrx_word' id='word_1_1002' title='bbox 2568 5331 2665 5401; x_wconf 83' lang='grc' dir='ltr'>τὴν</span> <span class='ocrx_word' id='word_1_1003' title='bbox 2689 5333 2868 5403; x_wconf 83' lang='grc' dir='ltr'>χάριν,</span> <span class='ocrx_word' id='word_1_1004' title='bbox 2903 5335 2964 5385; x_wconf 88' lang='grc' dir='ltr'>οὑ</span> <span class='ocrx_word' id='word_1_1005' title='bbox 2997 5332 3102 5404; x_wconf 87' lang='grc' dir='ltr'>χρὴ</span> <span class='ocrx_word' id='word_1_1006' title='bbox 3146 5335 3269 5398; x_wconf 81' lang='grc' dir='ltr'>τοὺς</span> <span class='ocrx_word' id='word_1_1007' title='bbox 3298 5335 3442 5388; x_wconf 79' lang='grc' dir='ltr'>οὓτω</span> <span class='ocrx_word' id='word_1_1008' title='bbox 3463 5337 3717 5405; x_wconf 85' lang='grc' dir='ltr'>διακειμέ</span> 
     </span>
    </p>
   </div>
   <div class='ocr_carea' id='block_1_120' title="bbox 2061 5415 3737 5493">
    <p class='ocr_par' dir='ltr' id='par_1_120' title="bbox 2061 5415 3737 5493">
     <span class='ocr_line' id='line_1_120' title="bbox 2061 5415 3737 5493; baseline 0.005 -26"><span class='ocrx_word' id='word_1_1009' title='bbox 2061 5432 2214 5478; x_wconf 90' lang='grc' dir='ltr'>νους,</span> <span class='ocrx_word' id='word_1_1010' title='bbox 2252 5415 2372 5478; x_wconf 85' lang='grc' dir='ltr'>ἐνὸς</span> <span class='ocrx_word' id='word_1_1011' title='bbox 2411 5417 2511 5485; x_wconf 81' lang='grc' dir='ltr'>μὲν</span> <span class='ocrx_word' id='word_1_1012' title='bbox 2563 5421 2810 5488; x_wconf 85' lang='grc' dir='ltr'>προνοεῖν</span> <span class='ocrx_word' id='word_1_1013' title='bbox 2860 5420 3079 5489; x_wconf 89' lang='grc' dir='ltr'>μέρους,</span> <span class='ocrx_word' id='word_1_1014' title='bbox 3126 5421 3318 5488; x_wconf 87' lang='grc' dir='ltr'>ἐτέρου</span> <span class='ocrx_word' id='word_1_1015' title='bbox 3361 5421 3417 5473; x_wconf 86' lang='grc' dir='ltr'>δὲ</span> <span class='ocrx_word' id='word_1_1016' title='bbox 3458 5426 3737 5493; x_wconf 72' lang='grc' dir='ltr'>περιορᾷν.</span> 
     </span>
    </p>
   </div>
   <div class='ocr_carea' id='block_1_121' title="bbox 2061 5503 3737 5580">
    <p class='ocr_par' dir='ltr' id='par_1_121' title="bbox 2061 5503 3737 5580">
     <span class='ocr_line' id='line_1_121' title="bbox 2061 5503 3737 5580; baseline 0.005 -25"><span class='ocrx_word' id='word_1_1017' title='bbox 2061 5503 2322 5566; x_wconf 84' lang='grc' dir='ltr'>Ἑκείνοις</span> <span class='ocrx_word' id='word_1_1018' title='bbox 2361 5504 2460 5573; x_wconf 84' lang='grc' dir='ltr'>μὲν</span> <span class='ocrx_word' id='word_1_1019' title='bbox 2491 5506 2598 5575; x_wconf 78' lang='grc' dir='ltr'>γὰρ</span> <span class='ocrx_word' id='word_1_1020' title='bbox 2620 5507 2771 5560; x_wconf 81' lang='grc' dir='ltr'>ἔσται</span> <span class='ocrx_word' id='word_1_1021' title='bbox 2795 5509 2890 5560; x_wconf 72' lang='grc' dir='ltr'>καὶ</span> <span class='ocrx_word' id='word_1_1022' title='bbox 2911 5509 3106 5578; x_wconf 89' lang='grc' dir='ltr'>ἐτέρας</span> <span class='ocrx_word' id='word_1_1023' title='bbox 3135 5511 3158 5548; x_wconf 76' lang='grc'>8</span> <span class='ocrx_word' id='word_1_1024' title='bbox 3183 5508 3584 5580; x_wconf 77' lang='grc' dir='ltr'>εὐδοκιμήσεως</span> <span class='ocrx_word' id='word_1_1025' title='bbox 3614 5513 3737 5564; x_wconf 81' lang='grc' dir='ltr'>ὑπό-</span> 
     </span>
    </p>
   </div>
   <div class='ocr_carea' id='block_1_122' title="bbox 2126 5659 3736 5730">
    <p class='ocr_par' dir='ltr' id='par_1_122' title="bbox 2126 5659 3736 5730">
     <span class='ocr_line' id='line_1_122' title="bbox 2126 5659 3736 5730; baseline 0.008 -26"><span class='ocrx_word' id='word_1_1026' title='bbox 2126 5661 2153 5730; x_wconf 44' lang='lat'>&quot;.</span> <span class='ocrx_word' id='word_1_1027' title='bbox 2173 5659 2281 5730; x_wconf 51' lang='lat' dir='ltr'>Ego</span> <span class='ocrx_word' id='word_1_1028' title='bbox 2294 5674 2406 5730; x_wconf 55' lang='lat' dir='ltr'>mss.</span> <span class='ocrx_word' id='word_1_1029' title='bbox 2429 5664 2487 5709; x_wconf 80' lang='grc' dir='ltr'>τά</span> <span class='ocrx_word' id='word_1_1030' title='bbox 2503 5664 2552 5710; x_wconf 81' lang='grc' dir='ltr'>δὲ</span> <span class='ocrx_word' id='word_1_1031' title='bbox 2574 5665 2788 5730; x_wconf 34' lang='lat' dir='ltr'>inﬁxam</span> <span class='ocrx_word' id='word_1_1032' title='bbox 2807 5666 3052 5728; x_wconf 80' lang='grc' dir='ltr'>γάρὺμεῖς.</span> <span class='ocrx_word' id='word_1_1033' title='bbox 3070 5665 3189 5714; x_wconf 76' lang='lat' dir='ltr'>Mor.</span> <span class='ocrx_word' id='word_1_1034' title='bbox 3204 5665 3262 5715; x_wconf 85' lang='grc' dir='ltr'>τά</span> <span class='ocrx_word' id='word_1_1035' title='bbox 3273 5667 3359 5728; x_wconf 79' lang='grc' dir='ltr'>γὰρ</span> <span class='ocrx_word' id='word_1_1036' title='bbox 3373 5667 3487 5723; x_wconf 75' lang='grc' dir='ltr'>ἐκεῖ,</span> <span class='ocrx_word' id='word_1_1037' title='bbox 3502 5669 3736 5730; x_wconf 54' lang='lat' dir='ltr'>ﬁxi-30.57;.</span> 
     </span>
    </p>
   </div>
   <div class='ocr_carea' id='block_1_123' title="bbox 2130 5721 2914 5781">
    <p class='ocr_par' dir='ltr' id='par_1_123' title="bbox 2130 5721 2914 5781">
     <span class='ocr_line' id='line_1_123' title="bbox 2130 5721 2914 5781; baseline 0.009 -14"><span class='ocrx_word' id='word_1_1038' title='bbox 2130 5721 2154 5758; x_wconf 71' lang='grc' dir='ltr'><strong>ἃ</strong></span> <span class='ocrx_word' id='word_1_1039' title='bbox 2182 5723 2326 5781; x_wconf 84' lang='grc' dir='ltr'>Σῶμα</span> <span class='ocrx_word' id='word_1_1040' title='bbox 2350 5724 2495 5770; x_wconf 67' lang='lat' dir='ltr'>deest</span> <span class='ocrx_word' id='word_1_1041' title='bbox 2520 5731 2568 5772; x_wconf 76' lang='lat' dir='ltr'><strong>in</strong></span> <span class='ocrx_word' id='word_1_1042' title='bbox 2589 5727 2777 5773; x_wconf 76' lang='lat' dir='ltr'><strong>duobus</strong></span> <span class='ocrx_word' id='word_1_1043' title='bbox 2800 5721 2914 5774; x_wconf 58' lang='grc' dir='ltr'>ῐὶιεὲ.</span> 
     </span>
    </p>
   </div>
   <div class='ocr_carea' id='block_1_124' title="bbox 2131 5784 3739 5852">
    <p class='ocr_par' dir='ltr' id='par_1_124' title="bbox 2131 5784 3739 5852">
     <span class='ocr_line' id='line_1_124' title="bbox 2131 5784 3739 5852; baseline 0.004 -22"><span class='ocrx_word' id='word_1_1044' title='bbox 2131 5784 2288 5852; x_wconf 62' lang='grc' dir='ltr'>ιἶΙΜιο</span> <span class='ocrx_word' id='word_1_1045' title='bbox 2313 5797 2428 5852; x_wconf 55' lang='lat' dir='ltr'>mss.</span> <span class='ocrx_word' id='word_1_1046' title='bbox 2456 5791 2812 5852; x_wconf 74' lang='grc' dir='ltr'>προσαχθέντες.</span> <span class='ocrx_word' id='word_1_1047' title='bbox 2841 5787 2961 5837; x_wconf 80' lang='lat' dir='ltr'>Infra</span> <span class='ocrx_word' id='word_1_1048' title='bbox 2988 5789 3138 5838; x_wconf 76' lang='lat' dir='ltr'>Savil.</span> <span class='ocrx_word' id='word_1_1049' title='bbox 3175 5798 3226 5837; x_wconf 65' lang='lat' dir='ltr'>nl</span> <span class='ocrx_word' id='word_1_1050' title='bbox 3262 5803 3388 5838; x_wconf 80' lang='lat' dir='ltr'><strong>unus</strong></span> <span class='ocrx_word' id='word_1_1051' title='bbox 3418 5791 3570 5839; x_wconf 76' lang='lat' dir='ltr'>codex</span> <span class='ocrx_word' id='word_1_1052' title='bbox 3601 5793 3739 5852; x_wconf 63' lang='lat' dir='ltr'>p-rﬁ&#39;as</span> 
     </span>
    </p>
   </div>
   <div class='ocr_carea' id='block_1_125' title="bbox 2064 5843 3196 5904">
    <p class='ocr_par' dir='ltr' id='par_1_125' title="bbox 2064 5843 3196 5904">
     <span class='ocr_line' id='line_1_125' title="bbox 2064 5843 3196 5904; baseline 0.007 -15"><span class='ocrx_word' id='word_1_1053' title='bbox 2064 5843 2114 5890; x_wconf 82' lang='grc' dir='ltr'>δὲ</span> <span class='ocrx_word' id='word_1_1054' title='bbox 2141 5843 2503 5904; x_wconf 69' lang='grc' dir='ltr'>ἐργασαμένουςξ</span> <span class='ocrx_word' id='word_1_1055' title='bbox 2534 5849 2582 5895; x_wconf 82' lang='lat' dir='ltr'>In</span> <span class='ocrx_word' id='word_1_1056' title='bbox 2607 5843 2726 5896; x_wconf 59' lang='grc' dir='ltr'>ῥὶίιι.</span> <span class='ocrx_word' id='word_1_1057' title='bbox 2761 5852 2931 5898; x_wconf 61' lang='lat' dir='ltr'>Morel.</span> <span class='ocrx_word' id='word_1_1058' title='bbox 2962 5853 3012 5899; x_wconf 75' lang='grc' dir='ltr'>δέ</span> <span class='ocrx_word' id='word_1_1059' title='bbox 3035 5853 3196 5899; x_wconf 65' lang='lat' dir='ltr'>dvesi.</span> 
     </span>
    </p>
   </div>
   <div class='ocr_carea' id='block_1_126' title="bbox 2135 5903 3748 5977">
    <p class='ocr_par' dir='ltr' id='par_1_126' title="bbox 2135 5903 3748 5977">
     <span class='ocr_line' id='line_1_126' title="bbox 2135 5903 3748 5977; baseline 0.007 -27"><span class='ocrx_word' id='word_1_1060' title='bbox 2135 5903 2153 5977; x_wconf 49' lang='grc' dir='ltr'><em>ξ</em></span> <span class='ocrx_word' id='word_1_1061' title='bbox 2185 5908 2264 5953; x_wconf 75' lang='lat' dir='ltr'>Sic</span> <span class='ocrx_word' id='word_1_1062' title='bbox 2290 5903 2403 5955; x_wconf 81' lang='lat' dir='ltr'>mss.</span> <span class='ocrx_word' id='word_1_1063' title='bbox 2423 5908 2580 5977; x_wconf 48' lang='grc' dir='ltr'>ᾓιιγίιι</span> <span class='ocrx_word' id='word_1_1064' title='bbox 2604 5919 2834 5977; x_wconf 40' lang='lat' dir='ltr'>autem?!</span> <span class='ocrx_word' id='word_1_1065' title='bbox 2866 5913 3034 5961; x_wconf 65' lang='grc' dir='ltr'>Μητρὶ.</span> <span class='ocrx_word' id='word_1_1066' title='bbox 3062 5913 3324 5977; x_wconf 78' lang='grc' dir='ltr'>τούτους</span> <span class='ocrx_word' id='word_1_1067' title='bbox 3351 5916 3446 5963; x_wconf 69' lang='grc' dir='ltr'>ξολ.</span> <span class='ocrx_word' id='word_1_1068' title='bbox 3469 5917 3618 5966; x_wconf 68' lang='lat' dir='ltr'>l‘au&#39;xo</span> <span class='ocrx_word' id='word_1_1069' title='bbox 3633 5929 3748 5977; x_wconf 73' lang='lat' dir='ltr'>p051,</span> 
     </span>
    </p>
   </div>
   <div class='ocr_carea' id='block_1_127' title="bbox 2066 5964 3390 6036">
    <p class='ocr_par' dir='ltr' id='par_1_127' title="bbox 2066 5964 3390 6036">
     <span class='ocr_line' id='line_1_127' title="bbox 2066 5964 3390 6036; baseline 0.01 -25"><span class='ocrx_word' id='word_1_1070' title='bbox 2066 5964 2218 6036; x_wconf 50' lang='lat' dir='ltr'>iidfr-n</span> <span class='ocrx_word' id='word_1_1071' title='bbox 2245 5981 2359 6036; x_wconf 84' lang='lat' dir='ltr'>mss_.</span> <span class='ocrx_word' id='word_1_1072' title='bbox 2387 5973 2481 6036; x_wconf 74' lang='grc' dir='ltr'>τῶν</span> <span class='ocrx_word' id='word_1_1073' title='bbox 2502 5973 2661 6017; x_wconf 72' lang='grc' dir='ltr'>καλῶν</span> <span class='ocrx_word' id='word_1_1074' title='bbox 2686 5977 3036 6036; x_wconf 56' lang='grc' dir='ltr'>σκιρτημάτων.</span> <span class='ocrx_word' id='word_1_1075' title='bbox 3063 5977 3163 6022; x_wconf 68' lang='lat' dir='ltr'>Atii</span> <span class='ocrx_word' id='word_1_1076' title='bbox 3186 5964 3390 6024; x_wconf 76' lang='grc' dir='ltr'>πολλῶν.</span> 
     </span>
    </p>
   </div>
   <div class='ocr_carea' id='block_1_128' title="bbox 2134 6028 2657 6087">
    <p class='ocr_par' dir='ltr' id='par_1_128' title="bbox 2134 6028 2657 6087">
     <span class='ocr_line' id='line_1_128' title="bbox 2134 6028 2657 6087; baseline 0.008 -10"><span class='ocrx_word' id='word_1_1077' title='bbox 2134 6029 2157 6066; x_wconf 74' lang='grc' dir='ltr'>ε</span> <span class='ocrx_word' id='word_1_1078' title='bbox 2186 6028 2319 6077; x_wconf 68' lang='lat' dir='ltr'>Unus</span> <span class='ocrx_word' id='word_1_1079' title='bbox 2340 6031 2482 6080; x_wconf 69' lang='lat' dir='ltr'>hishel</span> <span class='ocrx_word' id='word_1_1080' title='bbox 2508 6036 2657 6087; x_wconf 64' lang='grc' dir='ltr'>ἑτέρα.</span> 
     </span>
    </p>
   </div>
  </div>
