4096 6392
39 6166 325 6260 Δ

325 355 429 415 525

335 469 502 533 εεσις,
521 467 622 522 κᾶν
647 470 722 542 μὴ
758 468 853 524 νῦν
885 470 1096 526 πάθωσι
1127 465 1496 536 κακῶςιοῦτοι
1527 473 1604 535 δὲ,
1637 472 1704 527 ἂν
1734 474 1809 543 μὴ
1840 473 2018 543 μάχης

327 549 676 621 ἀπόσχωνται
716 549 1156 621 ταύτης,.οὑκέτι
1188 552 1429 622 σωθῆναι
1455 553 1793 623 δυνήσονται.
1811 552 2011 606 Τούτου

331 635 395 705 δὴ
418 633 577 704 χάριν
602 632 844 706 παριδὼν
871 635 931 687 τὸ
957 635 1205 698 ἐκείνων,
1229 635 1367 707 πρὸς
1386 635 1448 688 τὸ
1468 633 1734 707 ὑμέτερον
1765 634 2013 705 ἵσταμαι,

332 713 424 771 καὶ
468 712 658 784 δέομαι
684 714 777 771 καὶ
823 713 1087 768 ἀντιϐολῶ
1119 715 1410 786 πεισθῆναί
1442 724 1463 746 ⁸
1491 733 1551 768 τε
1585 717 1720 785 ἡμῖν
1762 730 2017 785 παρακα-

330 792 503 855 λοῦσι,
530 793 623 847 καὶ
642 794 847 865 μηκέτι
868 795 991 849 καθ’
1012 796 1223 851 ἑαυτῶν
1242 797 1304 849 τὸ
1333 795 1485 864 ξίφος
1500 794 1686 861 ώθεῖν,
1714 793 1850 865 μηδὲ
1881 794 2020 865 πρὸς

333 873 536 946 κέντρα
550 874 848 941 λακτίζειν,
866 876 1003 947 μηδὲ
1029 877 1348 947 νομίζοντας
1369 876 1696 949 ἀνθρώπους
1721 878 1899 948 ἀνιᾷν,
1922 875 2018 929 λυ-

331 956 453 1007 πεῖν
475 954 534 1008 τὸ
564 954 790 1027 Πνεῦμα
820 956 883 1009 τὸ
910 956 1067 1025 ἅγιον
1087 956 1182 1010 τοῦ
1202 955 1360 1010 Θεοῦ.
1398 957 1519 1011 Ὅτι
1539 955 1764 1028 μὲνγὰρ
1797 953 2017 1009 ἐπαινέ-

331 1031 493 1108 σεσθε
515 1033 897 1106 ταύτηνὴμῶί
923 1037 1023 1107 τὴν
1048 1034 1297 1108 γνώμην,
1318 1036 1424 1091 κᾶν
1450 1037 1526 1108 μὴ
1546 1036 1663 1100 νῦν,
1695 1034 1812 1089 ἀλλ’
1837 1030 2015 1100 αὖθις,

329 1107 445 1164 οἶδα
466 1114 562 1166 καὶ
587 1114 913 1185 πέπεισμαι·
930 1113 1193 1185 βούλομαι
1224 1107 1278 1168 δὲ
1302 1107 1619 1186 ὑμᾶςτοῦτο
1641 1114 1867 1186 ποιῆσαι
1899 1114 2016 1178 νῦν,

329 1193 417 1247 ἵνα
448 1193 538 1266 μὴ’
554 1195 732 1267 μάτην
759 1194 891 1248 αὐτὸ
914 1194 1052 1266 μετά
1078 1195 1251 1249 ταῦτα
1273 1196 1480 1267 ποιῆτε.
1509 1196 1665 1250 Ἐπεὶ¹
1701 1197 1836 1250 καὶὸ
1858 1194 2021 1249 πλού-

330 1289 446 1337 σιος
473 1275 703 1341 ἐκεῖνος,
739 1274 830 1327 ὅτε
859 1275 959 1345 μὲν
989 1270 1058 1345 ἦν
1085 1274 1479 1341 ὲνταῧθα,τοὺς
1504 1277 1789 1346 προφήτας
1809 1275 1905 1329 καὶ
1927 1275 2019 1328 τὸν

331 1354 494 1424 νόμον
526 1354 621 1407 καὶ
646 1354 745 1426 τὴν
769 1355 833 1407 ὲκ
848 1354 1051 1408 τούτων
1068 1354 1413 1426 παράκλησιν
1438 1355 1466 1395 ι»
1496 1353 1665 1425 μῦθόν
1684 1372 1806 1409 τινα
1835 1357 2021 1427 ἡγεῖτο

330 1436 427 1488 καὶ
477 1434 666 1508 λῆρον·
714 1434 990 1507 ἐπειδὴδὲ
1033 1435 1276 1507 ἀπῆλθεν
1318 1436 1464 1500 ἐκεῖ,
1501 1434 1675 1500 οὓτως
1707 1436 2019 1507 ἐθαύμασεν

331 1516 514 1570 αὐτῶν
550 1518 652 1588 τὴν
686 1516 1031 1588 παραίνεσιν,
1067 1517 1164 1581 ὡς,
1195 1517 1383 1587 ἐπειδὴ
1412 1517 1618 1570 συνεῖδε
1662 1516 1828 1588 μηδὲν
1859 1515 2019 1570 αὑτὸν

331 1596 441 1650 ἀπὸ
471 1597 582 1651 τῶν
630 1598 869 1652 ἐπαίνων
895 1597 1245 1669 ὠφεληθῆναι
1271 1597 1590 1668 δυνάμενον,
1634 1595 2019 1669 παρακαλέσαι

329 1675 421 1731 τὸν
441 1678 790 1750 πατριάρχην
819 1678 1037 1749 πέμψαι
1064 1677 1187 1731 τινὰ
1218 1676 1330 1731 τῶν
1355 1678 1416 1731 ὲν
1455 1676 1583 1749 ᾅδου
1608 1679 1721 1739 τοῖς
1753 1676 1894 1746 ὑπὲρ
1917 1675 2020 1744 γῆς

331 1757 764 1827 ἀπαγγέλλοντα,
792 1761 970 1813 ἐκεῖνο
983 1756 1262 1824 δεδοικὼς,
1284 1758 1359 1829 μή
1379 1774 1509 1813 ποτε
1526 1757 1622 1811 καὶ
1637 1757 1792 1810 αὐτοὶ
1814 1755 1874 1808 τὸ
1888 1754 2021 1807 αὐτὸ

331 1837 547 1892 πάθωσι
579 1849 601 1879 ο
621 1880 637 1902 ,
670 1841 765 1893 καὶ
783 1838 1260 1907 καταγελάσαντες
1298 1836 1409 1891 τῶν
1441 1835 1601 1890 θείων
1627 1834 2018 1906 Γραφῶν,τότε

328 1916 501 1982 αὑτάς
529 1917 874 1988 θαυμάσωσι,
901 1918 1029 1971 ὅταν
1053 1916 1238 1980 αὐτοῖς
1259 1915 1450 1986 ὄφελος
1474 1914 1627 1968 οὐδὲν
1648 1912 1757 1966 ἀπὸ
1775 1913 1869 1966 τοῦ
1898 1911 2012 1988 θαύ·

332 2013 525 2066 ματος.
555 1985 749 2051 Καίτοι
782 2014 847 2066 γε
899 1996 1053 2051 οὐδὲν
1079 1998 1287 2057 ἐκεῖνος
1307 1985 1569 2048 τοσοῦτον
1592 1991 1891 2065 εἰργάσατο
1908 1985 2021 2044 οἷον

331 2077 513 2147 ὑμεῖς.
539 2076 779 2141 Ἐκεῖνος
795 2074 905 2150 γάρ
932 2076 1041 2130 τῶν
1074 2077 1173 2148 μὲν
1201 2074 1396 2129 ἑαυτοῦ
1412 2074 1473 2137 οὑ
1511 2073 1784 2146 μετέδωκε
1812 2070 1890 2142 τῷ
1912 2072 2022 2125 Λα-

331 2154 503 2228 ζάρῳ,
532 2156 592 2210 οὐ
623 2157 730 2228 μὴν
771 2158 867 2211 καὶ
895 2157 1115 2229 ἑτέρους
1146 2156 1507 2228 βουληθέντας
1536 2152 1860 2225 μεταδοῦναι
1885 2152 2023 2206 ὲκώ-

331 2235 512 2301 λυσεν,
540 2236 573 2307 ἢ
599 2237 851 2308 ἀπήλασε
879 2237 1132 2311 καθάπερ
1157 2239 1317 2308 ὑμεῖς
1345 2235 1461 2290 νῦν.
1491 2236 1602 2288 Καὶ
1630 2234 1694 2288 ού
1722 2233 1897 2305 ταύτῃ
1926 2232 2022 2304 μό-

331 2332 420 2369 νον
444 2316 608 2371 αὺτὸν
646 2316 1005 2388 ἀπεκρύψατε
1041 2319 1110 2389 τῇ
1158 2316 1428 2388 ὠμότητι,
1472 2314 1611 2368 ἀλλά
1655 2312 1754 2367 καὶ
1778 2311 2017 2384 ἐτέρῳά.

334 2396 544 2467 ’Ὠσπερ
568 2396 678 2469 γὰρ
712 2396 814 2450 οὐκ
843 2396 992 2451 ἔστιν
1041 2396 1156 2451 ἴσον
1186 2395 1350 2450 αὑτὸν
1390 2393 1558 2466 μηδὲν
1591 2394 1765 2446 ποιεῖν
1791 2391 2019 2461 ἀγαθὸν,

330 2480 427 2534 καὶ
474 2480 696 2553 ἑτέρους
712 2480 1071 2551 βουλομένους
1092 2480 1324 2535 κωλύειν
1350 2481 1544 2542 ποιεῖν,
1563 2475 1737 2539 οὕτως
1749 2475 1850 2528 οὑκ
1876 2474 2023 2529 ἔστιν

334 2560 449 2613 ἴσον
481 2559 690 2633 τροφῆς
705 2577 765 2613 τε
787 2562 1014 2633 ἀπορεῖν
1044 2557 1385 2631 σωματικῆς,
1412 2558 1509 2612 καὶ
1532 2559 1591 2611 ἐν
1619 2554 1801 2627 πολλῷ
1820 2554 1900 2627 τῷ
1922 2554 2025 2626 τῆς

334 2639 653 2709 φιλοσοφίας
685 2639 829 2712 λιμῷ
854 2640 1107 2711 κείμενον
1138 2639 1370 2694 κωλύειν
1401 2635 1700 2708 τρέφεσθαι
1743 2636 1874 2708 παρ’
1907 2635 2025 2688 ἑτέ-

337 2736 464 2791 ρων.
480 2720 656 2774 ’Ὥστε
673 2718 835 2792 διπλῇ
863 2737 940 2774 πα
948 2719 1219 2793 ρηλάσατε
1242 2717 1334 2772 τὸν
1349 2718 1501 2788 ώμὸν
1517 2714 1771 2770 πλούσιον
1791 2717 2023 2782 ἐκεῖνον,

332 2797 412 2869 τῷ
446 2815 506 2852 τε
534 2799 758 2870 ἐτέρους
788 2800 1034 2854 κωλῦσαι
1064 2799 1256 2853 σϐέσαι
1284 2796 1376 2851 τδν
1409 2796 1705 2868 λιμὸν,καὶ
1732 2795 1832 2867 τῆς
1844 2794 2023 2867 ψυχῆς

333 2879 646 2951 ἁγχομένης
660 2880 759 2952 τὴν
774 2879 1169 2953 ἀπανθρωπίαν
1185 2875 1590 2932 ἐπιδείκνυσθαι
1608 2873 1835 2946 ταύτην.
1853 2875 1895 2929 Τ
1896 2876 2024 2931 οὖτο

333 2961 429 3013 καὶ
448 2960 695 3015 Ἰουδαῖοι
726 2961 859 3014 ποτὲ
890 2960 1155 3032 ἐποίησαν
1182 2970 1229 3025 θ,
1249 2958 1344 3012 καὶ
1364 2954 1604 3011 ἐκώλυον
1631 2955 1757 3019 τοὺς
1785 2955 2023 3009 ἀποστό-

333 3039 461 3105 λους
483 3042 597 3106 τοῖς
625 3039 938 3113 ἀνθρώποις
959 3039 1029 3094 τά
1045 3040 1182 3113 πρὸς
1206 3038 1482 3110 σωτηρίαν
1498 3035 1702 3091 λαλεῖν.
1726 3035 1872 3107 Πλὴν
1887 3035 2025 3090 ἀλλά

334 3120 431 3173 καὶ
456 3120 662 3175 τούτων
683 3120 925 3193 χείρονες
946 3120 1124 3192 ὑμεῖς.
1146 3120 1210 3174 Οἱ
1228 3120 1328 3191 μὲν
1348 3117 1457 3191 γὰρ
1485 3116 1549 3189 δὴ
1569 3116 1667 3188 τὴν
1682 3115 1790 3169 τῶν
1811 3114 2023 3188 ἐχθρῶν

334 3199 724 3271 ἀναδεξάμενοι
776 3200 964 3266 τάξιν,
1020 3199 1197 3263 οὕτως
1239 3198 1456 3253 ἅπαντα
1504 3197 1773 3269 ἔπραττον
1806 3197 2019 3250 ἐκεῖνα·

337 3279 495 3350 ὑμεῖς
522 3279 580 3333 δὲ
604 3280 669 3333 τὸ
712 3280 821 3334 τῶν
846 3280 1016 3349 φίλων
1058 3277 1354 3342 ὑποδύντες
1386 3278 1756 3349 προσωπεῖον,
1802 3273 1870 3328 τά
1915 3275 2024 3328 τῶν

336 3357 547 3431 ἐχθρῶν
569 3359 968 3414 ὲπιδείκνυσθιν
991 3359 1290 3432 ὲμάστιξαν
1321 3356 1417 3412 καὶ¹
1437 3356 1667 3428 ὕϐρισαν
1696 3353 1793 3409 καὶ
1813 3357 2025 3426 πονηρᾷ

337 3437 663 3510 περιέϐαλον
686 3436 813 3511 δόξῃ
835 3440 962 3503 τοὺς
982 3440 1172 3508 ἁγίους
1196 3437 1528 3499 ἀποστόλους
1545 3435 1665 3489 τότε
1684 3437 1883 3489 ἐκεῖνοι
1902 3435 2027 3504 γόη-

335 3530 436 3581 τας
459 3518 555 3572 καὶ
587 3518 822 3582 πλάνους
843 3519 1137 3582 καλοῦντες
1171 3518 1391 3582 αὑτούς.
1417 3515 1581 3569 Ἀλλὰ
1598 3514 1824 3584 τοιαύτη
1855 3515 2022 3568 κατέ-

338 3594 470 3649 λαϐε
507 3596 708 3661 αὐτοὺς
734 3597 883 3668 δίκη,
912 3598 989 3662 ώς
1045 3598 1317 3669 μηδεμίαν
1373 3594 1563 3650 λοιπὸν
1585 3594 1879 3666 δυνηθῆναι
1910 3599 2023 3660 τοῖς

340 3673 565 3729 ἐκείνων
591 3674 784 3740 δεινοῖς
813 3678 1192 3749 παρισωθῆναι
1231 3677 1518 3748 συμφοράν
1569 3674 1614 3730 ί.
1660 3674 1879 3747 Πρῶτοι
1913 3675 2023 3745 γάρ

339 3749 482 3809 οὗτοι
507 3756 603 3811 καὶ
639 3756 790 3828 μόνοι
815 3756 922 3811 τῶν
951 3756 1039 3826 ὑφ’
1066 3757 1201 3828 ἡλίῳ
1229 3757 1448 3830 πάντων
1468 3754 1771 3830 ἀνθρώπων
1799 3755 2024 3809 τοιαῦτα

342 3833 542 3888 ἔπαθον
561 3876 575 3900 ,
608 3830 699 3890 οἷα
711 3835 888 3900 οὐδεὶς
924 3837 1011 3890 ἓτε
1019 3854 1132 3909 ρος.
1303 3828 1414 3890 Καὶ
1429 3828 1634 3889 τούτων
1653 3834 1865 3908 μάρτυς
1884 3834 2025 3900 ἀξιό-

342 3930 532 3978 πιστος
566 3916 595 3968 ό
616 3915 871 3987 Χριστὸς,
908 3914 1053 3968 οὔτω
1072 3915 1269 3985 λέγων’
1297 3917 1512 3969 Ἔσται
1536 3914 1743 3984 θλῖψις
1764 3914 2021 3985 μεγάλη,

341 3994 440 4047 οἷα
468 3995 541 4049 οὐ
573 3994 825 4065 γέγονεν
842 3998 944 4050 ἀπ’
965 3994 1161 4064 ἀρχῆς
1185 3998 1421 4065 κόσμου
1444 3994 1558 4061 ἕως
1581 3994 1688 4048 τοῦ
1716 3995 1854 4058 νῦν,
1881 3996 2025 4050 οὐδὲ

337 4074 423 4143 μὴ
458 4074 724 4145 γένηται.
765 4074 955 4129 Πάντα
984 4075 1083 4147 μὲν
1098 4072 1193 4129 οὖν
1223 4074 1404 4130 αὐτῶν
1425 4073 1496 4128 τὰ
1527 4073 1677 4143 πάθη
1701 4073 1928 4130 διελθεῖν
1959 4077 2021 4129 οὐ

341 4153 435 4207 τοῦ
456 4154 725 4226 παρόντος
747 4153 962 4226 καιροῦ,
990 4154 1148 4223 ὀλίγα
1166 4154 1224 4209 δὲ
1256 4156 1282 4195 ε
1297 4155 1363 4207 ὲκ
1393 4152 1604 4207 πολλῶν
1628 4155 1923 4222 ἀναγκαῖον
1947 4155 2026 4206 εἰ·

345 4235 485 4287 πεῖν.
504 4233 648 4305 Ἐρῶ
667 4234 723 4288 δὲ
737 4236 838 4289 οὐκ
857 4236 883 4286 ὲ
890 4235 988 4306 μὸν
1009 4234 1189 4304 λόγον,
1214 4233 1329 4287 ἀλλ’
1348 4232 1542 4304 ἀνδρὸς
1564 4232 1820 4286 Ἰουδαίου
1840 4232 1935 4286 τοῦ
1956 4234 2027 4288 τὰ

342 4312 567 4367 ἐκείνων
594 4314 941 4387 ἱστορηκότος
981 4313 1244 4385 ἀκριϐῶς.
1277 4312 1342 4366 Τί
1365 4329 1497 4367 ποτε
1531 4311 1625 4366 οὖν
1652 4307 1805 4376 οὗτος
1821 4313 2022 4383 φησίν;

344 4391 563 4464 Ἐπειδὴ
596 4392 688 4448 τὸν
720 4394 1050 4466 ἐμπρησμὸν
1091 4393 1392 4465 διηγήσατο
1436 4391 1532 4446 τοῦ
1574 4391 1757 4464 ἱεροῦ,
1789 4392 1884 4446 καὶ
1925 4391 2026 4457 τὰς

344 4471 537 4535 καινὰς
563 4471 593 4512 ιι
624 4472 840 4537 ὲκείνας
866 4474 1174 4544 ἀπήγγειλε
1208 4473 1515 4545 συμφοράς.

415 4556 477 4606 ε’.
508 4551 585 4606 Τὰ
616 4552 733 4622 μέν
759 4554 895 4621 περὶ
931 4554 999 4608 τὸ
1028 4554 1208 4622 ἱερὸν,
1227 4555 1413 4624 φησὶν,
1426 4552 1496 4605 ἐν
1526 4552 1763 4615 τούτοις
1786 4550 1889 4619 ἦν’
1906 4548 2027 4604 τῶν

344 4628 397 4681 δ’
426 4629 547 4684 ὑπὸ
571 4631 679 4697 τοῦ
699 4632 880 4701 λιμοῦ
913 4632 1318 4703 φθειρομένων
1339 4633 1489 4687 κατὰ
1509 4631 1626 4699 τὴν
1653 4633 1836 4686 πόλιν
1861 4631 2027 4684 ἀπει-

339 4725 454 4775 ρον
479 4709 598 4778 μέν
640 4711 853 4766 ἔπιπτε
889 4712 958 4766 τὸ
1000 4713 1257 4782 πλῆθος,
1287 4710 1581 4781 ἀδιήγητα
1612 4710 1682 4764 δέ
1707 4709 2027 4765 συνέϐαινε

345 4792 418 4846 τὰ
447 4791 628 4863 πάθη.
666 4797 807 4852 Καθ’
841 4796 1112 4864 ἑκάστην
1150 4796 1261 4866 γὰρ
1300 4796 1518 4859 οὶκίαν,
1560 4794 1617 4848 εί
1646 4808 1765 4848 που
1799 4792 2028 4862 τροφῆς

346 4881 723 4946 παραφανείη
748 4882 915 4942 σκιὰ,
957 4881 1222 4949 πόλεμος
1247 4874 1347 4949 ἦν,
1378 4877 1478 4932 καί
1506 4878 1605 4932 διὰ
1636 4876 1852 4947 χειρῶν
1879 4876 2027 4947 ἐχώ-

340 4980 498 5031 ρουν
532 4966 588 5019 οί
613 4965 892 5035 φίλτατοι
928 4967 1080 5035 πρὸς
1114 4967 1451 5034 ἀλλήλους,
1482 4963 1917 5033 ἐξαρπάζοντες
1955 4964 2030 5017 τὰ

348 5051 692 5121 ταλαίπωρα
710 5052 820 5122 τῆς
842 5054 1051 5123 ψυχῆς
1065 5054 1295 5123 ἐφόδια.
1318 5055 1528 5121 Πίστις
1547 5052 1598 5106 δ’
1619 5052 1873 5121 ἀπορίας
1887 5051 2029 5107 οὐδὲ

347 5136 472 5205 τοῖς
502 5138 880 5208 θνήσκουσιν
914 5137 1015 5213 ἥν,
1045 5140 1207 5197 ἀλλὰ
1248 5140 1349 5196 καὶ
1386 5141 1530 5208 τοὺς
1569 5140 1938 5207 ἐκπνέοντας
1972 5141 2027 5194 οί

412 5274 441 5341 f‘
464 5275 575 5341 ρυο
597 5289 717 5341 mss.
741 5276 1115 5341 miconreﬁpi'v.

408 5336 438 5376 ὶ)
459 5336 604 5447 panos
622 5340 705 5388 καὶ
719 5340 806 5398 τὴν
829 5340 878 5388 ἐν
898 5335 1055 5405 τούτῷ
1076 5355 1256 5404 παρακ.
1278 5337 1409 5389 Infra
1427 5339 1526 5388 duo
1550 5351 1663 5388 mss.
1684 5340 1750 5395 ὡς
1772 5338 1932 5396 ἐπειδὴ
1945 5335 2027 5386 οὖν

408 5416 480 5447 ινει
514 5417 583 5447 εν.

351 5415 564 5449 συνειοεν
571 5438 583 5448 .

415 5462 440 5493 ο
465 5460 707 5512 SicSavil.
733 5468 787 5511 et
807 5476 923 5512 mss.
950 5462 1084 5513 Edit.
1102 5476 1224 5513 vero
1245 5462 1390 5511 αὐτοὶ·
1402 5459 1547 5511 τοῦτο
1567 5464 1681 5510 παθ.

414 5522 449 5591 d_
465 5522 601 5573 Unus
622 5525 731 5591 eqd.
756 5531 812 5575 et
834 5524 990 5575 Savil.
1013 5527 1066 5575 in
1089 5538 1244 5589 marg.
1267 5526 1422 5591 ἑτέρᾳ.
1447 5524 1577 5574 Infra
1599 5526 1698 5573 duo
1716 5536 1834 5574 mss.
1854 5528 2030 5590 τροφῆς

351 5599 405 5632 τε
428 5586 725 5649 ἀποστερεῖν.

419 5661 443 5711 ε
472 5646 735 5711 Unus'cod.
765 5653 816 5696 et
841 5647 995 5697 Savil.
1018 5650 1069 5698 in
1089 5663 1242 5711 marg.
1268 5649 1385 5697 ποτὲ
1412 5649 1699 5710 ἐτόλμησαν.

418 5704 442 5746 ί
468 5709 579 5775 [ζου
598 5721 716 5775 m_ss.
746 5711 1036 5775 μηδεμίᾳ...,
1059 5704 1295 5775 πμφόρᾷ.
1326 5713 1480 5761 Iidem
1500 5704 1626 5759 iill'i‘a
1656 5712 1765 5761 haec
1794 5712 2029 5762 omittunt

357 5769 443 5836 οἷα
458 5769 610 5836 οξιδεὶς
631 5769 805 5836 ἔτερος.

420 5834 444 5893 β
470 5831 551 5893 Sjc
575 5831 729 5893 δενξῇ
751 5840 804 5882 ει
837 5848 952 5885 mss.
975 5836 1028 5886 In
1052 5834 1223 5885 Morel.
1246 5834 1325 5882 οῐα
1346 5835 1398 5882 δὲ
1418 5834 1490 5893 ἐκ,
1514 5835 1661 5883 male.

416 5889 664 5962 {510le
675 5897 853 5957 κοινάς,
887 5899 1048 5948 minus
1074 5903 1235 5958 recte,
1260 5909 1369 5957 mox
1393 5889 1656 5957 ἐπήγγειλε.
1685 5896 1725 5949 Ε
1746 5898 1895 5951 Savil.
1921 5911 2032 5950 cor-

363 5954 605 6003 reximus.
627 5954 764 6003 Ευιτ.

1138 356 1196 412 S.
1238 356 1527 413 JOANNIS
1564 355 2062 413 CHRYSOSTOMI
2102 353 2417 412 ARCHIEP.
2463 349 3009 408 CONSTANTINOP.

3696 352 3805 409 528

2133 466 2356 539 λῃσταὶ
2384 466 2735 538 διηρεύνων,
2747 468 2833 538 μή
2851 486 2941 535 τις
2964 465 3083 523 ὑπὸ
3113 467 3221 520 τὸν
3237 467 3471 521 κόλπον
3494 465 3651 536 ἔχων
3675 481 3809 534 τρο-

2038 585 2088 663 ;
2122 559 2270 663 φῆν,
2301 552 2631 663 σκήπτοιτο
2659 556 2765 659 τόν
2787 555 3049 663 miratam“
3077 553 3271 651 ἑαυτῷ
3300 555 3343 608 ί.
3371 556 3438 658 ἀί
3468 553 3537 607 δὲ
3573 554 3674 663 131‘
3700 554 3808 663 f0:-

2124 645 2293 710 δείας
2325 645 2654 715 κεχηνότες
2695 642 2901 712 ὥσπερ
2945 641 3303 708 λυσσῶντες
3349 642 3530 708 κύνες
3571 642 3808 711 ἐσφάλ-

2121 736 2306 787 λοντο
2332 733 2430 786 καί
2463 730 2893 801 παρεφέροντο,
2928 729 3058 796 ταῖς
3088 746 3150 783 τε
3189 730 3396 797 θύραις
3439 729 3808 798 ἐνσειόμενοι

2118 821 2465 890 μεθυόντων
2489 820 2735 887 τρόπον,
2764 818 2885 873 ὑπὸ
2913 817 3253 888 ἀμηχανίας
3279 815 3349 869 δὲ
3368 818 3456 883 είς
3482 827 3496 866 ι
3535 816 3677 882 τοὺς
3697 818 3808 870 αὺ-

2124 909 2266 975 τοὺς
2293 909 2501 973 οἴκους
2525 905 2865 973 εἰσεπήδων
2882 904 2978 971 δίς
2998 904 3036 974 ἣ
3062 904 3189 985 τρίς
3214 902 3336 972 ὥρᾳ
3355 901 3485 973 μιᾷ.
3512 901 3716 957 Πάντα
3734 901 3809 956 δὲ

2121 996 2223 1052 ὑπ’
2252 995 2505 1060 ὀδόντας
2531 990 2680 1064 ἦγεν
2707 995 2747 1056 ἡ
2776 991 3033 1062 ἀνάγκη,
3064 992 3161 1045 καί
3188 990 3261 1043 τὰ
3283 989 3441 1061 μηδὲ
3464 989 3589 1056 τοῖς
3605 992 3806 1059 ῥυπα-

2115 1078 2406 1148 ρωτάτοις
2435 1076 2556 1131 τῶν
2579 1076 2817 1146 ἀλόγων
2844 1072 3000 1136 ζώων
3022 1075 3341 1143 πρόσφορα
3368 1074 3803 1144 συλλέγοντες,

2121 1164 2348 1218 ἐσθίειν
2381 1160 2707 1230 ὑπέφερον·
2742 1158 3056 1227 ζωστήρων
3086 1157 3237 1228 γοῦν
3272 1158 3373 1211 καί
3402 1156 3808 1227 ὑποδημάτων

2123 1246 2191 1301 τὸ
2222 1245 2565 1301 τελευταῖον
2602 1246 2715 1299 οὐκ
2751 1243 3098 1313 ἀπέσχοντο
3115 1281 3134 1306 ,
3162 1243 3262 1300 καὶ
3289 1242 3365 1296 τὰ
3394 1242 3652 1313 δέρματα
3681 1242 3807 1297 τῶν

2124 1328 2353 1398 θυρεῶν
2376 1327 2779 1396 ἀποδέροντες
2799 1326 3153 1398 έμασσῶντο
3173 1326 3200 1364 ι
3227 1367 3242 1381 .
3278 1326 3473 1397 Τροφὴ
3505 1325 3575 1380 δέ
3591 1322 3673 1397 ἦν
3697 1328 3804 1381 καὶ

2125 1414 2347 1482 χόρτου
2384 1412 2505 1466 τισί
2542 1410 2804 1466 παλαιοῦ
2849 1408 3268 1480 σπαράγματα·
3308 1410 3417 1477 τὰς
3453 1409 3565 1481 γὰρ
3610 1406 3746 1477 ἶνας
3782 1409 3801 1448 ι

2125 1499 2275 1552 ἐνιοι
2304 1498 2735 1567 συλλέγοντες,
2757 1496 3088 1566 ἐλάχιστον
3110 1498 3383 1566 σταθμὸν
3403 1496 3681 1552 ἐπώλουν
3697 1499 3809 1552 ἀτ-

2123 1582 2304 1637 τικῶν
2332 1582 2666 1651 τεσσάρων.
2702 1582 2815 1637 Καὶ
2840 1584 2897 1636 τί
2927 1580 3025 1636 δεῖ
3043 1580 3161 1651 τὴν
3197 1582 3292 1635 ἐπ’
3327 1582 3591 1651 ἀψύχοις
3630 1582 3800 1637 ἀναί-

2122 1667 2292 1722 δειαν
2317 1667 2425 1722 τοῦ
2465 1667 2646 1731 λιμοῦ
2683 1666 2887 1735 λέγειν
2903 1683 2922 1731 ;
2966 1662 3103 1736 Εἷμι
3135 1669 3247 1736 γὰρ
3280 1665 3471 1722 αὐτοῦ
3511 1666 3809 1735 δηλώσων

2120 1752 2318 1821 ἔργον,
2351 1748 2481 1807 οἷον
2500 1759 2542 1788 ω
2567 1750 2721 1821 μήτε
2750 1752 2885 1818 παρ’
2913 1752 3196 1818 Ἕλλησι,
3216 1750 3371 1820 μήτε
3402 1749 3562 1821 παρὰ
3578 1751 3813 1821 ,βαρϐἀο

2115 1855 2250 1906 ροις
2273 1837 2601 1906 ἱστόρηται,
2624 1835 2878 1905 φρικτὸν
2893 1835 3013 1904 μὲν
3035 1835 3247 1903 εἰπεῖν,
3270 1834 3530 1890 ἄπιστον
3551 1836 3603 1890 δ’
3621 1837 3808 1891 ἀκοῦ-

2123 1938 2251 1976 σαι.
2286 1920 2393 1973 Kal
2414 1920 2597 1989 ἔγωγε
2614 1930 2662 1985 ιι,
2683 1919 2769 1990 μὴ
2790 1918 3027 1989 δόξαιμι
3046 1920 3468 1988 τερατεύεσθαι
3485 1918 3611 1986 τοῖς
3628 1915 3810 1984 αὖθις

2122 2002 2479 2072 ἀνθρώποις,
2513 2003 2631 2056 κᾶν
2658 2002 2997 2072 παρέλιπον
3021 2003 3137 2071 τὴν
3161 2005 3484 2075 συμφορὰν
3511 2002 3722 2073 ἡδέως,
3751 2004 3809 2056 εἰ

2117 2088 2204 2158 μὴ
2243 2086 2360 2141 τῶν
2384 2089 2512 2140 κατ’
2538 2087 2800 2158 ἐμαυτὸν
2829 2083 3001 2158 εἶχον
3027 2089 3316 2157 ἀπείρους
3330 2088 3656 2160 μάρτυρας·
3691 2086 3805 2140 ἆλ-

2123 2175 2247 2238 λως
2268 2188 2333 2225 τε
2364 2171 2463 2224 καὶ
2497 2171 2743 2240 ψυχρὰν
2765 2169 2843 2225 ἂν
2871 2173 3236 2242 καταθείμην
3270 2179 3294 2207 °
3328 2171 3402 2241 τῇ
3429 2171 3667 2240 πατρίδι
3691 2172 3803 2239 χά-

2116 2271 2219 2322 ριν
2260 2254 2672 2324 καθυφέμενος
2713 2253 2835 2308 τῶν
2880 2256 3081 2326 λόγων
3110 2251 3200 2311 ὧν
3240 2256 3504 2311 πέπονθε
3536 2254 3607 2309 τὰ
3633 2254 3804 2325 ἔργα.

2123 2337 2294 2406 Γυνή
2335 2356 2428 2404 τις
2475 2339 2595 2391 τῶν
2629 2338 2783 2408 ὑπὲρ
2811 2339 2921 2393 τὸν
2974 2339 3280 2411 Ἰορδάνην
3341 2341 3803 2399 κατοικούντων.

2123 2425 2319 2493 Μαρία
2345 2424 2628 2494 τοῦνομα,
2687 2425 2913 2493 πατρὸς
2932 2425 3302 2496 Ἐλεαζᾴρου,
3325 2423 3526 2495 κώμης
3548 2422 3816 2494 Βηθεζὼ,

2123 2509 2405 2578 σημαίνει
2444 2507 2515 2561 δὲ
2553 2508 2731 2563 τοῦτο
2797 2505 2949 2573 οἶκος
2997 2508 3286 2575 ὑσσώπου,
3328 2508 3429 2563 διὰ
3486 2506 3665 2579 γένος
3701 2507 3804 2562 καὶ

2125 2591 2394 2646 πλοῦτον
2417 2591 2740 2662 ἐπίσημος,
2759 2592 2915 2662 μετὰ
2943 2592 3050 2647 τοῦ
3071 2592 3292 2648 λοιποῦ
3318 2591 3594 2660 πλήθους
3616 2594 3705 2658 είς
3728 2590 3808 2644 τὰ

2136 2675 2527 2745 Ἱεροσόλυμα
2546 2675 2981 2746 καταφυγοῦσα
2999 2675 3550 2745 συνεπολιορκεῖτο.
3578 2676 3808 2741 Ταύτης

2124 2757 2240 2827 τὴν
2253 2757 2371 2828 μὲν
2401 2758 2602 2826 ἀλλην
2624 2757 2845 2827 κτῆσιν
2869 2761 2925 2813 οί
2954 2759 3235 2827 τύραννοι
3257 2758 3623 2829 διήρπασαν,
3645 2757 3807 2826 ὅσην

2123 2839 2193 2892 ἐκ
2229 2838 2336 2909 τῆς
2370 2841 2629 2908 Περαίας
2672 2839 3220 2911 ἀνασκευασαμένη
3250 2851 3279 2891 ι⁹
3308 2840 3681 2912 μετήνεγκεν
3713 2842 3806 2907 είς

2124 2921 2239 2991 τὴν
2265 2923 2466 2977 πόλιν
2499 2924 2572 2977 τὰ
2604 2922 2674 2977 δὲ
2696 2925 2964 2993 λείψανα
2992 2923 3111 2979 τῶν
3140 2925 3486 2996 κειμηλίων,
3522 2923 3639 2979 κᾶν
3660 2925 3717 2978 εἴ
3747 2941 3807 2979 τι

2124 3003 2349 3074 τροφῆς
2387 3006 2733 3077 ἐπινοηθείη
2759 3017 2809 3074 τι,
2838 3007 2970 3064 καθ’
2997 3007 3223 3078 ἡμέρας
3257 3005 3667 3077 εἰσπηδῶντες
3698 3006 3810 3077 ἦρ-

2124 3086 2310 3148 παζον
2346 3091 2399 3143 οί
2427 3088 2768 3159 δορυφόροι.
2803 3090 2980 3161 Δεινὴ
3003 3092 3072 3145 δὲ
3102 3092 3170 3146 τὸ
3193 3092 3443 3162 γύναιον
3471 3090 3807 3162 ἀγανάκτη-

2123 3187 2225 3237 σις
2244 3173 2456 3242 εἰσῄει,
2479 3176 2580 3226 καὶ
2604 3174 2901 3242 πολλάκις
2914 3174 3280 3244 λοιδοροῦσα
3299 3175 3399 3230 καί
3416 3173 3806 3245 καταρωμένη

2124 3257 2266 3321 τοὺς
2291 3256 2563 3328 ἅρπαγας
2585 3258 2678 3328 ἐφ’
2701 3259 2928 3328 ἑαυτὴν
2968 3257 3250 3329 ἠρέθιζεν.
3283 3261 3378 3327 Ὡς
3400 3260 3453 3314 δ’
3475 3260 3615 3315 οὔτε
3652 3274 3809 3329 παρ-

2123 3335 2612 3408 οξυνόμενόςτις,
2640 3342 2765 3395 οὔτ’
2784 3341 2974 3397 ἐλεῶν
2996 3344 3193 3413 αὐτὴν
3218 3344 3446 3414 ἀνῄρει,
3471 3344 3657 3400 καὶτὸ
3683 3344 3809 3415 μὲν

2123 3424 2326 3494 εὑρεῖν
2355 3442 2411 3479 τι
2441 3428 2640 3480 σιτίου
2671 3426 2875 3494 ἄλλως
2902 3428 3137 3495 ἐκοπία,
3168 3429 3550 3497 πανταχόθεν
3575 3428 3629 3482 δ’
3651 3429 3807 3483 ἄπο-

2117 3526 2235 3578 ρον
2254 3506 2335 3580 ἦν
2362 3508 2481 3578 ἤδη
2505 3510 2605 3564 καί
2629 3510 2695 3564 τὸ
2721 3512 2941 3579 εὑρεῖν,
2971 3514 3004 3565 ό
3026 3511 3203 3581 λιμὸς
3223 3511 3292 3565 δὲ
3310 3512 3412 3566 διὰ
3433 3510 3812 3582 σπλάγχνων

2124 3594 2227 3649 καί
2259 3594 2505 3665 μυελῶν
2523 3595 2751 3666 ἐχώρει,
2785 3596 2887 3650 καί
2924 3595 3032 3651 τοῦ
3063 3597 3243 3667 λιμοῦ
3267 3596 3513 3668 μᾶλλον
3528 3596 3812 3662 ἐξέκαιον

2124 3682 2180 3733 οί
2206 3680 2406 3749 θυμοί,
2428 3680 2779 3749 σύμϐουλον
2799 3681 3078 3736 λαϐοῦσα
3101 3681 3217 3751 τὴν
3234 3680 3426 3752 ὀργὴν
3454 3692 3477 3719 τ
3513 3681 3666 3751 μετὰ
3693 3680 3809 3749 τῆς

2124 3761 2415 3832 ἀνάγκης,
2458 3761 2574 3835 [52]
2601 3763 2702 3817 ἐπὶ
2733 3764 2848 3833 τὴν
2877 3766 3068 3834 φύσιν
3103 3762 3332 3834 ἐχώρει,
3360 3764 3461 3819 καὶ
3491 3764 3559 3818 τὸ
3585 3765 3811 3820 τέκνον

2126 3841 2227 3917 (ἦν
2249 3845 2303 3898 δ’
2332 3844 2488 3916 αὐτῇ
2513 3846 2653 3912 παῖς
2681 3847 3022 3919 ὑπομάζιος)
3052 3847 3447 3918 ἁρπασαμένη
3468 3856 3515 3915 ⁸,
3548 3847 3805 3919 Βρέφος,

2125 3925 2316 3994 εἶπεν,
2342 3927 2575 3994 ἄθλιον,
2617 3928 2687 3983 ἐν
2715 3930 2958 4000 πολέμῳ
2984 3932 3084 3984 καί
3109 3932 3263 4002 λιμῷ
3293 3932 3394 3986 καί
3418 3931 3654 3997 στάσει,
3682 3932 3804 3987 τίνι

2125 4026 2199 4067 σε
2228 4012 2472 4083 τηρήσω
2484 4030 2503 4079 ;
2540 4014 2613 4068 τὰ
2655 4013 2774 4083 μὲν
2816 4014 2978 4083 παρὰ
3028 4015 3335 4085 Ῥωμαίοις
3370 4015 3637 4081 δουλεία,
3685 4014 3812 4070 κᾶν

2127 4093 2397 4167 ζήσωμεν
2415 4097 2510 4151 ἐπ’
2531 4098 2736 4164 αὐτοῖς
2751 4114 2765 4129 ο
2790 4096 3005 4166 φθάνει
3030 4097 3099 4151 δέ
3122 4098 3221 4152 καί
3241 4098 3528 4156 δουλείαν
3547 4102 3581 4154 ό
3599 4099 3806 4170 λιμὸς,

2126 4182 2181 4233 οί
2200 4181 2567 4235 στασιασταί
2597 4181 2649 4233 0"
2678 4181 3030 4251 ἀμφοτέρων
3051 4181 3473 4253 χαλεπώτεροι·
3496 4184 3596 4249 ιθι,
3620 4185 3809 4255 γενοῦ

2120 4282 2224 4334 μοι
2251 4264 2463 4335 τροφὴ,
2489 4265 2587 4319 καὶ
2610 4265 2734 4331 τοῖς
2755 4266 3155 4333 στασιασταῖς
3174 4267 3437 4336 ἐριννὺς,
3467 4268 3565 4322 καὶ
3582 4266 3665 4333 τῷ
3679 4268 3810 4333 ,ϐίῳ

2121 4346 2332 4416 μῦθος,
2363 4350 2396 4401 ό
2414 4350 2603 4417 μόνος
2630 4348 2931 4403 ἐλλείπων
2955 4349 3085 4418 ταῖς
3115 4350 3423 4406 Ἰουδαίων
3440 4352 3808 4423 συμφοραῖς.

2126 4431 2239 4484 Καὶ
2259 4432 2422 4487 ταῦθ’
2441 4432 2564 4502 ἅμα
2583 4433 2857 4503 λέγουσα
2881 4435 3101 4489 κτείνει
3124 4435 3232 4489 τὸν
3248 4437 3406 4501 υίὸν,
3424 4436 3607 4490 ἔπειτ’
3627 4438 3813 4505 ὀπτή-

2127 4531 2313 4582 σασα,
2334 4519 2402 4571 τὸ
2416 4518 2534 4587 μὲν
2553 4518 2742 4587 ἥμισυ
2769 4521 3091 4585 κατεσθίει,
3121 4521 3187 4573 τὸ
3213 4519 3282 4573 δὲ
3305 4520 3526 4574 λοιπὸν
3544 4537 3812 4575 κατακα-

2126 4600 2382 4668 λύψασα
2423 4601 2773 4669 ἐφύλαττεν.
2821 4602 3060 4670 Εὐθέως
3093 4603 3148 4656 δ’
3176 4607 3229 4659 οί
3264 4605 3629 4660 στασιασταὶ
3655 4619 3814 4674 παρ-

2126 4681 2312 4751 ῆσαν,
2339 4683 2438 4737 καί
2470 4681 2578 4752 τῆς
2608 4686 2887 4755 ἀθεμίτου
2926 4687 3194 4755 κνίσσης
3230 4689 3606 4755 σπάσαντες,
3630 4690 3815 4757 ἠπεί-

2127 4769 2301 4831 λουν,
2330 4769 2384 4821 εί
2408 4767 2495 4838 μὴ
2523 4768 2736 4834 δείξειε
2758 4770 2825 4824 τὸ
2857 4773 3388 4839 παρασκευασθὲν,
3420 4773 3819 4843 ἀποσφάξειν

2129 4850 2325 4920 αὐτὴν
2347 4851 2587 4919 εὐθέως.
2614 4852 2686 4907 Ἠ
2717 4853 2787 4908 δέ
2815 4855 2913 4909 καὶ
2929 4854 3150 4925 μοῖραν
3179 4855 3385 4922 αὐτοῖς
3406 4857 3667 4912 είποῦσα
3694 4875 3819 4913 κα-

2127 4934 2251 5001 λὴν
2276 4937 2680 5006 τετηρηκέναι,
2706 4938 2778 4992 τὰ
2795 4940 3059 5009 λείψανα
3075 4939 3183 4994 τοῦ
3208 4940 3424 4995 τέκνου
3450 4940 3815 5012 διεκάλυψε.

2134 5019 2282 5084 Τοὺς
2305 5018 2358 5072 δ’
2384 5021 2602 5089 εὐθέως
2627 5024 2807 5093 φρίκη
2852 5040 2916 5077 τε
2945 5022 3043 5077 καί
3069 5021 3305 5093 φρενῶν
3335 5022 3628 5093 ἔκστασις
3651 5025 3815 5095 fuam.

2196 5157 2215 5217 ξ
2241 5147 2324 5219 ξζο
2344 5149 2492 5219 §avil.
2520 5152 2659 5202 Unus
2683 5151 3055 5219 qqdexAéamoB,
3080 5153 3259 5219 Morel,

2195 5211 2211 5282 ξ
2242 5211 2327 5282 §ic
2344 5212 2457 5282 ξεῖ.
2485 5220 2539 5262 ει
2555 5227 2672 5282 m_ss.
2699 5214 2874 5282 Μοτει.
2897 5228 3019 5264 vero
3038 5211 3120 5265 καὶ
3140 5218 3220 5265 ὑπ’
3241 5211 3508 5282 ἀμηχανίας
3529 5220 3614 5276 εἰς.

2192 5274 2219 5340 If
2241 5272 2393 5340 Savil.
2415 5273 2725 5340 ἀποσπῶντες
2748 5277 3033 5340 ἐμάσσοντο.

2195 5334 2223 5401 _1_
2248 5336 2493 5401 {)uqmss.
2517 5338 2601 5401 τὰς
2615 5339 2705 5401 γὰρ
2727 5334 2878 5396 ἡνίας.

2188 5394 2225 5415 ¹¹¹
2246 5397 2399 5447 Savil.
2431 5404 2484 5447 et
2504 5398 2603 5446 duo
2623 5394 2807 5450 ἰοὲεζδ.

2190 5456 2219 5526 ξ
2244 5456 2327 5526 ξῖυ
2349 5471 2384 5526 e_
2400 5458 2584 5526 Sajilio
2599 5463 2900 5526 scripsimus.
2926 5461 3210 5526 Legebantur
3227 5464 3322 5526 ἐγὼ
3342 5465 3413 5516 δέ.
3441 5464 3576 5515 Εοιτ.

2194 5521 2220 5548 υ
2248 5520 2331 5570 Sic
2354 5521 2506 5593 80m.
2533 5520 2717 5593 et'm‘ss‘.
2759 5525 2892 5593 όυο,
2915 5520 3213 5593 (ιιιῗιιιιιιειιΔ
3230 5520 3433 5593 ly'abeng
3448 5531 3718 5593 κατεθέμην
3761 5542 3823 5583 ει

2055 5589 2063 5606 ³
2130 5583 2546 5650 καταφαινόμενος.
2577 5583 2704 5633 Infra
2727 5587 2847 5635 edit.
2870 5583 3075 5648 Joéepbi
3098 5588 3179 5635 τὸν
3202 5588 3359 5650 λόγον,
3381 5588 3453 5637 οὗ.

2194 5647 2221 5686 Ρ
2245 5646 2396 5693 Savil.
2424 5650 2863 5718 μετασκευασμένη,
2889 5661 2978 5710 pro
2993 5646 3432 5713 μετεσκευασμένη,
3450 5651 3549 5701 duo
3576 5665 3694 5703 mss.
3726 5671 3818 5705 αε-

2129 5723 2543 5769 τασκευασαμενη.

2193 5772 2221 5841 εξ
2245 5770 2326 5841 zz‘ic
2346 5767 2597 5841 Mdg-eluet
2618 5767 2769 5822 Savil.
2791 5773 2902 5824 Duo
2926 5776 3247 5837 manuscripli
3277 5775 3499 5841 ἐπινοηθῇ

2200 5834 2221 5861 τ
2249 5831 2400 5894 _Savil.
2421 5832 2588 5894 ὁρμήν.

2197 5895 2218 5971 ξ
2242 5892 2707 5971 ξιτ-ξενὶιᾏειωεε.
2735 5896 2978 5971 ln‘MpI-gl.
2998 5904 3181 5970 “autem
3211 5902 3263 5950 ὃν
3292 5905 3634 5971 ἁρπασαμένη,
3656 5912 3817 5963 male.

2134 5953 2262 6007 Infra
2284 5968 2410 6007 unus
2429 5955 2533 6006 cod.
2550 5959 2766 6021 ζήσωμαι
2790 5960 2863 6009 ἐπ’
2885 5960 3057 6018 αὐτοῖς.
