4096 6392
338 436 441 491 τιτὶὸ

333 549 709 620 procurabant.
736 549 931 604 Verum
978 547 1099 617 quia
1136 562 1320 602 sumus
1364 547 1589 601 invicem
1635 545 1871 600 membra
1896 587 1912 611 ,

333 642 432 696 etsi
460 642 558 711 ipsi
584 641 808 711 gratiam
853 640 1120 708 abnegent
1138 680 1154 704 ,
1181 654 1285 691 non
1311 638 1559 692 convenit
1584 637 1655 690 ita
1677 636 1880 690 aﬂ'ectis
1898 676 1914 700 ,

336 744 391 786 nt
418 748 515 786 nos
544 745 726 785 sumus
747 771 760 793 ,
795 731 952 783 unius
977 728 1203 784 membri
1228 744 1410 783 curam
1444 728 1660 793 habere,
1691 727 1915 782 alterum

336 823 618 893 negligere.
644 821 882 891 Namque
917 820 1023 873 illis
1052 820 1156 874 alia
1195 820 1507 873 meritorum
1548 818 1757 872 occasio
1792 832 1917 886 sup-

336 921 507 981 petet,
538 911 746 966 etiamsi
776 926 915 965 nunc
941 909 1094 964 malis
1121 924 1226 963 non
1253 908 1554 963 afliciantur
1580 925 1595 973 ;
1641 908 1757 962 istis
1788 921 1917 961 vero

338 1005 435 1059 nisi
460 1006 527 1059 ab
565 1005 665 1058 hac
692 1018 865 1073 pugna
887 1002 1226 1066 destiterint,
1257 1002 1400 1057 nulla
1428 1000 1538 1071 jam
1583 1000 1769 1055 salutis
1793 1015 1917 1069 spes

337 1096 668 1166 relinquitur.
694 1096 875 1164 Itaque
903 1094 1010 1149 illis
1031 1093 1267 1159 omissis,
1294 1094 1487 1148 vestris
1511 1093 1671 1149 rebus
1706 1092 1913 1157 insisto,

337 1204 567 1259 rogoque
594 1201 650 1243 ct
674 1189 900 1241 obsecro
941 1186 1094 1241 nobis
1136 1186 1471 1241 hortantibus
1498 1185 1914 1254 obtemperetis,

336 1296 434 1334 nec
460 1289 644 1334 contra
674 1294 769 1333 vos
794 1278 938 1348 ipsos
965 1277 1194 1348 gladium
1238 1277 1525 1346 impellatis
1546 1318 1561 1343 ,
1590 1289 1691 1331 nec
1733 1283 1917 1330 contra

337 1372 581 1425 stimulos
621 1370 909 1424 calcitretis
936 1385 951 1435 ;
986 1384 1086 1435 ne,
1119 1368 1243 1422 dum
1276 1367 1471 1437 putatis
1497 1366 1741 1421 homines
1778 1380 1917 1421 mm-

336 1478 458 1517 rore
481 1462 698 1516 allicere
722 1504 736 1526 ,
759 1462 1012 1531 Spiritum
1040 1470 1280 1516 sanetum
1310 1461 1402 1515 Dei
1428 1460 1771 1516 contristetis.
1793 1459 1918 1515 Scio

333 1554 476 1608 enim
523 1568 587 1608 ac
635 1568 945 1622 persuasum
998 1552 1206 1616 habeo,
1262 1567 1358 1605 vos
1408 1550 1729 1606 sententiam
1780 1550 1918 1605 hanc

337 1653 610 1709 nostram,
642 1643 741 1697 etsi
787 1657 892 1696 non
938 1642 1135 1710 modo,
1176 1651 1320 1697 certe
1368 1653 1553 1713 postea
1600 1641 1919 1712 probaturos

334 1748 473 1788 esse.
518 1732 631 1788 Hoc
674 1740 850 1788 autem
879 1734 1001 1788 volo
1030 1748 1125 1788 vos
1163 1749 1303 1789 nunc
1342 1742 1629 1804 praestare,
1662 1748 1729 1788 ne
1768 1742 1915 1803 post-

336 1825 551 1880 modum
583 1825 775 1881 frustra
822 1825 1044 1881 faciatis.
1073 1825 1344 1895 Siquidem
1374 1825 1525 1881 dives
1571 1825 1662 1880 ille
1699 1832 1821 1880 cum
1863 1825 1916 1879 in

338 1917 436 1971 hac
462 1918 569 1971 vita
596 1926 771 1982 esset,
801 1916 1089 1988 prophetas
1108 1959 1123 1984 ,
1152 1918 1353 1987 legem,
1376 1932 1668 1986 eorumque
1694 1917 1913 1981 monita,

338 2023 434 2077 pro
455 2008 645 2063 fabulis
673 2016 727 2061 et
751 2008 1115 2062 deliramentis
1142 2007 1455 2077 reputabat:
1483 2023 1603 2061 cum
1649 2017 1825 2062 autem
1853 2021 1918 2062 eo

338 2098 721 2161 abscessisset,
750 2099 884 2153 adeo
928 2099 979 2152 in
1019 2097 1369 2153 admiratione
1408 2109 1566 2168 atque
1613 2097 1817 2152 honore
1854 2111 1917 2153 ea

338 2188 539 2243 monita
583 2187 796 2254 habuit,
845 2197 904 2243 ut
945 2204 1064 2243 cum
1117 2189 1273 2258 plane
1318 2190 1638 2260 intelligeret
1685 2189 1819 2243 nihil
1858 2202 1919 2244 se

338 2279 603 2335 commodi
641 2295 706 2333 ex
751 2279 867 2348 ejus
911 2279 1155 2334 laudibus
1191 2281 1447 2350 consequi
1478 2294 1670 2350 posse,
1694 2280 1921 2350 patriar-

337 2372 495 2427 cham
538 2379 779 2442 rogaret,
816 2380 874 2425 ut
917 2371 1148 2441 aliquem
1215 2372 1452 2427 mitteret
1504 2386 1572 2426 ex
1633 2369 1818 2425 inferis
1863 2370 1917 2424 in

338 2474 571 2528 terram,
619 2463 707 2533 qui
754 2463 900 2518 istaec
940 2464 1318 2529 annuntiaret,
1364 2464 1565 2519 veritus
1613 2462 1817 2519 scilicet
1850 2479 1919 2519 ne

341 2558 566 2628 idipsum
596 2558 666 2611 illi
698 2566 1025 2626 paterentur,
1057 2567 1215 2628 atque
1242 2557 1542 2628 Scripturas
1566 2556 1772 2613 divinas
1798 2558 1921 2612 irri-

339 2651 531 2706 dentes
554 2692 569 2718 ,
600 2662 727 2705 tunc
751 2664 843 2705 eas
869 2649 1280 2716 admirarentur,
1312 2644 1433 2705 eum
1474 2664 1543 2705 ex
1580 2665 1643 2706 ea
1681 2650 1918 2705 admira-

344 2744 486 2797 tione
515 2742 646 2797 nihil
676 2742 1020 2797 emolumenti
1058 2742 1314 2812 consequi
1342 2743 1600 2797 valerent.
1632 2741 1702 2796 Et
1739 2750 1917 2796 tamen

342 2833 429 2888 ille
460 2832 589 2887 nihil
618 2833 724 2887 tale
749 2841 961 2902 egerat,
988 2832 1148 2902 quale
1172 2848 1267 2887 vos
1291 2834 1445 2903 agitis
1485 2848 1502 2888 :
1533 2833 1633 2887 etsi
1662 2831 1803 2886 enim
1831 2832 1919 2886 ille

344 2923 476 2979 nihil
502 2940 567 2980 ex
597 2925 707 2979 suis
729 2924 929 2978 Lazaro
960 2924 1284 2993 impertivit,
1317 2939 1421 2979 non
1452 2932 1629 2979 tamen
1666 2939 1759 2979 eos
1783 2964 1799 2988 ,
1827 2922 1918 2993 qui

344 3018 395 3072 id
426 3032 585 3088 agere
611 3017 841 3083 vellent,
870 3015 1160 3086 prohibuit,
1187 3025 1280 3071 aut
1307 3016 1523 3085 repulit,
1547 3024 1607 3069 ut
1635 3014 1795 3069 modo
1822 3028 1918 3069 vos

343 3109 536 3164 facitis.
566 3108 749 3177 Neque
773 3106 896 3161 hinc
916 3105 1076 3161 modo
1099 3106 1245 3160 illum
1281 3105 1592 3160 crudelitate
1617 3104 1878 3174 superatis
1900 3144 1916 3170 ,

344 3201 438 3257 sed
464 3201 676 3256 aliunde
701 3215 930 3270 quoque.
964 3199 1113 3254 Sicut
1141 3199 1281 3253 enim
1331 3214 1438 3252 non
1472 3197 1674 3268 azquale
1717 3196 1922 3251 facinus

344 3300 428 3348 est
470 3292 603 3347 nihil
630 3306 787 3361 agere
813 3290 960 3354 boni,
989 3299 1044 3345 et
1072 3289 1206 3343 alios
1234 3288 1325 3358 qui
1355 3289 1407 3343 id
1429 3288 1597 3343 velint
1621 3286 1878 3356 impedire
1903 3302 1919 3341 :

343 3386 420 3441 sic
444 3400 548 3440 non
580 3384 690 3455 pari
723 3384 775 3438 in
797 3382 962 3454 gradu
986 3383 1199 3451 ponitur
1223 3382 1345 3436 cibo
1374 3395 1634 3451 corporeo
1656 3379 1918 3449 indigere,

343 3487 397 3531 et
431 3490 553 3530 eum
590 3474 680 3544 qui
731 3474 782 3528 in
833 3472 1031 3543 ingenti
1088 3470 1440 3542 philosophiae
1490 3470 1713 3541 penuria
1743 3469 1919 3540 jacet,

346 3566 627 3637 prohibere
654 3580 719 3619 ne
747 3564 815 3617 ab
840 3564 961 3618 aliis
999 3572 1267 3632 pascatur.
1313 3561 1670 3628 Quamobrem
1717 3557 1923 3613 duabus

344 3676 411 3713 ex
440 3658 678 3729 partibus
702 3658 988 3711 immanem
1020 3656 1168 3710 illum
1208 3654 1425 3710 divitem
1457 3652 1752 3723 superatis,
1779 3649 1923 3720 quod

346 3766 537 3820 nempe
561 3751 693 3804 alios
716 3748 1044 3818 prohibeatis
1072 3745 1262 3801 famem
1295 3744 1654 3813 exstinguere,
1678 3740 1923 3811 quodque

345 3857 466 3895 eum
511 3841 741 3894 animam
787 3838 1061 3909 prtefocari
1098 3837 1319 3892 videatis
1344 3878 1359 3900 ,
1392 3844 1593 3889 tantam
1628 3833 1924 3888 cxhibeatis

359 3932 821 3985 inhumanitatem.
850 3930 962 3984 lloc
1011 3937 1067 3983 et
1111 3928 1277 3984 Judzci
1324 3926 1450 3981 olim
1494 3924 1923 3980 fecerunt:nam

351 4025 621 4095 apostolus
650 4023 1002 4093 prohibebant
1029 4037 1098 4077 ne
1127 4021 1435 4076 hominibus
1460 4018 1706 4073 salutaria
1735 4017 1925 4085 loque-

352 4130 553 4173 rentur.
580 4118 649 4171 At
676 4132 769 4171 vos
809 4116 916 4169 illis
941 4116 1100 4170 etiam
1145 4114 1436 4170 deteriores
1474 4112 1622 4166 estis.
1658 4109 1735 4164 Illi
1783 4108 1925 4163 enim

348 4225 469 4263 cum
513 4223 573 4263 se
619 4208 860 4261 inimicos
885 4206 1282 4276 profiterentur,
1311 4205 1389 4260 sic
1415 4203 1594 4258 omnia
1625 4202 1715 4256 illa
1761 4200 1924 4255 facie-

352 4301 475 4353 bant
509 4316 521 4352 :
555 4313 650 4352 vos
678 4307 854 4352 autem
900 4296 1153 4352 ementita
1200 4296 1492 4350 amicorum
1541 4308 1799 4364 persona,
1826 4292 1928 4346 ini-

352 4395 517 4447 mieos
551 4409 645 4447 vos
665 4391 951 4447 exhibetis.
971 4389 1046 4444 Illi
1067 4399 1280 4444 sanctos
1301 4388 1574 4459 apostolos
1593 4386 1926 4453 verberibus,

351 4486 685 4540 contumeliis
714 4525 729 4549 ,
778 4483 1064 4553 ignominia
1139 4482 1467 4547 all‘ecerunt,
1514 4479 1929 4550 prtestigiatores

354 4595 447 4632 eos
486 4588 644 4646 atque
692 4577 1002 4630 seductores
1031 4574 1376 4645 appellantes.
1407 4571 1600 4628 Verum
1629 4573 1748 4626 illos
1783 4578 1928 4625 tanta

358 4669 486 4723 ultio
513 4668 771 4737 corripuit
794 4708 808 4732 ,
844 4675 900 4721 ut
927 4666 1070 4719 nulla
1096 4666 1371 4719 calamitas
1406 4665 1577 4734 possit
1601 4678 1786 4719 eorum
1814 4663 1928 4718 cla-

353 4760 509 4815 dibus
549 4760 868 4829 comparari.
892 4759 1022 4812 Nam
1052 4758 1206 4828 primi
1237 4768 1291 4812 et
1329 4759 1429 4814 Soli
1468 4774 1535 4813 ex
1562 4758 1706 4813 omni
1751 4757 1930 4813 homi-

357 4870 480 4906 num
517 4868 709 4922 genere
767 4868 827 4906 ea
864 4852 1003 4922 passi
1034 4862 1155 4905 sunt
1182 4893 1195 4916 ,
1226 4867 1344 4921 quae
1381 4852 1554 4906 nullus
1604 4853 1739 4906 alius
1768 4853 1806 4905 ί.
1837 4853 1932 4905 At-

354 4960 456 5013 que
480 4945 667 4997 ltorum
700 4943 802 4997 lide
823 4943 1013 5012 dignus
1037 4943 1186 4996 testis
1208 4952 1286 4997 est
1316 4941 1579 5007 Christus,
1604 4944 1693 5012 qui
1723 4943 1801 4997 sic
1821 4944 1928 4999 ait:

358 5038 469 5091 Erit
498 5036 754 5090 tribulatio
786 5053 970 5107 magna
995 5078 1009 5102 ,
1037 5037 1201 5104 qualis
1223 5052 1324 5089 non
1361 5036 1457 5105 fuit
1494 5036 1556 5088 ab
1586 5035 1728 5089 initio
1754 5036 1932 5088 mundi

356 5144 513 5194 usque
533 5143 665 5181 nunc
683 5170 698 5195 ,
728 5144 884 5196 neque
909 5137 1078 5197 postea
1105 5127 1197 5181 erit
1226 5126 1437 5196 (Matth.
1462 5125 1551 5180 24.
1573 5126 1684 5198 21).
1708 5127 1780 5180 Ea
1813 5126 1932 5196 qui-

356 5221 478 5275 dem
503 5221 679 5274 omnia
703 5260 718 5285 ,
753 5235 872 5289 quae
898 5220 969 5272 illi
998 5219 1141 5287 passi
1180 5228 1341 5283 sunt,
1369 5219 1617 5287 prosequi
1640 5234 1745 5274 non
1776 5218 1934 5289 hujus

356 5323 437 5367 est
466 5315 723 5375 temporis
758 5331 769 5365 :
803 5327 967 5381 pauca
1000 5321 1172 5366 tamen
1200 5327 1267 5365 ex
1294 5312 1472 5365 multis
1506 5312 1808 5367 necessario
1848 5312 1933 5365 di-

359 5404 522 5457 cenda
549 5412 694 5459 sunt.
719 5402 911 5459 Verbis
939 5412 1116 5457 autem
1137 5415 1256 5457 utar
1286 5419 1391 5458 non
1433 5405 1564 5459 meis
1584 5445 1599 5469 ,
1639 5404 1733 5459 sed
1766 5404 1936 5476 (lose-

362 5496 473 5566 plti)
507 5496 675 5551 Judwi
703 5537 717 5559 ,
749 5496 839 5564 qui
890 5511 1007 5550 eam
1053 5495 1329 5549 historiam
1377 5496 1588 5566 scripsit
1629 5495 1932 5565 diligenter.

362 5588 496 5655 Quid
514 5603 639 5657 ergo
661 5588 732 5641 ait
750 5587 877 5643 ille?
894 5587 1024 5641 Cum
1046 5595 1348 5642 enarrasset
1369 5587 1638 5642 incensum
1658 5587 1933 5657 templum,

363 5696 632 5750 novasque
660 5682 679 5712 ¹
713 5681 829 5734 illas
857 5680 1187 5736 calamitates
1229 5679 1583 5748 enuntiasset,
1613 5680 1689 5735 sic
1721 5678 1891 5750 pergit
1918 5695 1933 5731 ε

427 5815 445 5848 ³
478 5820 579 5863 nuo
604 5822 707 5865 MSS.
731 5817 973 5875 omittunt,
994 5829 1103 5875 qua!
1123 5816 1282 5866 nullus
1303 5815 1445 5867 alius.

426 5878 447 5908 ⁸
479 5880 549 5925 sic
567 5878 701 5939 juxta
724 5877 861 5927 Statil.
887 5886 933 5927 tu
960 5887 1027 5941 8.,
1051 5893 1341 5940 communes,
1366 5893 1467 5941 pro,
1491 5890 1647 5931 novas.

1081 433 1435 490 ADVERSUS
1473 432 2014 490 OPPUGNATORES
2051 432 2233 490 VszE
2271 434 2568 489 MONAST.
2610 434 2738 490 LIB.
2776 433 2817 489 Ι.

3491 430 3597 485 520

2095 545 2151 599 5.
2178 544 2246 599 Et
2270 547 2510 617 templum
2534 547 2734 614 quidem
2764 547 2858 600 hoc
2881 545 2934 600 in
2959 555 3093 601 statu
3114 556 3264 613 erat;
3290 563 3461 602 eorum
3488 557 3587 597 verr

2022 637 2110 704 qui
2131 652 2219 707 per
2243 636 2492 690 civitatem
2518 640 2654 707 fame
2681 636 3049 704 occumbebant,
3076 637 3278 707 inﬁnita
3301 654 3425 708 pene
3448 638 3595 692 cade-

2024 729 2106 782 bat
2131 728 2399 782 multitudo
2419 768 2436 795 ,
2459 738 2606 798 atque
2641 728 3003 783 inenarrabiles
3028 730 3377 801 contingebant
3402 730 3593 783 clades.

2024 818 2165 873 Nam
2208 836 2297 888 per
2322 819 2549 891 singulas
2579 818 2756 873 domos
2780 862 2795 886 ,
2838 819 2997 873 sicubi
3035 819 3257 873 ciborum
3302 819 3380 875 vel
3420 819 3598 873 umbra

2022 918 2183 975 esset,
2219 909 2404 988 bellum
2433 909 2643 977 aderat,
2675 926 2736 963 ac
2773 910 2849 964 vel
2882 911 3173 965 amicissimi
3205 920 3378 964 mutuo
3418 927 3599 965 manus

2023 999 2379 1064 conserebant,
2412 1017 2473 1053 ac
2507 1001 2691 1055 misera
2735 1001 2827 1055 illa
2855 1002 3037 1056 anima:
3061 1002 3244 1055 viatica
3270 1000 3596 1071 diripiebant.

2024 1090 2108 1145 Ne
2133 1092 2456 1146 morientibus
2484 1093 2681 1163 quidem
2709 1094 2843 1163 quod
2870 1094 2979 1148 cibo
3021 1095 3302 1165 indigerent
3345 1094 3472 1163 ﬁdes
3501 1097 3597 1149 ha-

2021 1183 2267 1239 bebatur:
2294 1184 2383 1238 sed
2406 1201 2489 1238 eos
2514 1201 2707 1256 quoque
2726 1186 2811 1256 qui
2836 1186 3159 1256 exspirabant
3183 1228 3199 1250 ,
3232 1187 3451 1241 latrones
3480 1203 3600 1258 per-

2023 1274 2375 1328 scrutabantur
2399 1314 2415 1339 ,
2444 1292 2508 1329 ne
2536 1277 2647 1345 quis
2686 1277 2817 1345 forte
2845 1276 3082 1330 simulata
3108 1286 3267 1331 morte
3294 1276 3459 1331 cibum
3487 1278 3602 1331 sinu

2023 1367 2313 1420 occultaret.
2331 1366 2436 1420 Alii
2459 1383 2573 1421 vero
2605 1367 2739 1436 fame
2750 1368 2965 1434 hiantes,
2990 1378 3242 1439 tamquam
3264 1366 3429 1422 rabidi
3453 1383 3601 1422 canes

2022 1467 2185 1513 mente
2231 1459 2490 1524 destituti,
2534 1459 2832 1530 insaniaque
2885 1460 3139 1531 correpti,
3171 1458 3422 1513 ebriorum
3461 1474 3600 1513 more

2020 1554 2074 1606 in
2107 1553 2234 1607 ostia
2258 1554 2597 1623 impingebant
2627 1568 2647 1607 :
2675 1569 2735 1606 ac
2759 1552 3106 1622 desperatione
3145 1552 3315 1615 ducti,
3338 1551 3465 1605 hora
3496 1566 3599 1604 una

2021 1645 2098 1701 bis
2124 1656 2253 1699 terve
2279 1645 2333 1698 in
2357 1645 2586 1700 eamdem
2622 1645 2830 1699 domum
2866 1645 3228 1716 irrumpebant.
3268 1641 3455 1698 Omnia
3479 1658 3597 1697 vero

2022 1738 2251 1793 dentibus
2288 1738 2543 1810 subigebat
2572 1739 2785 1809 penuria
2808 1778 2823 1804 ,
2853 1746 2899 1790 et
2927 1753 2986 1791 ea
3012 1752 3124 1807 qua:
3148 1753 3209 1790 ne
3234 1734 3597 1790 sordidissimis

2020 1832 2221 1901 quidem
2259 1830 2520 1885 brutorum
2561 1830 2895 1883 animantium
2937 1829 3052 1882 usui
3087 1838 3229 1882 erant
3271 1828 3557 1898 colligentes
3581 1867 3595 1891 ,

2021 1922 2168 1976 edere
2192 1938 2293 1975 non
2314 1921 2626 1975 dubitabant.
2646 1920 2691 1974 Α
2715 1921 2930 1992 cingulis
2954 1920 3110 1991 igitur
3129 1928 3173 1974 et
3194 1936 3227 1972 a
3254 1917 3602 1973 calceamentis

2023 2022 2271 2084 postremo
2296 2029 2395 2066 non
2419 2010 2750 2075 abstinebant,
2778 2012 3027 2082 scutisque
3050 2011 3274 2064 detracta
3294 2009 3433 2063 coria
3454 2024 3599 2062 man-

2021 2104 2221 2159 debant.
2255 2104 2389 2158 Esca
2414 2114 2581 2158 autem
2626 2103 2927 2174 quibusdam
2955 2112 3098 2157 erant
3141 2103 3261 2171 freni
3286 2100 3439 2156 laceri
3475 2099 3597 2154 reli-

2019 2198 2151 2267 quiae
2173 2213 2191 2251 :
2217 2206 2548 2269 purgamenta
2585 2196 2704 2249 item
2730 2195 2963 2249 nonnulli
2988 2195 3296 2266 colligentes,
3326 2193 3590 2247 minimum

2021 2305 2193 2343 eorum
2212 2287 2409 2361 pondus
2425 2296 2642 2357 quatuor
2664 2287 2829 2341 atticis
2849 2284 3217 2340 vendebant.Et
3237 2283 3358 2354 quid
3380 2300 3507 2353 opus
3527 2292 3600 2337 est

2020 2383 2173 2453 famis
2208 2382 2576 2451 improbitatem
2602 2381 2658 2435 in
2701 2380 2845 2434 rebus
2872 2378 3109 2433 inanimis
3157 2377 3418 2448 persequi?
3460 2374 3590 2431 Rem

2020 2484 2322 2530 narraturus
2360 2490 2473 2528 sum
2496 2515 2512 2541 ,
2542 2474 2743 2544 qualem
2767 2488 2856 2526 nec
2889 2472 3028 2541 apud
3071 2469 3273 2525 Gra’cos
3322 2484 3412 2523 nec
3461 2468 3601 2539 apud

2021 2569 2260 2624 barbaros
2288 2568 2556 2638 contigisse
2602 2575 2909 2621 memoratur
2941 2580 3188 2634 usquam,
3218 2561 3356 2615 dictu
3385 2558 3598 2614 horren-

2021 2663 2141 2716 dam
2162 2704 2178 2729 ,
2206 2671 2355 2733 atque
2380 2658 2721 2715 incredibilem
2748 2657 2945 2712 auditu.
2988 2655 3126 2711 Sane
3152 2670 3244 2724 ego
3293 2670 3356 2708 ne
3396 2652 3592 2706 viderer

2024 2762 2257 2825 portenta
2276 2753 2562 2823 conﬁngere
2588 2750 2774 2821 futuris
2802 2747 3085 2802 hominibus
3102 2787 3116 2811 ,
3152 2743 3440 2816 Itujusmodi
3461 2742 3603 2796 cala-
3686 2817 3693 2823 ι

2019 2849 2245 2901 mitatem
2292 2844 2500 2900 libenter
2544 2842 2840 2907 tacuissem,
2888 2839 2989 2892 nisi
3034 2837 3324 2890 innumeros
3370 2834 3480 2905 ejus
3524 2831 3603 2887 rei

2022 2947 2167 2993 testes
2219 2936 2448 2990 haberem
2482 2949 2501 2988 :
2544 2940 2881 3002 pratereaque
2928 2927 3108 2998 patria:
3152 2924 3454 2980 levissimam
3480 2937 3601 2992 gra-

2023 3029 2145 3082 tiam
2188 3028 2465 3098 referrem,
2496 3024 2541 3077 si
2581 3038 2692 3093 quae
2732 3021 2901 3091 reipsa
2931 3032 3080 3088 passa
3106 3024 3214 3083 est,
3245 3030 3306 3069 ea
3344 3010 3603 3067 narrando

2022 3120 2406 3191 supprimerem.
2433 3116 2622 3171 Mulier
2646 3113 2877 3183 quendam
2903 3127 2965 3165 ea:
2984 3110 3048 3165 iis
3067 3149 3080 3173 ,
3104 3124 3217 3180 quae
3254 3107 3392 3161 ultra
3416 3103 3603 3159 Jordao

2023 3228 2136 3266 nem
2162 3210 2482 3273 incolebant,
2515 3207 2685 3262 Maria
2732 3204 2966 3269 nomine,
2996 3211 3141 3273 patre
3183 3199 3431 3254 Eleazaro
3451 3240 3467 3266 ,
3493 3196 3601 3252 vico

2023 3296 2408 3369 Bethezo,quod
2430 3296 2691 3369 signiﬁcat
2710 3296 2932 3353 domum
2950 3291 3192 3366 hyssopi,
3209 3305 3393 3360 genere
3408 3297 3456 3344 et
3481 3289 3604 3343 dioi-

2025 3393 2107 3447 tiis
2149 3391 2392 3461 insignis,
2442 3405 2557 3444 cum
2598 3388 2793 3456 reliqua
2857 3384 3182 3440 multitudine
3232 3381 3604 3450 Jerosolgmam

2025 3484 2318 3554 confugerat
2341 3522 2357 3546 ,
2384 3480 2632 3548 simulque
2658 3476 2998 3533 obsidebatur.
3031 3475 3202 3541 Hujus
3225 3488 3422 3528 omnem
3445 3471 3602 3524 aliam

2024 3574 2357 3627 substantiam
2382 3571 2582 3642 tyranni
2612 3570 2930 3640 diripuerant
2952 3608 2967 3629 ,
2990 3575 3230 3637 quantam
3258 3580 3323 3618 ea:
3345 3561 3527 3617 Peraea
3549 3562 3605 3616 in

2030 3661 2214 3718 Urbem
2260 3669 2685 3732 transportaverat
2716 3658 2994 3728 :reliquias
3021 3666 3188 3711 autem
3233 3654 3606 3709 reconditarum

2026 3771 2226 3822 rerum,
2254 3764 2302 3809 et
2326 3754 2370 3808 si
2400 3753 2522 3822 quid
2548 3754 2602 3806 in
2637 3752 2801 3807 cibum
2828 3757 3198 3821 prrepararetur
3220 3788 3235 3813 ,
3273 3744 3494 3817 quotidie
3528 3744 3606 3797 ir-

2026 3854 2312 3918 rumpentes
2350 3844 2587 3899 satellites
2612 3842 2936 3911 diripiebant.
2968 3837 3097 3895 Dira
3131 3848 3296 3893 autem
3325 3835 3607 3908 indignatio

2027 3936 2382 3994 mulierculam
2409 3937 2576 4003 subiit,
2607 3953 2667 3989 ac
2689 3935 2949 4007 praedones
2977 3949 3111 4005 swpe
3138 3930 3375 3985 conviciis
3404 3938 3451 3984 et
3493 3944 3606 3982 ma-

2029 4030 2223 4087 ledictis
2262 4031 2552 4094 insectans,
2601 4029 2654 4081 in
2698 4027 2918 4097 seipsam
2968 4022 3271 4078 concitabat.
3312 4019 3439 4075 Cum
3492 4034 3609 4074 vero

2029 4124 2198 4178 nullus
2227 4130 2317 4177 aut
2343 4123 2423 4175 ira
2446 4129 2705 4191 correptus
2724 4159 2739 4184 ,
2765 4125 2853 4170 aut
2875 4116 2981 4187 ejus
3005 4115 3236 4168 misertus
3254 4154 3270 4177 ,
3313 4111 3478 4182 ipsam
3524 4109 3610 4163 in-

2031 4215 2276 4284 terﬁceret
2304 4253 2319 4277 ,
2350 4212 2558 4281 ipsaque
2604 4210 2739 4263 cibos
2786 4206 2915 4261 alios
2955 4206 3177 4259 invenire
3208 4201 3493 4265 laboraret,
3551 4215 3611 4252 ac

2032 4308 2229 4378 penitus
2254 4304 2453 4375 difﬁcile
2480 4310 2607 4356 esset
2633 4302 2747 4371 jam
2788 4298 3048 4369 quidpiam
3072 4294 3324 4360 invenire,
3357 4296 3611 4364 famesque

2029 4418 2122 4469 per
2145 4401 2336 4455 viscera
2360 4408 2406 4452 et
2436 4397 2683 4451 medullas
2717 4402 2956 4463 serperet,
2989 4393 3218 4463 fameque
3250 4388 3610 4444 vehementiore

2031 4494 2111 4547 ira
2134 4499 2369 4547 mstuaret
2392 4531 2405 4551 ,
2435 4488 2700 4543 consilium
2737 4487 2955 4539 dictante
2989 4482 3334 4552 indignatione
3371 4494 3486 4533 cum
3529 4494 3615 4532 ne-

2032 4583 2259 4637 cessitate
2294 4581 2590 4651 conjuncta,
2631 4580 2683 4631 in
2720 4587 2953 4630 naturam
2996 4575 3161 4645 ipsam
3206 4572 3445 4636 vertitur,
3471 4578 3519 4623 et
3545 4570 3613 4638 ﬁ-

2034 4674 2159 4728 lium
2176 4672 2305 4744 (erat
2325 4671 2511 4740 quippe
2537 4670 2615 4723 illi
2637 4667 2875 4736 parvulus
2898 4663 3368 4735 lactens)arripiens
3390 4677 3408 4716 :
3432 4659 3613 4726 Miser,

2033 4766 2236 4835 inquit,
2269 4763 2477 4831 puerule
2503 4803 2517 4828 ,
2545 4762 2599 4814 in
2627 4759 2777 4825 bello,
2809 4759 2860 4812 in
2891 4761 3024 4828 fame
3061 4765 3107 4810 et
3140 4755 3381 4810 seditione
3409 4795 3425 4820 ,
3457 4752 3540 4806 cui
3569 4760 3616 4805 te

2035 4855 2241 4911 servabo
2264 4854 2288 4908 ?
2316 4871 2348 4907 a
2377 4852 2639 4916 Romanis,
2673 4851 2716 4907 si
2745 4851 3009 4904 vixerimus
3028 4890 3043 4913 ,
3072 4847 3283 4901 servitus
3306 4861 3397 4899 nos
3425 4853 3615 4908 manet,

2040 4949 2327 5003 servitutem
2344 4945 2606 5000 antevertit
2626 4946 2856 5015 fames,et
2880 4942 3103 5010 utrisque
3115 4940 3345 4994 aeviores
3370 4936 3614 4991 seditiosi.

2038 5040 2223 5112 Perge,
2253 5039 2377 5093 mihi
2393 5039 2531 5092 cibus
2557 5033 2936 5101 esto,seditiosis
2965 5030 3208 5101 Erinnys,
3227 5028 3417 5083 mundo
3438 5026 3612 5100 fabula

2037 5150 2150 5206 quae
2184 5133 2295 5187 sola
2349 5130 2483 5184 deest
2525 5124 2893 5182 calamitatibus
2938 5122 3256 5176 Iudaeorum.
3316 5118 3413 5173 His
3470 5118 3617 5172 dictis

2040 5228 2205 5297 ﬁlium
2227 5232 2389 5287 necat,
2419 5222 2585 5293 coquit
2615 5228 2788 5290 postea
2810 5260 2827 5285 ,
2855 5217 3061 5288 ejusque
3088 5213 3354 5268 dimidium
3378 5210 3616 5270 comedit,

2038 5319 2279 5389 reliquias
2298 5333 2412 5371 vero
2432 5316 2708 5369 occultatas
2731 5310 2977 5366 servabat.
3004 5308 3203 5362 Adsunt
3227 5306 3461 5360 continuo
3485 5305 3619 5359 sedi-

2040 5410 2188 5475 tiosi,
2218 5408 2413 5477 nefario
2455 5406 2632 5460 nidore
2665 5402 2905 5473 pertracti
2926 5441 2942 5467 ,
2973 5401 3328 5466 minanturque
3372 5403 3581 5448 mortem
3600 5434 3614 5457 ,

2042 5501 2138 5555 nisi
2162 5499 2296 5569 quod
2335 5507 2597 5568 paraverat
2626 5500 2894 5567 proferret.
2926 5490 2992 5544 At
3023 5489 3116 5543 illa
3141 5502 3257 5541 cum
3282 5494 3475 5557 partem
3516 5483 3619 5537 illis

2041 5594 2223 5647 bonam
2252 5606 2471 5646 servasse
2506 5605 2559 5643 se
2587 5588 2792 5652 diceret,
2822 5584 2928 5638 nati
2971 5580 3211 5651 reliquias
3242 5577 3460 5647 aperuit.
3490 5574 3616 5628 Tum

2041 5684 2159 5738 illos
2188 5682 2357 5736 statim
2384 5681 2564 5733 horror
2608 5676 2882 5743 mentisque
2925 5680 3102 5740 stupor
3142 5667 3400 5739 occupavit
3427 5708 3442 5731 ,
3470 5674 3517 5718 et
3552 5666 3618 5716 ad

2044 5777 2196 5827 talem
2220 5782 2477 5843 aspectum
2500 5771 2643 5841 quasi
2688 5765 2817 5821 cunei
2853 5764 3009 5833 deﬁxi
3035 5766 3294 5816 steterunt.
3335 5756 3442 5811 Illa
3465 5770 3615 5819 vero,

2050 5868 2216 5935 Meus,
2248 5864 2428 5932 inquit,
2455 5873 2525 5919 est
2560 5862 2696 5932 ﬁlius
2722 5858 2988 5932 genuinus,
3017 5869 3239 5926 opusque
3260 5867 3441 5906 meum.
3472 5847 3621 5904 Com-
