4096 6392
432 418 534 474 52⁸*

433 531 582 593 edite,
620 545 738 584 nam
761 537 809 583 et
834 529 944 600 ipsa
973 529 1165 582 romedi
1184 545 1204 582 :
1240 545 1303 582 ne
1340 528 1450 582 sitis
1477 528 1555 581 vel
1580 528 1786 582 muliere
1810 527 2001 582 mollio-

433 639 534 682 res,
563 622 640 676 vel
684 632 845 676 matre
881 621 1325 675 misericordiores.
1362 620 1510 687 Quod
1548 622 1594 676 si
1649 636 1738 675 vos
1778 609 2010 693 pietatem

436 714 621 783 colitis,
649 713 958 784 hostiumque
981 731 1142 766 meam
1167 713 1466 766 auersamini
1482 728 1501 767 :
1526 730 1616 784 ego
1637 714 1838 784 quidem
1864 713 2014 766 diuti-

437 804 576 858 dium
612 806 949 871 manducavi,
974 807 1204 876 quodque
1241 803 1489 876 reliquum
1530 815 1600 859 est
1625 805 1749 858 mihi
1790 815 2011 860 maneat.

440 895 568 950 Post
584 896 689 951 Ittec
708 896 784 951 illi
795 896 992 962 quidem
1013 906 1274 950 trementes
1295 898 1552 962 exierunt,
1579 897 1673 951 hac
1696 914 1797 951 una
1822 908 2017 951 tantum

438 988 490 1040 in
516 1003 571 1041 re
597 987 890 1051 timidiores,
905 1003 1111 1056 eamque
1139 989 1224 1047 uia:
1247 1003 1414 1041 escam
1441 989 1457 1020 ⁸
1503 988 1653 1040 matri
1667 987 2013 1042 concedentes.

443 1076 593 1131 Tanti
632 1078 802 1132 statim
845 1078 1086 1148 facinoris
1116 1080 1256 1150 fama
1302 1078 1422 1132 urbs
1453 1088 1557 1132 tota
1594 1080 1797 1147 repleta'
1816 1090 1888 1132 est
1911 1120 1928 1145 ,
1958 1095 2018 1133 ac

442 1184 548 1238 prta
575 1167 739 1224 oculis
766 1169 955 1239 singuli
980 1185 1091 1222 eam
1115 1169 1454 1223 calamitatem
1480 1180 1738 1239 ponentes,
1759 1186 1859 1223 non
1878 1184 2020 1222 secus

441 1275 502 1311 ac
537 1258 583 1313 si
624 1258 724 1329 ipsi
752 1258 982 1330 fecissent
1018 1259 1488 1313 exhorrescebant’.
1516 1259 1616 1326 Qui
1647 1264 1781 1331 {ante
1822 1259 2021 1313 crucia-

444 1350 629 1404 bantur
650 1361 862 1405 mortem
887 1352 1215 1422 expetebant,
1246 1352 1511 1422 beatosque
1539 1350 1880 1422 prtedicabant
1903 1367 1987 1405 eos
2005 1392 2021 1418 ,

446 1445 532 1513 qui
561 1444 656 1497 hac
682 1461 739 1498 re
767 1445 993 1497 nondum
1020 1445 1218 1508 audita,
1246 1444 1422 1514 hisque
1449 1460 1550 1497 non
1573 1445 1852 1514 conspectis
1879 1444 2026 1497 malis

447 1535 781 1595 decesserant.
800 1534 910 1589 Cito
934 1536 1002 1588 ad
1028 1534 1286 1589 Romanos
1302 1533 1499 1606 perlata
1518 1546 1592 1588 est
1617 1536 1724 1589 Iure
1743 1535 2025 1588 calamitas.

454 1624 539 1680 Ea:
582 1626 647 1679 iis
676 1626 767 1680 alii
808 1642 908 1679 non
932 1625 1237 1691 credebant,
1284 1626 1374 1678 alii
1399 1626 1794 1689 miserebantur,
1825 1623 2031 1695 plurimi

449 1730 563 1768 vero
583 1718 639 1768 in
665 1716 831 1785 majus
855 1717 1014 1787 gentis
1038 1715 1210 1769 odium
1237 1726 1531 1770 exarserunt
1555 1714 1792 1787 (Ioseph.
1811 1717 1871 1768 de
1887 1713 2030 1768 Bello

453 1805 673 1861 Iudaico
696 1848 712 1872 ,
742 1807 831 1862 lib.
862 1808 916 1863 6.
945 1824 992 1862 c.
1018 1808 1071 1862 7.
1098 1817 1146 1862 et
1173 1809 1251 1879 8).

522 1897 577 1951 6.
603 1894 725 1950 Non
755 1896 881 1965 ﬁdes
903 1898 1052 1951 modo
1072 1938 1089 1964 ,
1116 1898 1206 1952 sed
1234 1897 1333 1952 vita
1358 1897 1488 1951 bona
1511 1896 1879 1968 requiritur.—
1907 1893 2032 1949 Haec

456 1987 726 2057 multoque
754 1986 837 2047 his
863 1987 1123 2043 atrociora
1163 1988 1531 2057 patiebantur,
1573 2003 1678 2042 non
1708 1985 1868 2039 modo
1912 1984 2035 2055 quia

454 2078 725 2133 Christum
755 2078 901 2134 cruci
948 2077 1261 2145 afllxerant,
1306 2078 1398 2133 scd
1425 2079 1547 2149 quia
1593 2085 1710 2148 post
1750 2076 1865 2132 haec
1902 2090 2036 2147 apo—

456 2170 626 2225 stolos
670 2184 732 2225 ea
779 2170 920 2242 loqui
961 2171 1351 2241 prohibebant,
1397 2188 1515 2242 quae
1552 2171 1616 2225 ad
1667 2172 1893 2226 salutem
1937 2185 2038 2223 no-

452 2269 626 2315 stram
648 2261 988 2342 pertinerent.
1018 2261 1169 2329 Quod
1198 2278 1328 2318 sane
1370 2263 1555 2317 beatus
1594 2262 1787 2317 Paulus
1831 2260 2040 2317 crimini

464 2352 643 2420 dans,
671 2352 786 2407 haec
836 2352 941 2409 illis
990 2354 1128 2407 mala
1174 2355 1590 2423 praenuntiavit:
1626 2354 1856 2409 Peruenit
1907 2358 2042 2410 enim

465 2462 617 2517 super
640 2461 723 2500 eos
740 2448 825 2500 ira
850 2446 906 2500 in
933 2446 1085 2517 ﬁnem
1112 2432 1207 2517 (l.'
1225 2445 1402 2501 Thess.
1433 2447 1490 2501 2.
1522 2445 1628 2518 l6).
1652 2448 1718 2501 Et
1741 2448 1865 2518 quid
1906 2449 2041 2517 haec,

465 2536 687 2605 dicent,
731 2538 798 2591 ad
846 2537 991 2592 nos?
1037 2553 1141 2592 non
1182 2537 1324 2591 enim
1371 2536 1492 2591 illos
1519 2553 1547 2591 a
1577 2537 1678 2593 [ide
1703 2538 2042 2605 abducimus,

460 2642 640 2699 neque
668 2643 697 2682 a
721 2629 1113 2698 praedicatione.
1144 2631 1214 2683 At
1240 2628 1387 2699 quid,
1414 2645 1615 2699 qumso,
1650 2631 1782 2685 lides
1809 2629 2049 2686 conferet

472 2721 859 2787 emolumenti,
883 2722 928 2776 si
960 2721 1065 2775 vita
1091 2735 1222 2791 pura
1247 2738 1350 2775 non
1379 2722 1574 2778 fuerit?
1602 2722 1793 2778 Verum
1821 2723 1935 2778 haec
1956 2738 2051 2778 vos

471 2811 608 2868 forte
654 2811 947 2884 ignoratis,
990 2813 1180 2884 quibus
1238 2823 1417 2868 nostra
1462 2814 1640 2868 omnia
1682 2813 1857 2885 ignota
1906 2822 2048 2869 sunt.

473 2904 589 2975 Ego
617 2913 794 2962 autem
820 2905 970 2960 vobis
996 2904 1191 2961 Christi
1220 2907 1512 2962 sententias
1540 2909 1866 2964 enumerabo
1900 2925 1915 2963 :
1954 2909 2052 2964 ob-

475 2998 700 3055 servetis
741 2998 899 3054 velim
930 3006 1290 3070 numquamne
1318 2998 1386 3054 de
1429 2999 1535 3054 vita
1567 2999 1903 3069 requiratur,
1957 2999 2054 3055 sed

465 3106 578 3161 pro
605 3089 708 3145 ﬁde
738 3099 939 3145 tantum
986 3101 1042 3146 et
1085 3091 1420 3162 dogmatibus
1469 3092 1729 3163 supplicia
1771 3094 2055 3151 constituta

474 3183 604 3238 sint.
633 3182 767 3238 Cum
790 3181 931 3238 enim
962 3182 1014 3236 in
1037 3193 1274 3237 montem
1300 3182 1663 3249 ascendisset,
1691 3184 1876 3239 videns
1904 3187 2058 3240 innu-

468 3286 679 3328 meram
699 3272 1155 3329 circumﬂuentem
1176 3272 1591 3339 multitudinem,
1617 3276 1905 3344 praemissis
1942 3276 2058 3332 aliis

468 3367 728 3434 monitis,
757 3365 1002 3421 dicebat:
1031 3365 1154 3421 Non
1179 3367 1341 3421 omnis
1369 3367 1454 3436 qui
1479 3366 1601 3421 dicit
1628 3368 1783 3433 mihi,
1805 3366 2079 3437 Domine,

481 3458 722 3527 Domine,
777 3458 984 3512 intrabit
1036 3459 1093 3513 in
1136 3475 1345 3531 regnum
1371 3459 1642 3525 caelorum,
1682 3459 1771 3513 sed
1817 3460 1903 3530 qui
1938 3461 2061 3530 facit

485 3552 797 3606 uoluntatem
826 3550 1001 3606 Patris
1036 3553 1153 3605 mei.
1186 3553 1338 3620 Item,
1366 3549 1523 3606 Multi
1548 3551 1713 3605 dicent
1738 3552 1862 3605 mihi
1900 3553 1954 3606 in
1981 3552 2064 3606 die

483 3642 576 3697 illa
590 3641 634 3709 ³,
649 3658 814 3697 nonne
845 3643 900 3698 in
923 3642 1124 3697 nomine
1146 3651 1232 3696 tuo
1264 3644 1688 3715 prophetavimus,
1708 3652 1755 3696 et
1785 3644 1839 3697 in
1860 3644 2064 3698 nomine

485 3743 572 3789 tuo
600 3733 850 3789 daemonia
881 3736 1136 3804 ejecimus,
1168 3743 1215 3789 et
1232 3735 1286 3788 in
1306 3736 1506 3789 nomine
1536 3746 1621 3790 tuo
1648 3735 1852 3790 virtutes
1878 3737 2066 3791 multas

490 3824 816 3881 1'ecimusilltl't
838 3835 956 3881 tunc
980 3825 1253 3897 conﬁtebor
1281 3825 1419 3880 illis:
1439 3825 1671 3882 Recedite
1686 3844 1718 3881 a
1739 3845 1818 3882 me
1835 3828 1923 3898 qui
1947 3845 2067 3898 ope-

484 3916 671 3971 ramini
686 3917 1030 3987 iniquitatem:
1046 3934 1147 3972 non
1166 3918 1376 3973 nouivos
1390 3916 1603 3990 (Matth.
1627 3918 1679 3973 7.
1704 3917 1914 3989 21-25).
1932 3919 2064 3974 Eum

484 4023 612 4063 vero
632 4009 722 4079 qui
744 4009 891 4065 audit
910 4024 1187 4066 sermones
1210 4011 1372 4081 ipsius
1386 4052 1406 4078 _,
1430 4018 1486 4066 et
1513 4024 1617 4066 non
1651 4010 1776 4066 iacit
1792 4052 1809 4078 ,
1839 4013 2066 4068 similem

486 4115 607 4156 esse
625 4100 758 4156 dixit
787 4100 990 4155 homini
1027 4101 1202 4167 fatuo,
1224 4101 1443 4156 domum
1469 4116 1617 4155 suam
1649 4116 1809 4171 super
1844 4117 2065 4158 arenam

488 4190 793 4259 aediﬁcanti,
822 4193 910 4264 qui
938 4206 1057 4247 eam
1098 4192 1403 4249 ﬂuminibus
1424 4233 1442 4261 ,
1470 4192 1663 4262 pluviis
1705 4202 1762 4249 et
1787 4195 1959 4250 ventis
1988 4194 2063 4250 fa-

488 4285 591 4340 cile
612 4283 924 4340 diruendam
950 4295 1118 4356 parat.
1150 4283 1282 4340 Item
1315 4299 1438 4341 cum
1468 4286 1522 4340 in
1568 4285 1674 4341 alio
1702 4286 1821 4342 loco
1859 4289 2068 4344 concio-

492 4385 709 4432 naretur
732 4395 746 4431 :
768 4377 937 4445 Sicut,
965 4379 1152 4447 inquit,
1184 4379 1501 4448 piscatores,
1535 4394 1659 4434 cum
1684 4395 1929 4451 sagenam
1967 4390 2071 4437 tra-

493 4469 668 4523 xerint
692 4507 712 4535 ,
752 4468 920 4524 malos
949 4470 1120 4538 pisces
1163 4468 1451 4539 abjiciunt,
1479 4471 1552 4524 ita
1597 4471 1700 4526 erit
1726 4472 1775 4525 in
1815 4472 1901 4526 illa
1940 4472 2071 4540 die,

492 4558 694 4628 angelis
718 4572 814 4614 eos
842 4574 1029 4615 omnes
1065 4559 1154 4629 qui
1196 4560 1532 4630 peccaverint
1572 4560 1625 4614 in
1668 4560 1937 4617 fornacem
1987 4562 2073 4632 ja-

494 4653 758 4710 cientibus
798 4653 1009 4725 (Matth.
1057 4656 1141 4711 15.
1172 4654 1300 4726 47).
1333 4655 1410 4709 De
1448 4653 1723 4725 ﬂagitiosis
1759 4670 1969 4724 quoque
2022 4663 2078 4710 et

492 4746 717 4817 impuris
758 4745 1060 4802 hominibus
1113 4746 1334 4817 loquens
1375 4745 1626 4801 dicebat:
1659 4744 1797 4801 Illuc
1832 4746 2033 4800 abibunt
2058 4787 2073 4811 ,

490 4836 581 4891 ubi
608 4837 787 4891 vernus
812 4836 899 4906 qui
925 4853 1025 4890 non
1048 4837 1259 4891 moritur
1281 4877 1296 4901 ,
1326 4845 1373 4890 et
1396 4835 1529 4904 ignis
1555 4836 1643 4904 qui
1666 4851 1767 4889 non
1805 4836 2079 4907 exstingui-

498 4945 582 4986 tur
603 4930 796 5003 (Marc.
817 4930 871 4986 9.
893 4931 1007 5002 42).
1037 4931 1102 4984 Ει
1121 4945 1354 4994 rursum,
1379 4929 1512 4997 Rex,
1527 4929 1713 4999 inquit,
1734 4931 1851 5001 fecit
1879 4930 2081 4999 nuptias

495 5024 609 5093 [ilio
622 5034 787 5090 suo,et
808 5041 926 5079 cum
945 5023 1144 5078 vidisset
1162 5024 1410 5078 hominem
1434 5025 1662 5078 vestitum
1686 5024 1899 5078 vestibus
1917 5024 2082 5078 sordi-

499 5118 600 5183 dis,
616 5120 688 5172 ait
705 5118 774 5171 ad
793 5133 907 5171 eum
922 5131 942 5171 :
958 5116 1147 5184 Amice,
1167 5115 1418 5187 quomodo
1447 5116 1545 5169 huc
1564 5117 1764 5170 intrasti
1782 5132 1883 5171 non
1895 5116 2082 5172 habens

503 5219 685 5264 uestem
711 5207 990 5279 nuptialem
1005 5208 1110 5263 iAt
1130 5208 1495 5263 illeobmutuit.
1525 5207 1666 5263 Tunc
1690 5209 1817 5263 dixit
1841 5208 2084 5264 ministris

502 5304 652 5358 suis:
686 5301 886 5373 Ligatis
915 5302 1146 5356 manibus
1173 5310 1218 5355 et
1257 5299 1466 5371 pedibus
1505 5300 1639 5372 ejus,
1668 5300 1835 5369 ejicite
1857 5298 2005 5353 illum
2029 5301 2084 5355 in

508 5396 736 5452 tenebras
763 5396 1031 5449 exteriores
1077 5392 1288 5465 (Matth.
1318 5391 1409 5448 22.
1435 5392 1518 5463 2).
1549 5391 1836 5462 lmpudicis
1867 5432 1883 5454 ,
1912 5402 1969 5446 ut
1997 5391 2083 5446 di-

500 5500 648 5547 ctum
677 5498 797 5553 est,
843 5494 901 5543 et
933 5486 1220 5557 ﬂagitiosis
1265 5485 1383 5540 haec
1425 5484 1797 5541 comminatur.
1840 5472 2085 5557 Virgines

503 5593 632 5637 atem
658 5621 675 5647 ,
706 5594 828 5650 qute
875 5593 905 5632 a
948 5577 1130 5647 sponsi
1176 5576 1411 5631 thalamo
1451 5575 1683 5630 exclusae
1729 5572 1985 5641 fuerunt,
2016 5575 2086 5638 ob

582 5686 599 5716 ¹
622 5687 765 5750 savil.
790 5694 842 5740 et
868 5688 966 5739 duo
989 5697 1097 5739 Mss.
1118 5689 1320 5747 habent,
1342 5699 1516 5750 easque
1546 5683 1673 5736 solas
1695 5682 1913 5738 delicias.

573 5754 593 5782 ι
624 5749 789 5821 iteret.
810 5764 876 5821 ex
900 5752 1033 5821 edito
1053 5751 1282 5821 Josephi:
1307 5762 1401 5802 nm
1421 5749 1556 5802 secus
1575 5761 1635 5798 ac
1656 5760 1821 5799 coram
1840 5750 1956 5816 ipsis
1975 5750 2081 5804 lucc

507 5812 726 5882 mqudiru
746 5819 939 5882 patriae
960 5812 1185 5882 fuissent-ﬁ
1326 5872 1338 5882 _
1568 5871 1580 5882 .

568 5874 597 5909 ³
620 5879 728 5926 Duo
744 5872 847 5928 uss.
874 5872 1172 5940 mc'auuum,
1198 5872 1416 5937 contine,
1440 5872 1658 5927 omnem.

1167 416 1225 471 S.
1264 413 1538 472 JOANNIS
1560 412 2034 472 CHRYSUSTOMI
2072 418 2388 477 ARCHIEP.
2427 420 2958 479 CONSTANTINOP.

3581 415 3688 470 323

2120 532 2485 589 crudelitatem
2512 544 2566 590 et
2594 534 3029 590 inhumanitatmn
3060 535 3171 588 hare
3213 546 3382 603 passa:
3419 540 3560 584 sunt.
3587 530 3689 583 Alii

2115 638 2302 679 rursus
2324 623 2510 680 eadem
2550 627 2617 680 de
2636 641 2796 681 causa
2828 637 2951 683 eunt
2984 625 3038 679 in
3070 627 3240 698 ignem
3278 637 3557 688 wternum,
3590 621 3682 688 qui

2118 723 2448 779 prwparatus
2469 723 2544 767 est
2571 712 2782 767 diabolo
2806 728 2856 769 et
2886 715 3082 785 angelis
3098 718 3237 784 ejus.
3282 715 3352 769 Et
3390 715 3426 768 ii
3455 729 3690 785 quoque,

2118 802 2210 872 qui
2233 811 2433 859 temere
2458 811 2513 858 et
2535 804 2651 858 sine
2665 819 2825 859 causa
2849 805 3155 874 loquuntur,
3177 804 3694 860 condemnabuntur.

2120 894 2205 950 Ea:
2224 896 2383 950 verbis
2417 896 2604 968 quippe
2630 898 2730 951 tuis
2752 938 2768 963 ,
2799 898 2905 961 ait,
2946 898 3340 968 justiﬁcaberis,
3370 906 3416 951 et
3435 912 3500 951 ea:
3543 895 3703 950 verbis

2122 988 2222 1042 tuis
2270 990 2287 1020 ¹
2328 988 2738 1043 condemnaberis
2784 988 2999 1059 (Matth.
3047 988 3134 1044 19..
3181 989 3296 1060 57).
3347 988 3560 1059 Ergone
3607 988 3702 1042 tibi

2122 1077 2367 1133 videmur
2414 1080 2610 1135 frustra
2657 1080 2726 1136 de
2767 1082 2872 1135 vita
2917 1081 3138 1147 timere,
3186 1096 3539 1152 magnamque
3587 1081 3707 1150 ejus

2125 1167 2478 1238 philosophia:
2502 1171 2684 1239 partis,
2702 1185 2821 1240 qua:
2845 1186 3021 1224 mores
3048 1170 3295 1238 instituit,
3317 1171 3575 1225 rationem
3607 1169 3704 1223 ha-

2126 1260 2298 1315 bere?
2325 1262 2381 1315 ld
2407 1273 2555 1317 certe
2581 1277 2688 1315 non
2713 1270 2837 1331 puto
2865 1280 2878 1314 :
2911 1261 3012 1316 nisi
3037 1260 3263 1317 fortasse
3287 1261 3556 1316 Christum
3586 1259 3707 1314 haec

2128 1351 2304 1404 omnia
2334 1351 2520 1421 hisque
2551 1350 2699 1420 plura
2729 1360 2930 1407 temere
2953 1351 3152 1406 dixisse
3169 1352 3399 1421 jactites.
3421 1351 3537 1406 Non
3566 1351 3709 1406 enim

2130 1439 2217 1495 hic
2244 1444 2423 1496 omnia
2470 1441 2916 1510 complectimur:
2949 1441 3093 1512 quod
3135 1441 3235 1495 nisi
3280 1442 3484 1511 pigeret
3510 1440 3710 1495 oratio-

2132 1548 2255 1587 nem
2294 1533 2549 1602 prolixius
2576 1532 2865 1587 extendere
2883 1574 2898 1599 ,
2922 1540 2976 1587 et
3002 1547 3068 1588 ex
3096 1531 3369 1602 prophetis
3383 1538 3440 1586 et
3460 1546 3527 1586 ex
3555 1531 3717 1586 beato

2134 1625 2298 1679 Paulo
2325 1635 2380 1679 et
2425 1640 2492 1680 ex
2512 1624 2630 1679 aliis
2653 1624 2908 1695 apostolis
2938 1624 3236 1679 docuissem
3262 1633 3511 1694 quantam
3534 1622 3634 1677 hac
3658 1623 3715 1677 in

2135 1724 2285 1785 parte
2307 1731 2487 1771 curam
2517 1716 2758 1786 posuerit
2804 1716 2963 1771 Deus.
2989 1715 3185 1770 Verum
3216 1713 3330 1769 haec
3354 1713 3589 1768 arbitror
3628 1727 3715 1767 sa-

2138 1809 2205 1862 tis
2232 1822 2383 1863 esse:
2410 1807 2519 1862 imo
2547 1822 2647 1863 nec
2684 1807 2775 1862 illa
2804 1808 2981 1862 solum
3004 1808 3202 1871 omnia,
3232 1806 3329 1861 sed
3353 1805 3438 1860 vel
3465 1805 3718 1875 exiguam

2138 1915 2321 1955 eorum
2379 1909 2602 1970 partem.
2650 1900 2783 1954 Cum
2827 1899 2970 1954 enim
3025 1900 3163 1954 Deus
3226 1897 3424 1969 aliquid
3476 1897 3718 1969 profert,

2139 1992 2347 2048 etiamsi
2372 1992 2535 2047 semel
2565 1991 2727 2059 dicat,
2758 1992 2830 2045 ita
2858 1991 2910 2045 id
2929 1989 3074 2063 quod
3119 1990 3312 2045 dicitur
3350 1988 3721 2060 accipiendum

2140 2091 2225 2138 est
2261 2098 2325 2138 ac
2367 2083 2410 2137 si
2450 2097 2593 2152 saepe
2617 2082 2865 2138 dixisset.
3210 2142 3213 2143 ν

2215 2175 2267 2229 7.
2296 2174 2431 2242 Quid
2453 2174 2632 2245 igitur,
2666 2173 2878 2244 inquies
2902 2214 2919 2239 ,
2951 2173 3039 2242 qui
3067 2171 3213 2227 domi
3242 2180 3460 2226 manent
3482 2185 3589 2224 non
3619 2184 3718 2239 po-

2144 2274 2323 2322 terunt
2341 2280 2403 2321 ea
2426 2264 2703 2335 perlicere,
2726 2280 2844 2335 qua:
2860 2264 2960 2319 nisi
2986 2262 3346 2333 perficiantur,
3366 2271 3569 2316 tantum
3593 2275 3728 2330 sup-

2146 2361 2288 2430 plicii
2315 2359 2569 2430 pariunt?
2593 2357 2797 2413 Vellem
2812 2356 3063 2428 equidem
3086 2356 3221 2426 ipse,
3241 2369 3342 2410 nec
3365 2354 3544 2409 minus
3566 2368 3728 2424 quam

2151 2467 2267 2514 vos,
2299 2452 2407 2505 imo
2428 2450 2599 2504 multo
2623 2449 2795 2519 magis
2818 2489 2834 2516 ,
2874 2463 2939 2503 ac
2968 2445 3277 2517 frequenter
3314 2445 3491 2515 optavi
3536 2459 3729 2499 mona-

2148 2544 2431 2601 steriorum
2464 2542 2833 2597 necessitatem
2858 2539 2990 2605 tolli,
3036 2553 3101 2593 ac
3138 2547 3340 2592 tantum
3369 2537 3511 2606 leges
3531 2544 3588 2590 et
3603 2535 3725 2605 jura

2151 2638 2349 2706 optima
2375 2636 2429 2689 in
2455 2634 2757 2690 civitatibus
2794 2631 2975 2686 valere
3003 2670 3020 2697 ,
3051 2638 3109 2683 ut
3135 2627 3336 2684 nemini
3357 2627 3468 2697 jam
3493 2641 3628 2697 opus
3654 2627 3729 2680 sit

2153 2728 2217 2782 ad
2240 2726 2581 2783 solitudinem
2607 2724 2893 2794 confugere
2934 2740 2948 2777 :
2982 2721 3232 2792 quoniam
3259 2735 3389 2777 vero
3408 2720 3586 2775 omnia
3612 2732 3736 2773 sus-

2153 2819 2326 2889 deque
2340 2818 2450 2887 jam
2470 2831 2645 2882 versa,
2676 2815 2912 2885 ipsaeque
2936 2813 3184 2868 civitates
3202 2853 3218 2876 ,
3260 2810 3316 2866 in
3340 2810 3533 2882 quibus
3560 2808 3735 2864 tribu-

2157 2910 2296 2965 nalia
2317 2917 2371 2963 et
2395 2907 2579 2977 leges,
2611 2905 2814 2976 ingenti
2853 2904 3131 2974 iniquitate
3177 2910 3234 2958 et
3274 2902 3477 2957 scelere
3504 2900 3735 2970 impleta;

2157 3010 2301 3066 sunt,
2327 2999 2560 3055 solitudo
2601 3006 2781 3053 autem
2830 2995 3128 3050 uberrimos
3158 2991 3514 3065 philosophiae
3535 2989 3741 3046 fructus

2160 3096 2390 3162 emittit;
2421 3095 2660 3165 profecto
2683 3108 2789 3147 non
2816 3091 2893 3146 illi
2914 3093 3035 3161 jure
3074 3104 3106 3144 a
3149 3088 3303 3144 vobis
3327 3087 3381 3141 in
3405 3086 3607 3141 crimen
3636 3099 3738 3138 vo-

2160 3199 2351 3246 centur
2376 3230 2391 3253 ,
2424 3186 2515 3258 qui
2535 3185 2669 3241 alios
2706 3184 2775 3239 ab
2806 3184 2908 3238 hac
2935 3179 3172 3251 procella
3200 3187 3255 3233 et
3287 3177 3497 3233 turbine
3521 3175 3739 3230 liberari

2165 3281 2438 3350 cupientes
2468 3276 2702 3347 eripiunt
2729 3316 2744 3342 ,
2773 3284 2829 3329 et
2864 3272 2932 3329 ad
2963 3269 3301 3340 tranquillum
3326 3278 3536 3339 portum
3571 3265 3742 3320 dedu-

2162 3377 2323 3435 cunt;
2355 3368 2449 3423 sed
2476 3369 2652 3437 potius
2685 3366 2798 3431 illi,
2840 3363 2930 3434 qui
2956 3362 3201 3417 civitates
3228 3358 3468 3429 singulas
3506 3356 3745 3428 philoso-

2164 3461 2302 3532 phiae
2330 3460 2408 3515 sic
2434 3459 2602 3514 invias
2619 3468 2673 3513 et
2697 3471 2885 3527 parum
2913 3454 3132 3531 idoneas
3158 3451 3419 3516 fecerunt,
3450 3457 3510 3504 ut
3537 3449 3628 3519 qui
3657 3462 3746 3502 sa-

2166 3551 2331 3607 lutem
2363 3550 2622 3616 consequi
2647 3549 2833 3602 volunt
2864 3586 2879 3610 ,
2909 3544 3224 3600 solitudines
3246 3541 3441 3598 sectari
3466 3548 3746 3611 cogantur.

2166 3647 2263 3701 Dic
2287 3645 2429 3700 enim
2461 3641 2589 3697 mihi
2618 3682 2634 3707 ,
2677 3642 2720 3696 si
2747 3639 2866 3710 quis
2894 3637 2948 3692 in
2978 3645 3135 3691 nocte
3170 3633 3347 3690 media
3384 3640 3599 3702 arrepta
3628 3628 3751 3685 face

2165 3737 2384 3793 domum
2411 3733 2733 3790 incendisset
2753 3745 2998 3802 magnam
3024 3726 3437 3797 hominibusque
3460 3724 3746 3794 repletam,

2167 3840 2227 3887 ut
2247 3832 2389 3885 intus
2417 3824 2805 3883 dormientibus
2832 3821 3205 3885 insidiaretur,
3235 3828 3414 3873 utrum
3441 3815 3743 3871 diceremus

2170 3922 2473 3995 improbum
2522 3933 2642 3974 esse
2664 3958 2680 3984 ,
2715 3930 2911 3972 eumne
2955 3914 3046 3984 qui
3085 3911 3413 3969 dormientes
3448 3907 3751 3971 excitaret,

2170 4013 2480 4083 aedibusque
2508 4010 2612 4066 illis
2636 4008 2890 4065 educeret
2914 4047 2929 4069 ,
2958 4020 3025 4060 an
3051 4018 3174 4060 eum
3198 4002 3288 4072 qui
3303 4000 3372 4056 ab
3392 3998 3544 4055 initio
3562 3998 3751 4053 incen-

2171 4107 2318 4164 dium
2348 4106 2635 4162 excitasset
2662 4143 2678 4168 ,
2708 4110 2763 4157 et
2796 4100 2849 4155 in
2874 4107 3071 4154 tantam
3100 4094 3474 4152 necessitatem
3493 4100 3603 4147 tum
3632 4104 3753 4152 eos,

2172 4209 2285 4255 tum
2315 4196 2629 4254 educentem
2653 4194 2775 4248 illos
2808 4190 3103 4261 redegisset
3127 4186 3307 4256 iQuid
3334 4184 3531 4255 igitur,
3562 4181 3609 4236 si
3632 4181 3758 4251 quis

2174 4289 2456 4364 tyrannide
2483 4300 2793 4357 oppressam
2819 4284 3083 4338 civitatem
3102 4321 3119 4347 ,
3165 4276 3481 4348 argritudine
3504 4273 3759 4364 laboran-

2177 4392 2307 4447 tem,
2331 4388 2387 4434 et
2420 4375 2774 4433 seditionibus
2799 4374 3048 4443 agitatam
3078 4369 3289 4433 videns,
3325 4366 3391 4421 iis
3416 4363 3607 4436 quibus
3636 4376 3762 4432 pos-

2175 4480 2261 4529 set
2286 4469 2653 4542 persuaderet,
2700 4475 2758 4520 ut
2794 4465 2981 4521 relicta
3023 4462 3238 4517 civitate
3284 4458 3587 4526 reciperent
3608 4467 3669 4509 se
3690 4452 3762 4506 ad

2178 4564 2437 4621 montium
2469 4562 2717 4627 vertices,
2737 4559 2908 4630 iisque
2931 4555 2999 4612 ad
3016 4568 3287 4611 secessum
3305 4550 3611 4622 adiumenta
3630 4561 3765 4602 con-

2179 4656 2342 4712 ferret
2371 4673 2385 4710 :
2418 4669 2576 4725 quem
2602 4653 2653 4707 in
2681 4652 2886 4707 crimen
2921 4647 3183 4704 vocares?
3225 4658 3420 4701 eumne
3446 4641 3537 4712 qui
3565 4639 3634 4694 ab
3658 4637 3767 4692 hu-

2177 4747 2411 4819 jusmodi
2461 4744 2684 4800 tumultu
2726 4743 2780 4798 in
2809 4739 3247 4823 tranquillitatem
3272 4735 3520 4789 homines
3554 4740 3764 4799 tempe-

2185 4850 2323 4896 state
2341 4839 2569 4910 jactatos
2587 4835 2964 4898 transtulisset,
2987 4848 3056 4887 an
3082 4845 3208 4886 eum
3238 4826 3330 4899 qui
3356 4823 3630 4894 naufragia
3661 4821 3770 4876 ista

2182 4929 2565 5002 pnnparasscl‘l
2608 4927 2753 4983 Cave
2788 4926 2930 4980 enim
2956 4932 3109 4993 putes
3137 4919 3358 4975 meliore
3404 4915 3459 4971 in
3508 4922 3648 4970 statu
3677 4925 3772 4965 res

2185 5022 2445 5078 humanas
2462 5019 2570 5090 jam
2593 5032 2733 5085 esse,
2759 5030 2916 5088 quam
2937 5014 3207 5070 civitatem
3228 5005 3510 5081 tyrannide
3536 5017 3773 5075 oppres~

2185 5130 2335 5180 sam;
2358 5128 2543 5169 verum
2570 5112 2623 5166 in
2653 5111 2811 5178 longe
2835 5106 3106 5163 deteriori.
3141 5106 3257 5160 Non
3282 5102 3428 5158 enim
3454 5099 3636 5161 homo,
3667 5095 3770 5150 sed

2186 5207 2395 5263 daemon
2431 5204 2646 5275 quidam
2674 5199 3054 5272 nequissimus,
3083 5207 3353 5264 tamquam
3381 5200 3641 5263 tyrannus
3664 5185 3775 5240 im-

2187 5299 2359 5355 manis
2377 5339 2393 5363 ,
2430 5311 2552 5351 cum
2582 5302 2690 5349 tota
2710 5308 2806 5349 sua
2836 5290 3097 5361 phalange
3121 5287 3428 5342 universum
3455 5280 3643 5337 orbem
3671 5292 3780 5332 oc—

2189 5404 2391 5462 cupans
2418 5429 2432 5453 ,
2468 5387 2522 5442 in
2562 5387 2823 5441 humanas
2858 5382 3067 5439 animas
3117 5383 3388 5450 grassatur
3427 5391 3441 5427 :
3475 5370 3600 5427 inde
3642 5384 3785 5462 vero

2189 5460 2341 5555 quasi
2365 5498 2429 5538 ex
2455 5494 2582 5536 arce
2608 5476 2860 5550 quadam,
2889 5470 3214 5530 exsecranda
3233 5477 3289 5525 et
3309 5467 3569 5525 scelerata
3598 5460 3786 5531 quoti-

2191 5578 2280 5633 die
2305 5581 2568 5647 praecepta
2599 5570 2905 5627 hominibus
2927 5565 3125 5622 emittit
3145 5604 3162 5632 ,
3189 5578 3295 5618 non
3320 5558 3661 5616 matrimonia
3690 5555 3786 5609 di-

2191 5669 2392 5726 rimens
2421 5666 2591 5721 solum
2615 5705 2632 5730 ,
2684 5677 2791 5717 non
2832 5673 3083 5730 pecunias
3107 5657 3322 5711 mittens
3346 5652 3593 5707 ferensve
3616 5692 3632 5715 ,
3669 5666 3784 5708 non

2192 5762 2368 5821 etedes
2396 5770 2710 5831 perpetrans
2733 5758 2970 5827 iniquas,
3000 5769 3185 5811 verum
3216 5751 3298 5807 his
3318 5749 3477 5821 longe
3503 5747 3784 5819 graviora,

2257 5878 2275 5911 ι
2308 5874 2523 5937 Quidam,
2546 5879 2591 5925 et
2612 5884 2676 5925 ea:
2699 5870 2919 5936 operibus
2942 5866 3055 5925 tuis.
