4096 6392
412 368 516 422 329

415 499 604 554 nempe
654 482 993 551 conjunctam
1047 484 1213 537 semel
1261 484 1370 537 Deo
1409 484 1641 539 animam
1699 489 1717 520 ι
1768 484 1837 539 ab
1877 484 1995 552 ejus

411 574 685 630 consortio
707 575 977 629 abducens
1009 617 1023 639 ,
1055 575 1373 646 tradensque
1404 576 1626 646 impuris
1654 576 1766 631 suis
1792 576 1995 631 satelli«

412 665 574 730 tibus,
607 666 815 736 illisque
844 667 1010 734 ipsam
1041 666 1308 722 substerni
1340 682 1560 738 cogens,
1591 668 1680 737 qui
1712 676 1992 737 postquam

412 772 529 813 eam
553 758 719 812 semel
750 757 1217 827 apprehenderint,
1251 758 1320 812 ita
1352 760 1574 827 turpiter
1601 774 1721 813 cum
1751 758 1836 813 illa
1866 773 1996 812 con-

413 848 757 917 grediuntur,
807 849 879 903 ita
900 850 1318 914 contumeliose,
1350 858 1410 904 ut
1458 866 1552 919 par
1576 858 1659 904 est
1686 848 1864 904 facere
1892 865 1988 904 ne-

412 940 698 1009 quissimos
721 940 994 996 daemonas
1021 940 1373 999 vehementer
1410 957 1475 998 ac
1498 958 1619 998 cum
1647 942 1827 997 furore
1869 958 1991 1013 per-

416 1033 609 1088 niciem
640 1034 1092 1104 ignominiamque
1114 1044 1350 1089 nostram
1382 1042 1710 1103 expetentes.
1733 1034 1992 1090 Nudatam

414 1128 612 1197 quippe
640 1128 786 1181 illam
812 1127 1058 1183 omnibus
1075 1127 1325 1183 virtutum
1345 1128 1689 1194 indumentis,
1718 1127 1996 1182 vitiorum-

413 1233 518 1288 que
540 1220 728 1289 pannis
752 1220 1000 1275 amictam
1020 1262 1035 1284 ,
1066 1221 1318 1287 sordidis,
1359 1220 1644 1275 conscissis
1669 1235 1733 1275 ac
1753 1220 1948 1274 fmtidis
1976 1262 1992 1287 ,

416 1314 530 1382 ipsa
557 1313 793 1369 nuditate
812 1314 1101 1384 turpiorem
1118 1316 1484 1379 constitutam,
1508 1313 1760 1382 omnique
1784 1312 1996 1381 propria

416 1405 519 1459 sibi
570 1404 903 1459 immunditia
951 1406 1208 1475 repletam
1239 1421 1345 1460 non
1395 1413 1609 1460 cessant
1659 1404 1997 1460 contumeliis

418 1511 663 1553 onerare.
694 1498 878 1568 Neque
902 1499 1043 1553 enim
1075 1498 1234 1552 ullam
1257 1507 1453 1551 norunt
1481 1496 1792 1551 exsecrandi
1816 1505 1870 1551 et
1896 1495 1997 1549 ini-

418 1590 508 1660 qui
547 1589 851 1660 hujusmodi
882 1590 1195 1645 concubitus
1236 1591 1559 1654 satietatem,
1603 1589 1697 1643 sed
1726 1587 1995 1643 ebriorum

418 1675 606 1741 instar,
634 1675 725 1745 qui
748 1689 870 1731 cum
899 1689 960 1730 se
980 1689 1130 1731 mero
1160 1673 1599 1745 ingurgitaverint
1617 1714 1632 1738 ,
1670 1680 1796 1725 tunc
1830 1671 1999 1740 magis

417 1764 791 1831 exardescunt,
819 1765 897 1820 sic
918 1773 973 1819 et
992 1764 1046 1818 hi
1066 1780 1274 1835 quoque
1292 1773 1417 1819 tunc
1447 1764 1679 1819 maxime
1706 1763 1994 1828 insaniunt,

418 1860 573 1929 eique
600 1867 654 1914 et
681 1858 1050 1915 vehementius
1073 1866 1128 1913 et
1165 1858 1398 1914 ferocius
1430 1858 1720 1921 insultant,
1764 1870 1885 1910 cum
1911 1854 1996 1909 illa

419 1950 571 2005 abusi
598 1957 759 2015 sunt,
786 1949 1151 2004 confodientes
1180 1963 1297 2002 eam
1320 1962 1535 2017 semper
1553 1961 1616 2001 ac
1645 1945 1957 2001 mordentes
1979 1986 1995 2012 ,

420 2057 683 2113 suumque
709 2042 761 2096 in
784 2056 901 2097 eam
924 2041 1069 2095 virus
1093 2039 1447 2105 effundentes,
1476 2054 1575 2094 nec
1589 2039 1732 2108 prius
1747 2037 2000 2092 desinen-

422 2145 522 2203 tes,
548 2150 709 2206 quam
738 2149 857 2189 eam
887 2134 940 2188 in
970 2148 1123 2188 suum
1150 2141 1345 2187 statum
1369 2131 1751 2194 transtulerint,
1769 2129 1856 2184 vel
1882 2143 2001 2183 cor-

422 2242 551 2296 pore
592 2227 819 2281 solutam
867 2225 1114 2281 viderint.
1156 2224 1271 2292 Qua
1317 2223 1475 2294 igitur
1516 2221 1802 2294 tyrannide
1831 2261 1847 2287 ,
1893 2235 1996 2291 qua

422 2319 725 2389 captivitate
743 2358 759 2385 ,
787 2332 891 2388 qua
920 2316 1163 2371 vastitate
1186 2358 1201 2383 ,
1228 2330 1329 2385 qua
1356 2315 1613 2369 servitute
1639 2354 1654 2378 ,
1685 2327 1789 2383 quo
1815 2311 1956 2368 bello
1979 2351 1994 2375 ,

422 2425 528 2480 quo
555 2408 833 2479 naufragio
851 2449 867 2475 ,
893 2422 998 2476 qua
1021 2404 1165 2461 fame
1205 2405 1320 2460 haec
1346 2419 1450 2460 non
1479 2403 1725 2475 graviora
1750 2401 1952 2458 fuerint
1976 2402 2000 2455 ?

421 2503 549 2571 Quis
580 2511 685 2556 tam
714 2499 968 2567 crudelis,
991 2499 1111 2570 quis
1139 2508 1245 2555 tam
1275 2497 1441 2564 ferus,
1473 2497 1592 2567 quis
1615 2496 1749 2552 adeo
1783 2495 1997 2561 stultus,

425 2595 544 2665 quis
590 2593 729 2649 adeo
781 2592 1106 2649 inhumanus
1144 2598 1304 2660 atque
1333 2589 1756 2654 immisericors,
1807 2586 1898 2657 qui
1925 2595 2003 2640 tot

421 2684 756 2742 contumeliis
783 2692 837 2738 et
867 2681 1076 2738 damnis
1114 2679 1356 2736 affectam
1384 2679 1614 2734 animam
1648 2678 1778 2732 nolit
1805 2676 1872 2731 ab
1904 2691 2000 2731 ex-

424 2777 685 2834 secrando
714 2777 806 2833 illo
833 2776 1011 2831 furore
1036 2784 1091 2831 et
1117 2774 1407 2846 ignominia
1431 2814 1446 2841 ,
1469 2787 1567 2844 pro
1595 2771 1731 2826 virili
1758 2785 1856 2826 sua
1884 2811 1900 2837 ,
1933 2769 2000 2823 li-

423 2869 613 2924 berare
632 2910 645 2933 ,
669 2866 764 2924 sed
800 2867 945 2922 illam
974 2877 1081 2922 tam
1124 2866 1263 2921 male
1283 2864 1527 2919 affectam
1554 2862 1821 2934 negligat?
1848 2860 2003 2927 Quod

424 2961 469 3014 si
492 2960 544 3015 id
573 2970 655 3015 est
676 2958 923 3013 immanis
943 2967 1103 3029 atque
1122 2956 1319 3027 lapidei
1333 2954 1521 3022 animi,
1548 2970 1655 3026 quo
1680 2955 1732 3009 in
1758 2954 1899 3015 loco,
1916 2951 2004 3008 dic

427 3051 578 3118 mihi,
607 3059 902 3105 statuemus
926 3058 1043 3117 eus,
1067 3050 1157 3120 qui
1183 3058 1380 3120 praeter
1405 3049 1551 3105 illam
1578 3047 1950 3119 negligentiam
1985 3087 2001 3112 ,

424 3142 567 3197 aliud
594 3142 845 3213 quiddam
871 3142 1030 3212 longe
1049 3140 1287 3197 deterius
1306 3149 1489 3211 agunt,
1519 3154 1641 3195 cum
1673 3152 1768 3194 eos
1787 3179 1803 3204 ,
1826 3137 1915 3208 qui
1937 3136 2004 3191 ad

426 3235 662 3307 pericula
708 3235 958 3292 alacriter
997 3233 1202 3289 insilire
1238 3233 1408 3304 parati
1453 3240 1620 3298 sunt,
1676 3231 1871 3301 quique
1897 3245 2003 3285 non

425 3335 657 3384 renuunt
696 3328 747 3383 iu
789 3328 962 3397 ipsum
1002 3326 1191 3383 bellua:
1233 3334 1412 3397 guttur
1455 3339 1643 3380 manus
1678 3324 2001 3391 immittere,

425 3420 663 3490 quinimo
693 3420 936 3474 fmtorem
952 3428 1007 3473 et
1027 3417 1262 3487 pericula
1296 3415 1544 3481 subeunt,
1572 3424 1629 3470 ut
1647 3414 1757 3485 jam
1781 3414 2004 3471 devora-

428 3522 508 3568 tas
531 3513 737 3566 animas
761 3527 832 3565 ex
856 3510 986 3580 ipsis
1013 3509 1272 3564 daemonis
1299 3507 1539 3563 faucibus
1564 3508 1877 3573 extrahant,
1900 3522 2004 3561 non

427 3605 586 3660 modo
613 3621 717 3659 non
770 3603 1022 3668 laudant,
1055 3616 1227 3672 neque
1266 3600 1582 3672 approbant,
1608 3598 1702 3655 sed
1731 3599 1891 3654 etiam
1912 3614 2004 3652 ex-

434 3698 634 3769 pellunt
660 3696 890 3766 undique
912 3705 968 3751 et
984 3694 1329 3764 oppugnant?

498 3789 551 3844 8.
580 3788 715 3855 Quid
743 3788 921 3857 igitur,
952 3786 1091 3842 dicet
1128 3784 1424 3856 quispiam,
1460 3783 1706 3839 cunctine
1734 3782 1820 3852 qui
1850 3782 2009 3837 urbes

431 3882 667 3937 incolunt
684 3881 910 3952 periere,
934 3895 1000 3934 an
1023 3878 1271 3934 fluetibus
1287 3878 1573 3948 jactantur,
1596 3892 1664 3931 an
1684 3886 1894 3946 oportet
1923 3893 2009 3931 ur-

431 3971 584 4027 bibus
614 3971 813 4026 relictis
837 3980 891 4026 et
916 3971 970 4024 in
1010 3970 1220 4025 deserta
1249 3968 1522 4023 conversis
1541 4009 1555 4032 ,
1585 3968 1639 4021 in
1667 3967 2007 4022 solitudinem

433 4078 489 4117 se
518 4060 857 4128 transferant,
885 4070 940 4116 et
967 4061 1019 4114 in
1049 4060 1412 4116 cacuminibus
1436 4059 1694 4113 montium
1723 4058 1879 4112 sedes
1910 4073 2007 4127 po-

434 4153 599 4208 nant?
625 4154 690 4207 Et
717 4163 769 4206 tu
797 4153 912 4207 lucc
944 4152 1101 4221 jubes
1126 4161 1181 4206 et
1198 4150 1333 4205 hanc
1353 4151 1523 4221 legem
1552 4149 1778 4205 statuis?
1807 4152 2008 4220 Apage,

435 4260 555 4301 nam
586 4245 910 4299 contrarium
941 4243 1151 4313 penitus
1170 4285 1185 4310 ,
1215 4252 1271 4297 ut
1292 4244 1437 4311 prius
1457 4241 1721 4310 dicebam,
1745 4242 1886 4307 volo,
1914 4257 2009 4297 vo-

436 4340 606 4408 tisque
625 4338 869 4391 omnibus
897 4347 1090 4406 exopto
1108 4350 1204 4391 nos
1223 4344 1365 4389 tanta
1398 4335 1495 4390 frui
1516 4350 1664 4404 pace,
1683 4335 2013 4390 etmalorum

436 4429 736 4501 hujusmodi
774 4430 1108 4503 tyrannidem
1144 4432 1216 4485 ita
1254 4430 1479 4494 destrui,
1522 4440 1581 4485 ut
1610 4445 1717 4484 non
1742 4430 1901 4485 modo
1927 4430 2010 4495 iis,

435 4527 524 4596 qui
557 4526 608 4580 in
637 4524 857 4580 urbibus
880 4524 1098 4595 degunt,
1133 4540 1236 4579 non
1254 4525 1323 4579 sit
1348 4524 1415 4578 ad
1442 4534 1650 4580 montes
1676 4525 2012 4596 confugiendi

437 4616 749 4682 necessitas,
792 4616 885 4671 sed
926 4625 986 4671 ut
1028 4616 1091 4670 iis
1116 4617 1204 4686 qui
1232 4616 1545 4671 solitudines
1572 4617 1826 4682 incolunt,
1864 4618 2014 4686 quasi

438 4708 750 4778 quibusdam
788 4708 946 4777 longo
985 4716 1221 4777 tempore
1262 4703 1513 4776 fugitivis,
1546 4707 1611 4762 ad
1639 4723 1789 4761 suam
1829 4709 2013 4763 urbem

437 4815 496 4854 se
526 4799 763 4868 recipere
788 4813 923 4868 opus
942 4800 1029 4853 sit.
1051 4797 1156 4854 Sed
1180 4798 1307 4868 quid
1332 4798 1561 4853 faciam?
1587 4815 1775 4853 vereor
1799 4815 1864 4853 ne
1887 4800 2013 4854 dum

440 4890 560 4951 illos
589 4890 773 4959 patriae
802 4890 1083 4945 restituere
1111 4891 1320 4956 studeo,
1352 4890 1797 4960 nequissimorum
1819 4891 2019 4945 daemo-

439 4999 567 5037 num
597 4981 841 5036 tnanibus
884 4981 1109 5047 tradam,
1146 4996 1249 5035 neu
1292 4980 1418 5035 dum
1460 4980 1580 5036 illos
1601 4998 1631 5035 a
1661 4982 1945 5037 solitudine
1965 4992 2018 5036 et

441 5075 559 5147 fuga
584 5074 841 5129 reducere
880 5074 1056 5143 cupio,
1100 5088 1129 5126 a
1167 5073 1498 5143 phiIOSOphia
1540 5082 1595 5129 et
1641 5076 2017 5145 tranquillitate

440 5168 588 5223 omni
615 5166 863 5222 excidere
902 5166 1111 5222 faciam.
1141 5167 1292 5234 Quod
1320 5167 1365 5222 si
1404 5167 1796 5223 multitudinem
1824 5169 2016 5223 civium

442 5259 739 5331 proferens,
769 5258 857 5311 illa
896 5267 955 5312 tu
989 5257 1118 5311 mihi
1162 5256 1417 5327 pudorem
1448 5269 1504 5313 et
1544 5268 1745 5313 metum
1784 5261 2020 5315 incutere

443 5363 596 5425 putes
624 5396 639 5419 ,
686 5368 754 5407 ne
801 5360 971 5406 totum
1015 5351 1200 5406 orbem
1239 5350 1478 5404 damnari
1514 5353 1717 5420 patiar,
1749 5362 2019 5423 assumpta

442 5446 641 5501 Christi
670 5444 955 5507 sententia,
981 5457 1102 5498 cum
1124 5443 1213 5497 illa
1238 5442 1494 5497 adversus
1526 5442 1661 5497 hanc
1702 5454 1843 5498 tuam
1866 5444 2018 5513 obje-

446 5538 672 5591 ctionem
700 5536 873 5590 stabo.
902 5535 1084 5606 Neque
1102 5535 1244 5590 enim
1270 5543 1377 5588 tam
1403 5534 1572 5588 audax
1604 5534 1804 5590 facinus
1832 5536 2022 5592 admit-

447 5636 543 5689 tes,
571 5628 808 5681 utetiam
831 5626 948 5696 ejus
971 5668 987 5693 ,
1011 5626 1101 5696 qui
1128 5640 1225 5681 nos
1248 5625 1575 5694 iudicaturus
1603 5637 1721 5693 est,
1745 5628 2021 5682 sententiae

509 5742 523 5799 ξ
562 5736 697 5786 savii.
721 5744 774 5787 et
803 5739 899 5790 duo
933 5746 1059 5799 Mss,
1099 5736 1373 5799 conjuncta:
1398 5736 1543 5787 semel
1579 5746 1678 5790 Deo
1700 5737 1899 5793 animus.
1929 5749 2019 5793 MO-

446 5797 539 5847 rcl.
566 5807 621 5849 ut
659 5800 707 5849 in
734 5808 890 5864 textu,
914 5797 1059 5864 atque
1082 5803 1149 5852 sic
1179 5797 1302 5863 legit
1326 5800 1614 5852 Ambrosius.

1160 368 1520 426 ADVERSUS
1555 367 2102 426 OPPUGNATORES
2147 371 2330 427 VIT.£
2371 372 2662 429 MONAST.
2703 374 2831 430 LIB.
2881 372 2923 432 Ι.

3578 382 3681 434 δῖ’ιῦ

2104 483 2354 539 obsistas.
2397 484 2534 551 Quid
2566 485 2725 555 igitur
2769 486 2857 542 ille
2900 488 3062 542 dicit?
3104 487 3330 559 Angusta
3370 500 3461 556 est,
3497 493 3686 561 inquit,

2090 578 2279 646 janua,
2302 587 2348 632 et
2375 589 2517 632 arcta
2541 579 2642 646 via,
2684 596 2798 649 qua:
2822 581 2961 634 ducit
2998 581 3067 633 ad
3095 584 3246 636 vitam
3265 623 3280 648 ,
3316 591 3364 637 et
3392 585 3540 652 pauci
3575 596 3688 640 sunt

2099 671 2187 741 qui
2211 670 2466 725 inveniunt
2498 688 2610 725 eam
2654 670 2866 741 (Matth.
2896 674 2949 728 7.
2985 674 3094 747 14).
3127 674 3181 731 Si
3213 690 3340 731 vero
3369 652 3520 746 pandi
3564 688 3684 732 sunt

2101 763 2191 831 qui
2234 763 2529 830 inveniunt,
2575 778 2707 820 sane
2748 766 3242 859 longelpauciores,
3287 767 3379 838 qui
3424 767 3490 823 ad
3529 768 3686 826 finem

2100 855 2218 923 ejus
2248 855 2524 923 pervenire
2551 865 2817 926 poterunt.
2847 855 3031 928 Neque
3055 859 3194 913 enim
3222 874 3410 915 omnes
3428 862 3518 930 qui
3545 861 3688 930 prin-

2101 944 2297 1015 cipium
2324 945 2588 1014 adierunt,
2616 947 2683 1002 ad
2711 948 2870 1003 fidem
2900 949 3013 1018 ejus
3044 950 3343 1020 pertingere
3369 961 3686 1020 potuerunt;

2101 1038 2196 1092 sed
2238 1038 2327 1093 alii
2353 1038 2468 1109 ipso
2508 1039 2686 1094 statim
2713 1039 2893 1107 initio,
2930 1040 3021 1095 alii
3051 1042 3103 1095 in
3134 1041 3311 1096 medio
3331 1084 3345 1106 ,
3374 1042 3464 1095 alii
3496 1042 3547 1096 in
3568 1043 3682 1111 ipso

2103 1127 2213 1184 fere
2242 1139 2402 1200 portu
2428 1129 2757 1201 naufragium
2775 1132 3013 1187 fecerunt
3036 1131 3249 1201 (Matth.
3273 1131 3364 1189 20.
3399 1133 3510 1199 16).
3540 1132 3681 1188 Rur-

2102 1235 2326 1290 sumque
2363 1222 2559 1277 multos
2584 1222 2659 1276 ait
2698 1237 2821 1277 esse
2847 1232 3095 1291 vocatos,
3129 1238 3430 1294 paucosque
3468 1226 3686 1280 electos.

2102 1310 2231 1365 Cum
2247 1312 2423 1382 itaque
2439 1311 2682 1369 Christus
2703 1312 2956 1382 majorem
2985 1328 3105 1369 esse
3131 1315 3465 1383 pereuntium
3486 1323 3688 1384 partem

2101 1399 2264 1467 dicat,
2293 1401 2346 1455 in
2375 1402 2556 1471 paucis
2575 1418 2704 1459 vero
2732 1402 2959 1458 salutem
2989 1403 3304 1473 praefinitam
3330 1420 3452 1461 esse
3479 1418 3690 1460 asseve-

2101 1502 2203 1557 ret,
2231 1491 2360 1562 quid
2401 1493 2683 1548 adversum
2712 1508 2798 1548 me
2832 1486 3075 1563 pugnas?
3108 1493 3338 1564 ldipsum
3378 1495 3522 1549 enim
3562 1494 3689 1550 facis

2101 1598 2164 1638 ac
2188 1584 2235 1639 si
2264 1585 2332 1640 de
2350 1584 2464 1641 Noe
2491 1600 2555 1641 ae
2573 1585 2640 1641 de
2665 1586 2864 1640 diluvio
2893 1587 3052 1642 verba
3080 1586 3393 1642 facientibus
3416 1587 3567 1641 nobis
3592 1588 3687 1642 ad-

2101 1674 2395 1741 mirareris,
2418 1676 2461 1729 si
2477 1690 2666 1730 omnes
2683 1677 2957 1745 perierint,
2979 1676 3086 1732 duo
3100 1685 3276 1732 autem
3293 1685 3492 1732 tantum
3514 1686 3690 1732 tresve

2103 1765 2353 1821 homines
2378 1766 2695 1836 supplicium
2724 1766 3007 1837 effugerint
3030 1808 3046 1835 ,
3090 1782 3211 1821 cum
3238 1767 3339 1822 hac
3365 1769 3570 1823 ratione
3596 1783 3691 1821 no-

2102 1856 2185 1912 bis
2226 1871 2287 1912 os
2325 1857 2603 1913 obstruere
2645 1871 2805 1927 posse
2844 1869 3018 1928 putas,
3059 1867 3119 1913 ut
3159 1873 3267 1913 non
3304 1859 3489 1914 ausuri
3523 1858 3692 1922 simus

2102 1947 2358 2003 damnare
2386 1947 2803 2004 multitudinem.
2836 1948 2894 2003 ld
2923 1963 3053 2004 sane
3078 1948 3234 2004 nobis
3263 1963 3370 2003 non
3405 1947 3691 2018 persuade-

2103 2037 2248 2093 bitur
2274 2054 2447 2108 neque
2490 2039 2883 2095 multitudinem
2912 2038 3057 2094 illam
3084 2040 3293 2095 veritati
3321 2038 3687 2109 praeferemus.

2101 2128 2283 2200 Neque
2306 2131 2449 2186 enim
2476 2132 2561 2198 iis,
2603 2147 2721 2203 qua:
2764 2141 2890 2187 tunc
2933 2132 3292 2202 contigerunt,
3329 2132 3537 2186 minora
3561 2141 3688 2185 sunt

2105 2221 2397 2289 hodierna;
2426 2222 2518 2278 sed
2548 2223 2716 2277 multo
2742 2223 3027 2291 deteriora,
3058 2238 3230 2294 eoque
3254 2222 3442 2293 magis,
3463 2237 3569 2293 quo
3594 2238 3689 2293 ge-

2105 2313 2297 2369 hennze
2324 2315 2669 2369 comminatio
2699 2314 3010 2382 intentatur,
3038 2323 3093 2371 et
3120 2331 3187 2370 ne
3215 2315 3294 2370 sic
3320 2314 3536 2386 quidem
3568 2314 3690 2369 vitia

2103 2405 2440 2461 exciduntur.
2466 2406 2598 2476 Quis
2624 2408 2767 2462 enim
2789 2448 2806 2475 ,
2837 2423 3020 2478 quaeso
3043 2449 3059 2474 ,
3088 2406 3289 2463 fatuum
3318 2422 3428 2463 non
3462 2406 3693 2477 appellat

2104 2497 2365 2555 fratrem?
2406 2499 2536 2554 illud
2560 2509 2740 2556 autem
2768 2501 3027 2571 gehennae
3064 2501 3203 2572 ignis
3229 2500 3356 2557 facit
3378 2502 3689 2557 obnoxium.

2103 2589 2235 2658 Quis
2263 2605 2369 2647 non
2395 2591 2675 2661 impudicis
2700 2593 2868 2647 oculis
2888 2593 3166 2649 mulierem
3183 2592 3437 2663 respicit?
3467 2592 3570 2648 hoc
3596 2608 3686 2647 au-

2106 2690 2211 2736 tem
2242 2689 2325 2736 est
2350 2692 2773 2737 consummatum
2801 2683 3121 2738 adulterium
3149 2701 3163 2737 :
3191 2682 3459 2740 moechum
3480 2699 3609 2738 vero
3638 2684 3692 2738 in

2105 2772 2349 2828 eamdem
2394 2773 2695 2842 gehennam
2735 2775 2971 2831 incidere
3012 2786 3218 2831 certum
3246 2785 3329 2831 est
3349 2776 3367 2809 ¹
3389 2815 3403 2828 .
3431 2776 3562 2842 Quis
3585 2792 3689 2831 non

2100 2864 2339 2934 juravit?
2365 2865 2466 2922 hoc
2497 2877 2674 2922 autem
2706 2883 2770 2923 cx
2812 2868 2953 2923 malo
2975 2883 3193 2936 prorsus
3219 2877 3303 2924 est
3336 2886 3351 2923 :
3388 2878 3444 2922 at
3461 2870 3603 2939 quod
3629 2885 3690 2924 ex

2106 2957 2250 3012 malo
2285 2968 2388 3027 est,
2418 2959 2677 3030 supplicio
2717 2960 2857 3014 haud
2896 2960 3056 3017 dubie
3089 2961 3398 3020 obnoxium.
3422 2961 3552 3030 Quis
3590 2977 3693 3016 non

2106 3049 2280 3105 amico
2300 3049 2491 3105 invidit
2514 3052 2804 3122 umquam?
2833 3052 2882 3106 id
2906 3067 3032 3107 vero
3069 3052 3297 3109 ethnicis
3318 3063 3372 3109 ct
3396 3053 3689 3123 publicanis

2109 3143 2320 3212 pejores
2348 3143 2477 3198 facit
2504 3161 2518 3197 :
2546 3158 2641 3199 eos
2661 3155 2840 3200 autem
2868 3145 2960 3214 qui
2984 3145 3090 3200 illis
3111 3144 3406 3200 deteriores
3424 3154 3567 3213 sunt,
3588 3160 3693 3200 non

2108 3249 2268 3305 posse
2288 3234 2606 3305 supplicium
2628 3235 2863 3307 effugere
2890 3238 3088 3292 nemini
3112 3254 3217 3292 non
3240 3246 3422 3293 notum
3443 3247 3543 3293 est.
3566 3237 3695 3306 Quis

2109 3325 2438 3381 iracundiam
2464 3341 2680 3381 omnem
2727 3342 2793 3383 ex
2830 3328 2992 3383 corde
3033 3330 3209 3398 ejecit,
3238 3336 3291 3383 et
3312 3329 3572 3394 omnium,
3604 3331 3693 3399 qui

2109 3417 2163 3471 in
2203 3432 2263 3471 se
2305 3417 2677 3486 deliquerunt,
2721 3428 2933 3486 peccata
2966 3418 3205 3473 remisit?
3232 3434 3355 3472 eum
3392 3428 3569 3473 autem
3606 3419 3693 3487 qui

2109 3523 2217 3561 non
2262 3507 2531 3562 remiserit
2558 3509 2839 3563 tormentis
2864 3510 3168 3571 necessario
3200 3509 3512 3564 tradendum
3541 3524 3659 3564 esse
3678 3549 3693 3570 ,

2109 3598 2289 3652 nullus
2315 3613 2498 3651 eorum
2520 3639 2534 3663 ,
2583 3599 2673 3668 qui
2702 3596 2971 3654 Christum
2996 3599 3255 3665 audierit,
3284 3610 3567 3669 negaturus
3588 3610 3692 3654 cst.

2112 3690 2245 3758 Quis
2274 3705 2378 3745 non
2406 3690 2625 3745 servivit
2676 3693 2984 3746 mamonae?
3014 3707 3133 3747 eum
3165 3708 3293 3747 vero
3320 3692 3411 3762 qui
3439 3691 3539 3761 ipsi
3578 3706 3695 3747 ser-

2111 3782 2285 3846 vierit,
2313 3781 2507 3836 Christi
2534 3783 2844 3837 servitutem
2873 3782 3132 3852 abjeeisse
3162 3792 3365 3836 certum
3393 3792 3496 3847 est,
3520 3791 3575 3835 at
3607 3784 3694 3850 qui

2112 3874 2306 3930 Christi
2367 3874 2675 3930 Servitutem
2724 3873 2938 3944 abjecit,
2982 3875 3249 3943 propriam
3292 3874 3519 3929 salutem
3558 3873 3696 3928 haud

2112 3965 2271 4020 dubie
2297 3965 2596 4034 abnegavit.
2626 3965 2755 4031 Quis
2778 3982 2883 4019 non
2910 3967 3114 4021 occulte
3140 3966 3446 4021 maledixit?
3472 3965 3571 4021 hos
3603 3980 3698 4019 au-

2116 4066 2219 4112 tem
2248 4068 2399 4112 vetus
2413 4072 2624 4128 quoque
2653 4058 2735 4113 lex
2774 4058 2999 4114 interfici
3022 4059 3210 4128 jubet,
3242 4070 3297 4115 et
3318 4059 3568 4130 jugulari.
3595 4059 3697 4114 Sed

2117 4168 2235 4219 qua:
2263 4152 2555 4205 consolatio
2605 4152 2655 4205 in
2702 4152 2930 4222 propriis
2960 4152 3179 4213 malis?
3205 4151 3357 4218 Quod
3387 4167 3574 4207 onmcs
3603 4168 3701 4206 ceu

2114 4257 2181 4296 ex
2206 4241 2451 4296 condicto
2473 4242 2524 4294 in
2548 4242 2796 4312 nequitiac
2825 4241 3133 4296 barathrum
3155 4242 3426 4310 decidant,
3458 4242 3596 4312 quod
3615 4241 3695 4310 ip-

2115 4350 2231 4389 sum
2277 4334 2413 4403 ejus,
2454 4333 2541 4403 qui
2584 4348 2726 4387 nunc
2762 4332 2989 4400 obtinet,
3018 4333 3190 4389 m0rbi
3220 4344 3590 4404 argumentum
3621 4342 3705 4386 est

2116 4426 2441 4491 maximum;
2468 4440 2589 4482 cum
2613 4425 2815 4479 scilicet
2839 4424 2891 4479 id
2917 4425 2968 4485 in
2997 4425 3151 4479 malis
3181 4425 3424 4478 solatium
3455 4422 3605 4477 nobis
3626 4422 3705 4474 af-

2117 4516 2242 4585 fert,
2271 4516 2415 4588 quod
2454 4516 2675 4584 majoris
2698 4515 2901 4571 doloris
2930 4516 3150 4570 materia
3180 4530 3299 4570 esse
3326 4515 3565 4569 deberet.
3601 4512 3706 4569 Ne-

2118 4624 2222 4679 que
2251 4610 2392 4664 enim
2423 4606 2705 4661 multitudo
2729 4607 2780 4660 in
2809 4606 3082 4676 peccando
3112 4607 3377 4660 sociorum
3409 4620 3505 4658 nos
3538 4618 3569 4657 a
3596 4604 3704 4658 cri-

2120 4700 2351 4755 minibus
2380 4708 2434 4754 et
2473 4698 2748 4768 suppliciis
2783 4697 2959 4768 eripit.
2991 4697 3143 4765 Quod
3174 4696 3221 4751 si
3237 4697 3353 4766 quis
3381 4711 3442 4750 ex
3474 4696 3558 4758 iis,
3586 4710 3706 4765 qua:

2119 4808 2276 4860 supra
2320 4791 2584 4857 diximus,
2610 4790 2663 4844 in
2703 4788 3128 4858 desperationem
3166 4788 3398 4851 incidat,
3442 4788 3708 4855 pauliSper

2121 4888 2415 4952 exspectet,
2450 4890 2505 4935 et
2552 4890 2677 4934 tunc
2717 4879 2887 4949 magis
2919 4879 3241 4947 desperabit,
3278 4892 3398 4933 cum
3431 4878 3511 4930 his
3542 4876 3710 4930 multo

2120 4974 2361 5043 graviora
2387 4971 2703 5035 dixerimus,
2731 4971 2907 5039 qualia
2934 4979 3059 5023 sunt
3096 4969 3327 5039 perjuria
3353 4986 3366 5022 :
3407 4983 3529 5022 nam
3560 4968 3604 5022 si
3625 4958 3711 5035 ju-

2123 5082 2243 5120 rarc
2271 5064 2594 5119 diabolicum
2625 5072 2726 5127 est,
2752 5064 3056 5131 juramenta
3081 5061 3397 5116 conculcare
3431 5060 3573 5129 quod
3612 5072 3709 5112 no-

2122 5158 2204 5212 bis
2223 5158 2411 5213 afferet
2426 5156 2742 5226 supplicium
2766 5155 2789 5209 ?
2810 5155 2865 5210 Si
2892 5155 3092 5209 fatuum
3118 5154 3386 5223 appellare
3410 5150 3707 5222 gehennam

2123 5251 2361 5312 attrahit,
2391 5249 2657 5305 sexcentis
2682 5248 2935 5304 conviciis
2960 5248 3317 5303 dehonestare
3341 5246 3584 5311 fratrem,
3608 5244 3700 5314 qui

2125 5358 2268 5411 smpe
2296 5342 2425 5396 nihil
2448 5356 2545 5395 nos
2562 5341 2715 5406 laesit,
2736 5340 2877 5410 quod
2906 5355 3009 5395 non
3036 5340 3264 5395 adducet
3282 5338 3634 5407 supplicium?
3655 5336 3707 5391 Si

2127 5436 2436 5505 injuriarum
2469 5435 2777 5489 meminisse
2806 5443 3011 5487 tantum
3037 5433 3309 5502 punitione
3332 5431 3550 5500 dignum
3590 5438 3703 5489 cst,

2125 5531 2284 5582 etiam
2310 5528 2491 5583 ulcisci
2519 5537 2745 5597 quantos
2764 5526 3033 5581 cruciatus
3057 5526 3424 5596 promeretur?
3439 5524 3544 5580 Sed
3572 5540 3707 5577 non-

2194 5683 2209 5713 ι
2245 5690 2371 5737 Haec,
2396 5680 2632 5729 "machum
2656 5693 2844 5731 vero....
2871 5686 3054 5730 certum
3084 5685 3172 5740 cst,
3208 5680 3385 5729 desunt
3409 5680 3457 5728 in
3479 5676 3597 5729 Edlt.
3623 5685 3710 5727 ato-

2127 5742 2251 5801 rel.;
2277 5744 2363 5793 sed
2384 5745 2429 5793 iu
2449 5742 2585 5793 savil.
2614 5752 2663 5794 ct
2682 5748 2729 5792 in
2750 5750 2855 5793 Mss.
2882 5742 3137 5804 habentur,
3165 5751 3216 5793 ct
3237 5744 3297 5793 ab
3323 5742 3566 5790 ambrosio
3584 5741 3711 5791 lecta

2130 5814 2258 5854 διιιιι.
