4096 6392
423 359 520 417 551

426 477 553 531 dum
574 475 643 531 de
671 475 755 532 bis
778 477 1061 548 agendum,
1088 475 1203 532 haec
1228 477 1369 532 enim
1406 492 1504 532 suo
1541 478 1660 533 loco
1689 475 2007 533 reservanda

427 575 576 624 sunt.
606 565 677 623 Ut
703 568 847 622 enim
878 567 983 622 alia
1007 567 1272 636 omittam,
1304 567 1406 623 hoc
1430 570 1601 638 ipsum
1627 568 1768 639 quod
1808 585 1905 624 nos
1941 568 2009 623 ad

433 657 549 712 hmc
593 657 874 714 scribenda
920 658 1150 729 impulit,
1180 675 1359 714 nonne
1394 660 1476 714 vel
1518 660 1690 714 solum
1718 659 1912 715 sufﬁcit
1940 660 2007 714 ad

434 750 714 817 praesentis
738 748 911 804 morbi
950 760 1153 820 pestem
1195 749 1568 805 indicandam?
1604 750 1659 807 Si
1701 753 1843 807 enim
1888 767 2011 822 pro-

436 839 670 909 priorum
697 853 859 894 sensu
884 852 1222 910 peccatorum
1270 856 1376 895 non
1417 841 1577 904 afﬁci,
1619 842 1714 898 sed
1756 844 1874 899 sine
1902 844 2011 899 ullo

435 929 619 984 dolore
638 930 844 985 scelera
871 940 1195 1000 perpetrare,
1224 942 1493 987 extremus
1520 933 1734 988 malitiae
1755 936 2013 989 terminus

434 1030 540 1086 est,
566 1020 657 1075 ubi
681 1021 899 1076 tandem
925 1038 1092 1077 novos
1122 1023 1253 1078 istos
1275 1024 1625 1095 legislatures,
1656 1026 1888 1081 recentis
1909 1025 2013 1080 hu-

433 1111 523 1179 jus
563 1109 1063 1183 absurdissimchue
1110 1113 1240 1184 legis
1281 1125 1528 1170 auctores
1565 1124 1878 1183 statuemus,
1920 1117 2012 1187 qui

438 1200 763 1271 majoricum
792 1202 983 1257 ﬁducia
1012 1204 1220 1260 virtutis
1240 1206 1542 1276 magistros,
1561 1222 1719 1277 quam
1744 1207 1834 1261 alii
1861 1207 2012 1262 mali-

1147 360 1205 417 S.
1234 361 1509 453 JOANNlS
1545 360 2016 419 CllRYSOSTOMl
2058 360 2377 419 ARCHIEP.
2416 359 2954 419 CONSTANTINOP.

3591 360 3695 418 332

2120 476 2208 530 tiae
2227 475 2510 546 repellunt,
2530 477 2730 546 eosque
2745 475 2914 530 multo
2936 474 3114 530 acrius
3132 483 3441 545 oppugnant
3463 473 3552 546 qui
3575 490 3677 545 peo

2116 577 2233 625 cata
2250 569 2536 625 emendare
2552 568 2758 634 volunt,
2780 582 2939 639 quam
2955 582 3048 623 eos
3071 568 3162 638 qui
3184 568 3283 638 ipsi
3306 564 3680 636 peccaverunti

2117 661 2225 716 imo
2244 662 2417 731 potius
2436 676 2551 727 eos,
2573 675 2673 716 nec
2688 659 2955 715 illibenter
2974 659 3171 725 ferunt,
3190 673 3290 714 nec
3307 659 3686 722 criminantur;

2118 754 2218 809 hos
2243 764 2420 808 autem
2446 753 2533 807 vix
2578 751 2721 807 ferre
2748 758 2993 821 possunt,
3023 748 3414 821 quodammodo
3439 759 3489 803 et
3518 748 3686 805 verbi!

2116 856 2171 902 et
2184 845 2434 915 operibus
2453 844 2766 909 clamantes,
2785 842 3029 914 nequitiae
3045 840 3318 896 mordicus
3334 838 3692 894 inbzerendtmt

2117 950 2259 1001 esse,
2288 946 2447 1005 atque
2465 933 2531 989 ad
2558 934 2808 988 virtutem
2836 946 3123 1001 numquam
3152 929 3515 993 redeundum;
3539 928 3607 982 ita
3637 938 3691 982 ut

2117 1041 2221 1079 non
2252 1024 2412 1079 modo
2451 1038 2565 1086 eos,
2610 1024 2701 1093 qui
2742 1022 2841 1092 ipsi
2884 1037 3102 1093 operam
3129 1019 3277 1087 dant,
3318 1033 3502 1073 verum
3538 1018 3693 1072 etiam

2117 1133 2247 1184 eos,
2296 1119 2387 1188 qui
2437 1132 2622 1173 vocem
2671 1132 2770 1187 pro
2816 1117 2905 1172 illa
2957 1117 3202 1171 emittere
3250 1113 3484 1180 audent,
3513 1112 3693 1167 ulcisci

2114 1218 2379 1279 Oporteat.

1076 1390 1311 1499 ΑΒ
1380 1390 2026 1502 INFIDEL

2131 1394 2305 1502 7M
2362 1393 3067 1513 ΡΑΤΒΕΜ,

1641 1593 1915 1686 πὶθετ
1964 1589 2423 1689 secuubus‘
2468 1661 2489 1682 .

1888 1761 2251 1817 eam”

528 1858 582 1914 l.
611 1857 752 1915 Satis
776 1858 989 1930 quidem
1034 1860 1148 1915 ltaac
1192 1870 1382 1926 erant,
1413 1872 1474 1917 ut
1513 1871 1699 1933 stupor
1737 1872 1792 1917 et
1835 1862 2025 1916 horror

446 1948 792 2005 incuteretur.
819 1949 970 2017 Quod
996 1951 1040 2005 si
1064 1952 1184 2020 quis
1209 1952 1348 2006 circa
1372 1967 1466 2007 eos
1506 1954 1867 2023 propheticum
1898 1953 2025 2008 illud

444 2037 1002 2111 proferatz0bslu'put't
1050 2041 1228 2096 cwlum
1282 2059 1432 2113 super
1483 2042 1578 2097 hoc
1604 2086 1620 2109 ,
1666 2054 1711 2097 et
1762 2044 2021 2097 exhorruit

446 2140 584 2184 terra
629 2131 969 2193 vehementer;
1003 2131 1235 2202 itemque
1277 2150 1292 2187 :
1326 2134 1519 2203 δωρον
1569 2143 1717 2205 atque
1773 2134 2024 2188 horrenda

446 2221 584 2293 facta
632 2233 747 2277 sunt
795 2225 850 2277 in
892 2233 1024 2278 terra
1074 2223 1296 2297 (Jerem.
1321 2227 1375 2281 2.
1407 2228 1491 2280 l2.
1515 2237 1562 2279 et
1588 2227 1641 2282 5.
1666 2226 1794 2299 50),
1824 2242 2022 2296 oppor-

447 2321 576 2367 tune
615 2311 918 2383 huiusmodi
965 2316 1141 2370 omnia
1184 2316 1345 2371 dicat.
1375 2316 1526 2383 Quod
1552 2328 1729 2373 autem
1760 2318 1840 2373 his
1867 2318 2024 2388 longe

446 2404 658 2473 gravius
705 2414 810 2472 est,
840 2421 945 2462 non
994 2407 1155 2462 modo
1203 2409 1360 2463 alieni
1407 2410 1641 2479 quidam,
1672 2422 1727 2466 et
1763 2412 1909 2465 nullo
1961 2412 2025 2465 iis

447 2495 639 2564 quibus
661 2497 958 2552 consulitur
1004 2501 1410 2570 propinquitatis
1453 2501 1570 2570 iure
1617 2503 1921 2571 conjuncti,
1953 2503 2024 2557 ita

449 2586 789 2657 indignantur
843 2598 899 2643 et
960 2605 1101 2660 aegre
1166 2589 1382 2658 ferunt;
1430 2609 1610 2648 verum
1655 2594 1754 2664 ipsi
1794 2609 2025 2650 consan-

448 2677 626 2747 guinei
679 2687 735 2734 et
816 2690 1064 2750 parentes
1132 2696 1293 2752 super
1355 2683 1437 2738 his
1488 2684 1645 2739 irasci
1704 2684 2022 2741 didicerunt.

448 2770 683 2828 Tametsi
727 2787 832 2828 non
876 2774 1061 2843 ignoro
1102 2776 1400 2845 complures
1442 2791 1598 2845 esse,
1631 2778 1719 2848 qui
1768 2787 1945 2847 patres
1974 2778 2026 2833 id

448 2877 609 2932 agere
650 2879 757 2919 non
800 2865 1084 2923 admodum
1127 2877 1343 2937 stupent
1390 2886 1404 2923 :
1454 2869 1696 2924 suffocari
1740 2881 1916 2925 autem
1968 2885 2028 2927 se

448 2954 669 3022 dicunt,
700 2970 763 3010 ac
789 2955 1060 3012 iracundia
1103 2959 1315 3014 incendi
1340 3002 1354 3024 ,
1387 2975 1507 3016 cum
1537 2961 1750 3017 videant
1775 2977 1867 3017 eos
1890 3004 1905 3029 ,
1936 2963 2027 3033 qui

450 3062 624 3116 neque
653 3056 830 3117 patres
855 3061 998 3116 sunt,
1026 3065 1198 3121 neque
1223 3053 1398 3117 amici,
1431 3069 1600 3123 neque
1625 3055 2025 3124 consanguinei,

450 3152 624 3208 neque
649 3139 753 3194 alia
796 3156 862 3195 ex
892 3149 1041 3209 parte
1082 3144 1404 3208 necessarii,
1436 3145 1542 3199 imo
1569 3160 1712 3215 saepe
1759 3145 1919 3215 ignoti
1964 3145 2028 3200 iis

449 3228 540 3297 qui
570 3228 928 3301 phiIOSOphari
958 3233 1257 3302 instituunt,
1290 3234 1391 3289 hoc
1418 3235 1591 3302 ipsum
1623 3238 1750 3305 pati,
1781 3252 1845 3291 ac
1885 3237 2025 3306 plus,

449 3334 611 3388 quam
657 3320 756 3391 ipsi
802 3331 981 3391 patres
1022 3322 1205 3379 dolere
1227 3365 1242 3389 ,
1274 3340 1579 3395 Oppugnare
1600 3367 1615 3387 .
1646 3336 1701 3380 et
1730 3328 1781 3381 in
1826 3328 2027 3383 crimen

450 3423 648 3466 vocare
687 3425 782 3467 eos
803 3453 818 3478 ,
848 3413 938 3482 qui
968 3412 1124 3483 hujus
1151 3416 1408 3485 propositi
1431 3423 1676 3471 auctores
1703 3418 1834 3487 ipsis
1862 3420 2027 3473 fuere.

457 3499 579 3554 Mihi
620 3517 749 3557 vero
790 3503 932 3573 quod
960 3506 1262 3574 oppositum
1306 3517 1388 3561 est
1417 3507 1610 3561 mirum
1638 3523 1758 3562 esse
1799 3508 2025 3563 videtur.

456 3591 560 3646 Eos
583 3594 725 3647 enim
741 3595 830 3663 qui
857 3595 1000 3649 nullo
1018 3595 1099 3650 vel
1129 3595 1306 3652 tutelae
1321 3598 1405 3653 vel
1431 3599 1679 3652 amicitia:
1698 3599 1820 3669 jure
1847 3609 2032 3655 tenen-

455 3700 560 3752 tur,
590 3685 777 3742 alienis
822 3687 873 3741 in
904 3688 1057 3743 bonis
1084 3689 1227 3759 angi,
1261 3704 1366 3743 non
1396 3690 1587 3744 mirum
1616 3691 1858 3746 videatur
1885 3707 2027 3760 esse,

453 3787 637 3847 utpote
682 3778 871 3849 partim
920 3780 1116 3835 invidia
1156 3790 1471 3851 correptos,
1520 3783 1708 3851 partim
1753 3799 1880 3839 vero
1924 3800 2033 3854 prae

454 3869 653 3924 malitia
712 3885 807 3925 sua
864 3870 1088 3927 aliorum
1145 3873 1434 3942 perniciem
1492 3872 1796 3929 felicitatem
1836 3876 1858 3905 ¹
1914 3889 2033 3929 esse

455 3978 608 4019 suam
654 3962 1011 4032 arbitrantes;
1043 3967 1236 4021 misere
1279 3966 1329 4021 id
1357 3966 1570 4035 quidem
1613 3975 1668 4021 et
1710 3966 2029 4033 infeliciter,

456 4057 776 4113 arbitrantes
817 4068 992 4113 tamen
1026 4075 1039 4112 :
1071 4059 1212 4130 quod
1255 4068 1432 4114 autem
1461 4060 1534 4125 ii,
1564 4059 1652 4130 qui
1695 4070 2028 4130 genuerunt,

456 4151 545 4217 qui
573 4150 949 4217 educaverunt,
979 4152 1068 4221 qui
1095 4152 1412 4221 quotidianis
1440 4153 1576 4206 votis
1604 4160 1855 4221 excptant
1881 4162 2033 4206 natos

456 4255 583 4295 suos
624 4255 683 4296 se
724 4241 853 4311 ipsis
899 4242 1265 4311 praeclariorcs
1292 4243 1473 4297 videre
1498 4283 1511 4307 ,
1543 4243 1633 4313 qui
1674 4258 1736 4297 ea
1764 4242 1832 4297 de
1874 4257 2033 4297 causa

456 4344 646 4388 cuncta
674 4332 872 4388 faciunt
893 4342 945 4389 et
971 4334 1266 4403 patiuntur;
1288 4348 1380 4388 eos
1404 4349 1501 4388 ceu
1527 4332 1751 4403 quadam
1779 4333 2035 4388 ebrietate

457 4434 734 4495 correptos
748 4434 968 4494 repente
992 4426 1186 4480 mutari
1202 4433 1255 4480 et
1276 4425 1397 4493 angi
1412 4425 1479 4479 de
1494 4424 1843 4495 philosophia:
1858 4425 2035 4480 studio

458 4533 486 4567 a
517 4515 639 4570 ﬁliis
667 4525 953 4586 suscepto;
983 4516 1113 4571 illud
1139 4525 1220 4571 est
1244 4516 1386 4586 quod
1413 4531 1511 4586 ego
1542 4517 1775 4571 maxime
1799 4517 2035 4571 omnium

458 4605 696 4662 admiror
715 4648 730 4671 ,
761 4606 888 4661 illud
927 4622 1025 4677 ego
1050 4618 1419 4677 argumentum
1443 4621 1561 4661 esse
1590 4616 1716 4677 puto
1743 4607 1990 4662 idoneum
2016 4649 2032 4673 ,

458 4697 602 4766 quod
644 4698 821 4754 omnia
868 4708 1115 4768 corrupta
1156 4699 1466 4769 perditaque
1512 4699 1636 4752 sint.
1685 4698 1799 4754 lloc
1840 4699 2036 4766 elapsis

458 4790 745 4861 contigisse
774 4790 1098 4860 temporibus
1126 4804 1282 4845 nemo
1322 4790 1552 4854 dixerit,
1587 4806 1655 4846 ne
1682 4799 1791 4843 tum
1822 4789 2036 4859 quidem

460 4898 583 4938 cum
632 4884 804 4953 palam
851 4883 1214 4938 dominaretur
1264 4899 1434 4938 error.
1482 4884 1560 4938 Ac
1607 4882 1774 4937 semel
1823 4881 2034 4951 quidem

461 4974 655 5030 accidit
681 4975 733 5030 in
771 4975 985 5031 civitate
1010 4975 1193 5031 Graeca
1218 5017 1234 5042 ,
1263 4976 1355 5030 sed
1383 4990 1539 5045 quam
1578 4975 1785 5046 tyranni
1810 4990 2038 5045 occupa-

462 5068 590 5121 bant
620 5083 633 5119 :
666 5082 836 5137 neque
861 5046 1186 5121 tamen'tunc
1213 5075 1488 5136 parentum
1516 5066 1705 5136 aliquis
1727 5108 1742 5131 ,
1776 5075 1831 5120 ut
1855 5082 1995 5120 nunc
2017 5105 2034 5133 ,

462 5158 556 5213 sed
602 5159 690 5229 qui
738 5173 913 5214 arcem
952 5167 1386 5228 occupaverant;
1422 5173 1522 5213 nec
1564 5173 1752 5214 omnes
1781 5158 1992 5228 quidem
2017 5198 2035 5223 ,

463 5265 646 5303 verum
676 5250 766 5319 qui
814 5249 1003 5304 horum
1049 5259 1164 5304 erat
1208 5249 1649 5319 ﬂagitiosissimos
1673 5290 1687 5315 ,
1720 5249 2038 5304 accersitum

462 5339 739 5394 Socratem
780 5338 996 5409 iubebat
1022 5354 1053 5393 a
1084 5339 1432 5409 philoSOphiae
1472 5339 1713 5393 doctrina
1756 5339 2034 5393 absistere.

460 5436 533 5487 At
559 5430 648 5486 ille
670 5430 882 5502 quidem
904 5470 923 5499 ,
953 5440 1208 5502 tyrannus
1228 5471 1244 5496 ,
1276 5430 1503 5485 infidelis
1524 5439 1578 5486 et
1613 5444 1785 5484 saevus
1808 5471 1823 5497 ,
1852 5430 1941 5499 qui
1970 5430 2038 5484 ad

526 5633 545 5663 ι
581 5630 770 5681 Librum
793 5631 921 5681 hunc
940 5643 1190 5690 vocamus,
1212 5630 1493 5688 secundum,
1520 5643 1582 5681 ex
1608 5632 1894 5682 auctoritate
1917 5631 2034 5680 duo-

467 5700 704 5755 rumuss.
738 5700 790 5742 Et
810 5705 929 5743 sane
951 5693 1029 5755 hic
1050 5692 1174 5742 liber
1197 5692 1275 5743 vel
1300 5707 1361 5743 ex
1379 5694 1519 5742 modo
1541 5694 1757 5744 ordiendi
1779 5695 1838 5743 ad
1863 5705 2039 5755 praece-

465 5750 627 5816 dentis
646 5756 829 5816 seriem
840 5754 1056 5816 respicit.

531 5814 551 5847 ³
585 5820 681 5865 Vox
698 5848 716 5879 ,
733 5814 1010 5885 felicitatem
1026 5853 1043 5879 ,
1069 5814 1211 5867 deest
1234 5816 1285 5866 in
1300 5816 1485 5867 duobus
1508 5824 1610 5867 atas.

2127 1864 2464 1919 evertendam
2478 1865 2854 1936 rempublicam
2868 1875 3056 1922 cuncta
3069 1866 3397 1930 moliebatur,
3410 1865 3701 1937 alienisque

2129 1955 2182 2008 in
2231 1955 2385 2009 malis
2436 1957 2796 2026 gloriabatur,
2850 1973 3047 2027 gnarus
3093 1957 3225 2012 nihil
3273 1958 3491 2028 perinde
3540 1968 3700 2029 atque

2132 2048 2289 2102 talem
2328 2048 2619 2118 iussionem
2650 2051 2909 2120 optimum
2960 2050 3265 2119 reipublica:
3303 2060 3496 2105 statum
3545 2065 3703 2121 posse

2127 2149 2432 2208 pervertere
2455 2182 2469 2205 ,
2501 2140 2614 2197 htec
2640 2157 2801 2196 ausus
2826 2153 2928 2197 est.
2959 2144 3026 2196 At
3065 2142 3119 2196 hi
3147 2142 3333 2198 ﬁdeles
3354 2184 3373 2210 ,
3396 2152 3451 2199 et
3487 2143 3539 2197 in
3565 2142 3701 2198 bene

2128 2230 2380 2285 institutis
2425 2233 2726 2289 civitatibus
2754 2233 3006 2304 degentes
3031 2276 3045 2301 ,
3078 2234 3371 2305 liberisque
3415 2235 3527 2290 suis
3569 2249 3701 2289 con-

2125 2323 2323 2377 sultum
2367 2325 2681 2393 cupientes,
2730 2327 2844 2381 haec
2885 2326 3071 2382 eadem
3119 2327 3264 2398 loqui
3306 2328 3539 2396 audent,
3583 2344 3703 2397 qua:

2125 2421 2380 2483 tyrannus
2429 2415 2516 2469 ille
2543 2416 2685 2470 circa
2735 2416 2976 2471 subditos
3022 2432 3185 2483 suos,
3219 2433 3319 2472 nec
3365 2418 3699 2473 erubescunt.

2104 2503 2302 2577 .Quare
2320 2504 2476 2574 hiqui
2506 2505 2582 2560 sic
2611 2506 2972 2576 indignantur,
2991 2508 3160 2577 magis
3175 2523 3331 2578 quam
3362 2508 3703 2575 illi,admira-

2129 2594 2274 2648 tione
2312 2594 2456 2664 digni
2483 2605 2625 2650 sunt.
2667 2595 2870 2653 idcirco
2898 2608 2951 2652 et
2975 2614 3074 2668 ego
3100 2599 3218 2653 illos
3246 2598 3438 2653 missos
3466 2599 3699 2665 faciens,

2128 2681 2227 2737 hos
2252 2685 2342 2754 qui
2374 2685 2425 2739 in
2453 2686 2636 2754 primis
2662 2701 2843 2742 curam
2872 2688 3100 2742 ﬁliorum
3126 2697 3318 2758 gerunt
3342 2731 3356 2753 ,
3384 2689 3492 2744 imo
3528 2691 3704 2759 potius

2128 2787 2315 2842 gerere
2361 2774 2691 2845 debuerant,
2747 2793 2852 2832 non
2904 2790 3082 2834 autem
3134 2789 3359 2849 gerunt,
3419 2780 3606 2834 leniter
3652 2792 3706 2835 et

2129 2881 2333 2921 summa
2350 2883 2468 2923 cum
2488 2869 2851 2925 moderatione
2869 2871 3109 2941 alloquar
3127 2889 3139 2925 :
3159 2871 3226 2926 ab
3247 2871 3347 2925 illis
3369 2871 3704 2941 impetratum

2129 2957 2347 3027 cupiens
2372 3002 2387 3025 ,
2420 2967 2480 3013 ut
2521 2976 2628 3015 non
2671 2961 2894 3017 moleste
2938 2961 3150 3027 ferant,
3185 2977 3283 3017 nec
3329 2962 3665 3033 indignentur
3687 3004 3704 3028 ,

2108 3049 2175 3103 'si
2217 3051 2333 3118 quis
2374 3065 2433 3106 se
2476 3067 2538 3106 ea
2579 3067 2698 3123 qua:
2741 3053 2974 3121 ipsorum
3021 3053 3142 3107 ﬁliis
3188 3053 3476 3123 expediunt
3518 3053 3707 3107 melius

2129 3157 2288 3197 nosse
2331 3143 2509 3211 dicat,
2539 3160 2698 3215 quam
2746 3145 2905 3200 iidem
2953 3146 3073 3215 ipsi.
3103 3144 3284 3215 Neque
3329 3145 3471 3201 enim
3514 3144 3709 3200 sufﬁcit

2130 3233 2298 3288 ﬁlium
2327 3250 2655 3303 procreasse,
2687 3245 2744 3290 ut
2769 3236 2936 3307 possit
2960 3246 3088 3291 nato
3118 3251 3309 3305 parens
3332 3245 3705 3307 congruentem

2131 3324 2514 3379 institutionem
2541 3325 2697 3391 dare;
2716 3326 2810 3381 sed
2838 3327 3133 3396 procreatio
3159 3328 3379 3381 multum
3409 3328 3613 3382 confert
3638 3328 3705 3380 ad

2132 3417 2297 3486 prolis
2338 3432 2573 3472 amorem
2598 3458 2612 3484 ,
2643 3417 2711 3472 ad
2756 3417 2870 3487 ejus
2898 3433 3025 3472 vero
3054 3418 3295 3473 idoneam
3341 3418 3707 3474 educationem

2132 3518 2187 3563 et
2227 3509 2554 3578 disciplinam
2604 3525 2773 3579 neque
2820 3510 3119 3579 procreatio
3165 3524 3338 3579 neque
3383 3524 3532 3564 arnor
3579 3509 3711 3563 satis

2134 3612 2276 3656 sunt.
2307 3601 2438 3655 Nam
2469 3602 2511 3655 si
2537 3600 2638 3656 hoc
2666 3610 2825 3665 esset,
2848 3602 3023 3655 nullus
3049 3602 3317 3654 hominum
3344 3608 3495 3671 patre
3520 3599 3710 3653 melius

2134 3706 2292 3746 nosse
2318 3701 2494 3761 posset
2509 3690 2757 3761 quidnam
2775 3701 2917 3746 esset
2934 3691 3042 3744 ﬁlio
3069 3691 3264 3757 utilius,
3283 3688 3704 3761 quandoquidem

2133 3799 2294 3839 nemo
2334 3793 2415 3837 est
2441 3784 2529 3853 qui
2575 3784 2744 3852 possit
2787 3783 2878 3837 illo
2924 3782 3090 3852 magis
3134 3782 3297 3835 ﬁlium
3326 3795 3527 3835 amare.
3558 3778 3709 3833 Nunc

2135 3889 2262 3931 vero
2299 3884 2476 3944 patres
2504 3889 2564 3929 se
2592 3872 2720 3927 illud
2762 3873 3006 3943 ignorare
3032 3873 3193 3940 gestis
3216 3873 3325 3925 suis
3349 3870 3704 3933 conﬁtentur;

2135 3982 2255 4022 cum
2286 3967 2351 4022 ad
2381 3966 2661 4037 magistros
2701 3966 2937 4031 ducunt,
2965 3980 3084 4020 cum
3132 3963 3425 4034 paedagogis
3456 3961 3704 4025 tradunt,

2136 4076 2255 4116 cum
2285 4060 2590 4114 innumeros
2619 4058 2948 4114 consiliarios
2989 4057 3279 4123 adhibent,
3312 4065 3368 4109 ut
3411 4055 3581 4109 sciant
3622 4054 3707 4109 cui

2136 4152 2258 4206 vita:
2286 4150 2525 4205 instituto
2555 4149 2690 4203 ﬁlius
2720 4148 3005 4204 tradendus
3034 4148 3120 4202 sit.
3148 4146 3330 4217 Neque
3358 4145 3553 4199 mirum
3580 4144 3706 4199 illud

2136 4253 2218 4297 est
2241 4283 2255 4305 ,
2287 4241 2382 4296 sed
2416 4241 2557 4311 quod
2583 4256 2701 4295 cum
2727 4240 2794 4295 de
2824 4240 2944 4293 ﬁliis
2970 4239 3273 4293 consultant
3294 4278 3308 4300 ,
3335 4237 3560 4291 aliorum
3583 4251 3706 4290 sen-

2138 4334 2394 4399 tentiam,
2455 4348 2552 4388 sua
2606 4348 2748 4402 saepe
2806 4332 3115 4401 repudiata,
3172 4331 3578 4399 amplectantur.
3632 4328 3710 4383 Ne

2138 4427 2316 4497 itaque
2363 4426 2588 4480 moleste
2618 4439 2717 4478 nos
2764 4421 2974 4489 ferant,
3004 4423 3049 4476 si
3093 4421 3331 4475 dicamus
3380 4435 3479 4474 nos
3525 4419 3711 4474 melius

2139 4533 2297 4574 nosse
2321 4517 2445 4588 quid
2488 4518 2590 4572 illis
2633 4518 2950 4581 conveniat;
2980 4514 3072 4570 sed
3099 4515 3199 4569 nisi
3248 4514 3298 4568 id
3338 4524 3483 4569 certa
3510 4513 3713 4568 ratione

2141 4609 2558 4679 probaverimus,
2579 4618 2701 4662 tunc
2721 4615 2991 4674 accusent,
3012 4615 3136 4661 tunc
3157 4605 3364 4675 probris
3386 4606 3635 4675 impctant
3656 4614 3715 4659 ut

2140 4710 2536 4771 arrogantes,ac
2556 4708 2919 4769 corruptores,
2944 4698 3206 4767 totiusque
3228 4706 3429 4751 natura:
3450 4695 3710 4751 inimicos.

2208 4791 2264 4845 2.
2305 4790 2544 4858 Quonam
2571 4806 2699 4860 ergo
2724 4789 2883 4844 modo
2909 4787 3038 4843 illud
3073 4786 3412 4842 manifestum
3447 4788 3588 4853 erit,
3625 4797 3719 4841 aut

2140 4900 2241 4954 qua
2264 4884 2467 4938 ratione
2492 4884 2741 4948 sciemus,
2774 4881 3019 4951 quisnam
3048 4880 3119 4934 sit
3140 4880 3228 4949 qui
3257 4878 3399 4949 quod
3427 4887 3716 4934 consenta—

2140 4991 2298 5030 neum
2322 4984 2403 5030 est
2426 4974 2620 5039 videat,
2642 4984 2699 5030 et
2721 4974 2962 5044 quisnam
2986 4972 3038 5027 id
3056 4973 3267 5042 quidem
3296 4972 3435 5027 scire
3455 4972 3714 5036 videatur,

2142 5067 2442 5121 nullatenus
2470 5082 2596 5121 vero
2626 5065 2790 5120 sciat?
2816 5063 2872 5120 Si
2896 5063 3033 5119 dicta
3062 5079 3200 5129 mea,
3218 5078 3315 5117 ceu
3340 5062 3590 5132 quasdam
3612 5061 3711 5116 ob-

2135 5158 2414 5229 iectiones.
2433 5158 2498 5213 ad
2516 5173 2738 5212 examen
2755 5155 3078 5212 descendere
3097 5171 3159 5209 ac
3177 5155 3424 5226 congredi
3442 5165 3716 5224 cogentes,

2142 5250 2461 5320 incorruptis
2495 5249 2763 5319 iudicibus
2800 5248 2914 5303 haac
2950 5247 3290 5316 disquirenda
3332 5248 3716 5316 permittamus.

2142 5343 2250 5399 Lex
2295 5345 2472 5413 itaque
2513 5342 2819 5397 certaminis
2846 5355 2943 5394 nos
2978 5339 3235 5394 adversus
3267 5337 3624 5393 Christianqu
3654 5337 3718 5390 ad

2143 5451 2371 5507 pugnam
2400 5435 2546 5489 exire
2570 5434 2718 5503 jubet
2739 5474 2755 5498 ,
2783 5440 2944 5501 atque
2970 5446 3090 5485 cum
3117 5430 3207 5483 illo
3236 5438 3438 5483 tantum
3464 5444 3720 5498 pugnare,

2144 5527 2385 5596 nihilque
2410 5524 2640 5595 amplius
2665 5522 2890 5593 requirit
2919 5537 2950 5576 a
2979 5521 3155 5575 nobis.
3186 5519 3320 5585 Quid
3348 5521 3481 5573 enim
3510 5519 3632 5571 mihi
3663 5521 3727 5573 de

2142 5622 2205 5673 iis
2246 5620 2397 5673 etiam
2436 5618 2522 5688 qui
2545 5617 2669 5685 {oris
2704 5623 2819 5670 sunt
2840 5613 3073 5683 judicare
3100 5612 3191 5681 (l.
3220 5609 3340 5666 Cor.
3391 5612 3445 5666 5.
3475 5610 3614 5678 12)?
3652 5610 3727 5663 ait

2145 5712 2334 5766 beatus
2382 5708 2602 5764 Paulus.
2644 5706 2842 5762 Verum
2895 5705 3018 5775 quia
3066 5704 3389 5774 plerumque.
3427 5700 3726 5770 contingit,

2154 5803 2350 5859 multos
2388 5816 2570 5857 eorum
2602 5800 2690 5871 qui
2742 5797 2807 5853 ad
2850 5797 3041 5854 caelum
3088 5792 3502 5867 pertrahuntur,
3536 5792 3725 5847 inﬁde-
