4096 6392
232 329 332 385 551

227 443 339 515 γὰρ
353 439 422 494 τά
442 440 577 494 ἄλλα
598 439 781 512 παρῶ,
806 439 938 493 αὐτὸ
962 440 1024 512 δὴ
1045 440 1200 495 τοῦτο
1219 440 1280 494 10
1300 442 1720 510 καταναγκάσαν
1743 445 1893 513 ἡμᾶς

223 532 304 593 είς
331 527 518 583 τοῦτον
545 528 792 584 καθεῖναι
819 532 910 584 τὸν
939 529 1115 598 λόγον,
1147 531 1245 599 οὐχ
1277 529 1460 583 ἱκανὸν
1487 531 1581 584 καὶ
1609 531 1765 600 μόνον
1794 533 1893 602 τῆς

224 615 560 688 κατεχούσης
602 617 758 670 νόσου
806 618 904 686 τὴν
937 619 1135 672 κακίαν
1174 617 1544 683 ἐνδείξασθαι;
1579 608 1791 690 Είγάρ
1831 621 1894 674 10

224 703 333 756 τῶν
358 704 574 757 οἰκείων
595 703 811 776 ἀμαρτη
821 705 1002 774 μάτων
1033 704 1104 775 μὴ
1126 704 1569 770 ἐπαισθάνεσθαι,
1594 706 1707 759 ἀλλ’
1729 706 1892 760 ἀναλ-

227 791 408 861 γήτως
437 789 801 861 πλημμελεῖν,
834 791 1061 860 ἔσχατος
1091 793 1216 862 ὄρος
1261 792 1460 856 κακίας
1491 793 1629 856 ἐστὶ,
1666 793 1768 846 ποῦ
1802 793 1896 846 τά-

229 877 391 948 ξομεν
422 879 548 940 τοὺς
591 878 741 942 νέους
771 878 994 941 τούτους
1027 879 1321 949 νομοθέτας
1343 881 1443 949 τῆς
1476 881 1668 950 καινῆς
1692 881 1896 952 ταύτης

227 967 322 1018 καὶ
363 965 715 1034 ἀτοπωτάτης
740 965 1077 1035 νομοθεσίας,
1117 965 1166 1018 οἳ
1201 967 1338 1036 μετὰ
1368 967 1609 1030 πλείονος
1635 967 1737 1037 τῆς
1757 971 1898 1039 παρ-

232 1053 425 1123 ρησίας
467 1054 594 1116 τοὺς
636 1054 736 1123 τῆς
772 1054 974 1124 ἀρετῆς
1019 1054 1383 1107 ἀπελαύνουσι
1432 1055 1802 1120 διδασκάλους,
1859 1056 1892 1128 ἢ

1046 324 1414 380 ADVERSUS
1446 324 1998 383 OPPUGNATORES
2034 325 2221 383 ἾΙΤᾹΞ
2262 325 2564 382 MONAST.
2610 325 2737 383 LIB.
2781 324 2845 381 11.

3549 325 3658 381 3'52

1995 442 2123 504 τοὺς
2143 442 2239 512 τῆς
2270 441 2466 504 κακίας
2488 441 2686 514 ἕτεροι,
2716 441 2810 494 καὶ
2832 440 2939 494 τῶν
2963 437 3466 512 πλημμελησάντων
3497 439 3658 495 πλέον

1995 531 2108 591 τοῖς
2135 527 2378 600 διορθοῦν
2411 528 2750 600 βουλομένοις
2779 541 2804 570 ι
2833 528 3344 598 ἐκπεπολέμωνται;
3381 528 3578 598 μᾶλλον
3605 531 3666 583 δὲ

1998 617 2134 688 πρὸς
2168 617 2408 680 ἐκείνους
2451 618 2550 688 μὲν
2586 617 2710 671 οὔτε
2742 619 2920 690 ἀηδῶς
2947 618 3178 689 ἔχουσιν,
3217 617 3338 672 οὔτε
3376 620 3666 688 ἐγκαλοῦσι

1998 721 2166 770 ποτε,
2211 706 2415 758 τούτων
2465 707 2521 759 δὲ
2573 705 2676 760 κᾶν
2722 707 3115 776 ἀπογεύσαιντο
3159 707 3328 778 ἡδέως
3387 710 3668 778 μονονουχὶ

2001 791 2230 862 βοῶντες
2271 794 2364 845 καὶ
2389 794 2457 846 δι’
2483 787 2557 846 ὧν
2589 793 2804 862 λέγουσι
2847 797 2941 847 καὶ
2967 795 3034 846 δι’
3064 789 3138 849 ὧν
3177 795 3442 854 ποιοῦσιν,
3478 797 3560 848 δτι
3587 795 3670 849 δεῖ

1997 881 2096 949 τῆς
2120 880 2318 943 κακίας
2339 880 2506 952 ἀπρὶξ
2527 880 2764 951 ἔχεσθαι,
2790 881 2884 935 καὶ
2910 881 3173 952 μηδέποτε
3195 882 3504 936 ἐπανελθεῖν
3530 882 3668 952 πρὸς

1997 968 2217 1038 ἀρετὴν,
2264 968 2339 1031 ὼς
2371 970 2433 1021 οὐ
2491 969 2653 1039 μόνον
2693 969 2822 1032 τοὺς
2870 969 3150 1038 μετιόντας
3189 970 3380 1041 αὐτὴν,
3409 969 3542 1022 ἀλλά
3573 969 3668 1021 καὶ

1997 1058 2123 1122 τοὺς
2141 1060 2323 1130 φωνὴν
2337 1060 2476 1130 ὑπὲρ
2491 1059 2692 1131 ταύτης
2709 1059 2869 1131 ῥῆξαι
2885 1060 3195 1130 τολμῶντας
3211 1059 3512 1131 ἀμύνεσθαι
3526 1060 3662 1112 δέον.

292 1145 318 1174 ⁸
338 1145 419 1193 Sic
443 1144 554 1194 Sav.
579 1150 634 1193 et
651 1145 820 1194 Morel.
846 1145 952 1195 Duo
972 1152 1138 1194 autem
1156 1159 1272 1194 mss.
1293 1147 1610 1208 πειρωμένοις.
1640 1146 1765 1195 Infra
1789 1161 1880 1209 pro

2014 1151 2354 1212 ἀπογεύσαιντο
2376 1153 2641 1214 legendum
2661 1153 2856 1201 videtur
2877 1153 2963 1200 οὐκ
2985 1154 3040 1200 ἆν
3063 1151 3420 1213 ἀπογεύσαιντο.

902 1392 1019 1466 [⁵⁷]
1087 1407 1498 1522 ΠΡΟΣ
1583 1407 2268 1528 ΑΠΙΣΤΟΝ
2352 1416 2995 1552 ΠΑΤΕΡΑ,

1647 1602 1867 1657 ΛΟΓΟΣ
1905 1605 2259 1660 ΔΕΥΤΕΡΟΣ

305 1856 375 1904 α’.
394 1848 572 1904 Ἱκανά
609 1849 708 1920 μὲν
738 1845 830 1904 οὖν
851 1849 944 1904 καὶ
973 1849 1143 1904 ταῦτα
1169 1849 1421 1905 ἔκστασιν
1452 1850 1784 1920 ἐργάσασθαι
1811 1853 1904 1906 καὶ

235 1940 458 2012 φρίκηνο
492 1939 593 1993 κᾶν
620 1940 682 1993 10
707 1941 1042 2012 προφητικόν
1065 1957 1148 2003 τις
1174 1941 1350 1992 ἐκεῖνο
1377 1941 1468 1992 ἐπὶ
1497 1940 1708 2004 τούτοις
1735 1941 1904 2011 φθέγ-

233 2045 398 2098 γηται
417 2027 532 2090 νῦν,
561 2029 644 2082 ὅτι
665 2017 916 2096 Ἐξέστη
945 2031 977 2081 ό
1005 2029 1260 2096 οὐρανὸς
1272 2028 1371 2082 ἐπὶ
1393 2030 1602 2095 τούτῳ,
1619 2029 1716 2084 καὶ
1739 2031 1902 2098 ἔφρι-

237 2115 346 2179 ξεν
373 2116 410 2182 ἡ
439 2115 516 2185 τῆ
544 2115 642 2168 ἐπὶ
666 2115 878 2170 πλεῖον
904 2115 1159 2184 σφόδρα*
1198 2117 1312 2180 καὶ,
1343 2117 1425 2170 ὅτι
1449 2118 1782 2184 Ἕκστιισις
1805 2117 1903 2170 καί

237 2206 455 2275 φρικτὰ
507 2205 760 2275 ἐγενήθη
817 2207 916 2260 ἐπὶ
964 2206 1075 2275 τῆς
1115 2205 1244 2276 γῆς,
1291 2208 1561 2278 εὐκαίρως
1609 2208 1787 2262 πάντα
1835 2209 1904 2262 τά

238 2292 464 2347 τοιαῦτα
493 2296 626 2364 ἐρεῖ.
653 2295 728 2347 Τὸ
765 2294 822 2348 δέ
863 2295 1068 2348 τούτων
1105 2295 1506 2367 χαλεπώτερον,
1541 2297 1621 2350 ὅτι
1651 2298 1711 2350 οὐ
1746 2297 1904 2368 μόνον

236 2381 506 2451 ἀλλότριοί
533 2398 706 2445 τινες,
737 2383 828 2435 καὶ
849 2382 1001 2435 οὐδὲν
1022 2384 1133 2445 τοῖς
1167 2381 1686 2453 συμϐουλευομένοις
1731 2402 1903 2456 προσ-

236 2469 462 2538 ήκοντες
487 2467 710 2522 τοιαῦτα
746 2469 1112 2536 ἀγανακτοῦσι
1154 2471 1248 2523 καὶ
1281 2470 1742 2542 δυσχεραίνουσιν,
1769 2471 1904 2525 ἀλλά

239 2559 519 2625 συγγενεῖς
553 2558 645 2609 καὶ
683 2555 920 2626 πατέρες
952 2556 1152 2627 ἔμαθον
1173 2558 1311 2629 ὑπὲρ
1339 2559 1543 2611 τούτων
1568 2559 1898 2630 ὀργίζεσθαι.

240 2645 430 2699 Καίτοι
459 2661 523 2712 γε
553 2646 653 2698 οὐκ
685 2645 864 2713 ἀγνοῶ
893 2646 972 2698 ὄτι
999 2646 1184 2698 πολλοὶ
1216 2647 1352 2718 πρὸς
1391 2649 1486 2718 μέν
1512 2648 1634 2711 τοὺς
1664 2646 1902 2716 πατέρας

237 2731 396 2786 τοῦτο
421 2732 708 2794 ποιοῦντας
740 2733 799 2784 οὐ
833 2733 1039 2804 σφόδρα
1072 2733 1478 2805 ἐκπλήττονται·
1504 2733 1902 2802 ἀποπνίγεσθαι

238 2821 297 2874 δέ
328 2838 458 2890 φασι
496 2820 574 2890 τῷ
597 2819 783 2891 θυμῷ,
825 2821 953 2874 ὃταν
979 2820 1128 2874 ῖδωσι
1148 2823 1273 2885 τοὺς
1307 2825 1444 2892 μήτε
1474 2822 1734 2893 πατέρας,
1768 2822 1902 2892 μήτε

239 2908 442 2976 φίλους,
479 2909 615 2978 μήτε
638 2910 938 2976 συγγενεῖς,
962 2910 1097 2979 μήτε
1118 2909 1335 2962 ἄλλοθέν
1359 2910 1519 2962 ποθεν
1542 2911 1900 2979 ἐπιτηδείους,

239 2993 498 3058 πολλάκις
535 2994 592 3047 δέ
629 2995 723 3048 καὶ
761 2994 1008 3062 ἀγνῶτας
1040 2995 1198 3060 ὄντας
1237 3001 1349 3060 τοῖς
1388 2997 1691 3066 φιλοσοφεῖν
1720 3001 1906 3068 αἱρου-

245 3081 426 3152 μένοις
450 3081 511 3134 10
539 3081 668 3133 αὐτὸ
690 3081 846 3136 τοῦτο
877 3081 1206 3152 πάσχοντας,
1247 3084 1339 3137 καὶ
1372 3083 1566 3154 μᾶλλον
1592 3085 1701 3138 τῶν
1733 3084 1902 3139 πατε-

249 3178 357 3233 ρων
384 3165 765 3238 δακνομένους,
798 3169 890 3219 καὶ
919 3167 1310 3238 πολεμοῦντας,
1342 3172 1435 3223 καὶ
1471 3171 1905 3242 κατηγοροῦντας

241 3256 350 3311 τῶν
385 3258 794 3311 ἀναπεισάντων
846 3256 1064 3320 αὐτούς.
1113 3257 1269 3328 Ἐμοὶ
1313 3258 1369 3310 δὲ
1411 3260 1718 3313 τούναντίον
1766 3255 1906 3312 εἶναι

240 3345 388 3398 δοκεῖ
411 3343 720 3414 θαυμαστόν
740 3356 790 3394 δ.
815 3345 954 3406 Τοὺς
987 3345 1083 3414 μὲν
1102 3345 1210 3415 γάρ
1234 3347 1370 3416 μήτε
1395 3347 1740 3417 κηδεμονίας,
1769 3348 1905 3419 μήτε

243 3432 424 3500 φιλίας
446 3431 667 3501 ἔχοντάς
689 3449 740 3484 τι
762 3431 1054 3502 δικαίωμα,
1079 3432 1230 3486 οὐδὲν
1251 3433 1476 3496 ἀπεικός
1504 3437 1650 3487 ἐστιν
1680 3435 1771 3487 ἐπὶ
1794 3437 1907 3498 τοῖς

242 3520 538 3592 ἀλλοτρίοις
569 3519 752 3587 ἀλγεῖν
793 3518 1048 3587 ἀγαθοῖς,
1079 3518 1156 3590 πὴ
1199 3519 1296 3590 μὲν
1326 3519 1430 3573 ὐπὸ
1466 3520 1761 3590 βασκανίας
1793 3523 1907 3576 άλι-

244 3609 541 3679 σκομένους
561 3648 575 3672 ,
622 3607 699 3679 πὴ
732 3607 789 3660 δὲ
820 3607 920 3677 τῆς
971 3608 1176 3671 οἰκείας
1209 3608 1410 3672 κακίας
1456 3609 1554 3680 τὴν
1591 3610 1698 3662 τῶν
1730 3609 1906 3662 ἄλλων

247 3695 523 3749 ἀπώλειαν
545 3694 835 3765 εὐτυχίανιι
851 3692 1337 3762 εἷναινομίξοντας,
1352 3695 1551 3760 ἀθλίως
1579 3697 1674 3768 μὲν
1697 3697 1791 3750 καὶ
1809 3713 1908 3751 τα-

245 3779 568 3855 λαιπώρως,
599 3785 920 3854 νομίζοντας
947 3786 992 3838 δ’
1020 3782 1113 3840 οὖν
1141 3776 1312 3856 ὅμως·
1363 3787 1423 3839 τὸ
1467 3787 1523 3841 δὲ
1555 3790 1680 3852 τοὺς
1711 3805 1906 3860 γεννη-

249 3871 534 3940 σαμένους,
577 3871 704 3934 τοὺς
752 3871 1264 3944 ἀναθρεψαμένους,
1313 3875 1440 3937 τοὺς
1502 3874 1623 3928 καθ’
1668 3876 1908 3944 ἑκάστην

247 3957 572 4026 εὐχομένους
618 3958 831 4030 ἡμέραν
866 3959 1330 4031 εὐδοκιμωτέρους
1379 3961 1530 4029 σφῶν
1567 3961 1746 4015 αὐτῶν
1778 3963 1906 4027 τοὺς

251 4043 446 4107 παῖδας
482 4044 631 4108 ἰδεῖν,
686 4048 812 4109 τοὺς
841 4046 1019 4100 πάντα
1050 4047 1138 4100 διὰ
1168 4047 1326 4101 τοῦτο
1367 4049 1461 4103 καὶ
1493 4050 1781 4112 ποιοῦντας
1813 4051 1908 4102 κα)⁸

248 4132 552 4202 πάσχοντας
572 4151 586 4164 ο
621 4133 843 4196 τούτους
870 4134 927 4186 δέ
977 4134 1164 4206 ῶσπερ
1197 4135 1260 4188 ἐκ
1286 4153 1430 4199 τινος
1455 4136 1625 4207 μέθης
1651 4138 1908 4209 ἐξαίφνης

255 4219 756 4290 μεταϐαλλομένους
777 4221 982 4289 ἀλγεῖν,
1001 4223 1092 4275 ἐπὶ
1117 4223 1404 4294 φιλοσοφίᾳ
1430 4224 1537 4278 τῶν
1553 4225 1758 4278 παίδων
1781 4226 1908 4293 ἀγο-

255 4308 432 4378 μένων
469 4309 672 4372 αὐτοῖς·
703 4310 860 4363 τοῦτό
890 4313 1036 4364 ἐστιν
1067 4313 1095 4365 ὃ
1131 4313 1365 4383 μάλιστα
1394 4315 1609 4368 πάντων
1641 4313 1749 4384 ἐγὼ
1780 4315 1908 4368 θαυ-

254 4393 432 4464 μάζω,
464 4397 558 4450 καὶ
593 4397 687 4450 τοῦ
720 4397 895 4451 πάντα
922 4398 1241 4471 διεφθάρθαι
1268 4403 1563 4472 τεκμήριον
1595 4398 1733 4455 εἷναί
1766 4420 1907 4474 φημι

253 4483 454 4536 ἱκανόν.
487 4483 656 4537 Τοῦτο
686 4485 794 4556 γάρ
824 4486 932 4538 οὐδ’
961 4487 1052 4539 ἐπὶ
1090 4487 1198 4540 τῶν
1225 4488 1532 4559 ἔμπροσθεν
1561 4490 1767 4561 χρόνων
1795 4491 1908 4560 έχοι

249 4587 338 4634 τις
368 4571 433 4624 ἂν
468 4574 830 4643 γεγενημένον
868 4575 1060 4638 είπεῖν,
1098 4575 1185 4628 ὅτε
1217 4577 1434 4646 καὶτῆς
1457 4577 1663 4640 πλάνης
1689 4578 1908 4648 ἐκράτει

251 4659 540 4730 λαμπρῶς·
589 4659 703 4713 ἀλλ’
749 4662 963 4728 ἐγένετο
1010 4663 1108 4733 μὲν
1149 4663 1297 4728 ἅπαξ
1332 4666 1390 4716 ἐν
1433 4666 1693 4737 Ἑλληνίδι
1731 4666 1904 4731 πόλει,

249 4749 651 4821 τυραννουμένῃ
672 4749 747 4802 δέ.
765 4751 897 4803 Οὐδὲ
919 4751 1027 4822 γάρ
1046 4753 1108 4822 δὴ
1125 4753 1242 4806 τότε
1275 4753 1382 4808 τῶν
1408 4755 1609 4823 γονέων
1630 4773 1714 4820 τις
1742 4755 1910 4810 καθάο

252 4853 359 4905 περ
421 4836 536 4896 νῦν,
567 4837 681 4889 ἀλλ’
711 4841 758 4890 οἱ
799 4839 896 4909 τὴν
925 4840 1217 4910 ἀκρόπολιν
1263 4843 1677 4908 καταλαϐόντες,
1711 4844 1908 4916 μᾶλλον

250 4924 308 4977 δὲ
338 4925 459 4978 οὐδὲ
489 4919 632 4979 οὗτοι
659 4927 878 4990 πάντες,
908 4928 1044 4981 ἀλλά
1081 4932 1173 4984 καὶ
1211 4931 1414 4984 τούτων
1440 4933 1618 4985 αὐτῶν
1647 4936 1672 4986 0
1698 4931 1907 5003 μιαρώ-

249 5029 412 5076 τατος
441 5012 531 5065 τὸν
562 5013 856 5085 Σωκράτην
887 5015 1141 5078 καλέσας,
1177 5018 1394 5070 ἐκέλευε
1417 5019 1522 5072 τῶν
1545 5019 1684 5090 ὑπὲρ
1706 5019 1908 5086 φιλοσο-

253 5099 381 5167 φίας
420 5099 724 5171 ἀποστῆναι
758 5101 948 5169 λόγων.
983 5103 1124 5155 Ἀλλ’
1158 5106 1361 5169 ἐκεῖνος
1393 5107 1492 5176 μὲν
1524 5107 1616 5160 καὶ
1649 5107 1908 5178 τύραννος

253 5187 347 5238 καὶ
378 5186 604 5250 ἄπιστος
636 5189 730 5240 καὶ
769 5189 917 5259 ὠμὸς
945 5191 1040 5244 καὶ
1065 5191 1153 5244 ἐπ’
1193 5193 1468 5264 ἀνατροπῇ
1503 5195 1601 5264 τῆς
1633 5195 1908 5258 πολιτείας

253 5273 467 5327 ἅπαντα
499 5275 776 5345 πράττων,
803 5277 894 5328 καὶ
930 5280 1041 5340 τοῖς
1066 5278 1364 5350 ἀλλοτρίοις
1396 5282 1671 5351 ἐντρυφῶν
1695 5285 1905 5347 κακοῖς,

253 5361 348 5414 καὶ
371 5360 524 5425 εἰδὼς
546 5363 626 5415 ὃτι
654 5363 930 5416 πολιτείαν
952 5365 1183 5435 ἀρίστην
1210 5367 1362 5420 οὐδὲν
1393 5368 1580 5438 ⁹έτερον
1609 5370 1907 5441 ἀνατρέψαι

251 5447 508 5512 δύναται,
541 5447 616 5512 ὡς
652 5449 715 5501 τὸ
757 5449 999 5503 τοιοῦτον
1045 5453 1344 5522 ἐπίταγμα,
1381 5455 1554 5508 ταῦτα
1585 5456 1898 5526 ἐτόλμησενο

253 5527 399 5587 οὗτοι
425 5534 482 5587 δέ
505 5537 706 5600 πιστοὶ,
739 5538 831 5590 καὶ
853 5540 910 5592 ἐν
937 5539 1355 5610 εὐνομουμέναις
1379 5543 1538 5612 δῆθεν
1569 5544 1753 5596 πόλεσι
1781 5543 1910 5608 ζῶν-

251 5640 364 5685 τες,
408 5623 505 5675 καὶ,
534 5625 662 5694 περὶ
709 5625 914 5679 παίδων
943 5626 1052 5678 τῶν
1089 5627 1266 5680 αὐτῶν
1301 5629 1691 5700 βουλευόμενοι,
1730 5633 1906 5686 ταῦτα

253 5708 584 5778 φθέγγεσθαι
607 5711 896 5781 τολμῶσιν,
924 5711 959 5766 ἀ
992 5715 1120 5783 περὶ
1145 5713 1251 5767 τῶν
1275 5718 1721 5787 τυραννουμένων
1754 5719 1782 5772 ὁ
1813 5719 1907 5772 τύ-

314 5881 343 5953 :
365 5879 446 5953 §ip
468 5881 578 5953 Say.
600 5888 654 5953 οι
672 5884 768 5930 duo
790 5898 902 5953 gms:
927 5886 989 5953 A_t
1013 5887 1128 5935 Mor.
1152 5888 1416 5938 τούναντίον
1439 5891 1536 5939 ἐστὶ
1563 5894 1699 5953 θαυμ.

313 5940 345 5984 δ
368 5943 599 6005 Εὐτυχίαν
625 5944 765 5995 dces!
792 5944 839 5995 in
862 5948 1050 5998 duobus
1069 5963 1182 5998 mss.

2009 1870 2217 1924 ραννος,
2242 1854 2335 1907 καὶ
2362 1843 2461 1908 οὐκ
2482 1855 2846 1925 αἰσχύνονταιο
2869 1854 3009 1910 ὥστε
3034 1856 3173 1928 ὐπέρ
3195 1858 3398 1913 τούτων
3422 1861 3624 1931 μᾶλλον
3642 1874 3668 1903 ε

2001 1941 2482 2013 δυσχεραινόντων,
2517 1943 2550 2014 ἦ
2582 1945 2690 1997 τῶν
2723 1944 2897 1999 ἄλλων
2942 1944 3240 2017 θαυμάζειν
3273 1949 3400 2019 χρή.
3444 1951 3554 2004 Καὶ
3582 1952 3672 2005 διὰ

2000 2029 2159 2083 τοῦτο
2186 2031 2281 2084 καὶ
2313 2031 2476 2095 αὐτὸς
2500 2032 2726 2086 ἐκείνων
2762 2034 3053 2104 ἀφέμενος,
3085 2034 3295 2098 τούτοις
3327 2034 3408 2099 οἷς
3439 2038 3671 2108 μάλιστα

2005 2117 2156 2187 μέλει
2184 2117 2292 2170 τῶν
2319 2118 2546 2181 παίδων,
2591 2120 2791 2190 μᾶλλον
2818 2120 2875 2173 δὲ
2911 2115 2993 2184 οἷς
3021 2122 3204 2192 μέλειν
3236 2123 3332 2194 μὲν
3358 2125 3486 2188 ἔδει,
3520 2125 3672 2196 μέλει

1999 2202 2057 2256 δὲ
2098 2203 2372 2274 οὐδαμῶς.
2409 2205 2723 2275 διαλέξομαι
2765 2207 3057 2278 προσηνῶς
3083 2211 3178 2262 καὶ
3226 2213 3342 2279 μετ’
3372 2213 3672 2277 ἐπιεικείας

2000 2291 2220 2362 πολλῆς,
2246 2291 2359 2363 [58]
2381 2292 2633 2347 τοσοῦτον
2660 2294 2859 2357 αὐτοὺς
2877 2297 3354 2367 παραιτησάμενος
3378 2299 3452 2368 μὴ
3482 2299 3673 2370 δυσχε-

2005 2379 2227 2451 ραίνειν,
2261 2380 2395 2450 μηδὲ
2412 2381 2758 2449 ἀγανακτεῖν,
2773 2381 2826 2434 εί
2839 2399 2923 2444 τις
2941 2382 3003 2435 10
3028 2382 3302 2447 λυσιτελὲς
3319 2388 3430 2448 τοῖς
3452 2386 3675 2439 ἐκείνων

2001 2468 2157 2520 παισὶ
2182 2467 2380 2537 μᾶλλον
2407 2468 2587 2522 αὐτῶν
2617 2468 2846 2522 ἐκείνων
2872 2469 3071 2524 εἰδέναι
3098 2471 3310 2540 λέγοιά.
3339 2473 3412 2525 Οὐ
3446 2473 3552 2544 γὰρ
3576 2475 3676 2544 ἀρ-

2001 2557 2089 2607 κεῖ
2118 2555 2179 2608 τὸ
2220 2557 2442 2625 σπεῖραι
2483 2555 2650 2609 παῖδα
2688 2554 2826 2626 πρὸς
2865 2555 2928 2609 10
2978 2558 3254 2629 συμφέρον
3292 2569 3314 2598 θ
3349 2559 3441 2612 τὸν
3480 2577 3674 2630 γεννη-

2002 2641 2162 2697 θέντα
2186 2643 2391 2708 διδάξαι
2417 2642 2506 2696 τὸν
2521 2644 3092 2714 γεννησάμενον,’ἀλλά
3120 2646 3258 2716 πρὸς
3289 2646 3385 2716 μὲν
3401 2647 3499 2715 τὴν
3521 2647 3676 2716 φιλο-

2003 2731 2259 2802 στοργίαν
2323 2728 2415 2784 τοῦ
2457 2730 2741 2801 τεχθέντος
2808 2730 3020 2800 μεγάλα
3049 2733 3114 2786 ἂν
3140 2731 3299 2786 τοῦτο
3328 2734 3674 2804 συμϐάλοιτο.

2003 2817 2137 2888 πρὸς
2166 2817 2224 2870 δέ
2257 2817 2318 2870 10
2351 2817 2545 2888 μαθεῖν
2577 2818 2742 2871 αὐτοῦ
2773 2817 2834 2870 10
2865 2818 3140 2883 λυσιτελὲς
3169 2820 3432 2892 ἀκριϐῶς,
3459 2821 3580 2874 οὔτε
3615 2823 3680 2875 10

2005 2905 2249 2975 σπείρειν
2277 2903 2402 2958 οὐτε
2427 2906 2488 2958 τὸ
2517 2905 2691 2974 φιλεῖν
2725 2904 3009 2977 ἀρκέσειεν
3029 2906 3115 2962 ἀν.
3153 2907 3306 2960 Ἐπεὶ
3329 2910 3377 2961 εί
3411 2909 3567 2962 τοῦτο
3586 2905 3675 2980 ἦν,

2002 2992 2192 3046 οὐδένα
2214 2991 2311 3045 ἀνθ
2322 2992 2516 3064 ρώπων
2533 2991 2739 3064 πατρὸς
2767 2993 2967 3062 μᾶλλον
2986 2993 3046 3046 τὸ
3061 2995 3329 3065 χρήσιμον
3354 2995 3521 3065 ἐχρῆν
3545 2997 3678 3068 ὁρᾷν

2002 3078 2082 3148 τῷ
2111 3079 2293 3142 παιδὶ,
2329 3079 2515 3150 ἐπειδὴ
2555 3081 2693 3151 μήτε
2725 3079 2899 3149 φιλεῖν
2931 3080 3132 3150 μᾶλλον
3171 3081 3336 3135 αὐτοῦ
3371 3082 3478 3136 τῶν
3505 3083 3680 3138 ἄλλων

2011 3166 2226 3220 δύναιτὸ
2267 3184 2352 3230 τις
2382 3167 2588 3220 τοῦτον·
2629 3167 2723 3221 νῦν
2759 3167 2816 3220 δὲ
2851 3167 2945 3222 καὶ
2976 3167 3130 3220 αὐτοὶ
3159 3169 3208 3221 οἱ
3238 3168 3472 3240 πατέρες
3507 3170 3574 3223 δι’
3604 3165 3679 3226 ὧν

2012 3253 2258 3307 ποιοῦσιν
2288 3253 2609 3324 ὁμολογοῦσι
2647 3253 2806 3307 τοῦτο
2840 3255 3074 3323 ἀγνοεῖν,
3109 3256 3233 3309 ὅταν
3262 3255 3400 3327 πρὸς
3427 3256 3680 3312 διδασκά-

2011 3339 2134 3403 λους
2173 3340 2378 3410 ἄγωσιν
2417 3338 2462 3405 ί,
2506 3342 2632 3394 ὅταν
2687 3340 3058 3409 παιδαγωγοῖς
3095 3341 3500 3412 ἐγχειρίζωσιν,
3551 3343 3681 3398 ὅταν

2014 3427 2242 3500 μυρίους
2267 3427 2734 3500 παραλαμϐάνωσι
2757 3428 3093 3498 συμϐούλους
3112 3467 3127 3492 ,
3160 3430 3288 3500 περὶ
3313 3429 3410 3499 τῆς
3437 3428 3530 3482 τοῦ
3563 3429 3679 3500 βίου

2011 3517 2410 3588 προαιρέσεως,
2439 3519 2522 3586 ἐφ’
2552 3519 2618 3588 ἣν
2642 3517 2733 3571 τὸν
2763 3517 2924 3570 παῖδα
2955 3517 3109 3586 ἄγειν
3147 3517 3247 3584 δεῖ,
3279 3518 3676 3588 βουλευόμενοι.

2011 3603 2122 3658 Καὶ
2153 3604 2212 3656 οὐ
2247 3603 2403 3656 τοῦτό
2441 3623 2528 3658 πω
2563 3603 2894 3676 θαυμαστὸν,
2925 3604 3039 3657 ἀλλ’
3065 3605 3148 3658 ὅτι
3178 3604 3441 3669 πολλάκις
3485 3605 3679 3676 βουλῆς

2010 3691 2321 3762 γινομένης,
2348 3691 2446 3764 τὴν
2473 3691 2651 3745 αὐτῶν
2676 3689 3081 3762 ἀκυρώσαντες,
3102 3691 3200 3763 τὴν
3226 3691 3426 3764 ἐτέρων
3448 3691 3680 3763 ἔστησαν

2012 3779 2153 3850 ὑπὲρ
2177 3779 2285 3832 τῶν
2315 3779 2530 3833 οίκείων
2560 3779 2935 3850 βουλευόμενοι
2959 3779 3182 3833 παίδων.
3214 3779 3305 3851 Μὴ
3329 3781 3508 3834 τοίνυν
3547 3782 3680 3852 μηδὲ

2014 3868 2148 3938 πρὸς
2175 3869 2324 3937 ἡμᾶς
2345 3861 2621 3939 δυσχέρῶς
2649 3867 2942 3938 ἐχέτωσαν,
2976 3869 3025 3920 εί
3047 3867 3298 3938 λέγοιμεν
3319 3869 3380 3922 τὸ
3404 3869 3678 3940 συμφέρον

2011 3955 2194 4018 αὐτοῖς
2224 3954 2424 4009 εἰδέναι
2454 3955 2674 4025 μᾶλλονο
2702 3955 2818 4008 ἀλλ’
2842 3956 2890 4007 εί
2921 3955 2995 4026 μὴ
3025 3953 3116 4008 διά
3145 3955 3256 4008 τῶν
3277 3955 3448 4023 λόγων
3467 3956 3680 4009 ἀποδεί-

2013 4041 2224 4112 ξαιμεν,
2258 4043 2380 4095 τότε
2409 4046 2734 4114 κατηγορεῖν
2761 4045 2806 4107 ε,
2837 4042 2958 4096 τότε
2983 4042 3288 4097 διαϐάλλειν
3315 4044 3390 4108 ὡς
3417 4032 3678 4109 ἀλαζόνας

2013 4132 2172 4194 ὂντας
2208 4132 2303 4184 καὶ
2347 4132 2630 4203 λυμεῶνας
2661 4132 2754 4186 καὶ
2785 4132 2885 4202 τῆς
2917 4132 3128 4200 φύσεως
3169 4132 3390 4203 ἀπάσης
3426 4134 3675 4204 ἐχθρούς.

2085 4219 2154 4290 β’.
2176 4220 2300 4282 Πῶς
2315 4216 2407 4273 οὖν
2420 4220 2736 4274 τοῦτοέσται
2749 4221 2907 4290 δῆλον
2929 4221 3019 4274 καί
3036 4219 3200 4272 πόθεν
3217 4220 3564 4291 εἰσόμεθατίς
3583 4223 3678 4292 μὲν

2011 4309 2040 4361 0
2056 4307 2116 4361 10
2139 4307 2416 4379 συμφέρον
2435 4308 2603 4371 ὅντως
2627 4308 2789 4381 ὁρῶν,
2812 4309 2895 4372 τίς
2923 4309 2980 4361 δέ
3003 4311 3031 4361 0
3053 4308 3224 4362 δοκῶν
3250 4309 3348 4378 μὲν
3367 4311 3520 4381 ὁρᾷν,
3538 4311 3679 4379 δρῶν

2012 4393 2069 4447 δὲ
2101 4393 2384 4464 οὐδαμῶς;
2421 4395 2516 4447 Ἂν
2541 4395 2669 4457 τοὺς
2699 4396 2829 4466 παρ’
2855 4395 2989 4466 ἐμοῦ
3019 4395 3209 4464 λόγους
3240 4395 3486 4467 καθάπερ
3528 4399 3678 4461 τινὰς

2013 4482 2420 4550 ἀνταγωνιστὰς
2461 4483 2542 4546 εἰς
2590 4482 2837 4547 ἐξέτασιν
2882 4483 3125 4536 κατιέναι
3167 4486 3678 4553 καταναγκάσαντες

2013 4570 2110 4622 καὶ
2140 4569 2542 4640 συμπλακῆναι,
2576 4570 2703 4640 περὶ
2733 4569 2940 4623 τούτων
2965 4569 3285 4634 ἀδεκάστοις
3316 4575 3528 4642 κριταῖς
3558 4575 3677 4627 ἐπι-

2012 4656 2301 4728 τρέφωμεν
2337 4657 2436 4726 τὴν
2479 4655 2739 4720 ἐξέτασιν.
2779 4658 2836 4709 '0
2879 4657 2977 4728 μὲν
3008 4653 3102 4711 οῦν
3135 4657 3232 4711 τοῦ
3271 4658 3481 4727 ἀγῶνος
3515 4661 3675 4732 νόμος

2013 4745 2151 4815 πρὸς
2177 4743 2263 4796 τὸν
2291 4745 2610 4815 Χριστιανὸν
2638 4744 2964 4798 ἀποδύεσθαι
2997 4745 3228 4806 κελεύει,
3255 4748 3348 4799 καὶ
3372 4748 3507 4817 πρὸς
3531 4751 3674 4802 ἐκεῖ-

2015 4848 2102 4883 νον
2129 4828 2488 4899 ἀγωνίζεσθαι
2522 4831 2678 4902 μόνον
2700 4830 2750 4896 ³³,
2782 4833 2876 4884 καὶ
2906 4832 3086 4885 πλεῖον
3118 4833 3268 4886 οὐδὲν
3297 4835 3518 4887 ἀπαιτεῖ
3544 4837 3672 4905 παρ’

2013 4917 2189 4987 ήμῶν.
2238 4919 2300 4970 Τί
2328 4917 2437 4987 γάρ
2463 4936 2563 4986 μοι
2592 4919 2689 4972 καὶ
2732 4918 2874 4984 τοὺς
2900 4919 3016 4982 ἔξω
3053 4921 3316 4988 κρίνειν;
3347 4921 3376 4972 0
3408 4921 3674 4992 μακάριος

2013 5005 2224 5068 Παῦλός
2250 5022 2434 5076 φησιν.
2455 5006 2595 5058 Ἀλλ’
2620 5006 2806 5077 ἐπειδὴ
2839 5007 3128 5077 συμϐαίνει
3160 5008 3388 5072 πολλοὺς
3423 5009 3516 5062 καὶ
3548 5011 3675 5063 ἀπί-

2015 5109 2170 5155 στους
2192 5091 2328 5146 εἶναι
2350 5093 2458 5146 τῶν
2483 5093 2619 5164 πρὸς
2643 5094 2733 5147 τὸν
2757 5095 2985 5165 οὐρανὸν
3012 5094 3319 5165 ἑλκομένων
3344 5097 3549 5150 παίδων
3571 5115 3674 5152 πα-

2011 5180 2174 5249 τέρας
2193 5197 2206 5210 ·
2239 5181 2415 5233 καίτοι
2447 5197 2511 5249 γε
2542 5179 2635 5233 τοῦ
2669 5181 2834 5250 νόμου
2863 5180 2972 5232 τῶν
3011 5181 3235 5249 ἀγώνων
3260 5183 3507 5250 ἀφιέντος
3527 5187 3672 5254 ἡμᾶς

2011 5267 2110 5335 τῆς
2139 5268 2275 5337 πρὸς
2307 5267 2529 5330 τούτους
2566 5267 2746 5338 μάχης
2767 5309 2780 5330 ,
2812 5268 3027 5330 ἑκόντες
3056 5268 3209 5321 αὐτοὶ
3248 5271 3342 5322 καὶ
3373 5271 3510 5341 μετὰ
3539 5289 3674 5342 προ-

2013 5354 2210 5426 θυμίας
2234 5356 2327 5409 καὶ
2347 5356 2483 5427 πρὸς
2503 5355 2727 5420 τούτους
2747 5355 3125 5426 ἀποδυσόμεθα
3140 5356 3406 5426 πρώτους.
3431 5359 3542 5413 Καὶ⁸
3561 5360 3671 5413 εἴθε

2075 5531 2097 5559 ο
2125 5529 2205 5578 Sic
2226 5543 2398 5578 omnes
2419 5535 2600 5590 przeler
2622 5529 2741 5578 Mor.
2767 5531 2851 5590 qui
2874 5529 3026 5578 habet
3052 5531 3272 5590 μάλιστα.

2051 5590 2100 5666 ,ἀ
2124 5591 2214 5666 Sig
2228 5594 2531 5640 correximus
2555 5605 2585 5641 e
2609 5592 2801 5640 duobus
2819 5605 2933 5640 mss.
2959 5591 3074 5640 Mor.
3107 5598 3160 5640 et
3181 5591 3350 5641 Monlf.
3371 5593 3482 5656 λέγῃ
3499 5629 3512 5652 ,
3556 5592 3668 5642 Sav.

2010 5652 2406 5762 λεῖεέίξῗῧῖι-ρι.
2445 5714 2554 5762 Sav.
2579 5714 2744 5768 παῖδα,
2768 5715 2848 5762 καὶ
2870 5715 2925 5761 τὸ
2944 5714 3198 5776 συμφέρον,
3213 5720 3308 5761 etc.
3336 5715 3444 5765 Duo
3464 5728 3576 5764 mss.
3589 5716 3674 5765 καὶ

2009 5775 2064 5822 τὸ
2085 5778 2330 5838 συμφέρον
2352 5777 2420 5835 τῷ
2444 5777 2700 5835 γεννηθέντι
2723 5776 2902 5831 διδάξαι
2921 5777 3002 5824 τὸν
3024 5775 3387 5838 φυτευσάμενον.

2081 5835 2098 5872 ί
2129 5835 2237 5883 Dub
2255 5835 2372 5883 inss.
2401 5837 2633 5896 ἀγάγωσι.

2077 5900 2100 5958 β
2130 5899 2312 5958 Supple
2338 5899 2424 5945 δεῖ.
2454 5899 2587 5946 Enn.

2072 5957 2098 5996 1³
2130 5960 2208 6008 Sic
2237 5959 2345 6009 δον.
2372 5965 2421 6008 et
2447 5961 2543 6009 duo
2563 5973 2674 6010 mss.
2702 5961 2766 6012 At
2790 5961 2904 6012 Mor.
2928 5963 3227 6023 ἀγωνίζεσθαι
3254 5961 3445 6022 μᾶλλον.
