4096 6392
372 338 384 347 â€™
421 349 528 405 535

421 460 558 514 libus
596 456 834 527 patribus
860 460 1015 508 natos
1040 466 1161 508 esse
1179 492 1194 516 ,
1224 451 1434 507 etiamsi
1464 450 1551 505 lex
1580 450 1887 506 certaminis
1912 466 2011 506 nos

421 566 450 603 a
476 563 649 619 pugna
684 562 804 601 cum
836 544 920 599 bis
940 542 1171 599 ineunda
1204 542 1401 597 liberos
1430 541 1594 607 sinat,
1623 550 1814 610 sponte
1838 550 2014 594 tamen

422 642 519 709 ipsi
547 649 600 695 et
627 640 876 694 alacriter
906 637 1038 691 istos
1077 636 1276 707 primos
1300 634 1657 705 aggredimur.
1690 634 1861 702 Atque
1907 632 2014 685 uti-

423 750 540 786 nam
563 732 820 787 adversus
843 732 939 784 hos
958 740 1157 783 tantum
1182 729 1334 783 nobis
1351 737 1623 783 certamen
1642 736 1805 792 esset,
1828 743 2013 797 quam.

420 839 574 892 quam
604 822 706 877 hoc
736 822 1002 877 difficilius
1043 821 1148 887 sit,
1181 820 1537 890 plurimasque
1575 832 1736 874 ansas
1785 818 2010 873 habeat:

419 914 669 967 Animalia
698 913 837 967 enim
868 913 1015 965 homo
1046 928 1145 964 non
1169 910 1377 981 percipit
1397 926 1458 963 ea
1484 925 1596 980 quae
1618 917 1731 963 sunt
1754 908 2005 978 Spiritus;

417 1005 626 1060 stultitia
668 1004 854 1075 quippe
882 1015 951 1057 est
979 1003 1058 1057 illi
1083 1002 1171 1075 (1.
1201 1001 1318 1057 Cor.
1349 1002 1401 1056 1.
1428 1003 1492 1059 14
1513 1000 1531 1071 )
1554 1019 1567 1056 :
1611 1000 1857 1071 idemque
1885 1017 2013 1055 cono

420 1097 572 1166 tingit
596 1111 659 1151 ac
687 1098 731 1152 si
762 1098 883 1166 quis
912 1096 1072 1150 vellet
1099 1094 1166 1148 ad
1195 1110 1433 1149 amorem
1478 1094 1630 1164 regni
1656 1094 1893 1164 aliquem
1926 1095 2013 1147 in-

419 1189 651 1253 ducere,
701 1189 787 1259 qui
819 1187 1055 1242 nondum
1097 1186 1341 1242 crederet
1372 1201 1486 1241 rem
1519 1186 1686 1255 ipsam
1729 1187 2009 1241 exsistere.

416 1282 666 1336 Attamen
696 1282 856 1337 rebus
882 1281 1077 1335 nostris
1111 1280 1189 1335 sic
1226 1279 1279 1334 in
1309 1288 1589 1349 angustum
1620 1278 1885 1344 redactis,
1918 1278 2014 1332 ad-

415 1389 602 1429 versus
627 1374 753 1427 istos
778 1384 977 1426 tantum
998 1381 1267 1426 certamen
1291 1371 1418 1425 mihi
1441 1385 1560 1425 esse
1586 1386 1858 1441 cuperem.
1880 1371 2011 1425 Nam

416 1466 671 1520 adversus
692 1465 902 1520 fidelem
925 1473 1233 1534 argumenta
1255 1471 1544 1535 suppetunt
1579 1479 1736 1534 quam
1761 1464 2008 1533 plurima,

414 1558 515 1613 etsi
537 1566 695 1611 tantae
715 1557 881 1626 copia:
904 1557 1228 1626 voluptatem
1259 1556 1509 1611 obscuret
1540 1556 1876 1611 verecundia:
1899 1571 2011 1609 ma-

413 1650 653 1723 gnitudo.
686 1650 851 1704 Pudet
893 1651 1035 1704 enim
1065 1665 1153 1703 me
1180 1649 1320 1720 quod
1351 1648 1607 1704 adversus
1636 1648 1776 1702 hunc
1800 1664 1898 1718 pro
1927 1648 2012 1703 his

416 1760 646 1815 pugnam
674 1744 1011 1799 committere
1036 1758 1214 1812 cogar,
1265 1756 1559 1811 vereorque
1589 1756 1658 1795 ne
1694 1740 1797 1796 hoc
1835 1741 2009 1796 solum

414 1838 623 1891 crimen
646 1836 859 1906 gentilis
896 1835 1017 1905 jure
1048 1833 1177 1888 mihi
1207 1833 1373 1903 possit
1397 1833 1665 1901 objicere:
1695 1848 1817 1886 nam
1843 1832 1895 1885 in
1921 1847 2008 1886 re-

413 1928 571 1997 liquis
593 1927 737 1981 illutn
766 1942 865 1997 ope
891 1925 1083 1981 divina:
1108 1925 1291 1996 gratia:
1319 1923 1473 1979 facile
1511 1927 1783 1991 capiemus
1808 1941 1820 1976 :
1850 1933 2010 1993 atque

412 2018 456 2073 si
480 2018 704 2073 voluerit
729 2028 879 2088 grato
898 2017 1077 2071 animo
1099 2015 1407 2086 procedere,
1430 2015 1536 2069 cito
1556 2014 1703 2070 illum
1724 2030 1830 2067 non
1850 2014 2008 2069 modo

411 2107 479 2163 ad
516 2123 752 2161 amorem
792 2107 947 2176 hujus
972 2107 1092 2160 vita:
1136 2105 1505 2170 traducemus,
1536 2120 1719 2161 verum
1750 2104 1817 2159 ad
1845 2104 2009 2175 ipsius

414 2215 626 2269 quoque
664 2199 919 2254 doctrina:
946 2198 1302 2261 desiderium,
1347 2212 1377 2250 a
1421 2212 1527 2267 quo
1552 2196 1656 2251 vita
1688 2196 1804 2251 hate
1847 2212 2007 2267 argu-

414 2302 656 2348 mentum
684 2302 737 2348 et
768 2292 976 2346 initium
1006 2291 1173 2345 ducit.
1203 2291 1430 2344 Tantum
1459 2289 1602 2345 enim
1628 2289 1778 2345 abest
1803 2297 1859 2344 ut
1878 2304 2006 2344 cer-

413 2395 590 2442 tamen
616 2384 875 2440 adversus
900 2385 1048 2438 illum
1077 2382 1260 2437 subire
1286 2391 1520 2436 metuam
1551 2422 1566 2447 ,
1608 2389 1667 2436 ut
1691 2396 1813 2436 cum
1839 2396 2009 2452 expu-

409 2485 570 2547 gnatu
616 2475 972 2531 difficiliorem
1016 2489 1134 2529 mea
1175 2474 1417 2528 oratione
1464 2474 1839 2541 constituero,
1894 2483 2007 2529 tum

408 2568 623 2623 demum
661 2582 892 2637 pugnam
944 2565 1241 2636 aggrediar.
1285 2564 1573 2635 Fingamus
1616 2564 1759 2620 enim
1799 2573 2003 2635 patrem

410 2660 715 2728 hujusmodi
744 2675 849 2713 non
878 2658 1035 2712 modo
1069 2657 1325 2728 gentilem
1367 2671 1487 2712 esse
1509 2698 1524 2722 ,
1569 2656 1664 2711 sed
1693 2673 1803 2726 pra:
1832 2657 2007 2712 omni-

408 2751 507 2806 bus
534 2750 835 2805 hominihus
874 2749 1113 2816 divitem,
1153 2748 1437 2818 insignem,
1475 2748 1711 2818 potentia
1750 2748 2005 2820 singulari

410 2842 719 2912 praeditum:
750 2842 943 2895 habeat
969 2854 1125 2910 agros
1154 2840 1432 2909 plurimos,
1465 2839 1608 2893 :13ch
1638 2839 1855 2907 multas,
1884 2839 2003 2895 auri

409 2932 687 2986 innumera
721 2931 937 2984 talenta.
972 2930 1053 2985 Sit
1082 2928 1301 2997 insuper
1330 2929 1476 2998 regia
1514 2928 1682 2998 patria
1704 2970 1719 2996 ,
1751 2930 2002 2984 illustris-

410 3025 546 3078 simo
573 3040 792 3094 genere,
826 3025 961 3076 filios
987 3022 1119 3076 alios
1158 3037 1332 3091 neque
1364 3021 1587 3085 habeat,
1620 3037 1792 3091 neque
1818 3037 1879 3076 se
1907 3022 2003 3076 ha-

406 3117 640 3171 biturum
669 3123 869 3185 speret;
901 3113 993 3169 sed
1020 3129 1087 3169 ex
1115 3114 1216 3168 hoc
1242 3113 1359 3167 solo
1387 3112 1633 3183 pendeat.
1660 3112 1774 3167 lmo
1801 3121 1853 3167 et
1876 3111 1992 3181 ipse

409 3211 480 3266 sit
520 3225 742 3265 summae
771 3209 921 3278 Spei,
949 3217 1108 3278 atque
1152 3206 1219 3261 ad
1263 3206 1482 3275 imperia
1515 3213 1723 3260 mature
1749 3220 2001 3260 ascensu-

407 3318 499 3357 rus
518 3344 533 3368 ,
562 3310 871 3373 patremque
913 3300 1199 3371 Splendore
1234 3307 1588 3369 superaturos
1616 3307 1958 3367 exspectetur
1982 3339 1997 3363 ,

406 3393 757 3463 omnibusque
794 3394 914 3446 vita:
957 3391 1253 3447 commodis
1295 3391 1453 3461 longe
1502 3390 1818 3444 anteiturus.
1866 3390 2001 3445 Tum

404 3501 533 3543 vero
579 3486 633 3541 in
664 3484 840 3540 medio
870 3493 1031 3538 tantae
1057 3483 1171 3553 spei
1202 3481 1422 3538 accedat
1446 3480 1637 3551 aliquis
1658 3522 1671 3546 ,
1704 3480 1879 3550 deque
1905 3481 2004 3537 hac

405 3575 739 3659 philosophia
778 3589 944 3639 verba
985 3574 1221 3645 faciens,
1270 3571 1591 3650 persuadeat
1628 3571 1678 3628 ei
1720 3580 1780 3626 ut
1808 3572 2003 3641 Spretis

404 3678 651 3733 omnibus
673 3686 872 3730 vestem
902 3688 961 3729 se
986 3673 1233 3727 rusticam
1262 3670 1465 3738 induat,
1492 3684 1554 3723 ac
1570 3667 1751 3724 relicta
1778 3665 1910 3723 urbe
1935 3661 2003 3722 ad

407 3780 641 3825 montem
662 3768 961 3837 confugiat:
992 3766 1167 3835 ibique
1194 3764 1412 3833 plantet,
1445 3763 1600 3832 riget,
1630 3775 1823 3831 aquam
1846 3759 1999 3824 ferat,

409 3872 711 3931 creteraque
756 3856 1135 3913 monachorum
1182 3854 1341 3909 faciat
1380 3867 1577 3922 opera,
1616 3866 1736 3921 quae
1782 3850 1903 3904 vilia
1946 3858 2002 3905 et

408 3952 619 4022 indigna
658 3966 777 4005 esse
826 3948 1136 4002 videantur:
1168 3947 1236 4000 sit
1275 3954 1531 4014 praeterea
1554 3942 1710 3996 nudis
1743 3940 2000 4011 pedibus,

409 4042 555 4095 humi
583 4042 773 4103 cubet;
806 4038 1173 4106 efficiaturque
1195 4051 1373 4089 macer
1399 4043 1454 4089 et
1480 4033 1705 4104 pallidus
1733 4033 2002 4087 formosus

409 4133 497 4187 ille
522 4132 648 4186 olim
676 4130 1006 4192 adolescens,
1034 4129 1121 4199 qui
1151 4128 1309 4182 tantis
1336 4136 1491 4180 antea
1515 4126 1567 4179 in
1605 4124 1809 4179 deliciis
1836 4123 2004 4178 hono-

409 4225 658 4295 ribusque
679 4223 936 4293 degebat,
962 4231 1224 4291 tantaeque
1245 4220 1360 4290 spei
1380 4228 1514 4285 erat,
1543 4218 1823 4286 viliorique
1844 4233 2002 4286 quam

408 4318 546 4373 servi
574 4318 655 4371 sui
684 4326 832 4370 veste
857 4314 1136 4369 induatur:
1164 4329 1290 4367 num
1318 4312 1447 4367 satis
1483 4312 1676 4365 multas
1705 4310 2002 4365 accusatori

410 4410 653 4466 dedimus
680 4423 872 4473 ansas,
913 4422 981 4460 an
1017 4405 1148 4460 satis
1189 4402 1553 4459 adversarium
1608 4400 2000 4455 instruximus?

413 4504 470 4558 Si
510 4503 624 4557 hate
662 4517 766 4555 non
811 4498 943 4554 satis
985 4497 1127 4563 sint,
1174 4495 1278 4550 alia
1325 4508 1537 4565 quoque
1573 4492 1999 4562 suppeditemus.

419 4598 685 4652 Praeterea
713 4608 901 4648 omnes
929 4598 1139 4645 moveat
1168 4587 1443 4641 machinas
1469 4594 1619 4655 pater
1639 4625 1653 4651 ,
1682 4591 1741 4637 ut
1768 4582 1933 4636 ï¬lium
1970 4596 2000 4636 a

412 4689 687 4760 proposito
726 4685 989 4750 deducat;
1034 4683 1129 4738 sed
1167 4683 1470 4745 incassum,
1526 4686 1710 4747 utpote
1747 4691 1870 4730 eum
1913 4675 2004 4730 ille

412 4798 571 4853 supra
601 4790 803 4850 petram
831 4777 1121 4833 collocatus
1151 4775 1242 4839 sit,
1287 4788 1351 4828 ac
1374 4770 1704 4836 ï¬‚uminibus,
1731 4767 1924 4838 pluviis
1949 4776 2003 4821 et

409 4877 585 4931 ventis
622 4872 813 4928 cedere
849 4884 956 4924 non
982 4867 1150 4922 norit:
1181 4866 1361 4936 lugeat
1385 4864 1511 4918 item
1538 4872 1690 4931 pater
1735 4870 1895 4930 atque
1922 4859 2001 4913 la-

412 4979 622 5036 crytnas
650 4963 875 5022 emittat.
906 4960 979 5014 ita
1008 4967 1069 5013 ut
1096 4954 1519 5027 indignationem
1541 4951 1782 5007 omnium
1815 4960 2001 5005 contra

414 5072 511 5112 nos
542 5054 827 5111 incendat:
872 5051 1151 5105 universos
1190 5048 1498 5118 frequenter
1539 5044 1695 5099 adeat
1724 5052 1782 5097 Î¹Î¹Î¹
1819 5057 1917 5097 nos
1947 5044 2000 5097 in

411 5150 612 5204 crimen
642 5153 824 5199 vocet:
851 5141 1058 5208 Genui,
1081 5139 1297 5194 educavi
1323 5178 1337 5202 ,
1368 5145 1685 5205 :etatemque
1707 5149 1919 5188 omnem
1946 5134 1999 5187 in

412 5238 663 5293 aerumnis
688 5234 936 5297 contrivi,
982 5239 1175 5285 cuncta
1214 5243 1377 5298 agens
1420 5235 1475 5281 et
1504 5227 1714 5295 patiens
1739 5265 1753 5289 ,
1787 5239 1908 5294 qua:
1932 5239 2000 5278 ex

414 5329 515 5384 hac
554 5329 844 5383 liberorum
871 5322 1186 5378 educatione
1210 5318 1458 5373 accidere
1482 5316 1658 5370 solent
1687 5332 1700 5367 :
1726 5329 1875 5384 Spem
1906 5313 2001 5366 ha-

416 5420 501 5474 bui
525 5419 781 5488 optimam
803 5457 818 5483 ,
848 5413 1166 5484 paedagogos
1187 5410 1490 5479 alloquutus
1516 5422 1632 5460 sum
1654 5447 1669 5473 ,
1714 5405 1999 5475 magistros

416 5509 733 5574 obsecravi,
783 5505 1036 5576 pecunias
1078 5500 1351 5571 impendi,
1399 5498 1614 5569 vigilavi
1644 5512 1787 5566 saepe
1813 5512 1994 5551 curam

417 5614 607 5669 gerens
626 5598 691 5653 de
716 5604 925 5660 ornatu,
954 5594 1019 5648 de
1040 5592 1390 5655 institutione,
1416 5600 1472 5659 Ï…Î¹
1492 5589 1756 5657 majorum
1780 5602 1996 5643 suorum

420 5691 615 5745 nemini
638 5690 853 5744 inferior
874 5696 1035 5753 esset,
1057 5695 1114 5739 ut
1136 5683 1384 5738 omnibus
1404 5690 1684 5751 appareret
1707 5680 1993 5736 illustrior:

421 5782 791 5853 exspectabam
820 5781 961 5837 hunc
999 5777 1256 5837 senectuti
1299 5791 1433 5832 mea:
1462 5775 1651 5831 solatio
1678 5772 1789 5829 fore
1820 5791 1833 5827 :
1870 5792 1993 5845 pro-

1176 336 1542 396 ADVERSUS
1580 337 2130 395 OPPUGNATORES
2168 338 2354 396 á¼®Î¤Î‘Îž
2393 340 2681 398 MONAST.
2724 343 2854 399 LIB.
2899 344 2960 400 ll.

3600 352 3705 408 Î´Î´Î¹

2123 468 2275 509 cessu
2300 456 2552 526 temporis
2570 455 2637 511 de
2661 474 2826 515 uxore
2850 466 2904 515 et
2929 459 2997 516 de
3023 462 3367 519 matrimonio
3385 465 3701 535 cogitabam,

2119 545 2187 600 de
2209 546 2464 617 imperio,
2496 548 2564 602 de
2604 550 2949 619 magistratu;
2992 567 3114 607 cum
3155 552 3445 625 derepente
3475 571 3572 612 ceu
3605 557 3703 611 ful-

2120 650 2242 690 men
2270 649 2324 690 et
2356 639 2589 705 procella
2621 639 2803 694 nescio
2844 641 2983 696 unde
3026 642 3238 699 irruens
3266 648 3705 714 pretiosissimam

2120 746 2310 785 navem
2334 774 2350 799 ,
2383 733 2560 787 multis
2604 735 2829 790 sarcinis
2863 735 3150 803 refertam,
3175 737 3449 810 latumque
3490 741 3705 811 pelagus

2120 839 2414 890 emensam,
2435 827 2670 881 secundo
2688 838 2845 882 vento
2867 833 3222 900 navigantem,
3241 820 3359 887 eum
3370 833 3478 903 jatn
3497 845 3703 903 portum

2118 917 2432 987 attingeret,
2468 934 2632 986 prope
2671 919 2843 988 ipsum
2868 920 3064 975 ostium
3105 921 3391 977 demersit:
3425 934 3705 995 metusque

2119 1008 2307 1077 ingens
2335 1009 2515 1073 adest,
2551 1026 2617 1064 ne
2662 1027 2766 1065 non
2795 1012 2955 1066 modo
2996 1022 3291 1068 extremam
3315 1026 3700 1085 paupertatem,

2117 1102 2211 1156 sed
2231 1103 2390 1156 etiam
2408 1103 2763 1159 miserabilem
2788 1115 3013 1160 mortem
3031 1122 3094 1161 ac
3112 1108 3401 1177 perniciem
3417 1109 3533 1163 viro
3548 1111 3705 1164 tantis

2118 1192 2321 1247 divitiis
2358 1193 2619 1249 instructo
2660 1210 2800 1249 saeva
2859 1205 3148 1265 tempestas
3189 1198 3396 1254 afferat.
3441 1199 3530 1255 Sic
3580 1216 3704 1271 pro-

2119 1283 2259 1340 fecto
2297 1285 2427 1339 mihi
2469 1301 2607 1341 nunc
2635 1287 2875 1358 contigit.
2917 1288 3160 1359 Namque
3204 1292 3567 1348 exsecrabiles
3598 1294 3697 1362 illi,

2119 1389 2461 1446 corruptores
2480 1420 2495 1445 ,
2543 1380 2855 1435 seductores
2884 1380 2905 1454 (
2928 1380 3042 1435 haec
3066 1381 3210 1437 enim
3238 1382 3379 1438 dicat
3401 1425 3417 1448 ,
3447 1385 3579 1439 nihil
3622 1386 3700 1441 illi

2118 1467 2595 1540 succensebimus)
2642 1464 2803 1524 tantae
2838 1472 2951 1540 spei
2989 1471 3188 1538 lilium,
3229 1475 3519 1529 senectutis
3566 1490 3702 1531 mea:

2115 1559 2411 1625 nutritium,
2435 1574 2532 1614 ceu
2552 1561 2765 1629 quidam
2792 1562 3071 1631 przedones
3093 1563 3143 1617 in
3173 1563 3387 1620 latibula
3406 1581 3501 1620 sua
3530 1566 3700 1622 abdu-

2119 1664 2279 1706 xere:
2302 1651 2541 1721 adeoque
2568 1653 2715 1707 illum
2737 1652 2849 1707 suis
2887 1654 3212 1709 carminibus
3248 1666 3689 1723 excantaverunt,

2113 1750 2170 1795 ut
2196 1740 2348 1795 malit
2376 1741 2633 1797 adversus
2662 1743 2886 1809 ferrum,
2923 1744 3098 1815 ignem
3124 1788 3136 1807 ,
3166 1745 3400 1815 belluas,
3433 1747 3695 1804 adversus

2115 1833 2292 1886 omnia
2327 1833 2559 1904 denique
2586 1842 2749 1901 stare,
2769 1852 2929 1905 quam
2964 1836 3030 1891 ad
3062 1837 3293 1907 priorem
3317 1839 3581 1895 fortunam
3608 1857 3697 1897 re-

2113 1938 2314 1978 meare.
2328 1924 2586 1995 Quodque
2600 1930 2812 1996 gravius
2833 1936 2934 1993 est,
2951 1937 3229 1998 postquam
3252 1929 3364 1984 haec
3386 1930 3459 1984 illi
3480 1946 3701 2000 persua-

2113 2024 2318 2083 serunt,
2336 2016 2525 2070 melius
2546 2032 2604 2072 se
2622 2018 2749 2087 quid
2778 2018 2905 2073 utile
2923 2018 2991 2072 sit
3014 2020 3154 2075 scire
3185 2019 3520 2087 profitentur,
3539 2037 3697 2092 quam

2113 2121 2232 2160 nos.
2258 2108 2491 2161 Deserta:
2524 2108 2635 2178 jam
2676 2108 2901 2177 domus,
2932 2109 3131 2165 deserti
3156 2111 3296 2181 agri:
3333 2112 3431 2181 ipsi
3453 2113 3700 2183 agricolae

2114 2211 2177 2250 ac
2202 2196 2342 2252 servi
2373 2198 2585 2253 tristitia
2623 2214 2686 2254 ac
2711 2199 2913 2269 pudore
2941 2201 3116 2270 pleni;
3156 2202 3429 2258 exsultant
3466 2205 3519 2259 in
3544 2205 3701 2260 malis

2112 2290 2248 2345 meis
2278 2290 2512 2358 inimici,
2544 2307 2609 2347 ac
2637 2292 2838 2360 pudore
2863 2293 3177 2361 operiuntur
3208 2295 3387 2350 amici.
3419 2296 3574 2365 Apud
3600 2312 3689 2354 me

2112 2389 2288 2436 autem
2318 2379 2461 2435 nulla
2492 2382 2754 2437 sententia
2779 2382 3003 2450 obtinet,
3032 2385 3133 2440 nisi
3163 2396 3239 2453 ut,
3270 2386 3529 2458 subjectis
3557 2389 3698 2461 igni-

2109 2471 2212 2527 bus
2236 2512 2250 2535 ,
2282 2483 2472 2528 cuneta
2512 2474 2672 2529 simul
2716 2490 2936 2530 exuram
2959 2518 2974 2542 ,
3006 2476 3149 2535 aedes
3172 2519 3188 2544 ,
3220 2493 3380 2551 agros
3403 2522 3418 2547 ,
3449 2490 3693 2538 armenta

2108 2560 2292 2631 boum,
2318 2577 2506 2635 greges
2528 2579 2799 2634 pecorum.
2823 2565 2918 2622 Cui
2958 2568 3099 2622 enim
3139 2568 3270 2624 mihi
3296 2570 3414 2625 usui
3439 2567 3555 2627 haec
3583 2571 3693 2642 jam

2109 2662 2286 2718 erunt,
2303 2668 2424 2708 cum
2455 2654 2546 2710 ille
2570 2670 2676 2710 non
2706 2655 2848 2711 adsit
2874 2658 3026 2728 cujus
3050 2672 3145 2713 usu
3173 2658 3286 2714 haec
3302 2652 3491 2730 parata
3508 2671 3696 2730 erant,

2109 2746 2349 2816 captivus
2364 2746 2567 2801 scilicet
2585 2747 2863 2815 abductus,
2887 2758 3044 2820 atque
3064 2749 3201 2819 apud
3222 2750 3483 2809 immanes
3502 2752 3694 2811 barba-

2109 2852 2202 2893 ros
2242 2839 2483 2893 servituti
2513 2840 2753 2895 addictus
2796 2842 2942 2896 omni
2973 2851 3145 2898 morte
3180 2843 3475 2899 acerbiori?
3501 2844 3697 2901 Dome-

2108 2929 2272 2984 sticos
2296 2944 2486 2985 omnes
2526 2931 2752 3000 pullatos
2787 2931 3035 2988 incedere
3057 2931 3189 3002 jussi
3210 2975 3225 3000 ,
3255 2935 3457 3004 aspersi
3512 2935 3695 2992 cinere

2108 3020 2282 3090 capita
2305 3061 2321 3086 ,
2365 3021 2649 3077 mulierum
2688 3022 2883 3078 choros
2924 3023 3160 3088 institui,
3184 3024 3428 3094 jussique
3461 3027 3697 3083 amarius

2108 3110 2383 3181 plangere,
2426 3127 2585 3183 quam
2624 3113 2667 3168 si
2714 3123 2983 3168 mortuum
3011 3115 3292 3171 vidissent.
3324 3117 3454 3173 Date
3481 3118 3693 3175 veniam

2109 3202 2226 3259 hinc
2250 3202 2463 3258 facienti
2495 3204 2660 3258 mihi:
2692 3204 2780 3259 hic
2812 3204 2943 3259 mihi
2969 3206 3144 3262 luctus
3187 3206 3347 3279 longe
3373 3208 3466 3263 illo
3488 3208 3691 3278 major:

2102 3295 2214 3365 jam
2246 3296 2375 3351 mihi
2416 3296 2504 3351 lux
2542 3297 2653 3368 ipsa
2681 3298 2904 3353 molesta
2930 3306 3049 3363 est,
3079 3300 3330 3370 ipsosque
3356 3302 3487 3357 solis
3513 3303 3696 3358 radios

2107 3386 2317 3455 ingrate
2341 3388 2597 3456 suspicio,
2632 3404 2751 3443 cum
2793 3390 2845 3443 in
2890 3400 3125 3446 mentem
3155 3392 3300 3447 venit
3327 3392 3556 3449 infelicis
3593 3394 3687 3450 lilii

2106 3476 2357 3542 habitus;
2406 3494 2528 3532 cum
2573 3478 2717 3533 illum
2750 3480 3023 3535 vilissimis
3070 3482 3315 3551 agricolis
3360 3483 3695 3540 inbonestius

2111 3571 2360 3623 vestitum
2384 3584 2577 3637 cerno,
2602 3578 2761 3641 atque
2798 3571 2864 3626 ad
2909 3572 3197 3640 abjectiora
3226 3589 3386 3643 opera
3425 3576 3691 3642 missum;

2106 3680 2229 3721 cum
2274 3659 2545 3719 immobile
2574 3661 2905 3733 propositum
2932 3662 3046 3733 ejus
3074 3663 3390 3731 considero,
3420 3680 3582 3735 uror,
3613 3666 3693 3721 laâ€”

2107 3770 2286 3823 ceror,
2312 3753 2637 3827 disrumpor.

2179 3849 2233 3902 5.
2275 3847 2400 3903 llzre
2426 3847 2631 3915 dicens,
2662 3843 3003 3917 provolvatur
3026 3845 3186 3904 etiam
3218 3845 3549 3901 audientium
3590 3864 3689 3921 pe-

2107 3940 2295 4006 dibus,
2326 3950 2572 4011 aspergat
2611 3941 2790 3996 cinere
2838 3951 3035 4011 caput,
3069 3941 3318 4011 deturpet
3356 3944 3573 4013 pulvere
3612 3944 3692 3998 faâ€”

2107 4035 2243 4088 ciem
2267 4074 2283 4099 ,
2313 4048 2603 4101 omnesque
2625 4042 2871 4102 precetur
2892 4042 2950 4087 ut
2970 4034 3242 4103 porrigant
3262 4050 3497 4100 manum,
3522 4050 3692 4091 canos

2108 4124 2338 4179 vellicet.
2370 4124 2510 4177 Satis
2551 4134 2676 4193 puto
2717 4124 2998 4193 diligenter
3034 4132 3398 4178 accusatorem
3439 4126 3691 4179 instruxi-

2106 4231 2247 4284 mus,
2277 4216 2342 4270 ad
2380 4215 2784 4269 inï¬‚ammandos
2813 4215 3081 4269 auditores
3107 4230 3294 4271 omnes
3321 4256 3336 4280 ,
3372 4216 3692 4273 incitandos-

2107 4325 2213 4381 que
2235 4350 2251 4377 ,
2281 4318 2339 4364 ut
2366 4308 2556 4364 horum
2583 4317 2828 4363 auctores
2856 4324 2951 4377 per
2970 4309 3260 4379 praecipitia
3286 4317 3462 4378 agant.
3489 4309 3695 4364 Idcirco

2082 4402 2250 4457 .enim
2276 4416 2553 4470 supremas
2581 4401 2819 4454 omnium
2844 4400 3207 4454 accusationes
3230 4401 3404 4455 verbis
3429 4402 3693 4469 expressi,

2109 4503 2199 4560 ut,
2225 4493 2328 4548 hoc
2348 4493 2427 4548 ita
2469 4501 2777 4562 comparato
2819 4500 3130 4547 accusatore
3160 4507 3257 4561 per
3297 4491 3528 4546 divinam
3570 4508 3693 4562 gra-

2108 4588 2237 4641 tiam
2284 4595 2583 4656 prostrato,
2611 4600 2677 4640 ex
2711 4584 2931 4654 reliquis
2968 4600 3126 4639 nemo
3151 4594 3334 4654 postea
3375 4586 3567 4640 mutire
3598 4602 3687 4639 va-

2109 4680 2237 4734 leat.
2277 4678 2446 4746 Nam,
2470 4693 2536 4734 eo
2574 4679 2658 4734 cui
2699 4678 2814 4733 hinc
2853 4678 3033 4732 omnia
3080 4678 3238 4732 simul
3280 4688 3589 4748 competunt
3624 4680 3695 4732 ad

2108 4772 2377 4829 silentium
2408 4771 2622 4827 redacto
2641 4812 2655 4836 ,
2683 4771 2775 4841 qui
2796 4787 2901 4826 non
2939 4771 3115 4825 omnia
3141 4771 3299 4825 simul
3325 4771 3543 4827 habebit
3570 4770 3690 4843 (ne-

2107 4880 2213 4934 que
2242 4864 2383 4917 enim
2428 4863 2541 4917 fieri
2586 4871 2797 4933 potest,
2830 4871 2890 4917 ut
2938 4863 3053 4917 haec
3096 4863 3274 4917 omnia
3321 4866 3686 4935 concurrant).

2106 4956 2264 5011 facile
2292 4956 2445 5012 nobis
2485 4956 2761 5011 victoriam
2801 4955 3074 5010 concedet.
3105 4955 3200 5011 llic
3249 4955 3427 5024 itaque
3471 4956 3608 5020 ista,
3637 4965 3694 5011 et

2106 5048 2191 5103 his
2231 5048 2383 5117 plura
2413 5049 2430 5079 Â¹
2459 5048 2620 5102 etiam
2658 5048 2921 5117 loquatur.
2959 5047 3071 5117 Ego
3098 5062 3227 5101 vero
3265 5048 3470 5117 judiees
3499 5048 3687 5108 orabo,

2107 5156 2176 5195 ne
2219 5139 2398 5194 statim
2460 5140 2813 5195 misereantur
2859 5140 3001 5194 senis
3053 5139 3249 5209 hujus,
3281 5140 3374 5194 sed
3414 5149 3691 5210 postquam
3776 5190 3789 5205 ,

2107 5233 2282 5304 ipsum
2323 5233 2718 5289 ostenderimus
2770 5232 2935 5286 filium
2984 5234 3204 5302 lugere,
3236 5232 3367 5287 nihil
3408 5234 3533 5288 mali
3565 5249 3691 5302 per-

2106 5340 2322 5395 pessum
2342 5367 2358 5393 ,
2380 5341 2564 5380 verum
2592 5324 2840 5381 maximis
2862 5324 3090 5393 potitum
3112 5325 3284 5391 bonis,
3308 5325 3498 5394 quibus
3517 5324 3693 5379 excel-

2104 5418 2328 5472 lentiora
2378 5416 2601 5488 reperiri
2649 5432 2755 5470 non
2797 5424 3040 5484 possunt.
3073 5415 3222 5470 Tunc
3261 5417 3404 5470 enim
3455 5416 3693 5485 profecto

2104 5510 2448 5563 miseratione
2494 5516 2548 5561 et
2614 5507 2864 5578 lacrytnis
2905 5507 3094 5577 dignus
3137 5506 3521 5561 existimandus
3567 5517 3691 5572 est,
3718 5494 3741 5525 "

2104 5616 2224 5655 cum
2253 5600 2362 5653 nati
2384 5599 2685 5652 felicitatem
2708 5599 3018 5667 conspicere
3040 5613 3145 5651 non
3172 5598 3353 5666 possit,
3382 5608 3693 5668 tantumque

2105 5693 2245 5747 absit
2287 5700 2344 5745 ut
2385 5692 2529 5745 illam
2579 5691 2788 5756 videat,
2820 5701 2879 5745 ut
2910 5702 3175 5760 tamquam
3229 5691 3280 5745 in
3317 5690 3539 5745 summis
3577 5688 3697 5760 ejus

2170 5808 2187 5839 â¸
2228 5806 2404 5867 verba,
2432 5813 2475 5855 et
2494 5808 2567 5855 his
2590 5804 2756 5868 plura,
2785 5804 2962 5856 desunt
2979 5806 3027 5855 iu
3051 5803 3213 5854 310ml.
