4096 6392
388 369 494 426 555

389 488 544 544 malis
565 486 908 541 lamentetur.
948 478 1226 548 Quodnam
1257 491 1386 548 ergo
1415 475 1519 531 erit
1544 473 1743 529 nostrte
1772 471 1969 526 oratio-

391 582 475 635 nis
495 575 821 634 exordium?
849 572 933 628 Ab
962 572 1093 642 ipsis
1119 570 1309 640 Opibus
1337 583 1400 622 ac
1431 565 1700 638 pecuniis,
1728 560 1972 632 quando-

389 671 604 742 quidem
637 668 690 724 id
717 669 808 722 ille
845 665 1076 721 maxime
1102 664 1338 718 omnium
1370 659 1651 728 deplorat,
1682 655 1843 724 idque
1873 653 1972 720 ipsi

391 764 603 820 videtur
629 760 1031 818 acerbissimum
1051 799 1066 821 ,
1097 756 1142 809 si
1178 754 1375 808 divites
1406 751 1499 806 filii
1531 751 1598 805 ad
1641 749 1777 804 hanc
1811 748 1972 802 vitam

395 854 793 927 pertrahantur.
824 851 920 905 Dic
954 863 1082 917 ergo
1125 845 1286 912 mihi,
1314 854 1494 898 utrum
1530 855 1718 896 onmes
1761 839 1975 894 beatum

393 947 624 1002 dicimus
673 951 728 998 et
776 943 932 1012 plane
974 938 1376 1002 felicissimum,
1416 951 1609 990 eumne
1652 934 1743 1004 qui
1795 933 1847 986 iu
1888 931 1976 986 siti

394 1052 611 1107 semper
650 1041 873 1098 mstuat,
904 1031 1100 1102 quique
1120 1068 1136 1096 ,
1165 1037 1450 1098 antequam
1491 1027 1724 1095 priorem
1757 1023 1975 1080 calicem

395 1127 695 1194 sorbuerit,
723 1141 908 1180 rursus
947 1123 1053 1179 alio
1093 1121 1330 1191 indiget,
1366 1129 1525 1190 atque
1551 1132 1764 1188 semper
1792 1116 1846 1171 in
1876 1115 1980 1170 huc

399 1229 708 1292 perseverat
750 1226 889 1273 statu
916 1258 931 1283 ,
971 1232 1038 1270 an
1068 1230 1190 1270 eum
1214 1256 1230 1282 ,
1262 1214 1351 1284 qui
1389 1212 1634 1282 superior
1669 1211 1769 1264 hac
1796 1225 1982 1266 neces-

395 1318 556 1372 sitate
593 1314 912 1370 constitutus
933 1352 948 1376 ,
976 1311 1092 1365 sine
1115 1309 1202 1363 siti
1231 1322 1445 1377 semper
1489 1312 1690 1369 manet,
1723 1314 1777 1358 et
1822 1317 1979 1358 num-

399 1424 560 1480 quam
591 1407 657 1463 ad
698 1403 1001 1473 huiusmodi
1032 1402 1356 1472 potationem
1399 1398 1656 1469 pellitur?
1683 1409 1860 1451 nonne
1895 1393 1985 1450 ille

401 1500 618 1571 quidem
644 1497 783 1555 febri
811 1504 1059 1564 correpto
1103 1492 1292 1547 similis
1315 1501 1396 1546 est
1419 1532 1434 1556 ,
1463 1489 1553 1560 qui
1596 1487 1984 1543 violentissima

405 1591 724 1648 necessitate
763 1587 1027 1658 premitur
1050 1627 1066 1651 ,
1094 1583 1307 1640 etiamsi
1335 1597 1402 1638 ex
1431 1581 1664 1636 fontibus
1691 1579 1984 1634 uberrimos

402 1683 594 1738 latices
623 1680 838 1735 haurire
882 1677 1048 1748 possit
1072 1719 1087 1742 ,
1121 1675 1205 1730 hic
1231 1689 1359 1730 vero
1388 1675 1523 1728 liber
1548 1682 1629 1727 est
1665 1687 1791 1727 vera
1822 1671 1982 1726 libero

403 1783 548 1840 tate,
577 1781 633 1828 et
658 1786 820 1827 sanus
861 1769 1093 1840 perfecta
1137 1767 1365 1822 sanitate
1387 1807 1403 1834 ,
1431 1752 1707 1835 ipsamque
1741 1773 1984 1818 naturam

403 1873 620 1936 superat
672 1863 992 1918 humanam?
1043 1861 1179 1929 Quid
1229 1875 1388 1927 vero,
1432 1859 1479 1914 si
1536 1859 1656 1929 quis
1709 1856 1986 1912 mulierem

405 1971 627 2024 amans,
658 1971 780 2010 cum
823 1970 885 2008 ea
923 1951 1338 2022 congrederetur
1389 1950 1620 2021 jugiter,
1653 1947 1747 2004 sed
1785 1947 1988 2016 majore

405 2057 531 2120 post
559 2047 898 2103 concubitum
934 2045 1183 2115 ï¬‚agraret
1224 2043 1450 2107 ardore,
1480 2042 1616 2096 alius
1660 2055 1788 2094 vero
1821 2047 1988 2094 staret

409 2142 508 2196 hac
536 2141 742 2194 insania
767 2139 921 2203 liber,
946 2153 1008 2192 ac
1039 2153 1105 2191 ne
1131 2137 1183 2190 in
1211 2134 1433 2190 somniis
1453 2134 1666 2204 quidem
1704 2132 1806 2186 hoc
1845 2131 1988 2185 malo

407 2240 722 2303 caperetur,
765 2230 885 2299 quis
937 2228 1092 2283 nobis
1144 2226 1270 2281 felix
1326 2226 1619 2294 beatusque
1680 2221 1988 2277 videretur?

411 2339 590 2380 nonne
611 2323 697 2376 hic
715 2321 742 2375 ?
763 2322 883 2388 quis
907 2328 1086 2375 autem
1115 2318 1296 2373 infelix
1325 2332 1388 2372 ac
1413 2314 1784 2370 miserrimus?
1811 2328 1990 2368 nonne

409 2416 521 2483 ille,
553 2417 638 2484 qui
671 2414 771 2468 hoc
796 2427 937 2468 vano
961 2425 1146 2465 amore
1174 2418 1404 2472 tenetur,
1427 2408 1517 2478 qui
1550 2421 1835 2477 numquam
1865 2421 1988 2476 pos-

411 2507 484 2560 sit
531 2504 824 2573 exstingui,
871 2503 980 2558 imo
1031 2516 1164 2556 vero
1215 2500 1306 2570 qui
1370 2500 1682 2570 excogitatis
1735 2495 1990 2552 remediis

411 2596 579 2650 multo
621 2596 787 2664 magis
816 2592 1156 2650 incenditur?
1181 2591 1273 2648 Sin
1316 2601 1494 2646 autem
1541 2600 1733 2661 praeter
1775 2605 1839 2646 ea
1872 2605 1990 2660 quae

407 2689 550 2744 dicta
575 2698 699 2743 sunt
726 2704 793 2743 ex
823 2689 940 2758 ipso
979 2687 1167 2742 morbo
1203 2701 1262 2742 se
1301 2686 1513 2742 beatum
1542 2685 1713 2751 dicat,
1738 2699 1838 2740 nec
1866 2684 1993 2738 velit

412 2799 477 2839 ca
518 2782 834 2838 necessitate
881 2781 1128 2846 liberari,
1179 2778 1629 2851 quemadmodum
1680 2779 1726 2832 is
1776 2777 1843 2832 de
1885 2792 1992 2846 quo

415 2890 556 2930 nunc
602 2875 810 2945 agitur,
855 2889 1034 2929 nonne
1076 2872 1202 2927 hinc
1245 2886 1457 2942 quoque
1489 2871 1844 2925 miserabilior
1890 2869 1994 2924 erit

409 2976 572 3038 atque
603 2966 896 3032 infelicior,
929 2980 1049 3019 cum
1097 2979 1203 3018 non
1251 2972 1456 3017 tantum
1505 2971 1759 3032 zrgrotet,
1791 2960 1884 3015 sed
1926 2977 1993 3015 ne

410 3060 514 3114 hoc
540 3057 755 3129 quidem
784 3057 953 3122 sciat,
993 3055 1133 3126 quod
1170 3070 1310 3124 aeger
1335 3055 1440 3120 sit,
1479 3054 1702 3123 ideoque
1741 3068 1839 3108 nec
1881 3053 1993 3122 ipse

411 3148 627 3204 liberari
653 3149 814 3214 velit,
842 3146 1130 3216 quinetiam
1172 3159 1265 3200 eos
1290 3145 1380 3214 qui
1408 3144 1612 3199 liberati
1639 3156 1760 3198 sunt
1779 3143 1993 3214 lugeat?

409 3237 718 3294 Orationem
746 3238 923 3307 itaque
951 3236 1089 3290 hanc
1119 3236 1184 3290 ad
1216 3237 1560 3306 pecuniarum
1600 3235 1992 3307 possessionem

413 3329 708 3385 referamus
729 3371 743 3394 ,
765 3336 821 3383 et
861 3311 1159 3382 videbimus
1193 3328 1311 3396 quis
1353 3325 1529 3380 infelix
1582 3334 1636 3379 et
1683 3326 1847 3381 miser
1876 3326 1944 3379 sit
1976 3344 1988 3380 :

412 3422 552 3476 inter
579 3420 698 3475 illos
722 3419 916 3490 quippe
951 3433 1162 3473 amores
1189 3417 1274 3474 l-ic
1306 3417 1674 3472 vehementior
1693 3458 1706 3480 ,
1734 3417 1822 3472 hic
1851 3417 1993 3470 insa-

411 3512 516 3565 nite
551 3510 766 3580 propior
803 3517 888 3564 est
911 3549 926 3575 ,
958 3508 1184 3592 ideoque
1228 3507 1486 3577 majorem
1529 3515 1703 3576 potest
1753 3506 1991 3562 dolorem

409 3600 628 3667 afferre;
661 3615 767 3655 non
793 3600 990 3654 idcirco
1021 3609 1220 3654 tantum
1243 3599 1382 3669 quod
1418 3597 1559 3654 faces
1598 3597 1790 3652 habeat
1822 3597 1993 3652 acrio-

411 3707 526 3759 res,
553 3692 646 3748 sed
673 3693 814 3763 quod
841 3693 1152 3763 excogitata:
1182 3692 1399 3746 cuilibet
1426 3690 1776 3746 consolationi
1802 3691 1995 3744 cedere

413 3797 521 3837 non
566 3781 773 3847 valeat,
817 3782 989 3853 sitque
1034 3781 1138 3837 illis
1183 3781 1430 3835 omnibus
1479 3782 1762 3851 potentior.
1810 3779 1993 3834 Potius

408 3872 557 3928 enim
599 3872 689 3942 qui
737 3882 921 3944 potum
967 3882 1020 3928 et
1063 3888 1284 3941 corpora
1335 3882 1544 3936 amant,
1577 3881 1857 3940 postquam
1912 3871 1995 3926 his

412 3965 564 4036 potiti
602 3965 831 4031 fuerint,
863 3967 1106 4020 satietate
1141 3965 1481 4036 gaudebunt,
1513 3982 1669 4036 quam
1704 3967 1737 4020 ii
1769 3968 1856 4035 qui
1900 3968 1988 4021 in-

414 4072 547 4113 sano
584 4056 890 4112 divitiarum
926 4072 1109 4111 amore
1150 4056 1410 4111 feruntur.
1443 4057 1702 4126 Quocirca
1731 4058 1849 4112 illos
1877 4059 1994 4128 qui-

411 4149 536 4205 dem
562 4157 744 4203 nostra
767 4149 1008 4205 oratione
1031 4149 1284 4220 effingere
1309 4166 1530 4206 necesse
1562 4151 1686 4215 fuit,
1717 4149 1856 4220 quod
1887 4166 1993 4205 non

410 4239 588 4294 statim
623 4254 808 4294 eorum
852 4239 1227 4295 documentum
1277 4251 1330 4295 et
1369 4242 1792 4310 experimentum
1826 4257 2023 4325 apptle'

412 4337 528 4385 reat
558 4348 572 4384 :
601 4328 763 4400 hujus
790 4345 915 4384 vero
943 4331 1112 4385 morbi
1139 4347 1203 4386 ex
1233 4331 1395 4386 rebus
1425 4333 1551 4401 ipsis
1589 4335 1750 4386 multa
1799 4348 1991 4401 possu-

414 4435 533 4475 mus
583 4420 827 4491 exempla
873 4419 1135 4491 proferre.
1179 4421 1410 4490 ldeone,
1462 4423 1549 4477 dic
1591 4439 1772 4493 quaeso
1824 4424 1988 4489 mihi,

411 4513 577 4568 filium
615 4513 798 4584 luges,
828 4513 968 4584 quod
1008 4523 1152 4569 tanta
1193 4516 1441 4579 vesania,
1470 4516 1612 4586 quod
1653 4527 1756 4570 tam
1796 4517 1989 4586 despe-

411 4615 530 4663 rato
575 4609 765 4662 morbo
795 4607 928 4662 liber
977 4609 1078 4674 sit,
1135 4609 1276 4678 quod
1328 4610 1602 4665 iucurabili
1655 4626 1839 4666 amore
1882 4627 1988 4666 non

409 4699 688 4757 teneatur?
715 4699 857 4769 quod
888 4698 991 4754 hoc
1013 4699 1155 4755 bello
1179 4711 1233 4754 et
1264 4716 1435 4772 pugna
1465 4711 1680 4771 ereptus
1709 4704 1821 4757 sit?
1842 4706 1910 4757 At
1937 4703 1991 4758 id

407 4806 695 4862 numquam
723 4791 812 4848 ille
858 4806 1048 4862 passus
1105 4791 1326 4860 fuisset,
1357 4793 1600 4862 inquies,
1629 4809 1802 4864 neque
1838 4795 1988 4864 plura

405 4884 837 4955 concupivisset,
863 4883 958 4939 sed
988 4883 1171 4939 fuisset
1207 4887 1557 4954 praesentibus
1579 4887 1734 4942 bouis
1762 4898 1989 4942 conten-

410 4985 514 5030 tus.
537 4975 676 5031 Sane
704 4991 820 5030 rem
850 4975 983 5030 dicis
1012 4975 1112 5046 ipsi
1141 4985 1344 5031 naturae
1373 5018 1388 5042 ,
1421 4987 1478 5031 ut
1515 4979 1584 5032 ita
1611 4979 1832 5048 loquar,
1855 4995 1987 5034 con-

407 5066 626 5120 trariam
655 5083 668 5118 :
702 5081 889 5121 verum
928 5066 1007 5121 sic
1034 5076 1179 5131 esto,
1205 5067 1255 5121 id
1287 5067 1380 5122 tibi
1415 5069 1526 5136 jam
1555 5069 1907 5135 concedatur,
1931 5080 1988 5126 ut

321 5199 326 5204 .
403 5158 471 5214 iis
491 5199 505 5225 ,
533 5173 652 5229 qua:
678 5157 931 5226 haberet,
959 5159 1089 5213 nihil
1117 5159 1274 5214 vellet
1319 5160 1572 5230 adjicere,
1603 5177 1702 5216 nec
1732 5163 1837 5218 ullo
1866 5179 1985 5219 um-

406 5267 566 5322 quam
593 5252 896 5323 hujusmodi
924 5252 1192 5308 desiderio
1215 5263 1483 5308 teneretur
1512 5273 1526 5310 :
1556 5271 1655 5325 ego
1679 5256 1757 5312 sic
1777 5272 1986 5328 quoque

408 5343 560 5398 tilum
593 5343 782 5413 majori
831 5359 970 5397 nunc
1017 5345 1067 5398 iu
1107 5346 1286 5414 quiete
1325 5360 1388 5400 ac
1425 5346 1698 5416 voluptate
1745 5364 1986 5405 commo-

405 5435 515 5490 rari
555 5435 883 5490 monstrabo.
917 5435 1052 5503 Quid
1079 5437 1221 5492 cuitu
1266 5435 1433 5491 levius
1469 5453 1589 5493 esse
1617 5440 1981 5508 censebimus,

409 5526 642 5582 tantisne
687 5527 832 5582 curis
875 5527 1164 5596 implicari,
1193 5526 1564 5600 ejusmodique
1615 5531 1873 5586 custodite
1923 5549 1988 5588 ac

409 5618 654 5672 servituti
698 5619 1010 5674 obstrictum
1058 5634 1213 5685 esse,
1259 5630 1603 5692 metuereque
1635 5638 1702 5676 ne
1737 5625 1864 5694 quid
1908 5626 1985 5681 rei

403 5709 682 5764 familiaris
711 5720 912 5779 pereat,
939 5727 1006 5766 an
1035 5726 1162 5766 vero
1181 5711 1266 5767 his
1293 5713 1521 5770 vinculis
1548 5715 1782 5785 expediri
1801 5716 1825 5772 ?
1843 5697 2010 5772 Con-J
2059 5751 2070 5781 _-

406 5799 628 5858 cedatur
660 5803 803 5859 illum
835 5804 964 5860 alias
992 5806 1226 5860 sarcinas
1263 5822 1368 5861 non
1396 5816 1648 5876 appetere
1678 5825 1692 5864 :
1720 5819 1774 5865 at
1819 5811 1987 5868 multo

1092 363 1145 420 S.
1183 359 1462 419 JOANNIS
1497 350 1968 415 CllRYSOSTOlll
2006 349 2323 407 ARCHIEP.
2363 350 2898 409 CONSTANTINOP.

3552 354 3657 409 336

2082 472 2274 527 melius
2310 481 2394 528 est
2439 472 2549 542 jam
2595 471 2871 543 impositas
2916 469 3212 541 despicere.
3243 471 3372 526 Nam
3396 472 3478 538 si,
3511 482 3565 525 ut
3606 477 3658 528 in

2077 565 2323 618 confesso
2365 573 2481 628 est,
2523 564 2763 634 plurimis
2806 579 2912 618 non
2961 562 3200 633 indigere
3241 564 3526 618 maximum
3578 575 3662 620 est

2078 657 2317 725 bonum,
2359 667 2509 713 extra
2556 673 2771 713 omnem
2817 673 2997 712 rerum
3049 673 3203 712 usum
3258 672 3410 725 esse,
3443 658 3663 728 majoris

2079 750 2316 820 profecto
2349 750 2614 805 felicitatis
2637 750 2759 805 erit.
2784 749 2832 804 Is
2853 750 2993 804 enim
3019 750 3108 820 qui
3136 765 3309 820 neque
3337 751 3466 816 sitit,
3491 767 3662 821 neque

2080 851 2224 895 amat
2251 839 2406 910 (nihil
2433 842 2572 896 enim
2600 841 2825 912 impedit
2853 841 3137 911 quominus
3161 841 3227 895 ad
3261 841 3449 896 eadem
3475 856 3662 896 exem-

2083 935 2167 1002 pla
2205 931 2533 1001 redeamus),
2563 947 2668 986 non
2701 932 2861 987 modo
2891 932 2956 987 iis
2981 932 3073 1002 qui
3114 947 3326 1002 semper
3363 933 3580 1000 sitiunt,
3607 945 3662 987 et

2083 1043 2297 1098 semper
2321 1037 2501 1082 amant
2526 1068 2541 1094 ,
2571 1026 2664 1082 sed
2690 1025 2755 1080 iis
2784 1027 2943 1080 etiam
2967 1067 2982 1094 ,
3009 1027 3099 1098 qui
3133 1027 3201 1082 ad
3247 1029 3410 1084 breve
3455 1038 3662 1100 tempus

2086 1121 2187 1176 hoc
2235 1123 2537 1190 patiuntur,
2585 1130 2640 1177 et
2680 1123 3165 1192 concupiscentiam
3210 1122 3460 1192 explent,
3506 1123 3663 1192 longe

2085 1214 2294 1270 beatior
2320 1229 2440 1270 esse
2472 1224 2799 1269 monstratus
2823 1226 2904 1269 est
2925 1258 2940 1282 ,
2971 1225 3154 1285 utpote
3183 1217 3272 1284 qui
3300 1216 3352 1269 in
3383 1216 3538 1286 hujus
3564 1231 3664 1270 ne-

2086 1308 2348 1364 cessitatis
2388 1309 2816 1378 experimentum
2861 1325 2966 1362 non
3010 1309 3274 1364 inciderit.
3306 1309 3667 1363 Percontabor

2089 1411 2142 1458 te
2190 1417 2412 1468 rursus,
2456 1403 2502 1456 si
2549 1402 2746 1457 divitiis
2784 1403 2922 1457 ultra
2969 1418 3158 1458 omnes
3196 1403 3467 1466 eminere,
3500 1402 3668 1472 iisque

2089 1503 2267 1549 tamen
2306 1495 2460 1549 malis
2487 1494 2684 1557 eximi,
2716 1510 2835 1562 quae
2861 1494 3033 1548 solent
3063 1495 3166 1548 illa:
3195 1510 3416 1563 parere,
3448 1495 3665 1559 liceret,

2088 1599 2267 1639 annon
2310 1587 2605 1640 sexcenties
2644 1595 2970 1655 praeoptares
3001 1587 3101 1638 hac
3141 1586 3390 1640 felicitate
3422 1584 3555 1651 frui,
3597 1586 3668 1638 ita

2090 1687 2149 1731 ut
2188 1691 2292 1731 non
2338 1675 2621 1742 invidiam,
2665 1692 2770 1730 non
2820 1677 3146 1741 calumnias,
3194 1691 3300 1730 non
3344 1691 3536 1741 curas,
3563 1692 3671 1729 non

2089 1768 2378 1838 quidquam
2419 1767 2563 1822 aliud
2608 1768 2872 1837 ejusmodi
2910 1768 3202 1838 patereris?
3232 1768 3287 1823 Si
3319 1768 3478 1839 igitur
3504 1768 3670 1822 tilium

2090 1869 2239 1915 tuum
2294 1861 2407 1917 haec
2447 1861 2624 1915 omnia
2675 1859 2873 1915 habere
2919 1868 3321 1923 monstravero,
3363 1859 3472 1914 imo
3517 1860 3675 1929 longe

2090 1949 2339 2007 ditiorem
2369 1966 2509 2006 nunc
2551 1967 2707 2018 esse,
2736 1951 2967 2006 finemne
3012 1950 3222 2006 tandem
3262 1949 3423 2006 facies
3461 1950 3674 2020 lugendi

2093 2051 2201 2097 tam
2239 2043 2464 2097 amare?
2489 2040 2630 2098 Sane
2651 2041 2794 2111 quod
2821 2041 3028 2096 solutus
3054 2042 3124 2095 sit
3145 2041 3287 2096 curis
3312 2041 3536 2110 aliisque
3560 2056 3677 2094 ma-

2092 2135 2178 2200 lis,
2203 2149 2322 2204 qua:
2347 2132 2524 2188 solent
2543 2133 2760 2188 divitias
2786 2133 3060 2203 subsequi,
3090 2149 3264 2202 neque
3291 2133 3403 2202 ipse
3431 2132 3673 2202 negabis;

2094 2225 2214 2280 ideo
2246 2240 2344 2280 nos
2369 2225 2436 2278 ad
2479 2235 2531 2280 te
2556 2224 2624 2280 de
2658 2224 2758 2280 hac
2796 2239 2856 2280 re
2890 2225 3052 2279 verba
3090 2223 3267 2279 facere
3302 2239 3521 2278 necesse
3567 2239 3675 2278 non

2093 2325 2177 2371 est
2205 2334 2217 2369 :
2245 2316 2442 2386 quaeris
2466 2327 2644 2370 autem
2670 2316 2936 2386 quomodo
2961 2316 3050 2370 ille
3073 2327 3122 2370 te
3145 2318 3215 2371 sit
3239 2317 3559 2385 opulentior,
3583 2316 3678 2386 qui

2095 2415 2202 2460 tam
2251 2409 2417 2461 multa
2456 2406 2718 2476 possides.
2743 2406 2855 2461 Hoc
2879 2415 2930 2460 te
2959 2405 3270 2462 docebimus
3295 2449 3309 2473 ,
3337 2407 3676 2461 demonstra-

2093 2500 2378 2570 bimusque
2400 2509 2480 2565 te,
2505 2501 2595 2570 qui
2627 2501 2800 2570 ipsum
2828 2500 2882 2554 in
2919 2509 3157 2555 extrema
3186 2515 3328 2555 nunc
3368 2509 3680 2570 paupertate

2097 2593 2294 2662 degere
2317 2591 2596 2647 arbitraris
2614 2634 2630 2660 ,
2659 2592 2763 2647 hoc
2791 2592 2964 2662 ipsum
2996 2591 3143 2662 pati,
3171 2592 3216 2646 si
3247 2607 3367 2647 cum
3409 2591 3502 2645 illo
3526 2606 3678 2646 com-

2094 2683 2319 2755 pareris.

2165 2776 2220 2830 4.
2259 2775 2440 2846 Neque
2459 2783 2614 2847 putes
2643 2789 2729 2830 me
2754 2774 2821 2830 de
2847 2775 3146 2830 caelestibus
3172 2774 3328 2830 bonis
3379 2776 3552 2846 loqui,
3581 2777 3677 2831 deâ€”

2096 2881 2199 2937 que
2225 2867 2289 2920 iis
2310 2883 2428 2937 quae
2450 2875 2571 2936 post
2599 2866 2737 2920 hanc
2762 2867 2924 2920 vitam
2955 2866 3266 2921 advenient:
3295 2883 3359 2922 ex
3414 2868 3479 2922 iis
3535 2868 3676 2922 enim

2097 2974 2214 3028 qua:
2235 2967 2360 3012 sunt
2387 2959 2440 3012 in
2469 2959 2712 3014 manibus
2741 2967 3108 3029 argumentum
3139 2959 3348 3014 ducam.
3381 2961 3462 3014 Tu
3500 2961 3679 3030 itaque

2096 3065 2280 3105 eorum
2326 3061 2527 3105 tantum
2553 3067 2670 3120 qua:
2716 3050 2956 3121 possides
2995 3051 3242 3107 dominus
3271 3068 3362 3107 es:
3410 3053 3497 3108 ille
3549 3068 3679 3106 vero

2097 3143 2332 3198 omnium
2355 3159 2472 3214 qua:
2494 3154 2614 3199 sunt
2650 3144 2701 3198 in
2731 3145 2862 3199 orbe
2903 3154 3187 3200 terrarum.
3215 3144 3270 3201 Si
3317 3162 3423 3200 non
3467 3145 3640 3200 credis
3660 3187 3674 3208 ,

2096 3251 2194 3305 age
2227 3245 2277 3290 te
2305 3236 2369 3290 ad
2397 3236 2545 3290 illum
2571 3236 2898 3293 adducamus
2917 3279 2932 3302 ,
2960 3237 3115 3308 eique
3140 3237 3459 3292 suadeamus
3477 3279 3493 3305 ,
3534 3247 3589 3292 ut
3613 3237 3681 3291 de

2099 3336 2280 3380 moute
2307 3326 2638 3382 descendens
2662 3371 2678 3392 ,
2707 3327 2816 3382 imo
2845 3328 3018 3397 potius
3067 3328 3175 3382 illic
3219 3327 3488 3394 residens,
3521 3327 3677 3381 alicui

2097 3435 2163 3473 ex
2191 3419 2253 3472 iis
2273 3460 2288 3484 ,
2317 3420 2404 3488 qui
2424 3419 2613 3474 divites
2633 3419 2785 3474 valde
2803 3420 3064 3490 simulque
3092 3419 3326 3489 religiosi
3348 3427 3469 3473 sunt
3487 3461 3503 3486 ,
3529 3434 3678 3472 man-

2098 3509 2222 3576 (iet,
2253 3511 2354 3565 sibi
2409 3511 2581 3564 mittat
2629 3520 2831 3564 tantum
2876 3513 2988 3565 auri
3012 3512 3252 3580 pondus,
3288 3520 3539 3581 quantum
3565 3511 3678 3580 ipse

2097 3605 2206 3658 vis:
2239 3604 2352 3659 sive
2384 3604 2506 3673 quia
2549 3602 2602 3658 id
2648 3604 2735 3658 ille
2775 3619 2880 3658 non
2902 3612 3191 3674 pateretur,
3223 3604 3378 3658 alicui
3423 3603 3679 3674 indigenti

2098 3695 2225 3750 dare
2245 3695 2459 3764 jubeat,
2488 3695 2797 3765 videbiSquc
2817 3695 3034 3750 divitem
3052 3696 3279 3750 alacrius
3298 3696 3676 3766 obsequentem

2097 3797 2150 3841 et
2171 3795 2510 3856 erogantcm,
2544 3801 2700 3856 quam
2724 3785 2921 3841 faceret
2949 3801 3086 3840 unus
3115 3801 3182 3841 ex
3225 3786 3679 3855 dispensatoribus

2098 3879 2222 3934 tuis.
2244 3879 2341 3932 llic
2352 3879 2567 3949 quippe,
2584 3894 2706 3933 cum
2723 3877 2918 3948 aliquid
2930 3877 3150 3948 jubetur
3164 3878 3496 3948 impendere,
3512 3879 3678 3932 tristis

2098 3984 2162 4024 ac
2178 3984 2412 4025 moerens
2430 3970 2480 4024 id
2503 3969 2660 4032 facit;
2685 3978 2866 4024 contra
2886 3970 2974 4024 ille
2989 3985 3108 4023 cum
3127 3984 3235 4024 non
3252 3969 3528 4038 impendit,
3554 3979 3680 4023 tunc

2100 4062 2292 4116 anxius
2310 4072 2394 4117 est
2413 4077 2478 4116 ne
2505 4061 2556 4116 in
2573 4063 2751 4131 aliquo
2771 4059 3216 4130 oernderit,quod
3234 4059 3332 4114 sibi
3355 4059 3487 4114 nihil
3505 4058 3680 4128 hujus-

2099 4153 2244 4207 modi
2283 4153 2592 4220 imperetur.
2620 4151 2810 4206 Multos
2834 4159 2980 4206 certe
3009 4150 3103 4205 tibi
3131 4165 3344 4221 possem
3372 4149 3672 4213 ostendere,

2100 4260 2204 4299 non
2232 4261 2295 4299 ex
2321 4243 2696 4298 illustrioribus
2723 4242 2826 4308 his,
2849 4241 2942 4297 sed
2968 4257 3032 4297 ex
3056 4241 3423 4295 humilioribus
3442 4254 3673 4310 quoque,

2097 4336 2186 4406 qui
2213 4335 2311 4388 hac
2329 4342 2470 4388 tanta
2500 4341 2760 4403 potestate
2785 4341 2910 4387 sunt
2935 4332 3166 4403 praediti.
3195 4333 3271 4386 Ac
3301 4341 3354 4386 tu
3377 4330 3610 4401 quidem,
3631 4331 3678 4384 si

2099 4426 2363 4481 mconomi
2389 4426 2489 4480 sibi
2511 4424 2713 4480 credita
2736 4423 3159 4494 absumpserint,
3183 4423 3343 4476 alium
3374 4437 3479 4476 non
3507 4420 3678 4475 habes

2098 4534 2128 4572 a
2156 4535 2259 4588 quo
2285 4527 2431 4588 petas
2453 4560 2469 4585 ,
2494 4518 2590 4574 sed
2622 4517 2798 4572 statim
2827 4533 2922 4587 per
2951 4517 3163 4571 illorum
3211 4517 3499 4588 nequitiam
3543 4515 3679 4571 divi-

2099 4612 2185 4666 tia:
2213 4621 2314 4665 tua:
2360 4611 2412 4665 in
2456 4620 2820 4681 paupertatem
2861 4611 3205 4664 mutabuntur
3238 4625 3252 4662 :
3281 4625 3311 4662 a
3354 4608 3461 4662 filio
3499 4617 3675 4663 autem

2100 4711 2191 4757 tuo
2220 4701 2351 4756 nihil
2401 4711 2484 4757 est
2530 4702 2791 4772 ejusmodi
2837 4700 3202 4756 metuendum.
3248 4700 3381 4756 Nam
3412 4702 3458 4756 si
3495 4701 3582 4755 hic
3625 4701 3678 4754 in

2101 4803 2468 4864 paupertatem
2493 4794 2724 4860 incidat,
2747 4809 2959 4848 rursum
2998 4793 3153 4847 alteri
3181 4792 3492 4863 imperabit;
3521 4793 3601 4847 sin
3635 4793 3680 4846 is

2099 4899 2310 4953 quoque
2351 4885 2526 4939 simile
2566 4898 2752 4954 passus
2795 4884 2897 4950 sit,
2938 4883 3006 4938 ad
3053 4884 3216 4937 alium
3260 4899 3320 4938 se
3366 4892 3675 4939 convertet:

2100 4977 2246 5046 prius
2274 4975 2506 5046 denique
2559 4976 2808 5031 deficient
2859 4976 3083 5030 fontium
3115 4976 3336 5042 latices,
3388 4992 3547 5047 quam
3587 4977 3675 5046 qui

2098 5079 2223 5124 nato
2244 5077 2334 5124 tuo
2354 5069 2686 5138 obtemperet
2703 5069 3003 5138 imperanti.
3031 5069 3185 5134 Quod
3237 5069 3282 5122 si
3309 5069 3583 5124 nobiscum
3625 5071 3676 5122 in

2097 5159 2354 5230 religione
2396 5159 2772 5223 concordares,
2793 5158 2956 5212 multa
2989 5158 3083 5212 tibi
3108 5158 3302 5213 similia
3345 5169 3400 5213 et
3448 5175 3632 5230 magna
3660 5161 3676 5192 Â¹

2099 5266 2440 5317 narrassetn;
2485 5266 2669 5307 verum
2717 5252 2840 5323 quia
2890 5261 2942 5307 te
2989 5253 3241 5322 gentilem
3263 5252 3562 5322 proï¬teris,
3609 5268 3678 5306 ne

2097 5345 2221 5399 hinc
2246 5344 2459 5414 quidem
2474 5343 2717 5412 exempla
2745 5343 2999 5399 deerunt.
3045 5343 3357 5413 Audi(apud
3381 5343 3678 5412 Platonem)

2097 5437 2224 5508 quid
2251 5437 2316 5492 ad
2348 5436 2624 5492 Socratem
2646 5435 2890 5506 loquatur
2912 5434 3059 5490 Crito
3083 5453 3095 5488 :
3125 5435 3252 5490 Tua:
3276 5451 3398 5488 sane
3421 5445 3534 5488 sunt
3555 5450 3680 5488 mea:

2096 5529 2356 5599 pecunia,
2385 5538 2442 5581 ut
2471 5527 2702 5599 equidem
2730 5543 2864 5595 reor,
2904 5527 3029 5580 satis
3055 5527 3226 5580 ntultw
3249 5543 3264 5580 :
3291 5527 3372 5579 sin
3426 5543 3537 5578 vero
3584 5535 3635 5577 tu
3658 5565 3673 5589 ,

2095 5622 2229 5694 quod
2256 5622 2353 5676 mei
2377 5639 2554 5676 curam
2575 5637 2722 5693 geras
2739 5662 2756 5689 ,
2779 5637 2810 5674 a
2831 5638 2884 5674 re
2910 5637 3019 5674 mea
3049 5622 3135 5674 tibi
3174 5620 3523 5675 abstinendum
3559 5636 3676 5672 cen-

2159 5760 2174 5792 Â¹
2213 5760 2374 5823 Pergit
2395 5772 2523 5809 unus
2545 5759 2720 5815 codex,
2743 5767 2790 5810 et
2813 5767 2970 5810 cetera
2993 5764 3038 5810 et
3061 5770 3197 5819 noua,
3222 5770 3331 5820 quae
3356 5757 3417 5805 ab
3443 5756 3686 5804 ambrosio

2093 5823 2363 5886 interprete
2390 5823 2745 5885 exprimuntur.
3731 5841 3742 5848 Î¹
