4096 6392
298 354 403 409 553

291 471 460 527 Πόθεν
491 466 587 526 οῦν
606 472 884 545 ἀρξόμεθα
905 471 1000 526 τοῦ
1028 472 1190 541 λόγου
1214 472 1310 526 τοῦ
1334 471 1471 544 πρὸς
1494 473 1690 540 αὐτόν;
1716 471 1850 526 Ἀπὸ
1869 472 1964 526 τοῦ

287 559 518 614 πλούτου
551 562 776 616 καὶτῶν
801 561 1122 632 χρημάτων,
1145 561 1334 632 ἐπειδὴ
1363 561 1460 614 καὶ
1488 561 1650 624 αὐτὸς
1674 559 1834 613 τοῦτο
1865 561 1968 632 μά-

287 648 445 703 λιστα
480 649 699 704 πάντων
726 650 997 721 ὀδύρεται,
1029 650 1127 704 καὶ
1154 651 1289 702 πᾶσι
1316 649 1475 702 τοῦτο
1502 649 1635 704 αὐτὸ
1653 645 1792 701 εἶναι
1820 647 1969 702 δοκεῖ

287 737 348 791 16
375 737 699 804 δεινότατον,
723 739 772 791 εί
799 738 1157 802 πλουτοῦντες
1183 737 1372 802 παῖδες
1395 737 1490 790 ἐπὶ
1511 736 1700 790 τοῦτον
1729 737 1974 790 ἐλκοιντο

289 823 404 895 161]
432 825 523 879 τὸν
555 825 688 896 βίον.
727 827 863 879 Είπέ
890 820 984 879 οὖν
1015 843 1127 896 μοι,
1159 824 1280 878 τίνα
1305 823 1683 895 μακαρίζομεν
1711 825 1970 889 άπαντες,

289 912 384 967 καὶ⁵
421 912 658 983 ζηλωτόν
701 909 842 967 εἷναί
875 931 1078 984 φαμεν,
1109 912 1200 966 τὸν
1235 913 1295 966 ἐν
1322 911 1449 984 δίψῃ
1491 911 1813 966 καθεστῶτα
1847 913 1968 974 ἀεὶ,

285 1002 382 1054 καὶ
400 1001 593 1073 ,πρὶνῆ
625 1003 724 1065 τῆς
751 1002 1026 1074 προτέρας
1051 1000 1435 1072 ἐμφορηθῆναι
1457 1001 1697 1066 κύλικος,
1716 1001 1968 1073 δεόμενον

285 1087 449 1142 πάλιν
479 1088 694 1161 ἐτέρας,
717 1091 814 1144 καὶ
844 1093 904 1144 ἐν
933 1089 1109 1161 τούτῳ
1137 1089 1264 1142 ὂντα
1295 1089 1609 1152 διαπαντὸς,
1645 1087 1792 1160 ἢτὸν
1823 1091 1967 1143 ἀνω-

282 1177 427 1248 τέρω
475 1177 793 1232 καθεστῶτα
822 1179 923 1250 τῆς
963 1179 1209 1250 ἀνάγκης
1241 1177 1488 1250 ἐκείνης,
1518 1179 1613 1232 καὶ
1653 1177 1839 1249 ἄδιψον
1879 1179 1966 1232 ἀεὶ

286 1262 544 1332 μένοντα,
591 1266 686 1320 καὶ
736 1265 992 1319 οὐδέποτε
1041 1266 1120 1330 είς
1159 1264 1257 1335 τὴν
1314 1264 1409 1317 τοῦ
1461 1265 1704 1335 πόματος
1772 1265 1963 1319 τούτου

282 1349 680 1422 καθελκόμενον
709 1353 933 1425 χρείαν;
968 1354 1068 1424 οὐχ
1096 1356 1124 1406 6
1154 1354 1252 1424 μὲν
1295 1352 1616 1424 πυρέττοντι
1651 1353 1962 1424 προσέοικε,

281 1439 378 1492 καὶ
413 1440 805 1512 χαλεπωτάτην
833 1443 1079 1512 ἀνάγκην
1108 1440 1344 1512 ἐχοντιι,
1373 1440 1474 1495 κᾶν
1497 1443 1561 1495 ἐκ
1584 1442 1774 1511 πηγῶν
1801 1441 1965 1512 ἀρύε-

281 1524 405 1578 σθαι
443 1526 544 1598 έχῃ
595 1527 666 1581 τά
703 1529 940 1598 νάματα,
970 1532 998 1584 6
1036 1530 1093 1582 δὲ
1126 1529 1407 1599 ἐλεύθερός
1441 1527 1499 1582 τέ
1528 1531 1644 1582 ἐστι
1673 1529 1770 1600 τὴν
1794 1528 1962 1594 ὅντως

278 1613 607 1686 ἐλευθερίαν,
636 1617 730 1670 καὶ
760 1618 992 1686 ὑγιαίνει
1008 1619 1106 1689 τὴν
1129 1619 1300 1682 ὅντως
1322 1617 1554 1686 ὑγίειαν,
1578 1617 1673 1670 καὶ
1700 1618 1900 1687 μείζων
1925 1618 1958 1690 ἢ

277 1701 418 1755 κατά
446 1703 794 1776 ἀνθρωπίνην
819 1707 1010 1776 γέγονε
1041 1707 1237 1776 φύσιν;
1271 1707 1336 1759 Τί
1364 1706 1473 1770 δαὶ,
1505 1705 1560 1758 εί
1587 1723 1671 1770 τις
1700 1707 1960 1775 γυναικὸς

277 1789 420 1862 ἐρῶν
450 1793 755 1860 συγγίνοιτο
790 1794 889 1864 μὲν
919 1795 1056 1866 αὐτῇ
1089 1795 1353 1864 διηνεκῶς
1374 1836 1387 1857 ,
1427 1793 1690 1865 μειζόνως
1714 1795 1772 1847 δέ
1821 1796 1960 1864 μετά

274 1877 374 1950 τὴν
402 1881 690 1934 συνουσίαν
721 1882 972 1952 φλέγοιτο
989 1883 1194 1953 ταύτην
1210 1882 1265 1947 ιι,
1287 1883 1477 1954 ἓτερος
1499 1883 1556 1936 66
1577 1883 1778 1950 ταύτης
1799 1885 1956 1949 ἐκτὸς

273 1967 375 2036 τῆς
405 1969 604 2040 μανίας
632 1971 874 2042 ἐστήκοι,
905 1972 1000 2025 καὶ
1041 1972 1176 2042 μηδέ
1205 1971 1340 2042 ὄναρ
1368 1971 1642 2025 ἁλίσκοιτο
1673 1971 1751 2042 τῷ
1778 1973 1954 2043 κακῷ,

273 2054 357 2118 τίς
379 2056 541 2111 πάλιν
563 2059 693 2128 ἡμῖν
713 2059 741 2111 6
764 2059 1002 2130 ζηλωτὸς
1025 2060 1120 2113 καὶ
1145 2060 1444 2131 μακάριος;
1465 2061 1561 2130 οὐχ
1582 2053 1768 2126 0610;;
1795 2064 1875 2126 τίς
1897 2062 1955 2115 δὲ

273 2140 457 2206 ἄθλιος
487 2144 580 2196 καὶ
607 2145 984 2216 ταλαίπωρος;
1016 2147 1114 2216 οὐχ
1143 2147 1172 2199 6
1201 2146 1376 2200 νοσῶν
1397 2145 1490 2200 τὸν
1517 2147 1671 2222 κενὸν
1692 2158 1713 2186 ε
1749 2149 1954 2201 ἐκεῖνον

271 2227 480 2298 ἔρωτα,
527 2231 623 2284 καὶ
655 2231 910 2304 μηδαμοῦ
968 2232 1264 2303 σϐεσθῆναι
1316 2233 1634 2304 δυνάμενον,
1682 2234 1818 2288 ἀλλά
1844 2238 1955 2300 τοῖς

269 2317 712 2388 ἐπινενοημένοις
745 2320 1059 2392 φαρμάκοις
1089 2321 1504 2393 ἐπιτριϐόμενος
1535 2323 1765 2393 μᾶλλον;
1794 2325 1856 2377 Εί
1895 2325 1952 2378 66

269 2405 407 2476 7:96;
435 2410 548 2471 τοῖς
569 2409 689 2480 είρη
701 2409 883 2480 μένοις
913 2411 1207 2483 μακαρίζοι
1234 2412 1332 2480 μὲν
1360 2413 1553 2464 ἐαυτὸν
1578 2413 1672 2465 ἐπὶ
1698 2415 1764 2484 τῇ
1788 2414 1948 2484 νόσῳ,

269 2493 362 2546 καὶ
409 2495 546 2566 μήτε
596 2497 758 2561 αὐτὸς
806 2499 1026 2568 ἐκείνης
1075 2499 1176 2568 τῆς
1219 2499 1464 2570 ἀνάγκης
1505 2499 1948 2554 ἀπαλλάττεσθαι

271 2579 534 2647 βούλοιτο,
563 2584 690 2649 τούς
712 2603 770 2638 τε
791 2585 1243 2658 ἀπηλλαγμένους
1265 2587 1358 2640 τοῦ
1381 2587 1588 2652 πάθους
1603 2588 1947 2660 ἀποδύροιτο,

266 2667 456 2740 ὥσπερ
487 2667 641 2737 οὗτος
677 2673 794 2741 νῦν,
832 2675 954 2745 οὐχὶ
988 2674 1160 2748 ταύτῃ
1210 2677 1372 2729 πάλιν
1406 2665 1776 2748 ἐλεεινότερος
1796 2678 1948 2732 ἔσται

267 2757 363 2809 καὶ
392 2759 743 2832 ἀθλιώτερος,
784 2762 857 2833 μὴ
891 2763 1050 2832 μόνον
1076 2763 1270 2827 νοσῶν,
1302 2764 1437 2818 ἀλλά
1469 2765 1604 2836 μηδέ
1632 2765 1764 2818 αὐτὸ
1788 2767 1948 2820 τοῦτο

267 2845 424 2910 εἰδὼς
453 2848 534 2900 ὅτι
553 2853 731 2915 νοσεῖ,
769 2855 861 2903 καὶ
880 2847 969 2904 διὰ
999 2851 1158 2906 τοῦτο
1190 2853 1328 2924 μήτε
1363 2853 1740 2924 ἀπαλλαγῆναι
1766 2854 1949 2925 βουλό-

269 2948 448 3000 μενος,
474 2938 566 2989 καὶ
596 2939 721 3000 τοὺς
757 2938 1216 3010 ἀπηλλαγμένους
1243 2939 1495 3012 θρηνῶνς
1526 2942 1850 3014 Ἀγάγωμεν
1880 2944 1945 3015 δὴ

263 3023 355 3074 τὸν
377 3024 534 3092 λόγον
563 3027 752 3081 τοῦτον
793 3030 888 3083 καὶ
918 3031 1011 3082 ἐπὶ
1032 3030 1130 3102 τὴν
1151 3030 1262 3083 τῶν
1289 3033 1598 3103 χρημάτων.
1611 3035 1822 3106 κτῆσιν,
1852 3035 1946 3089 καὶ

263 3111 509 3182 ὀψόμεθα
534 3117 618 3180 τίς
648 3120 674 3170 6
706 3118 887 3183 ἄθλιος
922 3121 1014 3174 καὶ
1038 3122 1404 3192 ταλαίπωρος·
1443 3125 1667 3178 ἐκείνων
1701 3127 1799 3196 μὲν
1837 3127 1945 3198 γὰρ

263 3199 372 3253 τῶν
406 3201 624 3273 ἐρώτων
664 3207 1020 3280 σφοδρότερος
1061 3203 1216 3273 οὗτός
1257 3211 1372 3263 ἐστι
1415 3213 1509 3265 καὶ
1543 3214 1939 3285 μανικώτερος·

263 3289 460 3343 οὐκοῦν
487 3294 581 3346 καὶ
625 3295 810 3349 πλεῖον
845 3297 1100 3368 όδυνῆσαι
1128 3299 1328 3354 δύναιτ’
1361 3302 1447 3365 ἂν,
1486 3303 1547 3354 ού
1577 3303 1753 3375 τούτῳ
1783 3307 1943 3376 μόνον

262 3378 345 3429 ὅτι
370 3379 468 3450 τὴν
503 3381 758 3453 λαμπάδα
785 3385 1119 3458 δριμυτέραν
1146 3389 1282 3460 ἔχει,
1317 3391 1433 3444 ἀλλ’
1457 3393 1536 3445 61:
1567 3393 1660 3446 καὶ
1690 3394 1826 3466 πρὸς
1846 3393 1942 3464 τὴν

263 3468 688 3543 ἐπινενοημένην
719 3475 1072 3546 παραμυθίαν
1095 3478 1375 3542 ἀνένδοτός
1403 3482 1515 3533 ἐστι
1541 3482 1634 3534 καὶ
1659 3481 1944 3553 σκληρότε-

264 3571 354 3624 ρος
385 3557 550 3611 πλέον
590 3561 834 3614 ἐκείνων.
868 3565 1226 3635 Μᾶλλονγάρ
1256 3570 1304 3620 οἱ
1337 3568 1501 3621 ποτοῦ
1541 3571 1634 3622 καὶ
1675 3571 1940 3640 σωμάτων

259 3643 497 3712 ἐρῶντες
525 3649 662 3718 μετά
696 3651 794 3721 τὴν
829 3653 1130 3707 ἀπόλαυσιν
1162 3655 1422 3726 λήψονται
1450 3660 1631 3728 κόρον,
1659 3658 1692 3728 ἢ
1732 3661 1780 3711 οἱ
1811 3660 1938 3730 περὶ

260 3728 490 3785 πλοῦτον
527 3736 866 3805 μαινόμενοι.
910 3739 1074 3792 Ὅθεν
1127 3743 1367 3806 ἐκείνους
1409 3743 1507 3812 μὲν
1541 3745 1636 3797 καὶ
1677 3745 1754 3815 τῷ
1794 3745 1936 3814 λόγῳ

261 3820 577 3887 συμπλάσαι
622 3825 1071 3898 ἠναγκάσθημεν,
1120 3829 1208 3882 διὰ
1237 3830 1298 3882 16
1346 3831 1420 3901 μὴ
1453 3831 1661 3901 ταχέως
1708 3833 1799 3885 ἐπὶ
1837 3833 1936 3902 τῆς

259 3904 455 3974 πείρας
479 3909 610 3978 ὁρᾷν
640 3911 771 3962 0:616
807 3914 1127 3983 φαινόμενον
1149 3933 1161 3944 ·
1201 3916 1390 3969 τούτου
1419 3917 1474 3970 66
1507 3917 1600 3970 τοῦ
1630 3920 1935 3990 νοσήματος

258 3987 367 4074 ἀπὸ
395 3993 503 4046 τῶν
533 3997 874 4066 πραγμάτων
922 4001 1092 4054 πολλά
1122 4002 1316 4072 ’έξομεν
1351 4006 1651 4074 παρασχεῖν
1691 3987 1759 4058 τά
1804 4007 1935 4058 ὑπο-

206 4144 219 4156 !
257 4073 546 4146 δείγματα.
597 4083 696 4134 Διά
722 4083 896 4137 ταῦτα
921 4080 1014 4138 οῦν
1042 4085 1094 4148 ιι,
1127 4088 1247 4140 εἰπέ
1281 4106 1391 4158 μοι,
1428 4089 1644 4160 θρηνεῖς
1674 4091 1762 4145 τὸν
1793 4092 1929 4156 υἱὸν,

257 4162 338 4216 ὅτι
398 4167 596 4235 μανίας
629 4171 723 4223 καὶ
760 4171 1028 4244 τοσαύτης
1062 4175 1371 4245 ἀμηχανίας
1418 4178 1793 4249 ἀπήλλακται,
1849 4181 1931 4234 ὅτι

258 4248 436 4320 ἔρωτα
469 4256 687 4310 ἀνίατον
718 4259 816 4311 οὐκ
846 4261 966 4331 ἐρᾷ,
1003 4263 1084 4314 ὅτι
1113 4263 1207 4314 τοῦ
1235 4264 1474 4334 πολέμου
1505 4267 1600 4320 καὶ
1624 4269 1722 4338 τῆς
1754 4269 1932 4340 μάχης

256 4339 461 4410 ταύτης
488 4344 719 4414 ἕστηκεν
748 4348 931 4412 ἐκτός;
967 4349 1111 4401 Ἀλλ’
1132 4351 1233 4403 οὐκ
1260 4349 1326 4402 ἂν
1349 4351 1516 4406 ἔπαθε
1537 4353 1714 4414 τοῦτο,
1744 4358 1928 4425 φησὶν,

255 4427 365 4480 οὐδ’
395 4429 462 4482 ἂν
498 4433 712 4505 ἠράσθη
744 4435 838 4488 τοῦ
871 4435 1145 4501 πλείονος,
1179 4437 1293 4490 ἀλλ’
1334 4440 1649 4510 ἀπέχρησεν
1687 4441 1753 4495 ἂν
1781 4443 1931 4514 αὐτῷ

255 4514 367 4568 τῶν
393 4519 676 4589 παρόντων
719 4523 751 4593 ἡ
783 4524 1103 4588 ἀπόλαυσις.
1152 4526 1403 4579 Μάλιπα
1439 4529 1537 4598 μὲν
1575 4532 1807 4601 πρᾶγμα
1840 4532 1928 4584 λέ-

256 4619 376 4670 γεις
396 4604 658 4674 ἐναντίον,
681 4611 758 4675 ὡς
786 4613 982 4675 εἰπεῖν,
1011 4616 1077 4683 τῇ
1108 4615 1269 4681 φύσει
1289 4631 1302 4644 ο
1330 4615 1469 4684 πλὴν
1492 4615 1627 4670 ἀλλά
1655 4620 1746 4672 καὶ
1771 4621 1930 4674 τοῦτο

254 4690 417 4754 ἔστω,
447 4695 541 4748 καὶ
560 4699 996 4772 συγκεχωρήσθω
1017 4701 1092 4771 τῷ
1113 4701 1277 4772 λόγῳ,
1305 4705 1379 4773 μὴ
1404 4703 1469 4757 ἂν
1492 4706 1654 4758 αὑτὸν
1677 4707 1926 4778 ἐθελῆσαι

254 4781 571 4850 προσθεῖναι
601 4789 712 4850 τοῖς
756 4784 909 4847 οὖσι,
960 4789 1095 4858 μηδέ
1127 4790 1232 4842 ὑπὸ
1268 4791 1364 4862 τῆς
1395 4792 1689 4864 ἐπιθυμίας
1723 4797 1927 4851 ἁλῶναι

252 4867 489 4940 ἐκείνης’
522 4871 631 4939 ἐγὼ
662 4874 770 4946 γάρ
801 4875 963 4927 αὐτὸν
1005 4876 1099 4928 καὶ
1136 4875 1308 4940 οὑτως
1337 4879 1588 4944 ἐπιδείξω
1629 4883 1688 4934 ἐν
1721 4883 1927 4953 μείζονι

251 4951 348 5043 νῦν
374 4953 504 5008 ὅντα
537 4959 717 5012 ἀνέσει
741 4962 836 5014 καὶ
855 4961 1037 5032 ἡδονῇ.
1058 4963 1122 5015 Τί
1140 4962 1248 5034 γάρ
1269 4965 1616 5038 κουφότερον,
1643 4951 1784 5043 67:69
1805 4989 1927 5024 τοσ-

250 5039 422 5094 ούτων
456 5047 783 5114 φροντίζειν,
808 5049 903 5102 καὶ
921 5049 1145 5121 τοιαύτῃ
1174 5051 1562 5123 προσδεδέσθαι
1593 5039 1804 5130 φυλακῇ
1831 5060 1925 5113 καὶ

250 5127 484 5220 δουλεία,
516 5133 610 5186 καὶ
636 5134 932 5191 δεδοικέναι
962 5138 1036 5211 μὴ
1059 5139 1444 5209 παραπόληται
1467 5158 1518 5195 τι
1544 5144 1651 5197 τῶν
1679 5127 1868 5211 όντων,
1889 5149 1922 5220 ἢ

251 5216 576 5309 καὶτούτων
609 5223 958 5295 ἀπηλλάχθαι
986 5226 1093 5280 τῶν
1117 5227 1362 5296 δεσμῶν;
1393 5227 1507 5302 [6:2]
1536 5234 1752 5289 Κείσθω
1790 5216 1922 5309 γάρ,

251 5306 412 5396 αὐτὸν
437 5309 512 5380 μὴ
537 5311 824 5383 ἐπιθυμεῖν
847 5315 1080 5386 φορτίων
1101 5319 1323 5392 ἐτέρων,
1353 5321 1491 5376 ἀλλά
1517 5323 1694 5396 πολλῷ
1718 5306 1924 5395 βέλτιον

249 5393 343 5490 καί
373 5395 482 5490 τῶν
513 5399 871 5490 ἐπιτεθέντων
917 5403 1018 5475 ἤδη
1060 5413 1442 5481 καταφρονεῖν.
1497 5411 1560 5466 Et
1604 5393 1813 5486 γάρτὸ
1849 5417 1923 5490 μὴ

249 5481 462 5570 οείσθαι
484 5485 743 5542 πλειόνων
771 5492 1216 5566 συνωμολόγηται
1243 5498 1500 5568 μέγιστον
1527 5501 1585 5554 ὂν
1609 5481 1923 5570 ἀγαθὸνίτδ

253 5569 346 5621 καὶ
378 5573 478 5642 τῆς
502 5573 610 5627 τῶν
641 5575 810 5630 ὄντων
842 5581 1033 5650 χρείας
1072 5584 1335 5657 ἐξώτερον
1362 5584 1521 5653 εἷναι,
1557 5591 1804 5661 μείζονος
1832 5597 1923 5648 εὑ-

310 5710 345 5802 :
365 5711 480 5802 ἐπὶ..
507 5716 817 5802 ἔρέιειιιυηςι
846 5721 968 5773 Mor.
994 5725 1200 5788 ἀνάγκην
1230 5728 1401 5792 ἔχοντι.
1427 5731 1578 5784 Savil.
1607 5733 1656 5784 in
1689 5751 1841 5802 marg.
1868 5747 1921 5791 et

243 5773 345 5839 du_o
358 5787 482 5839 H158.
506 5777 713 5839 ἀνάγκην
739 5783 938 5832 ἕλκοντι.

248 5897 292 5918 :n
309 5835 494 5918 iﬂfgc
515 5835 783 5918 lecj'inilelm
808 5857 835 5891 e
861 5847 973 5918 ὅσον.
999 5853 1049 5895 et
1071 5863 1168 5918 u_no
1193 5851 1300 5918 cod.
1327 5857 1625 5918 recepimus.
1654 5859 1788 5910 Idem
1802 5862 1913 5913 Sav.

243 5902 293 5944 in
308 5902 559 5979 margine,
583 5902 758 5979 μοι-ει.
786 5915 840 5979 et
872 5906 998 5956 alius
1019 5911 1148 5979 (πρά,
1175 5915 1294 5979 μετά
1321 5902 1842 5979 τῆς]

308 5961 332 6030 ξ
359 5959 497 6030 ynus
516 5963 669 6030 coge):
692 5968 826 6030 κενόν
849 5983 942 6016 nnn
969 5974 1116 6030 male,
1140 5959 1223 6021 'aiii
1247 5959 1423 6026 έάιξιέξρζ

305 6019 337 6062 4
357 6021 471 6072 Sav.
499 6029 550 6072 ει
572 6024 690 6076 Mor.
715 6029 792 6077 διὰ
813 6030 962 6080 ταῦτα
985 6032 1082 6082 οὖν.
1480 6043 1620 6095 τοῦτο
1641 6045 1735 6096 νῦν.

1121 355 1495 413 ADVERSUS
1533 355 2092 413 OPPUGNATORES
2132 357 2323 414 νιτιιε
2368 358 2669 415 MONAST.
2715 360 2843 416 LIB.
2877 359 2940 415 11.

1929 5694 1981 5754 ’ξε

2073 472 2314 544 πραγίας
2350 473 2418 528 ἂν
2449 476 2560 546 εἴη.
2615 476 2672 529 Ὁ
2703 476 2812 548 γάρ
2858 474 3044 545 ἄδιψος
3080 475 3286 537 ἐκεῖνος
3331 474 3424 528 καὶ
3451 473 3749 546 ἀνέραστος

2076 563 2249 634 (οὐδὲν
2264 563 2374 634 γάρ
2395 564 2594 617 κωλύει
2616 564 2776 618 πάλιν
2797 565 2889 616 ἐπὶ
2909 563 2978 617 τά
2997 561 3137 616 αὐτά
3159 561 3334 616 ἐλθεῖν
3354 562 3751 635 ὑποδείγματα)

2069 651 2130 702 οὐ
2165 651 2273 704 τῶν
2305 651 2394 704 ἀεὶ
2419 650 2697 721 διψώντων
2726 652 2908 724 μόνον,
2935 651 3057 704 0666
3077 650 3187 704 τῶν
3207 650 3459 722 ἐρώντων
3479 651 3590 714 ἀεὶ,
3614 653 3753 708 ἀλλὰ

2069 737 2306 791 καὶτῶν
2350 741 2408 792 ἐν
2444 739 2638 812 βραχεῖ
2674 739 2833 794 τοῦτο
2864 739 3184 805 παθόντων,
3217 740 3316 794 καὶ
3343 740 3750 812 πληρωσάντων

2067 826 2164 897 τὴν
2197 826 2493 898 ἐπιθυμίαν
2515 823 2695 899 πολλῷ
2721 827 3139 900 μακαριώτερος
3159 827 3238 882 ὣν
3257 829 3651 889 ἀποδέδεικται,
3672 830 3750 895 ὡς

2069 914 2206 984 μηδέ
2232 925 2254 953 θ
2284 916 2364 978 είς
2385 917 2582 987 πεῖραν
2607 914 2866 987 ἐμπεσὼν
2891 915 2994 986 τῆς
3014 916 3273 986 τοιαύτης
3293 915 3559 986 ἀνάγκης.
3583 916 3750 988 Ἐρή-

2068 1017 2232 1071 σομαι
2264 1001 2320 1054 δέ
2343 1018 2403 1054 σε
2429 1001 2612 1064 πάλιν,
2633 1005 2682 1055 εἰ
2710 1002 2806 1054 καὶ
2825 1001 3228 1078 ὑπερϐαλέσθαι
3256 1001 3336 1072 τῷ
3365 1002 3581 1074 πλούτῳ
3606 1003 3747 1056 πάν-

2064 1105 2162 1150 τας
2186 1088 2280 1142 καλ¹
2307 1088 2414 1142 τῶν
2447 1089 2556 1142 ἀπὸ
2583 1088 2676 1142 τοῦ
2709 1088 2941 1142 πλούτου
2971 1089 3159 1143 κακῶν
3184 1089 3565 1160 ἀπαλλαγῆναι
3594 1091 3743 1162 ἐνῆν,

2065 1171 2174 1246 ἄρα
2200 1177 2299 1229 οὐκ
2334 1177 2400 1230 ἂν
2427 1178 2690 1249 μυριάκις
2717 1176 2921 1247 ταύτην
2947 1177 3092 1230 εἵλου
3110 1177 3211 1248 τὴν
3241 1177 3580 1248 περιουσίαν,
3604 1176 3744 1231 ὥστε

2066 1265 2205 1336 μήτε
2257 1263 2578 1334 βασκανίας,
2625 1266 2763 1336 μήτε
2812 1264 3210 1334 συκοφαντίας,
3259 1266 3396 1336 μήτε
3429 1265 3742 1336 φροντίδος,

2065 1352 2191 1424 μήτ’
2221 1351 2381 1406 ἄλλου
2415 1352 2641 1424 μηδενὸς
2670 1351 2777 1406 τῶν
2804 1352 3062 1406 τοιούτων
3091 1351 3408 1423 ἀνέχεσθαι;
3447 1354 3545 1407 Ἂν
3565 1353 3745 1407 τοίνυν

2060 1441 2157 1494 καὶ
2192 1441 2352 1494 τοῦτο
2395 1441 2588 1512 έχοντα
2631 1441 2896 1511 δείξωμεν
2934 1440 3027 1495 τὸν
3054 1440 3192 1500 υίὸν,
3223 1441 3320 1494 καὶ
3363 1441 3627 1512 μειζόνως
3655 1443 3745 1494 εὐ-

2060 1525 2372 1598 πορώτερον
2396 1526 2525 1580 ὅντα
2550 1526 2666 1593 νῦν,
2689 1526 2872 1598 παύσῃ
2898 1525 3116 1598 θρηνῶν
3140 1525 3358 1590 πάντως
3380 1527 3476 1580 καὶ
3493 1526 3744 1598 ὀλοφυρό-

2062 1631 2222 1685 μενος
2237 1614 2382 1668 0610)
2402 1633 2499 1668 πικ
2508 1614 2642 1687 ρῶς;
2671 1615 2794 1669 Ὅτι
2820 1615 2919 1686 μέν
2936 1612 3028 1669 οῦν
3055 1616 3352 1686 φροντίδων
3371 1616 3738 1686 ἀπήλλακται,

2057 1702 2153 1755 καὶ
2185 1701 2295 1756 τῶν
2337 1702 2513 1756 ἄλλων
2558 1702 2666 1756 τῶν
2706 1702 3119 1773 ἐπισυρομένων
3158 1703 3236 1775 τῷ
3274 1703 3490 1775 πλούτῳ
3530 1702 3738 1767 κακῶν,

2053 1789 2177 1842 οὑδέ
2191 1789 2354 1852 αὐτὸς
2374 1790 2499 1842 ἅντε
2508 1789 2858 1862 ρεῖς’·διόπερ
2875 1790 2996 1843 0666
3012 1792 3145 1862 ἡμῖν
3163 1791 3510 1862 περὶτούτων
3524 1791 3738 1864 ἀνάγκη

2055 1877 2194 1948 7:96;
2218 1878 2276 1930 σέ
2301 1877 2676 1946 διαλέγεσθαιο
2709 1877 2892 1950 ζητεῖς
2916 1879 2971 1931 66
2997 1878 3188 1949 μαθεῖν
3213 1878 3332 1942 πῶς
3360 1878 3740 1952 εὐπορώτερος

2052 1963 2148 2016 τοῦ
2187 1962 2426 2018 τοσαῦτα
2467 1964 2684 2035 ἔχοντός
2716 1982 2830 2018 σου.
2868 1964 3040 2018 Τοῦτο
3084 1965 3147 2036 δή
3193 1983 3252 2018 σε
3291 1964 3604 2036 διδάξομεν,
3643 1969 3741 2021 καὶ

2051 2053 2320 2123 δείξομεν,
2367 2055 2451 2108 ὅτι
2484 2055 2621 2126 ὅπερ
2649 2056 2754 2126 ἡγῇ
2785 2057 2992 2108 ἐκεῖνον
3024 2054 3120 2109 νῦν
3154 2050 3293 2110 εἶναι
3329 2058 3387 2109 ἐν
3426 2057 3589 2128 πενίᾳ.
3622 2056 3640 2095 ί
3669 2061 3737 2128 τῇ

2050 2141 2279 2214 ἐσχάτῃ,
2294 2141 2454 2195 τοῦτο
2469 2142 2630 2206 αὐτὸς
2648 2143 2782 2213 πρὸς
2799 2143 3006 2196 ἐκεῖνον
3024 2141 3415 2214 ἐξεταζόμενος
3437 2143 3733 2208 πέπονθας.

2119 2228 2181 2282 6'.
2211 2229 2323 2283 Καὶ
2362 2231 2522 2301 μήτοι
2553 2230 2784 2302 νομίσῃς
2811 2231 2878 2284 τά
2910 2231 2966 2283 ἐν
3004 2233 3116 2294 τοῖς
3144 2233 3393 2303 οὐρανοῖς
3419 2234 3568 2304 ἡμᾶς
3591 2233 3738 2302 ἐρεῖν

2050 2316 2255 2386 ἀγαθὰ.
2281 2321 2375 2372 καὶ
2389 2319 2457 2372 τά
2486 2319 2623 2389 μετὰ
2649 2319 2747 2389 τὴν
2766 2318 2977 2372 ἐνθένδε
3005 2320 3336 2390 ἀποδημίαψ
3363 2321 3471 2374 ἀπὸ
3495 2320 3604 2392 γάρ
3625 2322 3736 2374 τῶν

2047 2405 2107 2457 ἐν
2130 2407 2288 2476 χερσὶ
2320 2406 2459 2471 τέως
2480 2409 2505 2447 8
2526 2406 2869 2479 ποιησόμεθα
2886 2408 2983 2478 τὴν
3001 2407 3296 2472 ἀπόδειξιν.
3316 2409 3387 2461 Σὺ
3409 2408 3506 2479 μὲν
3521 2404 3614 2462 οῦν
3627 2409 3736 2462 τῶν

2050 2493 2250 2546 σαυτοῦ
2277 2493 2466 2565 κύριος
2490 2489 2542 2547 εἴ
2569 2494 2754 2565 μόνον,
2778 2495 2986 2557 ἐκεῖνος
3005 2495 3062 2547 δὲ
3084 2494 3191 2548 τῶν
3209 2494 3350 2548 κατὰ
3367 2495 3465 2566 τὴν
3480 2495 3735 2566 οἰκουμέ-

2047 2597 2144 2650 νην
2162 2581 2402 2635 ἃπασαν.
2423 2583 2485 2635 Εἰ
2500 2583 2555 2635 δὲ
2569 2583 2836 2646 ἀπιστεῖς.
2853 2583 3013 2657 δεῦρό
3031 2601 3089 2636 σε
3103 2585 3400 2655 ἀγάγωμεν
3419 2585 3499 2649 είς
3515 2585 3732 2652 αὐτὸνδ,

2046 2671 2142 2722 καὶ
2177 2669 2452 2740 πείσωμεν
2491 2671 2654 2724 αὑτὸν
2694 2671 3024 2724 κατελθόντα
3061 2672 3168 2726 ἀπὸ
3199 2675 3291 2726 τοῦ
3318 2673 3496 2744 ὅρους,
3532 2673 3734 2744 μᾶλλον

2043 2757 2100 2810 66
2143 2759 2259 2812 ἐκεῖ
2291 2759 2520 2828 μένοντα
2555 2761 2796 2829 σημᾶναί
2828 2778 2935 2812 τινι
2967 2762 3077 2812 τῶν
3112 2761 3317 2831 σφόδρα
3350 2760 3730 2815 πλουτούντων

2044 2847 2140 2900 καὶ
2165 2848 2434 2912 εὐλαϐῶν,
2461 2849 2673 2918 πέμψαι
2691 2850 2894 2919 χρυσοῦ
2915 2850 3172 2920 σταθμὸν,
3203 2852 3326 2903 ὅσον
3351 2851 3574 2915 ἐθέλεις·
3595 2852 3733 2922 μᾶλ-

2043 2933 2132 2987 λον
2153 2935 2210 2987 δὲ
2227 2936 2385 2988 τοῦτο
2405 2937 2502 3007 μὲν
2525 2938 2625 2989 οὑκ
2652 2939 2922 3003 ἀνέξεται,
2952 2937 3136 2990 δοῦναι
3155 2938 3212 2990 δὲ
3235 2938 3314 3008 τῷ
3337 2939 3469 2992 δεῖνι
3491 2939 3732 3012 δεομένῳ

2043 3024 2332 3088 κελευέτω,
2354 3027 2446 3078 καὶ
2465 3025 2874 3096 προθυμότερον
2891 3025 3010 3095 ὄψει
3031 3025 3121 3078 16v
3140 3026 3474 3079 πλουτοῦντα
3489 3027 3731 3085 ὑπακού-

2040 3127 2168 3164 οντα
2213 3113 2307 3166 καὶ
2345 3112 2728 3183 ἐκκομίζοντα,
2769 3113 2800 3184 ἢ
2832 3114 2938 3165 τῶν
2971 3113 3270 3183 οἰκονόμων
3303 3113 3424 3168 τινὰ
3450 3113 3559 3167 τῶν
3595 3115 3726 3169 σῶν.

2042 3191 2213 3262 0610;
2249 3201 2346 3270 μὲν
2374 3201 2483 3272 γὰρ
2524 3202 2652 3254 ὅταν
2688 3202 3000 3254 ἀναλίσκειν
3035 3201 3346 3273 κελεύηται,
3379 3205 3630 3274 κατηφής
3667 3205 3728 3258 τέ

2041 3285 2155 3336 ἐστι
2183 3287 2277 3338 καὶ
2301 3285 2642 3356 σκυθρωπός·
2673 3288 2879 3348 ἐκεῖνος
2904 3288 2962 3340 δὲ
2993 3289 3008 3327 ἱ
3038 3288 3165 3340 ὅταν
3190 3287 3264 3359 μὴ
3294 3288 3580 3361 ἀναλίσκῃ,
3605 3289 3726 3342 τότε

2038 3369 2246 3424 δέδοικε
2279 3373 2352 3442 μή
2385 3390 2513 3424 ποτε
2540 3369 3080 3445 προσκεκρουκὼς
3116 3375 3211 3427 ἆτε
3237 3374 3474 3428 τοιοῦτον
3503 3377 3727 3429 ἐπιτατ-

2037 3458 2264 3528 τόμενος
2293 3459 2466 3512 οὐδέν.
2511 3458 2620 3512 Καὶ
2649 3460 2875 3524 πολλοὺς
2917 3460 3189 3524 ἐπιδεῖξαι·
3211 3461 3319 3532 ἔχω
3347 3463 3406 3515 οὐ
3441 3463 3550 3516 τῶν
3576 3464 3724 3517 εὐδο-

2037 3547 2218 3616 κίμων
2254 3547 2492 3612 τούτων,
2541 3547 2678 3600 ἀλλά
2713 3549 2807 3601 καὶ
2852 3548 2962 3601 τῶν
2995 3549 3412 3622 εὐτελεστέρων,
3454 3551 3723 3624 τοσαύτην

2037 3633 2256 3702 ἔχοντας
2281 3633 2529 3704 δύναμιν.
2554 3636 2663 3688 Καὶ
2687 3636 2750 3688 σὺ
2777 3636 2897 3705 μὲν,
2925 3636 2990 3689 ἂν
3017 3638 3066 3690 οἱ
3095 3637 3370 3709 οἰκονόμοι
3392 3638 3717 3692 ἀναλώσωσι

2037 3722 2104 3774 τά
2128 3721 2502 3779 πιστευθέντα,
2528 3723 2627 3776 οὐκ
2652 3723 2794 3793 ἔχεις
2822 3725 3123 3795 ἀπαιτῆσαι
3145 3727 3352 3796 ἕτερον,
3381 3726 3494 3779 ἀλλ’
3518 3726 3720 3790 εὐθέως

2039 3825 2120 3861 σοι
2152 3812 2230 3873 εἰς
2258 3810 2445 3864 πενίαν
2478 3813 2505 3863 6
2538 3811 2768 3873 πλοῦτος
2805 3815 3193 3882 μεταπεσεῖται
3227 3813 3332 3867 ὑπὸ
3360 3813 3456 3885 τῆς
3481 3831 3720 3885 κακουρ-

2037 3898 2162 3964 γίας
2191 3899 2436 3951 ἐκείνων⁹
2462 3899 2613 3968 παρὰ
2642 3900 2697 3952 δέ
2725 3899 2802 3970 τῶ
2831 3901 2980 3953 παιδί¹
3009 3901 3086 3972 τῷ
3114 3901 3190 3972 σῷ
3210 3901 3366 3954 τοῦτο
3393 3903 3494 3956 οὐκ
3519 3903 3636 3956 ἐστι
3659 3903 3720 3956 16

2035 3982 2171 4046 δέος.
2191 3985 2287 4036 Ἂν
2312 3985 2420 4055 γὰρ
2441 3977 2596 4047 οὗτος
2615 3987 2840 4056 γένηται
2862 3985 3052 4055 πένης,
3077 3984 3322 4049 ἐπιτάξει
3339 3985 3501 4039 πάλιν
3522 3987 3713 4057 ἑτέρῳ·

2035 4066 2136 4120 κᾶν
2163 4068 2369 4128 ἐκεῖνος
2397 4067 2543 4138 πάθῃ
2575 4086 2628 4120 τι
2675 4070 2937 4134 τοιοῦτον,
2982 4071 3067 4138 ἐφ’
3100 4070 3286 4140 ἕτερον
3324 4070 3715 4142 μεταϐήσεται,

2033 4149 2128 4201 καὶ
2154 4147 2251 4212 τὰς
2279 4149 2388 4201 τῶν
2417 4150 2626 4204 ὑδάτων
2657 4153 2841 4222 πηγὰς
2877 4153 3144 4223 πρότερον
3179 4153 3454 4206 ἐπιλιπεῖν
3482 4156 3650 4219 εἰκὸς,
3679 4157 3713 4226 ἢ

2030 4229 2139 4283 τῶν
2167 4230 2339 4284 ταῦτα
2357 4232 2817 4304 ὑπακουσομένων
2843 4233 2957 4307 [(55]
2986 4237 3126 4289 τινά.
3154 4237 3264 4289 Καὶ
3285 4238 3332 4289 εἰ
3361 4237 3458 4306 μὲν
3479 4237 3547 4290 τά
3568 4239 3713 4308 ἡμέ-

2029 4330 2165 4384 τερα
2195 4315 2465 4386 ἐφρόνεις,
2489 4316 2839 4388 διηγησάμην
2880 4320 2945 4373 ἄν
2982 4337 3064 4372 σοι
3088 4319 3258 4373 πολλά
3277 4321 3371 4372 καὶ
3400 4317 3611 4390 μεγάλα
3634 4321 3714 4374 δι-

2031 4397 2136 4467 ηγή
2147 4415 2292 4466 ματα
2309 4396 2321 4446 i
2341 4415 2354 4426 ’
2380 4400 2503 4452 ἐπεὶ
2526 4399 2580 4452 66
2602 4399 2670 4453 τά
2695 4401 2964 4472 Ἐλλήνων
2994 4403 3473 4473 πρεσϐεύεις,οὑδέ
3503 4405 3714 4458 ἐκεῖθεν

2031 4481 2293 4551 ἀπορήσω
2325 4481 2418 4534 τοῦ
2455 4483 2915 4554 παραδείγματος.
2939 4487 3206 4538 Ἄκουσον
3239 4485 3346 4558 γάρ
3379 4486 3431 4539 τί
3457 4487 3594 4558 πρὸς
3621 4487 3715 4540 τὸν

2030 4563 2330 4635 Σωκράτην
2365 4567 2392 4618 ὁ
2422 4566 2638 4636 Κρίτων
2665 4567 2797 4636 φησί
2815 4583 2827 4595 ·
2861 4568 2962 4620 Σοὶ
2997 4568 3065 4620 δὲ
3089 4567 3342 4637 ὑπάρχει
3360 4569 3477 4637 μὲν
3504 4570 3576 4624 τὰ
3600 4569 3714 4639 ἐμὰ

2027 4643 2323 4714 χρήματα,
2358 4647 2437 4711 ὼς
2467 4649 2650 4718 ἔγωγε
2678 4645 2854 4717 οἶμαι,
2876 4650 3072 4704 latura"
3108 4652 3314 4705 ἔπειτα
3338 4651 3407 4705 δὲ
3443 4653 3541 4706 καὶ
3569 4654 3625 4706 εἴ
3654 4671 3711 4707 τι

2027 4728 2173 4797 ἐμοῦ
2191 4731 2524 4799 κηδόμενος
2541 4734 2650 4785 οὐκ
2667 4733 2773 4786 οἴει
2795 4734 3153 4789 ἀναλίσκειν
3167 4737 3340 4806 τάμὰ,
3365 4735 3526 4800 ξένοι
3543 4734 3711 4793 οὗτοι

2027 4812 2240 4867 ἐνθάδε
2264 4815 2484 4884 ἕτοιμοι
2511 4816 2891 4871 ἀναλίσκειν.
2921 4821 3316 4889 Εἰσκεκόμικε
3341 4820 3409 4874 δὲ
3429 4821 3522 4874 ἐπ’
3547 4823 3709 4888 αὐτῷ

2025 4895 2214 4964 τούτῳ
2251 4897 2538 4967 ἀργύριον
2567 4899 2778 4953 ἰκανὸν
2803 4903 3054 4970 Σιμμίας
3088 4906 3120 4956 o'
3162 4902 3433 4971 Θηϐαῖος,
3473 4904 3707 4974 ἕτοιμος

2026 5063 2054 5110 ὁ
2089 5000 2109 5022 ⁸
2133 5000 2253 5080 ἣξοτ.
2280 5003 2614 5054 ἀποδέδεικται
2640 5007 2704 5062 ὡς
2725 5009 2860 5070 μηδέ.
2888 5008 3001 5058 Sav.
3032 5014 3086 5058 et
3108 5009 3206 5059 duo
3228 5011 3709 5075 ω83.ἀποδέδεικτα.,

2081 5079 2217 5110 μηοε.

2081 5079 2873 5200 ιῗιῗίειίο-ζῐιειν».φυκοφαντίας,μήτε
2896 5132 3162 5200 ἐπιϐουλὰς,
3185 5135 3586 5200 μήτεώφροντίδας,
3600 5139 3709 5200 μήτ’

2025 5186 2148 5263 ἄλλα
2174 5190 2317 5262 μηδὲν
2348 5193 2444 5263 τῶν
2473 5186 2702 5238 τοιούτων
2720 5186 2900 5263 ἔχοντα
2923 5186 3276 5263 δείξωμεῆἶότι
3295 5186 3410 5260 ὅπερ
3439 5186 3706 5263 έκεῖνο

2024 5249 2338 5320 νῦνεένπεγία
2360 5264 2372 5276 ·
2396 5254 2462 5300 ita
2487 5259 2541 5299 ut
2561 5259 2674 5301 octo
2699 5249 2786 5302 ve'l'
2801 5268 2978 5320 npvem
3005 5249 3336 5306 lin'eze'desinl
3353 5294 3366 5316 ,
3387 5249 3506 5320 'quaa
3523 5261 3570 5307 in
3589 5249 3705 5312 δάὶῖ

2027 5309 2228 5380 el_M_or.
2263 5309 2528 5380 habentur,
2549 5327 2761 5380 quagque
2785 5317 2846 5365 ad
2874 5320 3059 5367 seriem
3083 5321 3339 5380 pertinere
3356 5309 3614 5373 'vi'denlur:

2090 5373 2116 5410 κ
2144 5374 2274 5429 Τέως
2299 5375 2443 5424 deest
2463 5381 2517 5424 in
2536 5373 2728 5427 dhobﬁs
2749 5392 2863 5428 mss.

2085 5433 2114 5500 ξι
2141 5434 2295 5500 {idem
2315 5439 2433 5500 7:96;
2453 5439 2612 5486 αὐτόν.

2063 5499 2071 5509 ⁸
2142 5497 2303 5570 Iidem,
2329 5497 2426 5572 d'up
2461 5502 2779 5572 gnanqsprigli
2811 5503 3097 5572 x11§67310::_'_
3125 5505 3234 5555 τότε
3269 5509 3486 5572 κατηφής
3519 5510 3573 5558 τέ
3605 5511 3707 5562 ἐστι

2021 5559 2104 5633 καὶ
2137 5560 2564 5634 στυγνός-,ἐκεῖνος
2587 5565 2666 5634 ,δέζ
2698 5559 2809 5634 qu
2842 5559 2993 5634 iidem
3026 5568 3208 5634 δέδοικε
3233 5571 3344 5631 μήτι
3379 5559 3707 5634 ὲὲρὸὶτκεκάώὲ

2021 5620 2289 5690 κὼς-μύω
2311 5620 2459 5690 ἱίςίριη
2482 5625 2538 5670 ἂν
2558 5627 2600 5690 0_[
2625 5627 2865 5689 οἰκονόμοι
2890 5628 3034 5690 αὐτῆς
3053 5633 3200 5690 γνῶσι
3225 5620 3302 5678 τά.

2090 5682 2103 5759 ξ
2138 5682 2246 5759 Quo
2273 5683 2540 5759 godices'el
2563 5686 2675 5759 δαν.
2702 5682 3103 5759 μεγάλα-τοιαῦτα
3124 5693 3408 5759 διηγήματα.
3425 5693 3596 5759 Morel.
3621 5713 3706 5759 με-

2020 5743 2143 5820 γρὶλα
2163 5745 2646 5820 διῃγήματαίρρηζὶῐ
2666 5743 2793 5798 υὶιιιὲ
2815 5752 2964 5820 cpdex
2993 5754 3075 5799 καὶ
3097 5743 3276 5820 παλαιᾶ
3293 5757 3376 5820 καὶ
3401 5758 3539 5804 καινά
3556 5743 3574 5815 ,ν
3589 5743 3706 5820 νῷιξθ

2021 5804 2081 5874 ἰὼ
2100 5804 2366 5874 ,Αωιπορίο
2397 5804 2675 5874 interprete
2712 5815 3070 5874 exprimuntur.
3117 5815 3240 5864 Infra
3273 5818 3372 5865 duo
3403 5833 3518 5866 mss.
3547 5804 3625 5866 ἀοῖ

2019 5866 2222 5952 ὑπάριχει
2344 5885 2418 5918 τοι
2441 5873 2499 5944 τά
2650 5874 2762 5921 Sav.
2777 5866 2866 5922 ⁸σοὶ
2887 5876 2936 5952 δὲ
2961 5876 3168 5952 ὑπάρχει.
3186 5879 3267 5950 μέν
3288 5880 3347 5926 τὰ
3379 5880 3508 5952 ἐμά..
3524 5881 3698 5952 δῖοι-μί.

2021 5930 2100 5997 σοξ
2131 5930 2182 5975 δὲ
2203 5930 2402 6002 ὑπάρχει
2427 5932 2500 5978 τά.
2537 5930 2671 6002 Infra
2683 5950 2808 6002 unqs
2829 5937 2944 6002 cod:
2966 5945 3018 5985 et
3038 5930 3194 6002 ςςίίἱίί
3220 5941 3268 5987 in
3299 5930 3451 6002 mark.
3490 5943 3562 5990 ἐπ’
3584 5930 3700 5992 aut};

2019 5983 2603 6066 τοῦτρκξὺὶιίῗιίιὶιτξχρῇς.
2639 5997 2837 6066 Σιμμίας
2869 6001 2896 6046 6
2923 6001 3131 6066 Θηῇαῖος
3155 6001 3342 6063 ἕτοιμος
3367 5983 3445 6052 κᾶἱ
3479 6004 3696 6066 Κεδκῖος,

2021 6052 2100 6098 καὶ
2131 6053 2302 6114 Κέϐης,
2336 6057 2415 6102 καὶ
2440 6057 2575 6104 ἁλλοι
2601 6043 2766 6106 πολλοὶ
2787 6061 2969 6108 πλάιροι.
2987 6043 3168 6110 "120-13.
