4096 6392
347 376 457 437 837

341 498 414 551 δὲ
438 500 539 555 καὶ
569 501 778 568 Κέϐης,
811 496 910 554 καὶ
928 499 1107 554 ἄλλοι
1125 499 1368 555 πολλοί.
1393 501 1590 562 Ὥστε,
1611 499 1758 568 ὅπερ
1783 498 2018 568 ἔλεγον,

341 587 422 656 μὴ
449 588 637 643 ταῦτα
655 589 1028 658 φοϐούμενος
1049 586 1364 655 ἀποκάμῃς
1388 587 1584 641 σῶσαι
1603 584 1855 648 σαυτὸν,
1868 584 2021 653 μήτε

341 674 372 727 δ
389 675 596 744 ἔλεγες
616 677 686 730 ὲν
707 675 788 740 τῷ
800 675 1165 743 δικαστηρίῳ
1179 674 1476 744 δυσχερές
1496 688 1596 729 σοι
1613 674 1898 744 γενέσθω,
1929 670 2021 725 ὅτι

341 762 454 814 οὐκ
475 761 553 815 ἂν
570 762 776 831 ἐχοιςει
796 761 1062 826 ἐξελθὼν
1095 760 1129 814 ὅ
1162 778 1219 815 τι
1250 759 1407 829 χρῷο
1445 760 1671 826 σαυτῷο
1702 759 2021 829 πολλαχοῦ
2052 803 2056 806 ι

342 846 455 913 μὲν
484 847 596 918 γὰρ
621 848 719 903 καὶ
745 849 977 903 ἄλλοσε
995 848 1149 902 ὅπου
1175 847 1252 902 ἂν
1269 849 1478 918 ἀφίκῃ,
1509 847 1903 918 ἀγαπήσουσί
1925 861 2015 900 σε.

343 934 491 990 Ἐὰν
516 935 587 990 δὲ
615 937 819 1004 ,βούλῃ
854 938 944 1001 εἰς
984 937 1313 990 Θετταλίαν
1341 936 1511 993 ἰέναι.
1541 934 1702 989 εἰσιν
1732 933 1861 1002 ἐμοὶ
1901 932 2032 987 ἐκεῖ

345 1022 532 1089 ξένοι,
557 1024 614 1077 οἵ
635 1038 709 1076 σε
730 1024 865 1092 περὶ
894 1022 1129 1079 πολλοῦ
1151 1022 1531 1090 ποιήσονται,
1557 1021 1657 1076 καί
1684 1019 2026 1089 ἀσφάλειάν

344 1124 447 1165 σοι
468 1111 850 1180 παρέξονται,
868 1110 1023 1165 ὥστε
1036 1126 1135 1165 σοι
1152 1110 1351 1181 μηδὲν
1368 1111 1676 1165 ἐλλείπειν
1688 1109 1715 1149 ι’
1738 1107 1858 1162 τῶν
1875 1107 2026 1161 κατὰ

348 1199 695 1253 Θετταλίαν.
728 1198 794 1252 Τί
816 1198 1020 1270 ταύτης
1048 1198 1149 1270 τῆς
1171 1199 1432 1271 εὐπορίας
1458 1198 1640 1270 ἦδιον;
1672 1197 1835 1251 Ἀλλὰ
1854 1196 2027 1251 ταῦτα

352 1291 451 1360 μὲν
475 1291 551 1354 ὡς
571 1290 708 1361 πρὸς
738 1290 908 1362 ἀνδρα
942 1290 1213 1359 βιωτικόψ
1244 1292 1292 1343 εἰ
1320 1290 1377 1343 δὲ
1406 1288 1838 1360 φιλοσοφώτερον
1860 1284 2025 1340 αὐτοῦ

346 1377 440 1429 τὸν
474 1377 704 1431 πλοῦτον
750 1376 1025 1441 ἐξετάζειν
1051 1375 1351 1447 ἐθέλοιμεν,
1387 1377 1452 1429 σύ
1480 1376 1579 1446 μὲν
1614 1375 1743 1438 ἴσως
1793 1374 1852 1427 οὐ
1885 1390 2027 1443 παρ-

347 1461 734 1535 ακολουθήσεις
751 1463 829 1535 τῷ
854 1464 1014 1535 λόγῳ,
1038 1465 1160 1535 ἐμοὶ
1182 1464 1239 1518 δὲ
1265 1475 1286 1503 ε
1302 1463 1595 1531 ἀναγκαῖον
1615 1448 1708 1515 διὰ⁸
1724 1462 1851 1524 τούς
1876 1461 2030 1514 δικά-

350 1549 544 1615 ζοντας
571 1552 764 1604 εἰπεῖν.
792 1551 836 1603 Τ
838 1549 1057 1613 οσοῦτος
1076 1549 1185 1621 γάρ
1206 1550 1234 1602 ὁ
1255 1551 1354 1621 τῆς
1378 1549 1581 1620 ἀρετῆς
1609 1546 1838 1610 πλοῦτός
1857 1549 2024 1610 ἐστιν,

349 1635 523 1701 οὕτως
547 1636 731 1709 ἡδίων,
761 1635 904 1691 οῦτω
933 1637 1309 1708 ποθεινότερος
1339 1635 1433 1689 τοῦ
1464 1637 1595 1708 παρ’
1623 1635 1774 1703 ὑμῖν,
1795 1633 1872 1698 ὡς
1904 1634 2029 1705 μηδ’

349 1724 417 1778 ἄν
441 1741 574 1778 ποτε
604 1724 859 1796 ἐθελῆσαι
877 1726 1006 1791 τοὺς
1026 1724 1251 1795 ἔχοντας
1274 1724 1441 1778 αὐτὸν
1464 1724 1564 1795 τὴν
1589 1723 1808 1776 ἃπασαν
1826 1722 1955 1792 γῆν,
1979 1722 2030 1774 εἰ

349 1812 553 1883 χρυσὸς
584 1813 799 1882 γένοιτο
842 1813 979 1885 μετά
1026 1813 1138 1867 τῶν
1172 1812 1316 1885 ὀρῶν
1356 1812 1454 1866 καὶ
1492 1812 1589 1883 τῆς
1628 1810 1906 1881 θαλάσσης
1935 1808 2031 1862 καὶ

349 1900 463 1955 τῶν
499 1900 782 1972 ποταμῶν,
806 1901 921 1955 ἀντ’
952 1900 1161 1955 ἐκείνου
1183 1899 1389 1954 λαϐεῖν.
1412 1899 1525 1953 Καὶ
1549 1899 1602 1952 εῐ
1619 1915 1684 1967 γε
1715 1893 1783 1969 ἦν
1806 1895 2031 1950 δυνατὸν

349 1988 510 2041 τοῦτο
530 1987 802 2057 γενέσθαι,
830 1988 1033 2059 ἔμαθες
1054 1989 1122 2042 ἂν
1147 1988 1256 2041 ἀπὸ
1280 1988 1380 2057 τῆς
1402 1986 1597 2059 πείρας
1621 1986 1811 2056 αὐτῆς,
1832 1984 1909 2047 ὡς
1930 1982 2033 2035 οὐκ

353 2076 671 2140 ἀλαζονείας
698 2076 769 2130 10
814 2077 1036 2147 ῥήματα
1057 2116 1072 2143 ,
1118 2074 1257 2129 ἀλλὰ
1306 2073 1490 2145 πολλῷ
1531 2072 1702 2126 πλείω
1736 2071 1832 2125 καὶ
1862 2067 2033 2141 μείζω

353 2163 602 2234 εὑρόντες
635 2164 1141 2234 καταφρονήσουσιν
1169 2161 1403 2228 ἐκείνου,
1437 2159 1531 2213 καὶ
1561 2159 1661 2212 οὐκ
1685 2159 1752 2213 ἄν
1773 2172 1906 2211 ποτε
1932 2154 2033 2209 αὐ-

352 2250 445 2302 τὸν
472 2248 794 2316 ἀλλάξαιντο
827 2249 1041 2303 τούτου.
1073 2250 1184 2303 Καὶ
1218 2248 1272 2301 τί
1312 2248 1477 2316 λέγω,
1513 2244 1871 2312 ἀλλάξαιντος
1910 2242 2032 2296 οὐδέ

359 2338 474 2407 μετ’
491 2335 701 2390 ἐκείνου
729 2336 830 2407 μὲν
853 2332 948 2391 οὖν
972 2335 1156 2391 λαϐεῖν
1171 2335 1334 2388 αὐτὸν
1355 2335 1562 2388 ἕλοιντο
1578 2332 1666 2387 ἄν.
1690 2330 1883 2384 Καίτοι
1904 2329 2033 2400 ὑμῖν

354 2426 510 2490 εἴτις
538 2424 709 2479 ἐδίδου
734 2426 827 2479 16v
858 2426 959 2496 τῆς
986 2425 1192 2497 ἀρετῆς
1233 2425 1463 2478 πλοῦτον
1503 2423 1641 2495 μετά
1666 2422 1775 2475 τῶν
1813 2420 2033 2493 χρημά-

354 2532 484 2580 των,
524 2515 745 2576 ὑπτίαις
770 2515 837 2567 ἂν
863 2511 1117 2579 ἐδέξασθε
1146 2511 1355 2583 χερσίν·
1385 2510 1560 2574 οὓτως
1596 2507 1908 2580 ὁμολογεῖτε
1938 2508 2034 2578 μέ-

356 2618 460 2669 γαν
486 2594 615 2654 τινὲ
636 2601 843 2652 ἐκεῖνον
869 2601 964 2652 καὶ
991 2598 1307 2669 θαυμαστόν
1326 2614 1341 2628 ·
1379 2591 1527 2651 οῦτοι
1545 2596 1604 2650 δὲ
1625 2597 1725 2648 οὐκ
1743 2594 1810 2648 ἂν
1831 2594 2034 2646 ἕλοιντο

353 2689 448 2742 τὸν
474 2689 738 2760 ὑμέτερον
764 2686 905 2758 μετά
927 2686 1020 2741 τοῦ
1046 2686 1271 2739 οἰκείου·
1288 2686 1464 2748 οὕτως
1488 2684 1666 2737 ἴσασιν
1692 2682 1774 2735 ὅτι
1801 2681 2036 2753 πρᾶγμά

356 2777 506 2829 ἐστιν
532 2773 1035 2846 εὐκαταφρόνητον.
1060 2773 1171 2827 Καὶ
1190 2771 1349 2826 τοῦτο
1379 2770 1541 2826 πάλιν
1571 2768 1678 2824 ἀπὸ
1706 2767 1815 2821 τῶν
1836 2765 2033 2837 ὑμετέ-

360 2880 470 2936 ρων
519 2861 986 2934 παραδειγμάτων
1032 2862 1242 2932 ποιήσω
1289 2860 1545 2931 φανερόν.
1586 2857 1739 2912 Πόσα
1778 2853 1888 2927 γὰρ
1934 2855 2032 2908 οίει

356 2951 620 3023 χρήματα
645 2949 735 3004 τὸν
758 2948 1106 3020 Ἀλέξανδρον
1130 2947 1209 3019 τῷ
1237 2948 1497 3017 Διογένει,
1528 2945 1582 2999 εἰ
1605 2961 1670 3015 γε
1696 2943 1854 3015 ῆθελε
1880 2939 2034 3006 δέξα-

356 3039 504 3103 σθαι,
527 3037 711 3092 δοῦναι
738 3037 832 3104 άν;
861 3036 1003 3090 Ἀλλ’
1022 3036 1123 3090 οὐκ
1147 3035 1430 3107 ἠθέλησεν·
1456 3036 1665 3093 ἐκεῖνος
1688 3031 1746 3084 δὲ
1772 3028 2035 3100 ἐφιλονεί-

357 3143 443 3181 κει
477 3127 573 3180 καί
605 3128 786 3181 πάντα
827 3124 1085 3198 ἔπραττε,
1119 3124 1262 3178 ὥστε
1295 3122 1591 3196 δυνηθῆναί
1629 3136 1760 3174 ποτε
1805 3119 1899 3173 ἐπὶ
1941 3117 2034 3172 τὸν

358 3217 586 3271 πλοῦτον
619 3215 794 3270 ἐλθεῖν
821 3215 913 3269 τὸν
944 3214 1165 3270 τούτου.

428 3392 490 3443 ε’.
510 3387 773 3442 Βούλειδέ
791 3387 881 3440 καὶ
899 3387 986 3440 ἐτέ
995 3385 1163 3459 ρωθέν
1183 3401 1275 3438 σου
1291 3385 1389 3457 τὴν
1417 3384 1608 3439 πενίαν
1640 3385 1791 3450 ἰδεῖν,
1821 3387 1913 3441 καὶ
1938 3386 2033 3441 τοῦ

359 3473 548 3539 παιδός
571 3474 667 3546 τὴν
702 3473 964 3546 εὐπορίαν
992 3472 1085 3527 τοῦ
1126 3471 1256 3537 σοῦ;
1284 3471 1493 3525 Οὐκοῦν
1515 3471 1715 3526 ἄπελθε
1734 3514 1749 3537 ,
1807 3473 1902 3528 καί⁵
1927 3476 2034 3543 ἀφ-

359 3561 484 3616 ελοῦ
506 3562 532 3600 ά
562 3562 727 3616 αὐτοῦ
755 3562 816 3616 16
846 3562 1080 3634 ἱμάτιον,
1107 3561 1245 3633 ὅπερ
1274 3559 1387 3631 ἔχει
1423 3560 1718 3631 μόνον,καὶ
1745 3562 1846 3631 τῆς
1867 3562 2001 3615 καλύ
2019 3592 2036 3604 -

361 3653 465 3722 6ης
496 3650 753 3722 ἐξάγαγε,
783 3653 879 3706 καὶ
903 3650 1099 3705 κάθελε
1120 3650 1182 3703 16
1202 3647 1567 3718 καταγώγιον,
1590 3649 1684 3703 καὶ
1715 3650 1836 3703 οὐδέ
1863 3650 2037 3714 οὕτως

360 3740 484 3813 ὕψει
516 3740 935 3812 δυσχεραίνοντα
978 3738 1099 3792 οὐδέ
1131 3737 1399 3806 ἀλγοῦντα
1420 3777 1435 3801 ,
1469 3736 1608 3791 ἀλλά
1641 3753 1722 3791 σοι
1751 3738 1846 3791 καὶ
1875 3738 2038 3810 χάριν

362 3830 570 3883 εἴσεται
590 3827 818 3889 τούτων,
838 3827 962 3880 ὅσον
991 3825 1127 3895 πρὸς
1152 3823 1469 3893 φιλοσοφίαν
1496 3823 1657 3877 πλέον
1671 3823 1830 3887 ὠθεῖς
1850 3825 2033 3878 αὐτόν*

365 3916 459 3970 σοῦ
483 3917 541 3970 δέ
574 3915 640 3970 ἄν
668 3932 752 3978 τις
772 3913 903 3966 δέκα
934 3912 1188 3984 δραχμὰς
1214 3911 1480 3982 ἀφέληται
1507 3911 1684 3982 μόνον,
1711 3911 1923 3984 θρηνῶν
1943 3914 2038 3967 καὶ

362 4005 687 4076 ὀδυρόμενος
717 4004 779 4057 οὐ
819 4000 1115 4072 διαλείψεις
1143 4000 1294 4054 ποτέ.
1329 3999 1445 4073 [64]
1469 4001 1565 4064 Τίς
1594 3996 1688 4055 οῦν
1719 4000 1971 4073 εὐπορος,
2008 4005 2038 4057 ό

362 4097 477 4157 τοῖς
520 4094 733 4166 μικροῖς
762 4091 1110 4162 δακνόμενος,
1151 4090 1184 4162 ἢ
1217 4092 1246 4144 ὁ
1287 4090 1503 4144 πάντων
1529 4089 1638 4142 τῶν
1668 4090 1837 4144 ὄντων
1865 4107 2038 4145 κατα-

364 4183 607 4256 φρονῶν;
662 4181 772 4234 Καὶ
827 4181 902 4252 μὴ
935 4179 1094 4233 τοῦτο
1127 4180 1363 4250 ποιήσῃς
1412 4178 1591 4250 μόνον,
1634 4178 1769 4232 ἀλλά
1801 4180 1894 4233 καὶ
1939 4182 2039 4251 τῆς

365 4273 548 4345 χώρας
574 4271 791 4341 ἁπάσης
824 4269 1115 4324 ἀπέλασον.
1150 4269 1244 4321 καὶ
1270 4267 1391 4337 ὄψει
1413 4266 1658 4336 γελῶντα
1687 4267 1780 4319 ἐπὶ
1805 4266 2034 4334 τούτοις,

366 4360 621 4432 καθάπερ
656 4360 748 4411 ἐπὶ
773 4358 985 4411 παιδίου
1017 4357 1322 4421 παίζοντος.
1354 4356 1422 4408 Σὲ
1461 4356 1520 4409 δέ
1554 4354 1621 4409 ἂν
1652 4356 1752 4428 τῆς
1780 4357 2041 4429 πατρίδος

365 4449 613 4522 ἀπελάσῃ
647 4466 729 4511 τις
764 4448 941 4519 μόνον,
977 4448 1045 4501 τὰ
1067 4447 1347 4500 δεινότατα
1379 4446 1564 4520 πείσῃ,
1597 4448 1693 4501 καὶ
1727 4448 1847 4500 οὐδὲ
1873 4448 2041 4514 οἴσεις

364 4536 463 4608 τὴν
493 4535 800 4607 συμφοράν·
833 4538 1038 4598 ἐκεῖνος
1061 4535 1138 4597 δὲ,
1164 4534 1260 4588 ἆτε
1293 4533 1475 4605 πάσης
1501 4535 1599 4606 τῆς
1618 4535 1722 4605 γῆς
1745 4534 1911 4607 οὐσης
1938 4537 2040 4589 αὑ-

366 4623 460 4677 τοῦ
497 4623 593 4677 καὶ
622 4623 723 4693 τῆς
764 4622 1060 4693 θαλάσσης,
1089 4620 1262 4684 οῦτως
1284 4621 1520 4685 εὐκόλως
1549 4622 1645 4676 καὶ
1676 4622 1899 4687 ἀλύπως
1932 4624 2041 4678 ἀπὸ

364 4711 572 4766 τούτων
600 4721 625 4750 θ
658 4710 742 4779 ἐφ’
775 4710 938 4781 ἐτερα
973 4709 1390 4778 μεταστήσεται,
1430 4708 1682 4781 καθάπερ
1721 4712 1786 4765 σὺ
1816 4711 1906 4765 διὰ
1932 4712 2041 4766 τῶν

366 4799 583 4854 οἰκείων
611 4798 811 4852 ὁδεύων
843 4797 1049 4869 ἀγρῶν·
1089 4796 1289 4866 μᾶλλον
1317 4796 1374 4849 δὲ
1408 4798 1503 4850 καὶ
1532 4797 1915 4870 εὐκολώτερον.
1949 4801 2041 4853 Σοὶ

370 4886 471 4957 μὲν
499 4886 608 4957 γὰρ
639 4885 689 4938 εἰ
725 4886 819 4939 καὶ
851 4884 940 4938 διὰ
964 4883 1069 4937 τῶν
1094 4883 1202 4938 σῶν
1228 4881 1465 4955 βαδίζειν
1487 4883 1711 4951 ἔξεστιν,
1745 4887 1859 4940 ἀλλ’
1892 4888 2042 4959 ὅμως

367 4974 463 5025 καὶ
491 4974 559 5026 δι’
579 4972 877 5042 ἀλλοτρίων
903 4970 1118 5040 ἀνάγκη
1136 4987 1148 5001 ’
1185 4970 1391 5033 ἐκεῖνος
1409 4970 1465 5023 δέ
1493 4970 1581 5024 6:0
1611 4972 1791 5044 πάσης
1813 4973 1913 5043 τῆς
1943 4975 2042 5027 αὐ-

368 5060 461 5114 τοῦ
490 5059 814 5130 πορεύσεται
839 5057 962 5127 γῆς’
990 5058 1085 5111 καὶ
1116 5057 1276 5110 ποτὸν
1304 5058 1402 5128 μὲν
1429 5057 1578 5128 αὐτῷ
1599 5059 1860 5113 πάντοθεν
1887 5061 2043 5132 δαψι-

367 5148 476 5211 λῶς
499 5147 799 5217 παρέχουσι
828 5146 1015 5218 λίμναι
1045 5148 1137 5200 καὶ
1163 5146 1398 5215 ποταμοὶ
1437 5147 1534 5199 καὶ
1558 5149 1752 5217 πηγαὶ,
1784 5152 1959 5222 τροφὴ
1983 5152 2041 5205 δέ

368 5233 517 5306 αὐτῷ
538 5235 746 5305 λάχανα
768 5239 862 5289 καὶ
885 5236 1122 5306 βοτάναι,
1144 5234 1238 5286 καὶ
1261 5233 1415 5304 ἄρτοι
1431 5233 1489 5287 δὲ
1512 5235 1857 5306 πολλαχόθεν.
1875 5237 2042 5294 Οὔπω

371 5325 477 5397 γάρ
508 5340 592 5377 σοι
610 5323 774 5392 λέγω,
803 5324 885 5378 ὃτι
910 5323 1000 5376 καί
1022 5321 1122 5392 τῆς
1144 5324 1246 5394 γῆς
1267 5321 1487 5395 ἀπάσης
1512 5328 1863 5395 καταφρονεῖ,
1887 5328 2041 5383 πόλιν

363 5564 367 5569 -
437 5530 465 5560 ⁸
486 5530 593 5604 ρυο
630 5544 747 5610 nzgs.
786 5530 873 5600 οὐκ
913 5530 969 5603 ἀν
997 5520 1139 5610 ἐλέοις,
1172 5543 1300 5604 υηξιε
1328 5530 1441 5610 ἔχῃς
1458 5532 1658 5610 ἐξελθών
1672 5533 1749 5610 ἔτι
1773 5533 1904 5609 χρὸω
1930 5532 2040 5607 (sic)

373 5594 558 5654 σαυτῷ·
591 5594 836 5661 πολλαχοῦ
872 5594 972 5654 μέν.
1011 5594 1162 5640 Savil.
1206 5594 1295 5640 οὐκ
1336 5594 1392 5640 ἂν
1421 5594 1544 5655 ἔχοις
1571 5594 1819 5648 ἐξελθὼνδ
1834 5612 1880 5643 τι
1911 5594 2043 5659 χρῷο

373 5658 560 5726 σιξυτῷξ
574 5657 823 5726 πολλαχου
842 5654 941 5715 μέν.
969 5652 1140 5702 Morel.
1163 5654 1251 5701 οὐκ
1272 5656 1328 5701 ἂν
1350 5654 1459 5717 ἔχῃς
1481 5656 1672 5709 ἐξελθὼν
1702 5656 1774 5704 ὅτι
1795 5659 1897 5720 χρῶ
1924 5674 2044 5706 σαυ-

372 5717 462 5777 τῴ’
480 5717 725 5777 πολλαχοῦ
747 5717 845 5776 μέν.
1796 5717 1841 5720 ’⁷“

434 5777 463 5848 13
488 5778 595 5848 Quo
621 5790 736 5848 {1150.
764 5782 817 5848 ιιι
837 5775 1022 5848 Sa_V.__in
1043 5788 1182 5848 m‘arg‘
1211 5776 1351 5848 ,λῷστε
1370 5792 1449 5823 σοι
1472 5778 1649 5848 μηδένα
1675 5778 1853 5848 λυπεῖν.

436 5842 459 5910 ξ
488 5838 597 5912 831'.
624 5840 677 5886 in
698 5844 840 5887 textu
867 5845 921 5886 et
942 5837 1059 5886 Mor.
1083 5838 1188 5896 ἐμοὶ
1208 5838 1276 5885 δέ.
1301 5836 1414 5886 Sav.
1448 5836 1508 5887 ad
1541 5853 1693 5902 marg.
1728 5850 1780 5891 et
1798 5841 1896 5890 duo
1923 5854 2039 5891 mss.

376 5900 484 5961 ἡμῖν
507 5900 575 5947 δέ.

432 5957 464 5999 ἆ
488 5961 593 6021 Duo
616 5972 731 6007 πυτς.
754 5959 897 6021 ἄφελε
919 5960 1076 6009 αὐτόν.

432 6022 454 6045 ⁸
488 6018 608 6069 ’Δπὸ
630 6018 808 6069 τούτων
835 6022 884 6068 in
905 6021 1073 6071 Morel.
1104 6026 1290 6073 tantum
1315 6022 1475 6073 deost.
1572 6044 1573 6047 η

1128 383 1186 440 S.
1226 382 1513 440 JOANNIS
1548 379 2048 441 CHRYSOSTOMI
2087 380 2410 439 ARCHIEP.
2450 381 3001 439 CONSTANTINOP.

2127 494 2267 568 ἔχων
2293 496 2385 550 τὸν
2418 498 2645 568 οὐρανόν
2688 498 2732 553 τ.
2764 498 2887 553 Κᾶν
2930 498 3256 569 τελευτῆσαι
3283 499 3409 571 δέῃ,
3444 500 3544 571 τῆς
3583 502 3796 571 τρυφῆς

2127 584 2282 655 ὑμῶν
2304 585 2455 657 ἥδιον
2484 587 2622 639 οῖσει
2650 586 2750 658 τὴν
2785 585 3062 658 τελευτὴν,
3090 586 3188 640 καί⁵
3212 586 3426 654 εὔξεται
3451 587 3624 652 οὕτως
3654 590 3798 642 ἀπο-

2121 670 2303 726 θανεῖν
2336 672 2559 743 μᾶλλον,
2587 673 2621 745 ἢ
2648 674 2806 744 ὑμεῖς
2837 674 2931 727 ἐπὶ
2952 675 3064 745 ’τῆς
3088 674 3347 746 πατρίδος
3374 675 3587 746 καὶτῆς
3608 676 3796 747 εὐνῆς·

2120 758 2262 813 ὥστε
2294 761 2390 814 καὶ
2442 760 2640 814 πλάνον
2677 763 2773 817 καὶ
2814 761 3026 831 φυγάδα
3065 764 3160 817 καὶ
3201 762 3408 835 ἀλήτην
3452 763 3551 835 τὴν
3578 765 3607 805 ³
3640 764 3799 818 πόλιν

2122 847 2315 918 ἔχοντα
2336 849 2431 902 καὶ
2451 850 2626 903 οἰκίαν
2654 849 2924 912 οἰκοῦντα,
2958 850 3073 903 ἀλλ’
3100 850 3201 905 οὐκ
3223 853 3430 906 ἐκεῖνον
3457 854 3600 906 εῖποι
3620 870 3706 918 τις
3727 851 3799 906 ἂν

2122 938 2214 990 τὸν
2253 938 2471 993 πάντων
2511 939 2717 993 τούτων
2764 939 3205 1010 ἀπηλλαγμένον.
3254 941 3391 996 Οὐτε
3418 943 3528 1016 γὰρ
3554 943 3656 1014 τῆς
3687 960 3799 996 πα-

2122 1025 2304 1097 τρίδος
2335 1027 2497 1081 αὐτὸν
2520 1027 2806 1096 ἐξαγαγεῖν
2828 1027 3053 1100 δυνήσῃ,
3076 1028 3183 1092 ἓως
3214 1028 3280 1082 ἂν
3303 1030 3376 1102 μὴ
3406 1031 3678 1105 ἐξαγάγῃς
3697 1030 3801 1101 τῆς

2124 1114 2227 1183 γῆς
2261 1115 2497 1184 ἀπάσης·
2531 1114 2669 1179 τέως
2716 1114 2824 1184 γὰρ
2849 1114 3022 1179 οῦτως
3060 1117 3329 1187 εἰρήσθω,
3378 1119 3501 1171 ἐπεὶ
3538 1119 3677 1172 κατά
3704 1117 3802 1171 16v

2124 1199 2301 1270 ἀληθῆ
2331 1200 2488 1270 λόγον
2519 1201 2641 1254 τότε
2681 1201 2918 1273 μάλιστα
2956 1202 3118 1256 αὐτὸν
3151 1205 3231 1266 εἰς
3267 1202 3366 1274 τὴν
3396 1203 3627 1275 πατρίδα
3659 1205 3803 1257 ἀπο-

2126 1287 2383 1357 πέμψεις,
2405 1288 2533 1341 ὅταν
2569 1288 2676 1341 ἀπὸ
2702 1289 2802 1360 τῆς
2831 1289 2934 1359 γῆς
2958 1287 3254 1362 ἐξαγάγῃς.
3296 1290 3436 1343 Ἀλλ’
3461 1291 3612 1344 οῦπω
3636 1289 3802 1344 τοῦτο

2126 1375 2263 1445 πρὸς
2295 1375 2355 1428 σὲ
2391 1374 2482 1429 τὸν
2514 1375 2666 1428 οὐδὲν
2708 1376 2871 1430 πλέον
2919 1377 3027 1430 τῶν
3072 1377 3367 1447 ὁρωμένων
3412 1379 3610 1432 εἰδότα.
3660 1378 3801 1440 Οὐδὲ

2127 1460 2333 1529 γυμνὸν
2353 1459 2522 1525 δεῖξαι
2537 1461 2763 1534 δυνήσῃ,
2791 1462 2896 1526 ἐως
2913 1462 2978 1515 ἂν
2997 1462 3066 1515 τὰ
3085 1463 3186 1534 τῆς
3208 1464 3409 1535 ἀρετῆς
3431 1466 3620 1534 ἱμάτια
3641 1482 3803 1535 περι-

2127 1546 2453 1621 κείμενοςῇ,
2482 1548 2604 1603 οὔτε
2623 1548 2767 1621 λιμῷ
2784 1549 3115 1623 διαφθερεῖς,
3140 1551 3246 1616 ἓως
3272 1551 3338 1606 ἂν
3364 1553 3477 1624 εἰδῇ
3507 1552 3607 1624 τὴν
3629 1552 3804 1617 ὅντως

2127 1635 2347 1704 τροφήν.
2385 1633 2547 1689 Ἀλλά
2590 1638 2725 1689 πᾶσι
2757 1636 2969 1701 τούτοις
3005 1638 3056 1690 οἰ
3085 1637 3444 1703 πλουτοῦντές
3483 1641 3617 1693 εἰσιν
3658 1638 3805 1693 ἀλώ-

2132 1734 2310 1789 σιμοιο
2344 1719 2486 1774 ὥστε
2513 1721 2610 1775 καὶ
2641 1722 2781 1777 κατά
2807 1723 2966 1776 τοῦτο
2995 1723 3095 1777 οὐκ
3121 1722 3187 1777 ἀν
3211 1741 3297 1787 τις
3322 1714 3557 1796 ἁμάρτοι
3578 1725 3807 1791 τούτους
3862 1766 3865 1767 ν

2133 1805 2230 1875 μὲν
2261 1806 2501 1879 πένητας
2527 1807 2859 1880 προσειπὼν,
2888 1810 2983 1864 καὶ
3014 1811 3218 1882 σφόδρα
3248 1812 3506 1884 πένητας.
3536 1811 3807 1883 εὐπόρως

2129 1892 2186 1946 δὲ
2227 1893 2468 1959 ἐκείνους
2501 1895 2765 1967 ἀκριϐῶς.
2808 1898 2868 1949 '0
2896 1896 3005 1970 γὰρ
3035 1899 3127 1952 καὶ
3165 1899 3373 1970 τροφῆς
3397 1901 3492 1953 καὶ
3519 1899 3682 1953 ποτοῦ
3708 1901 3808 1955 καὶ

2130 1982 2308 2046 οἰκίας
2347 1984 2444 2037 καὶ
2485 1983 2845 2048 ἀναπαύσεως
2890 1987 3170 2057 πανταχοῦ
3199 1986 3494 2058 δυνάμενος
3526 1988 3804 2060 εὐπορεῖν,

2131 2070 2227 2124 καί
2266 2073 2329 2125 οὐ
2364 2072 2523 2142 μόνον
2566 2073 2640 2144 μὴ
2665 2069 2695 2110 ¹ι
2734 2072 2935 2136 ἀλύων,
2966 2073 3102 2128 ἀλλά
3145 2076 3241 2129 καὶ
3270 2076 3418 2147 ἥδιον
3446 2077 3503 2129 ἐν
3526 2075 3740 2139 τούτοις
3767 2077 3803 2146 ἢ

2132 2158 2291 2228 ὑμεῖς
2329 2162 2389 2213 ἐν
2427 2162 2542 2234 τοῖς
2590 2160 2877 2232 ὑμετέροις
2916 2162 3138 2229 διάγων,
3190 2161 3411 2234 εὔδηλον
3450 2164 3535 2217 ὅτι
3579 2164 3809 2217 πάντων

2133 2245 2286 2314 ὑμῶν
2307 2244 2416 2298 τῶν
2444 2231 2818 2301 πλουτούντων
2849 2247 2997 2302 ἐστὶν
3035 2231 3412 2322 εὐπορώτερος
3438 2250 3546 2304 τῶν
3581 2251 3676 2305 ἐπὶ
3703 2249 3809 2318 τῆς

2131 2333 2309 2397 οἰκίας
2351 2332 2520 2404 μόνης
2551 2333 2757 2388 τούτων
2798 2334 3113 2407 δυναμένων
3160 2336 3434 2408 εὐπορεῖν.
3479 2337 3641 2392 Ὅθεν
3682 2337 3807 2391 οὐδὲ

2134 2420 2322 2475 πενίαν
2351 2415 2492 2474 οἶδεν
2520 2422 2727 2486 ἐκεῖνος
2755 2421 3027 2494 θρηνῆσαί
3063 2439 3215 2477 ποτε.
3244 2425 3380 2478 Οὐδέ
3410 2423 3518 2497 γάρ
3541 2427 3609 2495 τῇ
3637 2424 3809 2494 ἀφθο-

2132 2511 2221 2584 νίᾳ
2252 2513 2409 2582 μόνον
2436 2504 2591 2576 οὗτος
2614 2514 2643 2566 ό
2672 2513 2900 2577 πλοῦτος
2930 2512 3175 2584 βελτίων,
3209 2514 3333 2568 οὐδέ
3352 2517 3421 2586 τῇ
3455 2515 3637 2586 ⁴ἡδονῇ,
3664 2514 3808 2568 ἀλλά

2132 2601 2228 2654 καὶ
2256 2599 2335 2672 τῷ
2357 2600 2627 2664 ἀνάλωτος
2659 2597 2816 2668 εἶναι,
2849 2603 2944 2655 καὶ
2970 2602 3051 2665 εἰς
3084 2603 3360 2672 πτωχείαν
3385 2603 3461 2674 μὴ
3483 2601 3808 2674 μεταϐαλεῖν

2132 2704 2285 2751 ποτε,
2328 2687 2460 2759 μηδὲ
2497 2687 2814 2742 ὑποκεῖσθαι
2847 2687 2924 2759 τῷ
2952 2687 3045 2742 τοῦ
3081 2689 3369 2759 μέλλοντος
3414 2690 3594 2761 ἀδήλῳ
3612 2733 3627 2754 ,
3665 2692 3806 2761 μηδὲ

2134 2777 2421 2847 φροντίδας
2448 2776 2612 2847 ἔχειν,
2645 2776 2779 2848 μηδέ
2811 2775 3076 2849 βασκανίᾳ
3093 2777 3430 2850 χειροῦσθαι.
3460 2778 3597 2832 ἀλλά
3618 2778 3805 2850 θαῦμα

2133 2864 2226 2918 καὶ
2257 2865 2478 2918 ἔπαινον
2522 2864 2615 2918 καὶ
2642 2864 2918 2935 εὐφημίαν
2953 2864 3254 2938 κεκτῆσθαι
3289 2867 3490 2921 πᾶσαν
3527 2865 3701 2920 καίτοι
3734 2881 3802 2933 γε

2132 2952 2217 3021 ἐφ’
2241 2953 2396 3025 ὑμῶν
2429 2952 2738 3006 τούναντίον
2760 2952 2907 3006 ἐστιν
2939 2953 3084 3008 ἰδεῖν.
3119 2953 3193 3025 Οὐ
3218 2953 3327 3026 γὰρ
3350 2954 3509 3025 μόνον
3528 2954 3671 3024 ὑμᾶς
3702 2954 3805 3007 οὐκ

2133 3038 2417 3093 ἐπαινοῦσι
2455 3038 2544 3092 6:0
2569 3038 2661 3092 τὸν
2700 3038 2949 3103 πλοῦτον,
2989 3038 3124 3094 ἀλλά
3154 3040 3249 3093 καὶ
3291 3039 3511 3112 μισοῦσι
3542 3040 3636 3095 καὶ
3663 3041 3805 3093 ἀπο-

2134 3126 2459 3198 στρέφονται
2490 3126 2583 3179 καὶ
2614 3125 2966 3196 βασκαίνουσι
2998 3125 3055 3180 δὲ
3087 3127 3215 3198 ὑμῖν
3238 3128 3333 3180 καὶ
3365 3126 3809 3183 ἐπιϐουλεύουσιν

2132 3216 2181 3269 οἰ
2206 3214 2410 3269 πολλοίο
2432 3205 2586 3277 οὗτος
2611 3213 2667 3267 δὲ
2692 3213 2877 3285 ἐπειδὴ
2899 3214 3118 3267 πλουτεῖ
3142 3213 3372 3269 πλοῦτον
3386 3214 3477 3269 τὸν
3498 3214 3694 3286 ἀληθῆ,
3718 3215 3812 3269 6:0

2132 3300 2289 3355 τοῦτο
2336 3300 2673 3372 θαυμάζεται
2715 3299 2948 3371 μάλιστα
2967 3341 2981 3366 ,
3018 3301 3114 3355 καὶ
3139 3301 3230 3356 6:0
3253 3301 3413 3357 10610
3440 3303 3501 3356 οὐ
3530 3304 3812 3372 φθονεῖται

2133 3388 2256 3441 οὐδὲ
2290 3385 2719 3441 ἐπιϐουλεύεται.
2750 3385 2892 3439 Ἀλλ’
2931 3387 3038 3459 ἄρα
3070 3389 3207 3459 πρὸς
3246 3388 3455 3456 ὑγίειαν
3484 3388 3566 3451 τίς
3609 3390 3808 3459 ἐπιτη-

2133 3474 2302 3529 δειότε
2312 3491 2429 3545 ρος;
2450 3473 2546 3544 οὐχ
2574 3474 2602 3525 ὁ
2633 3473 2730 3543 μέν
2751 3474 2956 3527 ἐκεῖνον
2984 3473 3121 3544 έχων
3151 3474 3404 3546 καθάπερ
3425 3474 3492 3528 10
3514 3475 3681 3545 ἄγρια
3697 3475 3811 3527 τῶν

2134 3560 2288 3626 ζώων
2316 3559 2731 3630 εὐσωματείκαί
2756 3561 2978 3632 σφριγᾷ,
2993 3559 3087 3613 ἆτε
3113 3561 3271 3632 ἀέρος
3301 3560 3586 3615 ἀπολαύων
3603 3563 3619 3600 ί
3638 3560 3810 3614 καθα-

2139 3646 2231 3719 ροῦ
2271 3647 2364 3700 καὶ
2397 3647 2655 3717 ναμάτων
2707 3646 2961 3715 ὑγιεινῶν
2981 3648 3075 3701 καὶ
3094 3647 3268 3701 ἀνθῶν
3291 3648 3384 3702 καὶ
3405 3646 3685 3718 λειμώνων
3709 3647 3811 3700 καὶ

2135 3734 2366 3798 εὐωδίας
2397 3733 2752 3804 εἰλικρινοῦς,
2786 3727 2940 3798 0610;
2975 3734 3030 3787 δὲ
3076 3733 3193 3806 [65]
3232 3732 3423 3806 ῶσπερ
3460 3735 3518 3787 ἐν
3560 3733 3812 3805 βορϐόρῳ

2136 3823 2405 3895 κείμενος,
2442 3823 2827 3895 μαλακώτερός
2853 3824 2915 3877 τέ
2938 3825 3055 3877 ἐστι
3083 3824 3178 3877 καὶ
3208 3823 3407 3896 μᾶλλον
3429 3824 3712 3887 ἐπίνοσοςς
3743 3825 3811 3877 Εἰ

2135 3912 2192 3964 δὲ
2216 3914 2273 3964 ἐν
2292 3910 2471 3982 ὑγιείᾳ
2487 3911 2556 3965 10
2576 3914 2819 3983 πρωτεῖα
2837 3910 2990 3982 παρά
3010 3911 3204 3983 τούτῳ,
3227 3911 3469 3983 δηλονότι
3491 3910 3587 3964 καὶ
3605 3912 3663 3963 ἐν
3684 3910 3814 3981 ἡδο-

2136 4001 2223 4069 νῇ.
2259 3999 2395 4053 Τίνα
2420 3999 2529 4071 γὰρ
2566 4000 2668 4052 οἴει
2707 3999 2906 4070 μᾶλλον
2935 4001 3168 4071 τρυφᾷν,
3211 3998 3301 4052 τὸν
3335 4000 3427 4052 ἐπὶ
3458 3997 3678 4068 βαθείας
3705 4014 3814 4051 κα-

2135 4086 2528 4158 τακεκλιμένον
2582 4086 2741 4150 πόας,
2787 4085 2939 4157 παρά
2979 4089 3161 4158 πηγὴν
3208 4085 3478 4157 καθαράν,
3507 4084 3613 4138 ὐπὸ
3647 4085 3814 4138 σκιὰν

2137 4176 2371 4248 δένδρων
2428 4174 2783 4248 ἀμφιλαφῶν,
2854 4176 2950 4231 καὶ
2985 4176 3077 4230 τὸν
3112 4175 3389 4247 ὀφθαλμὸν
3435 4173 3702 4229 ἑστιῶντα
3741 4177 3812 4246 τῇ

2140 4264 2257 4336 θέᾳ,
2300 4263 2395 4318 καὶ
2437 4263 2826 4336 καθαρωτέραν
2871 4262 3061 4334 ἔχοντα
3088 4262 3182 4316 106
3217 4261 3446 4335 οὐρανοῦ
3479 4262 3575 4333 τὴν
3607 4261 3813 4333 ψυχὴν,

2138 4353 2235 4407 καὶ
2275 4354 2522 4425 ταραχῆς
2568 4354 2664 4406 κα)⁸
2705 4350 2936 4424 θορύϐου
2970 4351 3159 4424 πόρρω
3186 4351 3522 4423 καθήμενον,
3557 4350 3591 4422 ἢ
3625 4350 3719 4403 τὸν
3749 4351 3813 4402 ἐν

2137 4445 2366 4516 οἰκίσκῳ
2389 4443 2915 4515 κατακεκλεισμένον
2935 4461 2949 4511 ;
2978 4444 3053 4497 υύ
3077 4443 3185 4514 γάρ
3205 4442 3269 4514 δὴ
3283 4442 3377 4496 τοῦ
3397 4441 3556 4513 ἀέρος
3575 4441 3642 4495 τὰ
3667 4441 3815 4513 μάρ-

2142 4550 2292 4603 μαρα
2319 4529 2699 4603 καθαρώτερα,
2721 4530 2841 4584 οὐδέ
2868 4530 2968 4599 τῆς
3000 4531 3158 4593 σκιᾶς
3177 4530 3277 4600 τῆς
3305 4528 3414 4584 ἀπὸ
3447 4528 3554 4583 τῶν
3577 4528 3815 4599 δένδρων

2137 4623 2171 4692 ἡ
2195 4620 2303 4674 ἀπὸ
2341 4621 2440 4692 τῆς
2491 4620 2696 4690 ὀροφῆς
2723 4618 2904 4690 ἡδίων,
2932 4617 3055 4672 οὐδὲ
3098 4619 3130 4687 ἡ
3160 4616 3332 4688 ψηφὶς
3364 4617 3592 4687 ἐδάφους
3622 4615 3813 4669 ἄνθεσι

2140 4708 2616 4778 καλλωπιζομένου
2641 4707 2927 4771 ποικίλοις.
2964 4707 3077 4760 Καὶ
3108 4706 3311 4760 τούτων
3350 4706 3529 4761 αὐτῶν
3557 4706 3714 4776 ὑμεῖς
3757 4705 3811 4756 οἱ

2141 4795 2494 4859 πλουτοῦντες
2523 4795 2817 4867 μάρτυρες,
2853 4788 2933 4857 οἷς
2961 4795 3014 4848 εί
3034 4813 3099 4864 γε
3127 4794 3255 4864 ἐνῆν
3288 4795 3381 4849 ἐπὶ
3404 4794 3515 4847 τῶν
3544 4792 3813 4863 ὑπερῴων

2138 4883 2330 4953 δένδρα
2357 4882 2522 4953 ἐχειν,
2562 4882 2656 4935 καὶ
2690 4882 2788 4952 τὴν
2820 4881 2928 4934 ἀπὸ
2970 4880 3079 4934 τῶν
3122 4879 3402 4951 λειμώνων
3433 4878 3809 4950 παραμυθίαν,

2143 4971 2343 5043 μᾶλλον
2373 4970 2439 5024 ἂν
2467 4968 2702 5022 εἵλεσθεὶ
2742 4970 2842 5038 τῆς
2868 4968 3066 5040 στέγης
3093 4970 3194 5039 τῆς
3212 4967 3420 5040 χρυσῆς
3449 4967 3543 5021 καὶ
3570 4965 3675 5019 τῶν
3698 4964 3812 5017 τοί-

2140 5073 2252 5129 χων
2278 5056 2385 5109 τῶν
2415 5055 2762 5127 θαυμαστῶν.
2790 5056 2958 5108 Ὅταν
2987 5053 3116 5125 γοῦν
3144 5056 3207 5107 ἐκ
3235 5053 3443 5107 πολλῶν
3467 5053 3642 5105 πόνων
3670 5049 3814 5122 πρὸς

2140 5149 2320 5203 άνεσιν
2359 5147 2586 5209 ἑαυτοὺς
2631 5145 2847 5214 ἀφεῖναι
2888 5144 3300 5217 ἐπιθυμήσητε,
3340 5142 3517 5197 ταῦτα
3557 5141 3809 5210 ἀφέντες,

2142 5234 2276 5305 πρὸς
2308 5235 2492 5287 ἐκεῖνα
2534 5231 2799 5302 βαδίζετε.
2844 5231 2984 5285 Ἀλλ’
3029 5231 3169 5303 ὑπὲρ
3212 5230 3370 5300 δόξης
3406 5230 3536 5294 ἴσως
3568 5228 3809 5300 θρηνεῖς,

2138 5321 2238 5391 τῆς
2268 5318 2469 5389 πολλῆς
2501 5318 2715 5391 ἐκείνης
2742 5321 2836 5373 καί
2863 5318 3129 5391 μεγάλης,
3157 5316 3392 5389 οὐδαμοῦ
3416 5316 3443 5356 ι
3478 5312 3815 5386 φαινομένης

2209 5470 2230 5537 ξ
2257 5473 2367 5537 Duo
2388 5486 2503 5537 mss.
2529 5474 2577 5522 ὲν
2608 5472 2810 5537 οὐρανῷ.

2204 5535 2231 5574 8
2257 5534 2388 5583 Fort.
2407 5536 2504 5583 16v.

2203 5592 2231 5632 h
2252 5598 2330 5654 Μή
2352 5599 2497 5645 deest
2521 5595 2570 5644 in
2605 5596 2794 5644 duobus
2829 5608 2943 5643 mss.
2974 5593 3107 5642 Infra
3148 5591 3299 5642 Savil.
3339 5593 3415 5642 ἐπὶ
3434 5598 3520 5652 τῆς
3554 5590 3707 5654 οἰκίας
3727 5587 3815 5654 (qd

2141 5669 2296 5718 marg.
2312 5650 2515 5719 οἰκείας)
2537 5658 2674 5719 μόνος
2692 5657 2872 5703 τούτων
2908 5657 3176 5719 δυναμένων
3191 5718 3197 5719 7
3212 5655 3442 5718 εὐπορεῖν,
3468 5650 3520 5719 ἐξ
3539 5650 3813 5719 sic_M'ore_l.

2141 5721 2224 5780 qui
2248 5712 2398 5780 habet
2416 5712 2606 5780 οἰκείας.
2631 5717 2742 5765 Ι)υο
2752 5730 2876 5780 juss.
2903 5718 2980 5765 ἐπὶ
3004 5712 3256 5780 τῖῆςγοὶκίας
3275 5712 3588 5780 μόνηςξταῦτα

2141 5775 2235 5843 νων
2254 5778 2418 5843 εὑρεῖν.
2447 5779 2601 5843 Paulo
2621 5784 2731 5843 post
2751 5775 2899 5826 iidem
2920 5792 3034 5827 mss.
3059 5779 3113 5826 οὐ
3134 5781 3223 5843 γὰρ
3245 5775 3302 5835 δὴ
3323 5783 3380 5840 τῇ
3409 5779 3518 5841 ἀφθ.

2210 5840 2227 5880 ί
2252 5839 2361 5891 υὺο
2386 5853 2502 5888 mss.
2523 5839 2836 5888 ἀπολαύοντα.

2211 5915 2225 5955 ι
2256 5901 2337 5951 Sic
2354 5915 2526 5951 omnes
2549 5906 2729 5963 praeter
2746 5901 3066 5963 edig.Morel.,
3088 5915 3199 5963 quze
3219 5900 3371 5952 habet
3391 5902 3559 5963 εἴχετε.

2208 5967 2232 6002 ει
2261 5963 2394 6013 Unus
2416 5965 2523 6013 cod.
2550 5958 2632 6037 ’ὡς
2648 5962 2879 6033 οὐδαμοῦ,
2910 5969 2965 6037 οι
2984 5958 3070 6035 ης»ἰὰ
3108 5958 3256 6016 Sam.
3288 5963 3336 6013 in
3376 5958 3528 6025 ιηέιῖε.
3562 5958 3689 6012 Infra
3710 5959 3820 6011 duo

2150 6039 2263 6074 mss.
2292 6028 2708 6074 καταπεπτωκέναι
2730 6040 2806 6071 σοι
2826 6028 2906 6071 τὸν
2925 6028 3041 6072 υἱόν.
