4096 6392
347 378 413 432 37
1061 370 1427 430 ADVERSUS
1463 367 2006 427 OPPUCNATORES
2048 370 2229 427 VITA‘I
2269 372 2569 431 MONAST.
2601 376 2728 431 LIB.
2772 376 2832 430 ll.

311 511 416 547 reas
437 533 450 555 ,
484 491 534 544 hi
552 491 637 560 qui
664 490 864 543 adstant
887 488 1105 556 hospites
1141 486 1379 554 impensis
1410 484 1575 555 parati
1614 493 1749 540 sunt.
1792 483 1889 537 ln-

310 585 421 636 tulit
453 584 637 654 quippe
656 584 707 635 in
738 582 832 634 hoc
858 582 1021 650 ipsum
1043 580 1305 649 pecuniam
1346 579 1593 647 ingentem
1647 577 1889 631 Simmias

315 675 605 729 Thebanus:
626 682 833 742 paratus
856 681 924 725 est
941 671 1092 726 Cebes
1119 686 1329 739 quoque,
1349 670 1438 722 alii
1456 670 1573 722 item
1596 669 1757 722 multi.
1780 666 1891 721 Ita-

308 784 421 836 que,
453 778 506 819 ut
530 776 676 819 antea
698 765 943 829 dicebam,
964 764 1107 818 nullo
1134 763 1312 816 horum
1341 772 1472 814 metu
1497 766 1689 831 fractus
1711 801 1724 824 ,
1749 758 1889 813 salu~

305 871 400 912 tem
420 876 542 912 cura
566 869 722 911 tuam.
756 857 933 927 Neque
957 872 1071 910 vero
1089 854 1160 919 id,
1192 855 1328 924 quod
1358 856 1410 907 in
1429 854 1628 923 judicio
1650 852 1847 906 dicebas
1866 895 1881 917 ,

306 951 582 1003 molestiam
610 949 696 1001 tibi
713 948 897 1017 pariat,
917 947 1051 1015 quod
1077 947 1264 1000 scilicet
1291 946 1543 1014 profectus
1563 961 1662 997 non
1684 942 1889 997 haberes

303 1060 399 1111 quo
417 1042 628 1111 teipsum
647 1051 876 1094 vertercs.
905 1038 1079 1092 Multis
1093 1038 1223 1091 enim
1239 1045 1282 1089 et
1298 1037 1411 1090 aliis
1425 1037 1474 1089 in
1491 1036 1631 1099 locis,
1648 1051 1890 1105 quocum-

302 1152 398 1203 que
418 1136 757 1205 proﬁciscare,
787 1135 1028 1185 amabunt
1048 1141 1093 1184 te
1114 1131 1338 1201 plurimi.
1370 1129 1465 1183 Sin
1499 1140 1667 1182 autem
1687 1128 1806 1181 velis
1835 1129 1888 1181 in

308 1227 617 1281 Thessaliam
633 1245 858 1298 pergere,
879 1236 995 1279 sunt
1026 1226 1149 1278 mihi
1173 1225 1397 1295 plerique
1412 1224 1515 1277 illic
1537 1224 1776 1293 hospites,
1803 1221 1889 1294 qui

304 1330 351 1373 te
368 1321 570 1388 plurimi
588 1322 788 1392 facient,
807 1330 853 1373 et
870 1328 1029 1371 tutum
1045 1318 1246 1371 omnino
1260 1314 1592 1385 prwstabunt:
1607 1316 1678 1367 sic
1694 1323 1747 1366 ut
1760 1312 1889 1365 nihil

304 1413 389 1464 tibi
406 1413 457 1465 in
473 1410 735 1465 Thessalia
752 1411 895 1464 desit.
916 1409 1052 1477 Quid
1066 1410 1163 1464 hac
1174 1408 1442 1476 Opulentia
1451 1405 1733 1476 jucundius
1749 1404 1772 1458 ’Ξ
1789 1405 1889 1459 Vc-

305 1517 419 1554 rum
434 1501 547 1555 haec
558 1500 793 1570 quidem,
807 1508 866 1552 ut
879 1498 945 1553 ad
961 1498 1270 1553 srecularem
1302 1496 1571 1550 hominem
1590 1496 1696 1549 sint
1723 1494 1886 1548 dicta.

304 1594 455 1660 Quod
484 1594 527 1647 si
556 1592 715 1647 modo
739 1591 806 1646 ad
838 1589 1225 1661 philosophiam
1251 1587 1730 1643 accommodatiore
1757 1601 1887 1654 Opes

304 1687 568 1740 discutere
587 1684 813 1738 velimus
834 1724 848 1747 ,
882 1691 936 1737 tu
965 1681 1192 1737 fortasse
1241 1696 1345 1735 non
1375 1679 1675 1749 assequeris
1726 1678 1885 1733 intel-

304 1777 446 1830 lectu
470 1817 484 1839 ,
512 1775 642 1829 mihi
668 1784 842 1828 tamen
871 1783 1087 1843 propter
1105 1771 1315 1842 judices
1342 1770 1646 1826 necessario
1700 1770 1886 1825 dicen-

304 1867 430 1921 dum
461 1874 560 1920 est.
591 1866 774 1920 Tanta:
815 1866 957 1919 enim
1003 1873 1129 1919 sunt
1168 1862 1378 1917 virtutis
1431 1878 1593 1931 opes,
1647 1861 1887 1929 adeoque

305 1958 495 2012 vestris
520 1956 788 2011 dulciores
815 1966 867 2010 et
897 1955 1269 2024 optabiliores,
1304 1964 1361 2008 ut
1407 1955 1494 2023 qui
1554 1955 1648 2008 has
1687 1954 1886 2008 habue-

305 2050 409 2103 rint
430 2064 498 2103 nc
520 2049 820 2103 universam
848 2046 1061 2117 quidem
1090 2054 1281 2101 terram
1302 2087 1316 2111 ,
1347 2045 1553 2100 etiamsi
1581 2046 1668 2099 illa
1697 2060 1884 2099 aurum

310 2141 460 2193 tieret
486 2154 607 2193 cum
639 2138 943 2203 montibus,
1000 2137 1132 2191 mari
1163 2147 1217 2191 et
1265 2136 1605 2202 ﬂuminibus,
1643 2150 1884 2190 commu-

307 2242 415 2285 tare
440 2246 559 2285 cum
586 2230 690 2285 illis
717 2230 1000 2284 voluerint.
1031 2230 1100 2283 At
1128 2230 1171 2283 si
1202 2227 1256 2282 id
1298 2228 1415 2282 ﬁeri
1469 2238 1688 2297 posset,
1721 2243 1886 2296 expc-

305 2323 528 2376 rimento
595 2332 740 2376 certe
786 2321 1062 2376 didicisses
1109 2334 1208 2374 nos
1248 2334 1353 2373 non
1403 2319 1674 2389 iactantiae
1723 2318 1883 2374 verba

304 2414 443 2482 loqui
477 2431 490 2464 :
523 2414 614 2467 sed
645 2413 874 2482 majores
899 2426 1108 2482 quoque
1135 2412 1210 2465 illi
1238 2410 1451 2465 divitias
1478 2411 1619 2465 nacti
1660 2425 1883 2480 sperne-

303 2513 418 2559 rent
446 2514 498 2561 et
529 2520 813 2575 numquam
844 2519 1065 2574 prorsus
1093 2518 1214 2558 cum
1260 2502 1375 2557 istis
1413 2502 1530 2557 illas
1580 2510 1883 2557 commuta-

301 2604 436 2649 rent.
465 2596 530 2651 Et
555 2596 680 2666 quid
719 2610 819 2666 ego
847 2595 1000 2660 dico,
1027 2595 1457 2650 commutarcnt?
1486 2610 1554 2649 ne
1602 2610 1723 2649 cum
1777 2594 1883 2650 illis

300 2690 513 2759 quidem
544 2690 642 2744 has
664 2689 861 2744 habere
882 2689 1101 2743 vellent.
1128 2689 1283 2743 Certe
1322 2689 1366 2742 si
1394 2688 1513 2758 quis
1559 2687 1712 2742 vobis
1758 2702 1880 2742 cum

303 2781 543 2851 pecuniis
572 2781 785 2835 virtutis
813 2780 1080 2834 conferret
1100 2793 1251 2848 opes,
1284 2778 1488 2848 supinis
1511 2791 1604 2832 eas
1638 2778 1883 2832 manibus

301 2874 672 2942 susciperetis:
702 2873 836 2925 adeo
862 2871 963 2940 ipsi
998 2885 1208 2940 quoque
1234 2885 1325 2924 eas
1346 2869 1556 2923 divitias
1578 2879 1634 2922 et
1660 2882 1880 2939 magnas

302 2977 354 3021 et
379 2965 715 3020 admirabiles
744 2979 862 3019 esse
893 2963 1239 3019 conﬁtemini.
1268 2965 1335 3015 At
1382 2961 1435 3015 hi
1490 2977 1556 3016 ne
1596 2976 1718 3016 cum
1770 2960 1883 3015 suis

301 3058 513 3127 quidem
544 3072 672 3126 opes
692 3064 896 3110 vestras
920 3053 1115 3109 habere
1155 3054 1454 3119 voluerint,
1485 3051 1556 3105 ita
1607 3067 1717 3105 rem
1760 3065 1880 3106 esse

301 3147 652 3218 spernendam
684 3154 899 3201 norunt.
931 3145 1103 3216 Atque
1136 3143 1236 3199 hoc
1262 3145 1432 3212 ipsum
1462 3157 1649 3197 rursus
1694 3158 1879 3197 exem-

304 3240 404 3307 plis
432 3238 623 3293 vestris
653 3238 989 3307 perspicuum
1017 3235 1233 3290 faciam.
1256 3235 1518 3302 Quantum
1548 3235 1689 3287 enim
1723 3249 1877 3303 pecu-

302 3334 505 3386 niarum
531 3330 888 3386 Alexandrum
923 3329 1141 3399 Diogeni
1167 3328 1413 3381 daturum
1438 3326 1600 3381 fuisse
1624 3338 1808 3396 putas,
1834 3325 1879 3380 si

299 3425 511 3495 quidem
540 3423 627 3478 ille
656 3423 911 3477 voluisset
939 3419 1220 3489 accipere?
1250 3419 1343 3472 llle
1394 3433 1521 3472 vero
1580 3417 1768 3472 noluit.
1801 3418 1874 3471 At

300 3515 605 3571 Alexander
631 3514 833 3568 viribus
866 3514 995 3567 totis
1014 3512 1367 3566 contendebat
1389 3552 1404 3576 ,
1436 3519 1731 3577 cunctaque
1764 3522 1879 3561 mo—

300 3610 545 3673 liebatur,
574 3617 631 3662 ut
656 3607 722 3661 ad
752 3605 906 3674 hujus
934 3604 1143 3659 divitias
1166 3603 1381 3673 propius
1411 3602 1704 3655 accederet.

368 3702 423 3756 5.
466 3700 564 3767 Qui
587 3699 758 3752 omnia
785 3697 996 3766 despicit
1020 3711 1132 3749 uere
1169 3696 1325 3748 dives.
1357 3723 1426 3733 —
1461 3692 1625 3746 Visne
1666 3691 1879 3749 aliunde

299 3807 505 3863 quoque
533 3800 590 3846 et
618 3799 764 3844 tuam
789 3788 1051 3858 inopiam.
1078 3796 1131 3841 et
1166 3786 1256 3840 ﬁlii
1287 3784 1359 3839 tui
1406 3799 1537 3854 opes
1583 3799 1876 3853 cognosce-

300 3883 394 3937 re?
422 3883 573 3935 Illum
603 3881 720 3945 adi,
750 3880 978 3949 ejusque
1008 3878 1220 3947 pallium
1240 3917 1257 3943 ,
1288 3876 1427 3946 quod
1459 3876 1628 3930 solum
1688 3876 1875 3937 habet,

301 3974 373 4027 illi
399 3972 577 4026 aufer:
610 3971 745 4027 educ
771 3971 897 4025 item
933 3985 999 4023 ex
1025 3970 1278 4032 latibulo,
1334 3967 1555 4037 ejusque
1608 3969 1876 4033 tugurium

299 4065 544 4119 destrue:
580 4078 649 4117 ne
675 4063 752 4117 sic
775 4061 989 4132 quidem
1016 4075 1135 4115 eum
1185 4059 1542 4126 indignantem
1596 4067 1687 4110 aut
1734 4073 1877 4126 aegre

302 4157 556 4214 ferentem
584 4154 821 4220 videbis;
852 4168 1036 4209 verum
1067 4152 1159 4206 tibi
1183 4153 1370 4205 borum
1399 4151 1596 4219 gratias
1644 4149 1872 4215 reddet,

301 4257 549 4318 tantoque
599 4246 867 4314 majores,
920 4253 1118 4314 quanto
1161 4243 1329 4313 magis
1379 4257 1499 4296 eum
1530 4241 1596 4294 ad
1640 4240 1875 4309 philoso-

300 4340 474 4409 phiam
498 4337 761 4407 impellis:
791 4335 883 4390 tibi
913 4349 1041 4388 vero
1061 4334 1103 4387 si
1134 4333 1253 4402 quis
1277 4331 1360 4385 vel
1387 4330 1574 4385 decem
1598 4330 1877 4384 drachmas

299 4429 606 4494 abstulerit,
631 4427 841 4498 lugendi
870 4425 1301 4492 lamentandique
1328 4422 1486 4475 tinem
1531 4436 1638 4475 non
1695 4421 1874 4475 facies.

301 4521 428 4576 Uter
453 4535 581 4590 ergo
607 4519 755 4573 dives
775 4515 1158 4572 existimandus
1183 4515 1287 4569 est?
1314 4513 1429 4567 isne
1446 4513 1538 4582 qui
1572 4512 1655 4566 vel
1687 4511 1754 4566 de
1780 4513 1880 4566 mi-

300 4613 459 4666 nimis
479 4610 836 4673 excruciatur,
857 4624 923 4661 an
942 4608 1033 4676 qui
1053 4606 1229 4660 omnia
1250 4603 1404 4659 simul
1422 4603 1669 4672 despicit?
1695 4602 1878 4672 Neque

300 4707 349 4759 id
382 4715 582 4759 tantum
606 4702 801 4767 facias,
834 4715 1017 4754 verum
1050 4714 1115 4752 ex
1145 4706 1249 4751 tota
1298 4696 1514 4765 regione
1557 4696 1779 4749 exturba
1816 4695 1879 4748 il-

301 4800 521 4853 lumzet
542 4796 801 4850 ridentem
849 4791 1059 4847 videbis
1113 4790 1262 4860 quasi
1307 4788 1374 4843 de
1422 4788 1640 4842 ludente
1686 4802 1874 4857 puero.

300 4892 374 4944 'l‘e
404 4904 531 4944 vero
564 4888 607 4941 si
640 4888 759 4956 quis
783 4900 848 4939 ex
894 4882 1065 4953 patria
1111 4882 1281 4934 solum
1310 4879 1582 4944 exturbct,
1610 4878 1879 4932 acerbissi-

300 4997 382 5037 ma
414 4979 628 5051 patieris
648 5020 663 5045 ,
690 4991 863 5046 neque
891 4974 1032 5029 illam
1065 4972 1415 5027 calamitatem
1461 4969 1598 5023 ferre
1642 4968 1874 5037 poteris:

299 5074 390 5128 ille
417 5082 591 5125 autem
612 5111 627 5136 ,
660 5068 857 5138 quippe
887 5076 1044 5120 terra:
1076 5063 1341 5131 marisque
1372 5060 1650 5123 dominus,
1684 5058 1755 5111 ita
1796 5057 1876 5110 ia—

300 5167 400 5221 cile
428 5176 482 5219 et
521 5164 638 5218 sine
668 5173 899 5216 mturare
941 5172 1005 5210 ex
1052 5155 1135 5208 his
1164 5155 1295 5208 locis
1321 5154 1336 5183 ¹
1366 5151 1430 5205 ad
1456 5152 1557 5204 alia
1609 5149 1874 5219 migrabit,

302 5268 359 5312 ut
408 5266 462 5310 tu
510 5254 639 5309 facis
685 5266 806 5307 cum
866 5265 961 5319 per
980 5261 1135 5317 agros
1159 5254 1278 5300 tuos
1305 5241 1670 5303 ineedis,imo
1717 5241 1877 5295 etiam

258 5350 529 5423 ‘facilius.
557 5347 689 5401 Nam
714 5344 807 5398 tibi
833 5342 932 5397 etsi
984 5355 1080 5410 per
1106 5348 1194 5393 tua
1245 5336 1496 5391 incedere
1547 5334 1737 5398 liceat,
1782 5348 1880 5401 per

302 5444 471 5497 ahena
498 5450 675 5494 tamen
731 5434 1038 5491 necessario
1082 5429 1432 5485 incedendum
1481 5437 1565 5483 est
1603 5438 1701 5480 :at
1748 5439 1879 5480 vero

304 5547 499 5590 teriam
540 5534 627 5586 ille
678 5543 890 5584 omnem
943 5540 1094 5581 suam
1125 5522 1468 5585 obambulat,
1495 5519 1651 5588 eique
1697 5526 1878 5587 potum

304 5628 534 5695 nudique
580 5623 935 5692 largissimum
982 5615 1324 5688 suppeditant
1378 5622 1602 5681 stagna,
1656 5623 1877 5675 amnes,

306 5717 478 5771 fontes
506 5732 519 5769 :
547 5715 697 5769 cibus
725 5712 821 5782 ipsi
853 5718 978 5765 sunt
1001 5709 1184 5772 olera,
1225 5705 1437 5765 herlue,
1489 5716 1652 5770 panes
1699 5699 1878 5754 multis

369 5830 387 5861 ί
422 5835 472 5877 tn
494 5825 658 5876 alorci.
684 5832 867 5876 tantum
890 5822 1068 5873 desunt
1089 5818 1267 5879 verba,
1292 5829 1355 5868 ex
1378 5814 1451 5864 his

3469 379 3575 435 53:3

1996 499 2061 538 ex
2095 483 2223 539 locis
2251 487 2479 543 advecti.
2511 488 2754 544 Nondum
2786 492 2926 547 enim
2955 492 3005 547 id
3034 492 3153 548 dico
3172 536 3185 559 ,
3213 493 3354 565 quod
3376 503 3571 551 terram

1994 575 2108 643 ipse
2151 591 2363 632 omnem
2406 593 2737 650 aspernetur,
2765 581 2968 637 habens
3008 583 3273 638 civitatem
3314 586 3569 640 cmlum‘.

1995 666 2146 733 Quod
2171 668 2214 720 si
2246 669 2578 724 moriendum
2607 670 2799 736 fuerit,
2823 672 2994 728 laetius
3022 674 3154 728 feret
3181 676 3384 731 obitum
3411 693 3571 746 quam

1993 758 2214 814 delicias
2256 771 2491 829 vestras,
2546 777 2610 818 ac
2638 765 3049 834 prmoptabitita
3074 766 3423 837 mori,quam
3478 784 3572 822 vos

1993 852 2046 905 in
2075 855 2239 920 patria
2268 867 2320 909 et
2348 857 2526 912 lecto:
2560 859 2631 912 ita
2660 868 2716 914 ut
2762 860 2851 915 ille
2881 876 3005 916 vere
3033 862 3301 932 sitvagus,
3323 861 3571 934 fugitivus

1993 953 2047 999 et
2076 946 2439 1015 palabundus,
2466 951 2554 1021 qui
2582 952 2765 1007 urbem
2791 953 2973 1008 incolit
2999 963 3049 1010 et
3081 955 3132 1009 in
3154 956 3313 1011 domo
3347 956 3568 1021 habitat,

1993 1052 2095 1090 non
2113 1048 2290 1095 autem
2303 1037 2392 1107 qui
2410 1042 2492 1098 his
2501 1043 2749 1098 omnibus
2762 1043 2896 1100 liber
2910 1046 3098 1100 evasit.
3112 1046 3407 1117 Numquam
3428 1049 3568 1102 enim

1992 1128 2138 1181 illum
2162 1125 2232 1180 de
2253 1124 2424 1195 patria
2450 1135 2650 1191 poteris
2674 1135 2901 1191 educere
2919 1178 2935 1203 ,
2955 1137 3056 1191 nisi
3077 1153 3198 1193 eum
3225 1154 3292 1194 ex
3320 1140 3567 1194 universa

1993 1228 2132 1274 terra
2153 1219 2430 1290 dejeceris.
2460 1221 2537 1279 Ita
2566 1226 2707 1281 enim
2757 1228 2969 1283 interim
3008 1230 3323 1300 loquamur:
3358 1247 3481 1287 nam
3525 1232 3569 1285 si

1992 1325 2115 1365 vere
2142 1311 2461 1381 loquendum
2479 1319 2567 1383 sit,
2596 1326 2721 1374 tunc
2748 1335 2871 1375 eum
2904 1324 3132 1377 maxime
3156 1324 3206 1377 in
3229 1324 3452 1393 patriam
3481 1340 3570 1380 re-

1990 1403 2189 1467 mittes,
2210 1420 2331 1459 cum
2346 1422 2409 1460 ex
2429 1417 2567 1463 terra
2584 1410 3097 1468 deduxeris.Verum
3126 1415 3177 1470 id
3228 1415 3462 1472 nondum
3503 1418 3569 1472 ad

1990 1501 2042 1547 te
2066 1496 2366 1566 loquemur,
2391 1500 2477 1569 qui
2509 1501 2719 1556 nonnisi
2744 1518 2805 1558 ea
2831 1521 2950 1575 quae
2978 1507 3150 1561 oculis
3174 1509 3571 1578 perspiciuntur

1991 1588 2151 1641 nosti.
2195 1588 2377 1659 Neque
2408 1592 2604 1647 nudum
2646 1609 2769 1649 eum
2809 1598 3008 1666 poteris
3046 1599 3363 1666 ostendere,
3400 1600 3573 1657 donec

1991 1680 2202 1737 virtutis
2233 1683 2556 1741 indumentis
2585 1687 2808 1743 amictus
2838 1688 3015 1757 fuerit,
3042 1707 3216 1763 neque
3243 1693 3381 1750 fame
3409 1709 3568 1750 neca-

1988 1773 2092 1839 bis,
2132 1777 2383 1844 quamdiu
2412 1779 2499 1847 qui
2530 1782 2599 1834 sit
2626 1796 2785 1837 verus
2818 1782 2967 1839 cibus
3005 1786 3300 1855 agnoverit.
3341 1786 3447 1843 Sed
3484 1786 3572 1843 his

1991 1864 2239 1920 omnibus
2286 1866 2478 1924 divites
2521 1869 2675 1925 facile
2718 1873 3015 1943 capiuntur.
3069 1876 3422 1942 Quamobrem
3469 1877 3571 1933 hac

1988 1955 2196 2011 ratione
2225 1973 2328 2012 non
2360 1959 2658 2029 aberrabit,
2700 1963 2790 2032 qui
2832 1963 2929 2021 hos
2967 1966 3177 2036 quidem
3219 1983 3478 2037 pauperes
3506 1985 3570 2026 ac

1989 2064 2207 2117 prorsus
2237 2051 2421 2121 inopes
2462 2053 2692 2122 dixerit,
2735 2057 2855 2113 illos
2883 2068 3059 2113 autem
3090 2060 3375 2115 admodum
3418 2062 3566 2117 locu-

1989 2141 2177 2210 pletes.
2205 2142 2337 2198 Nam
2364 2146 2449 2200 cui
2476 2146 2644 2213 cibus,
2680 2158 2853 2217 potus,
2888 2150 3106 2215 domus,
3137 2153 3348 2223 requies
3372 2155 3569 2224 ubiqtte

1987 2232 2252 2301 suppetit,
2298 2249 2396 2288 nec
2443 2235 2603 2290 modo
2651 2253 2757 2292 non
2783 2240 2804 2270 ²
2835 2239 3057 2296 moleste
3096 2241 3229 2309 fert,
3270 2243 3364 2298 sed
3406 2247 3565 2298 etiam

1987 2321 2040 2376 in
2084 2323 2165 2377 his
2189 2324 2507 2393 jucundius,
2538 2342 2699 2397 quam
2724 2344 2820 2383 vos
2846 2330 2898 2384 in
2926 2331 3152 2397 vestris,
3178 2342 3457 2401 versatur;
3500 2336 3565 2399 is,

1988 2421 2048 2468 ut
2075 2414 2262 2485 liquet,
2289 2419 2595 2487 opulentior
2619 2429 2702 2475 est
2727 2423 2974 2478 omnibus
3003 2423 3154 2479 vobis
3177 2424 3449 2495 divitibus,
3479 2431 3568 2500 qui

1987 2506 2135 2563 domi
2166 2518 2366 2565 tantum
2398 2510 2513 2566 haec
2547 2512 2783 2569 invenire
2813 2516 3052 2583 potestis.
3083 2516 3342 2585 Quocirca
3373 2535 3474 2575 nec
3501 2522 3568 2576 de

1985 2597 2163 2669 inpia
2182 2600 2270 2656 ille
2295 2616 2541 2671 umquam
2564 2603 2780 2673 lugebit.
2798 2604 2982 2675 Neque
3003 2609 3142 2662 enim
3168 2625 3231 2664 ex
3262 2611 3359 2666 hac
3383 2627 3561 2667 rerum

1984 2692 2136 2760 copia
2166 2700 2219 2747 et
2248 2692 2519 2763 voluptate
2563 2703 2766 2749 tantum
2797 2696 2994 2751 divitiae
3025 2699 3138 2752 istae
3169 2702 3567 2769 praestantiores

1984 2790 2144 2842 sunt:
2173 2782 2267 2838 sed
2299 2784 2458 2838 etiam
2487 2785 2629 2855 quod
2655 2785 3043 2855 insuperabiles
3067 2789 3194 2855 sint,
3226 2806 3324 2846 nec
3350 2793 3401 2846 in
3432 2808 3563 2863 pau-

1985 2880 2247 2941 pertatem
2277 2888 2527 2943 umquam
2567 2875 2761 2931 cadere
2797 2878 3035 2946 possint,
3061 2894 3236 2948 neque
3267 2882 3332 2936 iis
3358 2883 3565 2951 praediti

1983 2960 2209 3032 subjecti
2236 2964 2343 3019 sint
2370 2965 2529 3019 futuri
2558 2965 2914 3022 incertitudini
2935 3010 2950 3034 ,
2977 2985 3082 3023 non
3113 2972 3256 3025 curis
3282 2984 3561 3043 angantur.

1986 3071 2095 3113 non
2140 3058 2305 3112 livore
2348 3059 2663 3128 capiantur;
2710 3059 2805 3115 sed
2834 3061 3241 3119 admirationem
3272 3080 3483 3121 omnem
3511 3078 3569 3121 et

1984 3148 2197 3203 laudem
2226 3158 2281 3203 et
2305 3147 2498 3203 famam
2528 3150 2822 3208 obtineant.
2854 3154 3013 3221 Atqui
3044 3154 3096 3208 in
3127 3156 3275 3209 vobis
3300 3161 3565 3213 contraria

1982 3239 2198 3308 penitus
2226 3239 2476 3295 videntur
2504 3259 2517 3294 :
2546 3258 2650 3297 non
2680 3244 2839 3298 modo
2869 3244 3009 3298 enim
3036 3261 3133 3301 vos
3161 3247 3249 3302 alii
3277 3250 3341 3303 de
3367 3250 3567 3305 divitiis

1983 3346 2088 3384 non
2117 3331 2367 3396 laudant,
2396 3332 2490 3387 sed
2517 3334 2676 3389 etiam
2706 3335 2934 3390 oderunt
2961 3347 3015 3392 et
3058 3349 3400 3408 aversantur,
3434 3342 3569 3396 illVIv

1981 3421 2110 3476 dent
2134 3421 2261 3476 item
2285 3424 2435 3479 vobis
2463 3432 2621 3495 atque
2654 3427 2971 3483 insidiantur
3000 3429 3207 3498 plurimi
3237 3449 3249 3486 :
3281 3431 3367 3487 hic
3386 3445 3564 3491 autem

1981 3513 2125 3583 quod
2149 3515 2290 3569 veris
2316 3514 2515 3571 divitiis
2545 3518 2782 3586 locuples
2808 3518 2897 3585 sit,
2926 3520 3046 3575 ideo
3072 3521 3301 3577 maxime
3328 3522 3562 3580 admira-

1982 3604 2113 3658 tioni
2141 3613 2244 3670 est,
2292 3620 2390 3660 nec
2429 3606 2623 3660 invidia
2655 3617 2748 3661 aut
2777 3608 2981 3663 insidiis
3010 3612 3295 3679 appetitur.
3328 3615 3409 3667 Ad
3439 3630 3563 3669 (τοι-⁴

1982 3698 2127 3767 poris
2151 3713 2281 3753 vero
2320 3698 2674 3753 valetudinem
2718 3708 2835 3756 uter
2872 3701 3087 3770 aptior?
3129 3719 3306 3758 nonne
3336 3705 3380 3765 is
3408 3720 3564 3776 agre-

1981 3791 2140 3843 stium
2170 3790 2341 3845 instar
2382 3791 2732 3846 animantium
2764 3802 2952 3861 vegeto
2981 3810 3206 3863 corpore
3234 3806 3316 3850 est
3336 3838 3350 3860 ,
3382 3806 3565 3866 utpote

1982 3880 2073 3947 qui
2109 3881 2400 3949 purissimo
2427 3881 2631 3936 fruatur
2658 3898 2800 3950 aere,
2833 3884 3043 3938 liuentis
3071 3886 3391 3955 salubribus,
3421 3887 3567 3943 ﬂori-

1982 3970 2100 4033 bus,
2126 3971 2311 4040 pratis,
2339 3972 2503 4026 odore
2521 3973 2863 4042 gratissimo;
2897 3974 2982 4028 hic
3006 3989 3135 4030 vero
3156 3977 3306 4045 quasi
3332 3977 3383 4031 in
3408 3993 3564 4034 emno

1976 4061 2181 4129 jacens,
2228 4070 2283 4116 et
2326 4063 2538 4117 mollior
2582 4074 2665 4117 est
2707 4071 2763 4119 et
2803 4063 3003 4119 morbis
3048 4065 3217 4135 magis
3260 4069 3565 4124 obuoxrus?

1981 4152 2131 4218 Quod
2161 4152 2204 4205 si
2251 4153 2302 4205 in
2349 4154 2574 4209 sanitate
2615 4153 2811 4222 primas
2844 4155 2932 4210 ille
2964 4163 3180 4222 teneat,
3211 4157 3263 4210 in
3296 4158 3564 4229 voluptate

1982 4258 2086 4296 non
2119 4244 2328 4309 minus,
2360 4255 2417 4297 ut
2456 4245 2637 4315 liquet.
2674 4246 2857 4301 Utrum
2889 4248 3029 4301 enim
3075 4250 3243 4317 magis
3286 4251 3562 4306 existimas

1982 4334 2034 4387 in
2061 4333 2266 4388 deliciis
2290 4349 2469 4403 agere,
2495 4351 2689 4391 eumne
2714 4338 2802 4405 qui
2828 4352 2989 4407 super
3016 4339 3272 4394 altissima
3300 4344 3563 4397 recumbit

1983 4426 2167 4491 herba,
2198 4442 2338 4497 pone
2368 4428 2564 4483 fontem
2593 4429 2869 4499 limpidum
2890 4472 2903 4495 ,
2932 4432 3032 4486 sub
3063 4432 3246 4487 umbra
3278 4435 3562 4490 densarum

1980 4518 2270 4582 arborum,
2313 4520 2632 4590 oculumque
2681 4523 2848 4590 pascit
2890 4534 3142 4593 aspectu,
3190 4526 3565 4598 purioremquc

1983 4611 2100 4679 ipso
2144 4612 2276 4665 ca-lo
2315 4611 2549 4665 animum
2583 4614 2852 4681 possidet,
2884 4629 2912 4666 a
2944 4630 3121 4670 rerum
3166 4619 3564 4686 perturbatione

1984 4717 2047 4755 ac
2070 4702 2297 4756 tumultu
2323 4703 2479 4772 longe
2503 4714 2774 4767 remotus;
2803 4719 2869 4758 an
2896 4720 3016 4760 eum
3038 4710 3128 4776 qui
3156 4708 3299 4762 domi
3330 4710 3564 4767 inclusus

1984 4795 2211 4849 manet?
2239 4795 2377 4850 Sane
2403 4812 2507 4849 non
2534 4812 2659 4851 aere
2687 4798 2899 4867 puriora
2929 4809 3052 4853 sunt
3082 4815 3365 4869 marmora,
3393 4820 3565 4872 neque

1984 4885 2172 4939 umbra
2219 4887 2345 4940 tecti
2394 4887 2629 4942 frondeis
2673 4888 2878 4943 umbris
2918 4891 3138 4960 gratior,
3187 4908 3359 4963 neque
3402 4895 3562 4964 lapilli

1984 4978 2103 5032 solo
2132 4978 2294 5031 variis
2323 4987 2511 5048 operto
2540 4978 2760 5033 ﬂoribus
2800 4981 3139 5035 amantiores.
3172 4984 3344 5051 Atque
3374 4983 3562 5039 horum

1982 5087 2079 5126 vos
2106 5070 2299 5126 divites
2327 5079 2491 5125 testes
2527 5071 2694 5136 estis,
2739 5071 2826 5140 qui
2849 5113 2863 5136 ,
2895 5072 2937 5125 si
2969 5073 3083 5126 fieri
3116 5083 3321 5142 posset,
3354 5074 3405 5129 in
3436 5076 3559 5145 ipsis

1984 5166 2140 5221 tectis
2163 5165 2381 5220 arbores
2409 5165 2604 5219 habere
2632 5165 2918 5233 cuperetis,
2949 5174 3005 5219 et
3044 5176 3311 5233 pratorum
3339 5168 3556 5224 amoeni-

1984 5266 2146 5311 tatem
2204 5257 2462 5322 malletis,
2516 5271 2618 5326 qua
2667 5271 2829 5310 aurea
2868 5264 3025 5323 tecta,
3067 5258 3366 5327 arietesque
3406 5261 3540 5315 mira

1984 5349 2139 5404 biles.
2169 5346 2533 5417 Quamobrem
2561 5360 2683 5403 cum
2723 5360 2791 5402 ex
2833 5347 3014 5402 multis
3054 5348 3323 5404 laboribus
3360 5365 3557 5406 recrea-

1987 5444 2181 5497 tionem
2209 5441 2453 5510 accipere
2478 5440 2656 5503 vultis,
2691 5439 2773 5493 his
2798 5440 2996 5493 relictis
3022 5439 3087 5493 ad
3116 5440 3204 5495 illa
3247 5445 3563 5511 properatis.

1938 5518 1955 5544 ’
1985 5537 2189 5593 Verum
2236 5536 2462 5590 fortasse
2507 5548 2604 5602 pro
2646 5532 2813 5602 gloria
2859 5533 3202 5603 conquereris
3247 5534 3333 5588 illa
3378 5547 3557 5606 magna

2052 5745 2067 5771 ¹
2105 5747 2206 5788 nuo
2222 5745 2349 5790 Mss..
2371 5736 2420 5786 in
2444 5732 2578 5786 aulo.

2052 5804 2073 5834 ¹
2108 5809 2271 5862 Deest,
2297 5812 2416 5861 non,
2441 5799 2488 5848 in
2510 5796 2697 5847 duobus
2716 5800 2824 5844 ms.
