4096 6392
479 676 665 723 nuituo
718 673 1055 731 comparans,
1086 657 1155 713 de
1205 656 1341 712 czelo
1388 655 1505 723 ipso
1546 651 1713 707 ﬁlium
1760 648 1855 703 tibi
1903 648 1920 678 ί
1965 646 2061 700 de-

478 759 675 813 cidisse
722 753 1019 810 arbitraris.
1067 749 1126 804 ld
1172 749 1334 819 igitur
1379 746 1554 816 primo
1599 741 1911 798 discendum
1955 746 2058 805 est,

478 848 621 920 quod
663 862 837 916 neque
862 841 1091 899 solitudo
1121 839 1428 911 ignobilem,
1470 850 1646 906 neque
1684 833 1832 904 regia
1858 832 2060 887 clarum

480 941 708 996 faciatct
732 939 988 994 illustrem
1010 953 1024 989 :
1043 943 1202 1004 atque
1221 940 1504 1000 antequam
1532 928 1599 983 ad
1625 928 1859 982 rationes
1881 924 2062 980 venia-

481 1047 623 1098 mus,
649 1029 908 1097 exemplis
937 1037 988 1082 te
1016 1026 1084 1081 ab
1107 1024 1208 1079 bac
1235 1022 1537 1093 suspicione
1563 1015 1845 1083 liberabo;
1883 1033 2065 1073 exem-

480 1124 585 1194 plis
604 1164 619 1188 ,
654 1123 867 1189 inquam
887 1161 902 1184 ,
945 1133 1053 1173 non
1081 1116 1311 1182 nostris,
1342 1113 1438 1170 sed
1466 1112 1680 1169 vestris.
1711 1111 1789 1166 De
1812 1107 2066 1178 Dionysio

480 1216 619 1270 forte
665 1212 859 1268 audisti
905 1211 1100 1267 Sicilia:
1149 1218 1397 1281 tyranno,
1448 1208 1684 1276 itemque
1729 1203 1798 1258 de
1842 1202 2066 1257 Platone

487 1309 754 1366 Aristonis
779 1306 912 1361 ﬁlio.
943 1305 1070 1362 Uter
1107 1305 1300 1374 igitur,
1329 1300 1417 1356 dic
1446 1298 1578 1354 mihi
1598 1339 1613 1363 ,
1642 1295 1900 1367 insignior
1928 1292 2067 1348 fuit?

486 1411 609 1457 uter
627 1400 857 1463 canitur,
874 1408 934 1463 ,ει
955 1413 1049 1466 per
1067 1403 1380 1451 cunctorum
1402 1406 1497 1446 ora
1522 1386 1860 1445 celebratur?
1890 1398 2068 1439 nonne

486 1492 834 1565 pliilOSOphus
865 1493 1031 1560 magis
1051 1530 1065 1553 ,
1096 1503 1255 1559 quam
1288 1483 1586 1557 tyrannus?
1629 1480 1790 1551 Atqui
1833 1478 1922 1534 ille
1950 1476 2069 1547 qui-

483 1588 607 1642 dem
675 1585 856 1640 Sicilia
930 1590 1040 1636 tota
1078 1583 1099 1612 ²
1141 1578 1473 1650 potiebatur,
1522 1584 1682 1644 atque
1751 1573 1807 1627 in
1864 1570 2068 1625 deliciis

486 1677 751 1747 degebat,
803 1673 1105 1744 ingentibus
1147 1670 1377 1732 divitiis,
1427 1666 1721 1722 satellitum
1766 1660 2069 1733 agminibus

484 1771 741 1839 stipatus,
772 1782 835 1821 ac
860 1781 980 1821 cum
1009 1763 1226 1833 reliquis
1257 1760 1506 1832 potentia:
1540 1756 1835 1827 insignibus
1863 1754 2072 1809 diutur-

487 1877 611 1914 nam
660 1860 818 1913 vitam
866 1855 1034 1927 gessit
1072 1872 1087 1908 :
1128 1852 1216 1907 hic
1254 1860 1433 1906 autem
1473 1850 1528 1904 in
1571 1846 1872 1903 Academia:
1914 1847 2072 1899 horto

487 1953 796 2008 versabatur
818 1992 832 2015 ,
880 1949 1080 2018 rigans,
1128 1946 1372 2000 inserens
1396 1983 1410 2008 ,
1448 1942 1723 2010 olivasque
1760 1936 2068 2002 comedens,

487 2060 551 2098 ac
603 2043 912 2097 vilissimam
967 2051 1240 2109 apponens
1299 2048 1539 2090 mensam
1593 2032 1687 2086 illo
1739 2029 1884 2085 omni
1933 2042 2073 2082 vano

488 2133 773 2205 splendore
816 2146 1033 2185 vacuus.
1081 2129 1148 2182 Et
1177 2127 1279 2182 hoc
1307 2141 1412 2181 non
1442 2138 1610 2194 usque
1653 2120 1787 2177 adeo
1831 2118 2074 2174 mirabile

490 2237 604 2289 est;
632 2224 725 2280 sed
753 2222 894 2292 quod
923 2235 1109 2276 servus
1137 2218 1354 2274 eﬁ‘ectus
1372 2258 1388 2284 ,
1421 2213 1736 2287 tyrannique
1763 2210 1916 2281 jussu
1941 2224 2073 2263 ven-

490 2319 632 2375 ditus
653 2359 668 2383 ,
700 2326 901 2372 tantum
945 2314 1113 2369 abfuit
1152 2322 1209 2367 ut
1240 2312 1329 2365 illo
1358 2318 1637 2380 propterea
1671 2307 1825 2361 vilior
1851 2319 2070 2373 appare-

491 2420 595 2476 ret,
620 2418 676 2464 ut
704 2408 803 2477 ipsi
826 2422 1035 2476 quoque
1060 2416 1289 2477 tyranno
1314 2401 1438 2456 hinc
1461 2401 1607 2455 visus
1631 2399 1702 2454 sit
1724 2396 2075 2453 admiratione

492 2501 703 2570 dignus.
736 2500 901 2553 Tanta
933 2512 1015 2551 res
1044 2504 1125 2550 est
1148 2493 1353 2549 virtus!
1396 2507 1501 2547 non
1536 2508 1632 2561 per
1669 2505 1730 2546 ea
1761 2489 1921 2544 modo
1954 2502 2077 2558 qure

493 2593 622 2661 agit,
655 2590 747 2645 sed
781 2606 874 2658 per
910 2605 972 2641 ea
1000 2587 1158 2642 etiam
1189 2600 1308 2655 qum
1352 2583 1568 2655 indigne
1596 2581 1811 2652 patitur,
1857 2594 1959 2635 nec
1985 2595 2076 2634 sc-

496 2686 687 2753 ipsain,
734 2697 833 2736 nec
876 2694 969 2735 eos
1012 2679 1099 2747 qui
1150 2678 1317 2748 ipsam
1349 2683 1601 2731 exercent
1642 2674 1812 2728 latere
1857 2671 1983 2727 sinit
2024 2677 2080 2724 et

494 2774 768 2831 occultari.
799 2773 933 2842 Quid
959 2787 1085 2826 vero
1112 2780 1408 2841 praeceptor
1431 2767 1546 2838 ejus
1568 2765 1855 2823 Socrates?
1879 2772 2078 2834 quanto

496 2870 543 2922 is
572 2867 832 2922 Archelao
859 2864 957 2918 fuit
985 2862 1284 2918 illustrior?
1312 2865 1381 2916 At
1417 2861 1504 2917 ille
1531 2877 1624 2915 rex
1654 2875 1775 2914 cum
1811 2866 1991 2920 esset,
2023 2856 2076 2910 in

496 2959 743 3028 plurimis
770 2957 958 3024 Opibus
981 2956 1244 3025 degebat;
1285 2954 1371 3008 hic
1398 2961 1576 3008 autem
1618 2952 1670 3005 in
1700 2950 1872 3021 Lyceo
1899 2964 2079 3002 mora-

500 3051 686 3110 batur,
730 3047 970 3115 nihilque
1001 3056 1196 3116 praeter
1219 3045 1592 3100 vestimentum
1622 3057 1787 3096 unum
1829 3040 2076 3105 habebat,

499 3158 605 3211 quo
627 3151 681 3195 et
721 3140 895 3194 hieme
919 3150 973 3194 et
1008 3148 1215 3203 aestate,
1245 3137 1597 3205 omnibusque
1626 3136 1748 3188 anni
1790 3141 2079 3203 tempesta-

499 3236 642 3289 tibus
666 3233 911 3289 utebatur
943 3250 956 3286 :
988 3230 1144 3286 nudis
1180 3245 1391 3300 semper
1425 3229 1648 3299 pedibus
1684 3228 1845 3292 vixit,
1877 3241 1940 3280 ac
1968 3226 2082 3280 sine

502 3327 623 3381 cibo
663 3334 827 3378 totam
873 3324 1200 3393 transigebat
1239 3321 1408 3385 diem,
1439 3336 1576 3390 pane
1620 3319 1737 3374 solo
1779 3325 2077 3381 contentus,

500 3427 659 3486 atque
702 3416 753 3471 id
782 3425 897 3470 erat
920 3416 968 3471 ei
1000 3423 1052 3469 et
1081 3414 1360 3469 obsonium
1385 3421 1441 3468 et
1464 3427 1589 3467 esea
1619 3429 1633 3464 :
1663 3426 1761 3465 nec
1787 3411 1941 3464 istam
1968 3409 2084 3478 qui-

498 3509 622 3565 dem
669 3525 906 3563 mensam
953 3524 1023 3562 ex
1055 3509 1219 3563 rebus
1261 3507 1372 3562 suis
1411 3504 1717 3575 apparabat,
1752 3502 1845 3557 sed
1873 3501 1940 3555 ab
1965 3500 2084 3555 aliis

500 3600 817 3669 accipiebat,
861 3609 1104 3654 extrema
1146 3597 1347 3651 scilicet
1400 3596 1451 3649 in
1502 3602 1817 3664 paupertate
1863 3592 2083 3662 degens.

502 3691 760 3761 Adeoque
798 3700 975 3745 tamen
1004 3691 1118 3760 ipso
1149 3704 1274 3759 rege
1300 3687 1493 3742 clarior
1516 3696 1648 3751 erat,
1678 3696 1736 3741 ut
1760 3684 1827 3739 ab
1857 3684 1947 3739 illo
1974 3683 2084 3738 fre-

504 3792 731 3851 quenter
759 3781 1029 3841 invitatus.
1065 3779 1231 3834 nollet
1254 3779 1429 3850 Lyceo
1453 3779 1675 3832 dimisso
1701 3777 1765 3831 ad
1794 3777 1932 3831 illius
1957 3789 2087 3846 epes

504 3873 789 3945 proﬁcisci.
823 3874 891 3928 At
916 3888 980 3927 ex
1009 3887 1072 3926 ea
1098 3886 1310 3940 quoque
1332 3911 1348 3935 ,
1378 3885 1496 3940 qua;
1529 3884 1671 3924 nunc
1696 3869 1935 3934 obtinet,
1967 3867 2087 3935 epi—

506 3966 687 4027 nione,
712 3980 829 4034 qua:
859 3964 1063 4033 potiora
1091 3963 1195 4015 sint
1222 3970 1442 4030 apparet
1466 3977 1480 4013 :
1504 3975 1735 4030 namque
1761 3958 1949 4014 horum
1973 3959 2090 4030 qni-

509 4055 632 4110 dem
653 4053 867 4108 nomina
889 4052 1130 4122 plurimis
1151 4060 1279 4106 nota
1301 4058 1457 4115 sunt;
1484 4049 1698 4104 illorum
1721 4065 1847 4105 vero
1868 4048 2086 4103 nemini.

509 4147 821 4217 Sinopensis
846 4153 1024 4199 autem
1054 4140 1362 4216 (Diogenes)
1394 4142 1528 4197 alius
1558 4142 1907 4212 pltilOSOphus
1943 4151 2091 4195 tanto

509 4247 565 4293 et
593 4237 676 4292 his
700 4245 755 4291 et
780 4235 900 4290 aliis
928 4235 1225 4291 innumeris
1255 4234 1469 4305 regibus
1496 4234 1799 4304 opulentior
1824 4242 1959 4298 erat,
1990 4234 2090 4288 etsi

513 4330 700 4401 pannis
726 4329 917 4384 laceris
943 4330 1183 4395 vestitus,
1211 4336 1270 4382 ut
1294 4326 1596 4382 Alexander
1620 4326 1847 4395 Philippi
1877 4326 2092 4381 Macch

511 4422 810 4477 exercitum
837 4421 889 4475 in
919 4421 1109 4476 Persas
1132 4420 1354 4482 ducens,
1380 4418 1465 4473 ubi
1496 4418 1642 4472 illum
1667 4418 1815 4483 vidit,
1844 4418 2094 4473 omnibus

511 4511 767 4576 dimissis,
797 4511 865 4567 ad
894 4527 1015 4568 eum
1044 4520 1319 4581 pergeret,
1362 4525 1424 4564 ac
1449 4518 1663 4580 rogaret
1682 4549 1695 4573 ,
1725 4509 1904 4565 ullane
1930 4525 1988 4565 re
2016 4511 2096 4565 in-

512 4607 741 4678 digeret,
765 4615 818 4661 et
842 4621 909 4660 an
929 4604 1125 4674 aliquid
1147 4604 1381 4672 juberet.
1405 4603 1497 4657 Ille
1519 4617 1647 4658 vero
1671 4603 1838 4658 nihilo
1858 4617 1918 4658 se
1937 4618 2097 4674 egere

514 4697 809 4767 respondit.
837 4695 974 4750 Num
1009 4696 1120 4764 jam
1150 4694 1524 4764 exemplorum
1553 4695 1683 4749 satis
1710 4694 1894 4756 habes,
1922 4710 1988 4748 an
2020 4695 2098 4749 vis

511 4790 613 4843 alia
630 4804 842 4860 quoque
863 4788 1256 4844 memoremus?
1272 4787 1472 4857 Nempe
1494 4788 1579 4842 isti
1601 4805 1707 4842 non
1725 4788 1884 4843 modo
1905 4788 1988 4852 iis,
2007 4789 2097 4858 qui

514 4882 568 4936 in
594 4882 738 4952 regia
765 4881 996 4950 insignes
1016 4881 1186 4947 fuere,
1214 4881 1309 4936 sed
1333 4881 1460 4948 ipsis
1482 4895 1693 4951 quoque
1712 4880 1926 4950 regibus
1952 4881 2100 4936 fuere

514 4975 774 5028 clariores
793 5014 811 5040 ,
841 4988 963 5028 cum
1008 4973 1265 5042 privatam
1295 4973 1637 5042 quietamque
1665 4974 1827 5027 vitam
1868 4973 2099 5043 delegis-

516 5076 669 5131 sent,
703 5082 873 5137 neque
911 5066 980 5121 ad
1028 5066 1411 5137 rempublicam
1445 5068 1711 5123 ullatenus
1751 5083 1812 5123 se
1856 5069 2101 5125 conferre

516 5158 832 5212 voluissent.

600 5250 791 5305 Virtute
810 5251 1051 5306 clariores
1081 5251 1319 5323 efﬁcimur
1334 5269 1484 5323 quam
1514 5253 1713 5323 opibus.
1735 5285 1808 5295 —-
1827 5254 1929 5313 Sed
1959 5258 2099 5311 enim

517 5343 571 5401 in
599 5345 712 5415 ipsa
756 5360 970 5415 quoque
1007 5345 1312 5417 reipublicae
1339 5346 1802 5403 administratione
1845 5364 1947 5403 non
1986 5352 2105 5407 illos

517 5440 694 5496 claros
720 5438 882 5492 fuisse
907 5436 1278 5506 deprehendes
1298 5479 1314 5504 ,
1344 5441 1434 5509 qui
1464 5438 1662 5494 divitiis
1680 5483 1695 5505 ,
1722 5441 1924 5497 deliciis
1952 5453 2006 5497 et
2033 5444 2108 5497 fa-

516 5531 800 5587 cultatibus
828 5530 1071 5585 instructi
1102 5540 1287 5598 erant,
1306 5532 1403 5588 sed
1425 5547 1518 5589 eos
1538 5574 1552 5598 ,
1581 5535 1669 5604 qui
1701 5536 1750 5588 in
1776 5547 2105 5607 paupertate,
2157 5530 2163 5537 ’

518 5623 892 5694 simplicitate,
915 5630 970 5677 ct
997 5622 1270 5679 moderata
1299 5625 1404 5680 vita
1442 5625 1722 5698 degebant.
1757 5629 1910 5697 Apud
1943 5631 2109 5685 Athe-

584 5738 605 5809 ξ
640 5743 689 5809 t_n
715 5743 856 5809 testu
872 5747 1035 5809 grieeo
1049 5735 1213 5795 deest,
1230 5737 1340 5809 tibi;
1354 5736 1454 5807 sed
1472 5742 1718 5795 invenitur
1734 5747 1781 5795 in
1794 5745 1986 5796 duobus
2002 5754 2103 5801 Mss.

583 5798 607 5832 ⁸
640 5803 741 5849 Duo
759 5798 888 5859 uss,
905 5804 1002 5849 tota
1020 5805 1165 5853 εει-τα.

1225 354 1282 410 S.
1322 350 1602 410 JOANNlS
1640 345 2112 407 CllRYSOSTOMl
2142 345 2457 401 ARCUIEP.
2500 346 3037 404 CONSTANTINOP.

2164 463 2378 518 nienses
2409 464 2668 519 Aristides
2687 504 2702 531 ,
2730 479 2888 534 quem
2912 463 3218 521 defunctum
3256 468 3442 523 civitas
3469 471 3711 538 sepelivit
3733 513 3750 537 ,

2168 556 2446 615 Alcibiade
2464 600 2479 624 ,
2510 558 2598 629 qui
2625 559 2817 629 opibus
2835 600 2852 624 ,
2892 558 3101 615 deliciis
3119 600 3136 626 ,
3164 560 3421 615 orationis
3446 561 3533 627 vi,
3558 577 3778 630 carpi».

2165 651 2243 707 ris
2269 651 2463 707 robore
2487 692 2503 718 ,
2526 652 2802 708 nobilitate
2821 652 3136 723 exterisque
3162 653 3409 708 omnibus
3429 658 3714 726 praestabat
3734 652 3772 715 .“

2168 753 2316 798 tanto
2355 744 2548 799 clarior
2570 753 2719 809 erat,
2760 755 2959 815 quanto
3000 745 3092 800 vili
3129 748 3305 817 aliquo
3331 748 3552 816 puerulo
3576 748 3747 818 philo-

2167 835 2369 906 sophus
2397 837 2677 892 mirabilis.
2721 838 2875 908 Apud
2910 837 3194 895 Thebanos
3224 840 3653 909 Epaminondas,
3698 842 3757 896 in

2167 927 2481 984 concionem
2518 939 2774 997 vocatus,
2823 946 2943 986 cum
2989 941 3267 1000 prepterea
3303 947 3369 986 eo
3408 949 3468 989 se
3506 934 3765 989 conferre

2167 1034 2275 1073 non
2294 1029 2501 1089 posset,
2525 1021 2664 1091 quod
2686 1030 2887 1077 vestem
2911 1022 3187 1076 lavandam
3206 1033 3451 1089 curaret,
3473 1040 3570 1079 nec
3593 1026 3761 1079 aliam

2169 1109 2394 1166 haberet
2417 1128 2519 1180 qua
2549 1112 2887 1179 indueretur,
2911 1114 3158 1169 omnibus
3179 1124 3353 1170 tamen
3377 1116 3462 1185 qui
3486 1132 3550 1172 eo
3568 1132 3771 1171 convc-

2169 1194 2396 1266 nérant,
2428 1202 2652 1259 ducibus
2683 1205 3020 1273 prmstantior
3041 1216 3174 1260 erat.
3200 1205 3279 1260 Ne
3300 1206 3480 1276 itaque
3510 1208 3637 1263 mihi
3662 1224 3761 1262 so-

2169 1291 2446 1349 litudinem
2483 1293 2730 1364 jactites,
2775 1304 2867 1350 aut
2892 1296 3115 1365 regiam.
3143 1296 3326 1367 Neque
3357 1299 3500 1353 enim
3542 1300 3592 1354 in
3623 1299 3765 1355 locis

2173 1387 2390 1443 claritas
2412 1396 2465 1443 et
2493 1387 2782 1458 splendor,
2813 1404 2921 1444 non
2962 1389 3013 1442 in
3042 1389 3280 1445 vestibus
3300 1432 3317 1458 ,
3349 1406 3454 1445 non
3498 1392 3550 1446 in
3580 1391 3763 1460 digni-

2174 1487 2282 1535 tate
2304 1521 2318 1543 ,
2350 1494 2457 1535 non
2484 1480 2538 1535 in
2563 1480 2798 1551 potentia
2825 1480 2921 1536 sed
2950 1480 3003 1535 in
3028 1481 3224 1537 virtute
3251 1490 3452 1536 tantum
3481 1497 3545 1536 ac
3580 1482 3781 1553 philo--

2173 1572 2382 1642 sepbia.

2246 1663 2302 1719 6.
2332 1663 2530 1719 Verum
2565 1665 2689 1736 quia
2727 1664 2969 1734 exempla
3000 1680 3106 1720 non
3150 1672 3351 1720 tantam
3380 1667 3485 1720 vim
3526 1666 3764 1733 habent,

2173 1754 2242 1809 ab
2264 1754 2381 1825 ipso
2402 1754 2512 1811 ﬁlio
2542 1764 2633 1811 tuo
2660 1772 2772 1811 rem
2798 1756 3103 1812 discutiam.
3120 1755 3269 1812 Illum
3293 1759 3488 1829 quippe
3519 1759 3770 1814 invenie-

2173 1861 2292 1902 mus
2307 1862 2411 1901 non
2426 1846 2584 1901 modo
2601 1862 2740 1902 nunc
2755 1847 3058 1915 clariorem,
3074 1848 3167 1902 sed
3179 1848 3338 1902 etiam
3352 1864 3417 1903 ex
3434 1848 3618 1903 iisdem
3634 1848 3771 1920 ipsis

2174 1939 2335 1995 rebus
2354 1939 2755 1996 honoratiorem
2765 1940 2956 2012 quibus
2979 1950 3034 1995 tu
3049 1940 3196 1996 illum
3217 1949 3272 1996 et
3290 1941 3448 1996 vilem
3473 1950 3528 1996 et
3553 1942 3769 2011 ignobi—

2177 2030 2285 2086 lem
2324 2046 2446 2088 esse
2479 2031 2631 2088 dicis.
2658 2031 2790 2087 Nam
2825 2033 2871 2087 si
2910 2033 2992 2087 vis
3021 2031 3462 2103 persuadebimus
3498 2033 3571 2086 illi
3613 2044 3673 2086 ut
3700 2034 3774 2087 de

2178 2131 2362 2178 monte
2400 2122 2718 2191 descendat,
2747 2132 2800 2179 et
2834 2123 2886 2177 in
2924 2122 3097 2178 forum
3134 2123 3411 2192 irrumpat.
3444 2123 3774 2191 Videbisqne

2179 2214 2361 2268 statim
2392 2214 2555 2269 totius
2583 2214 2812 2269 civitatis
2843 2214 2897 2267 in
2919 2213 3066 2268 illum
3094 2228 3187 2269 ora
3213 2214 3491 2275 converti,
3517 2221 3775 2268 cunctos-

2179 2320 2284 2375 que
2306 2320 2428 2360 eum
2454 2305 2885 2360 demonstrantes
2910 2320 3031 2361 cum
3053 2305 3407 2360 admiratione
3435 2321 3500 2360 ac
3526 2315 3774 2375 stupore,

2180 2409 2245 2450 ac
2270 2397 2314 2450 si
2331 2396 2550 2467 angelus
2569 2396 2785 2466 quidam
2801 2395 2870 2451 de
2886 2396 3019 2450 crelo
3031 2395 3386 2451 descenderit.
3409 2396 3608 2466 Ecquid
3623 2397 3773 2451 aliud

2181 2487 2276 2542 tibi
2294 2487 2503 2542 videtur
2521 2502 2641 2541 esse
2655 2487 2860 2557 gloria?
2876 2486 3016 2542 Sane
3035 2501 3141 2541 non
3160 2487 3224 2541 iis
3247 2487 3426 2549 modo,
3449 2488 3536 2557 qui
3558 2489 3610 2543 in
3625 2490 3776 2557 regia

2179 2589 2494 2642 versantur,
2518 2578 2612 2633 sed
2644 2579 2760 2648 ipso
2803 2577 3175 2647 quoque,.qui
3209 2577 3511 2632 diademate
3553 2576 3778 2633 redimi-

2182 2678 2266 2724 tus
2311 2677 2423 2735 est,
2469 2669 2730 2725 illustrior
2755 2670 2857 2724 erit
2895 2683 3017 2723 cum
3051 2668 3142 2723 illa
3189 2669 3280 2723 vili
3317 2678 3477 2740 atque
3501 2670 3777 2725 conscissa

2186 2772 2356 2818 veste.
2377 2762 2562 2833 Neque
2594 2763 2736 2818 enim
2768 2771 2929 2817 tantae
2950 2762 3291 2818 admirationi
3320 2763 3568 2818 omnibus
3593 2773 3734 2817 esset
3753 2804 3777 2827 ,

2183 2853 2229 2906 si
2262 2853 2502 2908 vestibus
2538 2853 2836 2922 operiretur
2871 2853 3083 2922 aureis,
3137 2853 3248 2909 imo
3284 2854 3331 2908 si
3360 2853 3472 2924 ipsa
3503 2868 3776 2922 purpura.

2185 2943 2407 3013 ipsaque
2430 2957 2630 2997 corona
2665 2951 2887 2998 ornatus
2912 2954 3091 3011 esset,
3128 2951 3184 3000 et
3224 2944 3269 2999 si
3298 2946 3480 2999 stratis
3520 2944 3783 2998 insideret

2185 3034 2372 3089 sericis
2391 3075 2406 3100 ,
2435 3035 2481 3088 si
2519 3049 2551 3089 a
2581 3035 2740 3089 mulis
2768 3034 3055 3091 veheretur
3073 3044 3314 3103 ,taurata
3343 3035 3632 3091 satellitum
3665 3044 3783 3088 tur-

2185 3127 2251 3181 ba
2277 3126 2593 3192 comitatus;
2623 3135 2679 3180 ut
2710 3127 2869 3181 modo
2898 3135 2980 3182 est
3008 3127 3255 3198 squalore
3279 3135 3335 3183 et
3358 3126 3604 3182 sordibus
3630 3126 3781 3181 obsi-

2186 3230 2272 3274 tus
2297 3260 2309 3285 ,
2349 3235 2637 3290 crassoque
2657 3220 2881 3275 amictus
2914 3221 3229 3276 indumento
3253 3262 3269 3286 ,
3315 3220 3463 3275 nullo
3489 3220 3780 3275 comitatus

2187 3311 2425 3377 assecla,
2466 3309 2732 3380 nudisque
2776 3311 3003 3381 pedibus
3040 3312 3313 3367 incedens.
3362 3312 3600 3383 Namque
3642 3313 3781 3382 regii

2188 3402 2265 3455 illi
2291 3411 2576 3473 apparatus
2616 3412 2672 3458 et
2698 3402 2905 3473 legibus
2933 3404 3115 3458 statuti
3142 3413 3294 3469 sunt,
3343 3412 3398 3459 et
3435 3404 3783 3459 consuetudio

2190 3509 2259 3548 ne
2285 3493 2483 3562 recepti
2515 3511 2529 3546 :
2560 3494 2906 3564 quamobrem
2946 3495 2993 3549 si
3021 3495 3140 3564 quis
3165 3510 3285 3551 cum
3322 3494 3672 3551 admiratione
3694 3495 3781 3549 di-

2189 3594 2336 3639 ceret
2378 3586 2754 3655 imperatorem
2796 3601 2914 3641 esse
2947 3596 3097 3643 veste
3135 3603 3296 3643 aurea
3327 3588 3575 3645 vestitum
3597 3629 3614 3653 ,
3666 3604 3779 3644 non

2191 3675 2351 3730 modo
2372 3692 2475 3731 non
2502 3676 2890 3733 admiraremur
2908 3720 2923 3744 ,
2952 3677 3047 3733 sed
3075 3678 3235 3734 etiam
3262 3679 3559 3734 rideremus
3577 3721 3594 3746 ,
3620 3681 3781 3750 quip-

2191 3781 2260 3837 pe
2299 3783 2422 3823 cum
2462 3769 2595 3824 nihil
2643 3770 2769 3824 novi
2815 3770 3037 3826 diceret.
3083 3771 3157 3825 De
3197 3770 3307 3825 ﬁlio
3345 3780 3521 3826 autem
3559 3780 3688 3837 tuo,
3731 3772 3781 3826 si

2192 3859 2311 3929 quis
2334 3861 2630 3928 annuntiet,
2659 3877 2781 3917 eum
2799 3862 3065 3933 despectis
3081 3863 3315 3937 paternis
3341 3864 3549 3932 opibus,
3575 3864 3784 3919 calcata

2193 3952 2376 4008 saeculi
2404 3969 2594 4024 pompa
2617 3997 2633 4021 ,
2679 3969 2776 4026 spe
2804 3955 3071 4011 mundana
3106 3957 3435 4027 superiorem
3457 4000 3473 4025 ,
3501 3958 3555 4012 in
3588 3958 3783 4014 deser-

2196 4053 2307 4100 tum
2337 4060 2396 4102 se
2415 4048 2705 4103 contulisse
2718 4090 2734 4114 ,
2756 4049 2846 4104 .vili
2865 4049 3147 4119 putidaque
3167 4050 3342 4104 tunica
3366 4051 3603 4106 indutum
3620 4068 3742 4107 esse
3764 4073 3780 4107 :

2196 4139 2375 4190 statim
2414 4148 2735 4195 concurrent
2774 4155 2997 4207 omnes,
3027 4141 3390 4205 mirabuntur,
3416 4151 3576 4213 atque
3597 4143 3789 4197 lauda-

2199 4230 2332 4284 bunt
2349 4230 2464 4300 ejus
2488 4232 2903 4303 magnitudinem
2921 4233 3275 4289 animi.Certe
3294 4250 3414 4290 cum
3433 4236 3786 4306 imperatores

2200 4323 2495 4380 innumeris
2539 4326 2867 4396 impetuntur
2895 4327 3209 4395 maledictis,
3238 4328 3366 4382 nihil
3399 4329 3530 4398 ipsis
3556 4339 3786 4398 prosunt

2201 4431 2379 4472 aurem
2406 4429 2605 4482 vestes,
2636 4428 2840 4474 tantum
2861 4421 3009 4475 abest
3028 4430 3087 4475 ut
3105 4437 3198 4477 eos
3217 4422 3489 4477 mirabiles
3508 4422 3742 4477 efﬁciant
3767 4444 3783 4478 :

2204 4509 2291 4564 hic
2334 4520 2509 4565 autem
2561 4512 2645 4566 vel
2685 4528 2752 4567 ex
2784 4514 2913 4583 ipsis
2951 4500 3280 4569 vestimentis
3314 4517 3507 4571 multas
3553 4517 3792 4571 admira-

2206 4603 2369 4657 tionis
2396 4619 2555 4658 ansas
2582 4606 2803 4672 praebet,
2841 4605 2910 4658 ita
2937 4614 2996 4660 ut
3035 4608 3261 4661 amictus
3306 4608 3605 4677 hujusmodi
3628 4608 3796 4677 longe

2204 4693 2354 4746 illum
2387 4694 2811 4763 spectabiliorem
2840 4696 3029 4760 faciat,
3051 4713 3210 4766 quam
3237 4697 3433 4753 faceret
3458 4699 3633 4769 regius
3664 4718 3678 4753 :
3709 4701 3793 4753 si-

2207 4783 2422 4852 quidem
2441 4801 2505 4839 cx
2531 4785 2620 4839 illo
2642 4802 2802 4841 nemo
2826 4788 3203 4857 imperatorem
3227 4790 3521 4845 admiratur
3535 4833 3550 4856 ,
3574 4791 3677 4845 hoc
3691 4807 3793 4844 au-

2207 4885 2313 4930 tem
2342 4877 2428 4931 ille
2445 4879 2672 4932 amictus
2688 4881 2878 4934 vestitu
2901 4882 3146 4937 omnibus
3163 4883 3563 4939 admirationiet
3582 4887 3794 4954 stupori

2207 4976 2309 5023 est.
2360 4970 2559 5038 Ecquid
2604 4972 2763 5035 mihi,
2806 4973 3048 5043 inquies,
3094 4976 3235 5045 vulgi
3284 4977 3465 5045 opinio
3507 4986 3562 5031 et
3606 4977 3798 5032 laudes

2209 5060 2531 5116 conferunt?
2559 5061 2718 5117 Certe
2742 5064 2909 5134 gloria
2960 5067 3091 5120 nihil
3135 5068 3277 5122 aliud
3305 5076 3406 5123 est.
3455 5069 3560 5124 Sed
3593 5070 3793 5139 hujus,

2208 5168 2440 5224 repones
2461 5195 2475 5217 ,
2513 5152 2782 5210 desiderio
2813 5172 2916 5210 non
2954 5165 3171 5224 teneor,
3203 5159 3494 5227 potentiam
3525 5170 3581 5215 et
3622 5160 3803 5214 hono-

2209 5259 2298 5298 res
2319 5261 2521 5314 quzrro.
2555 5247 2623 5299 At
2648 5247 2737 5315 qui
2769 5247 2985 5303 laudant
3005 5292 3018 5311 .
3037 5250 3194 5304 etiam
3222 5250 3581 5307 honorabunt.
3615 5252 3709 5307 Sin
3738 5264 3801 5310 tu

2212 5338 2497 5406 potentiam
2528 5349 2577 5393 et
2608 5340 2972 5409 praefecturam
2991 5341 3291 5409 desideras,
3314 5359 3431 5399 eam
3458 5360 3563 5399 non
3585 5346 3761 5399 minus
3780 5388 3798 5407 ,

2212 5447 2370 5500 (tuam
2416 5431 2624 5501 priora,
2672 5449 2837 5501 penes
2874 5433 2972 5488 bos
3013 5449 3131 5490 esse
3171 5437 3569 5508 comperiemus
3604 5456 3618 5491 :
3650 5439 3803 5507 quod

2214 5525 2384 5593 ipsum
2417 5539 2539 5577 cum
2572 5526 2833 5595 exemplis
2860 5527 3179 5584 conﬁrmare
3218 5529 3517 5597 possimus,
3550 5530 3618 5584 ad
3648 5545 3807 5585 com-

2216 5617 2508 5671 modiorem
2537 5627 2590 5673 te
2614 5620 2923 5675 consolandi
2958 5622 3173 5676 modum
3201 5623 3442 5677 venimus
3460 5665 3477 5690 ,
3507 5637 3607 5677 nec
3627 5623 3807 5678 aliun-

2214 5708 2282 5762 de
2306 5751 2320 5775 ,
2349 5723 2505 5778 quam
2532 5724 2595 5763 ex
2620 5712 2733 5780 ipso
2760 5711 2868 5766 ﬁlio
2895 5722 2984 5767 tuo
3010 5729 3121 5767 rem
3143 5714 3491 5769 excutiemus.
3520 5714 3806 5782 Quodnam

2218 5816 2339 5859 esse
2367 5800 2499 5857 dicis
2528 5817 2751 5860 summa:
2795 5807 3070 5877 potestatis
3100 5808 3506 5878 argumentum?
3536 5822 3715 5864 nonne
3745 5819 3807 5863 ut

3640 354 3751 407 3.30
3784 346 3841 367 “”
