4096 6392
256 298 362 356 339

255 414 520 479 ἐνταῦθα
552 414 632 469 Τα
661 414 770 486 γὰρ
802 414 1049 487 βασίλεια
1074 418 1138 485 τῇ
1177 415 1380 485 ἐρημίᾳ
1408 416 1767 486 παραϐάλλων
1786 458 1800 480 ,
1832 419 1925 471 καὶ

252 503 352 564 τὰς
377 499 598 565 ἐλπίδας
619 502 720 565 τὰς
747 501 956 554 ἐκεῖθεν
978 504 1101 561 ταῖς
1123 500 1372 554 ἐντεῦθεν
1388 544 1399 564 ,
1432 495 1490 566 ἐξ
1515 501 1681 555 αὐτοῦ
1706 503 1804 555 οἴει
1830 504 1923 556 τοῦ

258 586 490 659 οὐρανοῦ
542 577 1032 643 καταπεπτωκέναι
1071 587 1161 640 τὸν
1212 589 1345 642 υἱόν.
1391 588 1600 641 Οὐκοῦν
1639 589 1798 643 τοῦτο
1845 590 1926 643 δεῖ

260 678 476 748 πρῶτον
515 678 737 748 μαθεῖν,
784 678 860 740 ὡς
904 676 1027 730 οὔτε
1060 678 1093 747 ἡ
1124 678 1329 748 ἐρημία
1372 678 1564 747 ἄτιμον
1600 682 1775 741 ποιεῖ,
1805 677 1928 730 οὐτε

260 765 509 836 λαμπρὸν
538 767 630 818 καὶ
656 766 932 835 περιφανῆ
963 765 1032 817 16
1062 765 1329 834 βασίλεια,
1361 767 1455 817 κα)⁵
1500 766 1628 834 πρὶν
1661 766 1753 818 ἐπὶ
1781 766 1929 832 λογι-

262 856 432 924 σμοὺς
461 854 635 907 ἐλθεῖν
668 856 732 908 ἐκ
764 854 1224 926 παραδειγμάτων
1254 869 1314 906 σε
1341 852 1635 919 ἀπαλλάξω
1689 852 1789 922 τῆς
1827 855 1931 905 ὑπ-

260 956 289 992 ο
304 941 437 1007 ξιίας,
458 941 915 1011 παραδειγμάτων
934 941 995 993 οὐ
1010 941 1119 993 τῶν
1139 943 1270 1012 παρ’
1290 942 1443 1010 ἡμῖν,
1458 939 1593 993 ἀλλά
1613 938 1721 991 τῶν
1742 940 1935 1010 ὑμετέ-

264 1044 394 1097 ρων.
438 1028 714 1081 Διονύσιον
764 1029 894 1091 ίσως
945 1028 1166 1091 ἀκούεις
1212 1028 1302 1080 τὸν
1344 1027 1593 1090 Σικελίας
1642 1028 1930 1098 τύραννον,

264 1114 481 1179 ἀκούεις
508 1117 565 1169 δὲ
598 1117 692 1170 καὶ
721 1117 983 1170 Πλάτωνα
1008 1117 1101 1169 τὸν
1144 1116 1499 1188 Ἀρίστωνος;
1541 1115 1635 1178 Τίς
1660 1112 1774 1178 οὐν,
1814 1114 1934 1168 είπέ

267 1218 379 1272 μοι,
415 1204 790 1276 λαμπρότερος
813 1206 1031 1273 γέγονες
1066 1204 1149 1264 τίς
1180 1204 1238 1255 δὲ
1268 1203 1451 1274 ᾄδεται
1476 1203 1569 1257 καὶ
1600 1205 1659 1255 ἐν
1687 1206 1798 1266 τοῖς
1828 1202 1934 1255 τῶν

265 1293 476 1371 πολλῶν
501 1297 679 1347 κεῖται
712 1294 969 1363 στόμασιν
987 1304 1045 1352 ις
1070 1293 1167 1361 οὐχ
1189 1292 1217 1342 6
1246 1290 1532 1358 φιλόσοφος
1553 1289 1647 1342 τοῦ
1672 1292 1934 1361 τυράννου

270 1381 502 1450 μᾶλλον;
536 1381 723 1434 Καίτοι
752 1384 779 1434 6
816 1380 914 1452 μὲν
942 1381 1039 1449 τῆς
1067 1396 1125 1431 τε
1155 1378 1403 1440 Σικελίας
1437 1377 1654 1448 ἀπάσης
1693 1378 1933 1448 ἐκράτει,

268 1473 363 1524 καὶ
394 1473 450 1524 ἐν
480 1474 657 1543 τρυφῇ
689 1469 841 1538 διῆγε
860 1511 876 1534 ,
907 1470 1003 1521 καὶ
1050 1468 1186 1538 μετά
1218 1465 1413 1520 πολλοῦ
1445 1466 1539 1518 τοῦ
1574 1465 1803 1518 πλούτου
1843 1465 1937 1518 καὶ

267 1558 376 1611 τῶν
402 1560 714 1631 δορυφόρων
743 1560 836 1612 καὶ
866 1560 964 1629 τῆς
992 1558 1158 1626 ἄλλης
1186 1554 1484 1624 φαντασίας
1506 1542 1770 1605 διετέλεσε
1797 1551 1932 1614 ζῶν·

268 1648 297 1698 ό
320 1646 375 1698 δὲ
404 1650 461 1699 ἐν
484 1648 562 1718 τῷ
589 1650 685 1717 τῆς
721 1648 1052 1717 Ἀκαδημίας
1074 1646 1236 1713 κήπῳ
1264 1642 1531 1713 διέτριϐεν
1558 1641 1735 1711 ἄρδων
1761 1658 1820 1692 τε
1848 1641 1940 1692 καὶ

271 1735 517 1801 φυτεύων
548 1736 640 1788 καὶ
676 1736 861 1797 ἐλαίας
904 1734 1117 1794 ἐσθίων,
1160 1731 1254 1784 καὶ
1286 1730 1475 1799 εὐτελῆ
1513 1727 1941 1798 παρατιθέμενος

268 1823 545 1889 τράπεζαν
567 1865 579 1879 .
617 1825 710 1875 καὶ
740 1824 918 1890 πάσης
946 1820 1158 1891 ἐκείνης
1187 1818 1287 1887 τῆς
1317 1818 1620 1887 φαντασίας
1650 1815 1803 1878 ἐκτὸς
1844 1814 1939 1869 ῶν.

272 1912 380 1962 Καὶ
408 1913 466 1963 οὐ
484 1912 641 1964 τοῦτό
669 1928 756 1963 πω
773 1908 1102 1979 θαυμαστὸν,
1136 1907 1247 1959 ἀλλ’
1274 1906 1355 1958 ὅτι
1383 1905 1478 1958 καὶ
1501 1903 1687 1964 δοῦλος
1708 1901 1939 1971 γενόμεο

269 2018 359 2063 νος
378 2042 390 2061 ,
426 2000 517 2054 καὶ
544 2000 688 2054 κατά
720 1999 817 2070 τὴν
847 1997 939 2052 τοῦ
967 1997 1229 2068 τυράννου
1261 1994 1488 2064 γνώμην
1510 1990 1939 2061 ἀπεμποληθεὶς,

271 2090 521 2143 τοσοῦτον
541 2089 776 2158 ἀπέσχεν
800 2086 1118 2155 ἀτιμότερος
1148 2082 1357 2136 ἐκείνου
1384 2082 1615 2149 φανῆναι
1637 2078 1725 2131 διὰ
1748 2076 1940 2142 ταῦτα,

270 2179 345 2242 ὡς
373 2179 467 2231 καὶ
494 2177 641 2247 αὐτῷ
662 2178 689 2216 b
715 2176 792 2245 τῷ
808 2175 1054 2245 τυράννῳ
1078 2175 1141 2225 ἐκ
1167 2172 1359 2224 τούτου
1390 2168 1623 2237 φανῆναι
1643 2166 1939 2234 αἰδέσιμος.

272 2267 523 2321 Τοιοῦτόν
564 2268 708 2319 ἐστιν
738 2264 927 2334 ἀρετίγ
965 2262 1023 2313 οὐ
1055 2261 1120 2313 δι’
1149 2253 1223 2311 ὧν
1261 2256 1553 2328 ἐργάζεται
1582 2255 1740 2325 μόνον
1760 2294 1773 2316 ,
1808 2253 1942 2306 ἀλλά

273 2356 367 2408 καὶ
401 2355 465 2407 δι’
502 2348 576 2407 ὧν
610 2354 811 2422 πάσχει
838 2350 1044 2411 κακῶς,
1086 2348 1183 2417 οὐχ
1230 2346 1430 2413 ἑαυτὴν
1452 2383 1466 2407 ,
1506 2342 1642 2396 ἀλλὰ
1684 2342 1778 2394 καὶ
1816 2343 1941 2404 τοὺς

274 2442 559 2505 ποιοῦντας
588 2442 686 2493 οὐκ
716 2441 935 2507 ἀφιεῖσα
966 2433 1306 2506 κρύπτεσθαι
1336 2433 1429 2485 καὶ
1465 2430 1769 2485 λανθάνειν.
1802 2429 1866 2480 Τί
1888 2428 1944 2481 δὲ

270 2534 301 2584 ό
326 2530 514 2583 τούτου
553 2527 868 2587 διδάσκαλος
916 2524 1243 2594 Σωκράτης;
1294 2522 1444 2590 πόσῳ
1473 2519 1769 2590 Ἀρχελάου
1807 2518 1947 2586 λαμ-

276 2620 539 2689 πρότερος
571 2612 667 2686 ῆν;
709 2614 899 2667 Καίτοι
940 2614 969 2664 ὁ
1013 2612 1110 2683 μὲν
1144 2610 1395 2680 βασιλεὺς
1429 2604 1518 2679 ἦν,
1555 2608 1649 2659 καὶ
1682 2609 1739 2660 ἐν
1770 2604 1950 2674 πολλῷ

277 2704 489 2774 πλούτῳ
512 2703 712 2773 διῆγεν·
740 2702 768 2752 6
791 2700 847 2752 δέ
872 2702 929 2751 ἐν
954 2698 1167 2768 Λυκείῳ
1187 2696 1442 2768 διέτριϐε,
1471 2696 1564 2748 καὶ
1586 2694 1704 2757 ἐνὸς
1735 2693 1948 2763 ἱματίου

279 2794 438 2845 πλέον
473 2788 615 2861 εἶχεν
648 2790 819 2851 οὐδὲν,
852 2789 945 2840 καὶ
974 2786 1131 2839 τοῦτο
1179 2785 1338 2855 μόνον
1371 2795 1395 2823 ο
1432 2785 1527 2837 καὶ
1556 2781 1821 2853 χειμῶνος
1858 2781 1953 2833 καὶ

276 2882 473 2952 θέρους
514 2880 607 2932 καὶ
638 2881 695 2930 ἐν
728 2878 927 2939 πάσαις
960 2879 1079 2939 ταῖς
1111 2874 1280 2944 ὥραις
1312 2871 1406 2924 τοῦ
1440 2871 1593 2933 ἔτους
1625 2868 1951 2940 περιϐεϐλη-

283 2972 439 3040 μένος
470 2967 741 3037 ἐφαίνετο·
767 2964 1089 3025 ἀνυπόδετός
1112 2980 1171 3014 τε
1200 2962 1296 3031 ἐζη
1319 2959 1630 3021 διαπαντὸς,
1654 2957 1748 3011 καὶ
1771 2956 1954 3019 ἄσιτος

282 3056 498 3110 ἃπασαν
540 3052 883 3121 διεκαρτέρει
923 3051 1022 3120 τὴν
1051 3049 1285 3119 ἡμέραν,
1316 3047 1479 3117 ἄρτον
1516 3061 1576 3096 τε
1602 3046 1831 3096 ἐσιτεῖτο
1860 3044 1957 3113 μό-

283 3160 389 3201 νον,
422 3141 516 3194 καὶ
546 3139 705 3192 τοῦτο
730 3134 795 3208 ἦν
826 3136 973 3205 αὐτῷ
998 3136 1124 3204 ὄψον
1156 3136 1251 3186 καὶ
1277 3132 1462 3185 σιτίον·
1490 3130 1585 3183 καὶ
1612 3130 1730 3181 οὐδὲ
1754 3128 1957 3198 ταύτην

282 3228 491 3283 οἴκοθεν
514 3227 834 3298 παρετίθετο
857 3225 956 3294 τὴν
975 3222 1274 3294 τράπεζαν,
1298 3220 1434 3273 ἀλλά
1458 3219 1589 3289 παρ’
1619 3217 1817 3288 ἐτέρων
1840 3215 1955 3286 [66}

284 3318 609 3389 λαμϐάνων,
641 3314 813 3376 οὕτως
854 3314 1053 3382 ἐσχάτη
1100 3311 1298 3377 συνέζη
1346 3308 1537 3376 πενίᾳ·
1582 3307 1675 3357 καὶ
1708 3305 1958 3356 τοσοῦτον

283 3405 351 3479 ἦν
378 3406 471 3460 τοῦ
514 3404 776 3475 βασιλέως
823 3400 1199 3471 λαμπρότερος
1218 3439 1233 3461 ,
1271 3398 1344 3460 ὡς
1377 3395 1639 3456 πολλάκις
1669 3392 1830 3444 αὐτὸν
1858 3409 1958 3444 κα-

284 3498 500 3558 λοῦντος
542 3494 749 3545 ἐκείνου
796 3490 931 3561 προς
974 3488 1197 3549 ἐαυτδν,
1246 3486 1324 3558 μὴ
1361 3485 1582 3554 θελῆσαι
1634 3482 1693 3534 τὸ
1733 3480 1961 3533 Λύκειον

285 3588 524 3655 ἀφεῖναι,
558 3581 652 3635 καὶ
678 3579 811 3651 πρὸς
838 3578 929 3630 τὸν
962 3580 1171 3629 ἐκεινου
1203 3574 1469 3627 πλοῦτονα
1501 3572 1692 3623 ἐλθεῖν.
1720 3570 1826 3621 Καὶ
1855 3568 1963 3621 67:6

287 3675 383 3743 τῆς
405 3673 559 3739 δόξης
584 3670 639 3722 δὲ
660 3668 758 3737 τῆς
782 3665 1091 3739 κρατούσης
1114 3664 1208 3716 νῦν
1230 3664 1321 3715 καὶ
1342 3662 1410 3712 16
1432 3660 1671 3729 πρότερα
1691 3657 1960 3725 φαίνεται.

304 3762 507 3811 Ιούτων
544 3758 641 3827 μὲν
676 3756 785 3824 γὰρ
820 3754 886 3807 τά
912 3753 1149 3822 ὀνόματα
1183 3748 1394 3811 πολλοῖς
1427 3747 1701 3816 γνώριμα,
1742 3743 1965 3795 ἐκείνων

293 3847 347 3899 δὲ
373 3844 566 3897 οὐδενί.
608 3844 666 3894 ’0
701 3842 756 3893 δέ
786 3842 1064 3900 Σινωπεὺς
1101 3836 1262 3889 πάλιν
1290 3834 1477 3905 ἔτερος
1502 3825 1655 3894 οὗτος
1679 3830 1967 3900 φιλόσοφος

294 3933 531 4001 τοσούτῳ
575 3929 895 3983 καὶτούτων
931 3927 1022 3979 καὶ
1050 3926 1255 3995 ἐτέρων
1289 3922 1493 3993 μυρίων
1519 3920 1776 3973 τοιούτων
1814 3916 1967 3986 βασι-

298 4022 430 4073 λέων
460 4018 830 4089 εὐπορώτερος
848 4012 936 4085 ἦν,
964 4015 1056 4067 καὶ
1078 4012 1248 4065 ταῦτα
1272 4010 1483 4081 ῥακίοις
1507 4007 1682 4071 συζῶν
1701 4018 1746 4068 ε,
1776 4006 1851 4067 ὡς
1874 4003 1964 4054 τὸν

297 4106 562 4159 Φιλίππου
601 4104 691 4154 τὸν
733 4102 1019 4155 Μακεδόνα
1058 4096 1317 4169 στρατιὰν
1364 4097 1455 4147 ἐπὶ
1499 4094 1713 4162 Πέρσας
1748 4091 1965 4158 ἄγοντα,

299 4195 477 4246 πάντα
512 4192 749 4259 ἀφέντα,
785 4189 961 4241 ἰδόντα
992 4185 1155 4239 αὐτὸν
1186 4183 1438 4237 ἀπελθεῖν
1460 4222 1473 4244 ,
1510 4183 1602 4234 καὶ
1644 4178 1863 4250 ἐρέσθαι
1902 4178 1966 4229 δι’

301 4281 517 4341 ἐαυτοῦ,
546 4281 618 4350 μή
640 4294 783 4340 τινος
811 4277 1002 4336 δέοιτο,
1028 4274 1121 4327 καὶ
1144 4273 1195 4324 εί
1212 4289 1263 4324 τι
1290 4269 1501 4323 κελεύοι
1518 4286 1531 4299 ο
1555 4268 1717 4321 αὐτὸν
1742 4267 1798 4320 δέ
1820 4265 1971 4319 οὐδὲν

302 4368 647 4436 ἀπαγγεῖλαι.
676 4363 823 4435 Ἀρά
845 4380 925 4415 σοι
944 4362 1051 4413 τῶν
1081 4357 1542 4429 παραδειγμάτων
1568 4355 1705 4417 ἃλις,
1734 4354 1768 4425 ἢ
1794 4353 1971 4425 βούλει

304 4456 393 4511 καὶ
419 4456 617 4524 ἐτέρων
644 4449 1097 4521 ἐπιμνησθῶμενς
1130 4441 1288 4498 υῦτοι
1313 4445 1421 4513 γάρ
1448 4443 1567 4512 οὐχὶ
1596 4441 1705 4493 τῶν
1736 4443 1794 4492 ἐν
1823 4440 1974 4511 βασι-

302 4547 464 4611 λείοις
490 4548 647 4617 μόνον
669 4539 962 4611 λαμπρῶν,
987 4538 1098 4591 ἀλλ’
1120 4534 1285 4588 αὐτοῦ
1307 4532 1400 4585 τοῦ
1423 4532 1795 4601 βασιλεύοντος
1815 4530 1975 4598 γεγό-

305 4653 425 4689 νασι
448 4616 837 4705 λαμπρότεροι,
865 4628 955 4679 τὸν
981 4623 1247 4678 ἰδιωτικὸν
1267 4620 1513 4689 ἑλόμενοι
1537 4618 1649 4689 βίον
1672 4618 1766 4670 καὶ
1796 4616 1976 4688 ἀπρά-

306 4742 504 4797 γμονα,
536 4723 631 4776 καὶ
661 4717 933 4779 πολιτείας
960 4714 1077 4767 οὐδέ
1104 4714 1269 4781 ἐγγὺς
1304 4708 1653 4780 βουληθέντες
1683 4707 1877 4759 ἐλθεῖν.

380 4902 489 4954 Καὶ
510 4903 566 4953 ἐν
591 4900 727 4967 αὐτῇ
749 4897 805 4949 δέ
828 4897 895 4965 τῇ
920 4892 1163 4962 πολιτείᾳ
1176 4891 1275 4943 οὐκ
1298 4888 1538 4951 ἐκείνους
1558 4885 1677 4955 ὄψει
1694 4884 1979 4954 λαμπροὺς

310 4990 435 5052 τοὺς
458 4990 512 5039 ἐν
538 4986 752 5055 πλούτῳ
779 4985 873 5037 καὶ
901 4983 1079 5051 τρυφῇ
1110 4980 1205 5032 καὶ
1225 4976 1535 5047 περιουσίᾳ,
1566 4973 1702 5026 ἀλλὰ
1736 4972 1828 5024 καὶ
1854 4972 1979 5033 τοὺς

311 5080 368 5130 ἐν
404 5075 585 5143 πενίᾳ,
619 5074 742 5135 τούς
777 5075 832 5124 ἐν
868 5068 1137 5138 εὐτελείᾳ,
1168 5068 1293 5129 τοὺς
1316 5067 1372 5117 ἐν
1409 5063 1597 5131 ἀτύφῳ
1625 5061 1831 5125 ζῶντας
1860 5059 1975 5128 βίῳ.

314 5166 470 5237 Παρά
501 5164 599 5232 μὲν
642 5159 946 5231 Ἀθηναίοις
978 5154 1343 5227 Ἀριστείδης,
1377 5152 1434 5204 ὃν
1468 5151 1561 5204 καὶ
1584 5150 1982 5217 τελευτήσαντα

313 5258 347 5325 ἡ
376 5255 527 5317 πόλις
552 5252 739 5321 ἔθαψε,
760 5251 854 5302 καὶ
878 5245 1207 5315 πλούτῳηκαὶ
1228 5242 1371 5311 γένει
1393 5241 1485 5293 καὶ
1508 5241 1686 5309 τρυφῇ
1715 5238 1809 5290 καὶ
1828 5236 1983 5289 δυνά-

318 5360 405 5413 μει
436 5341 607 5408 λόγων
637 5339 729 5390 καὶ
759 5336 916 5407 ῥώμη
947 5333 1193 5402 σώματος
1219 5331 1311 5382 καὶ
1350 5328 1595 5397 εὐγενείᾳ
1626 5326 1719 5378 καὶ
1742 5327 1854 5386 τοῖς
1886 5325 1981 5377 ἆλ-

380 5518 405 5545 ⁶
429 5517 537 5565 Dno
558 5529 677 5564 mss.
703 5513 885 5562 πολλῶν
910 5512 1009 5559 ἐστι
1049 5510 1188 5568 στόμ.
1216 5504 1372 5556 Paulo
1394 5510 1503 5566 post
1539 5502 1688 5551 iidem
1714 5506 1797 5557 τῆς
1815 5516 1866 5547 τε
1901 5506 1985 5559 γῆς

315 5580 523 5634 ἀπάσης.

377 5623 413 5679 ιε
603 5638 675 5685 ὅτι
693 5636 773 5684 καὶ
795 5635 939 5694 αὐτῷ.
968 5633 1123 5680 Paulo
1159 5635 1274 5694 p05!
1298 5628 1449 5694 iidem
1493 5627 1547 5673 ἐκ
1567 5623 1746 5694 τούτων
1774 5632 1985 5694 ’φανῆναι

517 5697 756 5771 Τοσοῦτον
775 5686 935 5771 ἀρετή.
950 5694 1111 5771 βανῌ.
1138 5686 1191 5740 él.
1233 5690 1407 5739 Morel.
1432 5690 1485 5735 ἐκ
1504 5686 1672 5734 τούτου
1695 5690 1889 5746 φανῆναι
1913 5686 1986 5733 αἰ-

320 5756 527 5822 δέσιμος.
552 5759 777 5822 Τοιοῦτόν
796 5756 922 5822 ἐστιν
942 5756 1101 5818 ἀρετή.

382 5820 530 5893 {Quo
546 5836 662 5893 ,φηςι
684 5821 839 5893 τούτῳ
860 5820 1001 5893 μότερ-

389 5885 417 5923 d
446 5885 598 5934 εει-Η.
619 5884 732 5945 πρὸς
749 5875 834 5945 τήν
1050 5875 1226 5927 πενίαν.

383 5948 403 5971 ⁸
426 5947 535 5998 Duo
555 5942 667 5993 mss:
693 5942 869 6007 ῥακίοις
888 5943 996 5997 ζῶν.

720 6014 987 6073 Ρλτεοι.
1032 6014 1150 6077 Gn.
1194 6007 1452 6075 XLVII.

1077 299 1447 354 ADVERSUS
1486 298 2043 359 OPPUGNATORES
2084 303 2265 359 ἮΤᾸΞ
2309 304 2608 360 MONAST.
2650 305 2779 360 LIB.
2822 305 2884 358 ll.

3588 301 3694 356 ξέιο

2033 429 2141 483 λοις
2159 423 2323 473 πᾶσιν
2342 421 2679 475 Ἀλκιϐιάδου
2703 422 3029 493 κρατοῦντος
3050 419 3299 473 τοσοῦτον
3321 414 3697 488 λαμπρότερος

2030 504 2130 579 ἦν,
2175 509 2297 561 ὅσον
2333 508 2545 561 παιδίου
2572 509 2715 573 τινὸς
2750 508 2998 570 εὐτελοῦς
3042 508 3327 577 φιλόσοφος
3365 504 3695 574 θαυμαστός.

2032 596 2191 667 Παρὰ
2228 596 2957 667 ΘηϐαίοιςἘπαμεινώνδας,
2985 596 3081 649 ἄνθ
3093 612 3272 666 ρωπος
3298 594 3376 655 είς
3407 591 3698 661 ἐκκλησίαν

2032 684 2382 754 καλούμενος,
2414 686 2506 737 κα)⁸
2539 684 2627 738 διὰ
2652 685 2808 737 τοῦτο
2845 685 2918 754 μὴ
2964 683 3258 753 δυνάμενος
3284 682 3481 739 ἐλθεῖν.
3511 679 3699 749 ἐπειδὴ

2034 771 2181 840 αὐτῷ
2212 772 2273 824 16
2307 774 2519 842 ἱμάτιον
2552 772 2708 842 ἔτυχε
2740 772 3089 841 πλυνόμενον,
3125 772 3219 823 καὶ
3250 771 3435 840 ἕτερον
3482 766 3699 836 περιθέ-

2037 856 2159 909 σθαι
2186 859 2285 910 οὐκ
2311 855 2444 927 εἶχε,
2467 858 2682 911 πάντων
2711 858 2816 910 τῶν
2838 858 3141 928 γενομένων
3171 855 3355 908 αὐτόθι
3381 850 3703 925 στρατηγῶν

2036 947 2431 1015 ἐπισημότερος
2474 943 2562 1017 ἦν.
2607 946 2696 1017 Μὴ
2742 947 2917 999 τοίνυν
2965 963 3053 1015 μοι
3096 946 3195 1017 τὴν
3240 943 3474 1015 ἐρημίαν
3521 941 3700 1011 εἴπῃς,

2040 1032 2174 1102 μηδέ
2193 1032 2261 1085 τὰ
2282 1034 2547 1102 βασίλεια.
2577 1036 2649 1086 Οὐ
2672 1034 2779 1103 γάρ
2808 1037 2863 1085 ἐν
2879 1036 3063 1095 τόποις
3088 1032 3157 1085 16
3180 1036 3277 1101 τῆς
3299 1029 3704 1100 λαμπρότητος,

2038 1122 2133 1174 καὶ
2160 1120 2230 1174 τὰ
2254 1122 2353 1191 τῆς
2382 1123 2754 1193 περιφανείας,
2786 1121 2905 1173 οὐδέ
2938 1122 2994 1172 ἐν
3026 1120 3281 1190 ἱματίοις,
3309 1118 3428 1171 οὐδὲ
3459 1119 3517 1169 ἐν
3544 1115 3706 1180 ἀξιώ-

2040 1226 2191 1276 ματι,
2222 1209 2343 1262 οὐδὲ
2379 1211 2436 1261 ἐν
2459 1209 2765 1278 δυναστείᾳ,
2793 1209 2907 1261 ἀλλ’
2942 1210 2998 1260 ἐν
3029 1208 3198 1278 ἁρετῇ
3226 1206 3405 1277 ψυχῆς
3438 1205 3529 1257 καὶ
3558 1204 3705 1271 φιλο-

2041 1298 2201 1367 σοφίᾳ
2236 1298 2416 1367 μόνον.

2113 1469 2187 1534 ς’.
2210 1471 2352 1524 Ἀλλ’
2379 1471 2566 1542 ἐπειδὴ
2590 1472 2659 1524 16
2675 1471 3093 1542 παραδείγματα
3122 1470 3182 1523 οὐ
3198 1467 3465 1537 τοσαύτην
3482 1464 3706 1535 ἐχειτὴν

2046 1559 2217 1627 ίσχὺν,
2247 1560 2340 1611 ἀπ’
2364 1559 2527 1612 αὐτοῦ
2550 1559 2642 1611 τοῦ
2674 1558 2764 1612 σοῦ
2796 1559 2984 1621 παιδὸς
3008 1559 3302 1629 ποιήσομαι
3325 1555 3418 1625 τὴν
3439 1554 3703 1619 ἐξέτασιν.

2042 1647 2359 1717 Εὑρήσομεν
2396 1646 2505 1717 γὰρ
2534 1648 2694 1700 αὐτὸν
2734 1647 2795 1699 οὐ
2828 1646 2985 1717 μόνον
3021 1646 3397 1716 λαμπρότερον
3432 1642 3561 1695 ὄντα
3588 1638 3705 1701 νῦν,

2042 1732 2178 1785 ἀλλὰ
2210 1736 2303 1785 καὶ
2332 1732 2399 1785 δι’
2421 1735 2603 1786 ἐκεῖνα
2651 1732 2974 1804 τιμιώτερον
3002 1732 3021 1770 τ
3040 1772 3053 1795 ,
3082 1732 3146 1784 δι’
3179 1731 3320 1800 ἆπερ
3347 1729 3539 1798 ἄτιμον
3570 1721 3707 1780 εἶναι

2044 1822 2149 1889 φῂς
2179 1822 2269 1873 καὶ
2298 1822 2508 1891 εὐτελῆ.
2537 1821 2598 1874 Ei
2628 1822 2735 1890 γάρ
2759 1821 2937 1891 βούλει
2966 1821 3247 1881 πείσαντες
3276 1816 3437 1870 αὐτὸν
3475 1815 3581 1868 ἀπὸ
3616 1812 3709 1867 τοῦ

2043 1908 2201 1978 ὅρους
2230 1909 2528 1973 κατελθεῖν,
2562 1910 2837 1979 πείσωμεν
2862 1910 2955 1961 καὶ
2980 1908 3059 1971 είς
3090 1907 3293 1978 ἀγορὰν
3316 1903 3587 1975 ἐμϐαλεῖν,
3616 1903 3712 1955 καὶ

2044 1999 2163 2067 ὄψει
2188 2000 2367 2051 πᾶσαν
2389 1999 2852 2070 ἐπιδ-τρεφομένην
2868 1998 2963 2068 τὴν
2985 1996 3158 2057 πόλιν,
3185 1995 3275 2048 καὶ
3293 1992 3711 2053 ύποδεικνύντας

2045 2088 2205 2140 αὐτὸν
2254 2090 2497 2151 ἃπαντας
2529 2088 2622 2140 καὶ
2666 2086 3044 2156 θαυμάζοντας
3086 2085 3179 2136 καὶ
3218 2080 3708 2151 ἐκπληττομένους,

2044 2175 2120 2238 ὡς
2165 2176 2397 2244 ἀγγέλου
2447 2175 2592 2237 τινὸς
2635 2174 2693 2240 ἐξ
2730 2172 2960 2244 οὐρανοῦ
2999 2168 3441 2241 παραγενομένου
3487 2166 3601 2220 νῦν.
3639 2165 3712 2219 Ἦ

2046 2262 2232 2333 ἕτερόν
2266 2280 2347 2314 σοι
2374 2263 2440 2315 16
2469 2264 2567 2331 τῆς
2593 2261 2749 2330 δόξης
2777 2279 2830 2313 τι
2856 2255 2992 2311 εἶναι
3016 2259 3191 2321 δοκεῖς
3220 2257 3294 2309 Οὐ
3315 2255 3423 2325 γὰρ
3444 2254 3507 2323 δὴ
3524 2253 3631 2305 τῶν
3654 2254 3713 2304 ἐν

2052 2350 2341 2419 βασιλείοις
2373 2348 2524 2401 ἔσται
2554 2348 3015 2419 περιφανέστερος
3049 2345 3227 2415 μόνον,
3262 2342 3399 2397 ἀλλά
3427 2343 3520 2394 καὶ
3550 2339 3714 2393 αὐτοῦ

2048 2438 2142 2490 τοῦ
2173 2439 2231 2490 16
2274 2437 2510 2508 διάδημα
2536 2435 2941 2505 περικειμένου,
2984 2434 3073 2486 διὰ
3102 2432 3169 2485 16
3209 2432 3401 2502 ἱμάτια
3434 2430 3615 2482 ἐκεῖνα
3647 2427 3717 2480 16

2050 2527 2237 2595 εὐτελῆ
2270 2528 2361 2579 καὶ
2391 2524 2869 2595 κατατετριμμένα
2901 2531 2949 2575 8.
2983 2521 3059 2575 Οὐ
3091 2520 3198 2589 γὰρ
3233 2520 3297 2573 ἂν
3329 2517 3499 2580 οὕτως
3538 2517 3714 2571 ᾶπαν-

2050 2633 2146 2677 τας
2179 2613 2469 2684 ἐξέπληττε
2508 2612 2885 2684 χρυσοφορῶν,
2933 2610 3130 2682 μᾶλλον
3173 2609 3229 2660 δέ
3271 2606 3365 2659 καὶ
3403 2605 3713 2676 ἁλουργίδα,

2052 2704 2145 2755 καὶ
2177 2701 2337 2753 αὐτὸν
2366 2701 2455 2753 τὸν
2500 2700 2759 2767 στέφανον
2791 2697 3169 2767 περικείμενος
3204 2694 3297 2746 ἐπὶ
3328 2692 3430 2761 τῆς
3453 2690 3714 2759 κεφαλῆς,

2055 2791 2147 2843 καὶ
2174 2793 2286 2852 τοῖς
2322 2793 2566 2859 σηρικοῖς
2593 2786 2826 2854 ἐπικαθή
2836 2802 2993 2855 μενος
3020 2782 3321 2854 στρώμασι,
3356 2781 3449 2833 καὶ
3479 2780 3583 2832 ὐπὸ
3610 2778 3718 2830 τῶν

2056 2879 2293 2948 ἡμιόνων
2318 2878 2625 2947 ἑλκόμενος,
2649 2876 2885 2936 καὶτοὺς
2908 2869 3373 2945 χρυσοφοροῦντας
3395 2866 3719 2939 δορυφόρους

2057 2968 2195 3037 ἔχων
2215 3007 2229 3032 ,
2261 2967 2335 3029 ὡς
2366 2966 2459 3018 νῦν
2495 2964 2681 3036 ῥυπῶν
2716 2962 2809 3015 καὶ
2843 2958 3067 3030 αὐχμῶν
3102 2960 3194 3011 καὶ
3222 2958 3366 3026 παχὺ
3396 2954 3722 3026 περιδεόληο

2061 3056 2218 3125 μένος
2240 3055 2474 3123 ἱμάτιον,
2498 3052 2591 3105 καὶ
2616 3052 2816 3122 μηδένα
2841 3047 3232 3103 ἀκολουθοῦντα
3255 3045 3610 3113 ἐπαγόμενος,
3630 3042 3723 3093 καὶ

2057 3145 2379 3206 ἀνυπόδετος
2409 3142 2502 3195 ὢν.
2533 3143 2748 3194 Ἐκεῖνα
2776 3140 2873 3209 μὲν
2901 3137 3008 3208 γὰρ
3028 3136 3094 3188 16
3124 3135 3217 3187 τοῦ
3252 3132 3513 3204 βασιλέως
3542 3130 3727 3200 νόμοις

2061 3252 2119 3287 τε
2159 3233 2415 3303 ῶρισται,
2460 3231 2554 3285 καὶ
2591 3230 2690 3299 τῆς
2743 3225 3028 3295 συνηθείας
3063 3223 3214 3275 ἐστί’
3244 3223 3340 3275 καὶ⁸
3377 3219 3463 3274 διὰ
3501 3218 3670 3271 ταῦτα
3697 3218 3727 3258 ι

2065 3324 2166 3378 κᾶν
2183 3324 2325 3377 εἴποι
2346 3339 2427 3385 τις
2444 3319 2736 3391 θαυμάζων
2756 3315 2845 3369 16v
2867 3312 3109 3385 βασιλέα,
3127 3308 3241 3382 [6η
3258 3310 3337 3361 ὃτι
3362 3306 3550 3376 στολὴν
3572 3322 3728 3377 7159:-

2065 3412 2322 3481 ϐέόληται
2355 3410 2584 3482 χρυσῆν,
2617 3409 2677 3460 οὐ
2730 3406 2885 3477 μόνον
2928 3402 2990 3458 οὐ
3031 3397 3411 3465 θαυμάζομεν,
3459 3395 3594 3448 ἀλλά
3635 3396 3728 3449 καὶ

2063 3502 2312 3571 γελῶμεν
2353 3500 2413 3551 16
2452 3498 2663 3567 λεχθὲν,
2695 3496 2771 3559 ὡς
2810 3496 2961 3548 οὐδὲν
2992 3493 3113 3563 ἔχον
3144 3490 3477 3564 παράδοξον·
3512 3490 3635 3561 περὶ
3673 3489 3730 3545 δὲ

2062 3590 2156 3643 τοῦ
2184 3589 2394 3642 παιδίου
2415 3586 2508 3640 τοῦ
2536 3585 2626 3639 σοῦ
2651 3584 2716 3638 ἂν
2743 3583 2914 3637 ἐλθών
2941 3601 3021 3645 τις
3041 3582 3370 3652 ἀπαγγείλῃ,
3393 3580 3475 3634 ὅτι
3501 3578 3729 3632 πλούτου

2065 3675 2445 3744 καταγελάσας
2480 3673 2574 3725 τοῦ
2611 3670 2898 3743 πατρικοῦ,
2946 3670 3040 3723 καὶ
3072 3668 3170 3739 τὴν
3196 3667 3453 3737 βιωτικὴν
3480 3679 3731 3718 καταπα-

2064 3769 2233 3837 τήσας
2269 3764 2589 3834 φαντασίαν,
2621 3761 2714 3814 καὶ
2756 3760 2864 3812 τῶν
2899 3758 3177 3827 κοσμικῶν
3204 3755 3432 3809 ἐλπίδων
3464 3751 3735 3822 ἀνώτερος

2066 3853 2372 3923 γενόμενος,
2417 3850 2550 3921 πρὸς
2581 3848 2680 3918 τὴν
2719 3847 2955 3918 ἐρημίαν
2996 3844 3249 3915 μετέστη,
3290 3841 3385 3895 καὶ
3416 3838 3734 3910 χιτωνίσκον

2072 3940 2276 4011 σαπρὸν
2303 3937 2453 3990 ἐνέδυ
2485 3936 2579 3989 καὶ
2610 3933 2829 4003 φαῦλον,
2860 3934 3059 3994 πάντες
3087 3931 3287 3992 εὐθέως
3310 3925 3736 4000 συνδραμοῦνται

2071 4032 2164 4084 καὶ⁵
2194 4028 2534 4098 θαυμάσουσι
2552 4026 2642 4077 καὶ
2664 4026 3018 4094 κροτήσουσιν
3041 4021 3180 4087 ὐπέρ
3211 4020 3307 4087 τῆς
3336 4013 3737 4088 μεγαλοψυχίας

2071 4118 2253 4171 αὐτόν.
2284 4116 2395 4167 Καὶ
2432 4114 2540 4165 τῶν
2580 4115 2676 4183 μὲν
2723 4110 2985 4181 βασιλέων
3018 4108 3185 4179 μυρία
3225 4101 3736 4175 κατηγορουμένων,

2071 4206 2222 4258 οὐδὲν
2248 4204 2314 4255 16
2340 4204 2529 4272 ἱμάτια
2558 4200 2923 4273 προστήσεται
2952 4197 3018 4249 τα
3046 4195 3240 4266 χρυσᾶ,
3273 4190 3521 4244 τοσοῦτον
3544 4186 3737 4256 ἀπέχει

2074 4290 2420 4362 θαυμαστοὺς
2450 4286 2619 4352 δεῖξαι
2655 4288 2814 4349 ὄντας
2840 4284 3055 4346 αὐτούς’
3091 4275 3243 4344 οὗτος
3274 4281 3330 4333 δὲ
3372 4278 3465 4331 καὶ
3497 4275 3603 4329 ἀπό
3631 4275 3742 4326 τῶν

2078 4380 2305 4450 ἱματίων
2356 4377 2558 4439 πολλὰς
2600 4375 2712 4446 ἔχει
2755 4373 2849 4426 τοῦ
2897 4370 3272 4441 θαυμάζεσθαι
3320 4367 3419 4429 τὰς
3463 4362 3739 4433 ἀφορμάς.

2079 4449 2238 4521 ’Ὥστε
2268 4466 2407 4535 α’ύτη
2435 4468 2468 4536 ἡ
2496 4464 2654 4535 στολὴ
2680 4465 2776 4534 τῆς
2804 4461 3088 4532 βασιλικῆς
3110 4458 3310 4528 μᾶλλον
3333 4454 3493 4509 αὐτὸν
3515 4449 3745 4506 ἀπόϐλεο

2078 4574 2209 4609 πτον
2243 4556 2486 4623 ἀπέφηνε
2524 4554 2615 4605 καὶ
2646 4551 2919 4622 περιφανῆ
2940 4591 2954 4612 ,
2996 4549 3046 4599 εἴ
3075 4564 3138 4615 γε
3180 4546 3245 4598 δι’
3275 4543 3488 4611 ἐκείνην
3517 4538 3615 4609 μὲν
3649 4537 3742 4590 οὐ·

2076 4645 2187 4707 δεῖς
2212 4643 2434 4713 βασιλέα
2463 4640 2763 4709 ἐθαύμασε,
2788 4637 2875 4689 διὰ
2903 4637 2957 4688 δὲ
2981 4635 3181 4703 ταύτην
3207 4632 3440 4692 ἅπαντες
3468 4627 3558 4680 16v
3584 4642 3709 4695 περι
3726 4654 3741 4665 ο

2079 4733 2329 4801 κείμενον
2371 4730 2823 4798 ἐκπλαγήσονται.
2868 4725 2975 4777 Καὶ
3026 4724 3077 4775 τί
3129 4738 3250 4791 μοι,
3297 4719 3460 4787 φησὶ,
3513 4715 3610 4783 τῆς
3638 4713 3745 4765 τῶν

2080 4820 2290 4873 πολλῶν
2325 4818 2574 4879 ὑπονοίας
2596 4815 2783 4883 ὄφελος
2809 4815 2901 4865 καὶ
2926 4811 3031 4863 τῶν
3055 4808 3320 4868 ἐπαίνωνς
3351 4806 3461 4857 Καὶ
3488 4801 3590 4872 μὴν
3620 4799 3745 4865 δόξα

2079 4909 2229 4961 οὐδὲν
2248 4908 2434 4977 ’έτερόν
2466 4908 2633 4966 ἐστιν,
2668 4902 2781 4955 ἀλλ’
2806 4901 2839 4970 ἢ
2872 4899 3066 4951 ταῦτα.
3093 4895 3232 4948 Ἀλλ’
3259 4894 3319 4945 οὐ
3350 4892 3560 4959 δέομαι,
3589 4891 3741 4957 φησί,

2080 5001 2302 5068 ταύτης,
2332 4996 2648 5051 δυναστείαν
2693 4995 2747 5046 δὲ
2776 4991 2923 5061 ζητῶ
2963 4989 3058 5042 καὶ
3086 4988 3272 5057 τιμήν.
3321 4983 3461 5035 Ἀλλ’
3498 4982 3546 5034 οἱ
3590 4982 3745 5032 ἐπαι·

2084 5089 2298 5150 νοῦντες
2330 5089 2422 5139 καὶ
2441 5087 2730 5157 τιμήσουσι
2748 5084 2982 5143 πάντως.
3012 5080 3072 5131 El
3097 5077 3153 5130 δὲ
3174 5074 3489 5128 δυναστείαν
3521 5072 3697 5143 βούλει
3725 5072 3744 5108 ί

2084 5178 2175 5230 καὶ
2215 5176 2570 5245 προστασίαν,
2618 5173 2711 5225 καὶ
2757 5170 2958 5239 ταύτην
3006 5168 3104 5236 οὐχ
3145 5161 3306 5235 ἦττον
3333 5161 3440 5214 τῶν
3470 5160 3750 5232 προτέρων

2085 5267 2236 5337 παρά
2261 5264 2471 5325 τούτοις
2507 5258 2674 5315 οὖσαν
2711 5259 2908 5329 μᾶλλον
2952 5257 3276 5326 εὑρήσομεν·
3311 5253 3401 5306 καὶ
3427 5252 3619 5321 ἔχομεν
3652 5246 3750 5317 μὲν

2085 5333 2217 5409 αὐτὸ
2246 5356 2336 5407 καὶ
2366 5355 2430 5407 ἐκ
2461 5351 2919 5424 παραδειγμάτων
2954 5349 3121 5399 ποιεῖν
3152 5342 3411 5415 φανερὸν,
3453 5339 3545 5391 ἐπὶ
3573 5337 3630 5389 δὲ
3658 5333 3751 5387 16v

2088 5445 2323 5515 μάλιστά
2367 5460 2426 5495 σε
2458 5440 2952 5512 παραμυθούμενον
2983 5437 3180 5505 τρόπον
3221 5433 3483 5492 ἐλθόντες,
3527 5427 3625 5480 οὐκ
3664 5424 3750 5477 ἐπ’

2087 5536 2260 5590 ἄλλων
2296 5533 2486 5595 τινῶν,
2525 5530 2639 5583 ἀλλ’
2672 5529 2756 5580 ἐπ’
2789 5525 2953 5580 αὐτοῦ
2980 5523 3075 5577 τοῦ
3116 5521 3208 5574 σοῦ
3238 5520 3424 5580 παιδὸς
3464 5516 3553 5569 τὸν
3597 5514 3754 5582 λόγον

2162 5740 2179 5779 ἲ
2208 5744 2314 5790 Duo
2336 5752 2447 5786 mss.
2472 5738 2552 5785 καὶ
2573 5738 2631 5784 δι’
2656 5736 2811 5783 ἐκεῖνα
2828 5738 3155 5797 χαλεπωτέρα.

2156 5806 2179 5837 ιτ
2208 5805 2310 5851 Ι)υο
2341 5815 2455 5849 mss.
2478 5800 2828 5860 ἐκτετριμμένα.

2157 5862 2183 5903 δ
2207 5867 2311 5913 Duo
2331 5876 2444 5909 mss.
2469 5862 2548 5909 δια
2567 5854 2759 5915 ταύτην,
2781 5857 2931 5906 Savil.
2955 5864 3001 5903 et
3025 5856 3199 5906 Morel.
3224 5854 3300 5903 δια
3318 5870 3469 5915 mw:

2164 5927 2177 5964 ί
2208 5910 2288 5976 Sic
2311 5937 2400 5973 nos
2419 5936 2526 5971 cum
2550 5910 2772 5971 διώξει
2800 5933 2894 5970 uno
2913 5920 3019 5969 cod.
3043 5917 3323 5972 Leuebalur
3346 5910 3655 5966 806).1:.E2ﬂ'.

3283 5976 3355 6038 19
