4116 6392
310 287 409 346 5H

312 407 658 479 εξετάσωμεν
687 421 710 449 ι
746 409 956 464 τοῦτον.
995 411 1059 464 Τί
1091 412 1200 482 γὰρ
1245 412 1529 483 δυνάμεως
1577 410 1678 482 τῆς
1721 411 1984 482 μεγίστης

315 498 612 568 τεκμήριον
638 493 775 550 εἶναι
800 497 934 569 φῄςς
961 498 1023 552 οὐ
1049 500 1110 552 τὸ
1134 500 1395 554 δύνασθαι
1419 501 1516 571 μὲν
1539 499 1841 571 ἀμύνεσθαι
1859 500 1985 562 τοὺς

316 581 641 649 λυποῦντας,
667 583 927 638 δύνασθαι
961 585 1018 638 δὲ
1039 588 1169 650 τοὺς
1191 587 1614 659 εὐεργετοῦντας
1639 586 1988 658 ἁμείὸεσθαις

319 667 512 726 Καίτοι
539 689 602 741 γε
631 671 836 743 ταύτην
862 671 1081 727 ἃπασαν
1105 674 1224 726 οὐδὲ
1248 674 1400 746 παρά
1423 674 1502 745 τῷ
1526 673 1860 744 βασιλεύοντι
1893 674 1990 726 ἴδοι

315 776 400 823 τις
436 759 502 813 ἄν
522 776 536 790 ·
573 761 667 813 καὶ
698 759 809 831 γὰρ
851 760 1080 824 πολλοὺς
1108 761 1222 832 ἔχει
1247 763 1374 824 τοὺς
1402 761 1736 824 λυποῦντας,
1766 760 1858 824 οὓς
1889 762 1990 815 οὐκ

317 846 386 902 ἂν
415 845 631 901 δύναιτο
678 847 891 910 λυπεῖν,
925 849 1018 900 καὶ
1047 848 1273 912 πολλοὺς
1311 850 1437 912 τοὺς
1463 845 1521 903 εὖ
1557 848 1867 912 ποιοῦντας,
1898 847 1992 913 οὓς

317 935 418 988 οὐκ
447 935 513 988 ἂν
541 934 778 998 εὐκόλως
804 935 1115 1005 ἀμείψαιτο.
1154 937 1262 991 Καὶ
1295 937 1403 1008 γὰρ
1422 938 1480 990 ἐν
1513 936 1770 1008 πολέμοις
1794 935 1990 990 πολλά-

318 1037 405 1084 κις
426 1021 776 1093 λυπήσαντας
815 1022 1126 1093 πολεμίους,
1162 1025 1257 1077 καὶ
1297 1025 1466 1095 μυρία
1497 1025 1660 1078 αὐτὸν
1694 1024 1990 1096 εἰργασμέ-

318 1125 440 1172 νους
476 1109 656 1172 κακά,
693 1107 1006 1180 ἀμύνασθαι
1043 1110 1358 1182 ἐπεθύμησε
1406 1114 1524 1182 μὲν,
1561 1113 1662 1166 οὐκ
1691 1114 1878 1184 ῐσχυσε
1908 1112 1986 1166 δέ⁵

317 1194 411 1246 καὶ
431 1194 620 1263 φίλους
640 1195 698 1249 δέ
728 1195 940 1266 μεγάλα
962 1197 1405 1269 ἐπιδειξαμένους
1424 1201 1541 1252 ἐκεῖ
1566 1198 1988 1269 κατορθώματα,

315 1281 418 1334 οὐκ
450 1280 576 1351 ἑσχε
603 1283 716 1345 τοῖς
738 1281 872 1346 ῐσοις
904 1281 1262 1352 ἀμείψασθαι,
1301 1283 1858 1355 προαναρπασθέντας
1889 1283 1991 1353 τῆς

317 1367 655 1433 ἀντιδόσεως,
679 1368 774 1421 καὶ
805 1369 864 1422 ἐν
905 1368 1054 1440 αὑτῷ
1093 1369 1170 1440 τῷ
1204 1369 1422 1441 πολέμῳ
1460 1371 1746 1434 πεσόντας.
1781 1371 1845 1423 Τί
1872 1367 1988 1435 οὖν,

318 1453 384 1508 ἂν
413 1453 619 1527 ταύτης
643 1457 742 1528 τῆς
772 1456 1074 1528 δυνάμεως,
1101 1454 1170 1529 ἦς
1190 1459 1310 1511 οὐδέ
1342 1457 1580 1527 βασιλεῖς
1603 1457 1988 1522 ἀπολαύουσιν,

315 1539 391 1602 ὡς
409 1543 438 1594 ό
461 1540 615 1610 λόγος
646 1541 952 1608 ἀπέδειξεν,
980 1543 1177 1614 ἑτέραν
1203 1543 1380 1614 πολλῷ
1411 1544 1633 1614 μείζονα
1655 1544 1750 1598 καὶ
1764 1543 1855 1596 τὸν
1876 1543 1989 1596 υἱὸν

317 1627 510 1697 ἔχοντα
539 1629 916 1701 ἀποδείξωμεν
943 1620 1034 1684 τόν
1057 1632 1176 1698 σόν;
1213 1630 1317 1685 Καὶ
1345 1632 1535 1703 μηδεὶς
1553 1630 1684 1696 ἴσως
1704 1631 1772 1684 τὰ
1802 1633 1860 1684 ἐν
1879 1633 1990 1694 τοῖς

315 1716 567 1785 οὐρανοῖς
595 1717 774 1786 ἀγαθὰ
806 1717 1068 1773 ὑπολάϐοι
1098 1718 1366 1787 λεγόντων
1393 1719 1574 1790 ἡμῶν,
1605 1715 1686 1782 οἷς
1715 1721 1988 1781 ἀπιστεῖς·

317 1801 416 1874 οὐχ
447 1803 620 1868 οὕτως
644 1804 1044 1876 ἐπιλελήσμεθα
1070 1807 1177 1859 τῶν
1201 1805 1566 1877 ὑποσχέσεων·
1599 1806 1714 1860 ἀλλ’
1747 1805 1856 1860 ἀπὸ
1883 1806 1991 1859 τῶν

319 1889 552 1944 ἐνταῦθα
602 1892 902 1964 γινομένων
954 1893 1298 1965 παρεξόμεθα
1325 1895 1424 1965 τὴν
1451 1893 1746 1960 ἀπόδειξιν.
1788 1895 1849 1947 Εἰ
1882 1893 1990 1964 γὰρ

317 1975 544 2048 δύναμις
586 1977 726 2048 αὐτη
769 1978 1022 2050 μεγίστη,
1063 1981 1125 2033 τὸ
1161 1980 1462 2044 λυποῦντας
1502 1981 1760 2034 δύνασθαι
1787 1979 1991 2050 ἀμύνε-

322 2063 468 2126 σθαι,
498 2064 676 2136 πολλῴ
712 2065 896 2136 μεῖζον
932 2066 1132 2138 ταύτης
1178 2067 1238 2120 τὸ
1261 2067 1515 2138 τοιαύτην
1543 2069 1721 2140 εὑρεῖν
1752 2067 1846 2121 τοῦ
1875 2068 1990 2138 βίου

320 2151 671 2219 κατάστασιν,
698 2153 757 2207 ἐν
859 2155 959 2224 μὲν
991 2155 1102 2208 οὐδ’
1127 2155 1192 2210 ἂν
1215 2156 1242 2194 δ
1264 2156 1420 2228 ἐθέλῃ
1449 2173 1534 2219 τις
1565 2155 1805 2226 λυπῆσαι
1830 2156 1993 2226 δυνή-

321 2252 508 2291 σεται·
549 2239 632 2292 ὅτι
675 2238 787 2309 γὰρ
826 2239 1039 2294 ἐκείνου
1083 2241 1241 2294 τοῦτο
1295 2243 1513 2312 μεῖξον,
1561 2240 1628 2294 ἂν
1674 2241 1760 2309 ἐφ’
1808 2243 1992 2311 ἕτερον

319 2323 670 2398 παράδειγμα
711 2327 803 2381 τὸν
827 2327 983 2396 λόγον
1014 2328 1333 2398 ἀγάγωμεν,
1371 2329 1530 2399 δῆλον
1557 2329 1688 2400 ἡμῖν
1717 2329 1872 2383 ἔσται
1898 2330 1994 2383 καὶ

321 2412 574 2484 φανερόν.
603 2412 738 2466 Είπέ
759 2415 867 2486 γάρ
903 2431 1013 2486 μοι,
1036 2414 1087 2468 τί
1120 2415 1345 2485 βέλτιον,
1369 2414 1543 2479 οὕτως
1569 2416 1832 2488 ἔμπειρον
1853 2410 1992 2472 εἶναι

317 2499 385 2552 τὰ
418 2499 712 2571 πολεμικὰ,
740 2502 815 2565 ὼς
847 2503 1050 2574 μηδένα
1084 2502 1194 2555 τῶν
1216 2503 1626 2574 τιτρωσκόντων
1646 2505 1793 2575 ἡμᾶς
1816 2505 1995 2577 ἄτρω-

318 2602 410 2638 τον
439 2587 745 2656 διαφυγεῖν,
782 2588 815 2657 ἢ
851 2589 1010 2659 σῶμα
1041 2588 1340 2659 κεκτῆσθαι
1372 2588 1634 2652 τοιοῦτον,
1659 2591 1734 2654 ὡς
1773 2591 1992 2662 μηδένα,

319 2671 424 2726 κᾶν
454 2674 624 2745 μυρία
655 2677 818 2746 ποιῇ,
852 2675 1110 2730 δύνασθαι
1138 2675 1338 2746 πλῆξαι
1366 2677 1427 2730 τὸ
1457 2676 1644 2747 σῶμα;
1680 2679 1851 2733 Παντί
1888 2697 1994 2733 που

317 2759 496 2830 δῆλον,
519 2761 601 2813 ὅτι
627 2760 783 2814 τοῦτο
814 2762 1022 2815 ἐκείνου
1051 2763 1146 2816 καὶ
1171 2762 1540 2834 δυνατώτερον
1571 2766 1664 2818 καὶ
1703 2765 1992 2839 θειότερον·

319 2849 414 2900 καὶ
433 2848 494 2900 οὐ
515 2848 675 2902 τοῦτο
698 2849 878 2920 μόνον,
903 2850 1040 2905 ἀλλά
1060 2850 1152 2905 καὶ
1178 2852 1206 2904 ὃ
1235 2851 1414 2922 πολλῷ
1441 2863 1462 2890 ο
1491 2853 1680 2907 τούτου
1703 2854 1991 2926 ἀνώτερον.

320 2937 477 2990 Ποῖον
517 2938 575 2992 δὲ
620 2938 804 3005 τοῦτο;
841 2940 914 2992 Τὸ
939 2939 1206 3011 φάρμακα
1245 2941 1463 3006 εἰδέναι,
1493 2942 1561 2995 δι’
1588 2936 1662 2996 ὧν
1702 2942 1818 3016 [68]
1849 2947 1994 3011 ἀφα-

317 3025 633 3096 νισθήσεται
673 3027 743 3081 τά
783 3026 1074 3099 τραύματα
1110 3029 1309 3082 πάντα.
1346 3029 1523 3101 Τριῶν
1558 3030 1737 3084 τοίνυν
1777 3032 1995 3104 τρόπων

317 3113 511 3182 ὅντων,
556 3115 676 3180 ἑνὸς
718 3117 816 3188 μὲν
842 3117 935 3171 τοῦ
979 3117 1238 3170 δύνασθαι
1269 3119 1394 3183 τοὺς
1432 3118 1752 3184 ἀδικοῦντας
1791 3120 1995 3191 ἀμύνε-

321 3201 477 3270 σθαι,
528 3203 718 3275 ἑτέρου
752 3205 809 3258 δὲ
837 3205 1111 3276 ἀνωτέρου
1148 3205 1243 3259 τοῦ
1274 3207 1368 3260 καὶ
1409 3207 1476 3260 τὰ
1499 3208 1674 3260 οἰκεῖα
1707 3210 1997 3282 τραύματα

327 3288 675 3361 θεραπεύειν·
703 3293 765 3346 οὐ
790 3292 900 3365 γὰρ
925 3293 1118 3346 ἕπεται
1141 3293 1298 3346 τοῦτο
1324 3293 1542 3358 πάντως
1566 3295 1778 3367 ἐκείνῳ·
1809 3298 1996 3368 τρίτου

319 3376 380 3430 δὲ
406 3378 500 3432 τοῦ
538 3381 730 3452 μηδενὶ
773 3382 882 3434 τῶν
916 3382 1084 3435 ὅντων
1130 3381 1435 3452 ἀνθρώπων
1476 3383 1797 3454 εὐχείρωτον
1835 3382 1994 3449 εἶναι,

319 3466 349 3519 ὃ
367 3465 433 3539 δὴ
462 3468 557 3521 καὶ
587 3468 771 3539 μεῖξον
799 3468 1015 3538 φύσεως
1045 3467 1394 3542 ἀνθρωπίνης
1423 3469 1560 3534 ἐστὶ,
1584 3470 1741 3524 τοῦτο
1762 3473 1854 3526 τὸν
1883 3473 1996 3528 υἱὸν

326 3554 420 3607 σὸν
450 3553 645 3625 ἔχοντα
671 3555 1048 3626 ἀποδείξομεν.

393 3641 457 3707 ζ’.
485 3643 590 3696 Καὶ
611 3643 767 3696 ὅτιού
788 3643 955 3714 ψόφος
983 3642 1152 3697 ταῦτα
1182 3643 1250 3696 τὰ
1274 3644 1514 3714 ῥήματα,
1537 3647 1629 3698 καὶ
1662 3645 1864 3718 ταύτης
1895 3649 1995 3721 τῆς

329 3731 575 3802 μεγάλης
597 3731 878 3802 δυνάμεως
894 3731 1085 3804 ἑτέραν
1102 3731 1262 3785 πάλιν
1295 3732 1515 3802 μείζονα
1534 3734 1736 3803 μεταξὺ
1770 3735 1995 3806 ζητοῦν-

322 3836 418 3882 τες
441 3819 779 3891 εὑρήκαμεν.
828 3821 901 3873 Οὐ
941 3818 1050 3891 γὰρ
1092 3819 1156 3889 δὴ
1203 3819 1362 3889 μόνον
1389 3819 1449 3872 οὐ
1488 3819 1851 3891 δυναμένους,
1879 3826 1994 3878 ἀλλ’

320 3906 444 3960 οὐδὲ
475 3905 835 3977 βουλομένους
862 3906 1084 3960 ἐκείνων
1114 3906 1310 3976 βλάψαι
1337 3907 1488 3970 τινὰς
1514 3907 1700 3978 ὄψεταί
1726 3928 1828 3974 τις·
1853 3911 1993 3965 ὣστε

321 3995 490 4049 διπλᾶ
522 3994 594 4049 τὰ
623 3995 724 4065 τῆς
756 3994 1054 4063 ἀσφαλείας
1096 3993 1262 4063 αὐτῷ.
1288 3995 1352 4047 Τί
1379 3991 1470 4049 οὖν
1501 3995 1772 4069 θειότερον
1803 4000 1997 4068 γένοιτ’

321 4083 390 4137 ἂν
442 4082 648 4154 ταύτης
681 4083 780 4153 τῆς
808 4083 974 4154 ζωῆς,
1021 4077 1135 4156 ἐνῇ
1173 4083 1361 4152 μηδεὶς
1399 4084 1533 4154 μήτε
1560 4084 1808 4157 ἐθελήσῃ,
1838 4090 1995 4159 μήτε,

321 4171 391 4225 ἂν
422 4171 602 4242 ἐθέλῃ,
627 4171 917 4238 δυνήσεται
947 4169 1171 4240 ποιῆσαι
1208 4171 1426 4234 κακῶςς
1456 4174 1549 4225 καὶ
1584 4173 1839 4244 μάλιστα,
1874 4177 2000 4230 ὅταν

322 4255 384 4313 τὸ
406 4261 479 4329 μὴ
503 4258 676 4312 θέλειν
691 4260 876 4312 οὐκέκ
898 4258 992 4312 τοῦ
1017 4262 1092 4330 μὴ
1105 4258 1615 4329 δύνασθαιγίνηται,
1636 4262 1888 4335 καθάπερ
1909 4267 2000 4318 ἐπὶ

321 4346 561 4409 πολλῶν,
595 4346 708 4400 ἀλλ’
733 4349 797 4399 ἐκ
823 4345 917 4400 τοῦ
950 4347 1219 4418 μηδεμίαν
1247 4347 1426 4401 αἰτίαν
1448 4349 1648 4419 εὑρεῖν.
1676 4352 1848 4416 Ἐπεὶ,
1867 4352 1919 4405 εί
1934 4370 1998 4422 γε

319 4433 480 4488 τοῦτο
515 4429 584 4505 ἦν
613 4433 734 4488 καθ’
762 4434 966 4499 ἑαυτὸ,
999 4434 1060 4487 τὸ
1101 4433 1176 4504 μὴ
1203 4433 1460 4488 δύνασθαι
1493 4436 1657 4503 λέγω,
1690 4439 1842 4492 οὐδὲν
1875 4459 1998 4494 τοσ-

321 4523 479 4577 οῦτον
516 4518 606 4594 ἦν·
654 4525 810 4594 μῖσος
847 4522 956 4593 γάρ
991 4523 1056 4576 ἂν
1095 4523 1288 4595 ἐτέχθη
1325 4525 1458 4578 πολύ
1484 4528 1594 4590 τοῖς
1620 4525 1834 4582 θέλουσι
1877 4531 1997 4600 μὲν,

323 4612 386 4666 οὐ
413 4611 729 4683 δυναμένοις
757 4611 814 4664 δὲ
846 4611 1071 4664 ἀδικεῖν·
1096 4613 1156 4665 οὐ
1186 4611 1379 4684 μικρὸς
1404 4613 1461 4664 δὲ
1495 4615 1588 4667 καὶ
1625 4607 1781 4679 οὗτος
1818 4635 1998 4687 μακα-

327 4702 576 4773 ριότητος
602 4699 822 4770 τρόπος.
842 4700 984 4752 Αὐτὸ
1005 4698 1070 4770 δὴ
1090 4693 1181 4752 οὖν
1201 4699 1359 4752 τοῦτο
1383 4698 1748 4773 ἐξετάσωμεν,
1767 4707 1817 4758 εί
1831 4705 1997 4769 δοκεῖ,

325 4788 560 4860 πρῶτον.
594 4787 691 4850 Τίς
714 4782 830 4848 οὖν,
865 4787 987 4840 είπέ
1015 4804 1126 4858 μοι,
1150 4787 1242 4840 τὸν
1275 4787 1428 4842 οὐδὲν
1445 4790 1622 4843 κοινὸν
1655 4790 1846 4861 ἔχοντα
1864 4795 2000 4865 πρὸς

324 4874 672 4946 ἀνθρώπους,
713 4876 774 4928 οὐ
819 4874 1163 4945 συμϐολαίων
1207 4875 1414 4938 ἕνεκεν,
1441 4878 1500 4930 οὐ
1532 4878 1655 4947 γῆς,
1687 4879 1750 4932 οὐ
1783 4882 2001 4952 χρημά-

323 4978 455 5024 των,
479 4962 540 5013 οὐ
573 4962 938 5032 πραγμάτων,
967 4964 1066 5014 οὐκ
1085 4961 1244 5016 ἄλλου
1271 4961 1502 5026 οὐδενὸς,
1534 4963 1779 5035 ἐθελήσει
1801 4966 1998 5038 βλάψαι

325 5047 493 5112 ποτέ;
533 5048 673 5120 ὑπὲρ
699 5049 860 5111 ποίας
892 5046 1075 5118 χώρας
1107 5047 1623 5121 φιλονεικήσειπρδς
1649 5053 1999 5127 αὐτόν;ὐπέρ

307 5135 486 5189 ττίνων
517 5135 900 5206 άνδραπόδων;
925 5135 1066 5207 ὑπὲρ
1097 5135 1255 5198 ποίας
1282 5135 1469 5206 δόξης;
1501 5137 1552 5189 τί
1580 5137 1860 5205 δεδοικώς;
1894 5143 2000 5196 ὑπὸ

324 5222 468 5286 τίνος
502 5221 862 5293 δακνόμενος;
891 5225 960 5276 Ἦ
998 5223 1108 5293 γὰρ
1142 5221 1341 5294 φθόνῳ,
1371 5223 1404 5294 ἦ
1435 5223 1563 5287 δέει,
1593 5224 1624 5296 ἦ
1659 5227 1794 5298 ὀργῇ
1823 5229 2000 5282 κινού-

333 5309 474 5380 μεθα
498 5311 636 5383 πρὸς
660 5312 721 5365 τὸ
749 5311 1008 5383 βλάπτειν
1026 5312 1267 5383 ἑτέρους.
1303 5312 1447 5365 Ἀλλ’
1474 5307 1626 5377 οὗτος
1651 5317 1678 5367 ὁ
1707 5315 1997 5386 βασιλικώ-

324 5414 486 5463 τατος
524 5398 743 5453 πάντων
772 5400 918 5453 ἐστὶν
972 5397 1245 5470 ἀνώτερος
1274 5397 1323 5452 ά.
1357 5400 1450 5464 Τίς
1483 5401 1590 5472 γὰρ
1622 5401 1876 5474 φθονήσει
1922 5405 1999 5476 τῷ

390 5557 684 5625 ξΒυοιηεε.
709 5557 1002 5625 ἐξετάσομεν.
1029 5559 1153 5625 [Infra
1195 5560 1345 5609 iidem
1383 5566 1436 5608 et
1478 5561 1628 5625 ειη-ῆι.
1651 5563 1700 5610 in
1721 5576 1874 5625 marg.
1917 5565 1998 5613 λυ-

325 5617 529 5686 ποῦντας
550 5617 1100 5686 amv1a;._lbiq'._Savi|.
1123 5624 1172 5670 in
1197 5630 1413 5686 :cxlurel.
1445 5623 1596 5672 iidem
1624 5617 1998 5686 pergunfaﬁva-

327 5685 436 5745 σθαι
450 5682 520 5745 δέ.
543 5709 601 5745 ττ-
626 5682 861 5730 Δύνασθαι
886 5683 955 5745 δέ,
977 5696 1070 5745 prq
1085 5686 1163 5732 καὶ
1183 5685 1424 5745 δύνασθαι,
1446 5682 1741 5744 τερθρίῐηυεῖ
1767 5687 1902 5735 Eon.

394 5740 423 5807 1f
623 5751 674 5790 9t
700 5755 828 5790 unus
848 5740 957 5792 cod;
979 5740 1030 5792 ἓν
1049 5744 1079 5806 ἦ
1103 5747 1212 5807 μηδ’
1235 5747 1308 5794 ἄν.

399 5803 597 5868 _°_S_avil.
620 5810 758 5868 recte
780 5807 901 5868 ἀλλὰ
918 5803 1252 5868 καὶάπόλλῷ,
1290 5808 1420 5868 quod
1460 5805 1756 5868 recepimus,
1797 5822 1888 5868 pro
1925 5811 1997 5860 ὅτι

329 5863 514 5975 ﬂung»,
545 5867 677 5974 de
701 5866 976 5975 legebatur.
997 5866 1108 5919 Duo
1265 5863 1385 5919 ἀλλὰ
1407 5870 1487 5919 καὶ
1507 5863 1774 5936 τῷ’πολλῷ.
1800 5863 1933 5923 Enn.

392 5926 423 5966 ἀ
485 5938 558 5975 av:
588 5927 745 5975 ,ἀνωτ
772 5943 858 5975 οω.

392 5926 423 5966 ἀ
447 5926 596 5976 Savil.
620 5926 858 5982 ἀνωτέρω.

1092 297 1149 352 S.
1190 295 1480 353 JOANNIS
1520 293 2014 352 CHRYSOSTOMI
2050 291 2373 350 ARCHIEP.
2415 289 2978 356 CONSTANTINOP.

3659 279 3775 334 3όὲ

2095 409 2316 464 πάντων
2364 407 2732 476 καταγελῶντι
2773 408 2998 471 τούτων,
3033 404 3162 476 περὶ
3195 404 3230 458 δ
3277 401 3566 458 κόπτονται
3585 399 3775 470 ἕτεροι

2091 497 2187 550 καὶ
2217 495 2604 562 σπουδάζουσι;
2627 497 2711 559 τίς
2735 495 2792 548 δὲ
2820 495 3088 566 όργιεῖται
3114 492 3279 564 μηδὲν
3303 491 3464 560 ήδικη
3474 489 3774 560 μένος;τίς

2096 584 2154 636 δὲ
2184 584 2574 656 φοϐηθήσεται,
2613 584 2778 654 μηδὲν
2807 581 3159 647 ὐποπτεύων;
3190 577 3424 640 Οὐκοῦν,
3464 579 3546 631 ὅτι
3573 576 3671 646 μὲν
3698 575 3771 627 οὐ

2097 672 2448 743 βουλήσονται
2474 689 2618 735 τινες
2655 673 2883 738 ἀδικεῖν,
2925 673 2990 724 ἐκ
3019 669 3209 724 τούτου
3245 667 3422 739 δῆλον·
3451 666 3532 721 ὅτι
3566 663 3622 716 δὲ
3655 661 3775 715 οὐδ’

2094 759 2160 814 ἂν
2193 759 2418 813 ἐθέλωσι
2451 760 2795 832 δυνήσονται,
2828 759 2923 814 καὶ
2952 758 3111 812 τοῦτο
3142 756 3343 827 ὁμοίως
3365 754 3557 823 ἐκείνῳ
3585 751 3771 822 δῆλον.

2095 849 2172 902 οὐ
2205 847 2315 918 γὰρ
2344 847 2455 917 ἔχει
2474 847 2574 911 τὰς
2601 847 2884 917 ἀφορμὰς,
2926 845 3046 898 οὐδὲ
3080 844 3176 908 τὰς
3213 841 3402 904 λαδάς,
3433 840 3554 892 ὅθεν
3595 837 3660 890 ἂν
3680 851 3774 898 τις

2093 935 2258 990 αὐτὸν
2302 935 2590 1006 κατάσχοι·
2636 934 2751 988 ἀλλ’
2803 933 2994 1003 ὥσπερ
3041 932 3198 994 ἀετὸς
3244 928 3426 998 ὑψηλά
3471 925 3776 995 πετόμενος

2094 1023 2281 1092 παγίδι
2316 1022 2591 1094 στρουθῶν
2627 1021 2728 1076 οὐκ
2762 1021 2829 1075 ἂν
2879 1018 3026 1090 ἀλῴη
3074 1018 3224 1080 ποτὲ,
3269 1015 3412 1070 οὕτω
3456 1013 3552 1068 καὶ
3588 1006 3772 1074 οὗτος.

2093 1109 2265 1164 Πόθεν
2306 1111 2416 1181 γὰρ
2463 1109 2624 1164 αὐτόν
2659 1126 2742 1172 τις
2771 1107 2972 1179 βλάψαι
3009 1106 3329 1177 δυνήσεται;
3359 1103 3632 1174 Χρήματα
3664 1098 3776 1150 οὐκ

2093 1195 2210 1250 ἑστι
2263 1198 2395 1267 παρ’
2449 1196 2622 1266 αὐτῷ,
2674 1195 2762 1249 ἵνα
2812 1194 3083 1265 ἀπειλήσῃ
3115 1192 3339 1264 ζημίαν·
3385 1188 3620 1260 πατρίδα
3664 1184 3776 1238 οὐκ

2093 1283 2230 1354 ἔχει,
2258 1284 2344 1337 ἵνα
2370 1283 2467 1356 τὴν
2497 1283 2795 1356 ὑπερορίαν
2818 1281 3259 1351 ἐπανατείνηται·
3295 1277 3453 1348 δόξης
3489 1277 3590 1329 οὐκ
3613 1274 3773 1344 ἐφίε-

2093 1388 2204 1437 ται,
2235 1371 2323 1424 ἵνα
2350 1373 2429 1434 εἰς
2461 1370 2683 1439 ἀτιμίαν
2726 1370 2928 1441 ἀγάγῃ·
2973 1368 3033 1421 ἓν
3062 1369 3177 1420 ἐστι
3203 1365 3266 1419 τὸ
3294 1364 3637 1434 λειπόμενον,
3667 1359 3776 1414 θά-

2093 1473 2272 1520 νατος·
2309 1455 2424 1510 ἀλλ’
2463 1455 2698 1510 ἐνταῦθα
2743 1455 2979 1526 μάλιστα
3005 1455 3066 1506 οὐ
3095 1453 3382 1522 δυνήσεται
3404 1448 3567 1503 αὐτὸν
3594 1446 3780 1516 λυπῆη

2097 1544 2187 1598 σαί
2233 1541 2410 1606 ποτε,
2444 1543 2581 1597 ἀλλά
2623 1542 2718 1597 καὶ¹
2763 1542 3035 1613 ὠφελήσει
3082 1541 3150 1593 τὰ
3195 1540 3448 1610 μέγιστα.
3477 1535 3621 1606 Πρὸς
3659 1535 3776 1605 γὰρ

2095 1633 2288 1704 ἑτέραν
2313 1632 2476 1685 αὐτὸν
2505 1632 2713 1702 πέμπει
2753 1631 2920 1701 ζωὴν,
2961 1629 3060 1700 τὴν
3093 1628 3438 1699 ποθουμένην
3459 1624 3628 1696 αὐτῷ,
3673 1625 3780 1677 καὶ

2093 1718 2160 1774 δι’
2182 1720 2250 1791 ἢν
2279 1721 2494 1774 ἃπαντα
2522 1720 2750 1791 πράττει
2795 1719 2891 1772 καὶ
2937 1716 3411 1789 πραγματεύεται·
3443 1714 3584 1767 ὥστε
3611 1711 3781 1767 τοῦτο

2094 1806 2383 1878 ἀπαλλαγὴ
2431 1807 2609 1860 πόνων
2661 1806 2796 1870 ἐστὶ,
2849 1807 2944 1859 καὶ
2989 1805 3049 1858 οὐ
3091 1804 3349 1875 τιμωρία.
3382 1801 3496 1856 ἀλλ’
3532 1800 3780 1872 ἱδρώτων

2093 1895 2248 1959 λύσις
2279 1897 2374 1950 καὶ
2407 1895 2719 1950 ἀνάπαυλα.
2749 1893 2939 1948 Βούλει
2972 1893 3066 1946 καὶ
3094 1892 3279 1964 ἕτερον
3308 1891 3508 1961 τρόπον
3546 1889 3649 1957 τῆς
3676 1887 3776 1940 δυ-

2092 1981 2312 2053 νάμεως
2362 1981 2527 2036 αὐτοῦ
2588 1981 2801 2052 μαθεῖν,
2861 1978 3042 2050 πολλῷ
3073 1978 3263 2031 τούτου
3304 1973 3775 2047 φιλοσοφώτερονς

2097 2069 2215 2123 Κᾶν
2241 2071 2353 2141 γὰρ
2381 2070 2552 2142 μυρία
2582 2085 2668 2132 τις
2699 2068 2864 2123 αὐτὸν
2891 2067 3193 2138 ἐργάσηται
3222 2065 3370 2119 δεινὰ
3389 2105 3404 2130 ,
3432 2065 3536 2117 κάν
3575 2061 3777 2133 μαστί-

2097 2154 2183 2227 ξῃ,
2208 2155 2314 2209 κᾶν
2335 2156 2493 2228 δήσῃ,
2522 2155 2584 2208 τὸ
2616 2155 2714 2226 μὲν
2740 2154 2901 2225 σῶμα
2947 2155 3242 2226 πλήττεται
3275 2152 3366 2206 διὰ
3394 2151 3495 2221 τὴν
3522 2148 3706 2218 φύσιν,
3739 2150 3778 2218 ή

2095 2241 2152 2294 δέ
2178 2242 2324 2312 ψυχὴ
2362 2243 2640 2311 ἄπληκτος
2672 2242 2760 2296 διὰ
2790 2241 2889 2312 τὴν
2925 2240 3244 2310 φιλοσοφίαν
3277 2241 3449 2309 μένει.
3497 2236 3635 2291 Οὐδὲ
3663 2236 3780 2305 γάρ

2095 2328 2380 2382 ἁλίσκεται
2408 2329 2585 2399 θυμῷ,
2611 2329 2671 2382 οὐ
2695 2328 2976 2401 χειροῦται
3007 2329 3176 2399 μίσει,
3213 2329 3314 2381 οὐκ
3345 2324 3611 2396 ἀπεχθείᾳ
3649 2339 3780 2377 κατ-

2096 2416 2444 2484 αγωνίζεται.
2475 2418 2586 2470 Καὶ
2613 2415 2768 2470 οὔπω
2799 2416 2957 2469 τοῦτο
2988 2415 3153 2486 μέγα,
3187 2414 3323 2467 ἀλλά
3353 2413 3414 2466 τὸ
3438 2411 3617 2482 πολλῷ
3644 2407 3778 2463 τού-

2093 2520 2190 2556 του
2225 2503 2689 2576 θαυμαστότερον·
2732 2503 2986 2575 καθάπερ
3027 2504 3134 2576 γάρ
3177 2501 3473 2573 εὐεργέτας
3502 2501 3596 2553 καὶ
3635 2515 3778 2568 προ-

2097 2591 2320 2655 στάτας,
2359 2589 2502 2646 οὕτω
2531 2590 2677 2660 φιλεῖ
2709 2593 2836 2654 τοὺς
2877 2590 2947 2645 τά
2981 2592 3205 2645 τοιαῦτα
3229 2587 3662 2661 ἐργασαμένους,
3684 2585 3781 2639 o6-

2095 2697 2204 2743 τως
2228 2677 2446 2749 εὐχεται
2480 2679 2659 2734 πάντα
2683 2681 2866 2743 αὐτοῖς
2895 2677 3148 2748 γενέσθαι
3179 2667 3247 2732 τὰ
3276 2677 3477 2746 ἀγαθά.
3502 2675 3697 2730 Καίτοι
3723 2675 3780 2727 τί

2094 2766 2351 2822 τοσοῦτον
2383 2767 2592 2830 ἑδωκας
2635 2766 2702 2820 ἂν
2741 2766 2916 2838 αὐτῷ,
2960 2769 3008 2820 εί
3051 2765 3310 2837 μυριάκις
3344 2765 3507 2818 αὐτὸν
3547 2762 3780 2833 βασιλέα

2095 2857 2195 2925 τῆς
2213 2855 2539 2926 οἰκουμένης
2567 2854 2849 2927 ἐποίησας,
2877 2857 2969 2909 κα)⁸
2997 2853 3090 2907 ἐπὶ
3119 2853 3332 2924 μυρίοις
3364 2852 3508 2906 ἑτεσι
3535 2852 3634 2921 τὴν
3657 2847 3777 2922 [69]

2100 2942 2377 3014 βασιλείαν
2408 2943 2710 3009 ἐξέτεινας;
2735 2943 2910 3014 πόσης
2941 2940 3259 3013 ἀλουργίδος
3283 2939 3440 2993 τοῦτο
3471 2940 3530 2991 τὸ
3561 2939 3772 3007 κτῆμα,

2097 3031 2273 3100 πόσης
2301 3029 2512 3100 ἀρχῆς,
2548 3030 2722 3098 πόσης
2768 3029 2925 3100 δόξης
2963 3028 3024 3081 οὐ
3071 3026 3425 3098 τιμιώτερον;
3471 3025 3526 3077 τί
3561 3025 3663 3077 οὐκ
3708 3022 3780 3076 ἂν

2099 3118 2400 3188 προήκατο,
2430 3116 2570 3170 ὥστε
2592 3116 2768 3188 ψυχὴν
2797 3117 3053 3186 τοιαύτην
3080 3114 3299 3177 λαϐεῖνς
3331 3114 3490 3183 Ἐμοὶ
3521 3113 3780 3166 δοκεῖκαὶ

2097 3202 2225 3266 τοὺς
2266 3203 2471 3272 σφόδρα
2512 3201 2923 3273 φιλοσωμάτους
2963 3203 3104 3255 ἑλεῖν
3141 3201 3206 3255 ἂν
3237 3199 3441 3269 ταύτης
3480 3200 3580 3268 τῆς
3628 3197 3780 3267 ζωῆς

2098 3290 2197 3362 τὴν
2223 3291 2516 3363 ἐπιθυμίαν
2534 3303 2579 3347 θ.
2604 3291 2794 3344 Βούλει
2829 3292 2923 3344 καὶ
2952 3290 3218 3362 ἑτέρωθεν
3248 3288 3345 3362 τὴν
3373 3288 3602 3359 δύναμιν
3647 3287 3780 3340 ἰδεῖν

2099 3376 2192 3430 τοῦ
2219 3376 2412 3447 ἀνδρὸς
2443 3377 2895 3448 θαυμαστοτέραν
2927 3377 3019 3430 καὶ
3048 3376 3290 3446 ήδίστην,
3321 3375 3429 3430 ἀπὸ
3462 3375 3663 3444 μέρους
3684 3389 3786 3424 τα-

2103 3465 2413 3535 πεινοτέρου
2448 3466 2582 3534 μὲν,
2629 3465 2712 3518 σοὶ
2761 3465 2818 3516 δὲ
2860 3465 3094 3536 μάλιστα
3137 3463 3387 3535 ἠδίστους
3435 3461 3516 3515 Τὰ
3539 3461 3639 3532 μὲν
3662 3461 3782 3529 γὰρ

2100 3551 2365 3622 εἰρημένα
2401 3551 2671 3604 δείκνυσιν
2697 3551 2858 3605 αὐτὸν
2879 3551 3174 3621 ἀχείρωτον
3197 3549 3323 3603 ὂντα
3345 3549 3440 3602 καὶ
3475 3548 3777 3601 ἀνάλωτον·

2100 3637 2181 3689 ὅτι
2219 3637 2275 3689 δέ
2303 3638 2398 3690 καὶ
2427 3637 2627 3706 ἑτέρων
2657 3640 3044 3707 προστήσεται,
3081 3639 3176 3689 καὶ
3209 3637 3266 3688 ἐν
3296 3633 3566 3705 ἀσφαλείᾳ
3608 3650 3785 3687 κατα-

2104 3727 2290 3794 στήσει
2322 3724 2511 3796 πολλῇ,
2535 3725 2694 3778 τοῦτο
2721 3725 2851 3788 ἴσως
2874 3726 3057 3792 ζητεῖς
3091 3722 3300 3793 μαθεῖν.
3343 3721 3514 3775 Τοῦτο
3553 3722 3651 3791 μὲν
3681 3716 3785 3773 οὖν

2103 3810 2292 3883 πρώτη
2329 3813 2444 3865 ἐστὶ
2489 3812 2826 3884 προστασία,
2866 3812 2928 3865 τὸ
2965 3813 3061 3865 καὶ
3099 3812 3319 3882 ἑτέρους
3361 3812 3442 3872 εἰς
3483 3810 3575 3863 τὸν
3612 3809 3785 3862 αὐτὸν

2103 3900 2264 3969 ζῆλον
2302 3902 2552 3968 ἀγαγεῖν,
2593 3901 2685 3955 καὶ
2730 3899 2872 3953 οὕτω
2919 3903 3138 3970 ποιῆσαι
3189 3898 3472 3969 ἰσχυρούς·
3505 3900 3553 3951 εί
3587 3897 3646 3951 δέ
3698 3899 3784 3968 μὴ

2103 3986 2329 4066 θέλοιεν,
2367 3987 2503 4041 ἁλλά
2549 3988 2646 4058 τὴν
2685 3987 3176 4058 άνθρωπινωτέραν
3214 3987 3414 4056 ταύτην
3460 3987 3551 4039 καὶ
3579 3987 3786 4054 γηῖνην

2107 4073 2454 4142 μετέρχοιντο
2501 4072 2682 4142 ζωὴν,
2719 4074 2811 4126 καὶ
2851 4075 2908 4125 ἐν
2945 4073 3117 4144 ταύτῃ
3179 4072 3340 4125 πάλιν
3381 4072 3501 4141 ὄψει
3548 4072 3786 4140 δύναμιν

2103 4159 2265 4211 αὐτὸν
2295 4160 2486 4229 ἔχοντα
2530 4160 2624 4212 τοῦ
2669 4158 3026 4222 πλουτοῦντος
3053 4159 3144 4211 σοῦ
3200 4159 3422 4228 μείζονα
3466 4159 3558 4210 τὸν
3606 4157 3787 4228 μηδὲν

2103 4245 2296 4316 ἔχοντα
2329 4246 2395 4299 δι’
2419 4247 2548 4299 αὐτὸ
2568 4247 2727 4299 τοῦτο
2756 4248 2992 4317 μάλιστα
3025 4247 3086 4299 τὸ
3116 4248 3284 4318 μηδὲν
3317 4247 3482 4318 ἔχειν.
3527 4246 3624 4308 Τίς
3665 4245 3788 4318 γὰρ

2106 4333 2244 4404 μετὰ
2275 4334 2516 4397 πλείονος
2553 4334 2800 4400 ἐξουσίας
2833 4333 3130 4399 διαλέξεται
3154 4333 3364 4403 βασιλεῖ
3390 4334 3483 4386 καὶ
3515 4334 3789 4404 ἐπιτιμή-

2105 4437 2217 4484 σεις
2265 4422 2329 4474 σὺ
2371 4422 2400 4473 ὁ
2439 4421 2674 4474 τοσαῦτα
2714 4423 3073 4493 κεκτημένος,
3112 4424 3209 4474 καὶ
3246 4419 3543 4483 ὑπεύθυνος
3586 4419 3662 4473 ὣν
3687 4420 3790 4475 διὰ

2102 4507 2275 4560 ταῦτα
2304 4509 2399 4561 καὶ
2435 4511 2548 4572 τοῖς
2581 4509 2792 4563 ἐκείνου
2825 4509 3054 4574 δούλοις,
3078 4511 3172 4563 καὶ
3197 4510 3338 4580 ὑπὲρ
3377 4509 3631 4562 ἁπάντων
3651 4509 3793 4580 τρέ-

2105 4611 2244 4664 μων,
2277 4595 2370 4648 καὶ
2404 4596 2607 4666 μυρίας
2640 4595 2790 4667 αὐτῷ
2823 4597 3078 4668 παρέχων
3107 4596 3298 4661 λαϐάς,
3351 4599 3399 4650 εί
3431 4595 3674 4666 βούλοιτό
3711 4613 3788 4650 σε

2102 4681 2309 4736 ἀδικεῖν
2334 4683 2609 4755 ὀργισθεὶς
2641 4683 2685 4746 τ,
2716 4686 2748 4755 ἢ
2777 4680 2930 4748 οὗτος
2957 4687 2986 4738 ὁ
3020 4684 3128 4739 τῶν
3156 4685 3364 4738 ἐκείνου
3391 4685 3588 4756 χειρῶν
3633 4684 3793 4738 ἀνώ-

2101 4786 2258 4841 τερος
2278 4768 2353 4823 ὧν
2375 4789 2388 4836 ;
2413 4770 2700 4824 Βασιλεῦσι
2727 4771 2824 4842 μὲν
2854 4773 2961 4842 γὰρ
2983 4763 3129 4824 οὗτοι
3162 4771 3394 4842 μάλιστα
3421 4771 3793 4842 διελέχθησαν

2106 4856 2222 4928 μετ’
2253 4855 2498 4924 ἐξουσίας
2529 4858 2749 4928 πολλῆς,
2776 4860 2890 4912 ὅσοι
2917 4859 3135 4913 πάντων
3166 4859 3411 4926 ἐγένοντο
3444 4859 3552 4912 τῶν
3591 4858 3794 4929 βιωτιο

2102 4948 2214 5002 κῶν
2243 4949 2418 5012 ἐκτός.
2452 4948 2652 5002 Τίνιδέ
2684 4949 2882 5020 μᾶλλον
2912 4950 3043 5015 εἶξει
3082 4949 3178 5004 καὶ
3214 4949 3577 5002 ἐπακούσεται
3608 4951 3634 4990 ε
3660 4951 3688 5002 ὁ
3715 4953 3792 5002 ἐν

2100 5037 2325 5109 δυνάμει
2371 5036 2467 5104 ὢν,
2499 5040 2593 5093 καὶ
2632 5040 2690 5092 ἐν
2738 5043 2850 5103 τοῖς
2905 5039 3197 5108 βασιλείοις
3259 5039 3660 5110 στρεφόμενος,
3692 5040 3792 5111 τῷ

2102 5123 2422 5178 πλουτοῦντί
2478 5143 2594 5188 σοι,
2648 5127 2742 5179 καὶ
2787 5125 2847 5178 ὃν
2897 5124 3195 5178 ὑποπτεύει
3265 5125 3427 5178 ἑνεκα
3469 5126 3792 5196 χρημάτων

2102 5211 2273 5265 πολλὰ
2296 5212 2556 5276 πολλάκις
2586 5215 2779 5278 ποιεῖν,
2963 5213 3090 5283 μίαν
3124 5211 3299 5283 ἔχοντι
3320 5211 3428 5264 τῶν
3457 5212 3794 5280 ἐπιταγμά-

2099 5316 2206 5352 των
2236 5300 2514 5364 ὐπόθεσιν,
2545 5299 2644 5372 τὴν
2670 5303 2751 5364 είς
2773 5303 2898 5363 τοὺς
2929 5299 3122 5362 ἀλλους
3169 5299 3608 5371 φιλανθρωπίαν;
3639 5298 3794 5354 Τίνα

2099 5388 2320 5459 τιμήσει
2353 5389 2448 5442 καὶ
2488 5387 2861 5459 θαυμάσεται,
2901 5389 3030 5458 περὶ
3067 5383 3127 5442 06
3174 5387 3341 5458 μηδὲν
3373 5387 3626 5441 ταπεινὸν
3664 5389 3793 5442 ὐπ-

2100 5476 2359 5532 οπτεῦσαι
2390 5477 2591 5532 δύναιτ’
2623 5478 2717 5546 ἂν,
2747 5478 2780 5549 ἢ
2808 5479 2899 5531 τὸν
2929 5478 3023 5531 καὶ
3049 5477 3156 5532 τῶν
3199 5478 3424 5533 οἰκετῶν
3451 5479 3789 5534 ταπεινότεο

2158 5682 2177 5751 ξ
2204 5682 2382 5751 Morel.
2406 5686 2490 5751 τῂν
2512 5685 2772 5751 ἐπιθυμίαν,
2798 5691 2852 5751 εί
2871 5687 2942 5751 sit;
2963 5685 3114 5735 Savil.
3135 5688 3185 5737 in
3208 5691 3344 5736 textu
3363 5723 3376 5747 ,
3398 5688 3447 5735 tu
3473 5700 3628 5751 marg.
3655 5703 3794 5743 vero

2099 5751 2129 5808 ἡ
2153 5745 2388 5811 έῖτιρυμίριν
2413 5748 2510 5811 du}!
2532 5745 2726 5811 ἠεξ-’τῇ
2752 5748 2991 5811 ἐπιθυμίᾳο

2172 5806 2192 5845 ί
2219 5806 2370 5858 Ξανὶι.
2394 5816 2447 5858 el
2467 5809 2636 5858 Morel.
2664 5806 2720 5856 σε
2741 5806 2917 5857 ἀδικεῖν
2956 5806 3200 5874 ὀργισθείς,
3222 5812 3320 5862 duo
3341 5823 3454 5860 mss.
3479 5826 3536 5859 σε
3561 5813 3794 5863 ἀλίσκειν

2099 5872 2201 5975 ὄρθι’
2216 5930 2316 5984 Alii
2338 5931 2676 5984 ὑπακούσεται.
2707 5932 2828 5982 Mor.
2856 5931 3189 5986 δπακούσεται.
