4116 6392
372 275 466 329 3M

368 390 537 459 possit
566 388 684 461 quis
720 401 950 444 mturare
988 385 1283 441 afﬁcientes
1319 384 1539 449 ulcisci,
1584 392 1641 438 et
1682 382 1948 439 beneﬁcos

368 482 751 537 renumerare?
778 482 936 552 Atqui
979 480 1116 535 hanc
1147 495 1214 533 ne
1242 478 1381 550 apud
1411 478 1791 547 Imperatorem
1830 476 1948 546 qui-

366 575 488 629 dem
517 585 677 628 totam
709 572 1080 643 deprehendas
1113 590 1125 625 :
1160 586 1391 641 namque
1421 572 1618 626 mullos
1656 569 1817 624 habet
1849 568 1947 623 sibi

369 666 627 730 infestos,
656 665 848 735 quibus
878 666 1044 719 vicem
1084 664 1309 718 reddere
1339 678 1444 716 non
1481 670 1689 732 potest,
1729 662 1949 716 multos-

366 773 469 826 que
516 757 817 822 beneiicos,
858 772 992 827 quos
1032 774 1135 810 non
1167 765 1340 825 potest
1385 755 1539 809 facile
1582 770 1944 809 remunerare.

368 848 685 917 Plerumque
713 849 854 903 enim
896 849 948 903 in
989 848 1172 911 hellis,
1215 846 1438 901 infestos
1462 846 1560 900 sibi
1610 845 1826 908 hostes,
1858 846 1945 915 qui

366 954 427 994 se
456 939 749 994 innumeris
777 938 1004 994 aﬂ‘ecere
1035 939 1188 994 malis
1208 980 1222 1005 ,
1248 939 1433 994 ulcisci
1459 954 1579 993 cum
1600 938 1950 993 vehementer

362 1041 615 1101 cuperet,
646 1047 751 1086 non
785 1031 981 1102 potuit,
1014 1014 1311 1101 amicisque
1330 1031 1421 1101 qtti
1466 1046 1651 1101 magna
1680 1029 1947 1084 fortitudi-

364 1126 447 1179 nis
485 1126 672 1180 indicia
703 1125 998 1191 dederunt,
1028 1126 1174 1195 paria
1198 1125 1491 1193 rependere
1515 1125 1783 1194 nequivit,
1806 1124 1947 1194 quod

364 1218 437 1271 illi
470 1216 579 1272 fatu
605 1220 957 1288 prazoccupati
986 1219 1038 1272 in
1063 1217 1179 1286 ipso
1203 1217 1343 1272 bello
1372 1217 1765 1271 occubuissent.
1914 1280 1928 1297 ί.

435 1311 537 1378 Qui
560 1312 729 1365 omnia
754 1313 1062 1380 reliquerunt
1086 1322 1200 1366 sunt
1222 1310 1602 1381 imperatoribus
1625 1311 1943 1382 potentiores.

359 1432 431 1442 --
446 1402 582 1468 Quid
598 1404 641 1457 si
667 1404 763 1456 hac
783 1404 1037 1472 potentia,
1060 1419 1161 1473 qna
1187 1420 1251 1456 ne
1282 1404 1425 1472 ipsos
1442 1402 1654 1472 quidem
1672 1418 1825 1472 rcges
1847 1403 1944 1457 frui

358 1494 781 1549 demonstratum
811 1504 914 1561 est,
944 1495 1101 1549 aliam
1132 1495 1286 1565 longe
1317 1495 1572 1564 majorem
1610 1495 1772 1549 lilium
1798 1504 1943 1548 tuum

361 1584 558 1639 habere
596 1587 1004 1641 monstravero?
1042 1586 1210 1641 Nemo
1232 1602 1317 1641 me
1354 1587 1490 1641 bona
1519 1586 1750 1640 ca-lcstia
1783 1587 1942 1639 modo

358 1679 622 1733 dicturum
646 1689 827 1748 putet,
857 1680 1047 1748 quibus
1072 1690 1127 1734 tu
1153 1696 1256 1733 non
1284 1678 1493 1742 credis;
1524 1695 1627 1732 non
1663 1679 1797 1733 adeo
1823 1694 1946 1746 prn-

359 1773 641 1827 missorum
667 1772 863 1827 oblitus
883 1787 999 1827 sum
1027 1789 1041 1835 ;
1073 1786 1257 1827 verum
1286 1788 1349 1825 ex
1393 1772 1457 1826 iis
1485 1787 1603 1841 qua:
1626 1772 1677 1825 in
1711 1771 1811 1826 hac
1838 1771 1941 1823 vita

359 1865 491 1920 fiunt
512 1907 527 1932 ,
565 1865 884 1920 documenta
910 1865 1151 1921 alferam.
1196 1865 1252 1920 Si
1284 1867 1423 1919 enim
1454 1865 1638 1920 ulcisci
1670 1865 1941 1929 inimicos,

357 1972 419 2009 ea
463 1972 710 2026 suprema
766 1957 1002 2027 potentia
1048 1966 1131 2011 est
1162 1974 1177 2011 :
1208 1957 1375 2011 multo
1415 1956 1571 2026 plane
1605 1956 1776 2025 majus
1806 1959 1939 2019 erit,

358 2046 517 2099 talem
549 2046 669 2100 vita-
717 2055 912 2101 statum
956 2046 1228 2116 reperire,
1262 2046 1313 2100 in
1358 2062 1465 2116 quo
1511 2062 1670 2101 nemo
1699 2047 1805 2111 sit,
1851 2048 1940 2116 qui

354 2137 455 2191 etsi
485 2137 637 2201 velit,
664 2153 857 2192 nocere
881 2138 1066 2207 possit.
1096 2137 1229 2192 Nam
1250 2138 1390 2207 quod
1416 2137 1518 2192 hoc
1540 2139 1610 2192 sit
1634 2138 1724 2192 illo
1744 2139 1937 2207 majus,

356 2236 482 2282 tunc
512 2228 682 2298 magis
721 2229 1021 2292 constabit,
1053 2244 1175 2284 cum
1202 2228 1267 2283 ad
1308 2228 1610 2298 exemplum
1642 2229 1782 2284 aliud
1822 2246 1941 2284 ora-

355 2322 553 2375 tionem
582 2320 976 2375 rednxerimus.
1004 2322 1097 2376 Dic
1133 2322 1274 2377 enim
1297 2364 1310 2385 ,
1335 2336 1549 2393 quaeso,
1577 2330 1750 2376 utrum
1796 2337 1937 2391 prte-

352 2415 574 2469 ssantius
594 2456 609 2481 ,
666 2414 815 2469 reine
858 2414 1063 2469 bellica:
1106 2415 1175 2469 ita
1206 2415 1507 2485 quempiam
1533 2414 1758 2485 peritum
1786 2429 1936 2479 esse,

352 2518 411 2561 ut
454 2522 642 2573 nemo,
666 2509 756 2577 qui
779 2523 837 2563 se
861 2508 1141 2571 vulneret,
1167 2508 1532 2562 invulneratus
1571 2506 1788 2577 effugiat
1820 2525 1833 2560 :
1870 2522 1936 2561 an

350 2598 612 2667 ejusmodi
640 2614 761 2654 esse
790 2614 1017 2668 corpore
1036 2639 1052 2665 ,
1079 2607 1137 2653 ut
1160 2599 1495 2669 quantalibet
1521 2599 1747 2669 quisque
1772 2607 1933 2668 agat,

350 2693 633 2748 vulnerare
659 2708 765 2746 non
795 2692 995 2761 possit?
1041 2690 1299 2747 Omnibus
1338 2690 1577 2760 profecto
1601 2699 1809 2746 constat
1836 2690 1937 2744 hoc

350 2785 441 2839 illo
471 2786 645 2855 potius
662 2800 782 2840 esse
808 2800 870 2839 ac
889 2784 1157 2839 divinius:
1183 2800 1356 2855 neque
1383 2784 1512 2839 illud
1532 2793 1733 2838 tantum
1761 2782 1931 2848 adest,

349 2880 440 2933 sed
464 2878 602 2948 quod
632 2879 721 2933 illo
750 2880 906 2948 longe
936 2878 1182 2948 superius
1208 2886 1310 2932 est.
1340 2877 1618 2943 Quodnam
1654 2876 1783 2930 illud
1813 2877 1935 2930 est?

351 2968 518 3023 Etiam
548 2968 934 3024 medicamenta
959 2983 1146 3033 nosse,
1186 2968 1378 3039 quibus
1404 2967 1622 3021 vulnera
1667 2976 1891 3021 curentu
1909 2983 1935 3021 r

348 3062 545 3114 omnia.
574 3060 766 3114 Tribus
795 3076 922 3129 ergo
953 3062 1201 3129 potentia:
1238 3059 1411 3114 modis
1448 3058 1752 3113 constitutis
1772 3100 1787 3123 ,
1820 3059 1931 3128 pri-

347 3167 435 3205 mo
473 3151 685 3220 quidem
708 3191 723 3212 .
755 3161 813 3205 ut
856 3151 1024 3221 possit
1056 3152 1176 3219 quis
1205 3151 1426 3220 injurias
1472 3150 1693 3216 ulcisci;
1724 3151 1892 3205 altero
1912 3191 1929 3217 ,

344 3244 432 3311 qui
460 3253 514 3296 et
550 3244 795 3311 superior
820 3252 931 3308 est,
965 3252 1021 3296 nt
1050 3243 1269 3297 vulnera
1296 3242 1508 3313 propria
1548 3257 1737 3296 curare
1764 3242 1928 3305 norit;

345 3349 516 3405 neque
550 3334 692 3388 enim
737 3334 953 3389 omnino
981 3333 1082 3387 hoc
1114 3333 1239 3388 illud
1271 3334 1545 3403 sequitur;
1600 3333 1758 3388 tertio
1800 3342 1857 3386 ut
1899 3348 1930 3387 a

344 3426 487 3480 nullo
532 3424 806 3481 hominum
856 3425 975 3479 laedi
1021 3425 1225 3496 possit,
1254 3424 1395 3495 quod
1433 3435 1675 3479 naturam
1719 3425 1931 3494 penitus

341 3516 551 3571 excedit
604 3517 887 3571 humanam
937 3534 949 3570 :
1003 3517 1104 3572 hoc
1164 3527 1489 3587 postremum
1538 3517 1629 3573 filii
1689 3518 1762 3571 tui
1810 3532 1929 3572 esse

341 3607 773 3663 monstrabimus.

413 3700 458 3757 7.
475 3697 536 3753 Ei
559 3700 644 3769 qui
660 3700 829 3752 omnia
852 3699 1070 3769 reliquit,
1086 3716 1230 3753 nemo
1251 3716 1427 3753 nocere
1448 3699 1572 3762 vult,
1601 3716 1690 3754 nec
1709 3702 1928 3771 possetsi

340 3794 578 3846 oe!let.—
596 3792 673 3848 Ne
693 3804 870 3847 autem
898 3792 1013 3847 hac
1041 3793 1200 3849 verba
1225 3795 1481 3864 strepitus
1504 3795 1676 3850 inanis
1695 3811 1816 3851 esse
1843 3796 1924 3850 vi-

340 3887 589 3949 dcantur,
619 3884 718 3941 hac
740 3886 852 3955 ipsa
880 3901 1067 3957 magna
1097 3888 1333 3959 potentia
1363 3902 1549 3943 rursus
1573 3889 1732 3943 aliam
1760 3890 1927 3958 majo-

340 3992 451 4031 rem
497 3977 635 4031 intcr
662 3977 1005 4046 qmerendum
1052 3977 1373 4033 invenimus.
1416 3978 1529 4033 Non
1577 3980 1737 4034 modo
1781 3980 1922 4034 enim

340 4084 445 4122 non
494 4068 827 4136 reperientur
855 4068 942 4137 qui
990 4083 1187 4123 nocere
1232 4070 1456 4139 possint,
1488 4070 1580 4125 sed
1608 4087 1675 4124 ne
1714 4072 1803 4142 qui
1834 4088 1926 4125 ve-

339 4161 437 4216 lint
481 4160 732 4231 quidem;
764 4160 834 4214 ita
879 4170 937 4214 ut
977 4160 1171 4229 duplici
1200 4177 1262 4216 ex
1293 4170 1442 4230 parte
1487 4171 1632 4217 tutus
1660 4164 1748 4218 sit.
1786 4162 1921 4230 Quid

340 4251 497 4322 igitur
522 4252 619 4305 hac
641 4252 744 4305 vita
768 4250 1014 4313 divinius,
1042 4253 1092 4304 in
1119 4268 1220 4320 qua
1254 4268 1410 4305 nemo
1436 4268 1629 4307 nocere
1651 4254 1797 4319 velit,
1824 4270 1923 4311 nec

337 4344 380 4397 si
411 4343 557 4403 velit,
593 4342 801 4411 possit?
838 4357 959 4395 cum
1005 4344 1234 4396 maxime
1278 4344 1419 4397 nolle
1463 4360 1657 4399 nocere
1704 4362 1810 4399 tum
1854 4362 1920 4401 ex

338 4432 699 4489 imbecillitate
746 4434 908 4497 venit,
950 4442 1007 4486 ut
1036 4434 1085 4487 in
1133 4433 1314 4487 multis
1352 4436 1629 4505 contingit,
1657 4436 1749 4490 sed
1780 4436 1921 4506 quod

340 4526 480 4580 nulla
510 4525 805 4595 reperiatur
831 4538 1009 4579 causa.
1040 4523 1170 4577 Nam
1201 4525 1243 4577 si
1272 4524 1322 4579 id
1352 4525 1522 4579 solum
1548 4542 1643 4593 per
1670 4542 1729 4581 se
1754 4540 1919 4594 esset,

336 4614 541 4671 scilicet
580 4628 685 4668 non
736 4630 911 4685 posse,
960 4629 1064 4669 non
1114 4616 1243 4667 tanti
1288 4626 1430 4670 esset
1463 4633 1476 4670 :
1506 4616 1685 4671 odium
1726 4620 1922 4687 quippe

335 4709 639 4778 gigneretur
668 4707 953 4761 maximum
999 4706 1053 4760 in
1093 4707 1176 4771 iis,
1207 4707 1295 4776 qui
1325 4724 1443 4760 cum
1478 4708 1693 4772 vellent,
1729 4710 1921 4765 la-dere

339 4817 445 4855 non
476 4811 696 4869 possent
726 4817 739 4864 ;
772 4815 877 4852 non
910 4814 1103 4869 parvus
1132 4810 1309 4854 autem
1336 4811 1418 4855 est
1448 4801 1533 4855 hic
1576 4802 1921 4858 beatitudinis

337 4894 548 4948 modus.
577 4893 753 4962 Ipsum
799 4908 927 4962 ergo
967 4894 1220 4964 primum,
1254 4892 1297 4946 si
1329 4893 1557 4960 videtur,
1588 4898 1921 4949 excutiamus

335 4987 636 5053 diligenter.
668 4985 923 5053 Quisnam
954 5002 1074 5039 enm
1101 4986 1296 5041 hedcre
1342 4986 1491 5053 velit,
1523 4988 1611 5057 qui
1642 4988 1772 5042 nihil
1819 4987 1920 5043 ha-

336 5079 425 5132 bet
451 5093 732 5132 cnmmune
762 5092 883 5132 cum
914 5078 1237 5143 hominibus,
1270 5095 1372 5133 non
1400 5090 1574 5148 pacta,
1603 5097 1708 5134 non
1740 5096 1917 5150 agros,

337 5185 440 5223 non
475 5170 744 5237 pecunias,
796 5184 902 5223 non
951 5171 1184 5239 negotia,
1225 5185 1395 5239 neque
1436 5170 1576 5225 aliud
1607 5171 1917 5241 quidpiam?

338 5275 433 5327 pro
464 5275 567 5329 qua
596 5259 720 5315 villa
760 5275 879 5313 cum
912 5260 1000 5313 illo
1025 5260 1332 5326 contendet,
1375 5278 1473 5331 pro
1497 5263 1687 5332 quibus
1713 5264 1882 5318 servis
1902 5303 1918 5328 ,

338 5368 432 5418 ιϊο
458 5367 559 5420 qua
604 5351 814 5421 gloria?
843 5352 1093 5421 quidnam
1126 5363 1390 5417 metuens,
1436 5371 1541 5423 quo
1584 5355 1920 5410 lacessente?

337 5442 610 5511 Siquidem
641 5452 729 5496 aut
756 5443 972 5506 invidia,
1006 5454 1096 5498 aut
1126 5454 1289 5509 metu,
1321 5454 1413 5500 aut
1442 5447 1517 5501 ira
1543 5461 1836 5511 movemur,
1864 5456 1923 5502 ut

338 5534 473 5588 alios
498 5533 773 5588 lzedamns.
799 5537 865 5588 At
894 5535 977 5589 hic
1007 5552 1131 5607 rege
1153 5538 1338 5605 quovis
1365 5540 1651 5608 potentior,
1675 5541 1921 5595 omnibus

338 5624 583 5691 superior
608 5633 709 5679 est.
739 5625 867 5691 Quis
907 5628 1048 5681 enim
1076 5628 1123 5683 ei
1169 5629 1442 5691 invidebit,
1472 5630 1559 5701 qui
1598 5632 1709 5686 haec
1743 5632 1921 5687 omnia

340 5714 558 5780 irridet,
608 5729 705 5786 pro
742 5718 931 5787 quibus
975 5718 1062 5774 alii
1112 5720 1353 5778 laborant
1392 5732 1444 5778 et
1484 5725 1772 5795 satagunt?
1801 5727 1920 5795 quis

1120 267 1479 325 ADVEIlSUS
1506 261 2055 323 OPPUGNATORBS
2098 266 2280 324 VITAS
2325 268 2619 329 HONAST.
2662 273 2788 330 LIB.
2838 275 2899 333 II.

3537 284 3641 341 διε

2064 382 2320 439 irascetur
2358 386 2487 441 nihil
2532 387 2727 444 laesus?
2755 392 2874 461 quis
2918 400 3136 460 metuet,
3178 406 3301 449 cum
3350 394 3525 451 nullus
3572 400 3643 453 sit

2056 476 2343 545 suspicioni
2390 478 2581 534 locus?
2608 480 2829 536 Constat
2875 482 3031 552 igitur
3072 499 3143 541 ex
3193 485 3276 540 his
3306 488 3478 543 nullos
3517 503 3639 546 esse

2054 568 2142 634 qui
2172 569 2219 622 ei
2250 584 2445 625 nocere
2488 572 2673 639 velint,
2704 575 2855 643 quod
2889 585 3065 632 autem
3093 593 3198 632 non
3242 579 3287 634 si
3315 581 3476 636 velint
3518 585 3639 653 qui-

2053 660 2198 723 dem,
2228 661 2452 730 possint,
2481 673 2535 718 et
2565 664 2665 719 hoc
2693 666 2937 722 similiter
2962 670 3299 726 manifestum
3339 681 3439 729 est.
3468 672 3637 730 Nullre

2053 754 2193 807 enim
2224 765 2347 809 sunt
2388 772 2563 811 causa:
2591 767 2682 812 aut
2705 760 3034 827 occasiones,
3064 762 3255 832 quibus
3293 779 3416 820 eum
3446 765 3638 835 aliquis

2052 845 2301 900 cohibere
2327 848 2530 916 possit;
2564 850 2655 905 sed
2683 859 2741 904 nt
2762 852 2935 921 aquila
2964 853 3190 909 sublime
3219 856 3422 923 volans,
3457 872 3639 927 passe-

2052 950 2171 988 rum
2203 935 2406 1006 laqueis
2446 954 2551 993 non
2593 941 2817 1009 capitur,
2847 941 2917 996 ita
2960 953 3014 997 et
3044 943 3147 1000 hic.
3181 944 3331 1003 Unde
3368 946 3511 1002 enim
3539 964 3637 1001 no-

2051 1042 2173 1081 cere
2198 1029 2245 1081 ei
2293 1029 2457 1097 possit
2484 1030 2719 1101 aliquis?
2745 1032 2990 1088 Pecuniaz
3018 1051 3122 1089 non
3158 1035 3369 1102 adsunt,
3414 1047 3471 1093 ut
3499 1041 3637 1093 mul-

2051 1128 2192 1173 ctam
2238 1122 2591 1176 eiimminetur
2629 1140 2641 1175 :
2675 1125 2896 1193 patriam
2940 1143 3044 1181 non
3086 1126 3269 1195 habet,
3300 1140 3361 1184 ut
3387 1131 3631 1185 exsilimn

2052 1210 2282 1275 inferat;
2311 1211 2532 1281 gloriam
2576 1229 2682 1269 non
2712 1218 3058 1288 concupiscit,
3092 1230 3147 1274 ut
3176 1220 3407 1276 dedecus
3438 1222 3631 1277 inurat.

2050 1302 2223 1359 Uiutm
2256 1306 2515 1375 reliquum
2544 1317 2646 1372 est,
2679 1325 2824 1363 mors
2867 1311 3069 1366 scilicet
3098 1330 3112 1366 :
3142 1313 3234 1367 sed
3265 1312 3366 1368 hac
3404 1315 3635 1369 maxime

2050 1396 2102 1448 in
2132 1405 2279 1463 parte
2306 1413 2425 1451 eum
2465 1398 2700 1470 affligere
2742 1419 2847 1456 non
2893 1404 3107 1472 poterit,
3155 1405 3261 1459 imo
3282 1404 3487 1474 juvabit
3514 1422 3630 1460 ma-

2049 1486 2208 1541 xime.
2244 1488 2478 1560 Namque
2502 1507 2623 1546 eum
2650 1492 2714 1546 ad
2756 1494 2911 1548 aliam
2941 1497 3246 1550 transmittit
3272 1498 3453 1562 vitam,
3479 1498 3546 1552 ab
3574 1514 3634 1555 se

2047 1579 2429 1648 desideratam,
2460 1583 2608 1653 cujus
2646 1600 2805 1639 causa
2837 1587 2965 1641 nihil
2998 1603 3101 1641 non
3132 1588 3239 1659 agit
3278 1599 3331 1643 et
3359 1601 3629 1659 operatur.

2050 1669 2230 1741 Itaque
2277 1672 2364 1727 illa
2412 1674 2649 1729 laborum
2694 1677 2795 1731 sibi
2843 1677 2964 1732 ﬁnis
3006 1680 3126 1745 erit,
3170 1695 3274 1735 non
3319 1694 3508 1749 pinna,
3538 1681 3632 1734 sed

2048 1764 2300 1819 sudorum
2330 1767 2524 1822 solutio
2565 1778 2619 1822 ct
2649 1770 2880 1840 requies.
2927 1771 3089 1826 Visne
3114 1772 3275 1826 alium
3304 1773 3421 1843 ejus
3449 1784 3633 1842 poten-

2049 1858 2133 1909 ti:e
2164 1857 2377 1911 tnodnm
2420 1860 2679 1922 ediscere,
2713 1862 2764 1914 in
2814 1861 3145 1932 philosophia
3194 1864 3348 1934 longe
3379 1876 3635 1934 praestan-

2047 1948 2280 2003 tiorem?
2314 1950 2531 2006 Etiamsi
2563 1953 2681 2019 quis
2710 1969 2830 2007 eam
2864 1954 3157 2011 innumeris
3187 1956 3424 2013 aﬂ‘eccrit
3452 1959 3627 2022 malis,

2045 2039 2250 2094 etiamsi
2291 2042 2602 2097 verberibus
2632 2044 2928 2109 laniaverit,
2973 2046 3023 2099 in
3055 2048 3264 2101 vincula
3304 2049 3627 2115 conjccerit,

2043 2149 2238 2203 corpus
2281 2150 2377 2204 pro
2405 2144 2591 2189 natura
2618 2152 2709 2190 sua
2740 2136 2967 2202 laeditur,
3000 2139 3209 2193 aninms
3239 2154 3366 2195 vero
3393 2140 3630 2208 philoso-

2047 2224 2181 2291 phice
2209 2224 2473 2290 addictus,
2505 2226 2704 2280 ilhesus
2734 2236 2913 2281 manet
2942 2245 2954 2281 :
2987 2244 3160 2298 neque
3183 2230 3325 2283 enim
3356 2229 3629 2284 iracundia

2042 2314 2266 2384 capitur,
2303 2331 2407 2370 non
2434 2317 2558 2371 odio
2584 2318 2890 2387 corripitur,
2923 2335 3028 2373 non
3058 2320 3361 2375 inimicitias
3388 2333 3627 2376 exercet.

2042 2403 2283 2459 Nondum
2326 2407 2395 2461 ita
2442 2423 2689 2478 magnum
2722 2409 2823 2463 hoc
2853 2417 2954 2472 est,
2986 2410 3078 2464 sed
3111 2410 3265 2481 longe
3291 2411 3585 2467 mirabilius
3608 2453 3626 2477 ,

2040 2496 2179 2561 quod
2210 2509 2324 2558 eos,
2352 2498 2441 2567 qui
2486 2513 2545 2552 se
2576 2498 2646 2552 ita
2674 2508 2888 2563 vexant,
2918 2501 2998 2553 sic
3026 2499 3216 2569 diligit,
3251 2511 3307 2554 ut
3332 2501 3625 2567 beneficos,

2042 2596 2096 2641 ut
2127 2599 2397 2657 patronos,
2430 2590 2674 2660 bonaque
2714 2592 2819 2646 illis
2860 2601 3049 2647 cuneta
3098 2602 3431 2662 apprecatur.
3475 2594 3627 2648 Attii

2039 2679 2165 2747 quid
2196 2682 2244 2734 ei
2274 2696 2522 2750 umquam
2553 2683 2658 2736 tale
2687 2692 2939 2752 prmstarc
2961 2683 3247 2754 potuisses,
3268 2684 3477 2739 etiamsi
3504 2682 3648 2739 mil?

2039 2771 2137 2826 lies
2163 2771 2335 2841 ipsum
2362 2773 2505 2828 orbis
2549 2785 2807 2827 terrarum
2840 2790 3018 2844 regem
3049 2776 3440 2841 constituisses,
3473 2788 3527 2830 et
3555 2777 3622 2830 ad

2036 2862 2223 2917 decem
2250 2878 2509 2918 annorum
2539 2864 2699 2918 millia
2727 2880 2945 2934 regnum
2976 2865 3073 2934 ipsi
3104 2867 3491 2935 prorogasscs?
3519 2883 3622 2935 qua

2037 2969 2299 3025 purpura,
2331 2971 2437 3026 quo
2485 2956 2728 3026 imperio,
2759 2972 2861 3027 qua
2909 2957 3076 3027 gloria
3118 2974 3221 3011 non
3272 2958 3622 3028 praestahllius

2036 3061 2118 3101 est
2165 3046 2267 3102 hoc
2290 3048 2531 3102 bonum?
2557 3048 2681 3118 quid
2727 3064 2830 3103 non
2874 3049 3228 3119 impenderes.
3273 3061 3331 3104 ut
3357 3051 3620 3119 ejusmodi

2036 3141 2269 3195 animum
2299 3142 2607 3210 acciperes?
2635 3142 2877 3196 Arbitror
2919 3157 3017 3211 ego
3046 3143 3204 3197 etiam
3234 3157 3348 3208 eos,
3395 3142 3482 3212 qui
3510 3154 3623 3198 stu-

2034 3233 2236 3288 diosius
2257 3247 2481 3302 corpora
2500 3242 2707 3294 curant,
2728 3233 2863 3288 hanc
2890 3233 3048 3288 vitam
3071 3242 3456 3303 praceptaturos
3476 3250 3616 3290 esse.

2036 3327 2197 3380 Visne
2223 3325 2435 3380 aliunde
2460 3342 2671 3397 quoque
2709 3328 2996 3396 potentiam
3025 3326 3123 3381 viri
3149 3337 3201 3381 et
3232 3327 3616 3383 mirabiliorem

2033 3428 2086 3471 et
2110 3418 2480 3487 jucundiorem
2526 3419 2726 3485 videre,
2778 3434 2842 3473 ex
2890 3429 3039 3488 parte
3078 3420 3291 3489 quidem
3343 3421 3616 3478 humiliori

2033 3512 2274 3579 petitam,
2305 3512 2397 3567 tibi
2438 3523 2613 3567 tamen
2651 3528 2858 3567 summe
2882 3516 3125 3583 gratam?
3155 3516 3225 3569 Ea
3254 3515 3466 3585 quidem
3498 3532 3617 3586 qua:

2031 3604 2170 3657 dicta
2211 3611 2353 3669 sunt,
2385 3619 2504 3658 eum
2550 3619 2647 3657 nec
2685 3604 2800 3673 capi
2831 3619 2928 3658 nec
2969 3605 3150 3659 violari
3184 3622 3339 3675 posse
3364 3623 3615 3676 compro-

2032 3695 2178 3749 bant.
2224 3694 2377 3763 Quod
2416 3703 2591 3750 autem
2626 3696 2758 3750 alios
2788 3696 3157 3753 moderaturus
3184 3697 3272 3761 sit,
3304 3714 3505 3769 eosque
3536 3712 3618 3754 tn-

2032 3789 2264 3841 llSSlmOS
2278 3788 2684 3853 eonstituturus,
2701 3788 2750 3843 id
2769 3789 2992 3845 fortasse
3009 3790 3203 3860 quaeris
3218 3790 3481 3847 ediscere.
3504 3793 3615 3848 llo'c

2031 3897 2191 3951 porro
2235 3890 2318 3935 est
2364 3881 2595 3950 primum
2641 3882 3033 3951 magisterium,
3085 3893 3143 3937 ut
3181 3884 3315 3939 alios
3357 3885 3423 3939 ad
3472 3886 3610 3942 idem

2028 3973 2259 4027 studium
2287 3972 2533 4038 adducat,
2563 3984 2617 4028 et
2642 3974 2718 4029 sic
2746 3973 2867 4028 illos
2895 3973 3076 4028 firmos
3117 3974 3388 4046 fortesque
3416 3981 3615 4032 consti-

2028 4078 2139 4123 tuat
2166 4084 2179 4128 ;
2208 4070 2291 4122 sin
2318 4082 2444 4122 vero
2486 4067 2559 4122 illi
2588 4068 2775 4130 nolint,
2810 4078 3181 4137 terrenamque
3224 4069 3384 4123 vitam
3420 4073 3612 4126 sectari

2030 4159 2235 4223 malint,
2266 4158 2352 4212 hic
2378 4173 2589 4228 quoque
2614 4158 2815 4213 videbis
2841 4158 3042 4225 majore
3066 4168 3117 4212 te
3145 4159 3398 4228 opulento
3427 4174 3614 4229 poten-

2030 4252 2097 4305 tia
2132 4250 2406 4320 prmditum
2437 4265 2581 4316 eum,
2627 4250 2714 4320 qui
2757 4249 2887 4303 nihil
2919 4249 3096 4311 habet,
3144 4262 3305 4320 atque
3347 4251 3465 4306 ideo
3496 4270 3612 4306 ma-

2028 4345 2169 4400 xime
2195 4344 2335 4414 quod
2367 4342 2494 4397 nihil
2524 4342 2733 4397 habeat.
2764 4342 2896 4410 Quis
2922 4343 3064 4397 enim
3094 4344 3297 4412 majore
3325 4359 3446 4397 cum
3477 4344 3614 4398 fidit-

2026 4438 2106 4492 cia
2147 4448 2199 4491 et
2242 4446 2500 4507 potestate
2541 4436 2921 4506 Imperatorem
2950 4436 3247 4506 alloquetur
3290 4445 3345 4490 et
3372 4437 3614 4504 increpa-

2026 4531 2135 4585 hit?
2158 4542 2283 4585 tune
2298 4529 2387 4599 qui
2413 4538 2551 4583 tanta
2577 4528 2838 4598 possides,
2858 4536 2911 4582 et
2936 4537 3213 4597 propterea
3238 4526 3376 4582 illius
3397 4542 3611 4596 quoque

2026 4622 2195 4677 servis
2240 4621 2501 4676 obnoxius
2530 4634 2609 4685 es,
2659 4634 2863 4689 proque
2901 4618 3149 4673 omnibus
3197 4620 3403 4679 tremis.
3448 4634 3612 4673 ansas

2026 4728 2154 4767 vero
2183 4712 2256 4765 illi
2290 4712 2593 4765 innumeras
2626 4710 2855 4779 prtebes,
2887 4709 2930 4762 si
2963 4709 3129 4763 iratus
3156 4719 3207 4764 te
3233 4709 3429 4765 lredere
3458 4710 3605 4775 velit;

2025 4820 2092 4857 an
2142 4803 2230 4857 hic
2266 4802 2353 4873 qui
2403 4802 2543 4855 illius
2592 4800 2835 4855 manibus
2875 4799 3119 4869 superior
3160 4801 3283 4854 est?
3317 4800 3427 4854 Hoc
3462 4802 3605 4854 enim

2027 4896 2257 4951 maxime
2276 4909 2443 4965 genus
2465 4893 2737 4947 hominum
2757 4908 2964 4947 summa
2986 4908 3106 4947 cum
3132 4892 3376 4947 libertate
3394 4893 3608 4963 regibus

2024 4986 2310 5057 colloquuti
2342 4994 2482 5049 sunt,
2514 4992 2775 5054 quotquot
2800 4983 3047 5037 videlicet
3070 4998 3099 5036 a
3130 4983 3477 5037 s:ecularibns
3514 4998 3599 5038 ne-

2026 5080 2183 5150 gotiis
2220 5093 2279 5131 se
2322 5085 2742 5146 sequestrarunt.
2787 5074 2881 5128 Cui
2929 5088 3055 5128 vero
3101 5072 3308 5127 facilius
3355 5074 3511 5128 cedet
3552 5080 3599 5131 et

2026 5168 2436 5239 oluemperabit,
2481 5167 2569 5235 qui
2596 5176 2676 5219 est
2706 5164 2757 5218 in
2787 5174 3048 5233 potestate
3080 5166 3421 5231 constitutus,
3450 5175 3504 5219 et
3553 5165 3602 5221 in

2026 5263 2168 5331 regia
2198 5258 2484 5315 versatur?
2512 5257 2674 5312 tibine
2721 5256 2811 5327 qui
2843 5256 2991 5311 dives
3034 5270 3114 5323 es,
3143 5270 3298 5323 quem
3327 5256 3415 5310 ille
3444 5271 3604 5325 pecn-

2028 5356 2233 5409 niarum
2263 5366 2421 5408 causa
2450 5350 2641 5404 crebro
2685 5348 2907 5418 plurima
2954 5346 3129 5402 facere
3174 5348 3507 5416 suspicatur;
3540 5364 3605 5402 an

2028 5446 2074 5499 ei
2100 5444 2188 5514 qui
2228 5458 2385 5497 unam
2417 5441 2575 5495 habet
2598 5440 2894 5508 jussionnm
2926 5454 3164 5503 causam,
3194 5453 3385 5507 nempe
3415 5438 3607 5493 huma-

2030 5537 2247 5591 nitatem
2276 5549 2401 5603 erga
2439 5532 2608 5587 alios?
2645 5531 2813 5599 Qpem
2845 5529 3146 5592 honorabit,
3178 5546 3335 5599 quem
3381 5528 3612 5583 adnnrao

2028 5628 2213 5684 hitur?
2244 5642 2435 5681 eumne
2460 5626 2653 5695 dequo
2680 5623 2812 5679 nihil
2836 5623 3101 5694 abjcctum
3128 5622 3386 5693 suspicari
3411 5631 3608 5692 potest,

2040 5738 2105 5778 an
2134 5736 2252 5777 cum
2280 5736 2437 5791 quem
2460 5721 2625 5776 servis
2650 5732 2857 5790 quoque
2887 5717 2994 5772 suis
3024 5716 3257 5772 \‘iliorcn‘
3292 5713 3609 5770 arbitratur?
