4116 6392
478 293 582 348 Si?)

477 408 624 460 Sicut
667 404 808 458 enim
851 402 1063 473 quoties
1105 398 1302 469 aliquid
1355 399 1592 470 pecunia:
1644 395 2056 467 impendendum

477 507 578 563 est,
614 495 719 550 illis
761 494 933 564 potius
961 494 1353 560 obtemperant,
1399 490 1470 544 ita
1501 490 1661 543 etiam
1701 490 1910 557 quoties
1949 485 2064 556 jus-

478 590 646 642 scrint
665 586 821 640 alicui
845 582 1185 655 patrocinari.

548 679 603 734 8.
622 678 720 743 Qui
743 687 938 730 terrena
958 674 1128 728 omnia
1147 673 1357 742 spernit,
1373 672 1594 740 lugentes
1611 669 1816 740 facilius
1831 666 2063 720 consola-

481 770 747 825 παρ-δίη
764 779 940 823 autem
954 765 1341 828 volueris,nihil
1360 765 1448 819 ille
1461 779 1552 833 per
1563 763 1695 817 alios
1707 758 2062 831 perficiat,sed

484 877 580 930 per
612 859 844 929 seipsum
867 861 1077 923 omnia;
1099 870 1456 912 aerumnosum
1477 854 1703 923 aliquem
1735 861 1790 907 et
1817 851 1881 905 ad
1913 851 2062 905 illum

481 954 807 1008 adducamus
829 961 880 1007 te
899 950 964 1006 ad
982 958 1055 1015 te,
1080 950 1187 1004 imo
1211 948 1384 1018 potius
1405 961 1510 1001 non
1531 946 1596 1000 ad
1616 956 1686 1009 te,
1701 943 1793 1000 sed
1806 943 1873 999 ad
1890 943 2061 1012 ipsum

491 1047 560 1100 Im
571 1055 868 1114 peratorem
894 1062 906 1097 :
930 1051 1042 1098 tum
1057 1042 1333 1096 videamus
1358 1050 1477 1095 uter
1504 1039 1576 1092 illi
1598 1041 1766 1107 magis
1786 1035 2065 1107 providere

481 1138 667 1204 possit.
684 1137 998 1205 Primusque
1009 1143 1131 1188 ante
1147 1133 1279 1189 alios
1298 1131 1704 1200 addueatur,qui
1719 1128 2062 1184 acerbissima

478 1231 714 1284 omnium
735 1243 1018 1298 perpessus
1037 1228 1124 1280 sit.
1149 1226 1228 1282 Sit
1247 1224 1394 1279 verbi
1425 1224 1593 1294 gratia
1610 1221 1872 1292 quispiam
1895 1219 2062 1274 ﬁlium

478 1325 678 1378 habens
716 1323 966 1386 unicum,
1014 1335 1171 1387 quem
1213 1318 1266 1372 in
1305 1318 1420 1386 ipso
1460 1317 1631 1370 tetatis
1669 1314 1800 1370 flore
1834 1312 2059 1366 amittat.

479 1415 629 1469 llunc
669 1429 841 1482 neque
874 1412 1156 1481 princeps,
1183 1423 1355 1478 neque
1381 1423 1496 1473 rex,
1533 1421 1704 1474 neque
1737 1404 1876 1459 alius
1919 1403 2062 1473 quis-

476 1507 615 1574 piam
645 1503 908 1559 consolari
949 1500 1160 1571 poterit,
1183 1499 1376 1554 nedum
1401 1507 1457 1552 tu
1483 1497 1648 1551 :nihil
1677 1497 1819 1552 enim
1838 1495 1942 1551 tale
1964 1495 2062 1563 ipsi

475 1596 647 1658 dabis,
687 1596 844 1665 quale
891 1593 1086 1647 amisit.
1132 1593 1197 1646 At
1221 1591 1265 1644 si
1292 1590 1356 1644 ad
1383 1588 1548 1643 filium
1580 1597 1727 1641 tuum
1753 1585 2058 1648 adduxeris,

476 1691 648 1759 primo
674 1690 845 1759 ipsum
877 1703 942 1741 ex
968 1694 1205 1755 aspectu,
1233 1699 1297 1738 ex
1325 1682 1527 1745 habitu,
1559 1696 1622 1734 ex
1653 1679 1925 1734 domicilio
1949 1685 2061 1730 sta-

477 1783 569 1835 tim
598 1780 783 1850 eriget,
815 1779 1021 1846 ipsique
1061 1773 1397 1846 persuadebit
1429 1787 1523 1842 pro
1549 1770 1716 1825 nihilo
1749 1769 1946 1823 habere
1974 1782 2062 1821 res

477 1873 767 1937 humanas,
817 1879 925 1924 tum
971 1869 1214 1922 oratione
1256 1879 1469 1919 omnem
1511 1861 1758 1916 mteroris
1808 1859 2058 1914 nebulam

477 1967 630 2021 facile
668 1964 889 2034 fugabit.
921 1963 1033 2018 Tua
1057 1975 1186 2016 vero
1208 1974 1278 2014 ex
1309 1957 1472 2013 domo
1495 1957 1693 2010 luctum
1729 1952 2058 2008 acerbiortnn

475 2059 564 2112 ille
615 2055 829 2111 referet.
875 2053 1008 2108 Cum
1051 2052 1193 2106 enim
1245 2048 1444 2103 viderit
1486 2061 1604 2101 eam
1633 2044 1786 2099 malis
1814 2042 2062 2098 omnibus

475 2146 950 2220 cxpertcm,multa
979 2145 1229 2199 felicitate
1258 2141 1532 2205 refertam,
1553 2136 1750 2193 herede
1773 2143 2058 2207 prarsente,

476 2241 664 2311 majori
716 2240 861 2294 luctu
904 2236 1170 2292 mstuabit.
1222 2232 1421 2288 Contra
1463 2245 1594 2285 vero
1647 2227 1771 2284 inde
1831 2225 2062 2297 quietior

475 2333 661 2387 evadet
688 2328 1142 2399 philosophiaeque
1163 2323 1509 2394 propinquior
1529 2339 1541 2374 :
1560 2335 1683 2376 cum
1704 2319 1893 2374 viderit
1915 2317 2058 2372 enim

477 2425 642 2478 filium
673 2433 823 2477 tuum
859 2428 1032 2476 tantas
1077 2431 1208 2488 opes
1247 2415 1542 2484 despicere,
1595 2421 1794 2466 tantam
1838 2409 2058 2480 gloriam

477 2525 785 2580 tantumque
810 2509 1172 2582 splendorem,
1199 2507 1374 2561 minus
1409 2503 1614 2558 dolebit
1637 2502 1706 2557 de
1731 2507 1904 2556 morte
1943 2498 2056 2554 filii.

477 2605 577 2674 Qui
607 2605 748 2659 enitn
779 2601 1093 2658 discruciari
1141 2598 1358 2669 poterit,
1386 2595 1527 2666 quod
1550 2593 1812 2648 bonorum
1862 2589 2060 2645 herede

474 2708 674 2762 careat,
703 2711 824 2751 cum
869 2693 1060 2748 viderit
1096 2691 1258 2746 alium
1305 2689 1419 2743 lucc
1458 2686 1636 2742 omnia
1681 2681 2061 2739 contemnere?

477 2790 705 2844 Facilius
730 2789 856 2842 item
876 2784 1220 2856 philosophia:
1239 2781 1399 2836 verba
1417 2780 1694 2834 facientem
1713 2775 1894 2830 audiet
1914 2789 2058 2840 eum,

480 2881 567 2950 qui
613 2878 863 2947 operibus
909 2874 1144 2930 sermoni
1195 2872 1354 2926 ﬁdem
1396 2870 1539 2924 facit.
1590 2867 1669 2922 Tu
1716 2882 1844 2922 vero
1879 2866 1924 2920 si
1978 2865 2060 2918 vel

475 2972 684 3026 hiscere
710 2982 872 3023 ausus
899 2966 1082 3030 fueris,
1111 2979 1232 3019 eum
1283 2976 1515 3018 maerore
1560 2959 1758 3029 ingenti
1803 2955 2058 3026 replebis,

475 3072 660 3132 utpote
681 3060 772 3130 qui
796 3059 983 3112 alienis
1006 3057 1057 3110 in
1083 3055 1236 3110 malis
1257 3050 1665 3124 philos0pheris.
1691 3050 1758 3104 At
1775 3049 1884 3114 ille,
1899 3046 2061 3102 rebus

473 3155 602 3226 ipsis
629 3168 748 3208 eum
785 3151 1058 3215 erudiens,
1089 3147 1236 3202 nullo
1279 3147 1494 3216 negotio
1535 3140 1896 3214 persuadebit,
1924 3137 2060 3194 nihil

473 3245 655 3312 aliud,
703 3259 860 3314 quam
909 3254 1156 3296 somnum
1208 3251 1328 3292 esse
1372 3244 1597 3290 mortem
1641 3251 1652 3284 :
1701 3246 1874 3301 neque
1916 3228 2058 3284 enim

477 3339 735 3408 plurimos
778 3331 1114 3390 enumerabit
1161 3341 1341 3398 patres
1392 3326 1578 3382 eadem
1628 3336 1940 3394 perpessos,
1968 3319 2060 3375 sed

472 3431 707 3498 seipsum
735 3424 984 3481 ostendet
1011 3420 1247 3492 quotidie
1277 3420 1330 3472 in
1360 3431 1586 3485 corpore
1616 3415 1683 3469 de
1726 3422 1898 3468 morte
1945 3427 2061 3465 mc-

473 3522 752 3584 ditantem,
783 3528 838 3573 et
861 3517 928 3571 ad
957 3515 1143 3570 eadem
1174 3525 1384 3580 semper
1413 3519 1653 3579 paratum
1689 3523 1701 3558 :
1733 3517 1896 3576 atque
1937 3503 2061 3558 hinc

473 3609 882 3667 resurrectionis
907 3606 1204 3662 doctrinam
1233 3599 1644 3672 probabiliorem
1689 3597 1926 3653 efficiens
1945 3637 1961 3663 ,
1990 3597 2060 3650 ita

474 3707 539 3759 ab
565 3719 622 3758 se
648 3702 900 3765 dimittet,
927 3698 1156 3751 maxima
1188 3693 1435 3749 maeroris
1473 3701 1624 3761 parte
1669 3698 2014 3745 exoneratum
2042 3703 2062 3740 :

474 3796 747 3862 multoque
788 3789 1019 3858 amplius
1064 3787 1319 3841 valebunt
1359 3785 1475 3850 ejus
1523 3782 1684 3838 verba
1728 3780 1890 3836 rebus
1932 3779 2061 3848 ipsis

473 3896 700 3950 asserta,
728 3883 793 3937 ad
824 3879 1103 3936 levandum
1130 3876 1294 3931 animi
1323 3875 1755 3942 dolorem,quam
1785 3870 2059 3926 combibe-

474 3994 598 4033 nutn
626 3986 683 4031 et
731 3975 1102 4044 parasitorum.
1151 3970 1218 4024 Et
1256 3968 1401 4023 hunc
1439 3965 1654 4036 quidem
1695 3966 1766 4018 ita
1795 3963 2056 4018 sanabit'.

473 4073 780 4128 Adducatur
827 4078 1006 4122 autem
1038 4065 1101 4119 ad
1141 4079 1265 4118 eum
1313 4070 1368 4115 et
1405 4061 1562 4122 alius,
1585 4060 1629 4112 si
1673 4057 1927 4121 volueris,
1968 4055 2058 4126 qui

469 4165 580 4235 jugi
610 4179 674 4217 ex
705 4161 892 4216 morbo
938 4157 1123 4211 oculos
1171 4153 1412 4208 amiserit
1441 4169 1453 4204 :
1487 4149 1615 4219 quid
1647 4149 1720 4202 illi
1769 4145 2057 4216 adjnmenti

471 4257 664 4312 afferre
694 4252 927 4325 poteris?
966 4251 1154 4304 Verum
1183 4247 1272 4302 ille
1300 4244 1590 4299 ostendens
1613 4258 1715 4295 non
1746 4256 1907 4311 grave
1928 4239 2058 4293 illud

472 4366 612 4414 esse,
641 4350 692 4403 in
723 4345 991 4403 domicilio
1016 4356 1180 4412 parvo
1220 4340 1477 4398 inclusus,
1508 4346 1563 4390 et
1588 4335 1653 4389 ad
1698 4336 1854 4389 aliam
1886 4334 2058 4388 lucem

473 4457 790 4516 properans,
838 4445 1294 4509 prmseiitemqtte,
1342 4431 1385 4484 si
1410 4431 1480 4484 illi
1525 4437 1897 4498 comparetur,
1951 4443 2056 4481 non

474 4537 649 4608 magni
678 4531 931 4589 momenti
958 4543 1078 4584 esse
1103 4526 1325 4588 ducens,
1354 4521 1562 4578 erudiet
1585 4535 1705 4575 eum
1731 4519 1798 4574 ad
1835 4519 2055 4573 calami-

475 4639 638 4685 tatem
666 4625 873 4680 fortiter
927 4619 1218 4677 ferendam.
1249 4619 1330 4671 An
1377 4627 1431 4669 tu
1481 4615 1733 4668 damnum
1775 4626 2057 4682 perpessos

475 4721 541 4775 ad
591 4713 1072 4789 philosophandum
1125 4707 1388 4763 induces?
1415 4705 1724 4760 anlatenns
1758 4721 1770 4756 :
1800 4702 1926 4772 quin
1959 4718 2058 4771 po-

477 4814 582 4868 tius
610 4811 688 4866 eis
712 4809 968 4864 molestus
995 4805 1103 4859 eris
1135 4819 1148 4854 :
1182 4814 1409 4870 namque
1439 4797 1608 4852 tristia
1637 4806 1818 4852 nostra
1844 4797 1895 4850 iu
1938 4810 2060 4864 pro-

477 4906 740 4960 ximorum
788 4896 1036 4954 secundis
1090 4893 1250 4948 rebus
1279 4890 1588 4960 diligentius
1631 4887 2059 4942 animadvertere

477 4997 733 5051 solemus.
781 4991 926 5046 Tuus
963 4995 1141 5042 autem
1187 4985 1325 5037 filius
1362 4981 1462 5035 hos
1500 4994 1709 5050 quoque
1739 4976 1945 5032 facilius
1971 4993 2058 5030 re-

476 5087 701 5143 creabit.
747 5082 948 5140 Omitto
996 5092 1212 5148 precum
1258 5089 1451 5142 opem,
1501 5072 1657 5140 longe
1703 5070 1786 5124 his
1815 5069 2062 5123 omnibus

477 5181 758 5248 majorem,
809 5173 1036 5241 ideoque
1082 5168 1292 5224 omitto,
1334 5163 1477 5233 quod
1525 5171 1696 5215 tecum
1750 5161 1878 5214 mihi
1920 5175 2060 5214 nunc

477 5285 659 5327 sermo
684 5268 774 5322 sit.
805 5263 956 5332 Quod
988 5261 1032 5318 si
1059 5270 1109 5314 te
1142 5267 1359 5326 propter
1399 5254 1563 5308 filium
1598 5253 1849 5306 honorari
1888 5253 2059 5320 cupis,

477 5377 578 5418 nec
603 5374 723 5415 esse
742 5353 1067 5422 contemptui
1095 5347 1411 5419 (verisimile
1434 5355 1514 5398 est
1539 5344 1678 5398 enim
1707 5353 1758 5396 te
1776 5342 1824 5396 id
1846 5341 2060 5397 deside-

477 5451 644 5523 rare),
676 5448 858 5505 nescio
887 5461 992 5514 quo
1018 5450 1173 5513 pacto
1203 5438 1256 5494 id
1299 5435 1514 5491 uberius
1559 5433 1813 5504 consequi
1865 5434 2057 5503 possis,

478 5559 634 5614 quam
663 5556 784 5596 cum
815 5537 980 5591 filium
1013 5534 1226 5593 habeas.
1264 5528 1352 5600 qui
1403 5535 1648 5580 naturam
1696 5525 1919 5580 excedat
1965 5525 2059 5578 hn-

478 5649 711 5696 manant,
741 5630 936 5700 quique
987 5627 1040 5680 in
1090 5633 1202 5678 toto
1249 5628 1510 5675 terrarum
1551 5618 1684 5672 orhe
1733 5617 2060 5672 clarissimus

544 5750 556 5778 ¹
597 5755 695 5795 ι)υο
715 5751 845 5803 ωδεη
869 5739 994 5790 hunc
1017 5734 1208 5804 quidem
1230 5729 1410 5797 pariter
1428 5724 1517 5780 ille
1545 5721 1778 5779 sanabit.

1187 286 1242 341 S.
1281 282 1570 340 JOANNIS
1601 278 2074 338 CllRYSOSTOMl
2117 279 2438 337 ARCHIEP.
2483 278 3017 336 CONSTANTINOP.

3651 282 3763 338 5H

2175 395 2464 462 habeatur,
2515 411 2581 451 ac
2624 413 2746 451 cum
2795 407 2959 458 tanto.
2989 397 3276 466 splendore
3320 398 3521 454 nullum
3563 398 3762 456 habeat

2172 489 2464 543 inimicum.
2499 488 2630 544 Nam
2661 490 2747 544 illa
2771 499 2950 545 vestra
2989 491 3225 560 potentia
3269 493 3524 560 prmditns
3569 494 3758 548 multis

2173 581 2522 647 honorabilis,
2553 581 2795 651 plurimis
2819 582 3038 637 odiosus
3083 583 3272 638 fuisset
3305 603 3318 639 :
3349 593 3403 638 at
3437 584 3521 640 hic
3564 600 3763 641 omnes

2171 674 2259 743 qui
2289 674 2458 742 ipsum
2489 673 2759 730 honorant
2789 716 2803 739 ,
2833 675 2883 728 id
2907 691 3028 729 cum
3057 677 3323 746 voluptate
3363 677 3582 733 faciunt.
3622 679 3762 733 Nam

2170 765 2215 818 si
2245 764 2487 818 nonnulli
2527 764 2720 820 infimae
2749 766 2909 820 sortis
2929 807 2942 830 ,
2973 781 3037 819 ex
3071 765 3265 821 vilibus
3309 768 3412 821 orti
3461 768 3672 822 rusticis
3699 781 3767 824 et

2170 854 2448 924 operariis,
2479 855 2616 909 hanc
2647 857 2871 925 ingressi
2897 856 3317 926 philosophiam,
3363 859 3498 913 adeo
3545 861 3765 914 cunctis

2169 947 2505 1002 venerabiles
2533 947 2704 1014 fuere,
2735 958 2794 1003 ut
2820 964 2980 1003 nemo
3019 965 3226 1015 eorum,
3275 951 3363 1019 qui
3409 952 3632 1005 summis
3668 951 3763 1006 di-

2167 1039 2458 1108 gnitatibus
2487 1039 2776 1111 fulgebant,
2793 1041 3131 1095 erubesceret
3161 1043 3424 1110 proficisci
3454 1042 3518 1095 ad
3542 1044 3762 1098 illorum

2170 1131 2455 1200 tugurium,
2488 1146 2551 1185 ac
2595 1131 2846 1202 colloquii
2891 1147 3079 1187 eorum
3127 1141 3183 1187 et
3231 1149 3432 1188 mensa:
3475 1130 3762 1190 consertes

2167 1235 2316 1282 esse;
2365 1222 2493 1291 quin
2538 1222 2608 1276 ita
2654 1221 2830 1276 affecti
2874 1233 3049 1287 erant,
3097 1238 3159 1278 ac
3205 1224 3248 1277 si
3281 1223 3434 1278 bonis
3484 1226 3757 1290 maximis,

2167 1311 2309 1382 quod
2338 1327 2520 1366 verum
2547 1323 2682 1378 erat,
2711 1313 2860 1381 potiti
2902 1312 3130 1366 fuissent
3160 1329 3175 1368 :
3216 1314 3384 1367 multo
3413 1329 3543 1369 sane
3585 1317 3764 1386 magis

2169 1406 2220 1460 id
2252 1405 2468 1471 facient,
2500 1421 2621 1460 cum
2647 1404 2877 1460 viderint
2903 1405 3092 1460 illustri
3119 1421 3317 1475 genere
3344 1417 3539 1472 ortum,
3572 1407 3762 1477 splcn~

2169 1497 2307 1553 didis
2330 1497 2689 1562 facultatibus,
2721 1506 2989 1566 tantmque
3019 1499 3129 1566 spei
3155 1497 3432 1566 juvenem,
3463 1514 3521 1554 se
3545 1501 3608 1553 ad
3633 1515 3760 1554 eam

2166 1590 2415 1644 virtutem
2441 1589 2750 1644 contulisse.
2779 1588 3111 1659 ltaquequod
3137 1597 3191 1642 tu
3211 1590 3541 1659 potissimum
3564 1608 3762 1662 quere-

2167 1681 2260 1744 ris,
2285 1697 2350 1735 ex
2380 1680 2460 1734 his
2480 1696 2600 1734 eum
2622 1680 2688 1734 ad
2707 1681 2791 1734 illa
2820 1681 3095 1742 transisse,
3128 1681 3228 1734 hoc
3252 1682 3493 1751 estquod
3523 1683 3761 1738 maxime

2168 1775 2313 1828 illum
2346 1773 2691 1842 spectabilem
2724 1772 2865 1835 facit,
2895 1788 3187 1842 omnesque
3211 1782 3268 1827 ut
3292 1773 3356 1827 ad
3390 1775 3533 1827 illum
3558 1775 3755 1829 oculos

2166 1876 2377 1922 vertant
2403 1865 2622 1932 inducit,
2654 1880 2758 1920 non
2789 1865 2941 1935 quasi
2972 1864 3036 1920 ad
3063 1863 3353 1930 hominem,
3385 1865 3479 1920 sed
3510 1867 3658 1936 quasi
3685 1867 3761 1921 ad

2166 1960 2433 2031 angelum.
2467 1959 2648 2029 Neque
2685 1958 2826 2014 enim
2857 1973 2977 2028 quze
3021 1959 3088 2013 de
3130 1958 3252 2013 aliis
3299 1959 3506 2028 opinari
3554 1959 3758 2024 solent,

2166 2053 2234 2108 de
2259 2053 2368 2107 filio
2399 2063 2491 2108 tuo
2515 2051 2949 2120 suspicabuntur,
2975 2051 3116 2121 quod
3156 2051 3362 2105 scilicet
3406 2051 3623 2106 honoris
3670 2055 3758 2107 vel

2165 2146 2508 2216 pecuniarum
2533 2143 2804 2213 cupidine,
2833 2142 2912 2196 vel
2944 2141 3163 2210 insignis
3190 2157 3257 2196 ex
3284 2140 3471 2197 humili
3507 2143 3618 2197 fieri
3652 2158 3758 2198 cu-

2166 2239 2335 2308 piens,
2368 2235 2506 2290 hanc
2532 2235 2749 2304 elegerit
2773 2235 2909 2288 viam
2942 2250 2958 2286 :
2984 2233 3100 2287 hare
3125 2233 3319 2302 quippe
3348 2233 3415 2289 de
3445 2234 3561 2289 aliis
3584 2233 3756 2300 dicta,

2165 2333 2263 2387 etsi
2309 2331 2440 2386 falsa
2472 2339 2526 2384 et
2570 2330 2747 2398 iniqua
2793 2328 2919 2388 sint,
2953 2326 3005 2381 in
3050 2336 3178 2381 nato
3223 2335 3314 2381 tuo
3358 2343 3426 2380 ne
3464 2327 3759 2396 suspicioni

2165 2424 2378 2496 quidem
2408 2425 2582 2478 locum
2610 2421 2740 2476 dare
2771 2429 3039 2490 peterunt.

2236 2515 2290 2571 9.
2332 2513 2605 2569 Christiani
2631 2522 2748 2566 tunc
2777 2513 2992 2566 maxime
3015 2513 3197 2581 ﬂorent
3225 2527 3338 2565 cum
3365 2523 3754 2583 appugmmtur.

2163 2636 2236 2646 ——
2261 2605 2409 2660 Neve
2448 2615 2602 2676 putes
2633 2604 2746 2658 haec
2785 2603 2905 2657 idco
2943 2603 3253 2672 contingere
3276 2642 3292 2668 ,
3339 2604 3481 2672 quod
3511 2601 3756 2672 Impera-

2165 2706 2311 2752 tores
2358 2696 2498 2765 piam
2539 2695 2849 2764 religionem
2895 2695 3075 2748 colant
3103 2710 3117 2746 :
3145 2693 3354 2747 etiamsi
3382 2694 3525 2747 enim
3577 2695 3754 2764 impe—

2165 2789 2305 2844 rium
2331 2786 2564 2852 decidat,
2584 2795 2636 2840 et
2669 2786 2992 2854 imperantes
3013 2784 3066 2838 in
3086 2783 3453 2840 infidelitatem
3482 2785 3752 2851 labantur,

2165 2889 2292 2936 tunc
2319 2879 2430 2934 nati
2467 2879 2541 2932 tui
2569 2879 2790 2944 virtutes
2821 2877 3140 2933 illustriores
3169 2877 3416 2933 evadent.
3459 2878 3572 2932 Non
3601 2881 3753 2935 enim

2163 2973 2438 3043 gentilium
2479 2986 2629 3026 more
2665 2985 2752 3024 res
2800 2976 2998 3023 nostra:
3041 2984 3101 3024 se
3145 2968 3380 3034 habent,
3429 2986 3600 3040 neque
3643 2972 3756 3027 illa:

2168 3063 2538 3132 imperantium
2568 3061 2760 3132 placita
2800 3069 3136 3130 sequuntur;
3183 3075 3367 3115 verum
3411 3063 3624 3131 propria
3654 3078 3755 3118 sua

2164 3157 2359 3210 virtute
2387 3154 2682 3210 consistunt
2706 3194 2722 3220 ,
2752 3163 2982 3220 tuanue
3013 3153 3239 3208 maxime
3269 3154 3599 3222 splendent,
3622 3173 3752 3211 eum

2165 3249 2398 3302 maxime
2432 3255 2852 3316 oppugnantur:
2893 3244 3156 3313 siquidem
3206 3246 3362 3300 miles
3405 3247 3565 3301 etiam
3604 3249 3759 3317 pacis

2168 3353 2406 3410 tempore
2432 3348 2702 3410 spectatus
2737 3349 2852 3401 est,
2882 3349 2935 3394 at
2965 3340 3118 3409 longe
3144 3341 3433 3410 spectatior
3459 3342 3747 3412 ingruente

2167 3431 2329 3487 bello.
2403 3430 2586 3500 Itaque
2639 3429 2928 3498 gentilibus
2982 3429 3363 3500 imperantibus
3409 3431 3594 3499 majori
3645 3433 3754 3489 erit

2167 3524 2369 3578 honore
2396 3523 2593 3578 clarus.
2642 3522 2773 3577 Nam
2805 3525 2894 3591 qui
2924 3521 3087 3575 filium
3116 3530 3262 3576 tuum
3304 3539 3446 3578 nunc
3481 3540 3748 3578 veneran-

2167 3624 2270 3681 tur,
2303 3615 2468 3669 multo
2507 3613 2736 3691 amplius
2767 3613 2816 3667 id
2857 3612 3052 3668 facient
3078 3629 3198 3668 cum
3230 3615 3560 3684 proeliantem
3588 3617 3744 3673 vide-

2165 3708 2288 3771 rint,
2318 3705 2505 3774 majori
2533 3712 2771 3758 utcntem
2814 3703 3035 3767 fiducia,
3068 3705 3433 3776 plurimasque
3463 3723 3574 3760 rem
3601 3723 3749 3777 pne-

2165 3799 2307 3852 clare
2333 3795 2548 3868 gerendi
2584 3796 2892 3852 occasiones
2916 3794 3224 3851 habentem.
3264 3796 3428 3852 Visne
3456 3798 3542 3851 illa
3563 3799 3752 3862 etiam,

2166 3906 2285 3960 qua:
2306 3889 2371 3944 ad
2396 3898 2448 3944 te
2475 3896 2738 3958 spectant,
2771 3886 3139 3958 expendamus
3160 3930 3175 3953 ,
3216 3903 3282 3941 an
3312 3904 3438 3944 vero
3469 3889 3518 3943 id
3551 3905 3748 3959 super-

2165 3982 2332 4037 fluum
2371 3980 2652 4036 videatur?
2694 3979 2742 4034 ls
2771 3981 2912 4034 enim
2942 3979 3028 4050 qui
3075 3980 3284 4034 οίιξιεῖίε
3327 3981 3396 4034 ita
3438 3992 3752 4037 mansuetus

2165 4084 2220 4130 et
2264 4075 2406 4129 mitis
2449 4082 2569 4138 est,
2617 4081 2676 4127 ut
2722 4073 2954 4142 querela}
3001 4087 3187 4126 ansam
3237 4073 3433 4127 nemini
3484 4075 3743 4143 prmbeat,

2166 4167 2335 4221 multo
2361 4165 2528 4234 magis
2557 4171 2760 4233 patrem
2792 4177 3001 4216 summo
3042 4162 3258 4217 habebit
3288 4163 3338 4216 in
3370 4163 3590 4228 honore,
3622 4165 3747 4219 lon-

2163 4273 2335 4328 geque
2363 4256 2588 4326 amplius
2611 4254 2844 4318 fovebit,
2885 4270 3042 4323 quam
3089 4255 3133 4309 si
3182 4254 3233 4308 in
3279 4254 3518 4308 sareulari
3562 4255 3756 4311 fuisset

2165 4350 2494 4419 magistratu.
2545 4347 2676 4402 Nam
2719 4348 2764 4402 si
2809 4363 3058 4417 magnum
3099 4346 3378 4416 imperium
3409 4348 3750 4414 obtinuisset,

2165 4442 2424 4496 incertum
2449 4449 2531 4496 est
2563 4456 2630 4494 an
2658 4447 2860 4510 patrem
2901 4439 3224 4508 contemptui
3263 4439 3539 4494 habiturus
3560 4453 3701 4496 esset
3728 4461 3746 4496 :

2165 4547 2308 4588 nunc
2349 4548 2474 4588 vero
2521 4547 2639 4586 eam
2680 4531 2842 4600 elegit
2889 4532 3049 4584 vitam
3074 4571 3089 4595 ,
3133 4546 3236 4599 qua
3268 4531 3592 4599 lmperatore
3631 4533 3756 4602 ipso

2165 4625 2396 4689 clarior,
2440 4623 2679 4678 omnium
2709 4622 3037 4677 humillimus
3066 4638 3189 4691 erga
3219 4631 3271 4676 te
3301 4623 3424 4676 erit.
3466 4620 3750 4693 Siquidem

2165 4715 2468 4784 hujusmodi
2510 4714 2651 4784 apud
2683 4728 2781 4767 nos
2808 4713 3011 4768 obtinet
3048 4713 3404 4784 philosophia,
3435 4721 3492 4769 ‘ttt
3513 4731 3596 4781 ea,
3626 4732 3752 4786 qua:

2140 4807 2436 4861 'contraria
2464 4814 2762 4875 apparent,
2813 4821 3005 4874 nempe
3043 4807 3358 4861 modestiam
3387 4816 3440 4861 ct
3467 4807 3750 4862 celsitudi-

2167 4914 2288 4953 nem
2314 4939 2329 4965 ,
2355 4897 2407 4952 in
2438 4913 2597 4952 unam
2623 4897 2854 4950 animam
2894 4906 3066 4966 cogat.
3113 4898 3174 4951 Et
3199 4897 3414 4967 quidem
3441 4899 3495 4953 in
3525 4900 3749 4966 saeculo.

2166 4998 2353 5058 utpote
2399 4989 2746 5058 pecuniarum
2789 4988 3048 5057 cupidus,
3101 4999 3247 5042 tuum
3293 4989 3472 5044 forsan
3511 5000 3756 5059 aptasset

2167 5081 2411 5146 obitum;
2438 5095 2578 5134 nttnc
2604 5090 2783 5136 autem
2816 5089 3055 5148 utquam
3084 5079 3392 5150 longissima
3427 5081 3517 5135 tibi
3554 5096 3752 5151 proro-

2165 5185 2320 5243 getnr
2346 5173 2450 5227 vita
2482 5181 2750 5242 precatur,
2783 5180 2841 5225 ut
2867 5189 2931 5226 ex
2957 5171 3059 5226 hoc
3085 5172 3247 5227 etiam
3272 5174 3485 5227 coronis
3510 5174 3756 5232 clariori-

2167 5265 2268 5318 bus
2297 5263 2543 5319 donetur.
2575 5262 2692 5318 Non
2727 5263 2867 5317 enim
2897 5263 3088 5333 exigua
3129 5278 3337 5318 merces
3365 5264 3518 5319 nobis
3547 5280 3751 5334 propo-

2168 5357 2268 5409 sita
2299 5365 2414 5420 cst,
2462 5356 2505 5410 si
2560 5363 2805 5425 parentes
2847 5354 3324 5415 honoraverimus;
3373 5355 3466 5409 sed
3501 5356 3756 5423 jnbemur

2168 5463 2263 5502 eos
2302 5463 2401 5517 pro
2445 5447 2679 5502 dominis
2717 5447 2916 5501 nostris
2961 5455 3214 5515 reputare
3238 5487 3252 5510 ,
3299 5447 3468 5502 verbo
3494 5456 3547 5502 et
3583 5461 3756 5515 opere

2167 5539 2367 5604 colere,
2401 5545 2525 5593 dum
2547 5547 2723 5593 tamen
2751 5537 2802 5591 in
2831 5537 2974 5592 nullo
3008 5537 3176 5607 pietas
3203 5546 3256 5591 et
3286 5537 3472 5607 religio
3503 5537 3752 5592 laedatur.

2168 5631 2304 5702 Quid
2332 5633 2473 5685 enim
2502 5632 2606 5685 tale
2625 5672 2640 5696 ,
2681 5641 2736 5684 ut
2765 5630 2958 5684 dicitur
2977 5672 2991 5696 ,
3043 5630 3171 5699 ipsis
3199 5629 3390 5684 reddes
3410 5671 3424 5690 ,
3467 5630 3620 5699 quale
3647 5629 3752 5698 ipsi

2173 5721 2307 5776 tibi?
2332 5720 2625 5783 Considera
2667 5722 2821 5792 igitur
2845 5763 2859 5789 ,
2906 5737 3027 5777 eum
3068 5722 3156 5793 qui
3186 5721 3237 5775 in
3263 5720 3469 5774 caeteris
3495 5719 3755 5773 omnibus
