4116 6392
271 471 381 503 υνδε)

257 581 352 638 ρον
382 564 522 619 εἶναι
547 566 903 636 νομιζόμενον
928 563 1036 616 τῶν
1058 564 1256 629 αὐτούς
1292 563 1557 635 Καθάπερ
1590 564 1696 634 γὰρ
1729 563 1788 615 ὲν
1808 563 1941 635 χρή-

260 672 449 725 μασιν,
500 655 629 707 ὅταν
680 653 995 707 ἀναλίσκειν
1056 653 1166 706 δέοι
1196 666 1261 717 ε,
1318 653 1542 717 ἐκείνοις
1605 652 1941 706 ὑπακούουσι

258 746 481 820 μᾶλλον,
514 744 657 799 οὑτω
683 746 777 798 καί
811 744 1112 815 προστῆναι
1147 742 1480 796 κελεύουσιν.

325 855 399 920 η’.
422 848 485 902 Εἰ
499 850 554 902 δὲ
569 848 686 919 βού)
698 866 765 908 ει,
785 848 949 919 μηδὲν
964 847 1030 900 δι’
1043 848 1127 900 ὲτέ
1135 865 1243 919 ρων
1259 846 1487 910 ἀνυέτω,
1500 845 1635 899 ἀλλά
1648 844 1713 897 δι’
1727 844 1939 897 έαυτοῦ’

259 936 356 989 καὶ
390 936 482 988 τὸν
515 936 702 998 κακῶς
736 934 979 988 παθόντα
1010 935 1105 987 καὶ
1134 933 1271 1005 πρὸς
1300 932 1490 986 τοῦτον
1523 932 1821 1002 ἀγάγωμεν
1850 932 1945 984 καὶ

257 1025 395 1097 πρὸς
431 1024 511 1085 σὲ,
552 1022 753 1094 μᾶλλον
787 1022 843 1075 δὲ
873 1023 947 1093 μὴ
984 1023 1012 1061 δ
1046 1021 1183 1093 πρὸς
1215 1022 1303 1085 σὲ,
1332 1020 1470 1074 ἀλλά
1500 1020 1637 1091 πρὸς
1666 1019 1827 1073 αὑτὸν
1854 1020 1945 1073 τὸν

262 1108 635 1179 βασιλεύοντα·
669 1105 787 1162 εἶτα
822 1108 1021 1179 ἴδωμεν
1044 1108 1128 1171 τίς
1160 1108 1360 1179 μᾶλλον
1386 1107 1685 1178 προνοῆσαι
1719 1106 1945 1179 δυνήσε-

258 1216 346 1252 ται
388 1198 598 1251 τούτου.
636 1198 745 1251 Καὶ
779 1196 995 1268 πρῶτος
1040 1195 1259 1265 ἀγέσθω
1292 1194 1401 1249 τῶν
1444 1194 1618 1249 ἄλλων
1650 1195 1679 1247 ὁ
1724 1194 1945 1248 πάντων

256 1284 539 1337 δεινότατα
562 1294 584 1321 ο
623 1282 927 1346 πεπονθώς.
962 1283 1143 1335 Ἔστω
1171 1282 1280 1353 γάρ
1301 1299 1385 1345 τις
1406 1282 1519 1336 υίὸν
1547 1281 1685 1352 ἔχων
1716 1298 1944 1351 μονογε-

257 1371 346 1442 νῆ,
375 1373 467 1425 καὶ
493 1374 552 1425 ὲν
572 1372 725 1443 ἀκμῇ
751 1372 851 1442 τῆς
870 1370 1016 1446 ὧρας
1040 1370 1203 1423 αὑτὸν
1229 1370 1565 1424 ἀποϐαλέτω.
1590 1368 1795 1423 Τοῦτον
1820 1368 1941 1422 οὑτε

255 1460 461 1530 ἄρχων.
493 1458 618 1513 οὐτε
656 1460 927 1530 βασιλεὺς,
959 1458 1083 1512 οὑτε
1114 1459 1271 1523 ἄλλος
1294 1477 1380 1523 τις
1410 1458 1686 1529 ὠφελῆσαι
1719 1460 1946 1529 δυνήσε-

256 1565 368 1607 ται,
405 1548 602 1619 μήτιγε
654 1547 718 1600 σύ
743 1564 757 1577 ·
801 1546 953 1600 οὐδὲν
988 1547 1097 1617 γὰρ
1134 1546 1285 1617 αὑτῴ
1320 1545 1512 1606 δώσεις
1538 1546 1798 1609 τοιοῦτον,
1832 1542 1943 1599 οἷον

257 1640 622 1694 ἀπολώλεκεν.
654 1640 783 1693 Ἐὰν
801 1640 859 1693 δὲ
882 1640 1019 1711 πρὸς
1038 1639 1130 1692 τὸν
1155 1640 1268 1693 υἱὸν
1294 1639 1509 1709 ἀγάγῃς
1532 1637 1623 1691 τὸν
1652 1638 1763 1698 σὸν,
1792 1638 1942 1709 πρῶ-

258 1746 348 1781 τον
380 1730 475 1798 μὲν
504 1729 667 1782 αὐτὸν
700 1729 807 1782 ἀπό
830 1745 889 1781 τε
923 1729 1024 1799 τῆς
1052 1729 1247 1797 ὑψεως,
1281 1727 1389 1780 ἀπό
1420 1745 1480 1780 τε
1508 1726 1603 1779 τοῦ
1640 1728 1940 1797 σχήματος,

258 1817 367 1869 ἀπό
386 1835 443 1869 τε
470 1818 568 1888 τῆς
587 1818 856 1888 οἰκήσεως
877 1817 1177 1887 ἀναστήσει
1199 1817 1429 1886 ταχέως,
1455 1816 1549 1869 καὶ
1570 1815 1747 1868 πείσει
1777 1814 1942 1885 μηδὲν

259 1906 510 1975 ἡγεῖσθαι
545 1906 614 1958 τά
641 1905 977 1976 ἀνθρώπιναο
1017 1904 1208 1957 ἔπειτα
1236 1904 1294 1956 δὲ
1327 1904 1423 1955 καί⁸
1468 1902 1647 1970 λόγοις
1679 1902 1943 1955 ἀπελάσει

257 1995 319 2047 τὸ
340 1994 498 2061 νέφος
528 1993 786 2056 εὐκόλως.
835 1994 966 2045 Ἀπὸ
994 1992 1051 2046 δὲ
1077 1993 1175 2063 τῆς
1196 1992 1295 2063 σῆς
1326 1990 1503 2055 οἰκίας
1531 1990 1625 2043 καὶ
1652 1989 1811 2043 πλέον
1831 1989 1941 2055 ’ἐξει

254 2081 318 2134 τὸ
344 2081 536 2145 πένθος
563 2081 788 2144 ἐκεῖνος.
823 2080 992 2133 Ὅταν
1019 2077 1127 2150 γὰρ
1165 2074 1249 2151 ῐδῃ
1276 2077 1481 2147 ταύτην
1507 2076 1753 2147 καθαρὰν
1777 2071 1941 2129 οὖσαν

258 2169 467 2234 κακῶν,
498 2169 592 2222 καὶ
614 2168 813 2239 πολλῆς
836 2166 1142 2239 εὐπραγίας
1166 2167 1465 2237 γέμουσαν,
1492 2166 1587 2218 καὶ
1608 2164 1941 2237 κληρονόμον

258 2258 510 2328 ἔχουσαν.
542 2258 742 2329 μᾶλλον
771 2260 1211 2329 κατακαήσεται·
1250 2255 1459 2309 ἐκεῖθεν
1492 2256 1549 2309 δὲ
1588 2254 1941 2327 ἡμερώτερος

256 2349 409 2403 ἔσται
436 2350 529 2403 καὶ
559 2347 1014 2420 φιλοσοφώτερος.
1059 2347 1233 2419 Ὁρῶν
1264 2348 1374 2419 γὰρ
1404 2346 1520 2419 [70]
1547 2347 1810 2418 τοσαύτης
1843 2346 1942 2417 μὲν

256 2438 447 2501 οὐσίας
490 2437 847 2509 ὑπερορῶντα
873 2437 965 2491 τὸν
997 2437 1088 2490 σὺν
1113 2436 1252 2501 υίδν,
1280 2434 1550 2506 τοσαύτης
1576 2436 1633 2489 δὲ
1661 2434 1818 2505 δόξης
1848 2436 1942 2489 καὶ

258 2524 661 2596 λαμπρότητος,
694 2527 797 2579 οὑκ
838 2525 1068 2595 ἀλγήσει
1110 2524 1188 2594 τῷ
1222 2524 1611 2593 τελευτήσαντι
1663 2523 1937 2577 τοσοῦτον.

261 2611 384 2675 ιΙῶς
414 2611 523 2682 γὰρ
550 2612 711 2665 αὑτὸν
736 2612 953 2683 δήξεται
985 2611 1046 2665 τὸ
1076 2611 1279 2682 μηδένα
1308 2610 1643 2682 κληρονόμον
1671 2608 1814 2680 ἔχειν
1834 2610 1941 2662 τῶν

259 2700 447 2765 αὐτοῦ,
482 2702 612 2754 ὅταν
644 2700 727 2771 ἴδῃ
751 2700 956 2753 τούτων
985 2702 1199 2755 πάντων
1239 2698 1686 2770 καταφρονοῦντα
1719 2698 1939 2770 ἓτερον;

260 2786 371 2838 Καὶ
401 2788 527 2850 τοὺς
554 2788 683 2857 7:291
724 2787 1039 2855 φιλοσοφίας
1077 2786 1133 2839 δὲ
1174 2787 1367 2854 λόγους
1408 2785 1772 2856 εὐκολώτερον
1812 2787 1940 2855 παρ’

264 2874 471 2929 ἐκείνου
504 2876 796 2929 ἀκούσεται
823 2879 936 2939 τοῖς
975 2876 1155 2946 ἔργοις
1200 2875 1644 2947 έπαληθεὺοντος.
1681 2877 1753 2930 Σὺ
1788 2876 1847 2929 δὲ
1876 2877 1942 2930 ἂν

262 2964 422 3032 χᾶναι
468 2963 745 3036 τολμήσῃς
790 2963 967 3033 μόνον,
1015 2964 1109 3017 καὶ
1146 2965 1383 3034 ἀθυμίας
1428 2964 1590 3018 αὐτὸν
1640 2964 1942 3034 ἐμπλήσεις

266 3050 487 3120 πολλῆς,
524 3051 619 3103 ἆτε
654 3054 739 3104 ἐπ’
760 3051 1061 3123 ἀλλοτρίοις
1091 3052 1395 3121 φιλοσοφῶν
1419 3055 1626 3114 κακοῖςο
1660 3054 1863 3115 ἐκεῖνος
1882 3052 1941 3105 δὲ

263 3140 425 3191 αὐτὸν
445 3140 533 3194 διὰ
563 3140 672 3194 τῶν
698 3141 1038 3212 πραγμάτων
1065 3140 1352 3203 διδάσκων,
1387 3142 1564 3193 πείσει
1600 3140 1826 3211 ῥᾳδίως,
1857 3141 1941 3194 ὅτι

262 3226 414 3279 οὐδὲν
433 3225 602 3279 ὑπνου
625 3226 783 3279 πλέον
804 3230 831 3279 ό
850 3228 1077 3290 θάνατος
1095 3226 1226 3297 ἔχει’
1248 3228 1308 3280 οὐ
1326 3227 1434 3299 γὰρ
1458 3227 1685 3287 πολλοὺς
1704 3226 1942 3298 ἀριθμή-

264 3329 346 3365 σει
395 3312 637 3383 πατέρας
668 3314 736 3367 τά
781 3314 922 3367 αὑτά
966 3313 1302 3377 πεπονθότας
1347 3315 1561 3383 ἐκείνῳ,
1598 3313 1713 3367 ἀλλ’
1749 3313 1943 3367 ἑαυτὸν

261 3400 422 3466 δείξει
446 3401 565 3455 καθ’
592 3403 829 3473 ἑκάστην
851 3402 1063 3473 ἡμέραν
1088 3404 1145 3454 έν
1167 3401 1244 3471 τῷ
1273 3401 1485 3473 σώματι
1515 3400 1823 3473 μελετῶντα
1842 3400 1940 3472 τὴν

262 3489 537 3560 τελευτὴν,
575 3491 670 3544 καὶ
712 3491 847 3562 πρὸς
879 3492 1083 3561 ταύτην
1118 3491 1638 3562 παρεσκευασμένον
1680 3490 1802 3555 ἀεὶ,
1847 3490 1941 3542 καὶ

262 3579 387 3640 τοὺς
415 3580 543 3649 περὶ
569 3580 668 3648 τῆς
702 3580 1053 3641 ἀναστάσεως
1089 3578 1279 3645 λόγους
1308 3578 1659 3650 πιστοτέρους
1684 3580 1937 3647 ποιήσας,

262 3663 433 3727 οὕτως
454 3666 628 3718 ἀποπέ
640 3667 768 3735 μψει
785 3666 846 3718 τὸ
866 3666 998 3719 πολὺ
1020 3666 1117 3736 τῆς
1134 3665 1326 3736 ὀδύνης
1342 3666 1680 3736 ἀποθέμενον
1700 3664 1863 3736 βάρος
1881 3662 1936 3727 ά,

264 3752 493 3804 καὶτῶν
524 3753 850 3806 συνδείπνων
885 3754 978 3807 καὶ
1022 3754 1383 3824 περιδείπνων
1428 3752 1609 3823 πολλῷ
1647 3753 1845 3823 μᾶλλον
1872 3752 1939 3805 τὰ

264 3838 452 3891 τούτου
481 3841 722 3909 ῥήματα,
754 3841 897 3911 καὶή
920 3841 1009 3894 διὰ
1033 3842 1139 3893 τῶν
1164 3842 1506 3913 πραγμάτων
1532 3842 1788 3907 ἐπίδειξις
1812 3842 1939 3911 ῥᾷον

262 3924 355 3977 τὸν
382 3926 621 3979 παθόντα
649 3927 909 3981 διαθεῖναι
940 3928 1246 3999 δυνήσεται.
1278 3931 1387 3983 Καὶ
1416 3930 1603 3983 τοῦτον
1639 3930 1736 4000 μὲν
1767 3928 1939 3993 οὕτως

268 4012 474 4067 ἰάσεται
499 4025 542 4067 ε.
582 4015 822 4083 ’Δγέσθω
852 4016 909 4068 δὲ
941 4017 1074 4088 πρὸς
1100 4018 1260 4070 αὐτὸν
1291 4019 1385 4070 καὶ
1415 4018 1620 4088 ἔτερος,
1658 4021 1705 4071 εἰ
1737 4017 1936 4087 βούλει,

268 4100 405 4169 νόσῳ
438 4102 624 4172 μακρᾷ
648 4104 771 4164 τοὺς
802 4103 1113 4174 ὀφθαλμοὺς
1134 4106 1409 4168 έκκοπείς·
1437 4107 1490 4158 τί
1520 4106 1707 4160 τούτου
1737 4107 1938 4177 δυνήσῃ

267 4190 599 4258 προστῆναι;
645 4188 883 4254 Ἐκεῖνος
928 4192 1028 4262 μὲν
1070 4193 1179 4264 γὰρ
1219 4193 1433 4256 δεικνὺς
1475 4194 1555 4246 ὅτι
1597 4196 1748 4248 οὐδὲν
1782 4195 1941 4248 τοῦτο

264 4274 455 4333 δεινὸν,
500 4276 1026 4348 κατακεκλεισμένος
1068 4278 1180 4331 τε(
1226 4282 1283 4333 ὲν
1322 4282 1550 4351 οἰκίσκῳ
1598 4284 1799 4353 μικρῷ,
1846 4283 1941 4336 καὶ

268 4361 403 4431 πρὸς
435 4363 621 4432 ἓτερον
651 4366 1002 4436 ἐπειγόμενος
1032 4366 1165 4435 φῶς,
1205 4368 1298 4420 καὶ
1330 4366 1389 4419 τὸ
1413 4368 1585 4439 παρὸν
1614 4369 1763 4421 οὐδὲν
1797 4370 1941 4440 μέγα

268 4448 401 4516 πρὸς
429 4450 604 4503 ἐκεῖνο
634 4452 766 4522 ήγού
777 4470 957 4523 μενος,
977 4454 1252 4507 παιδεύσει
1268 4456 1528 4524 γενναίως
1545 4456 1639 4527 τὴν
1658 4456 1939 4527 συμφορὰν

266 4538 523 4603 ἐνεγκεῖν.
567 4540 726 4593 Ἀλλά
756 4542 883 4604 τοὺς
913 4542 1384 4613 ὲπηρεαζομένους
1412 4547 1595 4596 πεῖσαι
1623 4544 1821 4614 δυνήσῃ
1852 4562 1940 4612 φι-

267 4622 545 4691 λοσοφεῖν;
574 4627 866 4698 Οὐδαμῶς,
892 4627 1024 4681 ἀλλὰ
1049 4631 1139 4681 καὶ
1162 4630 1468 4701 ὲνοχλήσεις
1495 4631 1712 4701 μᾶλλον
1739 4633 1805 4685 τὰ
1830 4632 1939 4705 γὰρ

265 4712 439 4763 οἰκεῖα
460 4713 605 4765 κακά
628 4715 683 4765 έν
708 4717 817 4777 τοῖς
844 4715 951 4767 τῶν
974 4717 1142 4779 πέλας
1167 4718 1394 4786 ἀγαθοῖς
1408 4719 1794 4789 ἀκριϐέστερον
1821 4719 1939 4772 εἰώ-

266 4795 439 4866 θαμεν
468 4799 724 4870 καθορᾷν.
756 4800 812 4853 Ὀ
837 4801 891 4853 δὲ
911 4802 1024 4865 υίὸς
1047 4804 1075 4855 ὁ
1104 4805 1194 4867 σὸς
1210 4806 1304 4858 καὶ
1328 4806 1551 4868 τούτους
1576 4806 1940 4879 εὐκολώτερον

266 4886 651 4953 ὰνακτήσεται.
674 4888 920 4958 Παρίημι
936 4890 1033 4958 τὴν
1057 4892 1165 4944 ἀπὸ
1188 4892 1297 4945 τῶν
1316 4893 1488 4961 εὐχῶν
1509 4892 1779 4963 βοήθειαν,
1814 4895 1939 4947 πολ-

265 4972 343 5041 λῷ
370 4974 573 5027 τούτων
607 4976 859 5028 ἁπάντων
887 4974 1049 5032 οὖσαν
1081 4979 1322 5048 μείζονα’
1366 4982 1603 5053 παρίημι
1630 4982 1707 5041 δὲ.
1750 4984 1937 5054 ἐπειδὴ

267 5060 404 5129 πρὸς
427 5061 485 5113 σέ
521 5080 609 5131 μοι
641 5062 735 5115 νῦν
760 5065 787 5113 ό
808 5064 963 5131 λόγος
995 5066 1157 5121 ἐστίν.
1190 5069 1252 5120 Εἰ
1272 5068 1329 5121 δὲ
1363 5071 1622 5139 τιμᾶσθαι
1647 5071 1825 5141 βούλει
1852 5072 1939 5126 διὰ

267 5148 356 5200 τὸν
382 5149 495 5201 υἱὸν
517 5151 608 5203 καὶ
641 5151 713 5220 μὴ
741 5155 1196 5221 καταφρονεῖσθαι
1225 5157 1392 5221 (εἰκὸς
1413 5158 1520 5228 γάρ
1544 5176 1599 5211 σε
1619 5160 1714 5212 καὶ
1735 5160 1941 5213 τούτων

266 5236 441 5306 ἐρᾷν),
476 5237 575 5289 οὐκ
609 5234 725 5291 οἶδα
754 5240 866 5303 πῶς
900 5241 965 5293 ἂν
993 5243 1194 5315 ἑτέρως
1228 5243 1427 5313 μᾶλλον
1453 5245 1637 5317 ἔτυχες
1666 5247 1875 5309 τούτου,
1902 5249 1934 5319 ἢ

266 5324 431 5377 παῖδα
460 5326 801 5395 κτησάμενος
828 5328 925 5399 τὴν
954 5329 1300 5401 ἀνθρωπίνην
1330 5334 1726 5405 ὑπερϐαίνοντα
1754 5335 1936 5405 φύσιν,

268 5416 359 5466 καὶ
384 5414 633 5485 λαμπρὸν
664 5415 804 5468 οὑτω
828 5418 1103 5489 πανταχοῦ
1126 5420 1225 5489 τῆς
1242 5424 1564 5493 οἰκουμένης
1591 5424 1934 5494 φαινόμενον,

268 5503 361 5553 καὶ
409 5502 546 5571 μετά
587 5504 688 5572 τῆς
735 5504 1139 5576 εὐδοκιμήσεως
1188 5509 1392 5578 ταύτης
1431 5511 1549 5564 οὐδὲ
1579 5512 1769 5582 ἐχθρόν
1817 5530 1937 5565 τινα

266 5591 477 5659 ἔχοντα.
513 5592 601 5644 Ἐν
620 5593 799 5664 ἐκείνῃ
824 5595 921 5663 μὲν
943 5595 1049 5666 γὰρ
1079 5594 1234 5667 ῶντῇ
1265 5597 1575 5671 δυναστείᾳ,
1604 5602 1814 5665 πολλοῖς
1839 5604 1935 5674 μὲν

330 5724 595 5787 eum»).

330 5786 356 5825 b
382 5786 532 5851 Savil.
560 5786 623 5835 'et
646 5802 771 5837 unus
798 5792 934 5851 μηδέ.

268 5859 328 5958 ει(
384 5850 488 5925 Qun
512 5864 629 5899 mss.
649 5850 805 5900 πάντα
824 5854 936 5901 δειν.
968 5852 1098 5902 Infra
1123 5852 1273 5902 iidem
1301 5856 1537 5915 βασιλεὺς,
1568 5858 1675 5906 οὗτε
1701 5858 1839 5915 ἄλλος
1854 5860 1933 5907 ού-

297 5926 356 5958 ίῐξ
390 5928 481 5958 (ΩΦ.

324 5928 356 5961 ις,
390 5930 430 5957 (ι)
471 5947 481 5957 .

327 5928 482 6045 ξριῗο
512 5986 624 6020 mss.
653 5976 805 6037 μέρος.

327 6035 346 6053 '
374 6035 477 6079 Ihm
501 6050 612 6081 ιητςς.
642 6035 722 6094 μεν
743 6042 859 6087 ἴσως
882 6039 1015 6091 οὗτος
1041 6039 1245 6087 ἰάσεται.

342 6094 359 6133 ί
392 6096 525 6144 Ειιυδ
548 6099 699 6145 codex
729 6110 779 6149 el
815 6103 963 6150 Satil.
992 6102 1039 6151 in
1059 6116 1207 6164 marg.
1242 6102 1290 6150 δὲ
1314 6104 1358 6151 ὲν
1378 6103 1471 6150 οἰκ.

1058 444 1433 503 ADVERSL'S
1468 443 2026 501 OPPUGNATORES
2063 443 2253 499 ἯΤᾹΞ
2296 444 2594 501 MONAST.
2637 444 2769 501 LIB.
2814 446 2879 501 ll.

3623 450 3729 502 διε

2048 562 2348 633 αἰδέσιμος,
2379 563 2593 627 πολλοῖς
2609 563 2666 617 δὲ
2694 564 2789 617 καὶ
2818 561 3044 635 μισητὸς
3059 555 3147 633 ῆν·
3170 561 3404 615 ἐνταῦθα
3430 562 3488 615 δὲ
3520 563 3730 625 πάντες

2050 648 2213 702 αὐτὸν
2238 651 2288 702 οί
2321 650 2593 720 τιμῶντες
2625 649 2744 721 μεθ’
2766 650 2962 721 ἡδονῆς
2987 650 3145 703 τοῦτο
3167 648 3516 721 πράττουσιν.
3541 651 3603 704 Εἰ
3621 648 3728 722 γὰρ

2053 739 2302 792 ταπεινοὶ
2340 739 2435 792 καὶ
2464 741 2527 792 ἐκ
2555 739 2829 795 ταπεινῶν
2860 740 3012 802 ὄντες
3031 740 3175 802 τινὲς
3202 738 3477 810 ἀγροίκων
3498 739 3603 792 υἱοὶ
3636 738 3732 793 καὶ

2053 825 2434 897 χειροτεχνῶν,
2460 826 2554 878 ὲπὶ
2573 826 2672 897 τῆν
2699 826 3018 896 φιλοσοφίαν
3037 825 3241 896 ταύτην
3268 826 3531 890 ἐλθόντες,
3559 824 3730 892 οὑτως

2052 913 2302 980 ἐγένοντο
2335 914 2505 985 τίμιοι
2538 916 2725 977 πᾶσιν,
2752 915 2828 977 ὠς
2881 914 3084 986 μηδένα
3113 913 3221 968 τῶν
3249 915 3308 967 ὲν
3333 916 3447 978 τοῖς
3475 915 3733 985 μεγάλοις

2052 1001 2220 1054 ὄντων
2239 1001 2543 1073 ἀξιώμασιν
2558 1001 2913 1073 αἰσχυνθῆναι
2938 1002 3074 1074 πρὸς
3090 1002 3150 1055 τὸ
3163 1002 3508 1071 καταγώγιον
3525 1002 3732 1057 τούτων

2053 1088 2247 1155 ἐλθεῖν,
2266 1090 2360 1145 καί
2391 1090 2563 1159 λόγων
2595 1093 2885 1161 μετασχεῖν
2916 1091 3011 1143 καὶ
3041 1088 3342 1162 τραπέζης,
3387 1090 3504 1144 ἀλλ’
3540 1092 3734 1162 ὥσπερ

2056 1177 2307 1247 μεγάλων
2338 1177 2501 1232 τινῶν
2526 1177 2768 1247 ἀγαθῶν,
2787 1179 2925 1250 ὅπερ
2944 1174 3037 1231 οὖν
3059 1179 3154 1231 καὶ
3183 1178 3350 1243 ἔστιν,
3376 1178 3726 1233 ἀπολαύσαν-

2051 1281 2150 1327 τας
2172 1263 2314 1317 οὑτω
2341 1264 2670 1336 διατεθῆναι,
2709 1264 2889 1336 πολλῷ
2916 1266 3140 1337 μᾶλλον,
3174 1266 3303 1319 ὅταν
3329 1265 3438 1320 ἀπὸ
3474 1266 3730 1338 λαμπροῦ

2054 1352 2155 1421 μὲν
2191 1351 2511 1423 ὁρμώμενον
2534 1353 2746 1421 γένους,
2772 1352 3033 1424 λαμπρᾶς
3060 1354 3117 1407 δὲ
3140 1354 3348 1417 οὐσίας,
3376 1354 3646 1407 τοσούτων
3670 1352 3733 1408 δὲ

2050 1438 2303 1502 ἐλπίδων,
2323 1439 2459 1512 πρὸς
2474 1441 2689 1511 ἐκείνην
2714 1441 2897 1494 ῖδωσιν
2922 1439 3145 1493 ἐλθόντα
3180 1440 3278 1512 τὴν
3314 1441 3535 1513 ἀρετὴν,
3568 1440 3733 1495 τοῦτο

2051 1528 2395 1598 ἐργάσονται.
2439 1530 2603 1582 ’Ὢστε
2635 1530 2664 1583 δ
2694 1529 2893 1601 μᾶλλον
2919 1528 3156 1593 πενθεῖς,
3189 1531 3249 1582 τὸ
3279 1531 3343 1583 ἐκ
3359 1530 3614 1583 τοιούτων
3644 1531 3735 1582 ἐπ’

2052 1617 2236 1669 ἱκεῖνα
2264 1615 2499 1687 βαδίσαι,
2530 1616 2686 1671 τοῦτό
2712 1619 2860 1671 ἐστιν
2885 1617 2914 1670 ὃ
2947 1616 3179 1688 μάλιστα
3209 1617 3425 1670 πάντων
3454 1617 3617 1671 αὐτὸν
3640 1617 3731 1669 εὐ-

2051 1704 2274 1775 δόκιμον
2306 1706 2470 1770 ποιεῖ,
2492 1708 2587 1760 καὶ
2609 1706 2818 1770 πάντας
2846 1707 2946 1776 οὐχ
2966 1706 3042 1769 ὡς
3064 1704 3357 1778 ἀνθρώπῳ,
3387 1706 3499 1758 ἀλλ’
3519 1706 3594 1769 ώς
3624 1708 3696 1774 ἀγ
3710 1737 3728 1747 -

2055 1789 2197 1860 γέλῳ
2222 1792 2328 1843 τινὶ
2362 1792 2651 1863 προσέχειν
2698 1792 2986 1846 ἀναπείθει
3045 1792 3251 1845 λοιπόν.
3280 1791 3394 1864 [71]
3428 1792 3503 1845 Οὐ
3531 1791 3640 1864 γὰρ
3668 1793 3731 1863 δή

2048 1874 2243 1939 ταῦτα,
2265 1876 2301 1930 δι
2323 1879 2450 1949 περὶ
2476 1878 2583 1931 τῶν
2612 1878 2788 1932 ἄλλων
2808 1878 3227 1942 ὑποπτεύουσιν,
3253 1879 3614 1949 ὑπονοήσουσι
3636 1879 3734 1933 καὶ

2051 1966 2179 2035 περί
2203 1964 2418 2031 τούτου,
2457 1966 2537 2018 ὅτι
2570 1967 2736 2037 τιμῆς
2764 1966 2925 2038 ἐρῶν,
2958 1968 3051 2020 καὶ
3079 1966 3378 2037 χρημάτων
3422 1967 3729 2038 ἐφιέμενος,

2050 2053 2144 2104 καὶ
2188 2052 2439 2124 λαμπρὸς
2477 2055 2541 2106 ὲκ
2580 2053 2841 2106 ταπεινοῦ
2875 2054 3128 2121 γενέσθαι
3180 2054 3488 2125 ἐπιθυμῶν,
3524 2055 3730 2124 ταύτην

2055 2142 2229 2195 είλετο
2250 2144 2348 2214 τὴν
2373 2142 2510 2197 όδόν’
2542 2142 2715 2197 ταῦτα
2740 2144 2849 2214 γὰρ
2877 2146 2925 2197 εἰ
2951 2144 3046 2197 καὶ
3069 2144 3198 2215 περί
3225 2144 3335 2197 τῶν
3374 2144 3547 2199 ἄλλων
3576 2144 3732 2212 λεγό-

2054 2248 2189 2301 μενα
2214 2230 2383 2301 ψευδῆ
2425 2231 2485 2283 τέ
2528 2232 2648 2283 ἐστι
2687 2231 2779 2283 καί
2817 2231 3082 2303 πονηρίας
3116 2234 3355 2303 ῥήματα,
3388 2234 3480 2286 ἐπὶ
3510 2232 3606 2286 τοῦ
3637 2234 3733 2287 σού

2052 2318 2242 2381 παιδὸς
2273 2317 2398 2371 οὐτε
2434 2319 2691 2371 ὑπόνοιαν
2709 2319 2998 2389 δυνήσεται
3032 2323 3359 2390 παρασχεῖν.

2122 2405 2188 2458 θ’.
2225 2406 2334 2459 Καὶ
2360 2407 2433 2478 μή
2458 2423 2540 2460 τοι
2568 2406 2796 2477 νομίσῃς
2825 2406 3089 2477 βασιλέων
3111 2409 3279 2461 όντων
3306 2407 3545 2460 εὐσεϐῶν
3564 2407 3734 2461 ταῦτα

2050 2493 2297 2562 γίνεσθαι
2325 2494 2507 2565 μόνον,
2534 2494 2670 2547 ἀλλά
2698 2494 2803 2548 κᾶν
2836 2495 3116 2566 μεταπέσῃ
3138 2495 3206 2548 τὰ
3227 2494 3326 2565 τῆς
3360 2496 3533 2566 ἀρχῆς
3559 2496 3655 2549 καὶ
3684 2498 3735 2550 οί

2051 2581 2383 2651 κρατοῦντες
2432 2580 2654 2634 ἄπιστοι
2701 2582 2988 2650 γένωνται,
3026 2581 3120 2634 καὶ
3154 2581 3274 2635 τότε
3311 2580 3383 2635 τὰ
3404 2581 3498 2634 τοῦ
3546 2582 3733 2645 παιδὸς

2051 2667 2205 2719 ἔσται
2241 2666 2620 2738 λαμπρότερα.
2672 2668 2746 2720 Οὐ
2780 2667 2890 2739 γὰρ
2935 2668 2999 2738 δὴ
3051 2662 3139 2720 οἷα
3182 2667 3251 2721 τά
3293 2668 3402 2721 τῶν
3440 2666 3731 2738 Ἑλλήνων,

2048 2754 2275 2808 τοιαῦτα
2304 2755 2398 2806 καὶ
2430 2754 2499 2807 τὰ
2546 2756 2679 2825 παρ’
2724 2756 2888 2825 ἡμῖν,
2932 2755 3054 2809 οὐδὲ
3084 2758 3204 2819 ταῖς
3245 2754 3355 2808 τῶν
3387 2756 3735 2827 κρατούντων

2050 2842 2242 2895 ἕπεται
2270 2841 2553 2912 γνώμαις,
2595 2842 2709 2895 ἀλλ’
2752 2843 2984 2914 ἕστηκεν
3019 2844 3111 2896 ἐπὶ
3143 2843 3242 2913 τῆς
3274 2844 3480 2906 οἰκείας
3514 2842 3696 2913 ἰσχύος
3717 2885 3730 2907 ,

2051 2930 2145 2983 καὶ
2184 2930 2307 2983 τότε
2346 2930 2580 3000 μάλιστα
2616 2931 2897 2999 φαίνεται,
2944 2932 3073 2984 ὅταν
3124 2931 3361 3001 μάλιστα
3409 2932 3732 3001 πολεμῆται·

2050 3016 2171 3068 ἐπεὶ
2199 3016 2294 3069 καὶ
2322 3018 2350 3069 ό
2388 3017 2728 3087 στρατιώτης
2766 3017 3050 3088 εὐδόκιμος
3087 3018 3185 3088 μέν
3224 3018 3343 3069 ἐστι
3381 3018 3477 3073 καὶ
3513 3020 3733 3089 εἰρήνης

2048 3102 2251 3174 οὑσης,
2290 3102 2668 3174 λαμπρότερος
2719 3104 2775 3156 δὲ
2825 3103 2976 3158 ἔσται
3024 3103 3421 3167 καταλαϐόντος
3470 3104 3733 3175 πολέμου.

2053 3191 2215 3243 Ὥστε
2271 3190 2365 3243 καὶ¹
2403 3189 2673 3260 Ἐλλήνων
2708 3190 3077 3262 κρατούντων,
3116 3192 3313 3262 ὁμοίως
3346 3191 3496 3243 ἔσται
3531 3208 3612 3243 σοι
3638 3191 3733 3243 καὶ

2052 3277 2311 3349 μειζόνως
2337 3277 2408 3330 τὰ
2438 3278 2542 3348 τῆς
2569 3278 2758 3348 τιμῆς.
2808 3283 2868 3331 Οἱ
2898 3280 3007 3350 γὰρ
3053 3279 3117 3350 δὴ
3147 3279 3269 3333 τότε
3297 3279 3387 3332 τὸν
3416 3279 3527 3331 υἱὸν
3554 3279 3733 3333 αἰδού-

2052 3384 2204 3437 μενοι
2246 3366 2337 3420 τὸν
2374 3367 2486 3431 σὺν,
2534 3366 2714 3437 πολλῷ
2765 3367 2966 3437 μᾶλλον
3014 3367 3173 3421 τοῦτο
3218 3368 3556 3437 ποιήσουσιν,
3601 3368 3737 3427 ὅταν

2050 3453 2529 3525 παραταττόμενον
2556 3454 2728 3517 ἴδωσι,
2761 3455 2857 3508 καὶ
2891 3454 3098 3509 πλείονι
3129 3456 3467 3528 κεχρημένον
3496 3458 3563 3527 τῇ
3594 3459 3732 3529 παῤ-

2050 3541 2234 3613 ρησίᾳ.
2256 3542 2350 3595 καὶ
2372 3541 2571 3604 πολλὰς
2586 3542 2684 3612 τῆς
2704 3542 3108 3612 εὑδοκιμήσεως
3125 3542 3315 3613 ἔχοντα
3333 3544 3430 3607 τὰς
3454 3546 3731 3617 ἀφορμάς.

2050 3628 2237 3682 Βούλει
2272 3630 2365 3681 καὶ
2404 3630 2473 3682 τὰ
2501 3630 2636 3700 πρὸς
2670 3630 2726 3682 σὲ
2759 3629 3125 3701 ἐξετάσωμεν,
3163 3632 3195 3701 ἢ
3239 3633 3491 3703 περιττός
3525 3627 3677 3692 οὗτος
3705 3635 3734 3689 ’1

2048 3717 2202 3785 λόγος
2223 3734 2237 3781 ;
2276 3718 2335 3769 Ὀ
2357 3717 2465 3787 γάρ
2486 3717 2624 3787 πρὸς
2646 3718 2865 3787 ἐτέρους
2887 3718 3060 3781 οὑτως
3083 3720 3289 3789 ἥμερος
3317 3718 3392 3771 ὢν
3418 3721 3511 3773 καὶ
3535 3722 3730 3790 πρᾶος,

2047 3804 2123 3867 ώς
2150 3804 2338 3874 μηδενὶ
2368 3803 2537 3874 λαϐήν
2568 3807 2890 3877 παρασχεῖν,
2921 3806 3103 3877 πολλῷ
3137 3807 3336 3877 μᾶλλον
3366 3810 3423 3861 ἐν
3452 3808 3619 3880 πολλῇ
3642 3809 3734 3862 τὸν

2049 3892 2261 3963 πατέρα
2303 3892 2413 3956 ἔξει
2444 3894 2612 3963 τιμῇ,
2645 3894 2740 3946 καὶ
2785 3893 3113 3965 θεραπεύσει
3145 3895 3325 3967 πολλῷ
3372 3897 3556 3961 πλέον,
3592 3897 3625 3967 ἢ
3683 3900 3732 3948 εἰ

2049 3981 2367 4034 δυναστείαν
2410 3982 2643 4051 μετῆλθε
2675 3985 2965 4053 κοσμικήν.
3003 3982 3092 4036 Ἐν
3123 3984 3263 4055 ἀρχῇ
3298 3984 3395 4054 μὲν
3430 3984 3539 4054 γὰρ
3568 3988 3592 4023 Β
3627 4002 3729 4055 με·

2048 4070 2189 4140 γάλῃ
2218 4068 2528 4140 γενόμενος,
2570 4069 2763 4140 ἄδηλον
2804 4071 2950 4141 εἰμὴ
2985 4072 3080 4125 καὶ
3120 4071 3213 4124 τοῦ
3255 4071 3463 4143 πατρὸς
3502 4073 3728 4143 ἔμελλεν

2050 4160 2346 4229 ὑπερορᾷν·
2380 4158 2474 4211 νῦν
2512 4158 2568 4210 δὲ
2616 4157 2728 4227 βίον
2766 4158 2969 4223 είλετο,
3004 4158 3072 4211 δι’
3104 4159 3162 4212 ὃν
3197 4160 3291 4213 καὶ
3332 4159 3425 4211 τοῦ
3466 4160 3734 4230 βασιλέως

2052 4245 2474 4317 βασιλικώτερος
2504 4245 2601 4309 ῶν,
2634 4246 2852 4300 πάντων
2878 4247 3029 4300 ἔσται
3059 4247 3196 4319 πρὸς
3231 4247 3290 4300 σὲ
3324 4250 3727 4321 ταπεινότερος.

2049 4334 2284 4404 Τοιαύτη
2310 4334 2419 4405 γὰρ
2448 4337 2480 4404 ή
2507 4337 2639 4407 παρ’
2662 4338 2793 4404 ἡμῖν
2812 4335 3099 4405 φιλοσοφία
3120 4337 3168 4376 δ’
3196 4338 3263 4390 τά
3285 4338 3544 4391 δοκοῦντα
3572 4341 3730 4393 ἐναν-

2048 4423 2138 4475 τία
2173 4419 2342 4483 εἶναι,
2379 4423 2846 4494 μετριοφροσύνην
2892 4425 2987 4477 καὶ
3029 4424 3183 4495 ὕψος,
3227 4427 3450 4493 συνάγει
3488 4428 3567 4489 εἰς
3602 4427 3730 4497 μίαν

2046 4509 2244 4579 ψυχήν.
2275 4510 2385 4563 Καὶ
2411 4510 2530 4561 τότε
2560 4510 2660 4579 μὲν
2678 4511 2771 4563 ἅτε
2801 4512 3100 4582 χρημάτων
3124 4512 3286 4583 ἐρῶν,
3316 4514 3408 4566 καί
3437 4515 3731 4584 ἡσμένισεν

2048 4597 2112 4649 ἀν
2137 4613 2230 4648 σου
2254 4595 2353 4667 τὴν
2375 4597 2650 4667 τελευτήν
2680 4597 2773 4651 νῦν
2802 4599 2860 4651 δὲ
2889 4601 2983 4652 καὶ
3010 4600 3092 4663 εἰς
3122 4600 3296 4670 μῆκος
3320 4602 3613 4673 ὲκταθῆναί
3647 4622 3734 4661 σοι

2048 4685 2147 4753 τὴν
2163 4683 2307 4753 ζωὴν
2324 4682 2562 4754 εὔχεται,
2578 4684 2718 4738 ὥστε
2741 4686 2834 4738 καὶ
2850 4688 2907 4737 ὲν
2922 4687 3096 4758 τούτῳ
3112 4688 3399 4759 λαμπροὺς
3413 4691 3561 4760 αὐτῷ
3583 4693 3733 4759 γενέ·

1972 4787 1983 4797 ’
2050 4771 2173 4825 σθαι
2191 4773 2315 4834 τούς
2336 4772 2652 4840 στεφάνους.
2675 4774 2747 4827 Οὐ
2765 4773 2874 4845 γάρ
2890 4774 2951 4845 δὴ
2979 4775 3172 4847 μικρὸς
3187 4778 3317 4847 ήμῖν
3346 4781 3519 4832 κεῖται
3539 4781 3730 4850 μισθὸς

2047 4860 2159 4921 τοῖς
2195 4859 2322 4921 τοὺς
2347 4860 2749 4931 γεγεννηκότας
2776 4861 3029 4931 τιμῶσιν,
3075 4863 3188 4915 ἀλλ’
3219 4864 3295 4926 ῶς
3335 4864 3599 4927 δεσπότας
3633 4869 3729 4919 αὑ-

2047 4946 2172 5009 τοὺς
2196 4946 2448 5017 ἡγεῖσθαι
2473 4947 2828 5018 κελευόμεθα,
2848 4949 2994 5019 λόγῳ
3016 4966 3074 5001 τε
3101 4951 3192 5003 καὶ
3213 4950 3359 5020 ἔργῳ
3382 4950 3727 5022 θεραπεύειν,

2046 5034 2175 5086 ὅταν
2216 5034 2350 5105 μηδὲ
2395 5035 2464 5088 τά
2511 5036 2609 5106 τῆς
2650 5037 2932 5100 εὐσεϐείας
2968 5038 3447 5109 παραϐλάπτηται.
3493 5042 3557 5093 Τί
3597 5042 3726 5111 γὰρ,

2048 5124 2233 5192 φησὶν,
2269 5124 2452 5187 αὐτοῖς
2478 5125 2877 5189 ἀνταποδώσεις
2905 5125 3087 5189 καθὼς
3113 5127 3266 5180 αὐτοί
3290 5144 3401 5191 σοι;
3447 5129 3728 5201 Ἐννόησον

2046 5208 2139 5264 οὖν
2170 5214 2261 5264 τὸν
2305 5215 2361 5265 ὲν
2403 5217 2513 5276 τοῖς
2555 5214 2733 5277 ἄλλοις
2772 5215 2943 5268 ἅπασι
2987 5216 3124 5286 πρὸς
3168 5215 3338 5286 ἀκρον
3377 5216 3579 5286 ἥκοντα
3628 5222 3725 5290 τῆς

2047 5301 2270 5371 ἀρετῆς,
2301 5301 2416 5364 πῶς
2443 5302 2588 5363 εἰκὸς
2616 5302 2884 5355 καὶτοῦτο
2904 5304 3040 5371 μετά
3064 5303 3263 5373 πολλῆς
3281 5302 3611 5371 φυλάξεσθαι
3629 5309 3726 5377 τῆς

2048 5387 2354 5458 ὑπερϐολῆς
2387 5389 2448 5441 τὸ
2493 5389 2673 5443 καλόν.
2707 5390 2827 5444 Κάν
2856 5393 2963 5463 γὰρ
2991 5392 3282 5445 ἀποθανεῖν
3314 5393 3454 5463 ὑπὲρ
3491 5398 3592 5464 τῆς
3630 5396 3729 5464 σῆς

2044 5476 2153 5527 δέοι
2188 5478 2200 5514 ί
2251 5476 2511 5547 κεφαλῆς,
2544 5478 2603 5529 οὐ
2642 5480 3071 5549 παραιτήσεται,
3102 5479 3197 5533 ἆτε
3228 5481 3290 5533 οὐ
3324 5480 3483 5549 μόνον
3517 5481 3606 5534 διὰ
3640 5482 3729 5536 τὸν

2046 5564 2197 5634 παρά
2235 5563 2333 5631 τῆς
2363 5563 2576 5632 φύσεως
2606 5565 2858 5635 κείμενον
2883 5568 3045 5639 νόμον
3076 5568 3393 5639 θεραπεύων
3431 5586 3489 5622 σε
3520 5570 3613 5624 καὶ
3642 5589 3723 5624 τι-

2048 5651 2183 5719 μῶν,
2216 5650 2351 5703 ἀλλά
2384 5651 2488 5723 πρὸ
2512 5652 2617 5704 τῶν
2647 5653 2820 5706 ἀλλων
2854 5655 2941 5707 διὰ
2972 5657 3063 5709 τὸν
3088 5656 3242 5721 Θεὸν,
3276 5656 3343 5709 δι’
3370 5656 3429 5711 ὃν
3461 5660 3553 5711 καὶ
3591 5661 3727 5713 πάν-

2044 5755 2152 5791 των
2172 5738 2278 5793 τῶν
2313 5738 2486 5792 ἄλλων
2512 5742 2646 5810 ὁμοῦ
2678 5744 3102 5815 κατεφρόνησεν.
3131 5746 3298 5800 Ὅταν
3320 5743 3415 5800 οὖν
3455 5748 3547 5801 καὶ
3582 5749 3728 5803 εὐδο-

2109 5862 2133 5900 5
2164 5861 2298 5935 L101“:
2328 5862 2484 5935 οοάοκ
2513 5869 2567 5913 el
2600 5864 2748 5935 ngjl.
2774 5867 2821 5935 _in
2857 5870 3246 5935 ιηητξζηπλέονῆ
3269 5869 3368 5917 νῦν·
3406 5872 3453 5918 ὲν
3484 5871 3618 5935 ἀρχῇ
3642 5874 3725 5935 μὲν

2043 5923 2423 6021 γαίῃικξιξῃυηιξέὲα
2441 5928 2656 6021 ἐξεῖναι
2681 5923 2988 5977 Ambrosius:
3011 5932 3108 5979 Alii
3132 5940 3183 5980 ut
3206 5923 3253 5980 ili
3280 5940 3441 5983 textu.

2126 5998 2134 6020 ι
2165 5985 2271 6032 Duo
2293 6000 2407 6033 mm.
2441 5985 2601 6037 σοφία.

2113 6046 2123 6083 i
2159 6048 2307 6113 Sam.
2336 6050 2458 6103 δέον,
2484 6042 2581 6097 duo
2602 6052 2797 6099 codit‘es
2821 6053 2922 6113 δέῃ.
2955 6054 3125 6101 Μητρὶ.
3156 6057 3271 6103 δέοι.
3296 6056 3405 6103 Mox
3448 6056 3619 6105 Morel.
3644 6056 3723 6105 8ιά

2043 6108 2215 6190 τὸν-τῆς
2230 6112 2651 6179 φύσεωςκείμενον.
2672 6119 2705 6162 Λ
2718 6114 2766 6161 lil
2780 6108 2954 6166 .Omxirs
2972 6118 3047 6165 δια
3062 6118 3139 6166 τὰν
3156 6120 3280 6178 παρὰ
3294 6126 3375 6175 τῆς
3397 6120 3576 6179 ςύσεως
3589 6122 3718 6178 κιὲμ.
