4116 6392
392 434 504 492 515

1151 431 1213 487 S.
1246 430 1528 487 JOANNIS
1564 430 2062 489 CllllYSOSTOMl
2099 433 2421 494 ARCHIEP.
2456 441 3004 501 CONSTANTINOP.

3717 443 3842 501 διδ

379 547 688 621 κιμώτερος
787 545 882 601 νῦν
915 547 1009 600 καὶ
1037 545 1411 619 εὐπορώτερος
1440 547 1533 602 καὶ
1560 546 1927 620 δυνατώτερος
1957 551 2054 603 καὶ
2161 550 2447 620 ὑποθέσεις
2484 555 2719 628 ἔχοντες,
2746 557 3139 632 ἐπηρεάζεσθε,
3172 558 3267 615 an
3295 558 3397 615 οδκ
3428 556 3704 632 ἀρκούσης
3725 561 3840 631 τῆς

379 642 849 716 ἐλευθερώτερος,
881 643 974 697 καὶ
996 642 1196 715 μᾶλλόν
1230 659 1324 697 σου
1349 642 1534 707 δοῦλος
1551 643 1586 715 ἡ
1615 644 1881 716 πρότερον
1911 644 2048 714 μετά

376 740 480 812 τῆς
510 739 777 810 τοσαύτης
808 737 1178 811 μεγαλονοίας,
1211 739 1356 803 τίνος
1382 739 1589 802 ἕνεκεν,
1620 737 1741 792 είπέ
1775 755 1886 811 μοι,
1916 738 2049 809 θρη-

378 840 518 903 νεῖς;
549 839 632 892 ὅτι
663 838 784 893 καθ’
818 838 1056 908 ἑκάστην
1082 839 1143 890 οὑ
1174 838 1400 910 τρέμεις
1430 837 1528 911 τὴν
1551 838 1784 911 ἡμέραν,
1817 840 1892 910 μὴ
1918 856 2046 893 ποτε

377 938 436 991 ἐν
470 936 691 1009 πολέμῳ
715 933 876 1009 πέσῃ,
903 936 979 1008 μή
1015 951 1143 988 ποτε
1169 936 1520 1009 προσκρούσῃ
1548 935 1776 1007 βασιλεῖ,
1808 937 1882 1007 μή
1916 951 2048 988 ποτε

380 1034 652 1108 βασκανίᾳ
679 1034 788 1088 τῶν
814 1034 1327 1108 συστρατευομένων
1353 1034 1494 1106 ἀλῷ;
1585 1034 1705 1105 οὑχὶ
1732 1035 1826 1087 καὶ
1852 1031 2046 1093 ταῦτα,

377 1132 473 1187 καὶ
500 1130 704 1185 τούτων
734 1127 955 1185 πλείονα
982 1129 1253 1184 δεδοίκασι
1280 1130 1390 1183 τῶν
1413 1128 1844 1201 εὐδοκιμούντων
1864 1130 1911 1182 οί
1942 1146 2046 1181 πα-

375 1228 565 1301 τέρεςὶ
611 1226 730 1300 [721
761 1225 1025 1299 Καθάπερ
1069 1227 1179 1299 γὰρ
1220 1229 1269 1281 οἱ
1307 1227 1519 1282 παιδίον
1552 1228 1638 1297 ἐφ’
1669 1226 1873 1299 ὑψηλοῦ
1904 1243 2049 1295 τινος

378 1326 679 1396 στήσαντες
718 1324 889 1378 τόπου
930 1323 1155 1394 τρέμειν
1196 1322 1595 1392 ἀναγκάζονται
1630 1323 1706 1395 μὴ
1742 1323 2047 1394 καταπέσῃ,

375 1421 522 1476 οὕτω
562 1421 660 1475 καὶ
700 1421 750 1475 οί
782 1421 918 1494 πρὸς
942 1419 1186 1491 μεγάλην
1215 1419 1388 1490 ἀρχὴν
1409 1419 1703 1488 ἀνάγοντες
1738 1421 1865 1482 τοὺς
1890 1421 2044 1483 υἱεῖς.

388 1520 528 1574 Ἀλλ’
551 1519 665 1589 ἔχει
690 1517 814 1572 τινὰ
843 1516 1038 1589 ἡδονὴν
1064 1517 1099 1587 ἡ
1134 1514 1302 1587 ζώνη,
1332 1516 1425 1570 καὶ
1447 1519 1480 1586 ἡ
1503 1516 1737 1587 χλαμὺς,
1773 1518 1867 1570 καὶ
1896 1519 1930 1588 ἡ
1953 1517 2048 1571 τοῦ

375 1618 619 1689 κήρυκος
645 1616 820 1687 φωνή.
862 1614 974 1668 Kal
1003 1614 1164 1684 μέχρι
1207 1612 1389 1666 πόσων
1424 1612 1651 1684 ἡμερῶν
1688 1612 1881 1677 ταῦτα,
1926 1615 2048 1668 είπέ

380 1730 470 1785 μοι
487 1729 502 1775 ;
532 1712 695 1782 μέχρι
715 1711 1030 1781 τριάκοντα,
1055 1709 1151 1763 καὶ
1171 1708 1383 1770 ἐκατὸν,
1410 1708 1505 1762 καὶ
1525 1708 1608 1772 δὶς
1628 1708 1880 1762 τοσοῦτον
1897 1726 1912 1774 ;
1937 1710 2048 1762 Καὶ

372 1809 428 1861 τί
451 1808 590 1880 μετά
616 1807 818 1871 ταῦτα;
851 1807 951 1877 οὑχ
972 1804 1161 1876 ὥσπερ
1192 1804 1355 1876 δναρς
1374 1805 1473 1875 οὑχ
1506 1803 1697 1875 ῶσπερ
1729 1802 1927 1873 μῦθος;
1947 1805 2047 1876 οὑχ

372 1905 560 1978 ὥσπερ
592 1903 719 1958 σκιά
758 1905 934 1958 πάντα
961 1901 1176 1973 διῆλθεν
1208 1902 1426 1965 ἐκεῖνα;
1475 1900 1591 1954 Νῦν
1621 1898 1678 1955 δέ
1706 1900 1855 1971 αὑτῷ
1885 1902 2047 1973 μέχρι

371 2003 562 2065 τέλους
588 2001 659 2055 τὰ
695 2001 794 2071 τῆς
818 2001 1006 2070 τιμῆς,
1036 1999 1238 2070 μᾶλλον
1271 1998 1329 2052 δὲ
1356 1998 1449 2053 καὶ
1484 1998 1627 2069 μετά
1642 1997 1741 2070 τὴν
1765 1998 2043 2072 τελευτὴν,

373 2101 471 2154 καὶ
505 2098 684 2169 πολλῷ
718 2097 878 2151 πλέον
904 2098 1051 2162 τότε,
1080 2098 1174 2152 καὶ
1204 2096 1407 2167 ταύτην
1429 2097 1593 2151 αὑτὸν
1616 2097 1791 2163 οὐδεὶς
1811 2099 2047 2170 ἀφαιρή-

374 2212 528 2251 σεται
551 2194 650 2265 τὴν
676 2192 870 2264 ἀρχὴν,
907 2192 1002 2246 an
1024 2193 1121 2264 οὑχ
1148 2193 1253 2247 ὑπὸ
1274 2193 1371 2247 ἀνθ
1381 2192 1597 2264 ρώπων,
1620 2193 1735 2248 ἀλλ’
1759 2195 1850 2248 ὑπ’
1876 2194 2047 2265 αὑτῆς

370 2291 819 2365 χειροτονηθέντα
864 2290 961 2361 τῆς
1018 2290 1238 2362 ἀρετῆς.
1300 2289 1441 2344 Ἀλλ’
1491 2289 1713 2345 ἐϐούλου
1783 2290 2045 2360 πολυτελῆ

368 2391 645 2462 φοροῦντα
681 2388 895 2460 ἱμάτια,
945 2386 1040 2458 xal
1082 2389 1167 2457 ἐφ’
1203 2388 1373 2441 ἵππου
1418 2388 1719 2459 φερόμενον
1750 2391 1904 2462 όρᾷν,
1951 2390 2047 2444 καὶ

371 2488 578 2559 πλῆθος
599 2487 790 2558 ἔχοντα
813 2485 1063 2550 οἰκετῶν,
1077 2485 1172 2539 καὶ
1191 2486 1528 2555 παρασίτους
1546 2486 1814 2558 τρέφοντα
1836 2491 1928 2543 καὶ
1954 2490 2048 2543 κό-

370 2585 565 2649 λακας.
587 2584 746 2648 Τίνος
777 2583 962 2637 ἕνεκεν
987 2581 1162 2636 ταῦτα
1188 2581 1411 2654 ἡθελεςς
1446 2585 1542 2654 οὐχ
1562 2585 1755 2657 ἡδονὴν
1780 2585 1927 2657 αὑτῷ
1956 2587 2043 2641 διὰ

370 2684 578 2738 τούτων
599 2684 856 2738 ἀπάντων
884 2682 1307 2747 κατασκευάζων
1327 2701 1342 2745 ;
1379 2684 1477 2737 “Av
1499 2680 1594 2738 οὖν
1614 2685 1854 2758 ἀκούσῃς
1880 2688 2043 2741 αὑτοῦ

369 2782 622 2850 λέγοντος
655 2782 810 2852 (ἡμῖν
838 2780 949 2851 γὰρ
988 2779 1117 2843 ἴσως
1157 2779 1219 2832 οὐ
1262 2781 1476 2853 πείσῃ),
1509 2782 1592 2835 ὅτι
1631 2783 1742 2836 τῶν
1774 2785 1833 2837 έν
1864 2787 2042 2857 τρυφῇ

371 2866 593 2950 ζώντων
628 2882 723 2937 καὶ
750 2881 1028 2954 πορνείαις
1067 2882 1163 2935 καὶ
1195 2884 1427 2954 μουσικῇ
1457 2884 1553 2936 καὶ
1589 2883 1912 2956 παρασίτοις
1948 2885 2046 2939 καὶ

370 2984 560 3053 κόλαξι
606 2984 702 3038 καὶ
734 2985 802 3054 τῇ
835 2981 971 3053 άλλῃ
1004 2981 1252 3052 βλακείᾳ,
1281 2981 1524 3055 τοσούτῳ
1566 2984 1659 3037 τὸν
1691 2983 1807 3054 βίον
1832 2986 2042 3056 ἡγεῖται

368 3082 559 3137 τοῦτον
591 3079 749 3151 ἡδίω,
777 3079 854 3143 ὡς
882 3078 1100 3133 ἐλέσθαι
1133 3078 1362 3149 μυρίους
1399 3078 1662 3143 θανάτους
1687 3079 1969 3147 πολλάκις,
1995 3086 2048 3137 εἴ

368 3195 455 3242 τις
486 3176 762 3232 κελεύοιτο
797 3173 1004 3248 ταύτην
1040 3174 1139 3246 τὴν
1181 3174 1376 3247 ἡδονὴν
1414 3174 1622 3245 ἀφέντα
1661 3176 1799 3248 πρὸς
1830 3178 2045 3250 ἐκείνην

374 3273 787 3344 μεταπηδῆσαι,
823 3271 877 3326 τί
919 3271 1055 3342 πρὸς
1089 3271 1263 3326 ταῦτα
1299 3272 1475 3343 ὲρεῖςς
1515 3272 1630 3326 Οὑκ
1670 3268 1820 3337 οἶδας
1849 3274 1980 3344 ὅσην
2015 3275 2045 3326 6

369 3370 684 3443 ἀπράγμων
708 3369 819 3441 βίος
843 3369 956 3440 ἔχει
978 3369 1075 3439 τὴν
1100 3368 1327 3441 ἡδονήν;
1351 3369 1495 3440 τάχα
1514 3369 1636 3422 οὐδὲ
1656 3369 1815 3434 ἄλλος
1834 3371 2045 3443 ἀνθρὼ-

366 3484 490 3521 πων
518 3465 716 3529 οὑδεὶς,
751 3464 847 3519 ἀτε
888 3464 1113 3535 μηδέπω
1140 3463 1343 3536 ταύτης
1391 3464 1727 3535 γευσάμενος
1764 3464 2038 3538 καθαρῶς.

371 3564 543 3616 Ὅταν
579 3561 637 3615 δέ
677 3560 772 3615 καὶ
808 3559 1127 3634 λαμπρότης
1165 3564 1364 3633 προσῇ,
1401 3561 1495 3615 καὶ
1520 3560 1589 3615 τά
1622 3561 1829 3632 ἄμικτα
1869 3562 2042 3617 ταῦτα

375 3659 540 3714 πάλιν
572 3655 902 3729 συνέρχηται
931 3666 972 3721 ⁸,
1010 3657 1280 3727 ἀσφάλειά
1304 3674 1364 3711 τε
1411 3657 1506 3711 καὶ
1554 3657 1939 3728 εὑδοκίμησις,
1990 3659 2041 3711 τί

368 3755 575 3827 ταύτης
602 3753 805 3825 βέλτιον
833 3754 1030 3824 γένοιτ’
1059 3754 1125 3809 ἀν
1150 3756 1251 3825 τῆς
1276 3754 1454 3827 ζωῆς;
1488 3753 1651 3808 Ἀλλά
1670 3754 1724 3809 τί
1753 3772 1842 3826 μοι
1869 3753 2041 3808 ταῦτα

368 3847 614 3922 διαλέγῃ,
649 3849 802 3921 φησὶ,
826 3848 1015 3923 πόρρω
1039 3850 1356 3920 φιλοσοφίας
1380 3849 1605 3917 ὲστῶτι;
1633 3850 1699 3904 Τί
1722 3845 1816 3905 οὗν
1837 3851 2040 3906 καὶτὸν

370 3942 486 3998 υἱὸν
521 3942 751 4009 κωλύεις
792 3945 1045 4013 γενέσθαι
1072 3945 1275 4018 ταύτης
1313 3947 1511 4016 ἐγγύς;
1551 3948 1714 4020 ἀρκεῖ
1748 3948 1910 4021 μέχρι
1944 3948 2043 4003 σοῦ

372 4040 565 4111 στῆναι
584 4041 653 4095 τὰ
675 4041 774 4112 τῆς
803 4042 1029 4113 ζημίας.
1058 4043 1172 4115 Οὐχ
1200 4045 1307 4116 ἡγῇ
1344 4044 1609 4116 μεγίστην
1641 4041 1780 4100 εἶναι
1813 4044 2037 4117 ζημίαν,

370 4135 499 4188 ὃταν
528 4137 665 4210 πρὸς
694 4135 920 4209 ἔσχατον
948 4138 1128 4211 γῆρας
1155 4139 1475 4206 ἐλάσαντες,
1498 4140 1593 4195 ἀτε
1619 4140 1784 4213 μηδὲν
1812 4140 1905 4195 ἐπῖ
1943 4144 2040 4214 τῆς

370 4231 596 4305 πρώτης
631 4233 850 4302 ἡλικίας
884 4235 1310 4308 καρπωσάμενοι
1351 4237 1616 4309 χρηστὸν,
1652 4237 2039 4310 δυσχεραίνητε

369 4332 507 4403 πρὸς
534 4332 597 4384 τὸ
624 4332 835 4403 γῆρας;
874 4334 983 4386 Kal
1019 4333 1124 4405 μὴν
1151 4333 1241 4387 διά
1267 4335 1448 4400 τοῦτο,
1477 4335 1662 4406 φησὶν,
1686 4336 1819 4390 αὑτὸ
1849 4337 2041 4407 δυσχε-

373 4425 652 4497 ραίνομεν,
682 4429 763 4482 ὃτι
793 4430 1004 4501 μεγάλα
1022 4432 1168 4503 ἡμᾶς
1188 4430 1397 4503 ὤνησεν
1418 4434 1452 4505 ἡ
1477 4434 1686 4504 νεότης.
1713 4435 1848 4489 Ποῖα
1873 4435 2042 4505 μεγά-

369 4519 465 4584 λας
489 4519 660 4586 δεῖξον
686 4522 877 4594 ἔχοντα
905 4524 997 4578 τὸν
1015 4527 1245 4597 γέροντα
1271 4528 1341 4582 τά
1374 4528 1586 4599 μεγάλα
1617 4531 1818 4584 ἐκεῖνα·
1849 4532 1899 4584 εί
1931 4529 2041 4605 γάρ

371 4610 518 4686 εἶχεν
539 4616 699 4680 αὑτά,
734 4620 830 4673 καὶ
854 4622 1150 4691 μεμενήκει
1178 4621 1399 4693 διαρκῆ,
1421 4622 1522 4676 οὑκ
1548 4622 1613 4676 ἀν
1638 4622 1713 4686 ῶς
1739 4621 1944 4695 ἔρημος
1967 4622 2041 4677 ὢν

372 4711 629 4765 ἁπάντων
652 4713 856 4767 τούτων
882 4714 1056 4778 οὕτως
1079 4715 1334 4788 ὠδύρετο·
1365 4719 1413 4771 εί
1440 4716 1498 4770 δέ
1528 4717 1749 4789 άπέπτη
1775 4719 1870 4771 καὶ
1902 4719 2040 4789 ὲμα·

372 4804 566 4876 ράνθη,
595 4810 723 4860 ποῖα
755 4809 965 4880 μεγάλα
991 4810 1060 4863 τά
1083 4808 1228 4864 οὕτω
1254 4812 1464 4882 ταχέως
1493 4811 1860 4885 σ6εννύμενα;
1899 4814 2041 4867 Ἀλλ’

370 4901 469 4969 οὑχ
497 4903 525 4954 6
555 4905 685 4966 παῖς
715 4901 877 4958 τοῦτο
902 4904 1146 4958 πείσεται
1179 4908 1208 4959 6
1238 4907 1350 4970 σὸς,
1386 4908 1500 4962 ἀλλ’
1528 4908 1736 4962 εἴποτε
1758 4910 1839 4972 είς
1863 4910 2041 4981 γῆρας

370 4994 516 5048 ἐλθοι
550 5000 780 5070 μακρὸν,
808 5003 911 5055 οὑκ
933 5001 1054 5072 Mle:
1076 5001 1248 5055 ταῦτα
1275 5003 1756 5058 ἀποδυσπετοῦντα
1781 5004 1924 5079 ἅπερ
1947 5008 2041 5061 καὶ

373 5090 556 5158 ὑμεῖς,
585 5092 720 5147 ἀλλὰ
753 5096 1010 5168 χαίροντα
1047 5098 1142 5151 καὶ
1163 5097 1498 5170 γαννύμενον
1527 5101 1622 5154 καὶ
1653 5100 2036 5173 ἀγαλλόμενον·

370 5186 439 5238 τά
462 5185 571 5257 γὰρ
599 5187 782 5257 ἀγαθά
806 5191 956 5263 αὑτῷ
979 5192 1102 5246 τότε
1127 5191 1364 5262 ἀκμάζει
1394 5194 1616 5264 μᾶλλον.
1649 5196 1708 5250 ’0
1730 5196 1787 5249 δὲ
1814 5195 2040 5261 πλοῦτος

368 5288 400 5340 6
438 5287 723 5360 ὑμέτερος,
765 5291 866 5346 κάν
899 5293 1067 5366 μυρία
1118 5295 1300 5363 ἀγαθά
1326 5296 1663 5368 κεκτημένος
1706 5291 1765 5370 ᾗ,
1806 5297 1902 5351 ἐπὶ
1940 5297 2040 5369 τῆς

371 5382 596 5457 πρώτης
634 5386 774 5441 αὑτά
805 5389 1141 5446 συνέστειλεν
1178 5390 1415 5462 ἡλικίας·
1438 5386 1591 5456 οὗτος
1625 5391 1684 5446 δέ
1708 5393 1807 5463 οὐχ
1843 5391 2036 5458 οὕτως,

369 5479 507 5533 ἀλλά
538 5480 687 5552 μένει
706 5483 800 5536 καὶ
823 5485 882 5536 ἐν
910 5485 1057 5556 γήρᾳ
1077 5487 1172 5540 καὶ
1192 5486 1330 5557 μετά
1357 5486 1457 5559 τὴν
1483 5486 1741 5558 τελευτὴν
1762 5487 2037 5557 συναπέρ-

371 5596 546 5649 χεται.
575 5582 676 5635 Διά
719 5582 889 5637 ταῦτα
919 5584 1076 5655 ὑμεῖς
1107 5587 1205 5658 μὲν
1235 5587 1332 5660 τὴν
1361 5587 1548 5642 οὐσίαν
1580 5589 1708 5661 ὑμῖν
1734 5587 2037 5658 αὐξανομέ-

372 5691 470 5747 νην
490 5679 731 5749 ηόρῶντες
748 5683 808 5734 ἐν
831 5682 1000 5754 γήρᾳ,
1026 5684 1118 5736 καὶ
1143 5683 1342 5750 πολλάς
1369 5685 1463 5739 καὶ
1481 5685 1639 5757 δόξης
1665 5685 1759 5739 καὶ
1779 5685 1990 5757 τρυφῆς
2008 5684 2038 5724 δ

435 5851 453 5927 ξ
479 5853 725 5927 ριιοξηςξ.
749 5861 888 5908 πάλιν
908 5864 1247 5927 προσέρχηται.

435 5915 463 5955 1³
494 5918 572 5989 Si};
595 5917 755 5989 Sayil:
787 5915 1197 5989 οιιοηὶιιεςίίἰιέε.
1248 5926 1414 5975 Moml.
1459 5941 1574 5976 vero
1595 5929 1715 5976 ἀὶλὰ
1735 5929 1859 5989 μένει
1884 5926 1963 5972 καὶ
1990 5925 2038 5972 ὲν

375 5979 627 6091 ᾑρᾳὶἑρέὶ
649 5981 777 6043 ἑμιῖς
812 5985 893 6044 μὲν
921 5987 1095 6043 πολλὰς
1120 5990 1198 6036 καὶ
1226 5989 1359 6046 δόξης
1387 5990 1465 6037 καὶ
1498 5997 1687 6054 τρυφῆς,
1720 5979 1888 6041 {uultis
1910 5999 2034 6051 pra:-

375 6056 501 6091 Lcnn
617 6075 631 6090 .

371 6058 423 6095 ιτ
431 6061 442 6093 1
451 6056 631 6093 ιιιιεδιδ.

2159 645 2376 716 ἡλικίας
2404 652 2539 723 πρὸς
2563 653 2660 726 τὴν
2679 654 3000 709 ἀπόλαυσιν·
3031 652 3121 708 διὰ
3146 652 3305 708 τοῦτο
3328 655 3424 708 καὶ
3452 653 3588 726 πρὸς
3617 653 3715 726 τὴν
3733 672 3840 709 τε·

2154 740 2348 815 λευτὴν
2382 746 2655 818 φρίττετε,
2702 750 2798 802 καὶ⁹
2827 748 3046 805 πάντων
3090 748 3483 821 ἐλεεινοτέρους
3515 744 3655 804 εἷναί
3687 767 3837 820 φατε

2153 843 2277 897 τότε
2312 844 2576 915 μάλιστα,
2611 848 2737 903 ὅταν
2779 850 3121 924 εὐδοκιμῆτε.
3177 849 3413 914 Ἐκεῖνος
3457 849 3511 903 δὲ
3542 849 3664 903 τότε
3693 851 3838 906 ἀνα-

2154 941 2420 997 παύσεται
2447 943 2703 1015 μάλιστα,
2730 944 2859 1000 ὅταν
2880 948 3120 1021 γηράσῃ,
3146 947 3243 1000 ἀτε
3272 947 3353 1009 είς
3378 945 3575 1015 λιμένα
3603 947 3833 1015 ἐπειγό-

2158 1053 2317 1107 μενος
2349 1038 2545 1102 ἐλθεῖν,
2566 1041 2660 1095 καὶ
2691 1041 2921 1112 νεότητα
2947 1040 3045 1113 μὲν
3070 1040 3210 1112 ἔχων
3234 1039 3350 1113 [75]
3379 1040 3467 1093 ἀεὶ
3493 1050 3516 1080 °
3543 1039 3836 1111 ἀκμάζου-

2158 1147 2277 1194 σαν,
2310 1134 2391 1195 είς
2410 1132 2587 1204 γῆρας
2622 1132 2679 1187 δὲ
2709 1134 2968 1188 οὐδέποτε
3003 1133 3351 1203 ἐπείγουσαν.
3385 1134 3458 1187 Σὺ
3479 1134 3537 1188 δὲ
3572 1133 3840 1205 τοιαύτην

2154 1229 2366 1300 τρυφὴν
2395 1229 2487 1284 τὸν
2517 1231 2631 1284 υίὺν
2674 1230 2895 1286 ἐϐούλου
2935 1232 3169 1303 τρυφᾷν,
3202 1230 3271 1285 δι’
3318 1230 3385 1304 ἡν
3437 1231 3506 1286 ἀν
3532 1233 3835 1306 μετενόησα

2159 1323 2439 1396 μυριάκις,
2470 1325 2566 1379 καὶ
2609 1327 2848 1398 ἤλγησεν
2901 1328 2960 1380 ἐν
2988 1328 3136 1399 γήρᾳ
3182 1327 3493 1398 γενόμενος.
3547 1327 3707 1384 Ἀλλά
3748 1328 3833 1400 μὴ

2155 1419 2364 1488 γένοιτο
2422 1421 2557 1492 μηδὲ
2581 1422 2708 1486 τοὺς
2728 1422 2956 1494 ἐχθροὺς
2979 1424 3105 1487 τοὺς
3132 1423 3433 1496 ὑμετέρους
3457 1425 3683 1480 τοιαῦτα
3703 1442 3839 1496 τρυ-

2156 1514 2327 1585 φῆσαι
2358 1533 2513 1572 ποτε.
2552 1518 2663 1571 Kal
2688 1518 2742 1572 τί
2776 1517 2921 1588 λέγω
2941 1518 3002 1573 τὸ
3030 1520 3240 1591 γῆρας;
3266 1519 3327 1573 έν
3358 1519 3467 1591 γάρ
3498 1521 3681 1593 ἡμέρᾳ
3729 1522 3835 1594 μιᾷ

2156 1609 2523 1666 σϐέννυταιτά
2539 1613 2638 1684 τῆς
2656 1613 2851 1685 ἡδονῆς
2872 1614 3108 1686 ἐκείνης·
3130 1614 3331 1687 μᾶλλον
3348 1614 3407 1669 δὲ
3421 1615 3522 1669 οὑκ
3541 1617 3599 1671 ἐν
3618 1616 3830 1688 ἡμέρᾳ,

2154 1706 2275 1759 οὐδὲ
2301 1708 2360 1760 ἐν
2384 1706 2524 1778 ὥρᾳ,
2555 1707 2692 1762 ἀλλά
2728 1710 2821 1763 καὶ
2852 1710 2910 1763 ἐν
2936 1712 3108 1784 μικρᾷ
3135 1711 3233 1765 καὶ
3260 1711 3527 1785 ἀκαριαίᾳ
3562 1714 3725 1785 ῥοπῇ.
3759 1713 3834 1768 τε

2154 1800 2263 1870 γάρ
2293 1801 2439 1855 ἐστιν
2466 1802 2662 1874 ἡδονή;
2697 1804 2759 1857 οὑ
2801 1805 2864 1859 τὸ
2903 1805 3311 1877 γαστρίζεσθαι,
3345 1806 3440 1860 καλ⁸
3474 1806 3834 1879 συϐαριτικάς

2156 1895 2558 1967 παρατίθεσθαι
2580 1899 2881 1969 τραπέζας,
2916 1901 3011 1954 καὶ
3037 1901 3284 1971 γυναιξὶν
3304 1901 3540 1973 ὡραίαις
3570 1901 3839 1970 συγγίνε-

2157 1989 2279 2044 σθαι
2343 1990 2593 2064 καθάπερ
2655 1994 2808 2059 τινάς
2862 1994 3081 2066 χοίρους
3132 1996 3190 2049 ἐν
3246 1993 3495 2068 βορϐόρῳ
3547 1995 3834 2050 κυλινδου⁶

2158 2086 2354 2156 μένους
2369 2103 2383 2150 ;

2229 2198 2279 2245 ι’.
2317 2190 2478 2245 Ἀλλά
2502 2191 2611 2264 γὰρ
2647 2194 2814 2265 μὴπω
2845 2193 3023 2247 τοῦτο·
3046 2194 3142 2265 τὴν
3173 2195 3232 2249 δὲ
3264 2195 3457 2268 ἡδονὴν
3482 2195 3837 2269 ἐξετάσωμεν

2152 2292 2311 2356 τέως,
2334 2292 2382 2344 εί
2412 2290 2487 2363 μὴ
2510 2290 2694 2363 ψυχρά
2723 2292 2806 2357 τίς
2844 2293 2959 2346 ἐστι
2988 2294 3085 2347 καὶ
3120 2293 3344 2364 εὐτελὴς
3364 2333 3379 2357 ,
3414 2295 3508 2347 καὶ
3539 2297 3588 2348 εἰ
3622 2294 3831 2366 βούλει,

2153 2384 2376 2458 πρώτην
2391 2386 2417 2425 ἀ
2444 2387 2540 2458 τὴν
2567 2387 2701 2459 ἡδίω
2721 2387 2981 2441 δοκοῦσαν
3007 2385 3145 2444 εἶναι
3166 2390 3264 2461 τὴν
3284 2391 3384 2461 τῆς
3398 2393 3629 2464 τρυφῆς.
3645 2393 3837 2459 Δεῖξον

2148 2475 2247 2534 οὖν
2269 2496 2359 2551 μοι
2370 2480 2459 2534 τὸν
2473 2480 2677 2551 ταύτης
2691 2481 2902 2554 καιρὸν,
2919 2483 3013 2536 καὶ
3026 2482 3189 2537 πόσον
3206 2485 3456 2556 κατέχειν
3470 2488 3614 2558 ὑμᾶς
3622 2488 3831 2543 δύναιτ’

2151 2573 2224 2628 ἂν
2261 2576 2426 2647 μέρος
2456 2576 2700 2649 ἡμέρας;
2745 2577 3019 2640 τοσοῦτον,
3064 2579 3184 2632 ὅσον
3212 2579 3332 2633 οὐδὲ
3362 2580 3593 2654 ὀφθῆναι
3624 2584 3833 2649 καλῶς.

2153 2670 2307 2742 Ἀμα
2335 2688 2396 2724 τε
2451 2672 2560 2742 γὰρ
2591 2673 2898 2745 ἐνεπλήσθη
2945 2691 3029 2738 τις
3050 2716 3064 2740 ,
3106 2676 3201 2730 καὶ
3229 2676 3328 2749 τὴν
3372 2678 3565 2751 ἡδονὴν
3601 2679 3831 2746 ἔσϐεσε,

2153 2766 2247 2819 καὶ
2268 2765 2375 2837 πρὸ
2403 2766 2502 2837 τῆς
2523 2766 2841 2839 πλησμονῆς
2864 2767 2921 2822 δὲ
2943 2767 3215 2840 ῥεύματος
3244 2770 3437 2825 θᾶττον
3464 2778 3836 2846 παρέρχεται,

2153 2861 2289 2932 πρὸς
2316 2861 2480 2914 αὑτὸν
2502 2863 2877 2935 ἀφανιζομένη
2896 2864 2987 2918 τὸν
3009 2864 3227 2936 λαιμὸν,
3251 2866 3349 2920 καὶ
3369 2866 3489 2920 οὐδὲ
3507 2870 3619 2932 τοῖς
3641 2870 3832 2933 σιτίοις

2152 2954 2400 3026 ἀρκοῦσα
2430 2957 2815 3025 συγκατελθεῖν
2832 2975 2847 2988 ο
2876 2957 3013 3030 ὁμοῦ
3038 2977 3097 3013 τε
3122 2960 3232 3033 γὰρ
3261 2962 3504 3035 παρῆλθε
3529 2963 3629 3036 τὴν
3657 2964 3836 3034 γλώτ⁹

2151 3066 2252 3104 ταν
2270 3092 2285 3117 ,
2338 3050 2432 3105 καὶ
2462 3053 2832 3120 συγκατέλυσε
2858 3055 2957 3127 τὴν
2998 3055 3173 3127 ἰσχύν.
3204 3058 3317 3111 Kal
3360 3058 3548 3112 σιωπιῖ)
3578 3059 3646 3114 τὰ
3669 3059 3832 3116 λοιπά

2152 3144 2321 3212 κακὰ,
2349 3146 2444 3199 καὶ
2463 3146 2588 3211 ὅσος
2608 3148 2715 3203 ἀπὸ
2735 3149 2942 3223 ταύτης
2965 3151 3177 3220 γίνεται
3196 3155 3296 3224 τῆς
3321 3153 3532 3225 τρυφῆς
3551 3157 3581 3209 6
3598 3154 3829 3227 χειμών·

2151 3241 2213 3293 οὑ
2239 3240 2350 3313 γὰρ
2382 3241 2544 3311 μόνον
2573 3242 2739 3313 ἡδίων
2766 3246 2794 3298 6
2826 3246 2903 3316 μὴ
2937 3248 3244 3319 τρυφήσας,
3273 3248 3409 3302 ἀλλὰ
3439 3253 3534 3304 καὶ
3567 3253 3832 3322 κουφότε-

2154 3350 2266 3403 ρος,
2303 3335 2397 3388 καὶ
2429 3337 2558 3407 ῥᾷον
2607 3337 2935 3394 διακείσεται
2980 3342 3075 3395 τοῦ
3106 3342 3531 3409 διασπασθέντος
3577 3347 3682 3400 ὑπὸ
3727 3347 3835 3419 τῆς

2151 3429 2501 3501 πλησμονῆς·
2536 3432 2762 3500 ’Υπνος
2789 3423 2921 3506 γάρ,
2948 3436 3134 3506 φησὶνζ
3157 3439 3385 3509 ὑγιείας
3405 3440 3474 3493 ἐν
3495 3440 3837 3511 σπλάγχνῳ

2144 3528 2380 3595 μετρίῳ.
2412 3529 2478 3583 Τί
2500 3530 2582 3585 δεῖ
2609 3531 2788 3602 λέγειν
2817 3533 2919 3597 τὰς
2951 3533 3169 3603 νόσους,
3195 3535 3295 3599 τάς
3322 3536 3536 3607 ἀηδίας,
3560 3539 3658 3603 τὰς
3690 3556 3834 3610 συμ-

2150 3622 2345 3693 φορὰς,
2373 3623 2473 3688 τὰς
2495 3624 2741 3689 δαπάνας
2769 3626 2866 3691 τὰς
2889 3628 3046 3698 εἰκῆ;
3073 3629 3198 3682 ὅσαι
3228 3631 3285 3683 αί
3310 3631 3595 3696 αἰτιάσεις,
3619 3633 3743 3688 ὅσαι
3771 3636 3833 3688 αδ

2151 3718 2434 3774 ἐπιϐουλαὶ
2453 3759 2468 3786 ,
2497 3722 2620 3777 ὅσαι
2665 3724 2724 3777 αι
2750 3723 2859 3778 ἀπὸ
2890 3735 2915 3763 θ
2938 3725 3144 3778 τούτων
3183 3727 3438 3798 ἐπήρειαι
3477 3727 3587 3780 τῶν
3614 3745 3832 3801 συμπο-

2151 3812 2282 3868 σίων
2329 3815 2751 3886 βλαστάνουσιν;
2792 3819 2930 3875 ἀλλά
2962 3821 3024 3875 τὸ
3064 3822 3291 3894 πόρναις
3328 3826 3574 3893 γυναιξὶν
3618 3828 3832 3900 ὁμιλεῖν

2149 3909 2282 3981 ἡδύς
2316 3911 2426 3966 Kal
2459 3913 2587 3967 ποία
2621 3914 2761 3985 μετά
2802 3915 3071 3988 τοσαύτης
3111 3918 3377 3991 αίσχύνης
3421 3921 3580 3997 ἡδονὴ
3628 3927 3833 3996 γένοιτ’

2149 4000 2249 4067 av;
2285 4002 2538 4057 Μάλιστα
2564 4005 2622 4058 δὲ
2654 4006 2790 4079 μηδέ
2825 4008 3060 4063 ἐνταῦθα
3096 4008 3255 4063 τοῦτο
3297 4012 3639 4087 ἐξετάζωμεν
3666 4020 3826 4088 τέως,

2151 4097 2288 4168 μηδὲ
2323 4098 2424 4162 τὰς
2464 4101 2530 4153 ἐκ
2569 4099 2679 4156 τῶν
2724 4104 2971 4175 ἐραστῶν
3015 4106 3229 4177 μάχας,
3278 4110 3417 4181 μηδέ
3453 4115 3580 4177 τοὺς
3609 4117 3674 4170 ἐκ
3716 4119 3832 4173 τῶν

2148 4193 2496 4266 ἀντεραστῶν
2525 4195 2814 4268 πολέμους,
2855 4200 2990 4272 μηδὲ
3014 4200 3112 4266 τάς
3140 4208 3504 4278 κατηγορίας·
3533 4210 3649 4264 ἀλλ’
3684 4212 3833 4268 ἐστω

2147 4304 2231 4352 τις
2266 4290 2382 4361 μετ’
2409 4290 2659 4357 ἐξουσίας
2688 4294 2977 4350 ἀπολαύων
3007 4298 3105 4369 τῆς
3132 4300 3426 4371 ἀσελγείας
3452 4305 3695 4377 ἐκείνης,
3730 4312 3830 4371 καὶ

2145 4385 2291 4468 μήτε
2330 4386 2666 4460 ἀντεραστὴν
2707 4389 2904 4461 ἐχέτω,
2947 4394 3084 4463 μὴτε
3135 4395 3494 4469 ὑπεροράσθω
3528 4404 3679 4474 παρά
3724 4405 3830 4477 τῆς

2149 4481 2462 4553 ἐρωμένης,
2501 4484 2571 4538 τά
2599 4502 2657 4538 τε
2694 4486 2954 4558 χρήματα
2992 4486 3183 4561 ῶσπερ
3214 4493 3280 4545 ἐκ
3313 4494 3505 4564 πηγῶν
3534 4497 3829 4555 ἀναλισκέ-

2148 4594 2246 4643 τω,
2264 4578 2440 4632 καίτοι
2464 4579 2701 4652 οὐδαμοῦ
2718 4582 2892 4637 ταῦτα
2910 4585 3314 4657 συμϐεϐηκέναι
3335 4590 3513 4644 πάντα
3534 4593 3758 4649 δυνατὸν
3776 4595 3797 4635 ί
3809 4638 3828 4663 ,

2147 4670 2286 4725 ἀλλά
2313 4671 2394 4727 δεῖ
2423 4673 2515 4728 τὸν
2550 4676 2651 4747 μὲν
2681 4676 2756 4750 μὴ
2782 4677 3041 4749 μέλλοντα
3066 4679 3211 4752 ἔχειν
3242 4683 3578 4760 ἀντεραστὴν
3599 4690 3700 4761 τὴν
3728 4691 3829 4744 οὑ-

2151 4767 2272 4823 σίαν
2301 4769 2604 4825 καταλῦσαι
2639 4773 2852 4839 πᾶσαν,
2882 4775 3119 4829 νικῶντα
3149 4779 3215 4850 τῇ
3251 4778 3532 4853 φιλοτιμίᾳ
3567 4785 3696 4848 τοὺς
3728 4784 3828 4841 ἀλ-

2148 4862 2270 4928 λους
2308 4865 2575 4931 ἅπαντας,
2614 4868 2706 4923 τὸν
2742 4868 2800 4923 δὲ
2834 4869 2912 4944 μὴ
2941 4870 3263 4945 βουλόμενον
3293 4877 3518 4949 ἀπορεῖν
3551 4879 3828 4954 ὑπερορᾶ-

2150 4957 2275 5013 σθαι
2323 4961 2477 5033 παρά
2507 4961 2607 5034 τῆς
2653 4964 2861 5039 πόρνης
2906 4968 3003 5022 καὶ
3045 4968 3399 5024 διαπτύεσθαι
3446 4972 3629 5027 πάλιν.
3674 4976 3831 5048 Πλὴν

2147 5061 2286 5115 ἀλλά
2325 5063 2490 5135 μηδὲν
2525 5064 2667 5120 ἔστω
2693 5067 2920 5136 τούτων,
2960 5069 3095 5123 άλλά
3121 5071 3298 5124 πάντα
3325 5072 3476 5144 αὑτῷ
3520 5074 3661 5129 κατά
3694 5076 3826 5132 νοῦν

2148 5157 2502 5228 προχωρείτω
2521 5174 2535 5189 ·
2574 5159 2676 5212 ποῦ
2705 5161 2806 5232 τὴν
2834 5163 2899 5215 ἐκ
2922 5162 3128 5217 τούτων
3164 5163 3357 5237 ἡδονὴν
3385 5167 3650 5234 ἐπιδεῖξαι
3675 5170 3826 5242 ἔχεις

2146 5251 2308 5320 ἡμῖν;
2334 5251 2468 5305 Οὐδὲ
2488 5252 2597 5324 γὰρ
2617 5254 2674 5306 ὲν
2694 5253 2840 5326 αὐτῷ
2866 5258 2891 5295 3
2912 5255 2991 5327 τῷ
3007 5258 3109 5328 τῆς
3134 5259 3330 5330 μίξεως
3352 5264 3601 5332 φαίνεται
3623 5269 3823 5340 καιρῷ.

2146 5347 2263 5401 ἀλλ’
2310 5349 2341 5402 6
2392 5350 2491 5420 μέν
2530 5350 2822 5423 πληρώσας
2867 5354 2967 5425 τὴν
3006 5358 3319 5421 συνουσίαν,
3368 5361 3461 5416 καὶ
3494 5364 3593 5435 τὴν
3625 5365 3828 5437 ἡδονὴν

2147 5440 2390 5510 ἔσϐεσεν,
2418 5445 2448 5497 6
2475 5445 2533 5499 δέ
2570 5449 2629 5521 ἐν
2665 5450 2731 5520 τῇ
2771 5449 2916 5519 μίξει
2945 5448 3041 5518 ὣν,
3071 5452 3171 5506 οὐκ
3211 5454 3359 5509 ἐστιν
3397 5456 3456 5511 ἐν
3484 5458 3669 5531 ἡδονῇ,
3702 5460 3824 5516 ἀλλ’

2212 5619 2237 5648 θ
2258 5619 2371 5696 §av.
2398 5621 2602 5696 νεᾷτητε
2620 5623 2819 5696 μὲν-ἀεί,
2851 5626 2949 5676 duo
2971 5640 3086 5696 mss.
3110 5629 3310 5688 νεότητα
3336 5631 3437 5696 ἀεί,
3464 5632 3584 5683 Hor.
3618 5636 3823 5696 νεότητα

2147 5681 2409 5759 μενέχωνῆ
2420 5681 2518 5759 εει,
2550 5681 2672 5759 ﬁci}:
2701 5681 2832 5759 ‘MOf.
2871 5689 3066 5759 τοιαύτῃ
3090 5681 3260 5759 τρυφῇ,
3296 5692 3378 5759 ειίί

2145 5742 2342 5805 τρυφήν.
2372 5742 2527 5793 Paulo
2548 5752 2661 5808 post
2684 5747 2783 5795 duo
2805 5762 2919 5799 mss.
2949 5742 3465 5818 μετῆνθὴσὶ’μυριάκις.

2208 5801 2236 5871 1³
2258 5804 2371 5871 PF“
2390 5818 2511 5871 πιεετ
2531 5809 2721 5871 πρῷτργ
3002 5870 3005 5871 ,

2207 5866 2228 5886 ⁸
2258 5865 2413 5938 ξὈσοιι
2438 5870 2521 5938 καὶ
2540 5865 2821 5938 ἀπόηδῇοιζη
2851 5878 2904 5923 ει
2927 5870 3126 5935 quidem
3156 5883 3313 5935 recte,
3337 5882 3392 5927 ul
3415 5879 3626 5930 viget-1r.
3648 5884 3715 5934 At
3736 5897 3821 5935 re-

2148 5926 2269 5988 liqui
2295 5940 2467 5975 omnes
2497 5928 2608 5977 ὅσαι
2626 5933 2675 5978 αἱ
2698 5931 2812 5979 ἀπό.

2214 5985 2237 6061 ξ
2260 5990 2371 6061 μου
2393 5990 2683 6061 ηΐξεςπρὶντα
2695 5992 2787 6061 ενι,
2813 5995 2958 6061 egsje
2978 5988 3093 6061 εον.
3119 5994 3168 6061 in
3193 6011 3350 6061 marg.

2212 6051 2237 6092 ι
2259 6048 2411 6101 Iidem
2432 6051 2502 6100 ἐπ’
2521 6052 2669 6119 αὐτῷ.
2693 6054 2821 6105 lum
2847 6054 2994 6106 iidem
3015 6059 3168 6130 ψυχὴν
3191 6062 3271 6111 καὶ
3300 6048 3448 6126 Edam
3475 6066 3661 6131 οὐδένα,
3683 6067 3801 6124 seu
