4116 6392
483 393 588 444 3!."

483 508 696 563 virtutis
735 506 942 577 apicem
987 505 1262 576 attigerit,
1306 512 1500 575 quanta
1540 518 1661 559 cum
1704 501 1974 572 diligentia
2006 511 2061 556 et

485 600 827 655 accuratione
889 615 984 669 par
1034 599 1104 653 sit
1157 598 1259 653 hoc
1310 596 1543 652 ofﬁcium
1593 596 1873 650 exhibere.
1935 593 2066 647 Nam

486 691 586 745 ctsi
631 689 961 744 moriendum
988 689 1058 743 sit
1102 704 1200 759 pro
1238 689 1411 758 capite
1450 697 1575 752 tuo,
1625 701 1733 741 non
1774 684 2060 748 recusabit,

484 783 682 852 quippe
719 780 811 851 qui
846 796 951 835 non
996 781 1221 835 naturali
1248 779 1407 833 modo
1436 779 1554 849 lege
1580 787 1631 833 te
1656 776 1785 832 colit
1810 786 1864 831 et
1892 777 2067 830 hono-

487 884 611 937 rat,
656 873 750 929 sed
788 889 897 941 pra:
925 872 1175 928 omnibus
1224 882 1439 941 propter
1480 872 1678 936 Deum,
1722 872 1875 938 cujus
1900 869 2069 939 gratia

500 973 698 1019 cuncta
720 964 878 1019 simul
907 963 1168 1034 despexit.
1195 964 1327 1017 Cum
1354 963 1513 1032 igitur
1541 962 1630 1017 ille
1651 975 1791 1016 nunc
1813 960 2073 1015 illustrior

488 1057 556 1109 sit
580 1096 597 1121 ,
641 1057 974 1126 epulentior,
1022 1056 1285 1125 potentior
1312 1064 1368 1109 et
1408 1053 1694 1117 liberalior,
1736 1062 1791 1109 et
1819 1068 1940 1108 cum
1972 1053 2072 1107 bac

489 1159 634 1202 tanta
659 1148 822 1203 animi
855 1147 1217 1219 magnitudine
1247 1148 1416 1217 magis
1444 1161 1633 1201 servus
1665 1155 1785 1200 tuus
1815 1145 1884 1200 sit
1910 1159 2068 1215 quam

488 1251 671 1305 antea,
701 1256 818 1307 cur,
850 1255 1055 1310 quzeso,
1090 1238 1437 1309 ingemiscis?
1457 1256 1523 1291 au
1552 1239 1673 1307 quia
1700 1237 1937 1307 quotidie
1964 1252 2072 1291 non

492 1334 690 1387 metuis
712 1374 726 1398 ,
760 1348 827 1388 ne
856 1333 909 1386 in
950 1332 1089 1387 bello
1124 1331 1320 1397 cadat,
1364 1346 1431 1387 ne
1474 1331 1814 1401 Imperatoris
1838 1331 2071 1385 animum

492 1423 729 1479 olIendat
749 1464 766 1489 ,
800 1439 866 1478 ne
894 1424 945 1477 in
974 1423 1399 1477 commilitonum
1424 1422 1678 1476 invidiam
1710 1421 1952 1477 incidat?
1974 1438 2075 1476 an~

492 1531 604 1570 non
628 1524 683 1569 et
708 1514 822 1569 haec
845 1523 900 1569 et
922 1514 1003 1567 his
1024 1514 1182 1568 etiam
1202 1513 1349 1583 plura
1377 1512 1669 1567 illustribus
1692 1512 1815 1566 [iliis
1833 1520 2077 1568 metuunt

496 1608 703 1675 patres?
742 1604 1200 1673 Quemadmodum
1229 1605 1373 1659 enim
1401 1604 1492 1674 qui
1523 1619 1746 1674 puerum
1774 1605 1825 1658 in
1853 1604 2073 1659 sublimi

493 1697 610 1751 loco
638 1696 914 1750 statuerint
934 1736 948 1759 ,
996 1705 1234 1749 metuere
1258 1703 1521 1764 coguntur
1546 1709 1614 1748 ne
1640 1693 1873 1757 decidat,
1917 1693 1989 1747 ita
2021 1702 2077 1747 et

492 1791 529 1843 ii
557 1791 645 1858 qui
676 1789 811 1842 filios
839 1787 905 1841 ad
948 1787 1209 1856 insignem
1251 1786 1561 1856 dignitatem
1609 1786 1931 1856 provehunt.
1971 1786 2077 1841 Sed

492 1881 776 1953 quamdam
815 1880 975 1935 habet
1004 1881 1330 1950 voluptatem
1362 1879 1569 1933 balteus
1590 1920 1605 1944 ,
1634 1888 1689 1933 et
1723 1878 1995 1950 chlamys,
2025 1888 2079 1933 et

495 1975 758 2043 praeconis
786 1989 906 2028 vox.
938 1972 1005 2026 Et
1031 1972 1146 2027 ha:c
1173 1982 1302 2042 quot
1323 1972 1532 2026 dierum
1559 1972 1754 2040 spatio,
1781 1971 1868 2025 dic
1899 1972 2027 2024 mihi
2052 1974 2075 2024 ?

492 2082 561 2120 an
607 2066 853 2135 triginta,
906 2073 997 2117 aut
1040 2072 1254 2118 centum
1281 2105 1296 2128 ,
1338 2072 1431 2117 aut
1458 2064 1540 2116 bis
1569 2063 1833 2117 totidem?
1877 2063 2078 2133 Ecquid

496 2160 717 2227 postea?
774 2172 953 2211 nonne
1004 2157 1154 2226 quasi
1205 2155 1507 2218 somnium,
1563 2171 1739 2209 nonne
1782 2162 1842 2209 ut
1878 2155 2076 2218 fabula,

495 2264 675 2303 nonne
697 2258 755 2301 ut
780 2248 966 2301 umbra
986 2284 1005 2313 ,
1033 2246 1119 2300 illa
1151 2246 1327 2300 omnia
1356 2245 1715 2299 transierunt?
1742 2247 1809 2299 At
1838 2261 1975 2299 nunc
2002 2246 2077 2299 illi

494 2356 660 2410 usque
690 2340 743 2393 in
774 2339 934 2393 finem
966 2340 1140 2391 honor
1165 2337 1267 2391 iste
1296 2347 1591 2406 permanet,
1621 2337 1730 2391 imo
1757 2337 1926 2407 magis
1957 2346 2079 2407 post

494 2440 722 2485 mortem
749 2470 763 2494 ,
808 2439 863 2484 et
908 2428 1123 2500 quidem
1168 2429 1337 2483 multo
1374 2437 1500 2482 tunc
1524 2430 1847 2483 cumulatius
1878 2446 1891 2483 :
1919 2438 2079 2498 atque

494 2524 596 2577 hoc
648 2520 933 2590 imperium
980 2519 1159 2574 nullus
1204 2536 1453 2589 umquam
1493 2521 1591 2590 ipsi
1621 2520 1854 2585 auferet,
1884 2522 2080 2591 quippe

491 2629 614 2667 cum
656 2629 759 2667 non
804 2612 873 2667 ab
903 2613 1119 2666 homine
1159 2611 1208 2665 id
1239 2612 1324 2665 ille
1353 2613 1623 2681 acceperit
1643 2652 1660 2677 ,
1691 2612 1786 2666 sed
1824 2628 1855 2667 a
1884 2613 2080 2667 virtute

494 2706 628 2775 ipsa.
660 2704 764 2760 Sed
788 2705 1048 2759 voluisses
1076 2719 1198 2759 eum
1228 2705 1462 2774 pretiosa
1504 2705 1753 2759 amictum
1800 2711 1983 2771 veste,
2025 2713 2080 2759 et

493 2812 635 2865 equo
664 2808 872 2851 vecnnn
919 2794 1135 2860 videre,
1182 2794 1500 2848 famulorum
1549 2796 1802 2865 stipatum
1834 2796 2074 2849 multitu-

492 2886 639 2952 dine,
668 2886 929 2956 parasitos
944 2885 1353 2954 adulatoresque
1379 2886 1630 2939 alentem.
1661 2885 1767 2939 Cur
1792 2887 1861 2939 ita
1882 2887 2079 2941 velles?

494 2994 622 3034 num
654 2988 712 3032 ut
740 2978 813 3031 illi
843 2978 1168 3047 voluptatem
1210 2992 1276 3031 ex
1318 2978 1399 3029 his
1427 2976 1675 3031 omnibus
1715 2978 1971 3046 pareres?
2022 2979 2078 3033 Si

497 3074 671 3142 itaque
697 3071 848 3125 illum
868 3070 1133 3125 dicentem
1162 3069 1348 3124 audias
1378 3068 1549 3141 (forte
1579 3071 1775 3139 quippe
1799 3070 1952 3124 nobis
1974 3086 2078 3125 non

494 3162 729 3233 credes),
757 3170 905 3217 tanto
930 3176 990 3216 se
1014 3161 1174 3214 vitam
1207 3162 1361 3214 istam
1387 3176 1471 3225 ea,
1502 3175 1661 3229 quam
1686 3160 1884 3230 degunt
1911 3163 2001 3232 qui
2026 3163 2078 3216 in

493 3256 701 3311 deliciis
730 3256 955 3321 vivunt,
995 3254 1192 3323 quique
1221 3252 1614 3317 meretricibus,
1650 3253 1890 3319 musicae,
1920 3270 2078 3323 para-

494 3350 644 3414 sitis,
684 3349 1047 3403 adulatoribus
1071 3387 1088 3413 ,
1139 3357 1193 3402 et
1236 3347 1475 3402 lasciviae
1512 3362 1571 3402 se
1599 3347 1838 3414 dedunt,
1883 3351 2077 3417 jucun-

491 3441 698 3495 diorem
726 3440 1033 3494 existimare
1058 3482 1071 3505 ,
1112 3450 1170 3493 ut
1208 3438 1358 3492 malit
1386 3438 1582 3493 millies
1622 3439 1792 3503 mori,
1841 3456 1999 3510 quam
2029 3442 2080 3497 ei

492 3534 867 3603 obtemperare
891 3574 907 3597 ,
956 3532 1046 3602 qui
1083 3532 1294 3601 juberet
1333 3530 1433 3585 hac
1463 3529 1680 3584 dimissa
1718 3532 1991 3601 voluptate
2012 3533 2079 3587 ad

494 3627 639 3680 illaut
672 3640 731 3680 se
759 3624 1007 3679 conferre
1027 3664 1042 3688 ,
1071 3622 1196 3693 quid
1233 3621 1299 3676 ad
1326 3621 1443 3675 btec
1470 3621 1661 3677 dices?
1702 3621 1837 3676 Num
1867 3624 2080 3694 ignoras

495 3727 746 3785 quantam
775 3718 1099 3785 voluptatem
1124 3717 1293 3785 pariat
1328 3714 1433 3768 vita
1463 3714 1690 3785 negotiis
1720 3716 1920 3771 vacua?
1965 3716 2080 3769 for-

498 3819 640 3864 tasse
682 3824 782 3863 nec
810 3808 950 3863 ullus
989 3807 1042 3861 id
1080 3807 1356 3861 hominum
1390 3806 1574 3869 novit,
1621 3805 1818 3875 quippe
1844 3807 1933 3876 qui
1958 3822 2078 3861 eam

498 3902 660 3955 vitam
691 3915 976 3970 numquam
1004 3914 1135 3967 pure
1154 3899 1463 3969 gustaverit.
1489 3898 1620 3951 Cum
1640 3908 1816 3952 autem
1844 3908 1897 3952 et
1917 3899 2077 3953 clari-

499 4004 580 4047 tas
604 3992 781 4058 adsit,
822 4004 875 4047 et
924 3991 1040 4045 hate
1087 4006 1207 4061 qua:
1237 3990 1321 4044 vix
1352 3990 1509 4044 simul
1562 3990 1786 4044 inveniri
1833 4001 2075 4060 possunt,

497 4085 757 4138 securitas
788 4093 841 4138 et
878 4082 1086 4153 gloria,
1128 4081 1254 4151 quid
1302 4081 1401 4136 hac
1439 4082 1545 4134 vita
1592 4081 1943 4150 praestabilius
1968 4083 2079 4137 sit?

502 4175 697 4229 Verum
716 4216 731 4239 ,
760 4174 999 4244 inquies,
1034 4173 1158 4242 quid
1188 4182 1242 4226 tu
1265 4171 1380 4227 haec
1401 4171 1528 4225 mihi
1560 4170 1816 4226 edisseris
1841 4188 1871 4224 a
1901 4171 2076 4243 philo-

499 4264 685 4335 sophia
729 4263 1129 4319 remotissima?
1173 4263 1280 4319 Cur
1307 4277 1435 4333 ergo
1464 4270 1646 4315 natum
1672 4278 1883 4333 quoque
1928 4273 2077 4317 tuum

498 4360 567 4412 ad
594 4375 710 4412 eam
753 4358 1011 4412 accedere
1041 4373 1145 4410 non
1176 4356 1351 4410 sinis?
1398 4355 1529 4410 satis
1570 4356 1638 4408 sit
1675 4355 1777 4409 isto
1808 4365 1857 4409 te
1882 4355 2079 4412 damno

496 4456 743 4510 allectum
770 4470 910 4510 esse.
963 4459 1155 4509 Annon
1194 4469 1461 4508 summum
1502 4467 1621 4508 esse
1650 4452 1900 4505 damnum
1931 4450 2045 4503 arhi

501 4549 687 4614 traris,
733 4546 945 4617 quando
984 4546 1051 4600 ad
1093 4556 1388 4600 extremam
1436 4552 1771 4598 senectutem
1819 4540 2074 4611 provecti,

498 4641 619 4711 quia
648 4641 700 4694 in
743 4641 991 4709 primaeva
1043 4649 1199 4693 aetate
1240 4638 1369 4692 nihil
1416 4636 1538 4691 boni
1579 4635 1757 4705 adepti
1783 4635 1949 4698 estis,
1986 4646 2079 4686 vos

498 4741 767 4786 senectam
806 4730 1030 4784 moleste
1082 4728 1270 4783 fertis?
1314 4730 1381 4782 At
1423 4727 1539 4780 ideo
1569 4725 1793 4780 moleste
1833 4724 2075 4786 ferimus,

502 4822 728 4893 inquies,
756 4821 896 4892 quod
920 4828 1108 4890 inagna
1136 4821 1288 4874 nobis
1308 4819 1858 4889 commodajuventus
1877 4816 2075 4870 tulerit.

498 4916 628 4984 Quae
655 4912 889 4982 magna?
931 4913 1153 4968 ostende
1180 4928 1397 4973 senem,
1448 4912 1534 4981 qui
1565 4926 1753 4980 magna
1779 4908 1894 4963 hmo
1926 4923 2076 4962 com-

500 5006 655 5059 moda
687 5005 896 5058 habeat.
929 5005 982 5057 Si
1016 5005 1156 5058 enim
1189 5003 1277 5057 illa
1320 5002 1626 5067 habuisset,
1660 5000 1923 5055 eteadem
1953 5013 2076 5068 per-

500 5109 835 5153 severassent
861 5139 876 5162 ,
924 5111 1027 5149 non
1068 5098 1248 5164 utique
1289 5103 1345 5148 ut
1376 5094 1458 5147 his
1482 5094 1699 5147 orbatus
1729 5091 1976 5146 omnibus
2008 5091 2075 5142 ita

503 5196 917 5251 lamentaretur;
957 5190 1039 5241 sin
1068 5202 1194 5241 vero
1222 5187 1311 5240 illa
1332 5186 1695 5250 avolavcrunt,
1725 5195 1779 5238 et
1806 5196 2079 5237 emarcue—

496 5292 649 5342 runt,
693 5279 961 5348 quomodo
989 5294 1175 5347 magna
1202 5320 1214 5336 .
1244 5294 1362 5347 qua:
1390 5277 1460 5331 ita
1495 5276 1601 5330 cito
1623 5276 1885 5330 exstincta
1910 5271 2076 5327 sunt?

500 5372 659 5440 Atqui
688 5387 792 5424 non
824 5370 925 5423 hoc
952 5371 1088 5422 filius
1132 5378 1251 5421 tuus
1291 5366 1521 5435 patietur
1544 5407 1560 5432 ,
1599 5364 1692 5420 sed
1719 5366 1763 5419 si
1788 5365 1853 5417 ad
1880 5364 2078 5433 longre-

501 5480 619 5517 vam
648 5478 855 5533 quoque
881 5470 1209 5515 senectutem
1245 5459 1580 5529 pervenerit,
1614 5473 1717 5510 non
1746 5456 1895 5510 illum
1924 5456 2074 5508 vide-

504 5556 583 5609 bis
616 5556 729 5608 hate
768 5554 950 5622 iniquo
985 5550 1164 5605 animo
1190 5549 1443 5603 ferentem
1469 5590 1483 5612 ,
1517 5557 1575 5601 ut
1611 5561 1704 5599 vos
1739 5545 1944 5608 facitis;
1982 5544 2077 5597 sed

502 5645 819 5711 gaudentem
846 5683 860 5704 ,
907 5642 1225 5711 gestientem
1268 5651 1321 5693 et
1354 5639 1710 5693 exsultantem
1738 5654 1750 5689 :
1786 5647 1909 5691 tunc
1932 5636 2074 5689 enitr.

506 5736 639 5787 bona
686 5734 801 5803 ejus
849 5734 1016 5800 magis
1060 5734 1251 5786 ﬂorent
1291 5740 1344 5783 et
1390 5731 1588 5798 vigent.
1646 5726 1851 5782 Vestra:
1896 5738 2073 5779 autem

503 5826 733 5892 divitize,
787 5824 991 5879 etiamsi
1050 5824 1183 5877 bona
1233 5820 1460 5875 habeant
1505 5818 1803 5883 innumera,
1830 5817 1880 5872 in
1904 5816 2075 5886 primo

1214 384 1575 444 ADVERSUS
1609 385 2151 444 OPPUGNATORES
2194 386 2376 443 νιτΑε
2412 387 2705 445 MONAST.
2746 391 2875 445 LIB.
2916 384 3005 447 ll.‘

3642 396 3749 453 δὶα

2173 503 2347 558 artatis
2391 502 2521 583 flore
2558 503 2649 556 illa
2688 503 3018 559 concludunt
3055 521 3067 557 :
3107 519 3211 559 non
3249 506 3377 561 item
3408 506 3490 562 hac
3521 484 3739 576 divitiaz,

2171 594 2266 649 sed
2304 595 2356 649 in
2385 604 2661 650 senectute
2694 606 2933 662 manent,
2965 597 3387 669 excedentesquo
3407 615 3439 656 e
3459 601 3565 656 vita
3592 618 3744 657 com-

2172 683 2369 740 itantur
2407 688 2446 739 ί.
2482 686 2686 742 idcirco
2708 702 2804 742 vos
2823 702 2943 743 cum
2965 703 3094 758 Opes
3127 691 3181 744 in
3201 699 3474 746 senectute
3501 707 3748 748 crescen-

2174 788 2254 832 tes
2280 779 2471 833 videtis
2488 818 2505 845 ,
2535 780 2882 851 plurimaeque
2903 780 3054 836 vobis
3074 791 3127 835 et
3150 781 3331 852 gloriae
3359 792 3413 838 et
3435 783 3745 839 deliciarum

2172 871 2481 925 occasiones
2511 881 2835 941 suppetunt,
2869 873 3082 944 indigne
3112 874 3280 939 fertis,
3311 875 3453 946 quod
3481 887 3610 931 aetas
3640 894 3746 932 non

2173 960 2431 1026 sufficiat,
2473 971 2531 1017 ut
2561 964 2640 1018 eis
2674 963 2777 1017 frui
2814 965 3056 1019 valeatis.
3110 964 3234 1020 Ideo
3262 975 3487 1021 mortem
3524 967 3746 1036 perhor-

2174 1054 2380 1108 rescitis
2401 1096 2415 1120 ,
2454 1070 2655 1124 vosque
2685 1064 2811 1110 tunc
2837 1057 3065 1111 maxime
3092 1057 3503 1115 miserabiliores
3524 1075 3645 1115 esse
3662 1060 3746 1114 di-

2174 1143 2313 1209 citis,
2332 1159 2451 1198 cum
2473 1145 2525 1199 in
2548 1160 2606 1199 re
2628 1161 2879 1215 prospera
2900 1147 3049 1203 estis.
3066 1145 3262 1202 Contra
3280 1148 3368 1203 ille
3391 1159 3498 1203 tum
3517 1150 3747 1205 maxime

2175 1238 2385 1307 quietus
2428 1241 2563 1303 erit,
2611 1253 2729 1293 cum
2772 1241 3050 1305 senuerit,
3101 1243 3295 1311 quippe
3325 1242 3411 1312 qui
3440 1242 3504 1297 ad
3534 1252 3747 1313 portum

2176 1340 2449 1401 prOperet,
2479 1347 2543 1386 ac
2564 1332 2900 1400 juventutem
2926 1347 3141 1402 semper
3165 1334 3427 1402 vigentem
3456 1333 3667 1402 habeat,
3695 1346 3752 1390 et

2177 1418 2245 1474 ad
2291 1429 2616 1475 senectutem
2655 1437 2941 1491 numquam
2980 1432 3181 1493 vergat.
3229 1422 3307 1477 Tu
3340 1438 3467 1478 vero
3494 1424 3655 1479 lilium
3688 1426 3752 1479 iis

2178 1512 2380 1567 deliciis
2423 1514 2523 1568 frui
2565 1515 2863 1581 voluisses,
2911 1530 3134 1584 quarum
3180 1515 3325 1570 illum
3357 1516 3545 1572 millies
3584 1517 3754 1586 ι)ωηὶ-

2179 1603 2368 1658 tuisset
2391 1644 2403 1666 ,
2439 1620 2501 1658 ac
2527 1605 2592 1659 de
2620 1606 2811 1675 quibus
2844 1608 2894 1659 in
2921 1615 3193 1661 senectute
3233 1606 3510 1662 doluisset.
3556 1607 3752 1663 Verum

2178 1693 2344 1760 absit,
2395 1705 2452 1749 ut
2496 1696 2691 1750 inimici
2718 1712 2930 1766 quoque
2958 1698 3124 1752 nostri
3152 1698 3235 1753 his
3268 1697 3474 1752 deliciis
3510 1698 3755 1754 fruantur

2179 1802 2447 1856 umquam.
2491 1788 2693 1858 Ecquid
2731 1798 3061 1843 senectutem
3098 1788 3382 1843 memoro?
3426 1789 3757 1859 quandoqui-

2179 1877 2300 1931 dem
2331 1878 2419 1933 die
2457 1894 2562 1933 uno
2598 1880 2841 1949 voluptas
2882 1880 2968 1933 illa
2999 1880 3174 1934 omnis
3208 1880 3597 1948 exstinguitur,
3647 1881 3754 1935 imo

2181 1986 2284 2023 non
2312 1970 2398 2024 die
2426 1986 2531 2024 uno
2556 2011 2570 2035 ,
2612 1987 2717 2024 nou
2749 1986 2850 2024 una
2890 1970 3043 2036 hora,
3070 1970 3163 2025 scd
3211 1971 3261 2024 in
3290 1971 3602 2027 brevissimo
3624 1982 3758 2027 tem-

2179 2062 2326 2131 poris
2376 2072 2667 2117 tnomento.
2741 2062 2878 2131 Quid
2929 2063 3071 2117 enim
3120 2070 3202 2116 est
3247 2062 3527 2131 voluptas?
3577 2078 3755 2119 nonne

2178 2155 2351 2208 ventri
2389 2170 2448 2210 se
2491 2155 2688 2211 dedere
2711 2196 2727 2223 ,
2770 2155 3084 2226 sybariticas
3129 2169 3339 2208 mensas
3373 2170 3558 2223 parare
3580 2195 3597 2221 ,
3633 2172 3755 2210 cum

2179 2246 2437 2312 speciosis
2459 2246 2771 2302 mulieribus
2800 2245 3050 2316 congredi
3096 2260 3383 2315 porcorum
3414 2246 3579 2301 instar
3615 2261 3674 2302 se
3704 2248 3757 2302 in

2180 2350 2336 2391 emno
2362 2337 2751 2392 volutantium?

2254 2428 2339 2482 l0.
2389 2426 2671 2497 Voluptatis
2697 2428 2926 2483 brevitas.
2954 2457 3026 2470 --
3048 2426 3152 2482 Sed
3192 2427 3258 2483 de
3288 2428 3370 2483 his
3400 2428 3635 2483 nondum
3674 2430 3755 2484 lo-

2180 2534 2406 2587 quamur
2438 2537 2452 2573 :
2483 2520 2694 2575 interim
2723 2521 2849 2591 quid
2890 2523 2959 2575 sit
2984 2522 3225 2592 voluptas
3254 2519 3628 2589 disquiramus,
3660 2537 3760 2575 an-

2183 2626 2288 2663 non
2319 2610 2474 2679 plane
2505 2610 2690 2681 frigida
2725 2621 2779 2665 et
2805 2613 2921 2667 vilis
2950 2614 3240 2683 sit:atque
3276 2610 3440 2675 illam,
3483 2611 3527 2664 si
3564 2611 3755 2681 plaeet,

2182 2699 2411 2768 primum
2440 2702 2461 2733 ³
2489 2700 2852 2771 inspiciamus,
2871 2718 2987 2772 qua:
3010 2700 3295 2772 jucundior
3323 2700 3550 2766 videtur,
3569 2717 3760 2769 nenqse

2180 2790 2377 2858 gulam.
2412 2790 2526 2855 Dic,
2549 2806 2748 2861 qu:eso,
2777 2792 2918 2848 illius
2941 2801 3168 2864 tempus,
3190 2802 3460 2863 quotaque
3481 2790 3582 2845 diei
3608 2802 3760 2862 parte

2183 2899 2280 2937 nos
2308 2883 2393 2936 illa
2420 2897 2683 2954 occupare
2715 2885 2881 2952 possit
2913 2903 2925 2936 :
2960 2894 3102 2939 tanta
3129 2894 3297 2954 certe,
3330 2904 3388 2945 ut
3424 2893 3508 2947 vix
3540 2884 3767 2963 perspici

2183 2973 2370 3041 possit.
2403 2972 2533 3026 Nam
2574 2974 2730 3028 simul
2760 2989 2823 3027 ac
2848 2975 3071 3044 quisque
3110 2976 3363 3049 impletus
3405 2982 3578 3046 fuerit.
3615 2985 3765 3039 volu-

2183 3070 2380 3131 ptatem
2424 3064 2679 3117 exstinxit
2707 3080 2721 3116 :
2748 3074 2804 3118 et
2847 3074 2971 3118 ante
3016 3064 3317 3124 satietatem
3365 3070 3565 3126 fluento
3608 3075 3768 3129 citius

2184 3153 2392 3217 transit,
2446 3154 2498 3207 in
2548 3155 2781 3224 ipsisque
2825 3154 3064 3209 faucibus
3104 3156 3309 3227 deficit,
3356 3178 3455 3217 nec
3502 3180 3603 3217 una
3645 3180 3767 3219 cum

2182 3243 2313 3299 cibis
2343 3253 2518 3314 potest
2545 3245 2748 3314 ingredi
2781 3263 2794 3298 :
2827 3247 3006 3300 statim
3027 3247 3172 3304 enim
3197 3260 3359 3321 atque
3389 3254 3619 3323 linguam
3642 3270 3767 3325 pcr-

2185 3337 2451 3401 transivit,
2486 3339 2592 3391 vim
2623 3340 2783 3393 etiam
2821 3340 3015 3393 amisit.
3049 3339 3246 3411 Taceo,
3296 3346 3497 3415 reliqua
3528 3350 3685 3413 mala,
3713 3361 3768 3405 et

2183 3437 2379 3496 quanta
2424 3444 2489 3483 ex
2540 3430 2639 3483 ista
2686 3431 2965 3499 voluptate
3005 3430 3254 3501 gignatur
3300 3446 3604 3506 tempestas.
3648 3439 3765 3495 Non

2186 3518 2345 3573 modo
2383 3519 2526 3574 enim
2550 3519 2834 3587 jucundior
2861 3521 2947 3591 qui
2978 3522 3046 3575 ab
3076 3523 3164 3578 illa
3203 3525 3456 3592 abstinet,
3486 3510 3581 3585 sed
3607 3531 3764 3586 etiam

2186 3610 2370 3671 levior.
2420 3612 2729 3681 faciliusque
2766 3613 3060 3679 recumbet,
3102 3631 3259 3684 quam
3306 3618 3350 3671 is
3393 3619 3482 3687 qni
3522 3619 3767 3675 satietate

2184 3702 2525 3757 distenditur.
2559 3703 2782 3758 Somnus
2809 3703 2972 3769 enim,
3006 3704 3192 3774 inquit,
3225 3708 3456 3762 sanitatis
3493 3711 3546 3762 in
3583 3711 3768 3765 viscere

2183 3794 2440 3848 moderato
2465 3794 2653 3866 (Eccli.
2688 3796 2776 3851 3!.
2816 3794 2928 3864 24).
2959 3796 3097 3862 Quid
3142 3813 3497 3854 memoremus
3527 3803 3761 3869 morbos,

2185 3902 2427 3947 nauseas.
2452 3888 2799 3954 calamitates,
2826 3888 3115 3959 inanesque
3137 3892 3417 3960 sumptos?
3443 3908 3560 3962 qua:
3585 3910 3649 3947 ex
3682 3895 3765 3951 his

2182 3978 2441 4033 conviviis
2480 3978 2620 4046 lites,
2668 3994 2788 4049 qua:
2834 3979 3061 4045 insidim,
3099 3996 3216 4050 qua:
3246 3982 3434 4036 damna
3466 3983 3764 4053 pullulant?

2186 4070 2378 4125 Verum
2416 4085 2576 4126 suave
2605 4081 2688 4126 est
2723 4085 2844 4126 cum
2884 4072 3254 4127 meretricibus
3283 4076 3553 4146 congredi.
3587 4077 3762 4148 Ecqua

2183 4171 2359 4231 potest
2401 4177 2522 4217 esse
2552 4164 2793 4232 voluptas
2823 4163 2874 4217 in
2915 4172 3059 4218 tanta
3106 4164 3461 4232 turpitudine?
3497 4166 3602 4222 Sed
3650 4167 3764 4223 haec

2183 4253 2397 4307 interim
2437 4252 2687 4322 indagare
2729 4254 3058 4317 omittamus,
3102 4271 3199 4311 nec
3228 4255 3295 4310 de
3339 4266 3635 4312 amatorum
3668 4275 3765 4328 pu-

2182 4346 2301 4417 gnis
2342 4349 2639 4417 loquamur,
2679 4363 2780 4401 nec
2816 4347 2882 4401 de
2910 4348 3156 4402 rivalium
3200 4350 3632 4405 contentionibus
3677 4353 3759 4406 vel

2182 4439 2606 4493 accusationibus
2637 4456 2649 4492 :
2681 4439 2773 4493 sed
2807 4438 2877 4492 sit
2902 4439 3095 4508 aliquis
3118 4441 3203 4517 qui
3235 4454 3353 4494 cum
3394 4440 3635 4496 libertate
3660 4444 3761 4497 ob-

2183 4546 2363 4585 scaena
2406 4531 2492 4585 illa
2538 4531 2755 4586 libidine
2795 4531 3019 4596 fruatur,
3071 4550 3241 4603 neque
3289 4535 3503 4589 rivalem
3547 4537 3758 4604 habeat,

2183 4636 2357 4689 neque
2407 4623 2476 4676 ab
2518 4624 2715 4676 amasia
2761 4633 3153 4690 contemnatur,
3208 4628 3461 4696 pecunias
3508 4630 3653 4682 velut
3694 4646 3761 4683 ex

2186 4714 2420 4769 fontibus
2452 4714 2667 4769 haustas
2710 4716 2999 4785 impendat,
3032 4718 3239 4771 etiamsi
3288 4719 3401 4773 fieri
3449 4730 3676 4788 nequeat
3706 4732 3762 4776 ut

2182 4806 2298 4861 ha-c
2322 4807 2499 4861 omnia
2532 4808 2688 4862 simul
2718 4810 3064 4874 conveniant;
3098 4821 3151 4864 at
3177 4812 3225 4863 ei
3254 4812 3343 4881 qui
3388 4812 3606 4867 rivalem
3654 4829 3757 4867 n0u

2184 4899 2461 4953 habiturus
2497 4910 2583 4960 est
2611 4916 2798 4956 omnes
2823 4902 3099 4958 facultates
3126 4898 3501 4959 exhaurienda:
3532 4915 3673 4971 sunt,
3703 4916 3763 4961 ut

2184 4990 2428 5058 largitate
2470 5007 2749 5046 munerum
2780 4992 2911 5045 alios
2939 5007 3126 5048 omnes
3164 5004 3415 5063 superet:
3447 5011 3762 5067 rursumque

2183 5096 2305 5134 eum
2334 5081 2426 5151 qui
2465 5081 2697 5151 inopiam
2738 5081 2958 5146 devitat,
2996 5099 3027 5136 a
3064 5086 3344 5140 meretrice
3383 5096 3665 5155 spernatur
3706 5096 3763 5143 et

2184 5182 2461 5243 respuatur
2510 5182 2742 5241 Oportet.
2793 5173 2988 5228 Verum
3027 5172 3382 5231 concedamus
3435 5177 3563 5230 nihil
3619 5176 3762 5247 ejus-

2181 5264 2325 5319 modi
2352 5265 2483 5327 fore,
2507 5264 2603 5325 sed
2624 5266 2799 5319 omnia
2831 5267 2927 5335 ipsi
2950 5282 3014 5321 ex
3039 5270 3297 5322 sententia
3329 5280 3581 5324 eventura
3604 5286 3723 5326 esse
3741 5289 3759 5325 :

2179 5373 2337 5426 quam
2378 5357 2428 5409 in
2471 5356 2554 5409 his
2578 5358 2902 5426 voluptatem
2930 5358 3087 5413 nobis
3120 5368 3271 5429 potes
3297 5360 3617 5416 ostendere?
3646 5360 3760 5417 Non

2181 5448 2323 5502 enim
2368 5448 2419 5500 in
2465 5448 2581 5517 ipso
2628 5463 2946 5519 congressus
2994 5459 3232 5520 tempore
3270 5462 3508 5521 apparet,
3549 5453 3641 5507 sed
3672 5456 3759 5523 qui

2213 5583 2265 5651 ..ι
2296 5582 2369 5629 sic
2397 5580 2539 5651 ξανὶι.
2566 5588 2618 5631 et
2650 5594 2821 5632 omnes
2862 5590 2967 5651 atss.
2992 5584 3153 5651 Morel.
3182 5598 3317 5645 vero,
3338 5588 3711 5651 exqedentesque
3733 5602 3761 5640 ε

2180 5643 2602 5717 ιῗίείέερητίιιέιὲανκ
2618 5653 2776 5717 λευρε
2798 5643 2991 5717 (Iisdem
3013 5644 3245 5717 ριεινίῖῖιαε
3261 5643 3475 5717 «glorier
3492 5657 3537 5717 ςι
3561 5643 3758 5700 delicia-

2179 5702 2567 5813 ὣςιέ
2580 5702 2822 5765 habentes,
2844 5702 3039 5770 indigne
3054 5706 3210 5771 fertis,
3245 5702 3359 5771 etc'.,
3374 5710 3535 5761 multis
3557 5720 3753 5775 praeten-

2244 5828 2261 5855 ο
2298 5832 2393 5874 υυιν
2418 5832 2544 5886 Mss,
2569 5827 2790 5894 primum.
