4116 6392
356 359 456 416 34⁸7

351 481 546 532 coitum
597 475 843 544 explevit,
895 474 1218 542 voluptatem
1265 471 1552 534 exstinxit;
1603 470 1694 554 qui
1742 478 1918 524 autem

349 569 525 622 adhuc
555 567 607 620 in
638 580 928 635 congressu
963 573 1064 629 est,
1113 580 1216 616 non
1262 563 1314 616 in
1345 562 1612 629 voluptate
1650 561 1778 629 agit,
1827 558 1923 614 sed

351 668 518 723 motu,
547 658 730 711 aculeo
756 667 808 710 et
837 655 1016 709 furore
1035 663 1089 707 et
1119 653 1326 706 fervore
1355 653 1652 706 vehementi
1675 653 1917 720 agitatur.

349 749 508 818 Atqui
545 758 723 802 nostra
756 747 999 816 voluptas
1034 761 1138 798 non
1166 743 1468 813 ltujusmodi
1491 752 1593 808 est,
1627 742 1798 804 absit;
1829 741 1924 796 sed

350 843 584 894 animum
622 843 765 894 omni
798 838 1192 907 perturbatione
1223 852 1444 890 vacuum
1474 844 1671 899 servat,
1701 836 1925 889 nullaru-

347 946 452 1002 que
471 930 811 1000 agitationem
843 928 1066 992 inducit,
1097 927 1190 982 sed
1227 942 1410 996 puram
1439 926 1722 994 quamdam
1749 935 1926 980 servat

351 1023 715 1090 integramque
753 1019 1008 1081 laetitiam,
1037 1033 1259 1087 eamque
1287 1017 1591 1087 gloriosam,
1617 1031 1735 1084 qua:
1766 1015 1924 1068 linem

349 1129 454 1167 non
507 1112 717 1175 habeat,
772 1112 1030 1180 longeque
1074 1109 1427 1179 patentiorem
1480 1123 1543 1162 ac
1591 1106 1919 1172 vividiorem,

349 1219 509 1275 quam
548 1212 720 1256 vestra
768 1203 855 1256 sit.
905 1200 1056 1268 Quod
1101 1200 1243 1254 enim
1286 1209 1466 1252 nostra
1511 1199 1580 1250 sit
1616 1196 1920 1266 jucundior,

350 1309 506 1365 quam
550 1303 748 1358 vestra,
797 1291 1002 1361 liquet:
1034 1305 1156 1343 nam
1200 1297 1430 1342 vestram
1477 1296 1658 1366 metus.
1694 1285 1924 1354 abjicere

355 1394 569 1453 potest:
600 1385 643 1437 si
691 1383 834 1438 enim
881 1381 1174 1450 Imperator
1220 1379 1386 1433 literis
1432 1385 1659 1431 mortem
1712 1375 1927 1430 commi-

354 1487 524 1539 ttetur,
566 1476 634 1531 ab
673 1490 734 1529 ea
765 1475 1033 1543 voluptate
1061 1472 1286 1526 maxima
1335 1485 1455 1540 pars
1484 1469 1755 1523 hominum
1783 1467 1922 1522 absi-

349 1578 474 1623 stet.
514 1565 762 1620 Nostram
791 1581 917 1619 vero
960 1563 1168 1618 etiamsi
1198 1562 1318 1631 quis
1359 1560 1658 1615 sexcenties
1699 1566 1923 1612 mortem

349 1661 560 1724 inferat,
603 1673 708 1712 non
739 1655 898 1710 modo
927 1669 1030 1709 non
1061 1652 1396 1721 persuadebit
1435 1661 1493 1706 ut
1517 1667 1580 1706 ea
1619 1658 1922 1720 spernatur,

355 1765 536 1804 verum
575 1748 916 1811 irridebitur;
956 1745 1092 1800 adeo
1133 1753 1313 1798 nostra
1357 1741 1637 1796 violentior
1676 1740 1833 1794 simul
1872 1749 1926 1794 et

356 1842 583 1907 dulcior,
615 1855 774 1910 quam
802 1849 974 1893 vestra
1019 1847 1122 1898 est,
1153 1836 1400 1905 nullaque
1425 1851 1642 1905 prorsus
1670 1844 1751 1889 est
1791 1834 1926 1888 inter

354 1946 631 2004 utramque
653 1931 999 2001 comparatio.
1029 1929 1102 1984 Ne
1129 1931 1304 1998 itaque
1331 1927 1572 1982 invideas
1595 1927 1723 1989 lilio,
1752 1941 1872 1980 cum
1893 1940 1924 1978 a

353 2028 512 2082 lluxis
553 2026 724 2088 bonis,
761 2040 880 2094 qua:
919 2039 985 2078 ne
1023 2024 1286 2076 exsistunt
1325 2019 1561 2089 quidem,
1599 2017 1665 2072 ad
1705 2032 1766 2072 ea
1809 2032 1925 2086 qua:

351 2131 474 2174 sunt
519 2130 574 2174 et
619 2127 834 2173 manent
877 2133 937 2172 se
973 2116 1206 2180 confert;
1240 2129 1410 2182 neque
1451 2113 1632 2180 lugeas
1667 2127 1788 2166 eum
1836 2111 1924 2180 qui

353 2211 692 2265 beatissimus
733 2206 1097 2278 prandioandus
1145 2215 1261 2268 est;
1304 2202 1396 2258 sed
1438 2203 1484 2257 is
1517 2201 1794 2271 lugendus,
1837 2201 1925 2271 qui

354 2318 458 2357 non
487 2303 606 2356 talis
641 2310 743 2366 est,
775 2299 969 2368 quique
996 2297 1047 2351 in
1072 2295 1321 2367 prtesenti
1353 2294 1459 2348 vita
1490 2293 1636 2363 quasi
1666 2293 1718 2346 in
1744 2292 1928 2360 euripo

355 2391 749 2448 circumfertur.
793 2391 966 2459 Atque
1009 2397 1065 2442 ut
1109 2387 1172 2440 ad
1205 2399 1465 2439 summam
1494 2381 1925 2438 veniamuszetsi

356 2485 497 2538 enim
529 2492 583 2536 tu
619 2482 829 2550 gentilis
873 2495 952 2544 es,
981 2479 1117 2532 hanc
1146 2487 1318 2532 tamen
1359 2485 1594 2529 nostram
1631 2475 1924 2527 orationem

355 2577 630 2646 suscipies.
661 2574 826 2628 Audis
854 2587 996 2640 saape
1031 2570 1276 2640 Cocytos,
1313 2577 1367 2622 et
1395 2564 1926 2636 Pyriphlegethontas

355 2667 565 2733 Iluvios,
591 2675 644 2720 et
673 2664 850 2735 Stygis
879 2661 1093 2724 undant,
1125 2670 1178 2714 et
1199 2659 1476 2712 Tartarum
1507 2664 1706 2709 tantum
1735 2669 1763 2706 a
1787 2663 1926 2708 terra

361 2761 668 2822 distantem,
715 2764 967 2825 quantum
1011 2752 1126 2807 haec
1168 2753 1278 2818 ipsa
1327 2749 1487 2802 distat
1524 2763 1554 2801 a
1596 2746 1748 2812 cmlo,
1775 2745 1928 2814 pluri-

355 2865 579 2920 mosque
639 2847 1021 2916 suppliciorum
1085 2842 1292 2896 modos.
1348 2839 1462 2894 Etsi
1509 2837 1649 2893 enim
1703 2835 1815 2890 hmc
1871 2845 1928 2889 ut

353 2952 503 2998 erant
531 2953 781 2995 enarrare
806 2953 909 2991 non
947 2942 1234 3004 potuerunt
1257 2931 1450 2996 Graeci,
1480 2936 1661 2997 utpote
1692 2928 1919 2997 propriis

354 3033 482 3088 moti
512 3029 819 3092 ratiociniis,
845 3041 1048 3082 necnon
1071 3022 1440 3078 traditionibus
1461 3030 1766 3074 nostrorum
1790 3019 1928 3074 male

353 3123 604 3191 acceptis,
651 3128 883 3173 attamen
929 3116 1210 3184 imaginem
1239 3111 1522 3182 quamdam
1558 3109 1743 3179 judicii
1773 3123 1924 3163 acce-

354 3223 565 3284 perunt.
595 3213 830 3279 Itemque
857 3207 1096 3261 invenies
1120 3214 1173 3260 et
1202 3213 1386 3272 poetas
1427 3212 1481 3256 et
1509 3199 1849 3270 philosophos
1874 3207 1928 3253 et

353 3314 594 3358 oratores
639 3309 797 3369 atque
848 3312 1007 3350 omne
1045 3295 1362 3363 scriptorum
1404 3305 1570 3361 genus
1615 3294 1712 3344 hac
1763 3289 1830 3342 de
1871 3303 1928 3341 re

355 3392 807 3464 philosophantes.
834 3387 999 3441 Audis
1027 3394 1201 3438 autem
1229 3394 1284 3437 et
1313 3382 1553 3452 Elysium
1579 3395 1842 3447 campum,
1875 3386 1930 3430 et

356 3487 627 3538 beatorum
668 3480 883 3542 insulas,
915 3488 968 3532 et
997 3489 1145 3546 prata
1187 3485 1240 3531 et
1270 3483 1491 3544 myrtos,
1523 3481 1578 3526 et
1620 3486 1802 3525 auram
1847 3479 1926 3524 te~

354 3590 512 3629 nuem
535 3572 858 3639 odoremque
885 3567 1290 3628 suavissimum;
1315 3565 1507 3617 choros
1533 3561 1655 3615 item
1687 3559 1757 3614 ibi
1783 3575 1928 3613 com-

355 3675 645 3727 morantes,
694 3662 916 3714 amictos
954 3658 1089 3713 stola
1129 3655 1374 3718 candida,
1423 3656 1648 3708 choreas
1688 3655 1926 3722 agentes,

353 3768 511 3827 atque
541 3756 768 3825 hymnos
793 3751 1048 3822 quosdam
1075 3757 1326 3803 canentes
1356 3766 1368 3800 :
1395 3761 1457 3800 ac
1487 3745 1774 3799 universim
1817 3759 1927 3798 ma-

358 3851 420 3901 lis
446 3855 498 3901 et
531 3844 684 3899 bonis
723 3852 840 3911 post
862 3841 1062 3896 obitum
1091 3839 1375 3908 repositam
1414 3851 1510 3905 pro
1546 3834 1752 3889 meritis
1778 3834 1929 3888 retri-

355 3939 649 3991 butionem.
679 3933 796 4000 Quo
836 3940 987 4001 putas
1012 3929 1170 3999 igitur
1195 3928 1354 3981 animi
1397 3927 1587 3980 all‘ectu
1616 3926 1798 3979 vivere
1835 3940 1928 3978 eos

356 4027 446 4094 qui
483 4022 743 4092 ejusmodi
791 4020 1138 4089 cogitationes
1172 4027 1406 4082 versant,
1447 4014 1559 4069 sive
1585 4016 1774 4078 bonos,
1817 4013 1929 4067 sive

357 4115 563 4169 malos?
591 4112 776 4167 Nonne
807 4111 894 4164 alii
920 4109 1156 4180 quidem,
1199 4108 1297 4162 etsi
1327 4107 1380 4160 in
1413 4106 1662 4176 praesenti
1706 4105 1813 4158 vita
1837 4104 1930 4158 de-

356 4217 482 4277 gant
519 4206 634 4260 sine
673 4218 904 4258 maerore
941 4215 1253 4268 summaque
1299 4214 1420 4252 cum
1458 4197 1746 4265 voluptate,
1777 4195 1927 4265 quasi

356 4297 583 4366 quodam
610 4293 946 4350 eonscientim
974 4291 1202 4359 ﬂagello,
1234 4289 1638 4357 futurorumque
1667 4288 1927 4342 malorum

357 4388 763 4457 exspectatione
789 4399 1001 4452 semper
1029 4382 1397 4444 stimulantur;
1426 4381 1546 4433 boni
1575 4395 1700 4433 vero
1721 4379 1928 4433 etiamsi

362 4477 512 4535 malis
569 4475 860 4531 innumeris
912 4482 1208 4538 vexentur,
1257 4471 1547 4526 secundum
1603 4469 1925 4533 Pindarum,

361 4587 509 4640 spem
557 4570 772 4634 habent,
814 4582 917 4636 qua
963 4573 1291 4629 recreentur,
1321 4579 1438 4633 qua:
1481 4563 1615 4616 mala
1646 4562 1925 4633 praesentia

361 4665 502 4731 ipsos
531 4676 628 4714 nec
665 4658 862 4714 sentire
888 4655 1050 4712 sinit?
1073 4654 1252 4724 Itaque
1291 4655 1342 4707 in
1384 4653 1484 4709 hoc
1508 4668 1716 4722 quoque
1758 4652 1928 4718 major

363 4752 477 4807 haec
507 4751 748 4820 voluptas
775 4758 876 4801 est.
911 4746 1074 4800 Multo
1099 4746 1241 4799 enim
1271 4744 1461 4798 melius
1485 4753 1567 4797 est
1594 4758 1623 4794 a
1657 4751 1925 4809 tempora-

365 4843 480 4896 neis
516 4840 787 4895 laboribus
829 4838 1082 4907 incipere,
1124 4845 1283 4905 atque
1317 4834 1368 4887 in
1400 4833 1656 4888 inﬁnitam
1691 4831 1927 4900 requiem

361 4933 625 4996 desinere,
654 4945 809 5000 quam
845 4930 932 4995 iis,
961 4944 1078 4999 quae
1106 4925 1484 4996 jucundissima
1513 4923 1758 4977 videntur
1785 4937 1926 4986 esse,

363 5024 595 5078 breviter
618 5021 859 5092 gustatis,
897 5020 949 5073 in
985 5018 1325 5072 acerbissima
1354 5025 1408 5070 et
1441 5015 1752 5085 gravissima
1794 5014 1929 5066 mala

363 5114 628 5170 decidere.
671 5113 804 5167 Cum
845 5121 1020 5166 autem
1069 5109 1134 5162 ad
1180 5109 1292 5161 ha-c
1341 5108 1392 5161 in
1439 5107 1684 5161 confesso
1729 5105 1798 5158 sit
1846 5104 1932 5157 hic

365 5205 524 5260 etiam
548 5204 706 5258 vitam
735 5203 874 5257 illam
905 5197 1430 5268 essejucundiorem,
1459 5211 1655 5262 nonne,
1693 5203 1753 5248 ut
1779 5193 1931 5247 initio

363 5296 626 5361 dicebant,
659 5292 941 5348 miserandi
987 5301 1108 5345 sunt
1144 5290 1200 5354 ii,
1243 5289 1331 5358 qui
1357 5287 1423 5342 de
1454 5284 1644 5342 talibus
1673 5285 1825 5341 bonis
1852 5285 1929 5337 la-

1062 356 1119 411 S.
1158 353 1435 410 JOANNIS
1470 347 1942 408 CHRYSOSTDMI
1981 351 2296 408 ARCHIEP.
2335 353 2865 412 CONSTANTINOP.

3495 364 3598 418 3&8

2035 472 2382 544 crymantur?
2411 474 2551 527 Sane
2586 473 2729 528 luctu
2772 472 2965 544 dignus
3007 489 3110 530 non
3157 485 3240 531 est
3281 477 3419 531 filius
3457 489 3594 541 tuus.

2029 562 2124 615 sed
2166 561 2348 630 plausu
2385 572 2437 616 et
2465 565 2700 630 coronis,
2728 579 2818 634 qut
2855 564 2921 620 ad
2964 565 3298 637 tranquillam
3327 572 3484 621 vitam
3515 582 3596 623 tu-

2033 663 2248 723 tumque
2289 663 2498 723 portum
2535 669 2592 709 se
2620 657 2840 724 recepit.
2869 659 2938 710 At
2962 663 3282 727 exprobrant
3303 660 3393 713 tibi
3426 674 3602 730 patres

2031 744 2262 809 plurimi,
2304 759 2528 813 quorum
2558 744 2650 798 filii
2680 745 2734 799 in
2775 749 3017 815 praesenti
3063 748 3260 801 saeculo
3289 760 3597 814 versantur;

2030 844 2084 889 et
2111 835 2197 889 alii
2245 850 2364 889 cum
2409 835 2610 901 vident,
2659 847 2800 891 tuam
2845 840 3012 892 vicem
3059 840 3239 895 dolent
3295 842 3332 904 ³,
3380 841 3600 896 irrident

2029 928 2155 979 alii.
2198 925 2304 980 Cur
2347 935 2400 980 tu
2464 942 2570 981 non
2631 941 2724 982 eos
2781 929 2947 997 magis
2992 929 3180 984 irrides
3219 940 3272 985 et
3317 931 3598 1000 deploras?

2028 1017 2209 1086 Neque
2225 1017 2368 1072 enim
2385 1017 2436 1072 id
2453 1018 2826 1073 attendendum
2843 1030 2921 1073 est
2941 1021 2982 1098 si
3007 1020 3158 1074 nobis
3181 1021 3424 1084 illuduut,
3447 1023 3537 1076 sed
3555 1024 3598 1076 si

2026 1108 2146 1176 jure
2182 1123 2247 1161 ac
2281 1109 2470 1163 merito
2495 1127 2508 1163 :
2533 1119 2587 1164 et
2625 1111 2670 1162 si
2715 1110 2784 1163 ita
2809 1125 2896 1164 res
2935 1127 2993 1164 se
3033 1112 3247 1174 habeat,
3279 1115 3484 1166 etiamsi
3526 1113 3600 1167 illi

2031 1215 2134 1252 non
2171 1200 2399 1264 rideant,
2445 1215 2542 1254 nos
2584 1201 2890 1269 lugeamus;
2932 1203 3015 1256 sin
3049 1218 3173 1256 vero
3211 1203 3398 1270 injuria
3446 1205 3496 1258 id
3527 1205 3602 1257 fa-

2029 1290 2190 1354 ciant,
2219 1292 2427 1345 etiamsi
2454 1307 2642 1346 omnes
2666 1293 2896 1357 rideant,
2930 1308 3027 1347 nos
3055 1302 3232 1349 tamen
3260 1295 3445 1349 beatos
3475 1312 3601 1351 cen-

2030 1395 2261 1445 seamus,
2294 1382 2411 1435 illos
2432 1397 2558 1435 vero
2583 1381 2876 1452 lugeamus,
2910 1391 3097 1452 utpote
3124 1385 3215 1453 qui
3253 1385 3491 1438 omnium
3518 1385 3601 1438 in-

2031 1471 2318 1526 felicissimi
2347 1475 2474 1539 sint,
2505 1482 2558 1529 et
2587 1473 2752 1528 nihilo
2772 1475 2972 1529 insanis
2997 1475 3264 1530 meliores.
3293 1475 3601 1530 Insanorum

2029 1564 2225 1634 quippe
2257 1578 2358 1627 eSt,
2396 1574 2450 1618 et
2477 1564 2736 1634 ejusmodi
2782 1566 2966 1619 morbo
2993 1566 3362 1629 laborantium,
3401 1567 3485 1620 illa
3525 1569 3599 1620 ri-

2029 1654 2178 1722 dere,
2210 1671 2328 1725 quae
2358 1656 2596 1726 plurimis
2625 1655 2869 1710 laudibus
2907 1664 2961 1710 et
3001 1657 3214 1710 coronis
3256 1656 3412 1725 digna
3456 1668 3600 1710 sunt.

2034 1747 2128 1800 Dic
2162 1749 2323 1807 enim,
2359 1762 2560 1817 quaeso,
2603 1748 2648 1802 si
2683 1747 2752 1802 de
2790 1747 2900 1802 lilio
2925 1757 3015 1802 tuo
3042 1749 3347 1802 saltatorutn
3377 1760 3431 1803 et
3458 1752 3604 1804 auri-

2029 1853 2212 1908 garum
2252 1838 2512 1892 insaniam
2558 1838 2854 1892 admirante
2896 1848 2947 1893 te
2986 1853 3174 1892 omnes
3225 1838 3501 1894 laudarent
3541 1855 3604 1894 ac

2032 1931 2242 1985 beatum
2270 1931 2641 2000 praedicarent,
2681 1947 2859 1986 nonne
2896 1931 2944 1985 id
2985 1931 3268 1986 derisionis
3293 1932 3411 1986 loco
3437 1932 3602 1987 habe-

2033 2023 2156 2076 res?
2191 2021 2324 2088 Quid
2365 2022 2560 2091 igitur?
2611 2022 2657 2076 si
2699 2032 2753 2076 te
2791 2032 3066 2075 strenuum
3110 2021 3310 2076 facinus
3349 2022 3605 2090 laudeque

2037 2113 2251 2182 dignum
2293 2112 2485 2166 edente
2529 2113 2603 2166 illi
2653 2113 2910 2172 riderent,
2954 2111 3154 2180 tibique
3194 2113 3603 2181 exprobrarent,

2033 2218 2209 2258 nonne
2235 2212 2474 2256 amentes
2494 2202 2614 2256 illos
2639 2217 2757 2256 esse
2778 2201 3022 2255 diceres?
3048 2203 3206 2271 Atqui
3231 2202 3330 2256 hoc
3359 2217 3497 2255 nunc
3525 2201 3605 2254 fa-

2033 2295 2238 2349 ciamus
2263 2313 2276 2348 :
2305 2310 2412 2348 non
2453 2293 2807 2347 multitudinis
2833 2293 3092 2362 opinioni,
3123 2293 3218 2347 sed
3245 2294 3482 2362 diligenti
3522 2309 3607 2347 rc-

2033 2403 2149 2440 rum
2177 2386 2407 2440 examini
2435 2386 2696 2440 calculum
2731 2385 2798 2439 de
2826 2385 2933 2439 filio
2966 2395 3057 2438 tuo
3079 2384 3353 2439 ferendum
3383 2385 3607 2453 permit-

2035 2487 2242 2532 tamus:
2269 2485 2323 2531 et
2350 2476 2556 2532 videbis
2588 2477 2835 2531 irrisores
2862 2476 2981 2530 illos
3022 2476 3400 2544 mancipiorum
3435 2479 3608 2545 potius

2032 2581 2189 2636 quam
2232 2567 2522 2621 liberorum
2561 2576 2808 2636 parentes
2845 2582 2985 2628 esse,
3029 2571 3073 2620 si
3117 2582 3300 2621 eorum
3344 2569 3449 2620 nati
3500 2568 3610 2621 tilia

2034 2668 2124 2714 tuo
2148 2669 2540 2728 comparentur.

2107 2751 2334 2804 Historia
2369 2752 2632 2821 cujusdam
2664 2751 2878 2804 solitarii
2905 2751 3048 2815 cuius
3075 2761 3215 2819 pater
3251 2750 3450 2821 gentilis
3476 2761 3607 2805 erat.

2031 2874 2103 2884 —
2119 2843 2268 2898 Nunc
2294 2858 2450 2914 porro
2475 2858 2706 2898 maerore
2729 2843 3013 2898 obtenebra
3023 2851 3104 2896 tus
3127 2859 3192 2898 ne
3215 2845 3479 2912 respicere
3499 2846 3610 2914 qni-

2034 2937 2154 2991 dem
2198 2937 2294 2990 ista
2337 2937 2567 3005 poteris;
2599 2951 2719 2990 cum
2753 2945 2927 2991 autem
2961 2937 3193 2990 animum
3225 2937 3489 2990 sedaveris
3509 2979 3523 2999 ,
3552 2937 3611 2988 fi-

2034 3029 2237 3098 liusque
2267 3039 2384 3082 tuus
2417 3043 2657 3097 magnam
2701 3028 2946 3081 virtutem
2978 3027 3309 3092 exhibuerit,
3342 3043 3443 3083 non
3476 3027 3610 3079 ultra

2035 3119 2125 3173 tibi
2150 3119 2372 3171 aliorum
2394 3133 2639 3172 sermone
2663 3132 2796 3185 opus
2815 3117 2934 3180 erit,
2959 3117 3050 3171 sed
3072 3126 3124 3170 tu
3149 3118 3262 3170 haec
3281 3126 3334 3171 et
3359 3117 3438 3170 bis
3463 3118 3610 3185 plura

2033 3212 2150 3264 aliis
2173 3211 2335 3264 dices.
2366 3210 2430 3263 Et
2461 3210 2574 3264 hmc
2602 3223 2699 3280 ego
2729 3223 2831 3262 non
2861 3209 2950 3262 tibi
2982 3218 3181 3263 temere
3209 3209 3482 3268 vaticinor,
3516 3208 3609 3261 sed

2034 3317 2150 3371 qua:
2170 3302 2357 3370 loquor
2379 3309 2626 3369 expertus
2652 3315 2791 3354 sum.
2819 3299 3036 3353 Amicus
3059 3300 3200 3352 enim
3227 3298 3353 3351 mihi
3381 3297 3493 3359 fuit,
3522 3299 3611 3366 qui

2035 3405 2238 3462 patrem
2290 3393 2515 3447 habebat
2558 3393 2858 3458 infidelem,
2899 3393 3153 3457 divitem,
3195 3400 3486 3460 spectatum
3511 3431 3528 3455 ,
3558 3399 3611 3444 et

2035 3486 2380 3555 undequaque
2406 3487 2627 3540 clarum.
2659 3485 2708 3538 Is
2737 3485 2965 3554 primum
2991 3483 3274 3538 concitavit
3312 3483 3607 3551 principes,

2034 3578 2262 3629 minatus
2302 3585 2385 3631 est
2421 3577 2660 3640 vincula,
2700 3576 2974 3643 ipsumque
3019 3575 3268 3629 omnibus
3306 3583 3517 3628 exutum
3557 3575 3610 3627 in

2033 3668 2200 3721 aliena
2230 3677 2370 3720 terra
2398 3667 2623 3735 reliquit,
2650 3663 2963 3720 necessariis
2987 3664 3145 3718 etiam
3171 3664 3434 3717 alimentis
3453 3678 3613 3732 egen-

2037 3767 2164 3823 tem,
2188 3757 2289 3812 hoc
2314 3757 2469 3811 modo
2498 3766 2686 3826 putans
2712 3771 2772 3810 se
2801 3756 2944 3809 illum
2974 3754 3040 3808 ad
3069 3755 3249 3809 saeculi
3272 3755 3433 3808 vitam
3457 3755 3613 3808 redu-

2034 3859 2244 3903 cturum
2275 3865 2288 3900 :
2323 3857 2599 3917 postquam
2638 3857 2814 3900 autem
2845 3846 2992 3899 illum
3031 3845 3084 3898 in
3119 3845 3268 3898 nullo
3296 3845 3396 3898 sibi
3422 3844 3614 3898 cedere

2035 3939 2200 4001 vidit,
2228 3939 2398 3992 victus
2433 3937 2642 3990 tandem
2681 3937 2997 4006 palinodiam
3033 3935 3258 3999 cecinit,
3293 3949 3355 3988 ac
3391 3949 3530 3988 nunc
3558 3933 3610 3987 itt

2038 4028 2241 4083 honore
2284 4028 2452 4082 lilium
2499 4027 2691 4092 habet,
2730 4042 2956 4096 eumque
2990 4025 3157 4094 magis
3187 4042 3342 4094 quant
3384 4026 3426 4079 si
3467 4035 3614 4093 pater

2036 4135 2165 4173 suus
2203 4127 2382 4182 esset,
2423 4126 2746 4173 veneratur:
2778 4133 3006 4184 cumque
3043 4117 3175 4170 alios
3211 4116 3401 4168 habeat
3443 4115 3609 4179 ﬁlios,

2039 4219 2303 4279 Spectatus
2330 4209 2492 4273 viros,
2522 4222 2614 4262 eos
2639 4224 2704 4262 ne
2729 4209 2914 4278 dignos
2940 4207 3149 4277 quidem
3176 4207 3265 4276 qui
3291 4209 3426 4260 servi
3459 4207 3613 4276 hujus

2036 4301 2142 4354 sint
2167 4298 2452 4353 arbitratur
2481 4317 2493 4350 :
2524 4300 2635 4369 ipse
2663 4315 2871 4369 quoque
2901 4308 3114 4368 propter
3141 4299 3308 4351 lilium
3334 4297 3488 4367 longe
3507 4300 3614 4351 cla-

2037 4393 2146 4448 rior
2166 4400 2266 4446 est.
2293 4393 2414 4446 Haec
2436 4392 2486 4446 in
2509 4402 2598 4446 tuo
2620 4407 2828 4462 quoque
2851 4392 2957 4444 lilio
2977 4391 3292 4445 videbimus.
3315 4391 3464 4457 Quod
3489 4406 3613 4444 vero

2038 4501 2142 4540 non
2169 4486 2414 4550 mentiar,
2444 4500 2510 4539 ex
2537 4485 2698 4540 rebus
2727 4485 2855 4554 ipsis
2883 4483 3102 4537 videbis.
3136 4483 3312 4549 Quare
3343 4484 3500 4535 linem
3534 4484 3611 4537 lo-

2036 4575 2232 4646 quendi
2259 4575 2468 4640 faciam,
2500 4575 2551 4630 id
2577 4584 2777 4629 tantum
2805 4588 3013 4644 rogans.
3046 4582 3104 4627 ut
3127 4588 3268 4626 anno
3297 4589 3402 4626 uno
3429 4589 3610 4640 exspe-

2037 4677 2171 4731 ctes,
2203 4677 2291 4721 aut
2317 4669 2489 4722 minus
2514 4668 2694 4722 etiam.
2725 4667 2909 4720 Nostra
2935 4666 3128 4734 quippe
3149 4665 3316 4718 virtus
3344 4680 3446 4718 non
3480 4665 3608 4717 mul-

2039 4759 2108 4811 tis
2134 4772 2267 4826 opus
2302 4757 2460 4812 habet
2487 4757 2674 4811 diebus
2693 4797 2706 4822 ,
2741 4764 2919 4824 utpote
2946 4771 3062 4824 qua:
3086 4753 3264 4808 divina
3290 4754 3455 4822 gratia
3494 4754 3612 4820 pol-

2039 4849 2167 4902 Inlet
2191 4865 2203 4900 :
2229 4848 2535 4917 videbisque
2555 4862 2616 4902 ea
2637 4847 2812 4900 omnia
2833 4863 2949 4916 qua:
2968 4846 3108 4899 dicta
3129 4853 3271 4908 sunt,
3297 4844 3456 4897 rebus
3480 4843 3611 4910 ipsis

2039 4937 2254 5006 impleta
2292 4954 2304 4992 :
2346 4951 2515 5005 neque
2555 4935 2712 4989 modo
2752 4951 2812 4990 ea
2853 4951 2968 5004 quae
3011 4934 3146 4988 facta
3185 4942 3306 4987 sunt
3344 4932 3610 4995 laudabis,

2038 5043 2259 5091 verum,
2293 5027 2336 5080 si
2371 5035 2422 5081 te
2457 5018 2715 5080 tantillum
2750 5027 2982 5080 excitare
3009 5026 3273 5089 volueris,
3303 5024 3408 5078 cito
3449 5023 3609 5090 ipsius

2039 5119 2260 5173 :emulus
2283 5118 2422 5184 eris,
2452 5117 2757 5187 magistrum
2785 5115 2986 5171 habens
3015 5117 3068 5170 in
3097 5116 3289 5170 virtute
3318 5113 3504 5168 lilium.

2106 5303 2121 5332 ¹
2157 5299 2294 5350 savil.
2315 5301 2362 5350 in
2395 5300 2632 5362 margine,
2653 5303 2696 5348 te
2717 5295 2866 5362 digito
2886 5293 3152 5358 designant.
