4116 6392
218 397 326 453 ευ
732 471 743 484 ν

224 515 279 563 ἐν
310 511 525 584 θορύϐῳ
555 511 649 566 καὶ
681 515 891 584 ταραχῇ
933 512 1026 566 καὶ
1055 514 1254 584 οἴστρῳ
1288 513 1382 567 καὶ
1410 514 1576 585 μανία
1605 517 1698 568 κοιλ⁸
1726 515 1898 586 κλόνῳ

225 599 404 670 πολλῷ
427 602 521 653 καὶ
550 599 797 672 βρασμῷ.
842 601 981 654 Ἀλλ’
1007 603 1105 672 οὐχ
1133 605 1165 674 ἡ
1198 604 1329 673 παρ’
1361 605 1492 673 ἡμῖν
1517 603 1680 674 ἡδονὴ
1712 605 1898 657 τοιαύ-

223 705 318 759 τη·
354 693 430 762 μὴ
461 692 700 759 γένοιτο·
732 691 869 744 ἀλλά
914 691 1205 756 διαπαντὸς
1249 693 1580 764 ἀχείμαστον
1618 698 1776 766 τηρεῖ
1805 695 1899 765 τὴν

221 775 431 846 ψυχὴν,
466 779 560 830 καὶ
599 777 825 848 θόρυϐον
857 776 1066 840 οὐδένα,
1094 779 1215 832 οὐδὲ
1249 779 1438 832 κλόνον
1475 781 1700 849 ἐπάγει,
1731 781 1899 835 καθα·

227 865 325 934 ράν
366 865 422 917 δέ
467 882 588 917 τινα
633 865 972 936 εὐφροσύνην
1003 867 1096 920 καὶ
1132 867 1400 939 εἰλικρινῆ
1442 871 1536 922 καὶ
1564 870 1772 935 ἔνδοξον
1805 874 1900 925 καὶ

220 951 372 1014 τέλος
399 952 496 1004 οὐκ
525 953 772 1023 ἔχουσαν,
801 953 1176 1026 δυνατωτέραν
1199 973 1258 1008 τε
1297 956 1477 1026 πολλῷ
1504 956 1617 1030 [74]
1648 960 1742 1012 καὶ
1770 976 1899 1028 σφο-

221 1038 484 1109 δροτέραν
513 1040 614 1110 τῆς
645 1041 773 1112 παρ’
812 1041 961 1110 ὑμῖν.
999 1043 1117 1096 Ὀτι
1146 1043 1253 1113 γὰρ
1283 1043 1446 1114 ἡδίων
1476 1043 1614 1116 αὕτη
1643 1048 1675 1116 ἡ
1711 1047 1895 1119 ἡδονὴ,

221 1126 319 1196 τὴν
355 1126 455 1196 μέν
502 1128 775 1199 ὑμετέραν
818 1129 1000 1192 ἱκανὸς
1039 1131 1343 1200 ἀποστῆσαι
1383 1131 1548 1200 φόϐος
1585 1150 1600 1163 ’
1632 1133 1734 1188 κᾶν
1790 1135 1897 1208 γὰρ

225 1216 475 1285 βασιλεὺς
503 1218 808 1290 γράμματα
840 1221 1173 1292 καταπέμψῃ
1203 1220 1432 1275 θάνατον
1461 1223 1806 1282 ἀπειλοῦντα.
1837 1227 1898 1278 το

223 1303 388 1357 πλέον
438 1305 547 1358 τῶν
596 1305 898 1376 ἀνθρώπων
943 1309 1267 1378 ἐκπτήσεται
1310 1309 1513 1379 ταύτης
1558 1310 1658 1381 τῆς
1681 1312 1896 1382 ἡδονῆςο

223 1390 436 1462 ἐκείνης
458 1392 514 1444 δὲ
534 1403 575 1458 ⁸,
598 1392 701 1446 κᾶν
725 1394 950 1466 μυρίους
971 1395 1230 1459 θανάτους
1249 1413 1333 1460 τις
1356 1398 1613 1469 ἐπιφέρῃ,
1636 1399 1697 1452 οὐ
1720 1399 1898 1455 πείσει

223 1485 618 1550 καταφρονεῖν,
670 1480 806 1534 ἀλλὰ
867 1485 963 1536 καὶ
1013 1483 1408 1554 γελασθήσεται
1471 1485 1704 1556 μᾶλλονο
1755 1487 1900 1542 οὕτω

221 1566 662 1636 τυραννικωτέρα
690 1584 748 1620 τε
775 1567 910 1640 αὕτη
935 1569 1083 1622 ἐστὶν
1107 1569 1323 1640 ἐκείνης
1346 1571 1440 1624 καὶ
1464 1571 1646 1643 ἡδίων,
1674 1575 1767 1627 καὶ
1789 1575 1897 1628 οὐδ’

220 1649 287 1702 ἂν
308 1650 595 1722 σύγκρισιν
619 1653 831 1718 δέξαιτο
848 1655 876 1694 ιι
900 1655 1036 1726 πρὸς
1057 1656 1292 1728 ἐκείνην.
1320 1657 1410 1728 Μὴ
1437 1657 1500 1728 δὴ
1524 1657 1802 1732 βασκὴνῃς

221 1738 392 1801 παιδὶ,
420 1741 530 1793 ἀπὸ
551 1740 660 1794 τῶν
692 1742 928 1813 ῥεόντων
957 1742 1202 1812 ἀγαθῶν,
1237 1743 1436 1814 μᾶλλον
1469 1746 1526 1798 δέ
1553 1747 1674 1800 οὐδὲ
1709 1747 1898 1812 ὄντων,

220 1825 312 1878 ἐπὶ
325 1825 394 1878 τά
418 1826 546 1879 ὄντα
568 1829 662 1880 καὶ
692 1829 920 1899 μένοντα
944 1829 1291 1894 διαϐαίνοντι,
1315 1832 1448 1902 μηδέ
1472 1833 1656 1905 θρήνει
1681 1835 1770 1888 τὸν
1797 1853 1901 1906 μα-

220 1912 542 1984 καρίζεσθαι
581 1917 750 1982 ἀξιον,
793 1917 908 1970 ἀλλ’
939 1919 994 1971 εί
1035 1936 1120 1982 τις
1161 1920 1236 1990 μὴ
1273 1921 1514 1985 τοιοῦτος
1556 1923 1808 1993 καθάπερ
1846 1925 1904 1975 ἐν

220 2001 432 2072 εὑρίπῳ
479 2003 559 2075 τῷ
603 2005 834 2076 παρόντι
869 2006 968 2077 βίῳ
1016 2007 1336 2078 φερόμενος.
1381 2011 1490 2063 Καὶ
1525 2010 1586 2062 τὸ
1628 2011 1691 2081 δὴ
1735 2013 1877 2080 κεφά

219 2088 397 2142 λαιον·
429 2093 475 2144 εί
493 2093 601 2163 γὰρ
626 2095 718 2146 καὶ
734 2094 967 2158 ἀπιστος
993 2097 1057 2147 σύ
1087 2097 1181 2149 καὶ
1211 2097 1704 2169 Ἕλλην,ὄμωςκᾶν
1718 2099 1904 2152 τοῦτον

219 2178 500 2250 παραδέξῃ
523 2181 614 2243 τὸν
638 2181 814 2249 λόγον.
849 2183 1093 2246 Ἀκούεις
1118 2185 1414 2249 Κωκυτούς
1437 2187 1656 2250 πάντως
1678 2188 1772 2240 καὶ
1797 2189 1894 2240 Πυ·

221 2267 642 2336 ριφλεγέθοντας
663 2273 963 2340 ποταμοὺς,
983 2273 1078 2324 καὶ
1100 2271 1302 2338 Στυγὸς
1325 2273 1488 2344 ὐδωρ,
1509 2275 1603 2326 καὶ
1618 2274 1904 2344 Τάρταρον

218 2353 470 2406 τοσοῦτον
497 2356 771 2426 ἀπέχοντα
795 2356 897 2426 τῆς
929 2360 1052 2428 γῆς,
1083 2360 1206 2413 ὅσον
1239 2359 1377 2432 αὐτη
1403 2361 1497 2414 τοῦ
1527 2363 1780 2434 οὐρανοῦ,
1811 2363 1903 2416 καὶ

219 2440 448 2505 πολλοὺς
479 2444 759 2498 κολάσεων
792 2446 1047 2516 τρόπους.
1082 2449 1144 2500 Ei
1181 2447 1291 2520 γάρ
1320 2449 1415 2502 καὶ
1450 2450 1587 2519 μετά
1611 2451 1898 2522 ἀληθείας.

219 2527 295 2592 ὡς
312 2529 444 2600 ἔχει,
475 2531 650 2586 ταῦτα
675 2536 848 2586 εἰπεῖν
868 2535 966 2587 οὐκ
993 2535 1336 2606 ἠδυνήθησαν
1363 2537 1645 2609 Ἕλληνες.
1677 2539 1773 2592 ἅτε
1797 2539 1904 2593 ἀπὸ

219 2615 495 2689 λογισμῶν
560 2621 873 2690 κινηθέντες
932 2625 1024 2676 καὶ
1092 2626 1568 2696 παρακουσμάτων
1618 2627 1728 2680 τῶν
1771 2629 1902 2698 παρ’

217 2705 382 2777 ἡμίν,
409 2708 522 2760 ἀλλ’
556 2710 705 2780 ὅμως
731 2711 916 2764 εἰκόνα
939 2712 1062 2764 τινα
1090 2713 1326 2783 κρίσεως
1358 2713 1548 2767 ἔλαϐον
1571 2733 1582 2744 ·
1617 2717 1712 2768 καὶ
1741 2734 1894 2786 ποιη-

218 2795 318 2856 τάς
362 2796 455 2847 καὶ
485 2796 807 2866 φιλοσόφους
852 2801 946 2850 καὶ
986 2799 1331 2867 λογοποιοὺς,
1365 2803 1459 2854 καὶ
1495 2803 1700 2866 πάντας
1741 2805 1904 2874 εὐρή-

222 2897 336 2945 σεις
355 2883 494 2952 ὐπέρ
515 2883 720 2936 τούτων
745 2885 1168 2954 φιλοσοφοῦντας
1193 2888 1301 2940 τῶν
1318 2888 1626 2959 δογμάτων.
1658 2892 1902 2955 ’Λκούεις

219 2967 276 3020 δὲ
304 2969 397 3022 καὶ
431 2969 678 3023 Ἠλύσιον
702 2973 902 3035 πεδίον,
935 2974 1028 3026 καὶ
1055 2979 1319 3045 μακάρων
1338 2978 1557 3047 νήσους,
1584 2979 1677 3030 καὶ
1704 2979 1902 3048 λειμῶ-

220 3075 338 3120 νας,
371 3058 464 3110 καὶ
498 3060 783 3130 μυρσίνας,
822 3061 915 3112 καὶ
944 3061 1144 3132 λεπτὴν
1167 3061 1364 3133 αὔραν,
1391 3065 1486 3116 καὶ
1511 3065 1738 3118 εὐωδίαν
1775 3065 1904 3119 πολ-

219 3145 339 3217 λὴν,
369 3148 463 3201 καὶ
493 3149 686 3218 χοροὺς
722 3150 840 3200 ἐκεῖ
875 3149 1273 3220 διατρίϐοντας,
1312 3153 1406 3204 καὶ
1438 3152 1640 3223 λευκὴν
1684 3153 1906 3225 περιϐε-

221 3235 320 3306 ὅλη
331 3237 524 3306 μένους
553 3237 763 3307 στολὴν,
795 3237 1116 3306 χορεύοντάς
1145 3256 1202 3291 τε
1229 3239 1324 3292 καὶ
1346 3240 1569 3311 ᾄδοντας
1600 3241 1804 3311 ὕμνους
1828 3259 1906 3294 τι-

221 3321 348 3385 νας,
384 3323 479 3374 καὶ
520 3323 656 3387 ὅλως
706 3323 800 3376 καί⁵
839 3328 1096 3395 πονηροῖς
1137 3326 1230 3378 καὶ
1261 3326 1486 3394 ἀγαθοῖς
1530 3329 1907 3399 ἀποκειμένην

219 3409 485 3462 ἀντίδοσιν
507 3412 647 3480 μετά
665 3411 763 3482 τὴν
786 3411 1032 3465 ἐντεῦθεν
1050 3413 1376 3484 ἀποδημίαν.
1394 3415 1517 3478 Πῶς
1535 3412 1626 3468 οὖν
1641 3417 1743 3469 οἴει
1768 3418 1906 3488 μετά

218 3497 476 3550 τοιούτων
507 3497 655 3568 βιοῦν
681 3499 788 3551 τῶν
812 3499 1088 3570 λογισμῶν
1112 3513 1134 3540 ο
1167 3502 1294 3564 τούς
1314 3519 1372 3554 τε
1400 3503 1662 3571 ἀγαθοὺς,
1688 3503 1815 3567 τούς
1843 3523 1902 3558 τε

218 3583 280 3636 οὐ
308 3584 612 3649 τοιούτους;
641 3585 751 3655 Οὐχ
781 3587 829 3638 οί
865 3588 960 3656 μὲν
985 3587 1155 3640 ταῦτα
1174 3589 1517 3658 στρέφοντες,
1555 3589 1657 3642 κᾶν
1685 3591 1904 3656 ἀλύπως

219 3671 402 3736 αὐτοῖς
435 3673 530 3724 καὶ
581 3673 721 3743 μετὰ
772 3675 974 3745 πολλῆς
1005 3676 1106 3745 τῆς
1157 3677 1349 3748 ἡδονῆς
1391 3677 1461 3730 τά
1497 3679 1590 3731 τοῦ
1638 3680 1904 3748 παρόντος

220 3763 480 3832 προχωρῇ
517 3760 653 3830 βίου,
686 3763 940 3835 καθάπερ
979 3765 1083 3818 ὐπὸ
1111 3783 1255 3828 τινος
1294 3766 1608 3820 ἐλαύνονται
1641 3769 1905 3838 μάστιγος

219 3849 314 3902 τοῦ
347 3849 646 3913 συνειδότος
680 3852 772 3903 καὶ
805 3851 904 3921 τῆς
952 3853 1280 3923 προσδοκίας
1324 3854 1431 3907 τῶν
1473 3854 1775 3926 δεξομένων
1803 3858 1903 3910 αύ-

219 3937 347 4000 τούς
370 3937 558 3990 δεινῶν
575 3955 587 3967 ·
610 3941 658 3990 οί
675 3939 729 3992 δέ
757 3941 1073 4011 ἀγαθοίκᾶν
1097 3942 1267 4013 μυρία
1297 3944 1546 4013 πάσχωσι
1569 3946 1736 4003 κακά,
1761 3946 1904 4000 κατά

222 4023 514 4094 Πίνδαρον,
547 4025 735 4080 ἐλπίδα
768 4028 1132 4098 κουροτρόφον
1161 4028 1375 4098 ἔχουσιν
1393 4031 1494 4081 οὐκ
1521 4032 1772 4098 ἀφιεῖσαν
1793 4032 1903 4084 τῶν

222 4112 506 4183 παρόντων
532 4113 716 4166 κακῶν
738 4114 989 4184 αἴσθησιν
1018 4116 1230 4178 λαϐεῖν;
1265 4117 1426 4169 Ὥστε
1456 4119 1549 4170 καὶ
1573 4118 1710 4171 κατά
1745 4119 1903 4173 τοῦτο

227 4199 428 4272 μείζων
451 4201 633 4272 ἐκείνη
676 4203 708 4272 ἡ
739 4202 920 4274 ἡδονή.
961 4202 1148 4274 Πολλῷ
1180 4204 1288 4274 γάρ
1320 4204 1550 4273 βέλτιον.
1583 4206 1691 4260 ἀπὸ
1721 4207 1900 4262 πόνων

223 4286 573 4358 προσκαίρων
605 4289 910 4360 ἀρξάμενον
950 4290 1086 4359 πρὸς
1123 4292 1426 4344 ἀνάπαυσιν
1457 4292 1682 4361 ἄπειρον
1710 4292 1899 4347 τελευ-

222 4374 344 4443 τᾷν,
380 4375 412 4445 ἢ
440 4376 548 4428 τῶν
574 4375 873 4430 δοκούντων
900 4374 1038 4430 εἶναι
1063 4377 1294 4448 ἡδίστων
1319 4382 1376 4432 ἐν
1407 4378 1598 4450 βραχεῖ
1623 4383 1898 4452 γευσάμε-

222 4476 346 4524 νον,
381 4461 473 4513 ἐπὶ
508 4462 576 4515 τά
630 4463 928 4535 πικρότερα
962 4466 1056 4517 καὶ
1100 4467 1476 4538 φορτικώτεροι
1522 4467 1678 4537 λῆξαι
1729 4471 1894 4523 κακά.

224 4545 395 4601 Ὀταν
423 4549 479 4602 δέ
519 4551 653 4621 πρὸς
677 4551 848 4622 τούτῳ
886 4554 980 4606 καὶ
1012 4554 1432 4624 ὡμολογημένον
1473 4551 1530 4628 ᾖ,
1570 4557 1650 4608 ὅτι
1681 4557 1772 4609 καὶ
1807 4558 1894 4610 ἐν·

221 4629 396 4690 ταῦθα
427 4634 578 4701 οὗτος
611 4641 638 4692 ὁ
687 4639 798 4709 βίος
840 4640 1029 4709 ἡδίων,
1065 4641 1186 4712 οὐχὶ
1227 4641 1386 4694 τοῦτο
1423 4642 1558 4713 ὅπερ
1597 4645 1897 4714 ἀρχόμενος

223 4723 358 4793 ἔφην
378 4726 590 4796 ἀνάγκη
615 4728 709 4779 νύν
733 4731 923 4790 ποιεῖν,
956 4728 1122 4780 ἐλεεῖν
1144 4729 1268 4792 τούς
1289 4729 1356 4781 τά
1386 4729 1610 4782 τοιαῦτα
1633 4731 1896 4802 δακρύον-

221 4827 320 4875 τας
350 4813 560 4880 ἀγαθά;
593 4815 668 4867 Οὐ
699 4815 762 4887 δὴ
787 4815 998 4886 θρήνων
1024 4815 1172 4881 ἄξιος
1200 4819 1227 4869 6
1254 4819 1381 4879 παῖς
1410 4817 1438 4867 6
1470 4817 1582 4880 σὸς,
1611 4817 1747 4871 ἀλλά
1771 4821 1901 4889 κρό-

289 4969 316 5030 _‘
340 4968 491 5017 Iidem
519 4971 700 5030 ἐκείνην
721 4973 788 5020 δέ.

231 5087 266 5140 Ε
289 5025 316 5064 ν’
343 5030 581 5081 Μοτοι.ει
602 5025 708 5096 ἰρὲο
733 5032 1208 5093 Μοηῐΐ.δέεεται,οιὶί
1229 5036 1430 5094 δέξαιτο,
1449 5037 1580 5096 quod
1603 5040 1901 5099 recepimus.

271 5105 363 5139 οιτ.

289 5153 472 5225 c‘Unqs
495 5156 620 5225 cod._
631 5158 727 5225 οἴει.
761 5161 842 5225 ζῇν
865 5158 982 5219 μετὰ
1011 5157 1242 5225 τοιούτων
1283 5160 1378 5206 τῶν
1415 5159 1514 5220 λὸγ.
1542 5159 1683 5207 Alius
1703 5163 1792 5210 οἴει
1818 5167 1898 5225 ζῇν

223 5215 346 5279 σιειτά
361 5217 540 5264 τούτων
561 5220 657 5265 τῶν
678 5219 777 5279 λὸγ.
795 5215 982 5268 ἰοευηι
1008 5217 1208 5268 Pindari
1227 5233 1462 5281 nusquam
1481 5215 1706 5284 ’νέρθε-ω.

1107 395 1475 453 ADVERSL'S
1513 396 2067 456 OPPCGNATORES
2104 399 2290 455 ἮΤᾹΞ
2325 400 2627 459 MONAST.
2667 403 2793 458 LIB.
2837 403 2899 462 IL

3572 404 3694 468 368.

1997 532 2106 570 των
2152 517 2248 570 καὶ
2285 519 2586 586 στεφάνων,
2630 520 2722 572 ἐπὶ
2765 519 2862 590 τὴν
2903 518 3217 591 ἀκύμαντον
3257 517 3404 590 ζωὴν
3449 520 3544 574 καί
3590 521 3680 574 τὸν

1999 606 2172 661 εὐδιον
2199 607 2393 678 λιμένα
2417 606 2585 660 ἐλθών
2643 608 2782 660 Ἀλλ’
2807 609 3125 673 ὀνειδίζουσί
3153 625 3212 661 σε
3236 608 3470 678 πατέρες
3496 608 3680 662 πολλοὶ

1999 695 2148 759 υἱούς
2192 695 2405 764 ἔχοντες
2451 696 2508 747 ἐν
2540 694 2618 765 τῷ
2654 697 2879 768 παρόντι
2926 697 3323 767 στρεφομένους
3359 694 3458 764 βίῳ
3495 693 3541 758 τι,
3588 697 3682 747 καὶ

1996 782 2292 854 δακρύουσί
2324 801 2404 844 σε,
2433 784 2560 837 ὅταν
2591 784 2771 838 ίδωσιν
2795 785 2969 855 ἕτεροι
2998 785 3092 836 καὶ
3118 782 3352 851 γελῶσιν
3375 781 3544 836 ἄλλοι.
3583 785 3681 834 Διὶ

1997 873 2049 926 τί
2077 874 2134 926 δὲ
2167 873 2241 944 μὴ
2269 873 2491 937 τούτους
2526 874 2589 926 σύ
2622 873 2822 943 μᾶλλον
2847 873 3155 944 καταγελᾷς
3180 873 3274 925 καὶ
3306 871 3552 932 πενθεῖς;
3585 871 3677 940 Μὴ

1996 960 2105 1031 γὰρ
2125 960 2189 1032 δὴ
2209 959 2368 1013 τοῦτο
2390 959 2700 1030 σκοπῶμεν,
2720 963 2767 1013 εί
2793 959 3134 1012 σκώπτουσιν
3157 960 3323 1029 ἡμᾶς,
3352 955 3465 1030 [75]
3489 956 3602 1009 ἀλλ’
3633 959 3679 1008 εί

1999 1046 2178 1110 καλῶς
2206 1048 2300 1100 καὶ
2341 1047 2592 1110 δικαίως·
2626 1047 2729 1100 κᾶν
2777 1049 2876 1118 μὲν
2909 1047 3067 1100 τοῦτο
3095 1043 3151 1120 ᾗ,
3171 1047 3264 1098 καὶ
3296 1047 3368 1116 μὴ
3399 1043 3680 1112 γελώντων

1997 1133 2222 1188 ἐκείνων
2261 1137 2423 1205 ἡμεῖς
2459 1135 2816 1205 δακρύωμεν,
2853 1135 2948 1187 ἐὰν
2982 1133 3035 1187 δέ
3067 1135 3267 1197 ἀδίκως
3304 1131 3466 1185 τοῦτο
3507 1132 3704 1202 πράτ-“

1996 1239 2154 1287 τωσι,
2172 1222 2276 1275 κᾶν
2305 1222 2541 1285 ἅπαντες
2569 1222 2821 1290 γελῶσιν,
2855 1224 3017 1293 ἡμεῖς
3048 1223 3147 1292 μέν
3176 1222 3403 1283 ἐαυτούς
3443 1219 3682 1290 μακαρί-

1999 1309 2200 1379 ζωμεν,
2237 1310 2480 1374 ἐκείνους
2516 1311 2571 1363 δέ
2598 1309 2905 1381 θρηνῶμεν,
2943 1308 3038 1362 ᾰτε
3067 1308 3285 1361 πάντων
3322 1305 3683 1373 ἀθλιωτέρους

1997 1396 2177 1460 ὄντας,
2213 1399 2306 1450 καὶ
2342 1397 2450 1450 τῶν
2486 1397 2826 1467 μαινομένων
2864 1395 3015 1449 οὐδὲν
3045 1396 3420 1466 διαφέροντας.
3465 1393 3538 1445 Τὸ
3572 1392 3682 1462 γὰρ

1998 1482 2161 1554 γελᾷν
2194 1483 2262 1536 τὰ
2296 1483 2506 1536 πολλῶν
2532 1483 2767 1537 ἐπαίνων
2794 1483 2920 1549 ἄξια
2956 1483 3050 1535 καὶ
3084 1482 3382 1550 στεφάνων,
3421 1479 3682 1549 μαινομέο

1999 1588 2104 1624 νων
2133 1571 2270 1636 ἐστὶ,
2304 1571 2400 1624 καὶ
2427 1571 2536 1625 τῶν
2566 1571 2635 1625 τά
2665 1570 2805 1625 αὐτὰ
2836 1569 3136 1624 νοσούντων
3170 1571 3373 1630 αὐτοῖς.
3406 1566 3536 1620 Εἰπὲ
3571 1565 3678 1636 γάρ

2003 1676 2125 1730 μοι,
2167 1661 2215 1711 εἱ
2254 1658 2383 1730 περὶ
2411 1659 2510 1729 τὴν
2541 1659 2648 1712 τῶν
2674 1659 3021 1730 ὀρχουμένων
3056 1658 3150 1710 καὶ
3182 1656 3281 1727 τὴν
3312 1656 3417 1708 τῶν
3451 1654 3682 1725 ἡνιόχων

2009 1745 2208 1817 μανίαν
2229 1748 2565 1818 ἐπτοημένου
2586 1747 2680 1800 τοῦ
2705 1746 2892 1809 παιδὸς
2919 1745 3151 1816 ἐπῄνουν
3174 1761 3232 1798 σε
3257 1745 3350 1798 καὶ
3373 1740 3682 1810 ἐθαύμαζον

2008 1835 2246 1898 ἅπαντες
2274 1835 2368 1888 καὶ
2396 1836 2732 1906 μακαριστὸν
2767 1830 2905 1887 εἷναι
2932 1833 3135 1901 ἔλεγον,
3165 1833 3284 1902 οὐχὶ
3314 1831 3509 1902 χλεύην
3543 1824 3681 1882 εἶναι

2003 1921 2064 1972 τὸ
2094 1923 2325 1992 πρᾶγμα
2353 1922 2638 1991 ἐνόμισας;
2680 1920 2744 1972 Τί
2775 1920 2850 1976 δέ,
2882 1922 2930 1972 εἰ
2961 1918 3208 1988 γενναῖόν
3239 1935 3289 1971 τι
3319 1918 3412 1969 καὶ
3449 1915 3684 1968 ἐπαίνων

2005 2007 2155 2074 ἄξιον
2195 2009 2530 2080 πράττοντος
2575 2007 2777 2076 ἐγέλων
2819 2009 3016 2060 ἐκεῖνοι
3070 2006 3164 2059 καὶ
3208 2004 3513 2069 ὠνείδιζον,
3562 2002 3686 2074 οὐχ).

2007 2097 2343 2167 παραπαίειν
2368 2098 2563 2161 αὐτοὺς
2592 2096 2658 2149 ἂν
2689 2095 2855 2165 έφης;
2893 2093 3062 2147 Τοῦτο
3087 2093 3152 2165 δὴ
3177 2093 3418 2164 ποιῶμεν
3447 2093 3540 2145 καὶ
3566 2090 3703 2150 νῦν,’

2009 2184 2082 2253 μὴ
2115 2186 2180 2254 τῇ
2210 2183 2320 2235 τῶν
2351 2183 2560 2236 πολλῶν
2591 2183 2845 2252 ὑπονοίᾳ,
2877 2180 2991 2233 ἀλλ’
3021 2179 3240 2252 ἀκριϐεῖ
3279 2180 3556 2248 λογισμῶν
3601 2176 3688 2241 ἐξ-

2006 2273 2191 2324 ετάσει
2217 2272 2317 2342 τὴν
2340 2271 2570 2341 περὶτοῦ
2599 2271 2791 2333 παιδὸς
2819 2269 3202 2339 ἐπιτρέποντες
3223 2267 3423 2338 ψῆφον,
3449 2266 3542 2320 καὶ
3565 2265 3686 2333 ὕψει

2002 2361 2130 2422 τούς
2153 2360 2428 2428 γελῶντας
2453 2359 2675 2422 τούτους
2703 2357 3048 2428 ἀνδραπόδων
3077 2355 3297 2427 μᾶλλον,
3323 2355 3356 2427 ἢ
3383 2353 3687 2424 ἐλευθέρων

2003 2445 2160 2509 ὄντας
2191 2448 2395 2501 παίδων
2427 2451 2666 2519 πατέρας
2685 2488 2700 2511 ,
2743 2447 2870 2499 ὅταν
2898 2447 3035 2516 πρὸς
3062 2445 3153 2497 τὸν
3179 2445 3292 2498 υἱὸν
3327 2443 3686 2508 ἐξετάζωνται

2005 2534 2205 2588 ἐκείνοι
2234 2535 2326 2588 τὸν
2359 2535 2468 2588 σόν.

2074 2622 2188 2674 Νῦν
2220 2623 2318 2694 μέν
2352 2624 2460 2694 γὰρ
2489 2623 2591 2675 ὐπὸ
2622 2621 2714 2675 τοῦ
2749 2622 2956 2684 πάθους
2991 2619 3371 2690 σκοτούμενος,
3409 2616 3532 2670 οὐδέ
3571 2615 3689 2668 δια-

2003 2707 2194 2779 ϐλέψαι
2234 2711 2371 2782 πρὸς
2403 2709 2578 2763 ταῦτα
2613 2710 2848 2780 δυνὴσῃ·
2889 2711 3016 2763 ὃταν
3051 2709 3106 2761 δέ
3141 2706 3336 2778 μικρὸν
3362 2703 3685 2776 ἀναπαύσῃ,

2003 2799 2096 2850 καὶ¹
2135 2802 2163 2852 6
2198 2799 2314 2861 υίὸς
2355 2799 2556 2867 πολλὴν
2590 2797 2924 2868 ἐπιδείξηται
2965 2797 3065 2868 τὴν
3109 2795 3336 2866 ἀρετὴν,
3367 2792 3551 2846 οὐκέτι
3604 2806 3688 2843 σοι

2002 2884 2175 2953 λόγων
2214 2886 2433 2957 δεήσει,
2471 2886 2606 2939 ἀλλά
2643 2886 2814 2938 ταῦτα
2859 2886 2922 2938 σύ
2956 2884 3096 2956 πρὸς
3142 2884 3362 2954 ἐτέρους
3399 2882 3553 2956 ’ἐρεῖς
3594 2881 3689 2932 καὶ

2004 2973 2224 3026 πλείονα
2249 2973 2473 3027 τούτων.
2509 2975 2614 3026 Καὶ
2638 2975 2734 3043 οὐχ
2770 2973 2956 3035 ἁπλῶς
2996 2989 3076 3024 σοι
3110 2970 3286 3024 ταῦτα.
3329 2968 3685 3039 μαντεύομαι,

2006 3061 2118 3113 ἀλλ’
2140 3073 2162 3099 ε
2192 3063 2300 3114 ἀπὸ
2327 3063 2425 3132 τῆς
2452 3062 2647 3129 πείρας
2665 3062 2850 3130 αὐτῆς.
2886 3060 2997 3113 Καὶ
3023 3058 3131 3129 γάρ
3149 3059 3272 3127 ἐμοὶ
3297 3057 3520 3124 γέγονεν
3538 3057 3686 3108 ἐταῖ-

2007 3167 2119 3220 ρος,
2154 3151 2369 3222 πατέρα
2399 3150 2628 3204 ἄπιστον
2650 3149 2788 3219 ἔχων
2813 3147 3147 3202 πλουτοῦντα
3173 3146 3268 3199 καὶ
3287 3144 3572 3210 εὐδόκιμον
3594 3143 3689 3196 καὶ

2007 3237 2270 3292 πάντοθεν
2300 3239 2552 3310 λαμπρόν
2573 3256 2586 3268 ·
2627 3240 2720 3292 καὶ
2755 3232 2910 3302 οὗτος
2941 3239 2970 3290 ὁ
3015 3237 3201 3308 πατὴρ
3242 3236 3304 3288 τὸ
3339 3235 3439 3305 μὲν
3469 3233 3690 3305 πρῶτον

2005 3327 2100 3378 καὶ
2129 3327 2395 3398 ἄρχοντας
2427 3328 2668 3397 ἐκίνησε,
2710 3327 2806 3380 καὶ
2833 3326 3010 3396 δεσμά
3032 3324 3315 3394 ἡπεῦ.ησε,
3344 3323 3439 3376 καὶ
3469 3323 3690 3375 πάντων

2004 3412 2165 3464 αὐτὸν
2196 3413 2472 3477 ἀποδύσας
2510 3415 2603 3466 ἐπὶ
2644 3415 2742 3484 τῆς
2783 3411 3072 3482 ἀλλοτρίας
3115 3411 3264 3462 είασε
3295 3407 3400 3478 γῆς
3421 3449 3436 3471 ,
3470 3407 3691 3475 καὶτῆς

2005 3499 2310 3567 ἀναγκαίας
2333 3500 2588 3570 δεόμενον
2617 3500 2822 3572 τροφῆς
2843 3541 2855 3560 ,
2887 3500 2962 3561 ὡς
2990 3497 3162 3568 ταύτῃ
3196 3497 3398 3550 πείσων
3426 3493 3562 3565 πρὸς
3586 3495 3688 3564 τὴν

2007 3587 2417 3660 βιωτικωτέραν
2451 3589 2596 3660 ζωὴν
2630 3589 2966 3644 ἐπανελθεῖν·
2996 3587 3185 3656 ἐπειδὴ
3217 3586 3272 3639 δὲ
3301 3581 3409 3637 εἶδε
3435 3584 3571 3654 προς
3596 3585 3689 3637 οὐ·

2003 3675 2092 3728 δέν
2121 3675 2325 3730 τούτων
2362 3678 2599 3738 ἐνδόντα,
2639 3678 2894 3749 ἡττηθεὶς
2939 3674 3266 3746 παλινῳδίαν
3308 3669 3428 3746 ᾖσε,
3463 3674 3557 3726 καὶ
3589 3671 3687 3727 νῦν

2004 3765 2136 3835 τιμᾷ
2168 3765 2258 3816 τὸν
2290 3765 2423 3828 υἱὸν,
2454 3769 2548 3819 καὶ
2579 3767 2804 3819 αἰδεῖται
2839 3765 3039 3835 μᾶλλον
3069 3762 3293 3832 πατρός·
3333 3761 3426 3814 καὶ
3459 3761 3689 3824 πολλοὺς

2005 3852 2143 3922 ἔχων
2177 3855 2397 3924 ἐτέρους
2431 3855 2624 3918 παῖδας
2664 3853 3112 3923 εὐδοκιμοῦντας,
3145 3851 3265 3904 ούδέ
3295 3849 3515 3912 δούλους
3542 3849 3688 3901 ἐκεί-

2003 3957 2126 4002 νους
2149 3941 2338 3994 τούτου
2369 3942 2534 4011 φησὶν
2557 3940 2696 3996 εἶναι
2721 3941 3080 4011 ἐπιτηδείους·
3114 3939 3209 3992 καὶ
3238 3937 3398 4001 αὐτὸς
3423 3937 3478 3990 δὲ
3507 3935 3683 4006 πολλῷ

2003 4027 2380 4101 λαμπρότερός
2409 4031 2525 4082 ἐστι
2563 4030 2650 4082 διὰ
2679 4030 2770 4083 τὸν
2799 4030 2933 4082 υἱόν.
2953 4027 3140 4081 Ταῦτα
3167 4027 3261 4080 καὶ
3287 4026 3379 4079 ἐπὶ
3426 4025 3520 4078 τού
3555 4043 3685 4078 παι-

2001 4117 2089 4180 δὸς
2138 4118 2383 4187 ὀψόμεθα
2433 4119 2526 4173 τοῦ
2579 4119 2704 4181 σοῦ,
2751 4121 2846 4172 καὶ
2877 4120 2960 4172 ὅτι
3005 4118 3066 4170 οὐ
3109 4116 3399 4186 ψεύδομαι.
3443 4114 3531 4166 διὰ
3575 4114 3689 4168 τῶν

2002 4205 2178 4276 ἔργων
2207 4207 2385 4260 αὐτῶν
2419 4209 2540 4282 εἴσῃ
2575 4207 2773 4271 καλῶς.
2808 4207 2898 4259 Διὸ
2938 4211 3233 4275 σιγήσομαι
3258 4202 3466 4266 λοιπον,
3492 4200 3682 4254 τοσού-

2002 4294 2092 4346 τόν
2127 4312 2220 4347 σου
2247 4294 2490 4366 δεηθεὶς,
2520 4295 2768 4349 ἐνιαυτὸν
2800 4295 3091 4364 ἀνάμεινον
3129 4293 3309 4363 μόνον,
3341 4291 3374 4360 ἢ
3403 4290 3496 4341 καὶ
3529 4288 3683 4340 ἐλάτ-

2003 4397 2131 4432 τονα
2151 4380 2363 4450 χρόνον.
2392 4381 2524 4434 Οὐδέ
2544 4381 2652 4451 γὰρ
2675 4381 2845 4434 δεῖται
2870 4379 3079 4434 πολλῶν
3102 4375 3321 4448 ἡμερῶν
3343 4377 3376 4445 ἡ
3401 4375 3528 4444 παρ’
3552 4375 3683 4443 ἡμῖν

2005 4469 2195 4540 ἀρετὴ.
2231 4470 2323 4523 ἆτε
2355 4471 2417 4541 δὴ
2450 4471 2570 4540 θεία
2601 4471 2973 4540 βλαστάνουσα
2997 4469 3202 4540 χάριτι,
3239 4466 3333 4518 καὶ
3360 4465 3480 4533 δψει
3506 4464 3683 4516 πάντα

2002 4560 2069 4609 τὶι
2100 4559 2363 4628 εἰρημένα
2385 4559 2476 4611 ἐπὶ
2499 4559 2606 4611 τῶν
2634 4558 2975 4628 πραγμάτων
3001 4555 3180 4609 αὐτῶν
3211 4552 3554 4620 δεικνύμενα·
3589 4552 3682 4602 καὶ

2002 4645 2063 4695 οὐ
2107 4643 2266 4712 μόνον
2303 4645 2609 4707 ἐπαινέσεις
2644 4645 2710 4697 τά
2752 4643 3124 4713 γεγενημένα,
3159 4640 3293 4693 ἀλλά
3339 4638 3444 4690 κᾶν
3487 4635 3682 4705 μικρὸν

2002 4731 2353 4800 διαναστῆναι
2379 4733 2637 4806 θελήσῃς.
2679 4733 2888 4803 ταχέως
2918 4732 3010 4784 καὶ
3045 4729 3178 4801 πρὸς
3215 4728 3306 4780 τὸν
3336 4725 3496 4779 αὐτὸν
3532 4723 3682 4792 ἥξεις

1999 4818 2158 4889 ζῆλον
2194 4820 2408 4889 ἐκείνῳ,
2441 4820 2758 4874 διδάσκαλον
2788 4820 2924 4890 ἔχων
2946 4820 3044 4889 τῆς
3076 4817 3276 4887 ἀρετῆς
3311 4813 3402 4866 τὸν
3441 4812 3577 4863 VU"-

2061 4978 2087 5016 ιι
2117 4981 2224 5029 Duo
2247 4993 2360 5027 mss.
2385 4986 2433 5026 et
2471 4980 2619 5028 Savi‘.
2649 4981 2696 5026 in
2722 4993 2824 5027 mar
2865 5016 2874 5026 .
2923 4977 3266 5040 στρεφομένους
3295 4972 3400 5036 βίφ-
3428 4967 3574 5046 εξπη-
3623 4967 3676 5016 ίη

2061 5049 2138 5088 \lu
2163 5051 2210 5088 cl
2240 5043 2411 5088 Morel.
2443 5045 2783 5088 στρεφομένους
2826 4994 2946 5088 ᾗήιί.
2975 5042 3126 5087 Sam.
3148 5043 3194 5085 in
3223 5048 3375 5088 marg.
3400 5049 3480 5080 και
3505 5031 3669 5078 δακτέο

1998 5047 2138 5089 teuu
2163 5043 2411 5104 cléMuml.
2443 5045 2783 5104 στρεφομένους
2826 5031 2946 5104 rma.
2975 5031 3126 5104 Sai'ﬂ'.
3148 5043 3194 5104 il}
3223 5031 3375 5096 [na-r3;
3400 5035 3480 5080 καὶ
3505 5031 3669 5078 δακτέο

1997 5101 2293 5151 λοδεικτούσί
2313 5120 2368 5150 σε
2391 5101 2516 5150 ὃτανξ
2543 5101 2648 5150 51οκ
2673 5118 2798 5150 unus
2821 5103 3016 5157 τούτους
3041 5102 3100 5148 σὺ
3122 5102 3278 5162 γελᾷς.

2068 5169 2090 5193 υ
2118 5168 2154 5213 Τ
2159 5163 2281 5212 αὐτα
2301 5164 2600 5228 προφητεύω,
2623 5166 2745 5223 ἀλλ’,
2774 5167 2953 5214 sicduu
2975 5177 3085 5211 mx's.
