4116 6392
398 574 534 585 ..υ-

1124 438 1484 495 ADVERSUS
1522 438 2064 496 OPPUGNATORES
2104 440 2285 495 VITA‘I
2313 440 2602 498 MONAST.
2646 441 2773 498 LIB.
2818 442 2901 497 Ill.

3564 446 3672 498 350

1101 650 1334 755 AD
1414 647 2092 758 ΡΑΤΒΕΜ
2146 644 2925 765 FIDELEM.

1629 868 1905 961 Etim
1976 869 2286 963 tertius
2331 856 2444 957 (α).

1826 1060 2199 1116 «seadﬁci-33>

454 1189 506 1245 1.
538 1191 645 1261 Age
666 1190 773 1259 jam
803 1190 1011 1245 ﬁdelem
1033 1205 1245 1261 quoque
1272 1201 1471 1260 patrem
1492 1190 1800 1256 doceamus,
1828 1191 1967 1260 qund

385 1298 488 1337 non
532 1283 725 1338 debeat
766 1298 860 1338 eos
899 1299 1234 1354 oppugnare,
1265 1285 1354 1354 qui
1387 1285 1552 1338 [ilium
1595 1299 1749 1337 sntnn
1779 1283 1845 1336 ad
1876 1283 1970 1338 Dei

384 1376 569 1445 placita
593 1375 861 1446 sequenda
883 1376 1181 1430 hortantur.
1210 1377 1539 1447 Quamquam
1570 1376 1863 1447 periculum
1889 1385 1972 1431 est

384 1484 451 1523 ne
475 1484 653 1523 sermo
679 1470 779 1524 iste
801 1470 1102 1539 superﬂuus
1126 1471 1214 1528 sit.
1246 1486 1379 1525 neve
1397 1471 1721 1526 contrarium
1743 1469 1967 1535 accidat,

385 1570 441 1614 ut
466 1561 709 1630 superius
733 1561 993 1616 dicebam.
1017 1561 1319 1618 'l‘uncenim
1343 1561 1450 1616 dixi
1481 1561 1636 1631 hujus
1663 1561 1970 1617 certaminis

383 1651 550 1721 legem
581 1668 665 1707 me
694 1668 798 1707 non
837 1668 1028 1723 cogere
1066 1669 1188 1708 cum
1224 1654 1404 1723 gentili
1434 1668 1623 1708 manus
1650 1668 1967 1719 conserere,

382 1744 477 1798 sed
506 1760 626 1799 cum
650 1744 872 1814 jusseﬂt
899 1746 1092 1800 Paulus
1111 1760 1205 1801 eos
1231 1755 1433 1800 tantum
1459 1746 1548 1816 qui
1579 1746 1719 1800 intus
1743 1756 1865 1799 sunt
1885 1745 1971 1812 ju-

383 1836 597 1902 dicare,
636 1853 667 1892 a
705 1855 875 1909 pugna
903 1855 1025 1894 cum
1061 1840 1125 1893 iis
1166 1839 1257 1908 qui
1300 1839 1431 1894 foris
1471 1848 1596 1895 sunt
1636 1854 1733 1893 nos
1774 1839 1971 1892 liberos

383 1930 531 1983 sinit.
572 1930 721 1985 Nunc
747 1939 923 1987 autem
948 1975 964 1997 ,
995 1943 1051 1987 ut
1079 1931 1319 1997 videtur,
1349 1948 1416 1987 ne
1446 1932 1541 1987 has
1568 1931 1782 2001 quidem
1811 1931 1969 1984 dimi-

382 2022 619 2077 cationes
650 2022 785 2078 inire
815 2033 1058 2079 tenemur
1089 2040 1247 2079 :nam
1277 2025 1320 2079 si
1349 2024 1496 2095 prius
1520 2024 1586 2079 de
1612 2023 1693 2078 his
1714 2023 1972 2078 Christia-

386 2131 455 2169 no
490 2118 653 2171 verba
697 2116 873 2173 facere
916 2129 1069 2189 turpe
1109 2106 1385 2173 videbatur
1412 2132 1562 2183 esse,
1600 2117 1766 2171 multo
1803 2116 1971 2186 magis

385 2227 544 2266 nunc.
572 2211 851 2279 Quomodo
881 2213 1020 2267 enim
1050 2228 1155 2266 non
1185 2212 1462 2267 erubescet
1499 2210 1699 2275 ﬁdelis,
1727 2210 1772 2264 si
1801 2209 1868 2263 de
1908 2209 1970 2262 iis

382 2304 658 2358 admoneri
688 2318 821 2372 Opus
851 2303 1062 2368 haheat,
1095 2317 1257 2372 super
1281 2302 1473 2373 quibus
1502 2318 1568 2354 ne
1599 2300 1823 2354 infidelis
1849 2300 1965 2367 qui-

382 2394 503 2448 dem
547 2394 701 2449 nobis
742 2395 1110 2448 contradicere
1147 2392 1352 2463 possit?
1381 2392 1517 2458 Quid
1556 2390 1751 2461 igitur?
1781 2390 1970 2444 ideune

383 2487 707 2551 tacebimus,
740 2488 978 2557 nihilque
1008 2487 1323 2557 loquemur?
1350 2486 1565 2539 Minime
1595 2498 1739 2538 vero.
1771 2483 1825 2538 Si
1852 2484 1971 2552 quis

381 2578 524 2631 enim
547 2593 775 2646 sponsor
796 2579 1098 2645 accederet,
1126 2580 1384 2648 nobisque
1412 2577 1747 2647 perspicuum
1775 2575 1972 2629 faceret

384 2668 494 2723 fore
521 2670 740 2739 posthac
762 2670 1028 2725 neminem
1055 2671 1143 2740 qui
1166 2686 1278 2724 rem
1304 2670 1606 2738 lmjusmodi
1632 2684 1858 2723 ausurus
1878 2668 1969 2729 sit,

384 2776 480 2815 nos
509 2777 719 2831 quoque
759 2765 1036 2832 quiescere
1075 2778 1208 2831 opus
1236 2771 1376 2816 esset
1401 2802 1416 2826 ,
1447 2770 1502 2814 et
1532 2760 1596 2813 iis
1623 2760 1712 2829 qui
1751 2767 1971 2825 pra-ter-

384 2854 577 2919 ierunt,
608 2865 662 2908 ut
690 2856 933 2920 laterent,
962 2857 1256 2909 concedere
1285 2871 1296 2905 :
1327 2853 1540 2923 quando
1565 2861 1739 2905 autem
1770 2850 1971 2905 nullum

384 2943 642 2998 hahemns
670 2961 828 3013 super
868 2945 965 2998 hac
1004 2961 1062 2999 re
1094 2944 1455 3014 ﬁdejussorem
1488 2942 1757 3009 idoneum,
1787 2956 1974 2996 neces-

383 3034 520 3088 saria
563 3050 781 3102 prorsus
821 3034 1029 3088 videtur
1068 3034 1348 3089 verborum
1379 3034 1693 3088 admonitio.
1734 3032 1791 3087 Si
1830 3031 1971 3087 enim

382 3139 445 3178 ea
474 3124 681 3194 aliquos
711 3125 970 3179 invenerit
1008 3126 1109 3179 hoc
1136 3125 1323 3179 morbo
1352 3124 1655 3178 laborantes
1675 3166 1689 3189 ,
1721 3122 1974 3193 operahi-

386 3225 473 3269 tur
500 3215 639 3285 quod
669 3231 823 3268 suum
851 3224 963 3279 est;
987 3216 1067 3269 sin
1093 3231 1250 3270 nemo
1277 3216 1328 3269 in
1354 3214 1723 3285 regritudinem
1752 3212 1970 3276 incidat,

382 3318 558 3361 actum
587 3316 669 3362 est
695 3316 751 3361 ut
786 3307 1047 3378 cupimus.
1088 3306 1357 3377 Siquidem
1397 3305 1651 3371 medicis,
1695 3317 1973 3374 postquam

384 3398 770 3453 medicamenta
802 3399 1102 3467 paraverint
1124 3439 1138 3463 ,
1167 3396 1457 3467 optandum
1485 3407 1569 3451 est
1598 3412 1665 3451 ne
1695 3398 1758 3451 iis
1788 3397 1973 3467 aegroti

384 3504 520 3559 opus
546 3490 777 3544 habeant
806 3507 817 3542 :
852 3505 1057 3560 nosque
1083 3490 1332 3545 similiter
1352 3499 1594 3557 Optamus
1615 3488 1878 3544 neminem
1909 3504 1974 3542 cx

386 3582 637 3636 fratribus
654 3581 848 3635 nostris
872 3580 970 3634 hac
985 3596 1142 3651 egere
1162 3581 1533 3635 adhortatione
1562 3598 1573 3632 :
1596 3581 1639 3634 si
1669 3594 1795 3634 vero
1819 3594 1977 3649 egere

388 3673 677 3742 contingat,
702 3671 846 3742 quod
867 3672 1024 3737 absit,
1048 3672 1277 3727 secunda
1308 3670 1595 3741 navigatio,
1620 3679 1676 3723 ιιι
1699 3668 1977 3737 proverbio

386 3769 609 3833 dicitur,
642 3783 746 3820 non
787 3767 891 3821 illis
930 3766 1122 3821 deerit.
1167 3767 1206 3821 F
1213 3768 1418 3837 iugatur
1452 3780 1579 3834 ergo
1620 3764 1789 3818 fidelis
1820 3762 1975 3825 talis,

388 3859 558 3928 qualis
597 3858 853 3922 inﬁdelis,
895 3858 1098 3928 ipsique
1138 3874 1232 3927 per
1269 3868 1461 3912 cuncta
1505 3856 1726 3921 similis,
1755 3867 1978 3925 excepta

389 3951 644 4021 religione
678 3968 691 4004 :
723 3952 969 4005 similiter
1007 3952 1215 4021 lugeat,
1250 3952 1589 4020 provolvatur
1617 3949 1853 4003 omnium
1889 3963 1979 4016 pc»

390 4042 567 4109 dibus,
593 4057 757 4097 canos
782 4044 1046 4107 ostendat,
1078 4054 1429 4106 senectutem,
1462 4043 1824 4102 solitudinem.
1858 4056 1976 4095 om-

393 4135 476 4187 nia
506 4133 767 4203 ejusmodi
797 4135 1048 4204 proferat,
1077 4145 1133 4189 et
1158 4147 1410 4205 quantum
1443 4136 1553 4189 vult
1582 4136 1869 4190 iracundia:
1893 4135 1978 4204 ju-

391 4226 598 4281 dicibus
626 4236 854 4281 moveat.
887 4225 999 4281 lmo
1040 4228 1214 4298 potius
1251 4227 1507 4282 adversus
1548 4227 1686 4283 hune
1726 4244 1831 4282 non
1867 4228 1977 4295 jam

391 4334 569 4372 coram
599 4317 904 4373 hominibus
935 4320 1086 4373 nobis
1128 4320 1192 4374 lis
1222 4328 1305 4374 est
1334 4335 1350 4373 ι
1377 4319 1579 4374 audivit
1604 4320 1748 4375 enim
1774 4335 1835 4372 ea
1860 4334 1979 4388 qua:

392 4410 488 4463 viri
518 4410 654 4479 apud
686 4425 783 4464 nos
809 4410 988 4465 divino
1016 4410 1215 4480 Spiritu
1253 4411 1441 4481 repleti
1468 4412 1535 4465 de
1573 4410 1844 4466 horrendo
1873 4419 1979 4465 ter-

395 4503 639 4573 ribiliqne
684 4504 967 4570 tribunali,
1003 4504 1070 4558 ad
1108 4503 1248 4574 quod
1292 4513 1411 4573 post
1447 4503 1649 4557 obitum
1689 4504 1977 4569 sistemnr,

395 4595 750 4667 pliil0$0phati
779 4607 921 4651 sunt.
951 4600 1089 4652 Ante
1116 4598 1295 4651 omnia
1323 4613 1450 4651 vero
1477 4597 1980 4651 commemorandus

395 4687 485 4741 ille
512 4686 626 4742 dies
654 4697 757 4754 est,
789 4704 885 4743 nec
912 4705 1016 4743 non
1053 4687 1190 4759 ignis
1214 4688 1447 4743 ﬂuminis
1474 4689 1640 4742 instar
1663 4689 1977 4753 decurrens,

396 4782 606 4833 ﬂamma
637 4796 926 4850 numquam
958 4780 1375 4851 exstinguenda,
1411 4780 1542 4835 radii
1583 4780 1711 4834 solis
1748 4781 1978 4845 sublati,

396 4873 519 4928 luna
545 4875 829 4939 occultata,
858 4875 1026 4929 stellae
1052 4874 1381 4939 decidentes,
1408 4874 1521 4929 ραιΙί
1547 4874 1838 4939 convulnti,
1872 4874 1981 4927 vir-

396 4974 536 5019 tutes
561 4974 873 5030 commotae.
905 4980 1163 5019 concussa
1195 4966 1428 5035 undique
1454 4974 1507 5020 et
1532 4973 1763 5019 mstuans
1794 4973 1936 5018 terra
1962 5005 1978 5029 ,

397 5057 651 5111 terribilis
674 5066 727 5111 et
755 5057 995 5112 alternus
1022 5057 1263 5111 tubarum
1293 5058 1539 5127 clangor,
1566 5056 1737 5126 angeli
1777 5070 1869 5126 per
1894 5071 1982 5110 or-

396 5148 517 5203 bem
546 5149 852 5204 universum
878 5150 1239 5203 discurrentes
1258 5189 1274 5215 ,
1310 5150 1475 5203 millia
1506 5149 1731 5203 millium
1760 5148 1980 5206 adsum-

395 5243 565 5307 tium,
621 5242 888 5314 myriades
938 5243 1334 5302 ministrantes.
1381 5242 1651 5297 exercitus
1697 5256 1817 5295 cum
1867 5241 1984 5308 ipso

392 5334 572 5404 judice
600 5335 663 5387 ad
675 5344 970 5399 ventantes,
999 5335 1206 5404 signum
1234 5335 1285 5388 in
1307 5343 1592 5404 conspectu
1615 5334 1733 5405 ejus
1756 5334 1981 5403 fulgens,

398 5427 672 5495 appositus
699 5426 947 5493 thronus,
976 5428 1145 5496 aperti
1172 5428 1313 5492 libri,
1345 5427 1613 5481 inaccessa
1652 5428 1841 5496 gloria,
1874 5437 1984 5481 ter-

398 5519 568 5573 rihilis
596 5528 651 5573 et
677 5518 941 5575 horrenda
975 5519 1262 5589 judicantis
1297 5534 1397 5573 vox
1422 5561 1436 5583 ,
1470 5520 1559 5589 qui
1597 5519 1730 5572 alios
1769 5518 1983 5587 quidem

401 5611 562 5665 mittit
588 5613 639 5666 in
668 5613 841 5683 ignem
870 5620 1111 5682 paratum
1138 5611 1354 5667 diabolo
1381 5620 1436 5667 et
1463 5611 1667 5682 angelis
1695 5611 1811 5680 ejus
1832 5652 1846 5675 ,
1876 5611 1985 5665 vir-

398 5703 551 5772 gines
575 5715 774 5769 autem,
808 5714 929 5775 post
955 5705 1195 5776 ingentes
1231 5704 1551 5775 virginitatis
1581 5703 1815 5768 labores,
1840 5704 1985 5757 clan-

426 5818 539 5887 “(0)
562 5821 744 5871 'ritulus
765 5836 835 5872 src
859 5825 1006 5876 habet
1028 5826 1075 5875 in
1098 5826 1285 5877 duobus
1309 5835 1433 5881 πεςά
1447 5827 1492 5875 in
1518 5823 1662 5873 editis
1684 5838 1802 5873 vero
1823 5823 1984 5879 deest,

400 5879 521 5930 tibcr
532 5890 716 5936 tertius.
743 5888 877 5938 Initio
894 5890 1008 5939 item
1027 5903 1138 5950 vos,
1159 5888 1275 5951 im»,
1287 5879 1588 5939 desideratur
1608 5888 1656 5937 it.
1672 5887 1861 5937 duobus
1878 5894 1981 5937 Mss.

2081 1196 2154 1249 sis
2193 1196 2393 1253 foribus
2431 1210 2611 1261 arcet;
2651 1200 2739 1269 qui
2781 1215 2847 1255 ex
2889 1199 3149 1254 ministris
3188 1201 3301 1254 suis
3343 1199 3476 1253 alios
3511 1199 3662 1270 jnln-t

2079 1289 2279 1342 zizania
2321 1292 2605 1361 colligare,
2655 1302 2710 1347 et
2753 1294 2805 1346 in
2849 1292 3120 1346 fornacem
3167 1292 3479 1357 immittere,
3525 1293 3662 1346 alios

2078 1382 2365 1450 compedes
2390 1383 2706 1453 quibusdam
2738 1383 3005 1448 inducere,
3029 1392 3085 1438 et
3105 1384 3349 1438 manibus
3376 1393 3495 1453 post
3514 1393 3659 1453 terga

2077 1472 2274 1528 vinctis
2298 1476 2515 1529 eosdem
2545 1474 2776 1545 abjicere
2811 1475 2860 1528 in
2892 1474 3136 1529 tenebras
3161 1474 3472 1538 exteriores,
3502 1483 3661 1542 atque

2080 1564 2350 1621 horrendo
2376 1566 2614 1621 dentium
2645 1566 2858 1621 stridori
2888 1565 3132 1629 tradere;
3174 1566 3320 1619 illum
3350 1564 3563 1634 quidem
3591 1565 3661 1617 ob

2081 1657 2378 1726 impudicos
2404 1665 2653 1728 aspectus
2680 1666 2917 1724 tantum,
2951 1657 3100 1711 illum
3129 1670 3254 1709 vero
3280 1656 3349 1710 oh
3378 1656 3545 1709 risum
3576 1656 3660 1707 in-

2079 1750 2489 1818 tempestivum,
2517 1749 2678 1803 alium
2700 1789 2714 1813 ,
2742 1748 2883 1819 quod
2926 1748 3221 1817 proximum
3262 1749 3379 1802 sine
3416 1747 3661 1801 examine

2078 1838 2430 1907 damnaverit,
2458 1840 2621 1895 alium
2647 1840 2787 1910 quod
2811 1839 3143 1894 maledixerit
3170 1838 3461 1902 dumtaxat,
3496 1838 3660 1892 vehe-

2080 1932 2411 1985 mentissimo
2457 1932 2880 2002 gravissimeque
2921 1930 3179 1999 supplicio
3233 1930 3428 1998 plectet
3475 1946 3488 1981 :
3539 1944 3658 1982 nam

2077 2023 2218 2092 quod
2259 2023 2388 2077 istos
2413 2038 2624 2093 quoque
2677 2037 2831 2093 poena
2866 2031 3077 2076 maneat
3127 2024 3168 2086 ⁸,
3209 2036 3329 2076 eum
3370 2021 3538 2091 ipsum
3569 2020 3661 2090 qui

2080 2113 2193 2166 inec
2220 2113 2476 2183 supplicia
2507 2114 2747 2169 illaturus
2772 2123 2855 2168 est
2882 2114 3146 2168 dicentem
3170 2121 3224 2166 et
3249 2112 3659 2165 comminantem

2078 2206 2263 2259 audire
2302 2207 2442 2261 licet.
2472 2206 2549 2260 Ad
2598 2206 2738 2261 hunc
2777 2205 2931 2260 nobis
2968 2204 3217 2259 omnibus
3260 2205 3490 2273 judicent
3539 2204 3662 2257 hinc

2078 2296 2312 2351 eundmn
2341 2306 2442 2362 est,
2471 2297 2691 2367 diesque
2712 2298 2799 2351 illa
2826 2296 3053 2351 videnda
3078 2297 3251 2363 nobis,
3280 2297 3333 2349 in
3356 2311 3457 2365 qua
3484 2297 3660 2351 utuinia

2080 2390 2219 2445 nuda
2250 2399 2304 2445 et
2330 2389 2590 2460 patefacta
2619 2399 2778 2445 eruat
2798 2432 2811 2456 ,
2843 2406 2949 2444 non
2991 2404 3151 2459 opera
3188 2399 3239 2443 et
3271 2390 3430 2443 verba
3472 2388 3660 2452 modo,

2079 2481 2171 2537 sed
2199 2483 2325 2551 ipsa:
2349 2497 2561 2552 quoque
2589 2482 2959 2551 cogitationes.

2148 2574 2202 2628 2.
2246 2573 2477 2627 Proximi
2521 2575 2676 2628 saluti
2720 2573 3121 2643 advigilandum.
3164 2601 3238 2613 ——
3279 2571 3408 2625 Nam
3471 2586 3658 2625 eormn

2080 2666 2260 2729 etiam,
2292 2680 2411 2734 qua:
2440 2680 2581 2720 nunc
2612 2665 2745 2720 levia
2790 2664 3055 2724 videntur.
3086 2672 3210 2717 tunc
3241 2662 3502 2717 terribiles
3548 2662 3664 2715 lue-

2079 2773 2199 2829 mus
2231 2773 2447 2829 pteuas:
2479 2758 2613 2812 adeo
2648 2758 2810 2828 judex
2848 2758 2918 2812 illi
2946 2758 3056 2827 pari
3086 2758 3425 2810 accuratione
3469 2764 3521 2808 et
3564 2771 3663 2808 no-

2079 2858 2245 2903 stram
2275 2858 2330 2904 et
2358 2848 2720 2919 proximorum
2748 2848 2973 2903 salutem
3001 2848 3221 2916 requirit
3255 2861 3283 2899 a
3334 2846 3507 2899 nobis.
3542 2846 3665 2899 Ideo

2084 2940 2278 2994 Paulus
2304 2942 2381 3011 (l.
2402 2940 2519 2995 Cor.
2557 2941 2641 2995 10.
2663 2940 2757 3010 2i)
2786 2940 2979 3009 ubique
3005 2938 3248 2992 hortatur
3268 2937 3524 3007 singulos,
3558 2954 3662 2990 non

2081 3049 2199 3102 quae
2225 3049 2318 3087 sua
2345 3045 2469 3087 sunt
2488 3048 2748 3101 qutet'ere,
2781 3031 2874 3087 sed
2897 3046 3014 3100 qua:
3046 3029 3276 3099 proximi
3303 3047 3314 3081 :
3342 3039 3667 3098 quapropter

2085 3124 2137 3178 in
2161 3123 2467 3177 Corinthios
2491 3123 2835 3178 vehementer
2861 3119 3147 3185 invehitur,
3176 3120 3297 3190 quia
3329 3120 3527 3173 nullam
3550 3134 3669 3187 pro-

2083 3214 2370 3268 videntiam
2400 3222 2452 3267 ct
2475 3228 2656 3267 curam
2680 3211 2973 3267 habuerant
3003 3211 3141 3279 ejus,
3163 3210 3326 3280 quiin
3355 3208 3668 3264 fornicatio-

2084 3321 2204 3360 nem
2235 3305 2512 3367 inciderat,
2544 3303 2636 3358 sed
2666 3303 2780 3372 ejus
2808 3302 2999 3357 vulnus
3030 3310 3242 3355 tumens
3274 3300 3664 3370 despexerunt;

2084 3396 2284 3451 Calatis
2308 3410 2519 3465 quoque
2555 3394 2797 3450 scribens
2832 3393 3079 3448 dicebat:
3114 3391 3344 3456 Fratres,
3376 3400 3420 3445 et
3450 3393 3491 3445 si
3529 3408 3663 3460 prte-

2084 3498 2360 3557 occupatus
2387 3489 2540 3558 fuerit
2568 3488 2718 3540 homo
2763 3488 2816 3539 in
2842 3486 3013 3554 aliqua
3043 3485 3249 3545 delicto,
3275 3499 3362 3537 vos
3391 3484 3474 3550 qui
3514 3483 3669 3553 spiri-

2085 3580 2243 3633 tuales
2272 3580 2408 3643 estis,
2456 3577 2750 3647 hujusmodi
2790 3576 3022 3630 instruite
3051 3573 3196 3643 (Gal.
3228 3574 3284 3628 6.
3317 3575 3393 3641 1).
3437 3573 3669 3627 Thessa-

2083 3670 2444 3725 lonicensibus
2461 3670 2586 3724 item
2611 3677 2765 3723 antea
2783 3668 2968 3723 eadem
2988 3667 3185 3722 monita
3205 3665 3631 3729 dederat,dicens
3651 3685 3665 3720 :

2088 3761 2269 3831 Itaque
2299 3762 2636 3816 exhortamini
2665 3761 2878 3813 invicem
2906 3759 3035 3813 sicut
3063 3767 3109 3811 et
3148 3757 3317 3828 facitis
3353 3773 3372 3811 :
3413 3756 3666 3826 itemque,

2087 3854 2341 3922 Corripite
2362 3854 2631 3922 inquietos,
2673 3851 3004 3906 consolamini
3031 3850 3403 3920 pusillanimes,
3432 3849 3674 3903 sustinete

2086 3946 2406 4017 inﬁrmas(l.
2434 3944 2613 3998 Thess.
2635 3946 2688 4000 5.
2715 3945 2801 3997 il.
2830 3953 2875 3997 et
2896 3943 3007 4013 Η).
3035 3941 3113 3996 Ne
3139 3942 3258 4010 quis
3283 3941 3424 3995 enim
3447 3941 3670 4003 diceret,

2087 4036 2225 4102 Quid
2257 4051 2371 4091 mea
2399 4037 2619 4090 interest
2642 4036 2802 4090 etiam
2827 4035 3053 4088 aliorum
3079 4047 3267 4088 curare
3292 4032 3516 4087 salutem
3538 4032 3563 4085 τ
3584 4032 3673 4102 qui

2090 4132 2246 4201 perit,
2275 4138 2479 4201 pereat,
2526 4138 2582 4183 et
2609 4128 2698 4197 qui
2733 4138 2996 4190 servatur,
3030 4136 3308 4187 servetur;
3354 4124 3405 4178 id
3439 4124 3571 4178 nihil
3608 4124 3672 4175 ad

2090 4238 2176 4277 me
2206 4223 2452 4293 pertinet,
2486 4221 2643 4275 rebus
2668 4221 2801 4274 meis
2833 4219 3136 4289 prospicere
3154 4217 3347 4287 jubeur
3379 4233 3396 4271 :
3434 4231 3504 4270 ne
3529 4216 3671 4284 quis,

2092 4315 2330 4385 inquam,
2370 4313 2487 4367 haec
2524 4311 2747 4375 diceret,
2781 4309 2999 4364 feralem
3046 4309 3186 4363 illam
3232 4318 3287 4362 et
3326 4306 3671 4361 inhumanam

2089 4404 2465 4475 cogitationem
2510 4402 2795 4465 auferens,
2846 4400 3051 4471 legibus
3095 4399 3209 4453 istis
3256 4398 3401 4451 illam
3446 4397 3673 4467 sepivit,

2090 4499 2317 4569 plurima
2340 4496 2533 4565 jubens
2571 4492 2850 4549 commoda
2892 4491 3179 4561 negligere,
3206 4499 3262 4543 ut
3289 4489 3546 4560 proximis
3575 4503 3673 4540 no-

2094 4590 2216 4644 stris
2240 4587 2602 4645 consulamus,
2630 4595 2790 4653 atque
2813 4583 2948 4636 hanc
2976 4583 3095 4636 vita:
3122 4580 3449 4649 diligentiam
3478 4578 3675 4647 ubique

2092 4680 2390 4737 habendam
2437 4694 2557 4734 esse
2603 4677 2811 4732 deﬁnit.
2872 4675 3128 4730 Romanis
3165 4688 3378 4743 quoque
3432 4671 3674 4726 scribens

2095 4777 2271 4847 (llam.
2312 4774 2411 4829 15.
2449 4774 2528 4844 l),
2566 4772 2834 4843 ingentem
2882 4769 2985 4824 illis
3010 4783 3193 4823 curam
3224 4764 3487 4836 ejusmodi
3515 4765 3675 4819 officii

2089 4869 2361 4940 imposuit,
2394 4868 2560 4923 fortes
2604 4867 2884 4922 imbecillis
2923 4873 3130 4935 patrum
3159 4864 3277 4919 loco
3320 4877 3438 4917 esse
3459 4862 3675 4931 jubens,

2094 4974 2256 5033 utque
2285 4977 2470 5018 eorum
2510 4961 2653 5016 salus
2689 4976 2831 5015 cura:
2876 4959 2977 5013 illis
3004 4958 3072 5014 sit
3102 4957 3416 5013 admonens.
3457 4955 3562 5012 Sed
3591 4956 3677 5010 hic

2092 5057 2308 5127 quidem
2337 5054 2727 5109 adhortationis
2753 5062 2807 5106 et
2845 5052 3050 5106 consilii
3081 5050 3307 5105 formam
3337 5060 3535 5115 servat,
3573 5049 3680 5104 alio

2093 5160 2270 5205 autem
2314 5149 2367 5204 in
2412 5148 2531 5203 loco
2570 5162 2775 5201 sunnna
2819 5161 2940 5199 cum
2986 5143 3323 5198 vehementia
3376 5142 3679 5197 auditurum

2095 5244 2303 5296 animos
2330 5239 2606 5310 percellit:
2630 5254 2726 5293 eos
2755 5237 2919 5302 enim,
2956 5237 3045 5307 qui
3076 5233 3297 5289 fratrum
3330 5235 3554 5288 salutem
3580 5249 3678 5286 ne-

2092 5334 2316 5404 gligunt.
2342 5333 2393 5386 in
2422 5333 2593 5401 ipsum
2616 5329 2886 5384 Christum
2913 5342 3134 5397 peceare
3160 5325 3309 5392 dicit,
3338 5325 3535 5395 Deique
3553 5323 3682 5377 tedi-

2094 5428 2270 5482 licium
2302 5426 2610 5485 diruereﬂ.
2639 5421 2757 5478 Cor.
2781 5423 2833 5477 8.
2858 5422 2979 5489 12):
3011 5420 3169 5489 idque
3200 5435 3304 5473 non
3333 5434 3360 5471 a
3383 5417 3679 5487 seipsn.sed

2093 5536 2120 5574 a
2149 5519 2406 5590 magistro
2444 5518 2668 5573 edoctus
2697 5516 2949 5585 loquitur.
2977 5513 3217 5583 Namque
3250 5512 3553 5582 unigenitus
3586 5509 3679 5563 Dei

2101 5613 2286 5675 Filius,
2337 5618 2396 5664 ut
2436 5610 2655 5663 duceret
2705 5606 2806 5661 hoc
2856 5605 3090 5660 ofﬁcium
3129 5618 3251 5659 esse
3297 5600 3679 5660 necessarium.

2094 5715 2255 5775 atque
2277 5716 2394 5767 eos,
2425 5702 2515 5772 qui
2543 5700 2671 5754 illud
2704 5699 2928 5754 reddere
2958 5697 3251 5768 negligant,
3280 5694 3505 5750 summis
3526 5691 3683 5747 malis

2158 5821 2173 5852 ¹
2210 5820 2262 5869 In
2293 5816 2397 5868 solo
2433 5814 2597 5865 Morel.
2620 5817 2799 5865 desunt
2822 5814 2926 5865 haec
2950 5814 3115 5871 verba.
3147 5825 3259 5864 nam
3282 5806 3410 5873 quod
3431 5806 3545 5859 istos
3566 5817 3686 5869 quo-

2094 5896 2184 5946 que
2206 5892 2347 5947 poma
2376 5883 2596 5941 maneat;
2620 5878 2709 5957 sed
2733 5880 2943 5941 genuina
2966 5884 3093 5927 sunt.
