4116 6392
440 471 538 529 ΞΜ

455 587 797 658 excipiendos
821 601 960 650 esse,
992 585 1200 640 dicebat
1227 602 1239 638 :
1272 585 1582 654 Quicumque
1605 583 2023 637 scandalizaverit

443 695 601 731 unum
630 695 694 731 ea:
733 678 930 745 pusillis
952 677 1080 741 istis,
1105 676 1313 745 expedit
1353 675 1400 727 ei
1428 683 1481 727 ut
1511 673 1851 744 suspendatur
1889 673 2024 726 mola

444 771 668 823 asinaria
689 771 822 823 circa
849 769 1036 823 collum
1059 769 1188 840 ejus,
1213 778 1259 820 et
1281 768 1601 836 demergatur
1627 767 1678 818 in
1710 768 2022 837 profundum

444 864 600 916 maris
624 863 834 931 (Matth.
867 861 948 916 l8.
981 862 1059 930 6).
1094 863 1267 930 Atque
1303 862 1366 921 is,
1401 860 1490 929 qui
1523 861 1774 912 talentum
1816 858 2024 912 obtule-

444 963 546 1014 rat,
568 968 672 1006 non
699 952 838 1021 quod
859 951 1058 1022 aliquid
1086 967 1148 1006 ex
1181 952 1290 1006 suis
1316 950 1743 1018 c0uteinpsisset,
1761 947 1854 1002 scd
1882 947 2022 1017 quod

447 1044 807 1113 proximorum
836 1043 1058 1097 salutem
1087 1042 1437 1112 neglexisset,
1487 1041 1577 1095 illo
1605 1038 1866 1109 supplicio
1903 1037 2022 1092 affi-

443 1132 832 1202 citur.-Itaque
869 1131 969 1187 etsi
1013 1134 1172 1185 vitam
1226 1142 1460 1185 nostram
1492 1139 1640 1185 recte
1663 1129 2018 1195 instituamus,

447 1224 577 1278 nihil
601 1224 651 1278 id
679 1223 892 1291 prodest
917 1223 1092 1290 nobis,
1125 1237 1244 1276 cum
1275 1233 1553 1293 peccatum
1584 1220 1707 1274 illud
1736 1218 1904 1290 possit
1927 1233 2024 1272 nos

447 1317 500 1369 in
528 1315 786 1385 gehennae
827 1314 1144 1384 profundum
1191 1315 1528 1384 immergere.
1575 1313 1630 1368 Si
1679 1313 1823 1367 enim
1877 1312 2021 1364 nulla

447 1410 583 1461 ratio
623 1407 788 1477 possit
812 1421 906 1460 eos
931 1408 1020 1477 qui
1053 1407 1310 1476 proximis
1338 1420 1652 1477 corpoream
1680 1419 1833 1473 opem
1881 1401 2022 1457 ferre

447 1502 711 1556 uoluerint
738 1500 987 1561 liberare,
1020 1515 1224 1563 verum,
1266 1500 1365 1553 etsi
1395 1499 1748 1568 virginitatem
1777 1511 2024 1550 servave-

446 1595 572 1655 rint,
607 1604 780 1646 tamen
820 1601 969 1645 extra
1009 1592 1190 1662 sponsi
1223 1590 1513 1644 thalamum
1541 1587 1826 1655 abjiciendi
1873 1586 2018 1639 sint:

447 1689 492 1740 is
517 1684 603 1755 qui
632 1685 770 1755 quod
811 1685 977 1738 multo
1008 1684 1176 1752 majus
1207 1692 1289 1735 est
1313 1681 1553 1735 omiserit
1592 1679 1783 1748 (multo
1825 1677 2024 1747 quippe

446 1778 617 1846 major
644 1787 725 1831 est
751 1777 1046 1829 :lllill’tnl'tlm
1068 1771 1218 1845 cura)
1247 1788 1344 1827 cur
1381 1787 1488 1826 non
1532 1771 1669 1825 mala
1694 1769 1872 1822 omnia
1904 1783 2020 1822 me-

446 1871 550 1920 rito
580 1866 839 1936 patiatur?
857 1865 1133 1919 llominem
1153 1864 1292 1916 enim
1319 1878 1423 1916 non
1445 1870 1502 1915 ut
1526 1860 1624 1915 sibi
1647 1869 1849 1914 tantum
1873 1857 2024 1928 prod-

444 1970 587 2013 esset
620 1960 818 2013 creavit
851 1959 1024 2024 Deus,
1051 1956 1143 2012 sed
1173 1965 1229 2010 ut
1271 1956 1389 2009 aliis
1413 1955 1573 2010 etiam
1595 1954 1795 2008 multis.
1822 1951 2023 2007 Idcirco

445 2051 640 2104 l’aulus
701 2050 956 2120 (Philipp.
987 2048 1042 2102 2.
1093 2049 1180 2116 15)
1231 2047 1410 2100 fideles
1453 2045 1730 2099 luminaria
1770 2043 2020 2112 appellat,

448 2142 571 2196 hinc
600 2142 889 2196 ostendens
913 2155 1007 2195 eos
1028 2140 1238 2196 castoris
1268 2140 1428 2194 etiam
1456 2137 1570 2191 usui
1600 2152 1719 2190 esse
1748 2144 2019 2205 oportere:

446 2234 709 2287 luminare
741 2233 956 2302 quippe,
1010 2231 1262 2301 quamdiu
1310 2231 1544 2298 seipsnm
1587 2237 1790 2281 tantum
1824 2226 2024 2280 illumi-

447 2335 558 2390 nat,
589 2326 848 2378 luminare
885 2323 1123 2392 profecto
1166 2339 1270 2376 non
1297 2331 1399 2377 est.
1429 2322 1713 2390 Propterea
1739 2319 2023 2390 gentilibus

445 2429 659 2484 quoque
707 2414 838 2482 ipsis
883 2413 1178 2467 deteriores
1226 2426 1347 2466 esse
1389 2411 1484 2477 ait,
1539 2410 1629 2479 qui
1661 2409 2021 2480 proximorum

445 2505 670 2558 salutem
717 2504 1065 2572 uegligerent,
1095 2502 1178 2557 his
1213 2502 1394 2556 verbis
1423 2520 1437 2554 :
1478 2501 1540 2556 Si
1567 2501 1678 2570 quis
1705 2511 1872 2552 autent
1901 2514 2020 2550 suo-

445 2611 581 2661 rum,
617 2603 664 2648 et
687 2594 905 2647 maxime
927 2593 1311 2646 domesticorum
1334 2590 1700 2656 providentiam
1731 2605 1828 2641 non
1871 2588 2018 2658 gerit,

445 2688 596 2756 ﬁdem
642 2687 857 2756 negavit,
898 2693 1043 2738 etest
1088 2685 1285 2752 inﬁdeli
1333 2683 1555 2736 deterior
1584 2684 1659 2753 (I.
1690 2681 1820 2735 Tim.
1843 2681 1895 2736 5.
1938 2681 2018 2750 8).

441 2779 581 2847 Quid
609 2779 750 2834 enim
783 2779 884 2833 hoc
912 2779 1028 2832 loco
1056 2776 1399 2848 providentia:
1426 2776 1642 2829 nomine
1669 2775 1749 2829 vis
1771 2774 2024 2842 intelligi?

443 2891 512 2927 an
567 2872 793 2928 fortasse
845 2871 1266 2925 necessariorum
1321 2867 1715 2938 largitionem?
1764 2867 2021 2936 Equidem

443 2975 574 3038 puto
617 2968 789 3034 ipsum
829 2979 1012 3019 rurant
1063 2963 1255 3017 anima:
1302 2960 1620 3029 significare.
1672 2961 1765 3012 Sin
1792 2975 1918 3012 vero
1968 2968 2022 3011 tu

441 3058 802 3121 contradicas,
830 3059 908 3110 sic
933 3069 1146 3125 quoque
1170 3069 1284 3107 mea
1316 3051 1577 3106 sententia
1611 3050 1812 3103 firmior
1840 3063 2021 3103 mane-

445 3151 542 3205 bit.
572 3149 703 3205 Nam
735 3150 778 3202 si
809 3149 876 3203 de
912 3162 1141 3218 corpore
1185 3146 1300 3200 litec
1327 3144 1476 3207 dicit,
1508 3157 1737 3212 eumque
1767 3141 1858 3212 qui
1885 3157 2021 3210 quo-

443 3244 698 3298 tidianum
734 3241 874 3295 hunc
898 3242 1072 3296 cibum
1098 3256 1202 3293 non
1236 3238 1436 3308 praebet
1467 3246 1614 3291 tanto
1639 3237 1898 3306 supplicio
1929 3236 2026 3290 ad-

443 3337 596 3401 dixit,
623 3334 1012 3405 gcntilibusquc
1034 3332 1355 3388 deteriorem
1381 3345 1504 3385 esse
1527 3329 1603 3384 ait
1632 3348 1644 3384 :
1675 3346 1782 3400 quo
1807 3329 2021 3384 tandem

445 3429 498 3480 in
530 3427 644 3480 loco
669 3434 929 3479 statuetur
951 3425 1015 3488 is,
1045 3424 1132 3492 qui
1156 3421 1298 3492 quod
1329 3423 1503 3491 majus
1532 3424 1806 3492 magisque
1838 3435 2024 3476 neces-

441 3501 639 3554 sarium
667 3511 748 3555 est
779 3503 1112 3556 contemnit?

512 3591 564 3644 '5.
611 3591 866 3656 Quantum
901 3593 966 3646 sit
1003 3593 1193 3645 malum
1223 3592 1491 3646 liberorum
1511 3593 1784 3664 neglectus.
1814 3623 1886 3634 —
1914 3595 2024 3664 Age

441 3681 622 3750 itaque
663 3683 1042 3738 ratiocinemur
1077 3683 1145 3738 de
1187 3686 1385 3754 peccati
1423 3687 1590 3739 nostri
1622 3685 1981 3754 magnitudine
2005 3726 2022 3750 ,

440 3790 503 3828 ac
527 3774 776 3844 paulatim
807 3776 1154 3832 ascendentes
1189 3778 1530 3831 ostendanins
1573 3777 1859 3832 maximum
1903 3795 2024 3832 om-

442 3869 588 3922 nium
618 3877 893 3938 peccatum
920 3885 1039 3924 esse
1066 3869 1352 3924 liberorum
1380 3871 1697 3938 neglectum,
1742 3881 1796 3925 et
1835 3871 1899 3924 ad
1941 3872 2022 3940 ip-

442 3975 560 4013 sum
605 3961 824 4015 mal1tia:
872 3961 1076 4031 apicem
1122 3965 1440 4032 pertingere.
1490 3962 1584 4016 Est
1625 3963 1782 4032 igitur
1823 3965 2022 4032 primus

444 4052 682 4116 malitiae,
708 4053 998 4122 iniquitatis
1023 4061 1077 4107 et
1101 4054 1432 4108 crudelitatis
1456 4055 1673 4124 gradus,
1703 4056 1902 4110 amicos
1931 4072 2022 4111 as-

440 4143 650 4211 pernari
695 4160 708 4197 :
738 4144 863 4214 quin
891 4153 947 4198 ut
974 4143 1041 4198 ad
1070 4144 1320 4199 inferiora
1349 4161 1648 4200 sermonem
1674 4149 2019 4215 reducamus;

439 4233 490 4286 id
517 4234 659 4288 enim
688 4235 868 4290 nescio
897 4235 1163 4305 quomodo
1194 4252 1279 4292 me
1318 4252 1454 4306 pene
1496 4237 1728 4308 fugerat;
1760 4240 1905 4309 prior
1937 4241 2018 4294 illa

439 4329 525 4381 lex
553 4326 751 4383 ludatis
769 4328 910 4392 data,
944 4345 1010 4383 ne
1032 4328 1270 4399 jumcnla
1300 4331 1514 4399 quidem
1543 4331 1876 4386 inimicorum
1923 4349 2020 4386 ne-

439 4419 637 4488 gligere
666 4423 944 4489 permittit,
976 4421 1088 4476 sive
1108 4419 1422 4486 deciderint,
1445 4423 1555 4476 sive
1575 4425 1866 4478 erraverint
1890 4443 1904 4487 ;
1928 4425 2019 4480 sed

441 4509 554 4564 lucc
579 4510 789 4578 quidem
817 4509 1090 4572 reducere,
1123 4511 1210 4565 illa
1238 4527 1365 4566 vero
1395 4513 1598 4582 erigere
1623 4514 1793 4581 jubet.
1817 4515 2026 4568 Estita-

438 4615 540 4670 que
571 4601 790 4670 primus,
821 4603 888 4655 ab
919 4603 1111 4656 intimis
1140 4602 1494 4666 ascendendo,
1518 4606 1730 4658 malitia:
1756 4614 1810 4660 et
1833 4606 2022 4661 crude-

439 4692 603 4745 litatis
621 4695 834 4762 gradus,
864 4692 1196 4747 inimicorum
1222 4695 1461 4761 jmnenta
1497 4705 1552 4748 et
1593 4711 1781 4763 pecora
1823 4697 2019 4751 malum

439 4799 688 4854 perpessa
717 4785 982 4854 negligere
1031 4802 1047 4839 :
1083 4786 1346 4840 secundus
1374 4787 1464 4840 illo
1484 4789 1744 4858 superior,
1777 4788 2021 4844 inimicos

439 4881 588 4950 ipsos
609 4881 958 4949 negligentius
981 4895 1171 4936 curare
1196 4899 1208 4933 :
1236 4892 1434 4949 quanto
1468 4883 1610 4936 enim
1652 4881 1810 4936 homo
1851 4881 2022 4939 brutis

438 4980 678 5038 pratstat,
701 4979 850 5024 tanto
881 4980 1153 5041 peccatum
1185 4971 1285 5026 hoc
1324 4971 1495 5039 majus
1529 4971 1638 5025 illo.
1668 4972 1876 5027 Tertius
1912 4983 2018 5042 est,

438 5063 628 5116 fratres
654 5068 948 5130 aspernari.
977 5063 1100 5120 licet
1129 5063 1290 5132 ignoti
1321 5063 1515 5118 fuerint
1545 5082 1558 5119 :
1590 5075 1828 5132 quartus,
1862 5065 2023 5120 fatui-

438 5156 598 5210 liares
623 5170 836 5224 quoque
879 5155 1156 5224 despicere
1197 5172 1209 5208 :
1252 5156 1486 5224 quintus,
1532 5170 1653 5210 cum
1696 5172 1804 5212 non
1847 5158 2018 5211 solum

436 5259 681 5312 corpore,
707 5244 800 5300 scd
827 5245 986 5300 etiam
1013 5245 1186 5298 anima
1209 5260 1391 5299 eorum
1421 5255 1693 5314 pereunte,
1720 5249 2022 5303 contemni-

438 5351 591 5390 mus:
616 5345 818 5403 sextus,
843 5353 963 5393 cum
994 5354 1098 5392 non
1129 5341 1300 5394 solum
1329 5339 1694 5405 familiaribus,
1726 5357 1908 5396 verum
1936 5345 2018 5413 ip-

438 5429 516 5482 sis
541 5443 752 5498 quoque
783 5429 964 5483 liberis
992 5430 1352 5498 pereuntibus,
1374 5431 1716 5501 negligimus:
1737 5434 2016 5504 septimus,

435 5532 558 5571 cum
580 5533 677 5572 nec
701 5519 833 5572 alios
860 5519 946 5588 qui
971 5519 1178 5573 illorum
1205 5534 1386 5574 curam
1418 5521 1612 5576 habere
1639 5525 1842 5592 possint
1868 5541 2025 5595 qucr-

437 5612 648 5665 rimus:
679 5620 919 5676 octavus,
946 5627 1067 5667 cum
1095 5623 1280 5678 cteos,
1318 5612 1410 5680 qui
1445 5613 1498 5667 id
1537 5630 1568 5668 a
1606 5617 1796 5686 seipsis
1842 5615 2021 5674 facere

432 5703 736 5764 instituunt,
767 5718 1010 5759 arcemus
1043 5715 1201 5775 atque
1249 5705 1589 5774 prohibemus
1627 5725 1640 5760 :
1672 5721 1864 5774 nonus,
1895 5725 2016 5764 cum

435 5811 542 5850 non
571 5805 772 5850 tantum
801 5798 916 5852 illos
955 5798 1316 5867 prohibemus,
1347 5798 1440 5853 sed
1479 5814 1847 5870 oppugnamus
1887 5817 2020 5870 quo-

433 5901 556 5956 que.
590 5887 769 5958 Itaque
794 5891 836 5945 si
871 5889 1117 5958 primum,
1146 5889 1434 5946 secundum
1473 5900 1528 5947 et
1559 5891 1766 5948 tertium
1799 5893 2014 5948 malitiae

1186 474 1243 530 S.
1266 471 1548 529 JOANNIS
1588 469 2058 526 (IlIIlYSUSTOIII
2083 469 2397 525 ARCIIIEP.
2428 472 2960 530 CONSTANTINOP.

3607 481 3720 536 ὅθιὲ

2129 582 2286 652 hujus
2313 583 2552 654 gradum.
2587 594 2727 640 tanta
2769 589 3010 656 sequitur
3042 603 3216 657 paena,
3249 604 3296 644 ei
3326 592 3416 660 qui
3446 590 3562 646 illos
3589 612 3719 645 oin-

2128 689 2224 728 nes
2251 685 2484 743 superat,
2514 677 2564 730 in
2591 692 2697 746 quo
2743 691 2837 730 vos
2865 678 3015 742 estis,
3056 695 3246 749 nempe
3284 695 3442 746 nono,
3479 697 3720 752 quantus

2129 765 2262 834 ignis
2290 766 2584 821 destinatus
2611 768 2726 821 est?
2767 769 3035 834 Quininio,
3085 785 3190 824 non
3234 781 3436 826 tantum
3487 791 3718 832 nonum.

2128 872 2226 911 nec
2251 857 2536 922 decimum,
2574 857 2666 911 sed
2697 859 2854 912 etiam
2883 860 3219 914 undecimum
3257 861 3379 930 jure
3418 878 3482 917 ac
3519 867 3725 920 merito

2127 964 2248 1002 eum
2275 949 2932 1018 appellaveris.Curhoc?
2975 952 3108 1020 Quia
3153 967 3258 1006 non
3303 963 3487 1007 natura
3534 955 3718 1008 solum

2129 1039 2231 1094 hoc
2261 1049 2530 1110 peccatum
2556 1057 2712 1110 supra
2741 1044 3045 1096 memoratis
3062 1044 3231 1112 majus
3256 1052 3358 1108 est,
3386 1046 3477 1099 sed
3504 1049 3723 1101 ratione

2130 1135 2383 1202 temporis
2411 1133 2646 1202 gravius.
2678 1132 2813 1200 Quid
2843 1134 2944 1189 sibi
2965 1134 3078 1188 vult
3100 1135 3248 1202 illud,
3277 1137 3483 1192 ratione
3505 1150 3722 1207 tempo-

2129 1223 2202 1277 ris
2222 1227 2246 1275 ‘t
2271 1224 2399 1290 Quia
2429 1223 2581 1278 nobis
2609 1225 2794 1279 eadem
2822 1227 3191 1295 peccantibus,
3222 1243 3340 1298 qua;
3393 1228 3429 1283 ii
3479 1231 3567 1299 qui
3608 1237 3720 1285 sub

2127 1314 2244 1383 lege
2273 1323 2445 1378 erant,
2478 1329 2581 1368 non
2611 1315 2753 1384 paria
2781 1316 3035 1384 supplicia
3086 1315 3366 1384 debentur,
3413 1320 3507 1373 sed
3551 1319 3718 1389 longe

2126 1409 2388 1477 graviora,
2419 1419 2616 1476 quanto
2656 1408 2858 1462 scilicet
2897 1408 3085 1478 majori
3129 1409 3271 1462 dono
3315 1411 3486 1479 potiti,
3529 1411 3714 1480 perfe-

2125 1500 2276 1552 ctiori
2304 1499 2545 1552 doctrina
2577 1499 2783 1562 imbuti,
2816 1498 3002 1568 majori
3048 1499 3248 1554 honore
3282 1501 3455 1556 affecti
3497 1517 3706 1557 sumus.

2125 1591 2256 1646 Cum
2284 1593 2442 1661 igitur
2467 1603 2652 1646 natura
2674 1601 2726 1646 et
2747 1593 2950 1648 ratione
2981 1595 3233 1664 temporis
3263 1594 3364 1650 hoc
3389 1598 3562 1652 scelus
3580 1614 3708 1668 gra-

2126 1682 2400 1736 vissimum
2444 1684 2531 1747 sit,
2561 1683 2838 1737 considera
2867 1693 3114 1752 quantam
3144 1685 3409 1740 ﬂammam
3443 1689 3494 1741 in
3520 1704 3708 1744 eorum

2125 1774 2320 1844 capita,
2349 1773 2435 1842 qui
2461 1773 2511 1827 id
2541 1785 2848 1843 perpetrare
2881 1774 3098 1838 audent,
3147 1775 3380 1831 inducet.
3424 1778 3574 1846 Quod
3615 1795 3712 1834 au-

2127 1875 2232 1920 tem
2261 1882 2364 1919 non
2395 1873 2596 1920 temere
2627 1868 2696 1920 ita
2727 1867 3028 1932 ratiocinor,
3061 1884 3125 1923 ex
3153 1884 3214 1924 re
3253 1869 3366 1938 ipsa
3407 1873 3709 1940 exemplum

2126 1957 2365 2022 atl‘eram,
2399 1965 2457 2010 ut
2485 1958 2683 2021 sciatis,
2713 1960 2921 2014 tametsi
2962 1974 3048 2014 res
3091 1969 3301 2014 nostras
3337 1977 3523 2017 omnes
3561 1975 3710 2018 recte

2128 2049 2488 2115 instituamus,
2511 2049 2555 2102 si
2587 2049 2812 2103 filiorum
2837 2049 3059 2104 salutem
3092 2051 3436 2120 nrgligamus,
3481 2067 3576 2107 nos
3609 2068 3710 2108 ex-

2129 2149 2324 2192 tremas
2373 2138 2593 2194 daturos
2632 2156 2753 2194 esse
2796 2155 2998 2210 pinnas.
3044 2141 3195 2207 Quod
3252 2143 3402 2196 vobis
3449 2144 3710 2198 allaturos

2126 2248 2266 2297 sunt,
2301 2247 2404 2286 non
2435 2247 2499 2286 ex
2533 2234 2736 2301 meipso
2763 2233 2992 2299 profero,
3017 2233 3110 2287 sed
3139 2235 3188 2287 in
3212 2233 3405 2288 divinis
3420 2233 3712 2304 Scripturis

2120 2324 2284 2392 jacet.
2316 2323 2580 2378 Sacerdos
2609 2323 2820 2393 quidam
2848 2325 2983 2392 apud
3009 2323 3222 2378 .Indzeos
3247 2335 3376 2388 erat,
3407 2327 3488 2380 vir
3520 2327 3710 2380 mode-

2127 2423 2276 2470 ratus
2303 2429 2366 2468 ac
2388 2415 2605 2485 probus,
2632 2415 2746 2469 Heli
2778 2417 3012 2470 nomine.
3039 2416 3170 2470 lluic
3200 2415 3306 2470 duo
3330 2426 3483 2471 erant
3513 2417 3664 2471 liberi
3692 2436 3708 2472 :

2127 2521 2260 2576 quos
2289 2521 2410 2560 cum
2432 2506 2634 2560 videret
2674 2505 2740 2560 ad
2777 2508 2904 2560 vilia
2953 2507 3237 2571 declinare,
3289 2523 3395 2562 non
3445 2508 3711 2574 cohibuit,

2127 2612 2233 2650 non
2262 2597 2527 2660 coercuit;
2580 2598 2688 2651 imo
2731 2598 2908 2666 potius
2948 2596 3188 2652 cohibuit
3228 2606 3284 2652 et
3316 2599 3570 2664 coercuit,
3609 2600 3712 2653 sed

2128 2703 2232 2742 non
2261 2699 2456 2757 quanta
2483 2687 2750 2756 diligentia
2778 2697 2830 2741 et
2849 2703 2972 2742 cura
3001 2703 3095 2756 par
3120 2696 3254 2742 erat.
3287 2687 3485 2742 [lorum
3527 2698 3712 2743 autem

2128 2779 2243 2834 11ωο
2267 2787 2418 2832 erant
2442 2778 2684 2838 crimina,
2718 2777 2993 2832 fornicalio
3022 2786 3076 2832 et
3098 2778 3242 2848 gula.
3273 2778 3511 2832 Edebant
3535 2780 3705 2844 enim,

2127 2869 2300 2938 inquit
2325 2868 2400 2938 (1.
2425 2866 2553 2937 Reg.
2583 2867 2636 2920 9...
2665 2869 2777 2936 I6),
2809 2877 3088 2936 antequam
3123 2867 3580 2922 sanctiﬁcarentur
3619 2885 3714 2924 sa-

2126 2979 2232 3016 cra:
2252 2977 2464 3026 carnes,
2494 2971 2543 3015 et
2569 2962 2872 3030 priusquam
2900 2960 3186 3015 oll'errctur
3217 2961 3325 3015 Deo
3364 2962 3709 3016 sacrificium.

2128 3053 2220 3107 llis
2245 3052 2532 3120 compertis
2564 3061 2712 3120 pater
2756 3067 2860 3106 non
2899 3053 3020 3105 illos
3068 3066 3223 3121 pcnna
3269 3051 3561 3118 mulcuivit,
3611 3053 3712 3106 sed

2128 3146 2302 3200 verbis
2327 3155 2381 3198 et
2409 3144 2624 3199 monitis
2654 3143 2721 3197 ab
2756 3143 2855 3197 hac
2885 3143 3115 3213 nequitia
3145 3144 3287 3212 ipsos
3326 3157 3575 3196 revocare
3613 3157 3711 3195 co-

2129 3247 2282 3292 natus
2322 3245 2424 3302 est,
2450 3247 2606 3306 atque
2637 3235 2720 3290 his
2758 3235 3060 3305 frequenter
3081 3235 3255 3289 verbis
3279 3234 3710 3304 eosalloqucba-

2128 3337 2214 3382 tur
2245 3345 2259 3382 :
2290 3327 2485 3392 Nolite,
2509 3328 2625 3395 lilii,
2654 3327 2808 3380 nolite
2835 3327 2906 3380 sic
2927 3329 3094 3399 facere
3115 3341 3133 3379 :
3156 3343 3254 3379 non
3281 3325 3411 3378 bona
3437 3330 3575 3396 fama
3600 3336 3674 3379 est
3692 3368 3708 3389 ,
3793 3320 3799 3329 ’

2125 3435 2276 3488 quam
2297 3434 2387 3488 ego
2415 3419 2567 3470 audio
2597 3421 2658 3469 de
2682 3417 2838 3478 vobis,
2872 3427 2922 3469 ut
2953 3417 3152 3487 faciatis
3183 3417 3426 3484 populum
3459 3433 3558 3469 non
3594 3432 3713 3468 ser-

2129 3508 2232 3557 vire
2252 3503 2489 3558 Domino.
2517 3503 2576 3559 Si
2597 3504 2892 3578 delinquens
2916 3505 3186 3571 peccaverit
3208 3505 3281 3554 vir
3308 3503 3360 3554 in
3387 3517 3569 3566 virum,
3596 3517 3714 3552 ora-

2129 3599 2251 3652 bunt
2280 3614 2371 3666 pro
2400 3598 2490 3651 illo
2525 3596 2835 3662 Dominum;
2864 3598 2943 3649 sin
2970 3607 3138 3648 autem
3167 3593 3384 3646 Domino
3435 3595 3715 3661 peccaverit

2129 3694 2297 3756 homo,
2325 3691 2436 3761 quis
2457 3706 2546 3760 pro
2575 3689 2665 3744 illo
2692 3690 2853 3741 orabit
2879 3688 2958 3758 (I.
2988 3686 3112 3756 Reg.
3137 3686 3190 3738 2.
3221 3685 3350 3756 24)?
3373 3683 3532 3738 Multa
3561 3692 3716 3736 certe

2128 3792 2211 3838 est
2229 3783 2460 3852 gravitas
2477 3797 2540 3837 ac
2565 3781 2862 3836 reverentia
2884 3779 3318 3847 verborum,qu:e
3344 3777 3512 3830 virum
3531 3785 3716 3829 mente

2129 3876 2409 3947 pratditiun
2458 3874 2522 3928 ad
2574 3873 2850 3928 meliorem
2897 3873 3099 3941 frugem
3143 3885 3393 3925 revocare
3435 3877 3650 3938 possent
3691 3885 3708 3922 :

2131 3985 2250 4022 nam
2279 3969 2481 4023 crimen
2512 3966 2684 4030 al‘l‘ert,
2714 3981 2777 4019 ac
2822 3963 3157 4018 tremendum
3198 3976 3316 4016 esse
3357 3961 3709 4022 demonstrat,

2130 4062 2433 4130 iugrueutes
2461 4073 2587 4112 vero
2616 4072 2804 4127 pcenas
2831 4055 3190 4109 intolerabiles
3216 4062 3270 4108 et
3295 4052 3586 4106 horrendas
3607 4051 3712 4105 de-

2134 4153 2358 4206 nuntiat.
2399 4152 2646 4205 Attamen
2683 4149 2805 4218 quia
2847 4145 3098 4217 quidquid
3143 4145 3404 4214 agendum
3448 4155 3562 4198 erat
3600 4157 3708 4196 non

2128 4244 2386 4301 exhibuit.
2418 4243 2529 4311 ipse
2553 4255 2672 4296 cuni
2702 4240 2805 4294 illis
2824 4255 2928 4293 una
2958 4239 3135 4308 periit.
3163 4236 3398 4305 Namque
3421 4237 3587 4289 minas
3609 4234 3710 4288 ad-

2129 4337 2257 4390 dere
2279 4335 2553 4396 debuerat,
2583 4348 2611 4385 a
2640 4342 2928 4401 conspectu
2959 4345 3057 4382 suo
3094 4344 3362 4389 amovere,
3400 4327 3710 4380 verberibus

2129 4427 2409 4496 castigare,
2453 4424 2722 4493 multoque
2769 4424 2871 4478 illis
2917 4423 3132 4492 gravius
3172 4431 3225 4476 ct
3263 4421 3445 4474 durius
3488 4421 3704 4473 instare.

2129 4519 2260 4586 Quia
2289 4518 2446 4588 igitur
2475 4516 2600 4570 nihil
2631 4515 2822 4570 horum
2855 4516 2980 4583 egit,
3008 4514 3170 4566 Deum
3198 4521 3251 4566 et
3279 4511 3376 4564 sibi
3409 4521 3462 4564 et
3491 4511 3589 4564 illis
3609 4510 3711 4564 ini-

2130 4609 2322 4663 micum
2349 4609 2505 4662 fecit:
2539 4615 2698 4677 utque
2726 4605 2846 4660 filiis
2877 4604 3245 4672 intempestive
3273 4610 3532 4672 parceret,
3561 4611 3614 4654 et
3632 4600 3711 4668 ip-

2129 4716 2311 4756 sorum
2333 4709 2390 4754 et
2415 4713 2563 4753 suam
2586 4698 2810 4752 salutem
2831 4696 3029 4750 amisit.
3062 4695 3197 4748 Audi
3229 4709 3356 4764 ergo
3397 4691 3522 4762 quid
3565 4691 3712 4744 dicat

2131 4793 2204 4847 illi
2237 4792 2408 4855 Deus;
2437 4791 2542 4844 imo
2571 4804 2700 4844 vero
2727 4805 2832 4843 non
2859 4788 2968 4857 jam
3019 4788 3114 4848 illi,
3159 4801 3330 4856 neque
3374 4787 3514 4837 enim
3562 4783 3706 4836 illiilli

2130 4897 2390 4952 responso
2419 4881 2634 4950 dignum
2663 4878 3182 4948 ampliusjudicavit,
3213 4875 3304 4930 sed
3337 4885 3601 4943 tamquam
3635 4877 3712 4927 la-

2129 4973 2328 5029 ntulum
2359 4973 2446 5044 qui
2477 4989 2534 5026 se
2559 4974 2791 5042 graviter
2827 4971 3155 5036 offendisset,
3205 4984 3299 5038 per
3341 4968 3502 5020 alium
3542 4982 3708 5020 even—

2130 5076 2244 5121 tura
2269 5065 2366 5135 ipsi
2396 5064 2531 5119 mala
2555 5063 2886 5133 significavit.
2918 5063 3087 5115 Tanta
3136 5072 3261 5113 tunc
3305 5067 3420 5112 erat
3464 5058 3556 5110 Dei
3608 5057 3708 5108 ira.

2129 5156 2264 5210 Audi
2295 5157 2469 5224 itaque
2489 5153 2612 5225 quid
2644 5152 2706 5206 ad
2738 5152 3055 5222 discipulum
3084 5149 3152 5204 de
3175 5149 3423 5218 magistro
3443 5147 3706 5214 loquatur,

2127 5247 2386 5319 siquidem
2407 5246 2743 5314 etdiscipulo
2769 5256 2823 5299 et
2854 5244 3010 5299 alteri
3044 5245 3333 5312 prophetia,
3374 5251 3428 5295 et
3460 5239 3708 5292 omnibus

2128 5343 2324 5412 potius,
2352 5355 2510 5410 quam
2537 5338 2629 5402 illi,
2659 5337 2726 5392 de
2755 5335 2932 5390 futura
2953 5336 3255 5390 calamitate
3290 5334 3407 5401 ejus
3447 5332 3672 5400 loqueha
3695 5359 3708 5370 -

2129 5446 2215 5489 tur
2243 5453 2256 5486 :
2284 5433 2418 5487 adeo
2448 5432 2593 5486 illum
2621 5431 2686 5484 ad
2705 5440 2998 5485 extremum
3026 5427 3386 5482 aversabatur.
3418 5424 3553 5494 Quid
3581 5438 3703 5491 ergo

2129 5526 2298 5596 inquit
2321 5522 2590 5578 Samueli?
2620 5520 2846 5575 Noverat
2879 5518 3019 5590 quod
3047 5517 3420 5571 maledicercnt
3459 5514 3549 5567 lilii
3589 5513 3706 5581 ejus

2131 5616 2260 5676 Deo.
2280 5623 2334 5668 et
2361 5628 2466 5666 non
2494 5611 2885 5671 monel-atcos;
2919 5624 3022 5663 non
3050 5608 3128 5662 sic
3167 5618 3362 5668 tamen,
3404 5620 3525 5659 nam
3560 5612 3705 5657 certe

2129 5716 2426 5772 monuerat,
2457 5704 2549 5760 sed
2581 5703 2717 5758 hanc
2746 5704 2884 5757 Deus
2910 5717 3004 5772 pro
3032 5700 3392 5755 admonitione
3416 5713 3520 5753 non
3549 5711 3702 5751 acce-

2127 5801 2222 5869 pit,
2254 5799 2386 5854 aileo
2415 5797 2558 5853 illam
2589 5795 2941 5866 improbabat,
2973 5793 3114 5864 quod
3146 5793 3474 5848 vehementia
3503 5790 3702 5843 caruis-

2127 5903 2226 5949 set.
2260 5892 2440 5962 Itaque
2475 5892 2519 5947 si
2562 5889 2682 5945 liliis
2727 5889 3120 5960 provideamus,
3162 5887 3254 5943 sed
3305 5900 3409 5941 non
3451 5895 3700 5954 quantum
