4116 6392
247 259 344 313 εει

249 371 556 443 Μονογενὴς
584 371 791 436 διδάξαι
823 371 1164 442 βουλόμενος,
1193 371 1270 435 ὡς
1304 374 1598 440 ἀναγκαῖον
1625 371 1782 426 τοῦτό
1808 375 1924 425 ἐστι

244 463 306 518 τὸ
339 461 588 532 ὸφλημα,
625 461 718 513 καὶ
757 461 881 523 τοὺς
923 459 998 530 μὴ
1047 459 1402 531 βουλομένους
1442 459 1573 513 αῦτὸ
1613 459 1926 513 καταθεῖναι

247 549 461 618 μεγάλα
492 548 765 615 ἐκδέξεται
800 549 976 613 κακὰ,
1017 547 1224 615 ἐλεγενο
1264 549 1362 613 Ὃς
1389 546 1498 601 ἐὰν
1539 547 1925 616 σκανδαλίσῃ

241 640 353 695 ἕνα
373 638 491 692 τῶν
499 638 728 708 μικρῶν
748 638 991 699 τούτων,
1008 635 1301 704 συμφέρει
1323 633 1483 700 αὐτῷ
1504 635 1605 687 ἵνα
1620 634 1926 703 κρεμασθῇ

243 729 436 797 μύλος
467 727 669 789 ὀνικὸς
701 725 833 792 περὶ
867 727 975 776 τίν
1013 724 1320 791 τράχηλον
1353 722 1562 784 αὐτοῦ,
1610 722 1707 774 καὶ
1746 739 1926 775 κατα-

248 813 543 882 ποντισθῇ
584 815 654 867 ἐν
693 811 774 878 τῷ
817 811 1062 880 πελάγει
1099 809 1206 878 τῆς
1252 810 1593 877 θαλάσσης.
1639 812 1746 862 Καὶ
1793 813 1821 863 6
1866 811 1928 862 τὸ

245 905 507 958 τάλαντον
533 902 590 954 δὲ
619 899 1022 972 προσενεγκὼν,
1053 901 1153 969 οὐχ
1172 899 1254 952 ὃτι
1283 898 1389 952 τῶν
1413 899 1629 950 οἰκείων
1651 915 1704 950 τι
1733 900 1926 969 παρεῖσ-

250 996 356 1059 δεν,
381 995 493 1049 ἀλλ’
510 997 591 1048 ὅτι
615 995 712 1062 τῆς
733 992 840 1044 τῶν
872 990 1100 1062 πλησίον
1125 989 1396 1060 σωτηρίας
1421 991 1456 1057 ἡ
1465 987 1719 1059 μέλησεν,
1743 989 1927 1060 ἐκείνῃ

249 1087 313 1155 τῇ
348 1081 587 1153 τιμωρίᾳ
624 1079 929 1142 κολάζεται.
965 1079 1128 1130 Ὥστε
1168 1077 1270 1130 κᾶν
1318 1075 1536 1128 ἅπαντα
1579 1077 1713 1145 ἡμῖν
1746 1075 1927 1138 καλῶς

249 1167 707 1244 ᾖδιηκριϐωμένα
733 1169 798 1220 τά
823 1166 962 1219 κατά
984 1166 1073 1218 τὸν
1101 1165 1369 1235 ἡμέτερον
1395 1164 1532 1233 βίον,
1556 1163 1706 1215 οὐδὲν
1736 1161 1927 1230 ὄφελος

250 1261 400 1328 ἡμῖν,
429 1256 633 1326 ταύτης
657 1255 758 1324 τῆς
781 1254 1056 1325 ἁμαρτίας
1085 1253 1277 1321 ἱκανῆς
1300 1251 1466 1322 οὔσης
1487 1251 1635 1322 ἡμᾶς
1657 1253 1734 1312 εἰς
1755 1249 1816 1301 τὸ
1832 1250 1928 1320 τῆς

248 1347 473 1415 γεέννης
495 1343 889 1398 καταποντίσαι
921 1340 1178 1408 πέλαγος.
1215 1341 1275 1392 Εἰ
1306 1338 1415 1410 γὰρ
1445 1341 1570 1400 τοὺς
1599 1340 1656 1390 ἐν
1688 1339 1799 1400 τοῖς
1826 1354 1930 1389 σω-

253 1435 502 1506 ματικοῖς
525 1433 598 1503 μὴ
626 1430 988 1501 βουληθέντας
1016 1428 1230 1498 βοηθεῖν
1251 1427 1326 1498 τῷ
1344 1427 1572 1497 πλησίον
1588 1425 1762 1487 οὐδεὶς
1783 1425 1930 1490 ἐξαι⁹

254 1505 477 1593 ρήσεται
502 1521 681 1589 λόγος,
701 1518 838 1572 ἀλλά
857 1517 958 1572 κᾶν
985 1515 1286 1588 παρθενίαν
1309 1515 1426 1586 [78]
1447 1513 1748 1584 ἠσκηκότες
1773 1505 1926 1575 ὦσιν,

252 1609 358 1675 ἔξω
401 1626 501 1662 που
540 1609 860 1680 ριφήσονται
897 1604 991 1658 τοῦ
1027 1605 1333 1676 νυμφῶνος·
1371 1604 1399 1654 6
1433 1601 1496 1653 τὸ
1531 1599 1708 1671 πολλῴ
1747 1600 1929 1670 μεῖζον

251 1695 578 1759 ἐκλελοιπὼς
607 1694 807 1766 (πολλῷ
823 1694 931 1765 γάρ
965 1694 1149 1762 μεῖξον
1174 1694 1208 1762 ἡ
1233 1693 1328 1762 τῆς
1357 1690 1534 1759 ψυχῆς
1557 1688 1859 1760 προστασία
1880 1690 1928 1757 ιι)

255 1785 372 1848 πῶς
398 1787 498 1839 οὐκ
538 1785 765 1847 είκότως
798 1783 1015 1837 ἅπαντα
1061 1781 1308 1834 πείσεται
1347 1779 1418 1831 τά
1449 1777 1628 1841 δεινά;
1672 1777 1775 1830 Τὸν
1821 1777 1932 1847 γὰρ

253 1872 538 1944 ἄνθρωπον
577 1873 674 1941 οὐχ
705 1870 883 1939 ἐαυτῷ
923 1869 1080 1939 μόνον
1119 1867 1414 1937 αὐταρκεῖν
1459 1863 1863 1919 κατεσκεύασεν
1904 1865 1934 1916 6

255 1959 410 2022 Θεὸς,
445 1957 581 2012 ἀλλά
608 1959 703 2012 καὶ
726 1958 931 2027 ἐτέροις
958 1955 1192 2016 πολλοῖς.
1218 1953 1316 2005 Διά
1337 1951 1495 2005 τοῦτο
1523 1951 1618 2005 καὶ
1639 1949 1933 2020 φωστῆρας

255 2049 284 2100 6
316 2046 524 2109 Παῦλος
546 2046 699 2099 καλεῖ
727 2045 852 2107 τοῦς
881 2043 1128 2106 πιστοὺς,
1157 2039 1569 2110 ἐνδεικνύμενος
1590 2039 1673 2092 ὅτι
1698 2038 1792 2092 καὶ
1817 2038 1930 2090 ἐτέ-

259 2151 372 2205 ροις
403 2132 706 2205 χρησίμους
736 2127 873 2184 εἶναι
902 2132 982 2184 δεῖ
1016 2128 1214 2192 αὐτούς
1241 2129 1299 2168 δ’
1342 2131 1371 2182 6
1407 2126 1514 2200 γὰρ
1547 2126 1791 2197 φωστὴρ,
1829 2125 1935 2189 ἐως

256 2223 320 2275 ἂν
347 2221 535 2274 ἐαυτὸν
559 2219 767 2290 φωτίζῃ
794 2219 974 2290 μόνον,
1008 2219 1108 2271 οῦκ
1139 2217 1205 2270 ἂν
1237 2217 1323 2287 εἴη
1352 2217 1599 2286 φωστὴρ.
1633 2215 1732 2268 Διά
1755 2214 1932 2278 τοῦτο,

259 2312 352 2362 καὶ
380 2309 645 2379 Ἑλλήνων
674 2304 811 2361 εἶναι
837 2308 1054 2377 χείρους
1085 2306 1219 2377 φησὶ
1248 2307 1375 2368 τοὺς
1406 2304 1514 2357 τῶν
1541 2303 1768 2375 πλησίον
1795 2305 1933 2373 ἀμε-

258 2399 502 2462 λοῦντας,
537 2396 736 2450 οὑτωσὶ
763 2397 935 2465 λέγων
954 2412 966 2425 ·
999 2397 1067 2448 Εί
1093 2395 1160 2447 δέ
1188 2412 1280 2460 τις
1308 2392 1428 2446 τῶν
1464 2393 1652 2459 ίδίων,
1683 2393 1782 2446 καὶ
1817 2392 1935 2463 μά-

257 2491 439 2541 λιστα
475 2484 594 2539 τῶν
625 2485 861 2538 οἰκείων
889 2486 961 2537 οὺ
988 2482 1248 2550 προνοεῖ,
1284 2481 1401 2549 τὴν
1429 2482 1642 2536 πίστιν
1662 2480 1932 2549 ἤρνηται,

261 2574 356 2628 καὶ
387 2575 557 2627 ἔστιν
580 2572 841 2625 ἀπίστου
863 2570 1098 2640 χείρων.
1131 2568 1195 2620 Τί
1218 2567 1326 2640 γὰρ
1349 2566 1528 2638 βούλει
1549 2569 1648 2638 τὴν
1680 2567 1936 2639 πρόνοιαν

259 2659 492 2713 ἐνταῦθα
527 2657 844 2726 δηλοῦτθαι;
877 2654 986 2728 ἆρα
1012 2655 1108 2726 τὴν
1139 2655 1249 2708 τῶν
1288 2655 1606 2722 ἀναγκαίων
1636 2653 1935 2726 χορηγίαν;

272 2745 412 2814 Ἐγὼ
451 2746 548 2815 μὲν
587 2744 695 2814 γὰρ
737 2743 898 2796 αὑτὸν
938 2737 1092 2812 οἶμαι
1133 2743 1230 2812 τὴν
1271 2742 1372 2812 τῆς
1405 2742 1582 2812 ψυχῆς
1619 2741 1938 2811 ἐπιμέλειαν

260 2832 458 2898 λέγειν.
496 2833 558 2885 Εἰ
593 2832 650 2884 δὲ
690 2830 1071 2900 φιλονεικοίης,
1110 2831 1202 2882 καὶ
1235 2827 1380 2881 οὕτω
1418 2829 1479 2881 τὸ
1518 2828 1650 2898 ἐμὸν
1683 2830 1938 2899 στήσεται

264 2919 484 2990 μᾶλλον.
517 2920 580 2973 Εἰ
619 2917 728 2990 γὰρ
759 2919 888 2988 περὶ
931 2917 1182 2987 σώματος
1207 2915 1384 2969 ταῦτά
1423 2931 1578 2986 φησι,
1615 2915 1711 2968 καὶ
1741 2916 1832 2968 τὸν
1864 2914 1940 2986 μὴ

265 3008 570 3078 παρέχοντα
593 3009 691 3076 τὴν
721 3007 994 3076 ἐφήμερον
1009 3005 1214 3076 ταύτην
1237 3005 1441 3077 τροφὴν
1459 3005 1698 3078 τοσαύτῃ
1719 3005 1939 3057 κολάσει

264 3095 577 3165 παρέδωκε,
613 3094 844 3146 καὶτῶν
889 3092 1162 3164 Ἑλλήνων
1199 3092 1400 3164 ἔφησεν
1438 3089 1578 3146 εἶναι
1608 3094 1794 3165 χείρω,
1837 3093 1939 3147 ποῦ

266 3184 506 3238 κείσεται
535 3185 566 3236 6
594 3182 656 3236 τὸ
687 3183 870 3254 μεῖζον
898 3184 991 3234 καὶ
1019 3180 1442 3250 ἀναγκαιότερον
1473 3182 1763 3253 παρορῶν;

336 3275 406 3340 γ’.
420 3270 557 3341 Φέρε
584 3265 676 3323 οὖν
711 3270 869 3322 συλλο
881 3268 1169 3340 γισώμεθα
1183 3269 1366 3322 λοιπὸν
1384 3269 1478 3340 τῆς
1497 3269 1771 3340 ἁμαρτίας
1787 3269 1942 3340 ἡμῶν

264 3358 325 3412 τὸ
371 3358 618 3430 μέγεθος,
664 3359 758 3412 καὶ
799 3357 942 3411 κατὰ
981 3357 1176 3428 μικρὸν
1217 3356 1634 3420 ἀναϐαίνοντες,
1679 3356 1943 3426 δείξωμεν

265 3447 345 3498 ὅτι
394 3446 609 3498 πάντων
655 3444 913 3519 ἐπέκεινα
952 3444 1061 3497 τῶν
1102 3444 1520 3514 ἁμαρτημάτων
1555 3445 1700 3496 ἐστὶν
1745 3446 1779 3514 ή
1816 3447 1942 3516 περὶ

264 3532 390 3596 τοῦς
413 3533 605 3596 παῖδας
629 3531 909 3602 ὀλιγωρία,
937 3531 1032 3584 καὶ
1055 3531 1192 3602 πρὸς
1216 3530 1384 3600 αὐτὴν
1409 3531 1536 3600 ἣκει
1557 3531 1655 3600 τῆς
1677 3531 1944 3602 πονηρίας

264 3621 362 3690 τὴν
395 3621 659 3693 κορυφήν.
693 3621 848 3672 Ἔστι
877 3619 1055 3672 τοίνυν
1082 3617 1298 3688 πρῶτος
1326 3619 1526 3682 κακίας
1553 3619 1650 3671 καὶ
1679 3619 1943 3690 πονηρίας

269 3707 475 3777 βαθμὸς
508 3709 602 3761 καὶ
633 3706 917 3777 ὠμότητος
943 3705 1003 3758 τὸ
1041 3707 1166 3768 τοῦς
1206 3705 1392 3774 φίλους
1426 3707 1708 3777 περιορᾷν·
1745 3706 1945 3777 μᾶλλον

268 3795 327 3847 δέ
365 3795 662 3865 κατωτέρω
707 3794 796 3846 τὸν
825 3794 980 3860 λόγον
1019 3792 1340 3863 ἀγάγωμεν
1371 3792 1530 3845 τοῦτο
1563 3794 1672 3864 γάρ
1715 3795 1816 3847 οὐκ
1848 3790 1942 3846 οἷδ’

273 3884 420 3946 ὅπως
454 3881 650 3952 μικροῦ
688 3881 798 3934 δεῖν
828 3898 895 3952 με
929 3879 1256 3952 παρέλαθεν,
1289 3881 1372 3934 ὃτι
1406 3884 1434 3934 6
1462 3881 1727 3953 πρότερος
1759 3883 1941 3952 νόμος,

270 3972 300 4022 6
327 3971 437 4032 τοῖς
481 3970 754 4032 Ἰουδαίοις
783 3968 977 4032 δοθεὶς,
1007 3969 1129 4022 οὐδὲ
1179 3968 1246 4022 τά
1283 3968 1554 4036 ὑποζύγια
1586 3969 1694 4022 τῶν
1735 3969 1945 4040 ἐχθρῶν

271 4057 465 4127 ἀφίησι
487 4061 752 4128 παρορᾷν,
773 4056 895 4110 οὔτε
917 4057 1264 4120 πεπτωκότα,
1285 4056 1411 4110 οὕτε
1436 4057 1787 4128 πλανώμενα,
1811 4057 1948 4110 ἀλλά

271 4143 340 4196 τά
369 4143 466 4213 μὲν
494 4145 781 4214 ὁδηγῆσαι,
812 4144 879 4197 τά
905 4144 961 4196 δὲ
995 4144 1447 4216 συνδιαναστῆσαι
1486 4144 1716 4198 κελεύει.
1763 4145 1945 4197 Ἔστιν

274 4227 367 4284 οὖν
394 4231 610 4300 πρῶτος
644 4233 740 4303 μὲν
767 4232 1013 4286 κάτωθεν
1046 4233 1353 4286 ἀναϐαίνων
1381 4235 1580 4298 κακίας
1606 4235 1700 4286 καὶ
1727 4234 1946 4304 ὠμότη-

272 4337 365 4383 τος
396 4318 623 4390 βαθμὸς,
650 4321 711 4373 τὸ
747 4321 814 4374 τά
837 4321 945 4374 τῶν
975 4321 1184 4392 ἐχθρῶν
1215 4324 1386 4393 κτήνη
1418 4323 1512 4376 καὶ
1533 4322 1825 4394 θρέμματα
1845 4341 1947 4378 κα-

275 4407 386 4471 κῶς
422 4411 700 4478 πάσχοντα
741 4409 1140 4481 παρατρέχειν·
1188 4409 1438 4482 δεύτερος
1483 4411 1543 4465 δέ
1581 4414 1699 4482 μετ’
1743 4415 1948 4465 ἐκεῖνον

274 4495 563 4566 ἀνώτερος,
601 4495 662 4548 τὸ
699 4495 807 4549 τῶν
852 4497 1062 4569 ἐχθρῶν
1101 4498 1345 4568 ἀμελεῖν
1378 4499 1489 4569 ὅσῳ
1523 4500 1633 4571 γάρ
1665 4499 1949 4570 ἄνθρωπος

273 4582 471 4650 ἀλόγου
517 4581 861 4654 τιμιώτερος,
916 4583 1156 4654 τοσούτῳ
1215 4585 1417 4655 μείζων
1467 4585 1682 4657 ἐκείνης
1725 4585 1863 4658 αὕτη
1913 4590 1945 4657 ή

274 4669 540 4740 ἁμαρτία·
564 4671 744 4742 τρίτος
773 4671 830 4724 δέ
867 4672 1007 4743 μετά
1031 4671 1242 4736 τοῦτον,
1271 4672 1332 4725 τὸ
1354 4673 1462 4726 τῶν
1495 4673 1740 4742 ἀδελφῶν
1779 4691 1948 4728 κατα-

277 4761 512 4828 φρονεῖν,
562 4758 671 4838 κάν.
729 4760 972 4826 ἀγνῶτες
1015 4760 1164 4824 ὄντες
1199 4762 1530 4832 τυγχάνωσι·
1576 4762 1858 4833 τέταρτος,
1890 4764 1951 4817 τὸ

275 4847 402 4907 τοὺς
437 4845 670 4910 οἰκείους
698 4849 980 4919 περιορᾷνο
1014 4850 1286 4918 πέμπτος,
1315 4850 1443 4902 ὅταν
1472 4848 1549 4920 μὴ
1574 4849 1824 4921 σώματος
1856 4852 1950 4904 αῦ-

276 4935 390 4996 τοῖς
414 4933 592 5003 μόνον,
615 4934 752 4988 ἀλλά
775 4937 867 4989 καὶ
887 4936 986 5006 τῆς
1002 4936 1179 5007 ψυχῆς
1204 4936 1406 4991 ἀπολλυ
1415 4937 1581 5008 μένης
1601 4941 1950 5011 καταφρονῶο

280 5037 400 5089 μεν·
425 5021 603 5086 ἕκτος,
629 5023 756 5076 ὅταν
797 5024 872 5095 μὴ
908 5023 1016 5076 τῶν
1049 5025 1288 5091 οίκείων,
1315 5024 1452 5079 ἀλλά
1484 5027 1580 5079 καὶ
1607 5025 1715 5079 τῶν
1746 5028 1951 5082 παίδων

279 5111 410 5180 ημῖν
445 5110 908 5182 διαφθειρομένων
946 5111 1319 5183 ὀλιγωρῶμεν·
1364 5112 1611 5183 ἕϐδομος,
1652 5115 1782 5168 ὅταν
1816 5119 1952 5187 μηδὲ

279 5196 498 5270 ἐτέρους
521 5201 643 5262 τοὺς
674 5200 1101 5271 ἐπιμελομένους
1128 5201 1382 5272 ζητῶμεν
1406 5212 1452 5240 ε’
1478 5201 1682 5270 ὄγδοος,
1706 5205 1832 5258 ὅταν
1860 5208 1952 5260 καὶ

279 5285 369 5353 ἀφ’
391 5287 600 5340 ἐαυτῶν
627 5287 784 5341 τοῦτο
805 5288 1161 5360 βουλομένους
1187 5291 1362 5342 ποιεῖν
1395 5289 1693 5362 κωλύωμεν
1725 5294 1820 5346 καὶ
1846 5295 1952 5346 ἀπ-

281 5374 574 5444 είργωμεν⁹
613 5374 852 5440 ἓννατος,
891 5377 1020 5432 ὅταν
1053 5377 1127 5448 μὴ
1156 5377 1455 5448 κωλύωμεν
1479 5379 1659 5447 μόνον,
1692 5379 1829 5434 ἀλλά
1860 5384 1950 5435 καὶ

281 5460 626 5532 πολεμῶμεν.
662 5465 823 5518 Ὥστε
852 5467 900 5519 εί
925 5465 1004 5536 τῷ
1031 5465 1232 5538 πρώτῳ
1253 5467 1348 5521 καὶ
1379 5467 1459 5538 τῷ
1484 5469 1720 5540 δευτέρῳ
1754 5471 1848 5524 καὶ
1874 5469 1952 5541 τῷ

345 5565 503 5642 “9:170
525 5581 638 5640 mss:
720 5570 775 5642 τρ
796 5572 958 5642 πολλῷ
979 5571 1209 5642 ,μεῖζονλ
1223 5577 1306 5630 τῆς
1325 5576 1478 5642 ψ’έχῆς
1497 5575 1786 5638 προστασία,
1812 5576 1951 5637 lapsu

282 5627 516 5705 διέρεξίρο
533 5627 1058 5705 orn‘issisjglefpdsi'lis
1085 5635 1156 5705 ,δι’
1185 5627 1560 5705 ὁμοιοτέλέυτον.

345 5686 375 5726 δ
402 5686 555 5753 [idem
571 5690 692 5753 ,εἶναι
715 5693 782 5741 δεῖ
805 5686 913 5749 τοὺς
929 5695 1144 5753 πιστούς,
1167 5686 1328 5745 minus
1349 5707 1502 5747 recte.

347 5754 370 5780 °
396 5751 784 5826 fiuvilxin‘lexlgl
813 5751 1174 5826 ἐπιμελομένους
1207 5759 1436 5826 ζητῶμεν,
1471 5762 1540 5826 in_
1568 5773 1720 5820 marg.
1750 5762 1946 5808 σκοπῶ-

237 5855 240 5858 ,
285 5827 383 5871 μιν.
410 5811 1259 5885 δίοποι.,ἐπιμελουμένουςίζητῶμενξ
1289 5811 1434 5885 phué
1453 5821 1559 5872 cod.
1591 5811 1949 5885 ἐπιμελομένους

285 5876 566 5933 ποιῶμαι,
578 5875 721 5931 Alius
743 5875 1130 5941 ἐπιμελουμένους
1152 5875 1422 5944 σκοπῶμεν.

1051 255 1418 312 ADVERSUS
1456 255 2018 315 OPPUGNATORES
2049 251 2244 312 ’ΥΙΤΑΞ
2285 254 2590 312 ΜΟΝΑδΤ.
2631 254 2758 310 LIB.
2800 253 2884 310 III.

3600 252 3708 311 552

2026 374 2193 442 τρίτῳ
2208 372 2305 442 τῆς
2328 372 2525 433 κακίας
2548 370 2752 436 ταύτης
2776 369 2968 440 βαομῷ
2991 369 3226 440 τοσαύτη
3251 371 3473 436 κόλασις
3489 370 3707 439 ἕπεται,

2027 460 2104 530 τῷ
2130 463 2333 524 πάντας
2363 461 2722 531 ἁναϐεϐηκότι
2751 459 2974 523 τούτους
2994 499 3008 520 .
3038 460 3213 531 τούτῳ
3235 461 3299 531 δὴ
3327 461 3404 532 τῷ
3429 461 3707 532 ὑμετέρῳ,

2029 550 2194 602 πόσον
2232 551 2418 618 ἕψεται
2461 549 2572 619 πῦρ
2611 549 2819 618 ἐννάτῳ
2855 547 2882 586 ά
2938 549 3054 618 μετ’
3103 549 3307 600 ἐκεῖνον
3345 549 3704 619 τυγχάνοντι;

2033 636 2232 706 μᾶλλον
2275 638 2331 690 δέ
2368 638 2469 690 οὐκ
2512 636 2728 690 ἔννατον
2773 634 2952 704 μόνον,
2985 634 3106 688 οῦδέ
3145 635 3390 698 δέκατον,
3433 636 3570 690 ἀλλά
3611 638 3710 692 καὶ

2029 724 2312 776 ἑνδέκατον
2334 724 2434 777 οῦκ
2460 723 2530 777 άν
2551 741 2632 786 τις
2659 724 2893 794 ἁμάρτοι
2917 724 3104 776 τοῦτον
3129 724 3461 791 προσειπών.
3493 723 3609 797 [79]
3639 726 3708 778 Τί

2028 811 2256 881 δήποτ;;
2293 813 2416 864 Ὅτι
2463 812 2522 863 οὐ
2563 813 2628 881 τῇ
2663 810 2820 878 φύσει
2866 810 3046 880 πολλῷ
3081 813 3263 881 μεῖζον
3301 811 3363 864 τὸ
3401 812 3709 883 ἁμάρτημα.

2028 900 2136 952 τῶν
2177 901 2678 972 προηριθμημένων
2732 898 2848 950 ἐστὶ
2905 898 3084 968 μόνον,
3138 898 3274 950 ἀλλά
3322 899 3415 952 καὶ
3448 899 3556 952 ἀπὸ
3608 901 3709 955 τοῦ

2030 987 2221 1058 χρόνου
2249 986 2624 1057 χαλεπώτερον
2653 998 2696 1040 θ.
2733 987 2797 1038 Τί
2822 985 2878 1038 δέ
2909 985 3065 1038 τοῦτό
3092 988 3206 1038 ἐστι
3236 987 3297 1039 τὸ
3327 987 3434 1039 ἀπὸ
3457 985 3552 1040 τοῦ
3579 989 3713 1059 χρόαι

2028 1092 2120 1126 νου
2137 1092 2151 1139 ;
2182 1074 2303 1126 Ὅτι
2326 1075 2393 1127 τά
2410 1073 2550 1126 αὐτὰ
2571 1073 2974 1144 ἁμαρτάνουσιν
2997 1074 3128 1143 ἡμῖν
3146 1073 3239 1125 νῦν
3256 1077 3366 1137 τοῖς
3384 1075 3442 1126 ἐν
3459 1074 3538 1146 τῷ
3555 1076 3713 1147 νόμῳ

2029 1161 2089 1214 οῦ
2117 1161 2185 1216 τὰ
2215 1162 2354 1214 αῦτά
2380 1161 2620 1214 κείσεται
2651 1161 3066 1232 βασανιστήρια,
3097 1161 3234 1214 ἀλλά
3253 1161 3433 1233 πολλῷ
3458 1162 3710 1234 χαλεπώ-

2028 1265 2181 1318 τερα,
2207 1249 2316 1317 ὄσῳ
2340 1249 2432 1301 καὶ
2452 1247 2695 1318 μείζονος
2717 1247 3117 1320 ἀπηλαύσαμεν
3137 1249 3369 1320 δωρεᾶς,
3390 1251 3481 1303 καὶ
3505 1250 3714 1304 τελειο·

2029 1337 2193 1402 τέρας
2233 1335 2585 1399 διδασκαλίας
2619 1335 2976 1407 μετέσχομεν,
3011 1337 3107 1388 καὶ
3135 1336 3338 1390 πλείονι
3367 1337 3717 1410 τετιμήμεθα

2029 1426 2186 1494 τιμῇ.
2239 1424 2402 1476 Ὅταν
2430 1419 2522 1476 οῦν
2559 1425 2652 1477 καὶ
2698 1427 2764 1495 τῇ
2810 1426 2988 1494 φύσει,
3035 1425 3128 1477 καὶ
3157 1425 3232 1494 τῷ
3271 1427 3448 1496 χρόνῳ
3480 1427 3710 1497 σφοδρὸν

2030 1510 2170 1563 οὕτω
2199 1511 2258 1563 τὸ
2299 1511 2602 1581 ἁμάρτημα
2637 1512 2854 1582 γίνηται
2893 1511 3071 1572 τοῦτο,
3115 1512 3366 1582 ἐννόησον
3402 1513 3534 1583 ὅσην
3572 1513 3710 1565 οἴσει

2029 1598 2127 1669 τὴν
2162 1599 2334 1668 φλόγα
2375 1601 2466 1652 ἐπὶ
2492 1599 2590 1670 τὴν
2633 1599 2740 1652 τῶν
2772 1597 3094 1669 τολμώντων
3135 1599 3266 1652 αὐτὸ
3307 1599 3568 1670 κεφαλήν.
3603 1599 3714 1652 Καὶ

2029 1686 2112 1739 ὅτι
2168 1687 2266 1756 οὐχ
2307 1685 2495 1749 ἁπλῶς
2539 1685 2712 1740 ταῦτα
2753 1684 3220 1758 (συλλογίζομαι,
3273 1687 3366 1740 καὶ
3409 1688 3503 1740 ἀπ’
3544 1686 3713 1740 αὑτοῦ

1983 1817 1992 1828 .
2031 1773 2125 1826 τοῦ
2177 1774 2502 1845 πράγματος
2539 1774 2792 1838 ἐπιδείξω
2825 1775 2984 1828 τοῦτο
3014 1775 3248 1846 συμϐὰν,
3286 1777 3351 1829 ἵν’
3386 1775 3564 1845 εἰδῆτε
3597 1775 3720 1841 ὅτι,

2033 1863 2138 1916 κᾶν
2175 1862 2248 1915 τά
2290 1862 2534 1932 ἡμέτερα
2571 1864 2704 1932 ἡμῖν
2736 1857 3016 1937 ἅπανταῇ
3066 1862 3401 1934 διῳκημένα.
3433 1863 3532 1934 τῆς
3581 1863 3716 1931 γοῦν

2033 1949 2141 2002 τῶν
2183 1950 2386 2003 παίδων
2436 1949 2766 2020 ἀμελοῦντες
2797 1951 3096 2021 σωτηρίας,
3144 1950 3242 2021 τὴν
3283 1950 3520 2022 ἐσχάτην
3564 1951 3716 2004 τίσι-

2037 2054 2136 2107 μεν
2203 2038 2378 2108 δίκην.
2458 2037 2602 2108 Ἐρῶ
2661 2037 2718 2089 δὲ
2789 2038 2917 2106 ὑμῖν
2983 2054 3106 2090 τινα
3159 2037 3316 2106 λόγον
3389 2039 3490 2090 οῦκ
3545 2039 3716 2108 ἐμὸν,

2034 2124 2150 2177 ἀλλ’
2188 2125 2247 2177 ἐν
2287 2128 2405 2187 ταῖς
2445 2124 2615 2188 θείαις
2659 2123 2910 2195 κείμενον
2954 2126 3221 2196 Γραφαῖς·
3284 2125 3487 2196 Ἱερεύς
3536 2142 3619 2190 τις
3647 2121 3718 2196 ἦν

2036 2211 2188 2283 παρά
2219 2213 2330 2272 τοῖς
2370 2211 2666 2276 Ἰουδαίοις,
2714 2212 2937 2282 μέτριος
2975 2213 3264 2283 ἄνθρωπος
3303 2214 3396 2266 καὶ
3443 2213 3716 2284 ἐπιεικὴς,

2048 2300 2196 2353 Ἠλεὶ
2222 2301 2396 2370 τούτῳ
2425 2301 2592 2370 ὄνομα
2615 2296 2702 2370 ἦν,
2724 2294 2892 2364 Οὗτος
2917 2301 2945 2352 6
2982 2301 3130 2354 Ἠλεὶ
3162 2301 3372 2370 γίνεται
3397 2301 3492 2356 δύο
3511 2303 3724 2356 παίδων

2037 2388 2240 2458 πατήρ·
2277 2388 2371 2440 καὶ
2397 2386 2540 2458 ὁρῶν
2575 2388 2770 2452 αὐτοὺς
2798 2389 2892 2441 ἐπὶ
2929 2388 3130 2440 κακίαν
3164 2387 3480 2456 βαδίζοντας
3499 2389 3558 2440 ού
3591 2405 3723 2440 κατρ

2035 2477 2182 2546 εἶχεν
2215 2476 2337 2528 οῦδέ
2366 2475 2590 2528 ἐκώλυε·
2620 2475 2820 2546 μᾶλλον
2842 2475 2899 2528 δὲ
2920 2478 3139 2546 κατεῖχε
3175 2477 3272 2546 μὲν
3293 2477 3386 2528 καὶ
3410 2473 3637 2540 ἐκώλυε,
3656 2477 3728 2530 ού..

2040 2564 2176 2634 μετὰ
2207 2563 2388 2630 πάσης
2411 2564 2467 2616 δὲ
2505 2562 2662 2616 τοῦτο
2692 2565 2867 2616 ἐποίει
2893 2564 3152 2634 σπουδῆς.
3197 2565 3278 2618 Τά
3309 2564 3631 2635 ἐγκλήματα
3660 2564 3727 2618 δέ

2035 2650 2145 2702 τῶν
2174 2650 2380 2704 παίδων
2431 2650 2634 2704 τούτων
2677 2647 2744 2722 ἦν
2785 2651 3005 2723 πορνεία
3047 2668 3106 2704 τε
3146 2652 3241 2705 καὶ
3283 2653 3722 2723 γαστριμαργία.

2041 2736 2266 2790 Ἥσθιον
2283 2738 2410 2808 γάρ,
2430 2756 2502 2808 φη
2512 2740 2582 2799 σἰ,
2608 2738 2712 2807 πρὸ
2727 2738 2820 2790 τοῦ
2839 2737 3349 2806 καθαγιασθῆναιτά
3370 2739 3585 2810 κρέατά
3603 2741 3645 2791 ίε
3656 2739 3734 2810 ρὰ.

2038 2826 2133 2878 καὶ
2158 2827 2256 2896 τὴν
2290 2826 2479 2879 θυσίαν
2502 2827 2853 2897 ἀνενεχθῆναι
2879 2827 2956 2898 τῷ
2982 2826 3102 2898 Θεῷ
3119 2867 3131 2881 .
3157 2827 3346 2880 Ταῦτα
3373 2827 3430 2880 δέ
3454 2827 3670 2880 ἀκούων
3695 2829 3735 2880 ὁ,

2040 2916 2244 2989 πατὴρ,
2282 2918 2554 2988 τιμωρίαν
2589 2919 2688 2988 μὲν
2713 2919 2814 2970 οῦκ
2844 2918 3108 2987 ἐπέθηκε,
3135 2918 3280 2988 λόγῳ
3303 2918 3361 2971 δὲ
3388 2919 3482 2971 καὶ
3519 2933 3724 2988 παραι-

2039 3007 2188 3058 νέσει
2219 3008 2479 3078 ἐπειρᾶτο
2494 3007 2592 3078 τῆς
2622 3008 2887 3076 πονηρίας
2908 3007 3114 3076 ταύτης
3140 3008 3374 3075 ἁπάγειν
3395 3007 3613 3069 αὐτοὺς,
3629 3007 3730 3060 καὶ

2040 3094 2265 3148 τοιαῦτα
2291 3094 2529 3165 συνεχῶς
2563 3095 2698 3165 πρὸς
2727 3095 2924 3157 αὐτοὺς
2939 3094 3092 3163 ἔλεγε
3116 3096 3182 3165 ρή
3194 3111 3360 3164 ματα·
3390 3093 3486 3161 Μὴ
3518 3092 3722 3157 τέκνα,

2034 3180 2120 3249 μὴ
2143 3182 2361 3235 ποιεῖτε
2379 3181 2587 3246 οὕτως,
2611 3181 2701 3235 ὅτι
2718 3184 2828 3235 οὐκ
2844 3181 3038 3250 ἀγαθὴ
3055 3184 3091 3249 ἠ
3114 3181 3289 3248 ἀκοὴ,
3308 3179 3511 3250 ἣνέγὼ
3525 3181 3732 3235 ἁκούω-

2041 3273 2173 3342 περὶ
2198 3269 2365 3340 ὑμῶν
2383 3272 2488 3326 τοῦ
2509 3271 2704 3325 ποιεῖν
2722 3271 2829 3325 τὸν
2856 3274 3012 3325 λαὸν
3040 3271 3126 3340 μὴ
3163 3271 3476 3339 λατρεύειν
3499 3267 3580 3334 τῷ
3609 3273 3728 3324 Κυο

2033 3361 2163 3428 ρίῳ.
2183 3360 2324 3412 Ἐὰν
2345 3358 2624 3428 ἁμαρτὼν
2654 3358 2886 3428 ἁμάρτῃ
2916 3357 3071 3426 ἀνὴρ
3115 3360 3202 3423 είς
3222 3357 3430 3426 ἄνδρα,
3463 3357 3726 3424 προσεύ-

2043 3447 2250 3511 ξονται
2285 3447 2416 3513 περὶ
2459 3445 2647 3500 αὑτοῦ
2696 3445 2846 3514 πρὸς
2899 3447 3137 3512 Κύριονο
3187 3445 3297 3498 ἐὰν
3324 3443 3392 3496 δὲ
3424 3441 3503 3508 τῷ
3529 3444 3728 3511 Κυρίῳ

2042 3536 2272 3607 ἁμάρτῃ
2298 3537 2629 3606 ἅνθρωπος,
2654 3537 2744 3602 τίς
2765 3536 3163 3604 προσεύξεται
3192 3533 3325 3602 περὶ
3345 3531 3532 3588 αὑτοῦ
3549 3533 3728 3597 ;’Καί-

2041 3641 2125 3678 τοι
2157 3624 2324 3694 πολλὴ
2352 3625 2385 3694 ἡ
2417 3623 2527 3676 τῶν
2553 3623 2812 3694 ῥημάτων
2843 3621 3107 3692 βαρύτης,
3145 3621 3241 3674 καὶ
3273 3622 3305 3691 ἡ
3335 3621 3592 3691 ἐντροπὴ,
3630 3621 3728 3674 καὶ

2042 3713 2134 3767 τὸν
2157 3713 2280 3766 νοῦν
2297 3712 2490 3782 ἔχοντα
2508 3712 2666 3781 ἱκανὴ
2687 3711 3122 3782 ἀνακτήσασθαι’
3140 3709 3202 3762 τό
3214 3727 3272 3761 τε
3288 3708 3396 3780 γὰρ
3420 3709 3727 3780 ἁμάρτημα

2045 3801 2242 3873 ἐπῆρε,
2281 3801 2377 3855 καί
2402 3799 2630 3871 φοϐερὸν
2660 3797 2860 3864 ἔδειξε,
2901 3799 3001 3868 τήν
3057 3814 3116 3850 τε
3170 3797 3530 3867 ἐπικειμένην
3568 3796 3729 3866 δίκην

2045 3891 2314 3962 ἀφόρητον
2329 3889 2576 3958 ἀπέφηνε
2603 3889 2690 3942 καὶ
2711 3889 2964 3960 φρικτήν·
2986 3886 3102 3940 ἀλλ’
3129 3888 3279 3958 ὅμως
3306 3887 3493 3955 ἐπειδὴ
3525 3885 3600 3957 μὴ
3619 3890 3728 3940 πᾶν

2045 3975 2167 4028 ὅσον
2186 3973 2350 4044 ἐχρῆν
2373 3972 2705 4037 ἐπεδείξατο,
2736 3973 2830 4024 καὶ
2848 3971 3010 4033 αὐτὸς
3049 3972 3166 4041 μετ’
3199 3971 3427 4023 ἐκείνων
3452 3968 3722 4023 ἀπώλετο.

2046 4065 2156 4116 Καὶ
2183 4063 2292 4133 γάρ
2316 4062 2544 4125 ἀπειλὰς
2564 4059 2880 4130 προσθεῖναι
2905 4061 3090 4130 ἐχρῆν,
3110 4061 3203 4112 καὶ
3232 4061 3289 4125 ἐξ
3307 4059 3481 4128 ὂψεως
3503 4060 3728 4129 ποιῆσαι

2045 4151 2145 4221 τῆς
2176 4150 2388 4212 ἐαυτοῦ,
2417 4151 2511 4203 καὶ
2545 4151 2814 4220 μάστιγας
2848 4147 3134 4211 ἐπιθεῖναι,
3161 4147 3254 4200 καὶ
3272 4147 3567 4220 βαρύτερον
3595 4149 3728 4202 πολ-

2046 4239 2124 4308 λῷ
2148 4238 2397 4307 γενέσθαι
2422 4237 2515 4290 καὶ
2543 4236 2946 4308 χαλεπώτερον.
2966 4235 3189 4306 Ἐπειδὴ
3224 4232 3318 4288 οῦν
3346 4234 3551 4288 τούτων
3576 4235 3729 4288 οὐδὲν

2048 4326 2324 4394 ἐποίησεν,
2353 4323 2531 4394 ἐαυτῷ
2544 4341 2604 4375 τε
2630 4323 2906 4386 κάκείνοις
2927 4321 3305 4396 ἐξεπολέμωσε
3331 4321 3423 4374 τὸν
3445 4321 3598 4385 Θεὸν,
3632 4323 3729 4375 καὶ

2049 4412 2377 4483 φεισάμενος
2400 4411 2564 4464 αὑτοῦ
2587 4411 2695 4464 τῶν
2722 4411 2928 4464 παίδων
2947 4410 3210 4482 ἀκαίρως,
3233 4409 3370 4480 μετά
3385 4409 3492 4464 τῶν
3519 4409 3728 4462 παίδων

2049 4502 2144 4553 καὶ
2166 4502 2264 4570 τὴν
2291 4499 2485 4553 ἐαυτοῦ
2504 4497 2896 4570 προσαπώλεσε
2923 4497 3216 4569 σωτηρίαν.
3238 4499 3504 4551 ’Ἄκουσον
3526 4498 3657 4566 γοῦν
3674 4498 3730 4551 τί

2050 4605 2182 4658 φησι
2215 4587 2353 4660 πρὸς
2390 4587 2552 4641 αὑτὸν
2571 4589 2599 4639 6
2630 4587 2784 4651 Θεὸς,
2817 4585 3016 4657 μᾶλλον
3041 4586 3098 4639 δὲ
3133 4585 3270 4657 πρὸς
3288 4586 3449 4638 αὑτὸν
3470 4587 3570 4657 μὲν
3599 4587 3731 4640 οὐκ·

2050 4675 2150 4729 ἐτι·
2187 4675 2307 4729 οὐδὲ
2325 4675 2434 4748 γάρ
2461 4675 2810 4747 ἀποκρίσεως
2848 4673 3010 4726 αὑτὸν
3033 4673 3184 4740 ἄξιον
3215 4673 3427 4746 ἔκρινεν
3454 4669 3594 4728 εἶναι
3613 4673 3728 4728 λοι-

2052 4765 2172 4829 πὺν,
2192 4763 2306 4817 ἀλλ’
2332 4763 2521 4836 ῶσπερ
2551 4763 2670 4817 τινὰ
2684 4763 2898 4834 οἰκέτην
2918 4763 2986 4816 τά
3006 4763 3240 4832 μέγιστα
3275 4763 3726 4834 προσκεκρουκό-

2049 4867 2140 4913 τα,
2157 4850 2223 4904 δι’
2251 4852 2439 4923 ἐτέρου
2464 4855 2608 4904 ποιεῖ
2631 4854 2823 4922 μαθεῖν
2838 4852 2906 4904 τὰ
2924 4851 3352 4922 καταληψόμενα
3371 4850 3532 4904 αὑτὸν
3555 4853 3724 4906 κακά’

2048 4940 2282 5012 τοσαύτη
2311 4937 2379 5012 ἦν
2412 4943 2446 5012 ἡ
2472 4941 2566 4995 τοῦ
2605 4941 2740 4994 Θεοῦ
2755 4941 2878 4994 τότε
2891 4940 3050 5012 ὀργή.
3072 4942 3338 4994 ’Ἄκουσον
3363 4939 3492 5007 γοῦν
3517 4940 3568 4992 τί
3593 4956 3728 5010 φησι

2053 5029 2188 5099 πρὸς
2219 5028 2310 5082 τὸν
2334 5029 2542 5082 ἐκείνου
2575 5027 2822 5101 μαθητὴν
2844 5029 2974 5099 περὶ
3002 5026 3096 5080 τοῦ
3126 5027 3467 5080 διδασκάλου·
3493 5027 3586 5079 καὶ
3616 5027 3728 5099 γὰρ

2052 5121 2147 5172 καὶ
2181 5117 2259 5188 τῷ
2284 5118 2520 5190 μαθητῇ,
2547 5118 2638 5171 καὶ
2653 5118 2824 5190 ἐτέρῳ
2853 5119 3128 5190 προφήτῃ,
3151 5118 3244 5171 καὶ
3267 5118 3429 5170 πᾶσιν
3452 5117 3590 5188 ὑπὲρ
3618 5116 3728 5172 τῶν

2052 5206 2265 5259 ἐκείνου
2297 5205 2495 5276 μᾶλλον
2518 5205 2787 5274 διελέγετο
2815 5205 3023 5263 κακῶν.
3049 5204 3081 5275 ἢ
3109 5204 3323 5274 ἐκείνῳο
3355 5201 3529 5267 οὔτως
3563 5204 3728 5258 αὑτὸν

2052 5296 2131 5357 είς
2146 5294 2296 5356 τέλος
2314 5294 2687 5365 ἀπέστραπτο.
2715 5293 2780 5345 Τί
2805 5293 2870 5364 δὴ
2890 5289 2981 5346 οὖν
3000 5309 3132 5363 φησι
3142 5291 3220 5363 τῷ
3241 5291 3496 5362 Σαμουὴλ
3515 5307 3530 5356 ;
3549 5292 3730 5359 Ἔγνω

2051 5381 2133 5434 ὅτι
2164 5380 2588 5449 κακολογοῦντες
2617 5381 2750 5433 Θεὸν
2779 5383 2828 5434 οἱ
2857 5382 2962 5434 υἱοὶ
2989 5379 3176 5442 αὐτοῦ,
3203 5380 3298 5433 καὶ
3319 5379 3421 5432 οὐκ
3451 5377 3726 5432 ἐνουθέτει

2052 5470 2268 5534 αὐτούς’
2295 5471 2388 5523 καὶ
2420 5470 2518 5540 οῦχ
2545 5469 2740 5536 οὕτως,
2765 5471 2859 5524 καὶ
2890 5470 2996 5542 μὴν
3027 5469 3377 5538 ἐνουθέτησεν
3405 5475 3454 5532 σ,
3471 5467 3586 5520 ἀλλ’
3605 5468 3728 5521 οὐδὲ

2114 5573 2141 5613 ἀ
2165 5575 2274 5624 Duo
2296 5587 2410 5622 mss.
2440 5574 2644 5623 ἔννατον.

2120 5639 2143 5700 ξ
2168 5635 2321 5700 {idem
2340 5636 2510 5700 χρόνου
2531 5635 2705 5700 γίνεται
2735 5637 3081 5700 χαλεπώτερον.

2060 5764 2082 5776 ξ
2114 5695 2142 5777 ξ
2174 5698 2311 5746 Unus
2329 5694 2436 5746 66d.
2465 5694 2550 5746 καί
2566 5698 2656 5760 οὐχ
2677 5694 2839 5754 ἅπλῶς
2861 5694 3028 5748 ταῦτα.
3058 5698 3185 5746 lum
3217 5709 3342 5745 unus
3366 5702 3550 5742 σπαντα
3569 5694 3730 5749 καλῶς

2054 5783 2085 5826 ῃ
2263 5833 2437 5885 [ιηιηεε
2461 5826 2642 5885 praue:-
2677 5819 2848 5885 Morel.
2886 5821 2968 5885 qui
3013 5822 3162 5885 habet
3184 5821 3424 5870 ἐνουθέτει.
3453 5817 3576 5868 Infra
3597 5816 3729 5876 hac,

2059 5889 2122 5952 μὴ
2145 5882 2373 5934 τοσοῦτον
2394 5883 2444 5931 6‘:
2465 5883 2578 5930 ὅσον
2605 5884 2714 5946 χρή,
2737 5882 2916 5934 desunt
2937 5889 2984 5934 in
3012 5884 3181 5934 Morel.
3212 5897 3334 5934 50:0.
