4116 6392
432 221 545 281 335

430 338 713 393 νουθεσίαν
736 335 877 393 εἶναι
891 336 1050 392 τοῦτό
1068 354 1231 409 φησιν
1246 337 1437 401 ὀΘεός·
1450 336 1622 401 οὓτως
1634 336 1803 407 αὐτῆς
1828 335 2100 405 κατέγνω,

1236 220 1294 278 ε.
1330 219 1618 277 ΙΟΑΝΧΙΞ
1653 216 2070 276 CHRYSOSTO

2185 214 2503 275 ARCHIEP.
2546 214 3098 274 CONSTANTINOP.

3778 220 3903 276 5ῗῦ-

2212 334 2377 389 κείων
2405 332 2782 406 ἀμελήσαντες
2814 333 3021 388 παίδων
3060 332 3212 387 οὐδὲν
3253 331 3453 388 ἔπαθον
3483 328 3596 389 οἷον
3631 335 3660 389 6
3712 338 3885 389 Ἠλεί·

429 425 621 498 ἐπειδὴ
642 427 701 480 τδ
721 425 949 499 σφοδρὸν
973 426 1074 479 οὐκ
1106 421 1220 495 εἶχε
1253 425 1778 496 κα“ιέπιτεταμένον.
1812 424 1974 476 ’Ὥστε
1999 422 2105 477 κᾶν
2144 490 2149 496 _
2208 422 2407 477 ἔπαθον
2441 423 2541 493 μὲν
2585 422 2696 494 γάρ
2734 423 2828 476 καὶ
2856 422 3040 475 πολλοὶ
3082 421 3341 487 πολλάκις
3380 424 3473 477 καὶ
3523 422 3887 496 χαλεπώτερα

428 513 745 585 προνοῶμεν
757 513 866 568 τῶν
880 513 1106 578 παίδων,
1130 512 1247 585 [80]
1269 512 1344 584 μὴ
1359 511 1612 566 τοσοῦτον
1627 513 1682 566 δέ
1701 514 1824 566 ὅσον
1838 511 1964 583 χρὴ,
1981 510 2103 563 οὐδὲ
2205 510 2436 577 τούτων,
2457 510 2551 564 καὶ
2579 509 2667 562 διὰ
2686 509 2891 580 ταύτην
2923 508 3023 581 τὴν
3060 508 3358 581 ἁμαρτίαν.
3389 510 3561 564 Πόθεν
3586 512 3692 584 7&9
3710 512 3885 585 ἄωροι

425 603 655 673 πρόνοια
683 601 842 656 τοῦτό
857 604 1025 664 ἐστιν,
1050 599 1239 671 ὥσπερ
1255 596 1347 655 οῦν
1365 599 1474 653 οὐδ’
1492 601 1527 672 ἡ
1549 598 1644 652 τοῦ
1660 599 1809 653 Ἠλεὶ
1827 598 2097 652 νουθεσία.

423 687 610 744 Εἰπὼν
630 691 687 744 δὲ
715 690 776 744 τδ
795 690 964 759 ἐγκλη
972 707 1067 761 μα,
1100 689 1196 744 καὶ
1216 688 1315 761 τὴν
1336 688 1558 743 κόλασιν
1578 687 1774 755 ἐπάγει
1805 685 1945 758 μετά
1979 684 2102 738 πολ.

420 775 521 847 λῆς
549 778 649 848 τῆς
670 779 861 851 ὀργῆς
894 779 1123 848 Ὠμοσα
1154 776 1283 850 7&9,
1333 777 1489 846 φησὶ.
1522 773 1602 841 τῷ
1636 775 1781 843 οἴκῳ
1831 774 2007 836 Ἡλεί,
2047 775 2099 826 εἰ

418 863 764 928 ἐξιλὰσεται
798 868 836 935 ἠ
854 866 1109 935 ἁμαρτία
1137 864 1216 930 τῷ
1250 863 1568 932 οικῳἩλεί
1592 862 1630 933 ἣ
1658 863 1728 916 ἐν
1755 864 2093 932 θυμιάματι,

416 951 457 1021 ἢ
477 953 546 1007 ἐν
571 955 811 1019 θυσίαις
831 954 942 1022 ἕως
967 954 1075 1008 τοῦ
1099 951 1333 1020 αἰῶνος.
1356 950 1509 1016 Εἶδες
1536 951 1907 1020 ἀγανάκτησιν
1922 952 2097 1004 ἐπιτε-

413 1056 483 1093 τα
489 1041 679 1112 μένην,
699 1043 793 1097 καὶ
810 1042 1195 1112 ἀσύγγνωστον
1206 1042 1427 1096 κόλασιν
1444 1058 1459 1106 ;
1474 1041 1699 1102 Πάντως
1709 1037 1891 1103 αὑτὸν,
1906 1056 1979 1111 φη
1987 1039 2091 1105 σὶν,

412 1128 712 1183 ἀπολέσθαι
762 1130 888 1202 χρὴ,
919 1130 1014 1184 καὶ
1046 1130 1147 1184 οὑκ
1179 1130 1342 1184 αὑτὸν
1375 1128 1533 1200 μόνον
1561 1127 1682 1182 οὐδὲ
1714 1127 1841 1191 τοὺς
1872 1128 2088 1193 παῖδας,

411 1215 552 1270 ἀλλά
583 1219 675 1272 καὶ
694 1218 792 1290 τὴν
806 1220 985 1273 οἰκίαν
1016 1218 1235 1273 ἃπασαν
1259 1219 1375 1290 μετ’
1399 1216 1631 1280 ἐκείνου,
1652 1216 1746 1269 καὶ
1768 1214 1920 1269 οὐδὲν
1936 1215 2089 1269 ἔσται

409 1304 720 1376 φάρμακον,
753 1304 782 1358 ὃ
796 1306 895 1378 τὴν
922 1305 1137 1378 πληγὴν
1152 1306 1356 1377 ταύτην
1377 1306 1607 1359 ἰάσεται·
1636 1304 1814 1357 καίτοι
1834 1304 1973 1375 πλὴν
1988 1303 2087 1373 τῆς

406 1392 490 1455 εἰς
512 1393 638 1457 τοὺς
664 1392 859 1457 παῖδας
877 1394 1170 1466 ῥᾳθυμίας,
1194 1393 1347 1448 οὐδὲν
1376 1392 1564 1465 ἕτερον
1601 1387 1747 1463 εῖχεν
1768 1390 2019 1460 ἐγκαλεῖν
2057 1390 2087 1443 6

405 1480 540 1545 θεὸς
580 1480 657 1554 τῷ
685 1482 965 1556 πρεσϐύτῃ
981 1485 1103 1537 τότε
1134 1484 1349 1556 ἐκείνῳ,
1382 1479 1579 1554 ἁλλ’ἦν
1610 1483 1825 1537 ᾶπαντα
1859 1481 1926 1535 τὰ
1951 1480 2086 1536 ἀλλα

406 1569 740 1642 θαυμαστὸς,
770 1574 864 1628 καὶ
893 1575 992 1645 τὴν
1029 1575 1348 1645 φιλοσοφίαν
1373 1574 1537 1630 αὑτοῦ
1561 1575 1741 1627 πᾶσαν
1769 1573 1868 1627 οὐκ
1897 1572 2084 1627 ἐκτῶν

402 1657 578 1712 ἄλλων
607 1660 788 1731 μόνον,
817 1661 953 1717 ἀλλά
976 1664 1071 1717 καὶ
1087 1664 1181 1718 ἀπ’
1199 1663 1379 1719 αὐτῶν
1395 1663 1504 1717 τῶν
1524 1663 1665 1717 κατὰ
1684 1661 1781 1735 τὴν
1799 1658 2082 1733 συμφορὰν

401 1744 606 1817 ταύτην
633 1748 1057 1820 ἐπισυμϐάντων
1080 1750 1224 1804 ἔστιν
1248 1752 1394 1806 ἰδεῖν.
1413 1750 1637 1823 Πρῶτον
1661 1749 1762 1822 μὲν
1789 1749 1917 1821 γὰρ,
1941 1752 2084 1804 ἐπει·
2112 1766 2125 1781 ο

400 1831 466 1904 δὴ
490 1832 662 1888 ταῦτα
708 1838 888 1892 πάντα
928 1839 1149 1910 ῆκουσε,
1184 1840 1280 1893 καὶ
1327 1839 1464 1910 πρὸς
1503 1839 1731 1910 ἔσχατον
1762 1839 2034 1911 τιμωρίας
2059 1848 2081 1871 ⁸

401 1920 600 1989 ἥκοντα
618 1918 756 1976 εἶδεν
769 1924 979 1989 ἐαυτὸν,
992 1926 1093 1980 οὑκ
1107 1925 1454 1998 ἀπεδυσπέτη
1462 1943 1573 1989 σεν,
1588 1928 1687 1980 οὐκ
1700 1926 2078 1999 ἐδυσχέρανεν,

396 2008 497 2063 οὑκ
513 2004 632 2063 εἶπέ
676 2028 728 2065 τι
776 2013 1039 2078 τοιοῦτον,
1066 2008 1177 2067 οἷον
1208 2014 1354 2079 εἰκὸς
1385 2017 1511 2078 τοὺς
1554 2015 1799 2079 πολλούς·
1849 2016 1940 2086 Μὴ
1968 2016 2079 2089 7&9

396 2095 509 2165 ἐγὼ
534 2099 634 2171 τῆς
664 2101 868 2172 ἐτέρων
892 2102 1084 2174 κύριός
1105 2104 1222 2175 εἰμι
1237 2102 1497 2174 γνώμηςς
1520 2105 1627 2157 τῶν
1651 2104 1866 2158 οἰκείων
1898 2105 2078 2175 ἀμαρο

394 2201 461 2254 τη
472 2187 657 2256 μάτων
676 2188 878 2259 ὀφείλω
897 2189 1074 2254 δίκας
1102 2193 1151 2244 οί
1181 2192 1372 2256 παῖδες
1394 2191 1453 2246 δὲ
1493 2191 1712 2264 ἡλικίαν
1746 2192 1948 2263 έχουσι,
1982 2193 2078 2246 καὶ

393 2272 548 2327 αὐτοὶ
570 2273 637 2328 ἂν
650 2270 760 2328 εἷεν
777 2276 976 2331 δίκαιοι
1005 2277 1326 2342 κολάζεσθαι
1350 2278 1528 2350 μόνον.
1548 2278 1764 2333 Τούτων
1783 2279 1937 2333 οὐδὲν
1951 2279 2073 2334 οὔτε

391 2354 551 2413 εἶπεν
572 2360 697 2415 οὔτε
727 2362 1030 2435 ἐνενόησενο
1053 2364 1169 2419 ἀλλ’
1199 2365 1389 2437 ῶσπερ
1402 2365 1618 2437 οἰκέτης
1635 2366 1954 2438 εὐγνώμων,
1981 2368 2075 2421 καὶ

392 2446 452 2500 ἓν
481 2448 643 2517 μόνον
673 2449 852 2515 εἰδὼς.
875 2452 946 2506 τά
970 2451 1121 2525 παρά
1143 2453 1237 2507 τοῦ
1259 2453 1535 2507 Δεσπότου
1583 2454 1821 2519 εὐκόλως
1865 2456 2071 2529 φέρειν,

393 2533 502 2587 κᾶν
534 2534 755 2608 λυπηρά
778 2537 907 2592 δντα
925 2538 1087 2613 τύχῃ,
1114 2539 1259 2594 οὕτω
1286 2540 1356 2593 τά
1384 2540 1584 2613 πολλῆς
1603 2541 1840 2611 γέμοντα
1862 2542 2076 2611 φιλοσο-

389 2621 522 2691 φίας
550 2624 851 2693 ἐφθέγγετο
883 2627 1126 2699 ῥήματα·
1151 2628 1369 2697 Κύριος
1401 2628 1532 2700 7&9,
1564 2630 1749 2701 φησὶν,
1784 2629 1969 2697 αὐτὸς
2005 2627 2073 2685 τὸ

389 2711 648 2777 αρεστὸν
672 2710 929 2766 ἐνώπιον
941 2714 1127 2768 αὑτοῦ
1160 2715 1419 2782 ποιήσει.
1448 2716 1557 2770 Kal
1578 2718 1679 2770 ούκ
1702 2716 1951 2771 ἐντεῦθεν
1976 2718 2074 2789 μό-

389 2812 499 2860 νον,
526 2797 663 2852 ἀλλά
681 2800 773 2852 καὶ
802 2799 1067 2870 ἑτέρωθεν
1088 2801 1236 2855 ἔστιν
1252 2801 1415 2857 αὑτοῦ
1431 2803 1530 2875 τὴν
1554 2803 1752 2876 ἀρετὴν
1772 2804 1798 2844 1³
1812 2805 2067 2860 κατιδεῖν.

388 2883 635 2956 Πολέμου
686 2885 796 2957 γάρ
824 2887 1227 2954 καταλαϐόντος
1259 2891 1387 2955 τοὺς
1434 2890 1738 2958 Ἰουδαίους,
1773 2892 1958 2964 ἐπειδή
1986 2910 2070 2958 τις

388 2973 559 3027 ἐλθὼν
587 2976 885 3048 ἀπήγγειλε
909 2977 1009 3041 τάς
1037 2979 1096 3031 ἐν
1115 2978 1193 3051 τῷ
1219 2979 1442 3052 πολέμῳ
1464 2980 1749 3053 συμφοράς
1774 2981 1870 3035 καὶ
1889 2982 2006 3047 πῶς
2017 2985 2067 3037 οί

386 3062 579 3128 παῖδες
606 3064 770 3118 αὑτοῦ
815 3066 1205 3138 κατεκόπησαν
1246 3067 1492 3140 αἰσχρῶς
1520 3069 1616 3123 καὶ
1634 3069 1881 3135 ἐλεεινῶς
1908 3071 1965 3123 ὲν
1999 3073 2065 3143 τῇ

389 3150 561 3224 μάχῃ,
577 3151 749 3207 ταῦτα
767 3154 868 3223 μὲν
880 3149 973 3208 οὖν
989 3153 1203 3209 ἀκούων
1230 3156 1613 3227 ήσύχαζενώς
1641 3157 1697 3211 δὲ
1727 3158 2066 3232 προσέθηκεν

388 3238 600 3304 ἐκεῖνος
655 3243 719 3311 τῇ
761 3244 943 3314 σφαγῇ
974 3242 1149 3314 ταύτῃ
1172 3245 1271 3315 τῆς
1297 3243 1531 3298 κιϐωτοῦ
1554 3245 1651 3316 τὴν
1683 3246 1939 3319 ἁρπαγὴν
1968 3248 2067 3321 τὴν

384 3325 490 3379 ὑπὸ
503 3327 609 3380 τῶν
627 3328 900 3400 πολεμίων
928 3331 1247 3402 γενομένην,
1276 3332 1397 3385 τότε
1426 3331 1491 3403 δὴ
1520 3333 1813 3399 σκοτωθεὶς
1839 3336 1944 3390 ὑπὸ
1967 3338 2069 3409 τῆς

383 3413 623 3485 ἀθυμίας
658 3418 687 3469 6
714 3415 893 3487 γέρων
925 3416 1121 3471 ἔπεσεν
1157 3419 1265 3473 ἀπὸ
1292 3419 1386 3473 τοῦ
1435 3418 1626 3491 δίφρου
1663 3422 1744 3485 είς
1788 3422 1860 3476 τά
1890 3424 2067 3478 ὀπίσω

383 3502 618 3573 ἐχόμενα
646 3503 748 3583 τῆς
770 3503 965 3574 πύλης,
981 3507 1075 3560 καὶ
1093 3506 1382 3579 συνετρίϐη
1399 3507 1606 3572 ὀνῶτος
1635 3509 1917 3574 αὑτοῦ,ὅτι
1933 3528 2067 3583 πρε-

385 3586 589 3660 σϐύτης
617 3582 687 3660 ἦν
723 3591 818 3645 καὶ
840 3590 1014 3663 βαρὺς
1056 3594 1151 3647 καὶ
1180 3593 1410 3659 ἔνδοξος,
1447 3593 1541 3648 καὶ
1572 3595 1732 3659 αὐτὸς
1760 3595 1941 3669 ἔκρινε
1974 3582 2067 3652 τὸν

394 3676 615 3749 Ἰσραὴλ
635 3678 840 3732 εἴκοσιν
860 3678 976 3752 έτη.
1013 3681 1078 3734 Εἰ
1102 3680 1160 3735 δὲ
1187 3681 1279 3735 τὸν
1307 3681 1475 3753 ἱερέα,
1503 3684 1594 3737 τὸν
1614 3684 1946 3757 πρεσϐύτην,
1973 3687 2065 3741 τὸν

381 3762 609 3829 ἔνδοξον,
656 3764 749 3818 τὸν
793 3764 998 3822 εἴκοσιν
1052 3768 1148 3840 έτη
1191 3769 1502 3839 προστάντα
1535 3771 1792 3844 ἀλήπτως
1827 3773 1922 3828 τοῦ
1953 3773 2065 3828 τῶν

393 3849 661 3922 Ἐϐραίων
674 3849 887 3920 γένους,
905 3852 997 3907 τὸν
1028 3855 1086 3909 ἐν
1109 3855 1324 3926 χρόνοις
1355 3856 1769 3930 πολιτευόμενον
1783 3860 1846 3914 οὑ
1866 3860 2065 3933 πολλὴν

377 3937 706 3993 ἀπαιτοῦσιν
735 3939 1043 4012 ἀκρίϐειαν,
1076 3942 1229 3996 οὑδέν
1255 3942 1462 3997 τούτων
1491 3944 1678 4016 ἴσχυσε
1715 3950 2061 4020 παραιτήσα-

381 4026 529 4092 σθαι,
558 4026 696 4090 ἀλλ’,
729 4027 917 4101 ἐπειδὴ
934 4028 1046 4082 τῶν
1070 4030 1278 4084 παίδων
1291 4031 1391 4085 οὐκ
1413 4032 1727 4106 ἐπεμελήθη
1752 4035 1891 4106 μετὰ
1905 4038 2063 4109 άκρι-

379 4113 555 4177 ϐείας,
588 4114 793 4187 σφόδρα
825 4115 922 4169 καὶ
949 4115 1197 4181 ἐλεεινῶς
1216 4117 1486 4184 ἀπώλετο,
1519 4121 1611 4173 καὶ
1627 4121 1727 4192 τῆς
1771 4122 2062 4195 ὀλιγωρίας

377 4200 582 4272 ταύτης
602 4202 635 4271 ὴ
656 4201 920 4272 ἀμαρτία,
934 4203 1187 4276 καθάπερ
1203 4204 1354 4276 κῦμα
1373 4204 1564 4278 ἄγριον
1584 4208 1678 4261 καὶ
1698 4210 1863 4279 μέγα,
1884 4212 2062 4267 πάντα

379 4287 683 4359 ὑπερέσχεν
709 4291 916 4355 ἐκεῖνα,
944 4291 1039 4345 καὶ
1058 4294 1125 4346 τά
1145 4292 1545 4365 κατορθώματα
1557 4294 1793 4367 ἔκρυψεν
1818 4297 2057 4353 ἅπανταο

376 4373 461 4438 τίς
488 4375 635 4446 ἡμᾶς
658 4375 885 4449 λήψεται
904 4376 1027 4448 δίκη
1058 4381 1185 4443 τοὺς
1209 4381 1267 4434 ὲν
1288 4382 1502 4453 χρόνοις
1529 4384 1857 4454 γενομένους
1880 4388 2058 4461 πολλῷ

379 4461 602 4532 μείζονα
618 4464 908 4519 ἀπαιτοῦσι
933 4465 1273 4538 φιλοσοφίαν,
1297 4470 1393 4522 καὶ
1406 4472 1509 4544 τῆς
1523 4473 1722 4545 ἀρετῆς
1735 4475 2060 4542 ἀποδέοντας

373 4549 477 4621 τῆς
495 4550 839 4617 ἐκείνου,καὶ
865 4553 975 4607 τῶν
1005 4555 1210 4609 παίδων
1241 4558 1303 4610 οὐ
1336 4558 1496 4628 μόνον
1520 4562 1583 4615 οὐ
1605 4565 2058 4635 προϊσταμένους,

374 4635 514 4691 ἀλλὰ
543 4637 637 4692 καὶ
672 4642 788 4702 τοῖς
821 4640 1172 4713 βουλομένοις
1204 4643 1363 4699 τοῦτο
1401 4650 1577 4702 ποιεῖν
1610 4649 2057 4717 ἐπιϐουλεύοντας

373 4725 883 4817 καὶμπολεμοῦντας,
902 4732 999 4785 καὶ
1020 4731 1298 4805 βαρϐάρου
1322 4738 1522 4802 παντὸς
1532 4738 1911 4814 χαλεπώτερον
1929 4744 2056 4817 περὶ

371 4812 445 4868 τά
471 4813 669 4904 ἐκγονα
694 4815 1071 4888 διακειμένους
1088 4836 1103 4887 ;
1120 4821 1185 4875 Ἥ
1205 4823 1303 4893 μὲν
1326 4823 1435 4896 7&9
1460 4826 1685 4880 ἐκείνων
1708 4812 1929 4903 ὠμότης
1962 4812 2057 4904 μέ-

373 4900 725 4991 χρι-δουλείας
737 4905 833 4957 καὶ
848 4906 1278 4975 ἀναστατώσεως
1292 4911 1385 4964 καὶ
1398 4912 1831 4987 ἀνδραποδισμοῦ
1843 4900 1942 4991 τῆς
1953 4900 2057 4974 πα-

373 4988 552 5060 τρίδος
568 4991 661 5043 καὶ
681 4991 791 5045 τῶν
821 4992 918 5047 τοῦ
946 4994 1194 5066 σώματος
1213 4998 1412 5069 ἔστηκε
1447 5000 1654 5068 κακῶν,
1687 5002 1848 5074 ὑμεῖς
1870 4988 1927 5059 δέ
1958 5008 2057 5062 αὑ-

371 5075 476 5167 τὴν
504 5078 897 5167 καταδουλοῦτε
924 5083 1025 5154 τὴν
1048 5084 1248 5157 ψυχὴν,
1279 5088 1375 5141 καὶ
1407 5088 1660 5162 καθάπερ
1692 5092 1817 5147 τινὰ
1847 5097 2053 5167 αἰχμά-

375 5164 547 5219 λωτον
579 5166 862 5238 δήσαντες,
891 5170 1034 5224 οὕτω
1054 5171 1275 5244 δαίμοσι
1306 5179 1560 5249 πονηροῖς
1593 5179 1686 5231 xal
1719 5164 2054 5253 &79£0L;"xal

372 5255 486 5317 τοῖς
512 5253 736 5308 ἐκείνων
765 5258 1087 5327 παραδίδοτε
1118 5260 1367 5316 πάθεσιν.
1405 5264 1573 5320 Ὅταν
1601 5266 1709 5340 γάρ
1730 5270 1867 5341 μήτε
1899 5273 2052 5327 αὐτοὶ

371 5341 676 5428 παραινῆτέ
696 5357 750 5395 τι
762 5346 1151 5415 πνευματικὸν,
1170 5347 1288 5421 [81]
1305 5352 1441 5422 μήτε
1455 5348 1675 5424 ἐτέρους
1688 5355 2047 5428 βουλομένους

369 5427 532 5481 τοῦτο
553 5433 729 5485 ποιεῖν
751 5432 972 5504 ἀφίητε,
990 5435 1143 5489 οὐδὲν
1172 5437 1406 5509 ἕτερονῆ
1439 5439 1597 5494 τοῦτο
1613 5427 2050 5515 ἐργάζεσθε.Καὶ

374 5517 451 5588 μή
485 5534 576 5588 μοι
604 5518 810 5589 λεγέτω
836 5538 919 5585 τις
941 5523 1025 5576 ὅτι
1051 5522 1236 5578 πολλοὶ⁵
1260 5526 1523 5595 μειζόνως
1556 5531 1649 5586 τοῦ
1686 5532 1829 5588 Ἠλεὶ
1844 5533 1953 5589 τῶν
1972 5537 2050 5590 οἰ-

432 5708 661 5799 faxim].
685 5712 802 5778 πρὸς
820 5714 1027 5779 ἐσχάτην
1047 5718 1295 5783 τιμωρίαν,
1316 5721 1402 5773 alii
1422 5738 1595 5778 omnes
1612 5728 1728 5797 πρὸς
1747 5730 1949 5799 ίοχατον
1969 5751 2042 5784 τιο

430 5809 632 5885 ἶέἶῦιι.
654 5834 716 5887 ad
740 5816 891 5904 ωειλε.
918 5837 1069 5892 αὑτοῦ
1091 5843 1177 5907 τήν
1195 5845 1456 5914 καρτερεῖν.

2206 599 2457 664 θάνατοι;
2488 597 2650 652 πόθεν
2674 597 2817 651 νόσοι
2835 597 3069 668 χαλεπαὶ
3087 598 3180 650 καὶ
3203 599 3465 668 συνεχεῖς,
3484 590 3593 651 ’καὶ
3624 601 3757 671 ἡμῖν
3779 599 3883 654 καὶ

2200 690 2313 751 τοῖς
2332 689 2518 740 παισὶν
2534 680 2717 749 αὐτοῖς
2736 704 2750 749 ;
2768 685 2928 739 πόθεν
2946 683 3159 756 ζημίαι,
3183 684 3346 738 πόθεν
3380 685 3750 757 περιστάσεις,
3778 687 3883 741 πό-

2201 775 2292 828 θεν
2331 777 2435 846 ἐπή
2447 792 2609 846 ρειαι,
2641 773 2806 827 πόθεν
2832 772 2901 825 τά
2939 772 3106 845 μυρία
3129 772 3303 836 κακά;
3330 772 3431 826 οὐκ
3463 775 3527 827 ἐκ
3550 773 3641 827 τοῦ
3667 776 3880 847 μοχθη-

2200 864 2328 934 ροὺς
2353 862 2512 927 ὄντας
2531 864 2660 926 τοὺς
2684 862 2879 925 παῖδας
2910 862 3204 932 περιορᾷνς
3240 861 3352 914 Καὶ
3370 863 3455 915 ὃτι
3473 861 3536 915 οὑ
3564 865 3879 935 στοχασμὸς

2194 951 2354 1006 τοῦτό
2385 954 2553 1019 ἐστιν,
2571 953 2731 1007 ίκανά
2749 952 2846 1023 μὲν
2866 950 3037 1006 καὶτά
3057 950 3148 1004 τοῦ
3169 951 3476 1022 πρεσϐύτου
3494 952 3876 1009 πιστώσασθαι

2194 1043 2364 1114 πάθη’
2394 1043 2505 1113 ἐγὼ
2530 1043 2586 1097 δὲ
2614 1044 2743 1114 ὑμῖν
2758 1043 2854 1096 καὶ
2877 1042 3035 1110 λόγον
3056 1042 3197 1112 ὑπὲρ
3225 1042 3431 1096 τούτων
3454 1042 3566 1115 ἐρῶ
3593 1043 3758 1113 σοφοῦ
3788 1061 3876 1099 τι·

2192 1148 2282 1193 νος
2312 1130 2505 1203 ἀνδρὸς
2525 1130 2635 1183 τῶν
2666 1129 2794 1203 παρ’
2817 1131 2968 1202 ἡμῖν·
2996 1130 3124 1201 περὶ
3151 1130 3263 1201 7&9
3275 1130 3480 1184 παίδων
3500 1123 3656 1195 οὗτος
3686 1132 3873 1187 διαλε-

2190 1218 2418 1289 γόμενος
2448 1217 2591 1271 οὕτω
2628 1217 2745 1283 πώς
2774 1232 2926 1288 φησι’
2953 1215 3051 1285 Μὴ
3079 1218 3405 1286 εὐφραίνου
3423 1218 3522 1271 ἐπὶ
3543 1219 3694 1285 υιοῖς
3717 1221 3869 1275 das-

2190 1304 2379 1359 σέσιν·
2405 1308 2457 1360 εὶ
2483 1304 2571 1375 μὴ
2599 1304 2733 1358 ἐστι
2756 1305 2943 1374 φόϐος
2967 1304 3093 1373 μετ’
3130 1303 3331 1358 αὐτῶν
3364 1304 3534 1367 Θεοῦ,
3571 1306 3657 1375 μὴ
3689 1308 3867 1377 ἐμπι-

2187 1396 2458 1463 στεύσῃς
2477 1392 2553 1463 τῇ
2596 1392 2710 1463 ζ’ωῇ
2761 1391 2979 1448 αὐτῶν.
3010 1392 3294 1457 Στενάξεις
3313 1395 3422 1465 7&9
3457 1395 3640 1450 πένθει
3671 1398 3866 1473 ἀώρῳ,

2188 1482 2282 1534 καὶ
2332 1480 2564 1545 ἐξάπινα
2595 1479 2775 1533 αὐτῶν
2804 1477 3117 1531 συντέλειαν
3154 1477 3361 1552 γνώσῃ.
3403 1481 3595 1536 Πολλοὶ
3617 1483 3717 1554 μὲν
3740 1482 3865 1553 οὖν,

2185 1570 2321 1641 ὅπερ
2338 1568 2493 1639 ἔφην,
2513 1568 2683 1622 πολλά
2701 1567 2926 1621 τοιαῦτα
2949 1568 3299 1621 πεπόνθασιν·
3326 1570 3374 1621 εἰ
3398 1568 3455 1622 δέ
3479 1588 3623 1632 τινες
3656 1576 3751 1628 καὶ
3791 1575 3872 1631 δι-

2184 1658 2405 1729 έφυγον,
2441 1669 2465 1697 ο
2494 1657 2726 1711 ἀλλὀὐκ
2750 1659 2830 1720 εἰς
2853 1656 3005 1719 τέλος
3028 1655 3396 1726 ἐκφεύξονται,
3432 1658 3545 1712 ἀλλ’
3572 1662 3664 1714 ἐπὶ
3701 1666 3868 1735 κακῷ

2181 1747 2283 1817 τῆς
2302 1746 2508 1801 ἐαυτῶν
2530 1744 2790 1815 κεφαλῆς·
2805 1744 3139 1816 πικροτέραν
3158 1745 3267 1817 7&9
3284 1746 3609 1812 ἀπελθόντες
3626 1750 3867 1805 ἐκεῖδὼ-

2184 1851 2337 1888 σουσι
2357 1834 2534 1905 δίκην.
2559 1832 2717 1896 Τίνος
2732 1831 2841 1903 7&9
2861 1832 3066 1897 ἕνεκεν,
3082 1834 3268 1902 φησὶν,
3285 1833 3383 1887 οὐκ
3398 1835 3631 1890 ἐνταῦθα
3652 1839 3867 1904 πάντες

2180 1924 2498 1989 κολάζονται
2518 1939 2532 1987 ;
2560 1922 2683 1976 Ὀτι
2709 1919 2908 1991 ῶρισεν
2926 1920 3137 1991 ἡμέραν
3153 1922 3183 1974 6
3206 1919 3359 1985 Θεὸς,
3375 1923 3434 1975 ἐν
3528 1924 3711 1993 μέλλει
3734 1927 3861 1999 κρι.

2179 2031 2290 2069 νειν
2323 2013 2423 2084 τὴν
2451 2011 2801 2082 οἰκουμένην
2832 2008 2972 2080 αῦτη
3002 2009 3060 2062 δὲ
3085 2007 3241 2063 οὔπω
3265 2009 3530 2080 πάρεστιν
3568 2014 3600 2082 ή
3644 2014 3860 2086 ἡμέρα.

2179 2101 2290 2156 Kal
2314 2100 2493 2164 ἄλλως
2519 2099 2577 2152 δὲ
2608 2098 2766 2151 τοῦτο
2799 2099 2848 2150 εί
2869 2097 3098 2166 ἐγίνετο,
3119 2096 3470 2166 προανάλωτο
3502 2098 3568 2151 ἂν
3590 2101 3685 2152 καὶ
3719 2118 3862 2173 προ-

2178 2192 2493 2262 ανήρπαστο
2537 2186 2694 2258 ἡμῶν
2722 2185 2868 2239 ἀπαν
2897 2185 2960 2238 τὸ
2987 2185 3162 2254 γένος.
3210 2185 3350 2240 Ἀλλ’
3389 2186 3476 2239 ἵνα
3519 2190 3658 2259 μήτε
3692 2189 3862 2243 τοῦτο

2180 2279 2385 2348 συμϐῇ,
2411 2277 2549 2348 μήτε
2580 2275 2939 2347 ρᾳθυμότεροι
2957 2273 3139 2327 πολλοὶ
3170 2275 3467 2343 γίγνωνται
3499 2279 3564 2348 τῇ
3590 2276 3858 2349 μελλήσει

2174 2364 2275 2435 τῆς
2305 2362 2564 2434 κρίσεως,
2586 2360 2879 2431 λαμϐάνων
2905 2359 3059 2423 τινὰς
3081 2360 3417 2424 ὑπευθύνους
3454 2362 3858 2434 ἁμαρτήμασιν

2174 2451 2203 2503 6
2245 2449 2399 2514 Θεὸς,
2416 2448 2511 2501 καὶ
2547 2446 2788 2512 κολάζων
2812 2446 3070 2511 ἐνταῦθα,
3106 2445 3346 2501 διδάσκει
3375 2448 3503 2512 τοὺς
3539 2449 3765 2514 λοιποὺς
3785 2450 3855 2503 δι’

2173 2537 2418 2599 ἐκείνων,
2445 2534 2514 2589 τά
2546 2536 2722 2606 μέτρα
2754 2534 2866 2587 τῶν
2901 2535 3171 2606 κειμένων
3209 2536 3395 2600 αὑτοῖς
3421 2536 3726 2608 τιμωριῶν,
3762 2538 3853 2592 ἵνα

2174 2628 2501 2684 ἑπιστῶνται
2527 2628 2610 2681 ὅτι
2637 2627 2742 2681 κᾶν
2782 2626 3020 2681 ἐνταῦθα
3049 2627 3123 2698 μὴ
3152 2625 3285 2680 δῶσι
3313 2627 3492 2698 δίκην,
3520 2628 3855 2695 ἀπελθόντες

2173 2720 2290 2772 ἐκεῖ
2314 2715 2546 2769 δώσουσι
2575 2715 2793 2779 πάντως
2815 2713 3227 2785 χαλεπωτέραν.
3252 2713 3339 2785 Μὴ
3361 2714 3493 2787 7&9,
3514 2715 3701 2788 ἐπειδὴ
3716 2732 3853 2788 προ-

2175 2805 2350 2874 φήτην
2408 2802 2468 2856 ού
2518 2802 2726 2872 πέμπει
2756 2799 2853 2856 νῦν
2884 2800 3004 2853 οὑδέ
3045 2792 3410 2873 προαγορεύει
3428 2801 3527 2873 τὴν
3549 2804 3850 2875 τιμωρίαν,

2172 2891 2425 2961 καθάπερ
2458 2890 2550 2943 ἐπὶ
2576 2888 2671 2942 τοῦ
2686 2887 2854 2954 Ἠλεὶ,
2870 2886 2958 2941 διὰ
2982 2887 3153 2941 ταῦτα
3177 2888 3609 2960 ἀναισθητῶμεν·
3639 2891 3703 2944 οὑ
3735 2891 3851 2965 γάρ

2171 2982 2289 3034 ἐστι
2312 2976 2605 3051 προφητῶν
2630 2976 2841 3048 καιρὸς.
2864 2975 3064 3061 μᾶλλον
3083 2975 3140 3030 δὲ
3162 2976 3372 3047 πέμπει
3401 2977 3497 3030 καὶ
3525 2977 3641 3032 νῦν.
3671 2979 3848 3033 Πόθεν

2170 3067 2227 3121 δὲ
2276 3068 2409 3138 ἡμῖν
2425 3065 2583 3118 τοῦτο
2610 3063 2798 3134 δῆλον;
2820 3064 3092 3133 Ἔχουσι,
3136 3063 3291 3133 φησὶ,
3326 3062 3543 3118 Μωσέα
3574 3065 3677 3119 καί
3704 3067 3849 3132 τοὺς

2171 3153 2486 3224 προφήτας
2510 3150 2560 3206 ἀ.
2596 3151 2677 3204 Τά
2696 3151 2807 3223 7&9
2838 3150 2975 3223 πρὸς
3012 3150 3252 3214 ἐκείνους
3276 3150 3538 3222 εἰρημένα
3561 3153 3662 3222 οὐχ
3682 3148 3848 3225 ἦττον

2170 3242 2264 3297 καὶ
2290 3243 2427 3315 πρὸς
2444 3242 2591 3312 ἡμᾶς
2607 3242 2841 3313 εἴρηται,
2858 3241 2953 3295 καὶ
2984 3241 3104 3311 οὐχὶ
3125 3240 3204 3310 τῷ
3219 3241 3365 3294 Ἠλεί
3398 3241 3577 3311 μόνον,
3595 3242 3734 3296 ἀλλά
3752 3244 3848 3296 καὶ

2170 3332 2306 3385 πᾶσι
2324 3330 2523 3394 τοῖςτά
2558 3328 2699 3382 αὑτά
2746 3328 3153 3400 ἁμαρτάνουσιν
3184 3328 3377 3398 ἐκείνῳ
3408 3328 3476 3381 δι’
3509 3330 3724 3382 ἐκείνου
3751 3332 3850 3383 καὶ

2168 3419 2276 3472 τῶν
2313 3418 2522 3473 ἐκείνου
2553 3416 2859 3486 διαλέγεται
2881 3414 3090 3469 παθῶν.
3123 3414 3258 3469 Οὐδὲ
3271 3418 3380 3487 γάρ
3404 3416 3520 3469 ἐστι
3553 3433 3853 3487 προσωπο-

2167 3508 2381 3579 λήπτης
2430 3507 2459 3561 6
2503 3506 2657 3572 Θεὸς,
2692 3505 2817 3559 οὑδὲ
2851 3507 2881 3559 6
2916 3505 3009 3558 τὸν
3038 3504 3297 3558 ἐλάττονα
3348 3506 3668 3577 ἁμαρτόντα
3702 3506 3853 3559 οῦτω

2167 3594 2457 3649 πανέστιον
2498 3592 2830 3665 ἀνατρέψας,
2876 3593 3002 3655 τοὺς
3044 3590 3404 3663 χαλεπώτερα
3437 3590 3851 3664 πεπλημμελη-

2166 3682 2330 3747 κότας
2367 3682 2749 3754 ἀτιμωρήτους
2768 3679 2982 3751 ἀφίησι.

2234 3770 2413 3826 δ’.Καὶ
2431 3768 2539 3841 γὰρ
2559 3767 2854 3823 οὐδὲτοῦτο
2872 3766 3308 3829 ἔστινείπείν,ὅτι
3324 3766 3385 3820 οὑ
3405 3766 3573 3830 πολὺς
3591 3766 3853 3837 αότῷτοῦ

2165 3860 2491 3932 πράγματος
2516 3862 2545 3913 6
2571 3859 2752 3929 λόγος’
2776 3858 2979 3929 πολλὴν
3018 3856 3130 3929 γὰρ
3166 3857 3308 3927 ὑπὲρ
3330 3856 3431 3927 τῆς
3478 3856 3590 3910 τῶν
3638 3857 3854 3912 παίδων

2163 3949 2476 4020 ἀνατροφῆς
2492 3950 2726 4002 ποιεῖται
2750 3946 3009 4018 σπουδήν.
3027 3944 3213 4000 Ἐπιθυ
3221 3945 3350 4016 μίαν
3367 3962 3425 3998 τε
3446 3945 3555 4016 7&9
3573 3946 3855 4017 τοσαύτην

2161 4038 2229 4107 τῇ
2250 4037 2410 4105 φύσει
2459 4034 2549 4089 διὰ
2562 4033 2722 4089 τοῦτο
2752 4034 3089 4105 ἐνέσπειρεν,
3121 4032 3207 4086 ἵνα
3243 4032 3433 4103 ὥσπερ
3462 4034 3543 4095 εἰς
3593 4032 3855 4103 ἀνάγκην

2163 4123 2287 4178 τινά
2328 4124 2572 4195 ἄφυκτον
2592 4123 2691 4193 τῆς
2718 4122 2848 4195 περὶ
2876 4122 2947 4175 τά
2970 4120 3229 4191 τεχθέντα
3247 4119 3502 4192 προνοίας
3522 4125 3854 4195 καταστήσῃ

2162 4212 2290 4275 τοὺς
2321 4210 2763 4281 φυτευσαμένους
2792 4208 2994 4262 αὑτάο·
3031 4206 3229 4278 νόμους
3254 4223 3314 4259 τε
3343 4207 3658 4277 είσήνεγκεν
3685 4206 3855 4262 ὔστε-

2167 4316 2257 4370 ρον
2284 4298 2423 4370 ὑπὲρ
2444 4298 2544 4368 τῆς
2571 4296 2779 4351 τούτων
2805 4294 3123 4366 ἐπιμελείας
3149 4293 3528 4365 διαλεγόμενος
3557 4295 3710 4364 ἡμῖν.
3732 4297 3854 4350 Καὶ

2162 4385 2355 4459 ἑορτάς
2380 4385 2438 4437 δὲ
2452 4384 2644 4448 τιθεὶς,
2672 4382 2881 4437 κελεύει
2908 4382 2979 4436 τά
3004 4380 3192 4435 παιδία
3228 4381 3406 4434 αὐτῶν
3441 4379 3714 4433 διδάσκειν
3742 4383 3853 4453 τὴν

2164 4471 2437 4525 ὑπόθεσιν.
2460 4470 2598 4542 Περὶ
2631 4469 2739 4540 7&9
2760 4467 2855 4521 τοῦ
2881 4467 3073 4538 Πάσχα
3100 4466 3401 4538 διαλεχθεὶς
3425 4467 3697 4537 ἐπήγαγε·
3731 4470 3853 4524 Καὶ

2160 4559 2521 4630 ἀπαγγελεῖς
2559 4557 2640 4624 τῷ
2676 4556 2785 4622 υιῷ
2814 4574 2931 4611 σου
2961 4556 3033 4610 ἐν
3062 4555 3138 4625 τῇ
3164 4555 3355 4626 ἡμέρᾳ
3382 4556 3584 4626 ἐκείνῃ
3616 4556 3847 4626 λέγων·

2160 4649 2264 4701 Διὰ
2284 4647 2457 4702 τοῦτο
2478 4646 2774 4713 ἐποίησεν
2793 4646 2827 4699 ό
2855 4644 2999 4710 Θεός
3024 4662 3148 4714 μοι,
3180 4644 3262 4710 ὡς
3298 4644 3755 4715 ἐξεπορευόμην
3776 4647 3851 4713 ἐξ

2157 4736 2484 4806 Αἰγύπτου.
2507 4734 2621 4790 Kal
2641 4734 2735 4788 ἐπὶ
2763 4732 2857 4787 τοῦ
2910 4733 3077 4805 νόμου
3111 4733 3168 4787 δὲ
3215 4732 3279 4788 τὸ
3317 4734 3448 4789 αὐτὸ
3477 4733 3637 4787 τοῦτο
3668 4740 3847 4790 ποιεῖ’

2161 4823 2291 4894 περὶ
2314 4823 2425 4894 7&9
2440 4821 2549 4875 τῶν
2572 4822 2935 4889 πρωτοτόκων
2958 4819 3129 4874 εἰπὼν
3162 4820 3486 4893 προστίθησι
3517 4820 3698 4874 πάλιν·
3719 4821 3847 4897 [εει

2172 4910 2314 4964 Ἐὰν
2339 4909 2410 4963 δὲ
2455 4910 2728 4980 ἐρωτήσῃ
2766 4926 2841 4964 σε
2865 4912 2899 4963 ὁ
2926 4908 3058 4973 υἱός
3084 4921 3202 4962 σου
3218 4908 3369 4977 μετὰ
3394 4910 3581 4962 ταῦτα
3610 4908 3845 4979 λέγων·

2163 5000 2223 5052 Τι’
2245 4998 2625 5070 τοῦτο;ὲρεῒς
2637 4997 2786 5068 πρὸς
2803 4993 3010 5059 αὐτὸν,
3032 4994 3121 5049 ὅτι
3149 4989 3256 5051 Ἕν
3282 4995 3433 5063 χειρί
3455 4994 3704 5065 κραταιᾷ
3738 5000 3847 5064 ἑξ-

2155 5085 2381 5156 ήγαγεν
2401 5085 2558 5154 ἡμᾶς
2587 5088 2801 5153 Κύριος
2820 5082 2890 5149 ἐξ
2908 5084 3207 5153 Αίγύπτου
3236 5083 3302 5146 ἐξ
3335 5086 3508 5137 οἴκου
3524 5083 3842 5153 δουλείας.

2166 5174 2378 5227 Ἣνίκα
2432 5173 2501 5225 δὲ
2541 5170 2889 5241 ἐσκλήρννε
2933 5169 3143 5240 Φαραὼ
3179 5170 3602 5235 ἐξαποστεῖλαι
3648 5171 3839 5243 ἡμᾶς.

2154 5260 2466 5315 ἀπέκτεινε
2486 5258 2610 5315 πᾶν
2639 5259 3017 5328 πρωτότοκον
3039 5259 3109 5311 ἐν
3130 5256 3206 5327 τῇ
3229 5259 3530 5328 Αἰγύπτου
3550 5258 3672 5312 ἀπὸ
3683 5274 3846 5329 πρω-

2152 5355 2416 5403 τοτόκων
2423 5345 2750 5415 ἀνθρώπων
2762 5347 2873 5414 ἕως
2897 5348 3285 5415 πρωτοτόκων
3298 5345 3553 5413 κτηνῶν.
3570 5348 3676 5402 Διὰ
3694 5349 3841 5405 τοῦ·

2152 5454 2221 5491 το
2252 5435 2369 5510 ἐγὼ
2390 5439 2510 5492 θύω
2529 5438 2727 5507 Κυρίῳ
2746 5435 2871 5492 πᾶν
2892 5435 3195 5506 διανοῖγον
3206 5435 3445 5506 μήτραν
3473 5437 3841 5506 ἀρσενικόν

2216 5671 2239 5701 ⁸
2262 5668 2397 5727 Haec,
2426 5668 2588 5716 ἀλλ’...
2613 5667 2931 5730 ἐκφεύξονται,
2971 5673 3319 5730 amoenum}-
3340 5663 3391 5713 in
3415 5665 3588 5714 Morel.
3615 5669 3833 5730 130mm.

2214 5730 2243 5769 ἁ
2271 5726 2404 5793 Ηεεο,
2425 5730 2566 5778 πόθεν
2716 5730 2983 5793 προφήτας,
3013 5740 3126 5788 que
3143 5727 3450 5793 gnanifeslam
3476 5726 3838 5793 interpolglio-

2153 5807 2267 5850 nem
2292 5790 2506 5852 sapiunt,
2534 5805 2629 5840 non
2652 5789 2804 5840 babél
2827 5789 2999 5852 Savil.2
3026 5800 3121 5852 ηερ
3141 5789 3271 5852 τοι-ιε
3303 5794 3452 5840 etiam
3471 5796 3593 5839 ceu:
3605 5793 3665 5841 'i.
3693 5790 3829 5841 Em.

2219 5859 2245 5889 ⁸
2263 5849 2373 5909 Dub
2395 5849 2508 5905 mss.
2539 5853 2680 5919 αὐτά,
2704 5852 2858 5906 lore!
2901 5856 2956 5906 ει
2971 5850 3125 5904 Sull.
3147 5849 3325 5929 αιξτῶν.
