4116 6392
306 316 412 371 353

305 436 535 500 oportet,
563 439 756 481 nonea
789 433 933 479 certe
972 420 1301 491 providentia
1340 416 1564 473 dicenda
1605 422 1708 477 est,
1750 411 1889 466 sicut

307 536 406 576 nec
430 521 517 574 illa
554 517 847 573 admonitio
869 515 1003 569 lleli.
1028 514 1162 568 Cum
1192 528 1320 565 vero
1351 512 1553 565 crimen
1596 513 1886 563 narrasset.

306 623 414 667 tum
448 626 658 681 poenam
702 608 900 678 ingenti
944 622 1063 660 cum
1111 604 1379 659 iracundia
1420 600 1643 656 induxit.
1684 596 1887 661 Juravi,

305 706 470 769 enim,
496 702 680 772 inquit,
708 700 881 753 domui
906 698 1048 758 Heli.
1073 699 1116 752 si
1144 706 1399 768 peccatum
1428 694 1563 748 istud
1586 692 1761 745 domui
1782 689 1891 743 lle-

306 800 342 850 li
369 797 672 865 expialtitur,
700 796 802 847 sive
827 792 1154 863 thymiamatc
1194 790 1297 842 sive
1342 787 1607 855 sacriﬁciis
1646 799 1800 853 usque
1835 780 1890 835 in

305 900 549 943 aeternum
576 886 649 959 (1.
683 886 810 955 Reg.
840 885 895 938 5.
930 881 1315 954 14).Vidistine
1346 881 1611 949 ingentem
1645 875 1889 941 indigna-

308 980 525 1039 tionem.
550 987 867 1046 poenamque
896 974 1041 1027 omni
1068 986 1163 1041 spe
1196 970 1366 1025 venite
1395 965 1707 1024 carentem?
1734 965 1893 1018 Pror-

306 1084 417 1133 sus,
447 1068 637 1136 inquit,
667 1066 812 1120 illum
841 1065 1015 1135 perire
1040 1070 1267 1131 oportet,
1298 1076 1398 1114 nec
1426 1060 1595 1127 ipsum
1638 1055 1795 1110 modo
1837 1062 1892 1108 et

306 1160 423 1230 ejus
454 1159 610 1223 ﬁlios,
632 1157 727 1212 sed
753 1173 873 1211 cum
900 1157 1015 1225 ipso
1044 1155 1260 1208 domum
1303 1155 1626 1214 universam,
1662 1149 1893 1203 nullum-

305 1266 409 1319 que
438 1248 881 1303 medicamentum
929 1246 1050 1309 erit,
1096 1244 1235 1315 quod
1282 1244 1472 1297 vulnus
1516 1240 1656 1295 istud
1702 1252 1892 1293 curare

310 1344 478 1412 possit
508 1362 522 1394 :
555 1343 678 1396 licet
707 1341 821 1396 seni
852 1341 926 1395 illi
960 1349 1154 1408 prmtcr
1183 1338 1409 1391 ﬁliorum
1438 1335 1733 1405 neglectum
1761 1331 1891 1386 nihil

306 1434 448 1505 quod
474 1433 684 1488 crimini
706 1432 858 1487 daret
886 1429 1126 1484 habuerit
1147 1429 1304 1483 Deus.
1330 1427 1456 1481 Erat
1487 1426 1628 1480 enim
1652 1426 1703 1479 in
1732 1431 1895 1479 (ιιι-ιτε-

306 1528 383 1580 ris
408 1526 654 1579 omnibus
682 1522 1045 1585 admirandus,
1080 1521 1304 1590 ejusque
1350 1518 1738 1587 phiIOsophiam
1778 1530 1893 1569 om-

308 1631 430 1671 nem
450 1632 554 1670 non
576 1630 641 1669 ex
659 1615 777 1669 aliis
802 1614 981 1677 modo,
1011 1612 1105 1667 sed
1132 1628 1196 1666 ex
1229 1612 1293 1665 iis
1316 1624 1526 1680 quoque
1552 1624 1671 1678 qua:
1714 1608 1765 1660 in
1801 1621 1897 1659 ea-

309 1708 546 1761 lamitate
573 1707 931 1775 contigerunt,
965 1704 1145 1758 videre
1170 1712 1270 1757 est.
1313 1702 1547 1755 Primum
1587 1700 1731 1754 enim
1771 1713 1891 1752 cum

310 1798 425 1853 hzee
451 1798 627 1853 omnia
657 1798 914 1863 audisset,
938 1811 1101 1866 seque
1121 1795 1185 1849 ad
1212 1809 1517 1864 supremam
1546 1807 1755 1864 poenam
1776 1807 1894 1860 per-

308 1892 521 1945 venisse
560 1890 913 1960 conspiceret,
961 1903 1067 1942 non
1112 1888 1364 1957 graviter,
1412 1900 1517 1940 non
1560 1884 1896 1954 indignanter

310 1983 451 2049 tulit,
484 1999 588 2037 non
615 1983 666 2037 id
698 1983 830 2037 dixit
856 1982 999 2052 quod
1032 1981 1240 2050 plurimi
1278 1980 1538 2034 dixissent
1571 1996 1583 2032 :
1620 1977 1753 2032 Num
1797 1992 1896 2045 ego

310 2076 535 2130 aliorum
561 2075 848 2129 voluntatis
876 2074 1125 2127 dominus
1155 2071 1313 2127 sum?
1353 2070 1695 2126 Peecatorum
1744 2083 1897 2123 meo-

310 2183 426 2222 rum
452 2182 634 2237 pcenas
665 2169 809 2222 luere
828 2166 999 2221 debeo
1030 2184 1045 2221 :
1076 2165 1166 2219 ﬁlii
1193 2173 1403 2219 aetatem
1441 2163 1659 2228 habent,
1691 2162 1896 2231 ipsique

310 2260 410 2313 soli
441 2260 757 2329 supplicium
785 2269 1076 2313 merentur.
1098 2259 1298 2312 llorum
1328 2257 1460 2311 nihil
1491 2256 1626 2310 dixit
1651 2257 1732 2310 vel
1749 2256 1896 2325 cogi-

312 2350 477 2415 tavit;
506 2350 597 2403 sed
626 2361 682 2404 ut
707 2365 890 2404 servus
918 2349 1056 2403 bene
1081 2348 1322 2413 affectus,
1351 2348 1435 2401 cui
1464 2346 1514 2400 id
1553 2361 1712 2400 unum
1747 2346 1896 2400 cordi

309 2449 445 2505 erat,
475 2440 826 2494 utadomino
878 2439 1055 2493 omnia
1101 2438 1251 2494 facile
1291 2438 1658 2508 patienterque
1705 2435 1891 2502 ferret,

310 2531 701 2599 «mantumlibet
726 2532 811 2585 illa
840 2532 1032 2585 acerba
1065 2540 1262 2595 essent,
1291 2531 1369 2585 sic
1410 2530 1499 2584 ille
1528 2529 1689 2585 verba
1720 2528 1895 2599 philo-

306 2620 514 2689 sophia:
544 2622 699 2691 plena
728 2622 969 2692 protulit.
1013 2620 1283 2687 Dominus,
1331 2621 1498 2688 enim,
1549 2621 1738 2690 inquit,
1782 2630 1896 2686 est;

312 2712 448 2780 quod
475 2723 675 2781 gratum
704 2724 775 2767 est
802 2714 854 2767 in
874 2722 1143 2783 conspectu
1163 2729 1254 2766 suo
1275 2714 1423 2783 faciet
1446 2713 1522 2782 (1.
1551 2711 1678 2783 Reg.
1709 2711 1892 2781 5.18).

316 2803 428 2857 Non
458 2805 629 2859 solum
657 2814 831 2858 autem
862 2806 1006 2870 hinc,
1031 2804 1123 2859 sed
1152 2803 1367 2858 aliunde
1396 2818 1607 2873 quoque
1639 2802 1755 2872 ejus
1790 2802 1899 2855 vir-

308 2905 401 2948 tus
430 2894 754 2965 deprehendi
786 2903 981 2965 potest.
1008 2895 1139 2949 Nam
1183 2910 1302 2950 cum
1344 2893 1486 2949 bello
1528 2904 1897 2963 premerentur

314 2985 506 3051 Judaei,
535 2986 898 3057 aceedensque
926 2987 1139 3057 quidam
1170 2986 1293 3041 belli
1311 2986 1488 3041 clades
1508 2988 1893 3052 annuntiasset,

309 3089 477 3149 utque
507 3079 729 3150 turpiter
757 3089 810 3133 et
834 3079 1030 3133 misere
1061 3078 1176 3147 ejus
1218 3078 1311 3131 ﬁlii
1352 3078 1404 3132 in
1452 3078 1632 3149 prmlio
1669 3079 1896 3133 cecidis-

316 3180 455 3237 sent,
484 3171 598 3227 haec
626 3173 801 3242 quiete
825 3172 1054 3236 audivit;
1087 3181 1139 3225 at
1182 3172 1270 3226 ubi
1324 3172 1412 3227 ille
1460 3180 1655 3242 praeter
1693 3172 1893 3227 cmdem

314 3265 616 3333 hujusmodi
642 3280 821 3319 arcam
847 3265 913 3320 ab
941 3264 1179 3318 hostibus
1219 3276 1429 3333 captam
1464 3264 1627 3320 fuisse
1664 3265 1895 3335 adjecit--

309 3362 414 3419 set,
440 3365 566 3411 tunc
591 3371 821 3411 ntmrore
847 3355 1223 3410 obtenebratus
1253 3371 1416 3410 senex
1442 3356 1632 3410 cecidit
1655 3354 1723 3409 de
1767 3357 1895 3410 sella

308 3456 459 3502 retro
482 3446 629 3517 juxta
673 3448 911 3518 januam,
953 3457 1005 3501 et
1040 3449 1326 3501 contritum
1361 3456 1444 3502 est
1485 3447 1702 3503 dorsum
1734 3449 1849 3515 ejus
1879 3466 1893 3502 :

310 3554 477 3594 senex
496 3541 637 3594 enim
666 3550 799 3604 erat,
826 3548 879 3594 et
894 3540 1072 3609 gravis
1091 3546 1145 3593 et
1172 3538 1518 3605 honorabilis,
1536 3549 1590 3594 et
1624 3540 1736 3609 ipse
1755 3540 1897 3608 judi-

312 3632 453 3686 cavit
495 3632 655 3687 lsrael
697 3632 878 3702 viginti
905 3632 1079 3686 annis.
1104 3632 1255 3699 Quod
1275 3632 1318 3685 si
1338 3631 1667 3686 sacerdotem
1688 3647 1893 3698 senem,

311 3724 703 3791 honorabilem,
745 3726 833 3795 qui
878 3724 995 3780 sine
1033 3726 1248 3794 querela
1295 3724 1637 3779 Hebrteorum
1682 3736 1895 3795 gentem

314 3815 498 3883 viginti
540 3816 694 3869 annis
741 3826 976 3881 rexerat,
1022 3817 1110 3886 qui
1142 3815 1207 3869 iis
1233 3815 1560 3887 temporibus
1586 3816 1734 3879 vixit,
1777 3832 1897 3886 qua:

316 3922 421 3961 non
455 3916 653 3960 tantam
685 3908 805 3962 vitae
831 3906 1155 3977 diligentiam
1179 3908 1539 3977 requirebant,
1557 3906 1687 3960 nihil
1706 3906 1895 3962 horum

314 4012 573 4053 excusare
606 3998 804 4068 potuit;
827 3999 920 4053 sed
944 4000 989 4053 is
1017 3999 1139 4069 quia
1167 3998 1395 4053 ﬁliorum
1438 4012 1620 4052 curam
1668 4013 1773 4051 non
1816 4006 1899 4051 sat

315 4090 601 4159 diligenter
620 4089 896 4155 habuerat,
922 4092 1117 4145 misere
1138 4101 1190 4145 et
1218 4080 1498 4144 infeliciter
1522 4090 1697 4159 periit,
1725 4105 1787 4144 ac
1804 4105 1898 4143 ne-

314 4180 579 4248 gligentize
600 4180 738 4233 illius
761 4180 966 4234 crimen
998 4181 1165 4234 instar
1188 4179 1380 4235 ﬂuctus
1411 4181 1640 4250 ingentis
1666 4181 1755 4235 illa
1781 4197 1897 4234 om-

319 4270 401 4323 nia
431 4270 776 4336 transcendit,
807 4281 859 4325 et
889 4280 1032 4325 recte
1053 4269 1190 4325 facta
1211 4272 1388 4325 omnia
1415 4272 1590 4326 obruit
1616 4289 1629 4325 :
1653 4288 1772 4343 quzc
1799 4288 1897 4328 nos

316 4364 451 4417 ultio
471 4363 721 4433 excipiet,
751 4365 837 4434 qui
866 4363 947 4418 his
968 4364 1298 4433 temporibus
1326 4364 1577 4430 vivimus,
1616 4364 1668 4418 in
1708 4365 1900 4434 quibus

316 4454 488 4524 major
512 4456 846 4525 philosophia
879 4456 1184 4525 requiritur,
1210 4466 1263 4509 et
1284 4465 1457 4509 tamen
1484 4456 1560 4509 illi
1585 4455 1779 4510 virtute
1814 4456 1900 4509 in-

318 4544 540 4601 feriores
566 4563 786 4611 smnus;
810 4562 873 4601 ae
904 4564 1009 4601 non
1040 4546 1200 4601 modo
1226 4547 1347 4601 ﬁliis
1377 4563 1482 4600 non
1526 4547 1896 4617 prospicimus,

316 4638 409 4692 sed
436 4639 594 4692 etiam
621 4640 755 4694 alios
781 4639 831 4692 id
870 4639 1045 4694 facere
1075 4640 1303 4695 nitentes
1352 4639 1555 4692 insidiis
1600 4638 1900 4708 appetimus

318 4742 779 4802 ctoppugnamus,
814 4748 876 4787 ac
905 4733 1144 4787 barbaris
1192 4732 1534 4786 humaniores
1576 4748 1697 4802 erga
1748 4741 1901 4786 natos

319 4836 533 4879 nostros
562 4828 785 4880 sumus?
814 4824 1028 4879 Illorutn
1054 4826 1247 4896 quippe
1275 4825 1459 4881 feritas
1488 4841 1653 4894 usque
1678 4824 1745 4878 ad
1785 4841 1900 4879 ser-

318 4919 535 4971 vituteut
564 4926 789 4981 tantum,
818 4928 871 4971 et
896 4919 1194 4973 vastitatem
1218 4934 1281 4973 ac
1304 4919 1661 4988 Captivitatem
1696 4918 1899 4987 patria},

315 5024 679 5076 corporeaque
703 5008 837 5062 mala
866 5011 1023 5063 suevit
1042 5025 1056 5075 ;
1076 5025 1170 5064 vos
1194 5020 1370 5065 autem
1400 5011 1566 5079 ipsam
1594 5010 1826 5064 animam
1849 5010 1901 5063 in

316 5102 625 5155 servitutem
645 5101 903 5171 redigitis,
918 5117 1142 5171 eamque
1167 5103 1304 5156 velut
1325 5101 1588 5170 captivum
1610 5102 1901 5171 alligatam,

320 5192 388 5245 ita
415 5192 657 5261 malignis
679 5190 911 5261 ferisque
943 5192 1274 5247 dmmonibus
1305 5208 1597 5262 eorumque
1626 5192 1904 5245 affectibus

323 5284 552 5337 traditis.
574 5285 707 5338 Cum
761 5286 905 5340 enim
953 5301 1125 5354 neque
1168 5286 1268 5354 ipsi
1316 5284 1587 5355 quidpiam
1631 5285 1906 5355 spirituale

323 5376 573 5441 monetis,
605 5391 777 5445 neque
816 5377 953 5431 alios
988 5376 1038 5431 id
1066 5377 1343 5447 cupientes
1370 5376 1543 5431 facere
1577 5376 1903 5447 permittitis,

323 5467 455 5521 nihil
488 5468 723 5537 profecto
748 5468 891 5525 aliud
945 5470 1120 5540 agitis.
1166 5469 1276 5525 Nec
1328 5469 1457 5523 mihi
1502 5468 1645 5523 dicat
1692 5469 1903 5538 aliquis,

324 5559 544 5629 multos,
573 5562 661 5632 qni
684 5563 803 5633 plus
832 5579 988 5632 quam
1023 5562 1137 5617 lleli
1187 5562 1325 5618 ﬁlios
1366 5561 1745 5633 neglexerant,
1777 5561 1908 5615 nihil

326 5651 503 5707 simile
549 5669 734 5723 passos
763 5671 901 5710 esse.
947 5654 1093 5709 Multi
1132 5655 1275 5711 enim
1313 5670 1456 5724 saepe
1494 5655 1565 5710 ob
1605 5653 1907 5723 hujusmodi

326 5745 534 5813 culpam
561 5746 719 5801 etiam
748 5747 810 5801 iis
831 5747 1071 5817 graviora
1102 5746 1241 5818 passi
1271 5755 1412 5802 sunt.
1444 5744 1574 5800 Nam
1605 5743 1744 5800 unde
1772 5760 1907 5816 pra:-

1057 304 1412 361 ADVERSUS
1440 290 1986 358 OPPUGNATORES
2026 290 2208 348 VlT/E
2247 293 2537 351 hiONAST.
2581 294 2707 349 LIB.
2753 295 2839 352 Ill.

3480 296 3586 351 3511

2000 416 2224 462 matura:
2253 409 2489 463 mortes?
2518 408 2658 462 unde
2684 407 2981 477 gravissimi
3011 415 3064 459 et
3092 405 3391 475 frequentes
3412 421 3581 459 tnorm

1997 509 2052 555 et
2072 502 2227 555 nobis
2248 511 2300 555 et
2324 501 2506 555 liberis
2557 502 2756 554 nostris
2800 499 3139 555 inferuntur?
3176 500 3318 555 unde
3364 500 3581 562 damna,

1997 595 2138 649 unde
2164 593 2513 660 calamitates,
2535 594 2675 649 unde
2715 604 3054 657 uocumenta,
3086 594 3226 649 unde
3255 595 3392 649 mala
3423 596 3582 650 innu-

1997 684 2180 738 mera?
2210 701 2388 739 nonne
2414 686 2554 754 quod
2588 687 2859 754 improbos
2906 686 3042 740 ﬁlios
3084 687 3369 741 emendare
3412 689 3581 755 negli-

1995 775 2221 845 gatnus?
2248 775 2397 842 Quod
2425 777 2537 831 haec
2562 787 2737 831 atttetn
2779 793 2883 831 non
2933 778 3236 847 conjectura
3285 778 3383 843 sit,
3439 778 3584 831 senis

1997 866 2139 920 illius
2168 882 2324 921 casus
2353 868 2482 920 satis
2512 868 2761 923 ostendit.
2797 869 2910 937 Ego
2941 884 3069 923 vero
3103 869 3360 938 sapientis
3401 869 3583 939 Cujus-

1996 958 2117 1012 dam
2145 974 2208 1012 ex
2246 960 2445 1013 nostris
2475 958 2573 1013 hac
2600 960 2667 1015 de
2717 976 2774 1014 re
2815 962 3013 1015 dictum
3061 962 3287 1016 referam
3320 979 3332 1014 :
3364 961 3431 1016 de
3462 961 3585 1015 ﬁliis

1996 1051 2138 1104 enim
2162 1050 2450 1111 disserens.
2474 1054 2541 1105 ita
2572 1052 2807 1120 laquitur
2833 1071 2843 1104 :
2872 1052 3151 1106 Nelwteris
3172 1052 3224 1105 in
3247 1052 3366 1121 ﬁliis
3388 1052 3584 1120 impiis;

1997 1143 2096 1195 nisi
2125 1144 2275 1212 fuerit
2301 1144 2354 1196 in
2375 1144 2479 1196 illis
2514 1142 2612 1197 Dei
2653 1146 2821 1207 timor,
2856 1161 2919 1198 ne
2953 1145 3182 1213 conﬁdas
3213 1144 3422 1198 illorum
3468 1146 3583 1198 vitae

1998 1234 2179 1302 (Eccli.
2216 1236 2300 1290 16.
2335 1236 2470 1307 1-5).
2502 1236 2820 1307 lngemisces
2836 1240 2975 1293 enim
3004 1249 3325 1309 praematuro
3348 1239 3586 1302 luctn,ct

1997 1325 2283 1395 derepente
2313 1328 2521 1383 illorum
2552 1331 3012 1400 con~umptionem
3040 1332 3197 1385 scies.
3230 1330 3451 1384 Plurimi
3480 1330 3583 1399 igi-

1998 1425 2102 1481 tur,
2132 1426 2188 1471 ut
2210 1417 2339 1483 dixi,
2374 1419 2536 1473 multa
2565 1420 2827 1489 ejusmodi
2859 1422 2997 1490 passi
3028 1432 3172 1475 sunt.
3207 1422 3260 1474 Si
3285 1431 3458 1475 autem
3481 1420 3583 1473 ali-

1996 1512 2086 1581 qui
2135 1511 2449 1583 cﬁ‘ugerint,
2478 1524 2533 1568 at
2576 1529 2683 1568 non
2733 1515 2783 1568 in
2830 1514 2988 1569 ﬁnem
3037 1515 3290 1585 effugient
3321 1516 3359 1579 ³,
3396 1515 3491 1571 sed
3528 1516 3581 1568 in

1997 1605 2185 1674 capitis
2209 1607 2290 1660 sui
2317 1607 2549 1671 malum;
2578 1608 2881 1663 acerbiores
2906 1609 3071 1675 enim,
3102 1624 3222 1663 cum
3252 1610 3585 1664 excesserint

1998 1713 2028 1753 e
2054 1698 2181 1761 vita.
2210 1715 2397 1770 pcenas
2422 1701 2585 1755 luent.
2618 1700 2725 1757 Cur
2751 1713 2950 1767 autem,
2979 1703 3206 1772 inquies.
3233 1719 3336 1758 non
3364 1704 3449 1757 hic
3470 1720 3586 1758 om-

1999 1808 2095 1847 nes
2115 1794 2436 1863 puniuntur?
2463 1795 2595 1863 Quia
2630 1796 2767 1850 Deus
2792 1796 2932 1851 diem
2961 1799 3167 1863 statuit,
3193 1813 3294 1867 qua
3319 1797 3584 1866 judicatu-

1998 1901 2089 1940 rus
2115 1895 2197 1941 est
2222 1887 2404 1941 orbem
2436 1888 2739 1942 universum
2769 1907 2783 1943 :
2818 1888 2932 1943 hcce
2968 1900 3141 1943 autem
3185 1889 3301 1944 dies
3346 1888 3583 1943 nondum

1999 1976 2170 2033 adest.
2203 1979 2280 2032 Ad
2306 1978 2422 2033 hcce
2446 1995 2571 2034 vero
2605 1981 2648 2033 si
2691 1981 2763 2033 ita
2809 1980 2976 2043 ﬁeret,
3000 1980 3110 2050 jam
3144 1981 3481 2050 absumptum
3531 1990 3586 2034 et

1999 2072 2274 2141 abreptum
2304 2082 2445 2126 esset
2466 2087 2624 2126 omne
2659 2087 2827 2141 genus
2869 2072 3181 2126 humanum.
3225 2072 3329 2127 Sed
3380 2080 3439 2126 ut
3486 2088 3585 2125 nec

2002 2162 2103 2217 hoc
2133 2163 2424 2233 contingat,
2453 2178 2553 2218 nec
2581 2163 2794 2233 plurimi
2826 2165 3101 2233 segniores
3137 2164 3263 2217 ﬁant
3298 2178 3367 2217 ex
3416 2162 3583 2215 tardi-

2002 2263 2109 2308 tate
2133 2254 2340 2323 judieii,
2365 2255 2621 2323 quosdam
2647 2255 2784 2309 Deus
2809 2255 3041 2325 peccatis
3070 2254 3333 2309 obnoxios
3359 2252 3443 2307 hic
3473 2268 3585 2323 poe-

2001 2346 2083 2400 nis
2112 2346 2369 2410 afﬁeiens,
2396 2346 2585 2401 horum
2614 2349 2859 2417 exemplo
2886 2348 3121 2417 reliquos
3141 2347 3318 2412 docet,
3338 2361 3582 2416 quamam

1999 2437 2070 2490 sit
2095 2437 2471 2506 suppliciorum
2501 2439 2636 2492 ratio
2662 2454 2724 2493 ac
2750 2453 3017 2503 mensura,
3042 2448 3097 2492 ttt
3115 2438 3377 2503 ediscant,
3400 2452 3478 2501 se,
3502 2447 3583 2491 et-

2000 2530 2046 2584 si
2077 2530 2128 2584 in
2160 2532 2257 2584 hac
2284 2532 2387 2585 vita
2413 2546 2596 2600 poenas
2620 2547 2724 2586 non
2755 2534 2922 2595 luant,
2956 2542 3073 2602 post
3101 2546 3377 2587 excessum
3406 2542 3583 2586 tamen

2002 2621 2155 2691 longe
2195 2623 2468 2691 graviores
2509 2624 2782 2677 subituros
2824 2640 2965 2678 esse.
3010 2623 3193 2693 Neque
3245 2624 3386 2678 enim
3438 2624 3581 2694 quod

2000 2714 2312 2783 prephetam
2341 2731 2481 2769 nunc
2512 2732 2615 2768 non
2646 2716 2821 2769 mittat
2850 2716 3012 2779 Deus,
3040 2730 3138 2769 nec
3166 2728 3349 2782 pinnas
3372 2713 3581 2769 denun-

2002 2806 2096 2859 tiet
2124 2814 2178 2859 ut
2211 2805 2324 2859 Heli
2354 2816 2614 2874 tempore,
2640 2807 2759 2859 ideo
2779 2806 2989 2860 desides
3009 2821 3128 2860 esse
3154 2805 3409 2859 debemus
3437 2823 3450 2858 :
3475 2819 3583 2858 non

1999 2899 2141 2952 enim
2172 2898 2545 2967 prophetarum
2597 2899 2698 2953 hoc
2741 2908 2951 2968 tempus
2997 2909 3116 2961 cst;
3161 2898 3266 2951 itno
3313 2912 3440 2951 vero
3488 2910 3583 2950 eos

2001 3005 2142 3043 nunc
2166 3005 2376 3059 quoque
2406 2990 2585 3044 mittit.
2618 2988 2793 3062 [Unde
2815 2989 2865 3043 id
2903 2989 3055 3043 nobis
3078 2988 3278 3058 liquet?
3303 2985 3502 3040 Habent
3533 2989 3574 3051 ',

2001 3081 2185 3150 inquit,
2215 3080 2442 3152 Moysem
2462 3092 2510 3134 et
2538 3080 2827 3153 praphetas]
2842 3079 2993 3151 (Luc.
3024 3082 3111 3135 16.
3140 3081 3255 3152 29).
3279 3080 3350 3133 Ea
3379 3079 3576 3148 quippe

2000 3190 2121 3243 qua:
2146 3173 2287 3229 illius
2326 3175 2579 3244 temporis
2625 3175 2750 3227 viris
2792 3173 2933 3228 dicta
2983 3182 3124 3239 sunt,
3172 3171 3325 3227 nobis
3367 3186 3581 3241 quoque

1999 3268 2138 3322 dicta
2166 3276 2307 3333 sunt,
2341 3283 2441 3321 nec
2468 3266 2629 3322 modo
2652 3266 2787 3333 llcli,
2816 3266 2908 3321 sed
2940 3266 3186 3319 omnibus
3215 3263 3368 3318 simul
3392 3262 3579 3317 eadem

2000 3358 2343 3428 peccantibus
2374 3374 2469 3427 per
2498 3359 2643 3412 illum
2671 3373 2869 3428 perque
2897 3357 3034 3411 illius
3058 3356 3384 3410 calamitates
3412 3356 3582 3424 loqui-

2002 3464 2087 3506 tur
2110 3453 2267 3506 Deus.
2290 3452 2401 3507 Nec
2430 3454 2570 3506 enim
2605 3466 2858 3521 personas
2884 3450 3096 3519 accipit,
3127 3464 3225 3504 nec
3250 3450 3337 3518 qui
3375 3449 3577 3503 minora

2001 3555 2309 3616 peccantem
2336 3561 2455 3600 cum
2483 3546 2643 3599 domo
2665 3553 2771 3597 tota
2808 3542 3042 3598 funditus
3084 3542 3296 3606 evertit,
3338 3541 3580 3611 graviora

1999 3653 2281 3709 aggressos
2307 3638 2537 3692 dimittet
2562 3636 2779 3690 inultos.

2070 3731 2126 3786 4.
2170 3730 2326 3802 Leges
2364 3729 2739 3783 educandorum
2766 3728 3036 3781 liberorum
3060 3724 3168 3778 Deo
3194 3725 3345 3778 dalis.
3373 3753 3444 3764 -
3463 3723 3578 3777 Non

2001 3824 2141 3877 enim
2168 3822 2346 3876 dicere
2374 3819 2453 3874 fas
2477 3828 2578 3883 est,
2608 3834 2729 3874 eum
2753 3833 2856 3872 non
2887 3817 3105 3871 multam
3132 3816 3289 3885 hujus
3316 3815 3390 3870 rei
3419 3814 3584 3869 ratio-

2001 3930 2122 3968 nem
2170 3912 2386 3976 habere,
2419 3925 2679 3965 summam
2707 3909 2923 3978 quippe,
2956 3906 3349 3960 educandorum
3390 3905 3584 3959 libero-

2001 4020 2117 4059 rum
2143 4002 2550 4058 sollicitudinem
2580 4001 2780 4055 inducit
2811 4017 2823 4052 :
2857 3998 3116 4069 siquidem
3154 4006 3351 4051 tantam
3379 4008 3583 4053 natura:

2002 4096 2482 4164 concupiscentiam
2520 4094 2640 4148 ideo
2680 4092 2887 4157 indidit,
2934 4102 2989 4145 ut
3016 4090 3164 4161 quasi
3209 4089 3582 4144 necessitatem

2002 4191 2282 4261 quamdam
2316 4187 2673 4243 inevitabilem
2693 4198 2833 4240 cura;
2860 4186 3086 4238 ﬁliorum
3108 4181 3365 4237 habenda:
3387 4195 3588 4250 parcn-

2003 4286 2142 4340 tibns
2179 4283 2527 4339 constitueret
2576 4298 2589 4333 :
2640 4280 2782 4348 leges
2809 4277 2932 4331 item
2955 4275 3291 4347 postmodum
3320 4272 3494 4327 intulit
3516 4271 3585 4326 de

2002 4392 2127 4430 eura
2152 4375 2377 4428 filiorum
2407 4370 2636 4442 gerenda
2664 4384 2761 4423 nos
2790 4368 3066 4437 alloquens
3090 4382 3105 4420 :
3136 4375 3188 4420 et
3222 4380 3343 4420 eum
3365 4363 3480 4419 dies
3502 4364 3585 4417 fe-

2003 4476 2116 4519 stos
2140 4473 2418 4528 statueret,
2462 4470 2519 4515 ut
2542 4475 2731 4516 causas
2761 4459 2879 4512 ﬁliis
2901 4458 3011 4511 suis
3034 4456 3327 4510 indicarent
3358 4455 3589 4523 impera-

2004 4559 2098 4611 vit.
2143 4556 2272 4611 Nam
2305 4570 2424 4609 cum
2462 4554 2529 4607 de
2564 4551 2821 4606 Paschate
2852 4548 3177 4618 loqueretur,
3218 4545 3411 4614 adjecit
3452 4561 3464 4598 :
3524 4542 3590 4596 Et

2004 4648 2324 4704 aununtiabis
2377 4648 2484 4716 ﬁlio
2538 4657 2621 4698 tuo
2660 4645 2712 4697 in
2769 4643 2851 4695 die
2896 4641 2987 4693 illa
3036 4639 3205 4692 dicens
3247 4652 3266 4691 :
3299 4635 3426 4689 Ideo
3473 4636 3590 4704 fecit

2006 4741 2145 4795 Deus
2174 4740 2297 4793 nti/ti
2340 4740 2467 4801 luce,
2494 4753 2607 4790 cum
2642 4735 2827 4789 exirem
2848 4732 2909 4784 de
2944 4729 3195 4800 Egypto.
3229 4728 3282 4781 In
3313 4729 3429 4795 lege
3454 4741 3590 4795 qno-

2005 4851 2109 4907 que
2149 4834 2375 4902 idipsnm
2433 4829 2601 4884 facit:
2648 4843 2769 4883 nam
2825 4824 2893 4879 de
2929 4821 3292 4893 primogenitis
3344 4819 3593 4888 loquutus

2006 4941 2190 4984 rursus
2254 4925 2432 4995 adjicit
2489 4939 2503 4977 :
2570 4920 2629 4976 Si
2677 4928 2843 4973 autent
2908 4912 3286 4985 iuterrogaverit
3343 4921 3390 4965 te
3457 4909 3594 4975 ﬁlius

2009 5030 2144 5085 tuus,
2172 5019 2377 5071 dicens:
2415 5014 2550 5083 Quid
2579 5014 2671 5066 hoc
2700 5011 2813 5065 est?
2836 5009 2971 5062 dices
2996 5007 3063 5059 ad
3089 5022 3219 5062 eum.
3250 5002 3382 5069 Quia
3407 5002 3458 5054 in
3481 5017 3594 5052 ma-

2009 5128 2078 5165 nu
2104 5109 2271 5165 valida
2298 5109 2470 5161 eduxit
2495 5122 2584 5159 nos
2612 5104 2859 5158 Dominus
2888 5102 2949 5153 de
2985 5097 3215 5169 Egypto
3247 5112 3311 5149 ea:
3328 5096 3457 5166 jugo
3490 5110 3597 5146 ser-

2011 5202 2200 5256 uitutis.
2226 5197 2351 5253 Cum
2368 5214 2481 5251 vero
2507 5196 2838 5251 obduraretur
2849 5192 3055 5245 Pharao
3078 5204 3167 5242 nec
3187 5186 3459 5242 dimitteret
3482 5201 3597 5247 uos,

2013 5293 2197 5347 occidit
2212 5308 2359 5345 omne
2374 5290 2758 5361 primogenitum
2775 5286 2825 5338 in
2839 5294 2970 5337 terra
2981 5279 3196 5351 Egypti
3210 5295 3238 5330 a
3256 5275 3601 5349 prituogeuitis

2014 5384 2275 5438 hominum
2299 5398 2454 5452 usque
2470 5380 2537 5433 ad
2560 5376 2890 5449 primogenita
2903 5375 3268 5445 jumentorum.
3292 5365 3493 5420 Idcirco
3510 5380 3601 5434 ego

2078 5500 2096 5531 ¹
2131 5507 2240 5549 Haec
2261 5496 2431 5555 verba,
2454 5499 2503 5544 at
2524 5505 2617 5543 non
2637 5491 2689 5542 in
2709 5488 2855 5555 finem
2887 5487 3137 5553 emlgient,
3160 5486 3210 5535 in
3232 5480 3398 5533 Morel.
3419 5488 3604 5531 tantum

2013 5560 2372 5611 desiderantur.
3132 5611 3143 5621 .
3247 5609 3258 5619 θ

2078 5625 2100 5655 ⁸
2130 5630 2257 5680 Haec,
2286 5620 2420 5671 Lude
2440 5617 2496 5669 id
2518 5615 2652 5667 nobis
2673 5616 2821 5675 liquet
2838 5611 2863 5663 .9
2908 5612 3106 5669 Habent,
3123 5614 3293 5680 inquit,
3321 5611 3606 5680 Moysemwet

2014 5670 2299 5746 prophetas,
2312 5682 2614 5746 abromnihus
2634 5670 2827 5746 absunt,
2847 5683 3055 5746 excepto
3077 5670 3241 5722 Morel.
3266 5686 3279 5721 :
3304 5682 3416 5734 qua:
3438 5675 3608 5731 aperta

2019 5736 2425 5811 est'interpolatio
2446 5756 2459 5805 ;
2484 5754 2635 5805 quare
2659 5740 2847 5791 uncinis
2868 5736 3173 5788 seclusitnus.
