4116 6392
516 260 628 309 3’75

524 375 731 428 immoto
779 372 1000 426 Domino
1033 387 1180 426 omne
1207 372 1543 439 masculinum
1581 370 1878 440 adaperiam
1919 369 2118 424 vulvam

525 463 886 530 (Exod.13.8.
908 463 994 517 M.
1017 463 1107 532 15)
1133 479 1147 515 :
1170 463 1348 515 omnia
1371 471 1427 515 ut
1446 475 1539 516 eos
1555 461 1621 516 ad
1647 462 1737 515 Dei
1757 459 2116 530 cognitionem

526 555 796 609 adducant
825 555 1037 624 prmeipi
1053 569 1168 609 ens.
1187 553 1290 609 Sed
1309 563 1362 608 et
1380 555 1506 623 ipsis
1522 568 1734 624 quoque
1756 553 1876 607 ﬁliis
1893 553 2117 622 plurima

527 647 667 698 circa
715 660 828 707 eos,
875 647 1047 715 quise
1075 655 1394 714 genuerunt,
1447 645 1692 713 imperat,
1725 643 1862 698 bene
1901 644 2119 700 affectos

533 738 822 803 honoratis,
865 738 1101 806 ingratos
1139 738 1402 806 supplicio
1435 735 1717 793 afﬁciens:
1761 736 1858 791 hac
1879 737 2004 790 item
2032 751 2120 789 ra-

529 831 674 883 tione
700 829 940 883 cariores
978 829 1097 882 illos
1129 828 1438 897 parentibus
1467 827 1612 881 facit.
1641 826 1771 881 Nam
1802 827 1845 880 si
1875 827 1994 896 quis
2022 840 2119 879 eu-

525 921 758 990 juspiam
792 937 889 973 nos
930 921 1279 974 constitueret
1305 919 1573 984 dominos,
1615 919 1819 974 honore
1850 919 1952 973 isto
1974 933 2119 973 sum-

530 1028 672 1065 mam
700 1011 852 1066 nobis
883 1011 1254 1066 necessitatem
1282 1013 1582 1080 imponeret
1618 1026 1686 1066 ne
1707 1010 1853 1064 illum
1883 1010 2118 1079 neglige-

532 1118 715 1174 remns
747 1121 759 1156 :
785 1104 980 1157 etenim
1013 1105 1054 1156 si
1085 1103 1210 1156 nihil
1237 1103 1398 1167 aliud,
1432 1102 1562 1157 illud
1589 1112 1735 1156 certe
1773 1118 1870 1156 nos
1896 1117 2120 1157 exorare

532 1205 735 1263 posset,
766 1194 904 1264 quod
946 1195 1087 1247 illius
1130 1195 1309 1247 omnia
1341 1194 1540 1248 nostris
1571 1193 1620 1247 in
1649 1195 1892 1249 manibus
1917 1202 2117 1257 essent,

533 1303 635 1342 nec
673 1287 824 1340 nobis
863 1287 1125 1341 creditum
1170 1297 1228 1340 ut
1255 1287 1604 1357 proderemus
1633 1301 1880 1355 umquam
1929 1283 2121 1340 adduci

519 1391 836 1446 possemus.
861 1377 994 1431 Cum
1019 1388 1196 1432 autem
1222 1387 1403 1447 postea
1422 1378 1582 1431 etiam
1615 1377 1894 1441 irascatur,
1929 1376 2123 1446 magis-

534 1483 814 1537 qucquam
839 1469 935 1536 ipsi
953 1468 1292 1522 contumeliis
1314 1467 1448 1531 laesi,
1475 1467 1797 1539 indignetur,
1822 1483 2123 1538 gravesque

539 1574 727 1630 pinnas
752 1559 932 1625 addat,
964 1558 1089 1614 hinc
1114 1574 1325 1629 quoque
1367 1559 1534 1613 multo
1568 1559 1734 1630 magis
1777 1560 1843 1612 ad
1888 1557 2120 1612 ofﬁcium

537 1651 829 1720 pertrahat.
861 1651 1013 1717 Quod
1043 1651 1213 1720 ipsmu
1247 1651 1386 1705 Deus
1429 1652 1690 1721 prmstitit.
1743 1650 1824 1705 Ad
1851 1650 1967 1704 [nec
1999 1666 2124 1703 vero

537 1743 750 1794 tertitnu
799 1751 1001 1796 natura:
1051 1743 1321 1796 vinculum
1353 1741 1612 1811 adjunxit,
1646 1741 1728 1796 sin
1770 1743 1943 1795 mavis
1966 1783 1980 1805 ,
2012 1743 2121 1810 pri-

537 1850 682 1887 munt
719 1852 732 1888 :
775 1849 838 1888 ac
861 1851 925 1888 ne
954 1834 1094 1887 illius
1111 1834 1178 1888 de
1199 1834 1490 1889 educandis
1517 1835 1697 1888 liberis
1723 1833 1922 1888 monita
1945 1842 2124 1904 patres

535 1933 1182 1994 aspernarentur,natur.e
1204 1925 1407 1980 addidit
1436 1926 1825 1980 necessitatem.
1843 1925 1918 1979 Ne
1946 1936 2122 1980 autem

537 2015 628 2070 illa
657 2015 885 2069 ﬁliorum
915 2015 1124 2085 injuriis
1171 2015 1487 2070 imbecillior
1533 2015 1720 2070 effecta
1764 2025 2120 2086 rumperetur,

535 2117 591 2162 et
611 2123 760 2162 suam
787 2120 840 2164 et
859 2118 1136 2179 parentum
1167 2109 1419 2162 ultionem
1445 2107 1668 2163 ﬁrmiter
1695 2108 1989 2170 constituit,
2022 2107 2125 2162 hoc

537 2199 698 2253 modo
736 2209 792 2254 et
837 2202 956 2254 illos
997 2216 1204 2255 smnma
1234 2202 1573 2255 aecuratioue
1598 2200 1839 2255 subditos
1870 2200 2122 2266 reddens,

535 2304 590 2348 et
617 2293 808 2348 horum
854 2309 978 2362 erga
1031 2293 1166 2347 ﬁlios
1209 2309 1447 2347 amorem
1499 2293 1762 2346 excitans.
1810 2291 1994 2362 Neque
2023 2292 2126 2348 hoc

539 2395 774 2449 tantum;
803 2385 895 2440 sed
921 2386 1025 2440 alio
1051 2401 1262 2456 quoque
1296 2395 1349 2439 et
1371 2395 1562 2455 quarto
1594 2385 1752 2440 modo
1777 2400 1983 2440 summa
2027 2402 2126 2442 nos

537 2477 642 2529 illis
669 2475 941 2545 diligentia
969 2477 1246 2544 eonjunxit
1273 2495 1286 2530 :
1317 2493 1420 2530 non
1453 2485 1653 2530 tantum
1671 2477 1814 2532 enim
1837 2477 1976 2532 lilios
1998 2494 2124 2548 erga

537 2575 784 2634 parentes
810 2568 1044 2636 ingratos
1071 2570 1240 2632 pmnis
1262 2567 1446 2630 afﬁcit,
1472 2568 1639 2621 bonos
1655 2578 1832 2622 autem
1853 2568 2126 2639 amplexa-

536 2670 651 2722 tur;
697 2674 878 2712 verum
913 2659 1041 2728 ipsis
1071 2674 1281 2728 quoque
1321 2659 1630 2728 parentibus
1677 2659 1730 2713 id
1761 2659 1932 2730 ipsum
1975 2661 2120 2725 facit,

537 2749 824 2804 liberorum
876 2751 1174 2818 neglectum
1203 2751 1434 2818 graviter
1469 2751 1752 2815 ulciscens,
1785 2766 1970 2805 eorum
1996 2765 2125 2805 vero

534 2857 716 2895 curam
747 2851 802 2896 et
827 2843 1235 2898 sollicitudinem
1273 2842 1478 2897 honore
1503 2853 1558 2898 et
1583 2843 1828 2898 laudibus
1857 2844 2119 2898 afﬁciens.

534 2932 772 3002 Namque
799 2948 981 2988 senem
1017 2933 1163 2986 illum
1188 2935 1398 2989 tametsi
1416 2935 1549 2989 alias
1569 2936 1824 2990 illustrem
1852 2951 1917 2991 ex
1945 2937 2126 3005 hujus-

539 3025 681 3078 modi
725 3035 927 3080 tantum
974 3027 1292 3097 negligentia
1336 3028 1561 3098 punivit,
1613 3029 1965 3098 patriarehatn
1995 3044 2125 3084 vero

535 3133 641 3171 non
674 3116 848 3172 minus
875 3133 940 3171 ex
984 3117 1102 3183 hac,
1157 3133 1313 3188 quam
1357 3134 1420 3173 ex
1468 3119 1587 3172 aliis
1614 3120 1778 3183 curis,
1827 3120 2122 3174 honoravit.

533 3208 669 3263 Cum
708 3209 849 3281 enim
883 3209 1044 3262 multa
1076 3225 1372 3280 magnaque
1397 3210 1536 3265 dona
1566 3210 1674 3274 illa,
1706 3227 1824 3280 qua:
1845 3225 1902 3263 se
1928 3210 2000 3264 illi
2026 3210 2124 3264 da-

536 3312 710 3355 turuut
753 3301 1122 3370 pollicebatur,
1164 3314 1462 3367 enarraret,
1508 3312 1561 3356 et
1603 3317 1818 3356 causam
1849 3302 2120 3371 adiiceret,

537 3394 675 3448 hanc
699 3393 901 3448 addidit
929 3411 941 3446 :
979 3393 1233 3449 Noveram
1275 3396 1443 3460 enim,
1478 3395 1668 3464 inquit,
1698 3395 1834 3464 quod
1859 3395 2125 3448 constituet

535 3486 790 3538 Abraham
838 3486 958 3554 filiis
987 3487 1111 3550 suis,
1159 3497 1204 3539 et
1233 3486 1405 3539 domui
1435 3503 1543 3540 sua:
1568 3498 1679 3556 post
1719 3502 1850 3551 cum,
1881 3495 1926 3538 et
1951 3496 2124 3540 custo—

535 3578 673 3631 dieut
698 3579 802 3632 vias
835 3577 1038 3631 Domini
1069 3577 1182 3641 Dei,
1234 3588 1289 3632 ut
1322 3579 1512 3649 faciant
1531 3579 1783 3649 justitiam
1807 3588 1855 3631 et
1873 3578 2125 3648 judicium

536 3668 689 3738 (Gen.
723 3670 809 3723 18.
840 3671 949 3738 19).
984 3669 1108 3723 ΗίΒο
1129 3679 1306 3724 autem
1330 3686 1357 3722 ιι
1382 3685 1467 3722 me
1490 3686 1629 3723 IIIIIIC
1656 3670 1774 3723 ideo
1793 3684 2126 3724 commentos

537 3771 742 3826 rantur,
785 3772 839 3814 ιιι
865 3762 1131 3815 discamus
1171 3761 1337 3816 Deum
1367 3777 1473 3814 non
1500 3775 1654 3830 aequo
1691 3761 1868 3814 animo
1893 3759 2122 3814 laturum

537 3867 655 3905 esse
675 3853 720 3906 si
751 3853 824 3906 illi
853 3854 1209 3923 negligantur,
1232 3853 1320 3923 qui
1345 3861 1502 3906 tanta:
1530 3853 1627 3921 ipsi
1658 3867 1800 3906 cura:
1831 3861 1974 3906 sunt.
2015 3851 2122 3906 Ne-

536 3960 640 4014 que
665 3945 806 3998 cnim
849 3945 987 3999 idem
1035 3946 1152 4013 ipse
1181 3954 1356 4015 potest
1395 3953 1538 3998 tanta
1572 3960 1667 4013 pro
1695 3944 1905 4010 illorum
1950 3946 2124 4000 salute

537 4035 770 4104 operari,
822 4045 982 4105 atque
1024 4036 1070 4090 si
1110 4037 1182 4090 illi
1215 4036 1550 4105 negligantur
1582 4035 1713 4090 nihil
1742 4051 1952 4091 curare.
2003 4035 2120 4091 Non

538 4128 716 4196 itaque
759 4128 1020 4197 negligat,
1074 4127 1167 4182 sed
1218 4128 1598 4198 indignabitur,
1650 4127 1744 4182 sed
1778 4127 2122 4183 vehementer

536 4218 818 4282 irascetur,
871 4228 924 4271 ut
953 4234 1019 4272 ex
1050 4219 1208 4272 rebus
1241 4219 1370 4288 ipsis
1397 4218 1819 4274 demonstratum
1850 4228 1951 4273 est.
1981 4219 2123 4286 Qua-

542 4318 758 4377 propter
785 4309 970 4362 beatus
999 4310 1190 4364 Paulus
1216 4310 1414 4380 jugiter
1456 4309 1707 4366 admonet
1735 4309 1918 4364 dicens
1948 4326 1962 4362 :
2009 4309 2121 4363 Ρα-

538 4413 657 4466 tres,
711 4403 918 4456 edttcate
959 4403 1094 4470 ﬁlios
1121 4414 1307 4457 vestros
1342 4405 1395 4457 in
1433 4403 1702 4472 disciplina
1729 4413 1775 4456 et
1809 4403 2124 4472 correptione

529 4491 744 4546 Domini
791 4489 1006 4562 κΕ’ρΙιρε.
1039 4495 1091 4548 6.
1124 4493 1200 4564 4).
1249 4494 1304 4548 Si
1340 4494 1482 4548 enim
1511 4507 1607 4547 nos
1630 4493 1882 4562 jubemur
1909 4494 2122 4562 vigilare

539 4599 636 4652 pro
673 4584 950 4636 animabus
983 4599 1168 4639 eorum
1211 4593 1477 4652 tamquam
1528 4584 1788 4638 rationem
1841 4583 2118 4648 reddituri,

540 4673 708 4727 multo
731 4673 897 4742 magis
928 4687 1093 4741 pater,
1119 4675 1207 4744 qui
1238 4676 1441 4743 genuit,
1483 4674 1571 4744 qui
1597 4673 1861 4739 educavit,
1890 4674 2122 4742 quicum

539 4765 631 4818 illo
653 4764 794 4818 domi
824 4779 1037 4834 semper
1059 4776 1255 4818 manet.
1285 4766 1741 4833 Quemadmodum
1769 4766 1911 4820 enim
1936 4767 1987 4819 in
2014 4767 2124 4819 suis

535 4855 741 4908 delictis
765 4870 869 4908 non
895 4863 1070 4924 potest
1092 4856 1158 4910 ad
1185 4857 1589 4910 excusationem
1615 4867 1669 4909 et
1696 4857 1900 4910 veniam
1931 4855 2088 4909 eonfn

536 4961 680 5014 gere,
713 4946 782 4998 ita
813 4961 908 4999 nec
938 4946 988 5000 in
1015 4946 1099 5007 iis,
1122 4963 1239 5016 qua:
1267 4947 1358 5001 ﬁlii
1389 4947 1724 5017 deliquerint.
1751 4948 1912 5016 quue
1938 4961 2122 5000 rursus

538 5038 723 5091 beatus
741 5037 1182 5092 Paulusdeelarat
1199 5040 1272 5110 (1.
1289 5037 1422 5092 Tim.
1441 5040 1493 5094 5.
1512 5040 1584 5110 4).
1603 5039 1733 5093 Cum
1747 5041 1888 5093 enim
1905 5041 1994 5094 ille
2010 5041 2124 5112 lege

535 5128 770 5183 sanciret
789 5129 1088 5196 cuiusmodi
1116 5145 1236 5184 esse
1263 5129 1522 5184 deberent
1555 5131 1586 5182 ii
1613 5129 1703 5201 qui
1729 5131 1953 5185 aliorum
1978 5135 2126 5203 prin-

533 5221 767 5290 cipatum
810 5221 1028 5285 adeunt.
1069 5237 1186 5276 cum
1216 5223 1336 5276 aliis
1364 5223 1631 5287 onmibus,
1663 5239 1781 5293 qua:
1805 5224 1908 5277 illis
1939 5240 2126 5278 neces-

535 5314 677 5367 sario
706 5314 880 5368 inesse
909 5314 1195 5378 debebant,
1221 5313 1449 5369 ﬁliorum
1489 5330 1700 5386 quoque
1725 5333 1908 5371 curam
1935 5319 2121 5387 exigit,

535 5406 686 5474 quasi
712 5405 854 5458 nulla
872 5405 982 5474 jam
1011 5406 1209 5475 reliqua
1241 5422 1364 5477 spes
1387 5408 1557 5462 venia:
1583 5409 1672 5473 sit,
1707 5408 1750 5462 si
1777 5408 1854 5462 illi
1885 5411 2123 5479 perversi

534 5495 735 5550 fuerint
763 5513 775 5549 :
799 5498 992 5566 etjure
1011 5498 1246 5567 quidem.

613 5589 693 5643 Ea:
721 5591 978 5658 praposito
1021 5591 1163 5659 probi
1198 5602 1246 5646 et
1277 5593 1492 5660 improbi
1529 5593 1786 5664 eﬁicimur.
1814 5625 1885 5634 —
1912 5593 2044 5649 Nam
2077 5595 2123 5650 si

539 5698 603 5735 ex
634 5694 816 5736 natura
851 5684 972 5737 vitia
1005 5682 1311 5740 hominibus
1335 5686 1594 5755 inessent,
1629 5688 1818 5744 merito
1853 5687 2116 5758 quispiam

1271 258 1328 312 S.
1369 257 1648 313 JOANNIS
1683 253 2159 313 CIIRYSOSTOMI
2201 254 2518 312 ARCIIIEP.
2559 256 3097 316 CONSTANTiNOP.

3704 260 3814 316 sse

2224 368 2291 422 ad
2319 370 2716 426 excusationem
2738 371 3046 441 confugeret
3077 390 3090 426 :
3119 371 3370 440 quoniam
3393 382 3568 426 autem
3595 387 3658 426 ex
3688 389 3814 441 pro-

2226 461 2400 528 posito
2437 471 2492 516 et
2533 462 2760 532 improbi
2799 472 2854 518 et
2883 463 3030 530 probi
3070 463 3354 528 efﬁciumr,
3399 478 3555 533 quam
3593 463 3814 516 tandem

2227 552 2314 606 ille
2343 553 2738 608 excusationem
2787 556 2980 624 poterit
3018 555 3330 620 obtendere,
3362 555 3451 623 qui
3490 570 3645 624 quem
3687 570 3812 608 om-

2227 645 2372 697 nium
2415 644 2645 699 maxime
2683 644 2874 716 diligit,
2907 648 3136 714 perverti
3178 659 3335 715 atque
3367 646 3667 715 improbum
3693 645 3814 700 ﬁeri

2228 737 2503 806 permisit?
2525 739 2604 790 An
2632 738 2770 807 qttod
2801 740 3030 793 noluerit
3055 755 3177 793 eum
3202 740 3422 807 probum
3453 737 3717 792 reddo-re?
3745 740 3816 791 At

2227 844 2406 892 nemo,
2435 831 2524 898 qui
2571 841 2720 899 pater
2748 832 2833 894 sit,
2872 831 2985 884 hazc
3023 831 3247 892 dixerit,
3281 845 3400 884 eum
3434 841 3618 884 natura
3650 828 3817 884 instet

2225 919 2291 972 ad
2325 920 2425 973 hoc
2446 919 2678 974 ofﬁcium
2717 920 2861 973 illum
2902 936 3069 990 usque
3097 921 3364 974 excitans.
3397 920 3501 974 Sed
3542 919 3677 974 forte
3702 936 3816 974 non

2213 1011 2438 1079 potuit?
2469 1010 2650 1080 Neque
2681 1010 2779 1063 hoc
2800 1011 2904 1064 dici
2933 1020 3109 1081 potest
3137 1029 3150 1064 :
3185 1027 3305 1065 nam
3334 1010 3476 1078 quod
3507 1027 3627 1065 eum
3658 1020 3816 1064 tene-

2228 1117 2344 1154 rum
2372 1103 2660 1170 acceperit,
2691 1112 2742 1156 et
2769 1102 2912 1172 quod
2950 1104 3152 1171 primus
3180 1113 3233 1156 et
3271 1103 3418 1158 solus
3453 1103 3504 1156 in
3534 1117 3625 1155 sua
3657 1112 3814 1169 pote-

2227 1203 2364 1247 state
2392 1202 2446 1247 et
2485 1194 2586 1247 sibi
2617 1196 2962 1248 commissum
3002 1193 3270 1258 habuerit,
3311 1208 3627 1262 semperque
3667 1191 3816 1246 domi

2227 1295 2552 1349 versantem,
2595 1286 2746 1340 facile
2787 1301 2850 1340 ac
2895 1286 3042 1340 nullo
3084 1286 3296 1355 negotio
3333 1285 3504 1356 ipsum
3544 1284 3815 1338 moderari

2228 1378 2414 1447 potuit.
2457 1375 2639 1446 Itaque
2675 1376 2816 1430 nulla
2857 1377 2958 1430 alia
2997 1374 3067 1430 de
3105 1390 3263 1430 causa
3295 1375 3530 1444 perversi
3579 1374 3818 1428 eVadnnt

2229 1470 2402 1534 liberi,
2425 1470 2526 1524 nisi
2548 1471 2687 1540 quod
2717 1479 2892 1539 patres
2918 1471 3056 1523 eirea
3081 1471 3362 1540 priesentis
3386 1469 3505 1522 vita:
3530 1468 3815 1522 commoda

2230 1561 2514 1614 insaniant.
2543 1560 2674 1614 Cum
2706 1561 2848 1615 enim
2878 1561 2944 1614 ad
2981 1561 3072 1614 illa
3111 1561 3283 1615 solum
3313 1559 3616 1629 respiciant,
3649 1559 3815 1612 nihil-

2229 1667 2332 1720 que
2375 1650 2482 1706 illis
2514 1651 2902 1721 prazferendum
2939 1661 3214 1717 censeant,
3246 1660 3301 1706 et
3340 1666 3492 1704 suam
3536 1651 3735 1720 pariter
3761 1660 3820 1703 et

2229 1743 2516 1798 liberorum
2557 1743 2789 1797 animam
2830 1744 3096 1813 negligere
3133 1752 3414 1812 coguntur.
3449 1742 3555 1796 llos
3586 1757 3688 1812 ego
3717 1757 3821 1811 pa-

2231 1842 2358 1897 tres,
2398 1832 2539 1903 quod
2587 1848 2747 1888 nemo
2795 1841 2974 1888 tamen
3016 1850 3102 1887 me
3145 1834 3219 1885 ira
3267 1840 3594 1886 commotum
3634 1831 3823 1885 dicere

2229 1927 2516 1992 existimet,
2537 1926 2765 1980 ﬁliorum
2787 1927 3112 1980 oceisoribus
3133 1925 3504 1980 sceleratiores
3528 1939 3648 1980 esse
3665 1925 3823 1978 dixe-

2228 2017 2350 2072 rim.
2379 2017 2458 2072 illi
2493 2019 2635 2072 enim
2666 2033 2860 2087 corpus
2887 2020 2955 2073 ab
2979 2017 3157 2072 anima
3193 2027 3464 2087 separant,
3497 2016 3582 2069 isti
3617 2025 3672 2070 et
3698 2016 3821 2068 ani-

2229 2124 2372 2162 mam
2401 2120 2454 2162 et
2491 2124 2686 2178 corpus
2724 2111 2982 2177 gehenna:
3021 2109 3157 2178 ignis
3197 2107 3431 2161 tradunt.
3473 2107 3619 2160 Illam
3653 2120 3822 2176 porro

2233 2209 2459 2255 mortem
2502 2201 2726 2254 naturali
2761 2201 2876 2271 lege
2923 2199 3105 2255 subire
3133 2214 3356 2254 necesse
3382 2209 3487 2264 est,
3517 2200 3655 2253 hanc
3683 2213 3820 2254 vero

2227 2291 2464 2362 elfugere
2493 2291 2711 2357 licebat,
2741 2291 2840 2346 nisi
2868 2293 3035 2360 ipsam
3077 2301 3286 2360 patrum
3325 2290 3643 2360 negligentia
3675 2290 3821 2344 intu-

2229 2382 2397 2437 lisset.
2426 2383 2503 2437 Ad
2535 2384 2647 2437 haec
2668 2393 2892 2437 mortem
2915 2382 3154 2450 corporis
3179 2381 3471 2436 adveniens
3493 2382 3820 2436 resurrectio

2227 2477 2334 2531 cito
2361 2476 2542 2531 delere
2573 2477 2799 2545 poterit,
2833 2477 3024 2528 auinne
3054 2489 3180 2528 vero
3207 2474 3477 2528 interitum
3507 2472 3638 2528 nihil
3668 2473 3817 2526 sola-

2229 2569 2371 2624 bitur
2402 2586 2416 2622 :
2449 2583 2621 2638 neque
2649 2568 2792 2622 enim
2821 2567 2965 2621 salus
3006 2567 3148 2620 illam
3178 2575 3464 2634 exceptura
3495 2575 3598 2626 est,
3625 2579 3815 2617 verum

2229 2661 2558 2716 immortales
2583 2660 2671 2714 ille
2699 2674 2882 2730 poenas
2910 2658 3214 2713 necessario
3241 2658 3367 2711 luet.
3393 2655 3572 2725 Itaque
3599 2671 3706 2709 non
3735 2655 3819 2708 in-

2222 2753 2360 2820 juria
2386 2761 2560 2820 patres
2581 2750 2882 2821 huiusmodi
2907 2751 3135 2804 ﬁliorum
3165 2748 3496 2803 oceisoribus
3515 2747 3819 2801 deleriom

2227 2860 2348 2899 esse
2375 2844 2693 2898 dixerimus.
2727 2844 2840 2898 Non
2870 2847 2937 2896 ita
2967 2843 3184 2897 crudele
3212 2841 3418 2896 facinus
3444 2850 3544 2903 est,
3576 2839 3813 2908 gladium

2227 2949 2418 2990 acuere
2447 2943 2502 2989 et
2539 2949 2746 2988 armare
2786 2934 3079 2996 dexteram,
3108 2933 3266 3003 inque
3304 2931 3478 3000 ipsum
3514 2932 3606 2984 lilii
3631 2939 3816 3000 guttur

2229 3031 2564 3098 immergere,
2598 3038 2654 3081 ut
2678 3028 2910 3082 animam
2943 3028 3206 3096 perimere
3235 3035 3396 3094 atque
3423 3039 3772 3092 corrumpere
3797 3038 3811 3074 :

2229 3137 2401 3188 neque
2431 3119 2573 3174 enim
2599 3119 2723 3174 huic
2749 3117 2969 3173 facinori
2998 3133 3094 3186 par
3124 3117 3396 3186 quidpiam
3425 3125 3527 3168 est.
3568 3112 3575 3117 ’

2299 3213 2350 3271 5.
2387 3211 2527 3267 Varii
2569 3213 2748 3267 salutis
2793 3213 3004 3281 gradus.
3036 3240 3107 3250 —
3131 3208 3268 3277 Quid
3313 3207 3510 3278 igitur?
3549 3222 3616 3259 an
3650 3205 3696 3259 is
3724 3207 3816 3274 qui

2226 3307 2496 3362 civitatem
2522 3305 2724 3367 incolit,
2758 3304 2846 3372 qui
2865 3303 3082 3356 domum
3111 3301 3270 3354 habet
3291 3311 3340 3353 et
3369 3315 3611 3354 uxorem.
3633 3302 3817 3352 salvus

2227 3416 2349 3456 esse
2379 3415 2482 3453 non
2525 3400 2756 3468 poterit?
2785 3397 2924 3451 Sane
2968 3412 3072 3448 non
3107 3409 3244 3448 unus
3273 3393 3460 3446 salutis
3490 3390 3682 3444 tuodus
3708 3401 3816 3455 est,

2229 3507 2417 3546 verum
2451 3491 2601 3544 multi
2631 3503 2693 3542 ac
2720 3487 2871 3541 varii.
2897 3484 3052 3554 Quod
3094 3483 3306 3553 quidem
3347 3482 3592 3536 Christus
3622 3481 3816 3534 indeli-

2228 3584 2338 3639 nite
2361 3584 2523 3642 dicit,
2556 3581 2750 3635 multas
2781 3579 2985 3633 scilicet
3009 3591 3129 3630 esse
3157 3574 3297 3644 apud
3330 3575 3543 3627 Patrem
3569 3572 3815 3626 mansio-

2227 3690 2322 3728 nes
2347 3672 2691 3741 pronuntians
2709 3687 2722 3734 ;
2740 3669 2934 3723 Paulus
2949 3682 3073 3721 vero
3088 3681 3207 3720 cum
3224 3665 3564 3718 distinctione
3579 3662 3813 3732 quadam

2232 3766 2302 3819 ita
2323 3763 2535 3817 scribit:
2555 3762 2668 3814 Alia
2698 3760 2900 3813 claritas
2927 3757 3070 3822 solis,
3101 3756 3203 3809 alia
3228 3755 3434 3807 claritas
3454 3755 3610 3816 (ante,
3637 3763 3687 3805 et
3711 3754 3818 3804 alia

2226 3857 2431 3908 claritas
2460 3853 2712 3907 stellarum
2735 3867 2753 3904 :
2773 3851 2918 3904 stella
2945 3853 3076 3902 enim
3097 3865 3128 3899 a
3146 3847 3289 3900 stella
3313 3843 3482 3911 differt
3509 3846 3560 3897 in
3582 3845 3819 3897 claritate

2227 3947 2305 4015 (ι.
2328 3945 2434 4000 Cor.
2478 3945 2556 4000 15.
2581 3945 2640 3997 lii
2658 3944 2696 4010 ).
2720 3941 2870 4008 Quod
2888 3949 3063 3994 autem
3091 3939 3218 3992 dicit
3244 3937 3547 4006 huiusmodi
3575 3945 3658 3989 est
3687 3937 3814 3989 :alii

2225 4035 2436 4106 quidem
2465 4033 2737 4102 fulgebunt
2758 4043 2814 4085 ut
2833 4031 2933 4094 sol,
2956 4029 3043 4083 alii
3069 4039 3124 4083 ιιι
3141 4030 3283 4092 luna,
3302 4029 3390 4080 alii
3415 4040 3469 4080 ut
3494 4026 3682 4080 stellx.
3705 4025 3818 4079 Sed

2227 4142 2333 4181 non
2352 4128 2435 4182 hic
2451 4129 2598 4180 stetit
2612 4124 2930 4186 differentia,
2949 4123 3042 4176 sed
3062 4123 3112 4176 in
3131 4121 3213 4174 his
3232 4121 3358 4189 ipsis
3377 4135 3620 4187 magnam
3638 4129 3821 4172 osten-

2225 4219 2301 4272 dit
2317 4234 2436 4273 esse
2454 4217 2783 4282 varietatem,
2805 4223 3109 4282 tantamque
3123 4220 3374 4281 quantam
3398 4211 3448 4264 in
3469 4219 3616 4263 lauto
3635 4211 3823 4262 stella-

2229 4324 2345 4362 rum
2373 4322 2594 4360 numero
2619 4306 2926 4374 contingere
2953 4320 3046 4375 par
3065 4313 3163 4357 est.
3195 4301 3360 4357 Stella
3385 4301 3537 4364 enim,
3563 4301 3755 4367 inquit,
3784 4318 3822 4352 α

2225 4402 2371 4456 stella
2388 4399 2489 4466 (li/7
2485 4409 2554 4454 ert
2575 4401 2624 4452 in
2641 4399 2884 4452 claritate.
2902 4395 3172 4464 Perpende
3193 4394 3351 4463 igitur
3365 4410 3392 4446 a
3409 4395 3539 4447 solis
3558 4393 3823 4460 magnitu-

2227 4494 2351 4546 dine
2379 4491 2443 4546 ad
2470 4491 2706 4544 ultimam
2729 4489 3000 4542 stellarqu
3024 4487 3336 4551 decurrens,
3362 4487 3414 4538 in
3435 4492 3563 4554 quot
3587 4482 3825 4552 dignitao

2231 4595 2340 4638 tum
2369 4584 2563 4652 gradus
2588 4581 2881 4636 descendas
2907 4587 3165 4650 oporteat.
3185 4577 3465 4646 Quomodo
3494 4591 3598 4628 non
3621 4576 3825 4630 absur-

2228 4674 2352 4728 dum
2385 4674 2435 4727 id
2463 4672 2638 4732 fuerit.
2661 4671 2802 4741 quod
2831 4671 2875 4725 si
2903 4671 2954 4724 in
2981 4670 3176 4740 regiam
3207 4669 3372 4723 ﬁlium
3400 4668 3650 4732 adducas,
3680 4667 3824 4720 nihil

2229 4782 2334 4820 non
2359 4780 2484 4836 agas
2507 4775 2560 4820 et
2588 4765 2824 4834 patiaris,
2851 4764 3129 4832 ipsumque
3157 4763 3221 4816 ad
3246 4763 3382 4816 idem
3407 4761 3706 4816 faciendqu
3735 4761 3826 4814 in-

2229 4857 2411 4923 ducas,
2440 4865 2497 4911 ut
2539 4872 2728 4926 nempe
2757 4857 2864 4925 regi
2903 4871 2931 4907 a
2965 4855 3130 4909 latere
3160 4856 3326 4923 possit
3350 4870 3493 4918 esse,
3528 4869 3627 4908 nec
3657 4869 3720 4908 ea
3747 4854 3827 4908 de

2229 4965 2388 5004 causa
2418 4949 2684 5018 quidpiam
2711 4947 3086 5016 subterfugias,
3112 4961 3218 5000 non
3247 4956 3513 5014 sumptus,
3535 4961 3640 4998 non
3671 4947 3828 5014 peri-

2229 5042 2368 5103 cula,
2401 5059 2504 5096 non
2531 5049 2754 5096 mortem
2785 5040 2983 5109 ips-.nu;
3011 5055 3131 5094 eum
3160 5048 3336 5092 autem
3371 5038 3602 5092 cmlestis
3629 5038 3825 5091 militia

2232 5134 2384 5188 nobis
2426 5131 2811 5186 consideranda
2856 5141 2911 5186 et
2955 5130 3254 5200 expetenda
3297 5139 3646 5198 proponatur,
3679 5129 3823 5181 nihil

2230 5225 2414 5279 doleas
2449 5225 2492 5277 si
2533 5233 2830 5278 extremum
2860 5223 3112 5276 sortiatur
3145 5223 3342 5283 locum.
3375 5222 3550 5290 sitque
3576 5221 3828 5274 οιιιιιίυιιι

2232 5315 2590 5373 novissimus?
2617 5315 2834 5381 Verum,
2864 5316 2907 5369 si
2936 5315 3025 5369 tibi
3051 5314 3281 5379 videtur,
3312 5324 3366 5369 et
3393 5315 3496 5369 hoc
3525 5315 3699 5384 ipsum
3731 5313 3827 5366 in-

2232 5411 2538 5481 spiciatnus,
2584 5425 2709 5463 num
2752 5409 2815 5471 is,
2858 5408 2944 5477 qui
2994 5409 3045 5462 in
3087 5407 3263 5462 medio
3312 5422 3490 5462 rerum
3541 5416 3814 5467 versatur,

2231 5503 2398 5573 possit
2425 5501 2567 5555 illam
2597 5511 2798 5556 sortem
2827 5499 3069 5570 adipisci.
3112 5499 3308 5554 Beatus
3353 5497 3568 5568 quidem
3614 5497 3823 5551 Paulus

2233 5593 2445 5649 brevem
2475 5591 2542 5648 de
2571 5591 2672 5646 hoc
2711 5593 3027 5646 sententiam
3068 5592 3206 5654 tulit,
3239 5605 3438 5660 eosque
3482 5589 3572 5658 qtti
3614 5589 3824 5643 habent

2237 5699 2449 5754 uxores,
2484 5699 2589 5738 non
2616 5685 2766 5739 aliter
2791 5683 2964 5740 salvos
2985 5697 3104 5739 esse
3133 5697 3290 5754 posse
3317 5681 3625 5748 declaravit,
3656 5697 3824 5752 quam
