  <div class='ocr_page' id='page_1' title='image "/cluster/home/n/w/nwhite01/storage/ocr_20150623/47/nnc1.0046978321/316.png"; bbox 0 0 4116 6392; ppageno 0'>
   <div class='ocr_carea' id='block_1_1' title="bbox 274 273 379 328">
    <p class='ocr_par' dir='ltr' id='par_1_1' title="bbox 274 273 379 328">
     <span class='ocr_line' id='line_1_1' title="bbox 274 273 379 328; baseline -0.019 0"><span class='ocrx_word' id='word_1_1' title='bbox 274 273 379 328; x_wconf 80' lang='lat'>555</span> 
     </span>
    </p>
   </div>
   <div class='ocr_carea' id='block_1_2' title="bbox 273 383 1934 454">
    <p class='ocr_par' dir='ltr' id='par_1_2' title="bbox 273 383 1934 454">
     <span class='ocr_line' id='line_1_2' title="bbox 273 383 1934 454; baseline -0.003 -13"><span class='ocrx_word' id='word_1_2' title='bbox 273 388 361 442; x_wconf 81' lang='grc' dir='ltr'>διά</span> <span class='ocrx_word' id='word_1_3' title='bbox 385 385 600 440; x_wconf 87' lang='grc' dir='ltr'>πάντων</span> <span class='ocrx_word' id='word_1_4' title='bbox 628 386 706 450; x_wconf 86' lang='grc' dir='ltr'>είς</span> <span class='ocrx_word' id='word_1_5' title='bbox 748 384 1077 454; x_wconf 88' lang='grc' dir='ltr'>θεογνωσίαν</span> <span class='ocrx_word' id='word_1_6' title='bbox 1130 384 1365 439; x_wconf 84' lang='grc' dir='ltr'>κελεύων</span> <span class='ocrx_word' id='word_1_7' title='bbox 1390 385 1542 454; x_wconf 78' lang='grc' dir='ltr'>ἄγειν</span> <span class='ocrx_word' id='word_1_8' title='bbox 1581 384 1796 448; x_wconf 91' lang='grc' dir='ltr'>αὐτούς.</span> <span class='ocrx_word' id='word_1_9' title='bbox 1825 383 1934 436; x_wconf 89' lang='lat' dir='ltr'><strong><em>Ka1</em></strong></span> 
     </span>
    </p>
   </div>
   <div class='ocr_carea' id='block_1_3' title="bbox 276 471 1935 542">
    <p class='ocr_par' dir='ltr' id='par_1_3' title="bbox 276 471 1935 542">
     <span class='ocr_line' id='line_1_3' title="bbox 276 471 1935 542; baseline -0.004 -13"><span class='ocrx_word' id='word_1_10' title='bbox 276 476 460 538; x_wconf 88' lang='grc' dir='ltr'>αὐτοῖς</span> <span class='ocrx_word' id='word_1_11' title='bbox 479 475 536 527; x_wconf 87' lang='grc' dir='ltr'>δέ</span> <span class='ocrx_word' id='word_1_12' title='bbox 571 477 683 536; x_wconf 70' lang='grc' dir='ltr'>τοῖς</span> <span class='ocrx_word' id='word_1_13' title='bbox 722 472 952 535; x_wconf 76' lang='grc' dir='ltr'>παιδίοις</span> <span class='ocrx_word' id='word_1_14' title='bbox 999 471 1168 524; x_wconf 85' lang='grc' dir='ltr'>πολλά</span> <span class='ocrx_word' id='word_1_15' title='bbox 1201 473 1327 542; x_wconf 75' lang='grc' dir='ltr'>περὶ</span> <span class='ocrx_word' id='word_1_16' title='bbox 1368 472 1475 526; x_wconf 93' lang='grc' dir='ltr'>τῶν</span> <span class='ocrx_word' id='word_1_17' title='bbox 1532 471 1935 541; x_wconf 81' lang='grc' dir='ltr'>γεγεννηκότων</span> 
     </span>
    </p>
   </div>
   <div class='ocr_carea' id='block_1_4' title="bbox 275 559 1937 631">
    <p class='ocr_par' dir='ltr' id='par_1_4' title="bbox 275 559 1937 631">
     <span class='ocr_line' id='line_1_4' title="bbox 275 559 1937 631; baseline -0.005 -13"><span class='ocrx_word' id='word_1_18' title='bbox 275 564 471 628; x_wconf 83' lang='grc' dir='ltr'>αὐτοὺς</span> <span class='ocrx_word' id='word_1_19' title='bbox 497 563 858 626; x_wconf 81' lang='grc' dir='ltr'>διατάττεται,</span> <span class='ocrx_word' id='word_1_20' title='bbox 893 560 1018 624; x_wconf 74' lang='grc' dir='ltr'>τοὺς</span> <span class='ocrx_word' id='word_1_21' title='bbox 1052 559 1150 630; x_wconf 85' lang='grc' dir='ltr'>μὲν</span> <span class='ocrx_word' id='word_1_22' title='bbox 1176 559 1432 623; x_wconf 79' lang='grc' dir='ltr'>εὐνοϊκῶς</span> <span class='ocrx_word' id='word_1_23' title='bbox 1456 559 1828 631; x_wconf 80' lang='grc' dir='ltr'>διακειμένους</span> <span class='ocrx_word' id='word_1_24' title='bbox 1859 575 1937 610; x_wconf 91' lang='grc' dir='ltr'>τι-</span> 
     </span>
    </p>
   </div>
   <div class='ocr_carea' id='block_1_5' title="bbox 278 646 1937 722">
    <p class='ocr_par' dir='ltr' id='par_1_5' title="bbox 278 646 1937 722">
     <span class='ocr_line' id='line_1_5' title="bbox 278 646 1937 722; baseline -0.004 -18"><span class='ocrx_word' id='word_1_25' title='bbox 278 651 415 722; x_wconf 91' lang='grc' dir='ltr'>μῶν,</span> <span class='ocrx_word' id='word_1_26' title='bbox 451 649 691 711; x_wconf 75' lang='grc' dir='ltr'>κολάζων</span> <span class='ocrx_word' id='word_1_27' title='bbox 728 650 784 702; x_wconf 90' lang='lat'>65</span> <span class='ocrx_word' id='word_1_28' title='bbox 817 649 942 710; x_wconf 81' lang='grc' dir='ltr'>τοὺς</span> <span class='ocrx_word' id='word_1_29' title='bbox 963 646 1306 716; x_wconf 80' lang='grc' dir='ltr'>ἀγνώμονας,</span> <span class='ocrx_word' id='word_1_30' title='bbox 1337 647 1429 702; x_wconf 76' lang='grc' dir='ltr'>καὶ</span> <span class='ocrx_word' id='word_1_31' title='bbox 1459 647 1630 718; x_wconf 89' lang='grc' dir='ltr'>ταύτῃ</span> <span class='ocrx_word' id='word_1_32' title='bbox 1651 647 1812 700; x_wconf 90' lang='grc' dir='ltr'>πάλιν</span> <span class='ocrx_word' id='word_1_33' title='bbox 1843 646 1937 697; x_wconf 91' lang='grc' dir='ltr'>αὐ-</span> 
     </span>
    </p>
   </div>
   <div class='ocr_carea' id='block_1_6' title="bbox 273 733 1935 809">
    <p class='ocr_par' dir='ltr' id='par_1_6' title="bbox 273 733 1935 809">
     <span class='ocr_line' id='line_1_6' title="bbox 273 733 1935 809; baseline -0.005 -16"><span class='ocrx_word' id='word_1_34' title='bbox 273 741 400 803; x_wconf 70' lang='grc' dir='ltr'>τοὺς</span> <span class='ocrx_word' id='word_1_35' title='bbox 424 738 824 809; x_wconf 87' lang='grc' dir='ltr'>ποθεινοτέρους</span> <span class='ocrx_word' id='word_1_36' title='bbox 844 739 956 798; x_wconf 87' lang='grc' dir='ltr'>τοῖς</span> <span class='ocrx_word' id='word_1_37' title='bbox 977 735 1402 806; x_wconf 86' lang='grc' dir='ltr'>φυτευσαμένοις</span> <span class='ocrx_word' id='word_1_38' title='bbox 1432 734 1793 789; x_wconf 87' lang='grc' dir='ltr'>ποιῶν.”οταν</span> <span class='ocrx_word' id='word_1_39' title='bbox 1830 733 1935 803; x_wconf 86' lang='grc' dir='ltr'>γάρ</span> 
     </span>
    </p>
   </div>
   <div class='ocr_carea' id='block_1_7' title="bbox 273 825 1937 899">
    <p class='ocr_par' dir='ltr' id='par_1_7' title="bbox 273 825 1937 899">
     <span class='ocr_line' id='line_1_7' title="bbox 273 825 1937 899; baseline -0.001 -18"><span class='ocrx_word' id='word_1_40' title='bbox 273 845 419 891; x_wconf 89' lang='grc' dir='ltr'>τινος</span> <span class='ocrx_word' id='word_1_41' title='bbox 450 829 648 899; x_wconf 82' lang='grc' dir='ltr'>ποιήσῃ</span> <span class='ocrx_word' id='word_1_42' title='bbox 681 844 763 890; x_wconf 91' lang='grc' dir='ltr'>τις</span> <span class='ocrx_word' id='word_1_43' title='bbox 795 827 944 896; x_wconf 82' lang='grc' dir='ltr'>ἡμᾶς</span> <span class='ocrx_word' id='word_1_44' title='bbox 980 825 1218 896; x_wconf 81' lang='grc' dir='ltr'>κυρίους,</span> <span class='ocrx_word' id='word_1_45' title='bbox 1243 826 1506 897; x_wconf 81' lang='grc' dir='ltr'>μεγίστην</span> <span class='ocrx_word' id='word_1_46' title='bbox 1535 828 1666 896; x_wconf 85' lang='grc' dir='ltr'>ἡμῖν</span> <span class='ocrx_word' id='word_1_47' title='bbox 1693 826 1937 895; x_wconf 86' lang='grc' dir='ltr'>ἀνάγκην</span> 
     </span>
    </p>
   </div>
   <div class='ocr_carea' id='block_1_8' title="bbox 275 913 1936 986">
    <p class='ocr_par' dir='ltr' id='par_1_8' title="bbox 275 913 1936 986">
     <span class='ocr_line' id='line_1_8' title="bbox 275 913 1936 986; baseline -0.001 -18"><span class='ocrx_word' id='word_1_48' title='bbox 275 915 373 985; x_wconf 81' lang='grc' dir='ltr'>τῆς</span> <span class='ocrx_word' id='word_1_49' title='bbox 388 915 528 986; x_wconf 77' lang='grc' dir='ltr'>ὑπὲρ</span> <span class='ocrx_word' id='word_1_50' title='bbox 549 914 710 968; x_wconf 84' lang='grc' dir='ltr'>αὐτοῦ</span> <span class='ocrx_word' id='word_1_51' title='bbox 737 914 991 984; x_wconf 78' lang='grc' dir='ltr'>προνοίας</span> <span class='ocrx_word' id='word_1_52' title='bbox 1011 913 1284 984; x_wconf 79' lang='grc' dir='ltr'>ἐπιτίθησι</span> <span class='ocrx_word' id='word_1_53' title='bbox 1303 913 1402 985; x_wconf 78' lang='grc' dir='ltr'>την</span> <span class='ocrx_word' id='word_1_54' title='bbox 1433 915 1618 986; x_wconf 75' lang='grc' dir='ltr'>τιμήνο</span> <span class='ocrx_word' id='word_1_55' title='bbox 1640 915 1734 968; x_wconf 75' lang='grc' dir='ltr'>καὶ</span> <span class='ocrx_word' id='word_1_56' title='bbox 1757 913 1864 985; x_wconf 84' lang='grc' dir='ltr'>γάρ</span> <span class='ocrx_word' id='word_1_57' title='bbox 1887 915 1936 966; x_wconf 87' lang='grc' dir='ltr'>εί</span> 
     </span>
    </p>
   </div>
   <div class='ocr_carea' id='block_1_9' title="bbox 280 1001 1938 1072">
    <p class='ocr_par' dir='ltr' id='par_1_9' title="bbox 280 1001 1938 1072">
     <span class='ocr_line' id='line_1_9' title="bbox 280 1001 1938 1072; baseline 0 -19"><span class='ocrx_word' id='word_1_58' title='bbox 280 1001 446 1071; x_wconf 86' lang='grc' dir='ltr'>μηδὲν</span> <span class='ocrx_word' id='word_1_59' title='bbox 474 1002 680 1072; x_wconf 76' lang='grc' dir='ltr'>ἕτερον,</span> <span class='ocrx_word' id='word_1_60' title='bbox 715 1001 874 1054; x_wconf 90' lang='grc' dir='ltr'>τοῦτο</span> <span class='ocrx_word' id='word_1_61' title='bbox 906 1001 1036 1069; x_wconf 85' lang='grc' dir='ltr'>γοῦν</span> <span class='ocrx_word' id='word_1_62' title='bbox 1079 1003 1226 1072; x_wconf 73' lang='grc' dir='ltr'>ἡμᾶς</span> <span class='ocrx_word' id='word_1_63' title='bbox 1274 1001 1596 1072; x_wconf 76' lang='grc' dir='ltr'>δυσωπῆσαι</span> <span class='ocrx_word' id='word_1_64' title='bbox 1639 1001 1843 1067; x_wconf 80' lang='grc' dir='ltr'>ἱκανὸν,</span> <span class='ocrx_word' id='word_1_65' title='bbox 1877 1001 1938 1053; x_wconf 81' lang='grc' dir='ltr'>τὸ</span> 
     </span>
    </p>
   </div>
   <div class='ocr_carea' id='block_1_10' title="bbox 278 1089 1936 1160">
    <p class='ocr_par' dir='ltr' id='par_1_10' title="bbox 278 1089 1936 1160">
     <span class='ocr_line' id='line_1_10' title="bbox 278 1089 1936 1160; baseline -0.001 -18"><span class='ocrx_word' id='word_1_66' title='bbox 278 1089 453 1142; x_wconf 87' lang='grc' dir='ltr'>πάντα</span> <span class='ocrx_word' id='word_1_67' title='bbox 492 1089 559 1142; x_wconf 78' lang='grc' dir='ltr'>τὰ</span> <span class='ocrx_word' id='word_1_68' title='bbox 589 1089 796 1142; x_wconf 86' lang='grc' dir='ltr'>ἐκείνου</span> <span class='ocrx_word' id='word_1_69' title='bbox 825 1091 882 1142; x_wconf 87' lang='grc' dir='ltr'>ἐν</span> <span class='ocrx_word' id='word_1_70' title='bbox 903 1092 1024 1152; x_wconf 89' lang='grc' dir='ltr'>ταῖς</span> <span class='ocrx_word' id='word_1_71' title='bbox 1051 1090 1346 1160; x_wconf 80' lang='grc' dir='ltr'>ἡμετέραις</span> <span class='ocrx_word' id='word_1_72' title='bbox 1386 1089 1599 1143; x_wconf 89' lang='grc' dir='ltr'>κεῖσθαι</span> <span class='ocrx_word' id='word_1_73' title='bbox 1629 1089 1806 1160; x_wconf 72' lang='grc' dir='ltr'>χερσὶ,</span> <span class='ocrx_word' id='word_1_74' title='bbox 1843 1089 1936 1142; x_wconf 75' lang='grc' dir='ltr'>καὶ</span> 
     </span>
    </p>
   </div>
   <div class='ocr_carea' id='block_1_11' title="bbox 276 1175 1933 1248">
    <p class='ocr_par' dir='ltr' id='par_1_11' title="bbox 276 1175 1933 1248">
     <span class='ocr_line' id='line_1_11' title="bbox 276 1175 1933 1248; baseline -0.001 -20"><span class='ocrx_word' id='word_1_75' title='bbox 276 1176 375 1228; x_wconf 85' lang='grc' dir='ltr'>οὐκ</span> <span class='ocrx_word' id='word_1_76' title='bbox 413 1175 478 1228; x_wconf 82' lang='grc' dir='ltr'>ἂν</span> <span class='ocrx_word' id='word_1_77' title='bbox 506 1175 872 1247; x_wconf 87' lang='grc' dir='ltr'>ἀνασχοίμεθα</span> <span class='ocrx_word' id='word_1_78' title='bbox 897 1176 1183 1248; x_wconf 84' lang='grc' dir='ltr'>προδοῦναι</span> <span class='ocrx_word' id='word_1_79' title='bbox 1213 1177 1420 1247; x_wconf 83' lang='grc' dir='ltr'>ταχέως</span> <span class='ocrx_word' id='word_1_80' title='bbox 1450 1177 1540 1230; x_wconf 83' lang='grc' dir='ltr'>τὸν</span> <span class='ocrx_word' id='word_1_81' title='bbox 1565 1175 1738 1238; x_wconf 75' lang='grc' dir='ltr'>οὕτως</span> <span class='ocrx_word' id='word_1_82' title='bbox 1777 1178 1933 1244; x_wconf 88' lang='grc' dir='ltr'>ἐμπι-</span> 
     </span>
    </p>
   </div>
   <div class='ocr_carea' id='block_1_12' title="bbox 279 1261 1937 1334">
    <p class='ocr_par' dir='ltr' id='par_1_12' title="bbox 279 1261 1937 1334">
     <span class='ocr_line' id='line_1_12' title="bbox 279 1261 1937 1334; baseline -0.001 -18"><span class='ocrx_word' id='word_1_83' title='bbox 279 1262 566 1316; x_wconf 86' lang='grc' dir='ltr'>στευθέντα</span> <span class='ocrx_word' id='word_1_84' title='bbox 597 1265 747 1334; x_wconf 81' lang='grc' dir='ltr'>ἡμῖν’</span> <span class='ocrx_word' id='word_1_85' title='bbox 761 1265 888 1316; x_wconf 80' lang='grc' dir='ltr'>ὅταν</span> <span class='ocrx_word' id='word_1_86' title='bbox 907 1263 962 1316; x_wconf 88' lang='grc' dir='ltr'>δέ</span> <span class='ocrx_word' id='word_1_87' title='bbox 988 1265 1127 1334; x_wconf 78' lang='grc' dir='ltr'>μετὰ</span> <span class='ocrx_word' id='word_1_88' title='bbox 1157 1263 1314 1318; x_wconf 89' lang='grc' dir='ltr'>τοῦτο</span> <span class='ocrx_word' id='word_1_89' title='bbox 1331 1266 1421 1316; x_wconf 79' lang='grc' dir='ltr'>καὶ</span> <span class='ocrx_word' id='word_1_90' title='bbox 1439 1261 1822 1334; x_wconf 79' lang='grc' dir='ltr'>συνοργίζηται</span> <span class='ocrx_word' id='word_1_91' title='bbox 1844 1263 1937 1315; x_wconf 76' lang='grc' dir='ltr'>καὶ</span> 
     </span>
    </p>
   </div>
   <div class='ocr_carea' id='block_1_13' title="bbox 275 1349 1937 1422">
    <p class='ocr_par' dir='ltr' id='par_1_13' title="bbox 275 1349 1937 1422">
     <span class='ocr_line' id='line_1_13' title="bbox 275 1349 1937 1422; baseline -0.001 -20"><span class='ocrx_word' id='word_1_92' title='bbox 275 1350 554 1420; x_wconf 80' lang='grc' dir='ltr'>ἀγανακτῇ</span> <span class='ocrx_word' id='word_1_93' title='bbox 586 1350 744 1405; x_wconf 90' lang='grc' dir='ltr'>πλέον</span> <span class='ocrx_word' id='word_1_94' title='bbox 759 1351 866 1404; x_wconf 91' lang='grc' dir='ltr'>τῶν</span> <span class='ocrx_word' id='word_1_95' title='bbox 889 1351 1228 1422; x_wconf 84' lang='grc' dir='ltr'>ὑϐρισμένων</span> <span class='ocrx_word' id='word_1_96' title='bbox 1259 1351 1458 1415; x_wconf 87' lang='grc' dir='ltr'>αὐτῶν,</span> <span class='ocrx_word' id='word_1_97' title='bbox 1478 1352 1571 1404; x_wconf 70' lang='grc' dir='ltr'>καὶ</span> <span class='ocrx_word' id='word_1_98' title='bbox 1594 1351 1826 1420; x_wconf 84' lang='grc' dir='ltr'>χαλεπὸς</span> <span class='ocrx_word' id='word_1_99' title='bbox 1853 1349 1937 1417; x_wconf 88' lang='grc' dir='ltr'>γί-</span> 
     </span>
    </p>
   </div>
   <div class='ocr_carea' id='block_1_14' title="bbox 275 1439 1936 1512">
    <p class='ocr_par' dir='ltr' id='par_1_14' title="bbox 275 1439 1936 1512">
     <span class='ocr_line' id='line_1_14' title="bbox 275 1439 1936 1512; baseline 0 -22"><span class='ocrx_word' id='word_1_100' title='bbox 275 1455 434 1508; x_wconf 88' lang='grc' dir='ltr'>νηται</span> <span class='ocrx_word' id='word_1_101' title='bbox 458 1439 717 1512; x_wconf 84' lang='grc' dir='ltr'>τιμωρὸς,</span> <span class='ocrx_word' id='word_1_102' title='bbox 769 1439 861 1492; x_wconf 82' lang='grc' dir='ltr'>καὶ</span> <span class='ocrx_word' id='word_1_103' title='bbox 921 1440 1093 1511; x_wconf 79' lang='grc' dir='ltr'>ταύτῃ</span> <span class='ocrx_word' id='word_1_104' title='bbox 1122 1441 1254 1494; x_wconf 86' lang='grc' dir='ltr'>πολὺ</span> <span class='ocrx_word' id='word_1_105' title='bbox 1276 1441 1434 1493; x_wconf 81' lang='grc' dir='ltr'>πλέον</span> <span class='ocrx_word' id='word_1_106' title='bbox 1457 1439 1762 1508; x_wconf 77' lang='grc' dir='ltr'>ἐφέλκεται·</span> <span class='ocrx_word' id='word_1_107' title='bbox 1799 1439 1936 1509; x_wconf 82' lang='grc' dir='ltr'>ὅπερ</span> 
     </span>
    </p>
   </div>
   <div class='ocr_carea' id='block_1_15' title="bbox 276 1519 1935 1598">
    <p class='ocr_par' dir='ltr' id='par_1_15' title="bbox 276 1519 1935 1598">
     <span class='ocr_line' id='line_1_15' title="bbox 276 1519 1935 1598; baseline 0.001 -21"><span class='ocrx_word' id='word_1_108' title='bbox 276 1519 368 1577; x_wconf 75' lang='grc' dir='ltr'>οὖν</span> <span class='ocrx_word' id='word_1_109' title='bbox 385 1527 608 1596; x_wconf 85' lang='grc' dir='ltr'>ἐποίησε</span> <span class='ocrx_word' id='word_1_110' title='bbox 656 1527 748 1579; x_wconf 71' lang='grc' dir='ltr'>καὶ</span> <span class='ocrx_word' id='word_1_111' title='bbox 783 1526 811 1577; x_wconf 87' lang='grc' dir='ltr'>ό</span> <span class='ocrx_word' id='word_1_112' title='bbox 857 1526 1010 1591; x_wconf 86' lang='grc' dir='ltr'>Θεός.</span> <span class='ocrx_word' id='word_1_113' title='bbox 1042 1528 1183 1598; x_wconf 78' lang='grc' dir='ltr'>Πρὸς</span> <span class='ocrx_word' id='word_1_114' title='bbox 1217 1528 1428 1589; x_wconf 79' lang='grc' dir='ltr'>τούτοις</span> <span class='ocrx_word' id='word_1_115' title='bbox 1465 1528 1557 1580; x_wconf 69' lang='grc' dir='ltr'>καὶ</span> <span class='ocrx_word' id='word_1_116' title='bbox 1585 1527 1674 1580; x_wconf 75' lang='grc' dir='ltr'>τὸν</span> <span class='ocrx_word' id='word_1_117' title='bbox 1703 1526 1811 1580; x_wconf 87' lang='grc' dir='ltr'>ἀπὸ</span> <span class='ocrx_word' id='word_1_118' title='bbox 1838 1527 1935 1595; x_wconf 86' lang='grc' dir='ltr'>τῆς</span> 
     </span>
    </p>
   </div>
   <div class='ocr_carea' id='block_1_16' title="bbox 277 1611 1936 1685">
    <p class='ocr_par' dir='ltr' id='par_1_16' title="bbox 277 1611 1936 1685">
     <span class='ocr_line' id='line_1_16' title="bbox 277 1611 1936 1685; baseline 0.002 -22"><span class='ocrx_word' id='word_1_119' title='bbox 277 1611 491 1679; x_wconf 80' lang='grc' dir='ltr'>φύσεως</span> <span class='ocrx_word' id='word_1_120' title='bbox 511 1613 692 1683; x_wconf 89' lang='grc' dir='ltr'>τρίτον</span> <span class='ocrx_word' id='word_1_121' title='bbox 709 1615 952 1685; x_wconf 78' lang='grc' dir='ltr'>ἐπήγαγε</span> <span class='ocrx_word' id='word_1_122' title='bbox 975 1615 1193 1685; x_wconf 65' lang='grc' dir='ltr'>δεσμὸν,</span> <span class='ocrx_word' id='word_1_123' title='bbox 1214 1617 1261 1668; x_wconf 86' lang='grc' dir='ltr'>εί</span> <span class='ocrx_word' id='word_1_124' title='bbox 1281 1615 1337 1666; x_wconf 81' lang='grc' dir='ltr'>δὲ</span> <span class='ocrx_word' id='word_1_125' title='bbox 1369 1614 1569 1684; x_wconf 83' lang='grc' dir='ltr'>βούλει,</span> <span class='ocrx_word' id='word_1_126' title='bbox 1587 1614 1936 1682; x_wconf 82' lang='grc' dir='ltr'>πρῶτον.Καὶ</span> 
     </span>
    </p>
   </div>
   <div class='ocr_carea' id='block_1_17' title="bbox 279 1699 1934 1774">
    <p class='ocr_par' dir='ltr' id='par_1_17' title="bbox 279 1699 1934 1774">
     <span class='ocr_line' id='line_1_17' title="bbox 279 1699 1934 1774; baseline 0.001 -22"><span class='ocrx_word' id='word_1_127' title='bbox 279 1699 366 1753; x_wconf 82' lang='grc' dir='ltr'>ἵνα</span> <span class='ocrx_word' id='word_1_128' title='bbox 400 1701 497 1770; x_wconf 83' lang='grc' dir='ltr'>μὲν</span> <span class='ocrx_word' id='word_1_129' title='bbox 535 1701 642 1754; x_wconf 90' lang='grc' dir='ltr'>τῶν</span> <span class='ocrx_word' id='word_1_130' title='bbox 678 1703 1116 1774; x_wconf 80' lang='grc' dir='ltr'>προσταγμάτων</span> <span class='ocrx_word' id='word_1_131' title='bbox 1145 1703 1309 1756; x_wconf 83' lang='grc' dir='ltr'>αὐτοῦ</span> <span class='ocrx_word' id='word_1_132' title='bbox 1345 1703 1419 1772; x_wconf 83' lang='grc' dir='ltr'>μὴ</span> <span class='ocrx_word' id='word_1_133' title='bbox 1459 1701 1866 1774; x_wconf 86' lang='grc' dir='ltr'>καταφρονῶσιν</span> <span class='ocrx_word' id='word_1_134' title='bbox 1889 1703 1934 1754; x_wconf 76' lang='grc' dir='ltr'>οἱ</span> 
     </span>
    </p>
   </div>
   <div class='ocr_carea' id='block_1_18' title="bbox 275 1787 1936 1862">
    <p class='ocr_par' dir='ltr' id='par_1_18' title="bbox 275 1787 1936 1862">
     <span class='ocr_line' id='line_1_18' title="bbox 275 1787 1936 1862; baseline 0.001 -24"><span class='ocrx_word' id='word_1_135' title='bbox 275 1787 529 1860; x_wconf 83' lang='grc' dir='ltr'>πατέρες,</span> <span class='ocrx_word' id='word_1_136' title='bbox 578 1789 920 1861; x_wconf 82' lang='grc' dir='ltr'>κελευόμενοι</span> <span class='ocrx_word' id='word_1_137' title='bbox 947 1791 1164 1862; x_wconf 76' lang='grc' dir='ltr'>τρέφειν</span> <span class='ocrx_word' id='word_1_138' title='bbox 1191 1791 1318 1852; x_wconf 83' lang='grc' dir='ltr'>τούς</span> <span class='ocrx_word' id='word_1_139' title='bbox 1355 1790 1568 1853; x_wconf 87' lang='grc' dir='ltr'>παῖδας,</span> <span class='ocrx_word' id='word_1_140' title='bbox 1587 1789 1682 1857; x_wconf 72' lang='grc' dir='ltr'>τὴν</span> <span class='ocrx_word' id='word_1_141' title='bbox 1711 1789 1819 1842; x_wconf 77' lang='grc' dir='ltr'>ἀπὸ</span> <span class='ocrx_word' id='word_1_142' title='bbox 1837 1789 1936 1858; x_wconf 86' lang='grc' dir='ltr'>τῆς</span> 
     </span>
    </p>
   </div>
   <div class='ocr_carea' id='block_1_19' title="bbox 278 1875 1938 1948">
    <p class='ocr_par' dir='ltr' id='par_1_19' title="bbox 278 1875 1938 1948">
     <span class='ocr_line' id='line_1_19' title="bbox 278 1875 1938 1948; baseline 0.001 -21"><span class='ocrx_word' id='word_1_143' title='bbox 278 1875 769 1947; x_wconf 86' lang='grc' dir='ltr'>φύσεωςέπέθηκεν</span> <span class='ocrx_word' id='word_1_144' title='bbox 794 1877 1184 1948; x_wconf 84' lang='grc' dir='ltr'>ἀνάγκην.⁸ἰνα</span> <span class='ocrx_word' id='word_1_145' title='bbox 1207 1877 1262 1930; x_wconf 84' lang='grc' dir='ltr'>δὲ</span> <span class='ocrx_word' id='word_1_146' title='bbox 1289 1880 1360 1948; x_wconf 83' lang='grc' dir='ltr'>μή</span> <span class='ocrx_word' id='word_1_147' title='bbox 1381 1894 1510 1930; x_wconf 88' lang='grc' dir='ltr'>ποτε</span> <span class='ocrx_word' id='word_1_148' title='bbox 1534 1879 1653 1940; x_wconf 82' lang='grc' dir='ltr'>ταῖς</span> <span class='ocrx_word' id='word_1_149' title='bbox 1682 1877 1788 1929; x_wconf 90' lang='grc' dir='ltr'>τῶν</span> <span class='ocrx_word' id='word_1_150' title='bbox 1813 1877 1938 1930; x_wconf 86' lang='grc' dir='ltr'>παί-</span> 
     </span>
    </p>
   </div>
   <div class='ocr_carea' id='block_1_20' title="bbox 273 1963 1935 2039">
    <p class='ocr_par' dir='ltr' id='par_1_20' title="bbox 273 1963 1935 2039">
     <span class='ocr_line' id='line_1_20' title="bbox 273 1963 1935 2039; baseline 0 -23"><span class='ocrx_word' id='word_1_151' title='bbox 273 1963 380 2017; x_wconf 88' lang='grc' dir='ltr'>δων</span> <span class='ocrx_word' id='word_1_152' title='bbox 412 1964 630 2036; x_wconf 83' lang='grc' dir='ltr'>ὓϐρεσιν</span> <span class='ocrx_word' id='word_1_153' title='bbox 662 1965 1025 2039; x_wconf 90' lang='grc' dir='ltr'>ἀσθενεστέρα</span> <span class='ocrx_word' id='word_1_154' title='bbox 1060 1966 1326 2036; x_wconf 83' lang='grc' dir='ltr'>γενομένη</span> <span class='ocrx_word' id='word_1_155' title='bbox 1359 1966 1496 2034; x_wconf 76' lang='grc' dir='ltr'>αὕτη</span> <span class='ocrx_word' id='word_1_156' title='bbox 1525 1965 1935 2036; x_wconf 76' lang='grc' dir='ltr'>διαρρήγνυται,</span> 
     </span>
    </p>
   </div>
   <div class='ocr_carea' id='block_1_21' title="bbox 274 2051 1938 2124">
    <p class='ocr_par' dir='ltr' id='par_1_21' title="bbox 274 2051 1938 2124">
     <span class='ocr_line' id='line_1_21' title="bbox 274 2051 1938 2124; baseline 0.001 -21"><span class='ocrx_word' id='word_1_157' title='bbox 274 2052 374 2122; x_wconf 84' lang='grc' dir='ltr'>τήν</span> <span class='ocrx_word' id='word_1_158' title='bbox 401 2069 460 2104; x_wconf 84' lang='grc' dir='ltr'>τε</span> <span class='ocrx_word' id='word_1_159' title='bbox 490 2055 617 2124; x_wconf 80' lang='grc' dir='ltr'>παρ’</span> <span class='ocrx_word' id='word_1_160' title='bbox 633 2053 795 2106; x_wconf 88' lang='grc' dir='ltr'>αὐτοῦ</span> <span class='ocrx_word' id='word_1_161' title='bbox 819 2054 912 2107; x_wconf 75' lang='grc' dir='ltr'>καὶ</span> <span class='ocrx_word' id='word_1_162' title='bbox 936 2053 1032 2124; x_wconf 80' lang='grc' dir='ltr'>τὴν</span> <span class='ocrx_word' id='word_1_163' title='bbox 1050 2053 1369 2124; x_wconf 76' lang='grc' dir='ltr'>τταράὐτῶν</span> <span class='ocrx_word' id='word_1_164' title='bbox 1399 2054 1505 2108; x_wconf 86' lang='grc' dir='ltr'>τῶν</span> <span class='ocrx_word' id='word_1_165' title='bbox 1525 2051 1938 2123; x_wconf 88' lang='grc' dir='ltr'>γεννησαμένων</span> 
     </span>
    </p>
   </div>
   <div class='ocr_carea' id='block_1_22' title="bbox 275 2139 1941 2212">
    <p class='ocr_par' dir='ltr' id='par_1_22' title="bbox 275 2139 1941 2212">
     <span class='ocr_line' id='line_1_22' title="bbox 275 2139 1941 2212; baseline 0 -21"><span class='ocrx_word' id='word_1_166' title='bbox 275 2139 575 2209; x_wconf 75' lang='grc' dir='ltr'>ἐπετείχισε</span> <span class='ocrx_word' id='word_1_167' title='bbox 598 2141 886 2212; x_wconf 82' lang='grc' dir='ltr'>τιμωρίαν,</span> <span class='ocrx_word' id='word_1_168' title='bbox 902 2141 997 2194; x_wconf 82' lang='grc' dir='ltr'>καὶ</span> <span class='ocrx_word' id='word_1_169' title='bbox 1017 2139 1236 2204; x_wconf 82' lang='grc' dir='ltr'>τούτους</span> <span class='ocrx_word' id='word_1_170' title='bbox 1256 2140 1392 2210; x_wconf 87' lang='grc' dir='ltr'>μετά</span> <span class='ocrx_word' id='word_1_171' title='bbox 1415 2140 1696 2211; x_wconf 88' lang='grc' dir='ltr'>ἀκριϐείας</span> <span class='ocrx_word' id='word_1_172' title='bbox 1713 2140 1941 2192; x_wconf 85' lang='grc' dir='ltr'>ὑποτάσ-</span> 
     </span>
    </p>
   </div>
   <div class='ocr_carea' id='block_1_23' title="bbox 277 2227 1937 2300">
    <p class='ocr_par' dir='ltr' id='par_1_23' title="bbox 277 2227 1937 2300">
     <span class='ocr_line' id='line_1_23' title="bbox 277 2227 1937 2300; baseline 0.001 -20"><span class='ocrx_word' id='word_1_173' title='bbox 277 2243 387 2280; x_wconf 88' lang='grc' dir='ltr'>σων</span> <span class='ocrx_word' id='word_1_174' title='bbox 433 2227 650 2298; x_wconf 87' lang='grc' dir='ltr'>πολλῆς,</span> <span class='ocrx_word' id='word_1_175' title='bbox 685 2229 954 2283; x_wconf 86' lang='grc' dir='ltr'>κάκείνων</span> <span class='ocrx_word' id='word_1_176' title='bbox 987 2228 1157 2300; x_wconf 79' lang='grc' dir='ltr'>ταύτῃ</span> <span class='ocrx_word' id='word_1_177' title='bbox 1193 2228 1473 2298; x_wconf 84' lang='grc' dir='ltr'>διεγείρων</span> <span class='ocrx_word' id='word_1_178' title='bbox 1511 2229 1600 2282; x_wconf 87' lang='grc' dir='ltr'>τὸν</span> <span class='ocrx_word' id='word_1_179' title='bbox 1639 2228 1822 2283; x_wconf 85' lang='grc' dir='ltr'>πόθον.</span> <span class='ocrx_word' id='word_1_180' title='bbox 1861 2230 1937 2282; x_wconf 89' lang='grc' dir='ltr'>Οὐ</span> 
     </span>
    </p>
   </div>
   <div class='ocr_carea' id='block_1_24' title="bbox 275 2314 1940 2388">
    <p class='ocr_par' dir='ltr' id='par_1_24' title="bbox 275 2314 1940 2388">
     <span class='ocr_line' id='line_1_24' title="bbox 275 2314 1940 2388; baseline 0 -19"><span class='ocrx_word' id='word_1_181' title='bbox 275 2314 448 2388; x_wconf 81' lang='grc' dir='ltr'>ταύτῃ</span> <span class='ocrx_word' id='word_1_182' title='bbox 469 2315 527 2369; x_wconf 84' lang='grc' dir='ltr'>δὲ</span> <span class='ocrx_word' id='word_1_183' title='bbox 552 2316 735 2386; x_wconf 83' lang='grc' dir='ltr'>μόνον,</span> <span class='ocrx_word' id='word_1_184' title='bbox 753 2315 888 2370; x_wconf 87' lang='grc' dir='ltr'>ἀλλά</span> <span class='ocrx_word' id='word_1_185' title='bbox 920 2317 1014 2370; x_wconf 69' lang='grc' dir='ltr'>καὶ</span> <span class='ocrx_word' id='word_1_186' title='bbox 1037 2316 1206 2387; x_wconf 82' lang='grc' dir='ltr'>ἐτέρῳ</span> <span class='ocrx_word' id='word_1_187' title='bbox 1225 2316 1469 2387; x_wconf 78' lang='grc' dir='ltr'>τετάρτῳ</span> <span class='ocrx_word' id='word_1_188' title='bbox 1493 2315 1679 2387; x_wconf 87' lang='grc' dir='ltr'>τρόπῳ</span> <span class='ocrx_word' id='word_1_189' title='bbox 1701 2315 1940 2387; x_wconf 84' lang='grc' dir='ltr'>σφοδρῶς</span> 
     </span>
    </p>
   </div>
   <div class='ocr_carea' id='block_1_25' title="bbox 276 2404 1940 2476">
    <p class='ocr_par' dir='ltr' id='par_1_25' title="bbox 276 2404 1940 2476">
     <span class='ocr_line' id='line_1_25' title="bbox 276 2404 1940 2476; baseline -0.001 -19"><span class='ocrx_word' id='word_1_190' title='bbox 276 2405 424 2474; x_wconf 77' lang='grc' dir='ltr'>ἡμᾶς</span> <span class='ocrx_word' id='word_1_191' title='bbox 449 2405 544 2458; x_wconf 79' lang='grc' dir='ltr'>καὶ</span> <span class='ocrx_word' id='word_1_192' title='bbox 572 2404 708 2476; x_wconf 89' lang='grc' dir='ltr'>μετά</span> <span class='ocrx_word' id='word_1_193' title='bbox 729 2405 1014 2476; x_wconf 85' lang='grc' dir='ltr'>ἀκριϐείας</span> <span class='ocrx_word' id='word_1_194' title='bbox 1043 2404 1226 2469; x_wconf 88' lang='grc' dir='ltr'>αὐτοῖς</span> <span class='ocrx_word' id='word_1_195' title='bbox 1253 2404 1560 2474; x_wconf 88' lang='grc' dir='ltr'>συνέδησεν.</span> <span class='ocrx_word' id='word_1_196' title='bbox 1581 2405 1654 2457; x_wconf 84' lang='grc' dir='ltr'>Οὐ</span> <span class='ocrx_word' id='word_1_197' title='bbox 1686 2405 1794 2474; x_wconf 86' lang='grc' dir='ltr'>γάρ</span> <span class='ocrx_word' id='word_1_198' title='bbox 1814 2404 1940 2468; x_wconf 80' lang='grc' dir='ltr'>τοὺς</span> 
     </span>
    </p>
   </div>
   <div class='ocr_carea' id='block_1_26' title="bbox 277 2490 1940 2562">
    <p class='ocr_par' dir='ltr' id='par_1_26' title="bbox 277 2490 1940 2562">
     <span class='ocr_line' id='line_1_26' title="bbox 277 2490 1940 2562; baseline -0.001 -19"><span class='ocrx_word' id='word_1_199' title='bbox 277 2491 468 2554; x_wconf 87' lang='grc' dir='ltr'>παῖδας</span> <span class='ocrx_word' id='word_1_200' title='bbox 501 2491 661 2561; x_wconf 91' lang='grc' dir='ltr'>μόνον</span> <span class='ocrx_word' id='word_1_201' title='bbox 695 2493 898 2556; x_wconf 81' lang='grc' dir='ltr'>κακοὺς</span> <span class='ocrx_word' id='word_1_202' title='bbox 931 2491 1029 2562; x_wconf 85' lang='grc' dir='ltr'>μὲν</span> <span class='ocrx_word' id='word_1_203' title='bbox 1051 2490 1210 2554; x_wconf 76' lang='grc' dir='ltr'>ὄντας</span> <span class='ocrx_word' id='word_1_204' title='bbox 1240 2491 1368 2561; x_wconf 70' lang='grc' dir='ltr'>περὶ</span> <span class='ocrx_word' id='word_1_205' title='bbox 1389 2493 1512 2554; x_wconf 83' lang='grc' dir='ltr'>τοὺς</span> <span class='ocrx_word' id='word_1_206' title='bbox 1545 2492 1940 2561; x_wconf 85' lang='grc' dir='ltr'>γεγεννηκότας</span> 
     </span>
    </p>
   </div>
   <div class='ocr_carea' id='block_1_27' title="bbox 276 2577 1941 2651">
    <p class='ocr_par' dir='ltr' id='par_1_27' title="bbox 276 2577 1941 2651">
     <span class='ocr_line' id='line_1_27' title="bbox 276 2577 1941 2651; baseline -0.001 -19"><span class='ocrx_word' id='word_1_207' title='bbox 276 2578 516 2644; x_wconf 73' lang='grc' dir='ltr'>κολάζει,</span> <span class='ocrx_word' id='word_1_208' title='bbox 538 2580 854 2651; x_wconf 88' lang='grc' dir='ltr'>γινομένους</span> <span class='ocrx_word' id='word_1_209' title='bbox 884 2579 940 2632; x_wconf 89' lang='grc' dir='ltr'>δέ</span> <span class='ocrx_word' id='word_1_210' title='bbox 967 2579 1204 2648; x_wconf 74' lang='grc' dir='ltr'>ἀγαθοὺς</span> <span class='ocrx_word' id='word_1_211' title='bbox 1223 2579 1565 2650; x_wconf 88' lang='grc' dir='ltr'>ἀποδέχεται,</span> <span class='ocrx_word' id='word_1_212' title='bbox 1589 2577 1724 2632; x_wconf 89' lang='grc' dir='ltr'>ἀλλά</span> <span class='ocrx_word' id='word_1_213' title='bbox 1743 2579 1834 2632; x_wconf 70' lang='grc' dir='ltr'>καὶ</span> <span class='ocrx_word' id='word_1_214' title='bbox 1851 2580 1941 2631; x_wconf 74' lang='grc' dir='ltr'>ἐπὶ</span> 
     </span>
    </p>
   </div>
   <div class='ocr_carea' id='block_1_28' title="bbox 276 2665 1942 2739">
    <p class='ocr_par' dir='ltr' id='par_1_28' title="bbox 276 2665 1942 2739">
     <span class='ocr_line' id='line_1_28' title="bbox 276 2665 1942 2739; baseline -0.001 -19"><span class='ocrx_word' id='word_1_215' title='bbox 276 2667 384 2720; x_wconf 86' lang='grc' dir='ltr'>τῶν</span> <span class='ocrx_word' id='word_1_216' title='bbox 401 2667 650 2738; x_wconf 87' lang='grc' dir='ltr'>πατέρων</span> <span class='ocrx_word' id='word_1_217' title='bbox 667 2667 726 2720; x_wconf 79' lang='grc' dir='ltr'>τὸ</span> <span class='ocrx_word' id='word_1_218' title='bbox 748 2667 877 2720; x_wconf 84' lang='grc' dir='ltr'>αὐτὸ</span> <span class='ocrx_word' id='word_1_219' title='bbox 897 2667 962 2739; x_wconf 84' lang='grc' dir='ltr'>δὴ</span> <span class='ocrx_word' id='word_1_220' title='bbox 985 2666 1143 2720; x_wconf 91' lang='grc' dir='ltr'>τοῦτο</span> <span class='ocrx_word' id='word_1_221' title='bbox 1165 2669 1326 2729; x_wconf 89' lang='grc' dir='ltr'>ποιεῖ,</span> <span class='ocrx_word' id='word_1_222' title='bbox 1343 2666 1582 2730; x_wconf 82' lang='grc' dir='ltr'>κολάζων</span> <span class='ocrx_word' id='word_1_223' title='bbox 1608 2667 1704 2729; x_wconf 82' lang='grc' dir='ltr'>μέν</span> <span class='ocrx_word' id='word_1_224' title='bbox 1732 2665 1942 2735; x_wconf 83' lang='grc' dir='ltr'>πικρῶς</span> 
     </span>
    </p>
   </div>
   <div class='ocr_carea' id='block_1_29' title="bbox 275 2754 1942 2827">
    <p class='ocr_par' dir='ltr' id='par_1_29' title="bbox 275 2754 1942 2827">
     <span class='ocr_line' id='line_1_29' title="bbox 275 2754 1942 2827; baseline -0.002 -19"><span class='ocrx_word' id='word_1_225' title='bbox 275 2757 402 2818; x_wconf 84' lang='grc' dir='ltr'>τούς</span> <span class='ocrx_word' id='word_1_226' title='bbox 416 2754 750 2826; x_wconf 79' lang='grc' dir='ltr'>ἀμελοῦντας</span> <span class='ocrx_word' id='word_1_227' title='bbox 778 2755 980 2818; x_wconf 85' lang='grc' dir='ltr'>αὐτῶν,</span> <span class='ocrx_word' id='word_1_228' title='bbox 1005 2755 1182 2827; x_wconf 86' lang='grc' dir='ltr'>τιμῶν</span> <span class='ocrx_word' id='word_1_229' title='bbox 1214 2755 1270 2808; x_wconf 84' lang='grc' dir='ltr'>δέ</span> <span class='ocrx_word' id='word_1_230' title='bbox 1298 2756 1390 2808; x_wconf 75' lang='grc' dir='ltr'>καὶ</span> <span class='ocrx_word' id='word_1_231' title='bbox 1407 2754 1644 2808; x_wconf 88' lang='grc' dir='ltr'>ἐπαινῶν</span> <span class='ocrx_word' id='word_1_232' title='bbox 1666 2755 1789 2817; x_wconf 82' lang='grc' dir='ltr'>τοὺς</span> <span class='ocrx_word' id='word_1_233' title='bbox 1825 2756 1942 2807; x_wconf 85' lang='grc' dir='ltr'>ἐπι-</span> 
     </span>
    </p>
   </div>
   <div class='ocr_carea' id='block_1_30' title="bbox 281 2840 1943 2914">
    <p class='ocr_par' dir='ltr' id='par_1_30' title="bbox 281 2840 1943 2914">
     <span class='ocr_line' id='line_1_30' title="bbox 281 2840 1943 2914; baseline 0.001 -20"><span class='ocrx_word' id='word_1_234' title='bbox 281 2843 663 2912; x_wconf 80' lang='grc' dir='ltr'>μελονμένους.</span> <span class='ocrx_word' id='word_1_235' title='bbox 682 2845 792 2896; x_wconf 88' lang='lat' dir='ltr'><strong><em>Ka1</em></strong></span> <span class='ocrx_word' id='word_1_236' title='bbox 810 2843 919 2913; x_wconf 79' lang='grc' dir='ltr'>γάρ</span> <span class='ocrx_word' id='word_1_237' title='bbox 935 2844 1024 2895; x_wconf 79' lang='grc' dir='ltr'>τὸν</span> <span class='ocrx_word' id='word_1_238' title='bbox 1043 2843 1352 2914; x_wconf 79' lang='grc' dir='ltr'>πρεσϐύτην</span> <span class='ocrx_word' id='word_1_239' title='bbox 1368 2841 1575 2908; x_wconf 90' lang='grc' dir='ltr'>τοῦτον,</span> <span class='ocrx_word' id='word_1_240' title='bbox 1589 2843 1760 2895; x_wconf 89' lang='grc' dir='ltr'>καίτοι</span> <span class='ocrx_word' id='word_1_241' title='bbox 1777 2840 1943 2895; x_wconf 79' lang='grc' dir='ltr'>τάλλα</span> 
     </span>
    </p>
   </div>
   <div class='ocr_carea' id='block_1_31' title="bbox 278 2930 1943 3002">
    <p class='ocr_par' dir='ltr' id='par_1_31' title="bbox 278 2930 1943 3002">
     <span class='ocr_line' id='line_1_31' title="bbox 278 2930 1943 3002; baseline 0 -20"><span class='ocrx_word' id='word_1_242' title='bbox 278 2931 406 2983; x_wconf 77' lang='grc' dir='ltr'>ὄντα</span> <span class='ocrx_word' id='word_1_243' title='bbox 438 2930 708 3002; x_wconf 72' lang='grc' dir='ltr'>λαμπρὸν,</span> <span class='ocrx_word' id='word_1_244' title='bbox 743 2932 851 2984; x_wconf 73' lang='grc' dir='ltr'>ἀπὸ</span> <span class='ocrx_word' id='word_1_245' title='bbox 873 2932 1082 3002; x_wconf 88' lang='grc' dir='ltr'>ταύτης</span> <span class='ocrx_word' id='word_1_246' title='bbox 1104 2933 1201 3002; x_wconf 86' lang='grc' dir='ltr'>τῆς</span> <span class='ocrx_word' id='word_1_247' title='bbox 1237 2931 1529 3001; x_wconf 78' lang='grc' dir='ltr'>ὀλιγωρίας</span> <span class='ocrx_word' id='word_1_248' title='bbox 1562 2931 1943 3001; x_wconf 79' lang='grc' dir='ltr'>ἐτιμωρήσατο</span> 
     </span>
    </p>
   </div>
   <div class='ocr_carea' id='block_1_32' title="bbox 282 3013 1944 3090">
    <p class='ocr_par' dir='ltr' id='par_1_32' title="bbox 282 3013 1944 3090">
     <span class='ocr_line' id='line_1_32' title="bbox 282 3013 1944 3090; baseline 0.001 -20"><span class='ocrx_word' id='word_1_249' title='bbox 282 3019 470 3087; x_wconf 82' lang='grc' dir='ltr'>μόνης,</span> <span class='ocrx_word' id='word_1_250' title='bbox 493 3018 596 3070; x_wconf 77' lang='grc' dir='ltr'>καὶ</span> <span class='ocrx_word' id='word_1_251' title='bbox 624 3018 714 3071; x_wconf 84' lang='grc' dir='ltr'>τὸν</span> <span class='ocrx_word' id='word_1_252' title='bbox 735 3018 1081 3089; x_wconf 87' lang='grc' dir='ltr'>πατριάρχην</span> <span class='ocrx_word' id='word_1_253' title='bbox 1110 3019 1166 3071; x_wconf 85' lang='grc' dir='ltr'>δὲ</span> <span class='ocrx_word' id='word_1_254' title='bbox 1194 3018 1302 3072; x_wconf 88' lang='grc' dir='ltr'>τῶν</span> <span class='ocrx_word' id='word_1_255' title='bbox 1321 3018 1494 3073; x_wconf 82' lang='grc' dir='ltr'>ἄλλων</span> <span class='ocrx_word' id='word_1_256' title='bbox 1529 3019 1626 3089; x_wconf 85' lang='grc' dir='ltr'>οὐχ</span> <span class='ocrx_word' id='word_1_257' title='bbox 1651 3013 1811 3090; x_wconf 81' lang='grc' dir='ltr'>ἦττον</span> <span class='ocrx_word' id='word_1_258' title='bbox 1837 3020 1944 3073; x_wconf 85' lang='grc' dir='ltr'>ἀπὸ</span> 
     </span>
    </p>
   </div>
   <div class='ocr_carea' id='block_1_33' title="bbox 280 3105 1943 3177">
    <p class='ocr_par' dir='ltr' id='par_1_33' title="bbox 280 3105 1943 3177">
     <span class='ocr_line' id='line_1_33' title="bbox 280 3105 1943 3177; baseline 0.001 -18"><span class='ocrx_word' id='word_1_259' title='bbox 280 3105 482 3173; x_wconf 87' lang='grc' dir='ltr'>ταύτης</span> <span class='ocrx_word' id='word_1_260' title='bbox 509 3105 733 3176; x_wconf 88' lang='grc' dir='ltr'>ἐτίμησε</span> <span class='ocrx_word' id='word_1_261' title='bbox 752 3107 850 3177; x_wconf 86' lang='grc' dir='ltr'>τῆς</span> <span class='ocrx_word' id='word_1_262' title='bbox 867 3107 1140 3176; x_wconf 72' lang='grc' dir='ltr'>προνοίαςο</span> <span class='ocrx_word' id='word_1_263' title='bbox 1159 3106 1334 3174; x_wconf 87' lang='grc' dir='ltr'>λέγων</span> <span class='ocrx_word' id='word_1_264' title='bbox 1358 3107 1466 3176; x_wconf 91' lang='grc' dir='ltr'>γάρ</span> <span class='ocrx_word' id='word_1_265' title='bbox 1497 3107 1595 3169; x_wconf 82' lang='grc' dir='ltr'>τάς</span> <span class='ocrx_word' id='word_1_266' title='bbox 1624 3106 1820 3170; x_wconf 81' lang='grc' dir='ltr'>πολλάς</span> <span class='ocrx_word' id='word_1_267' title='bbox 1850 3109 1943 3160; x_wconf 77' lang='grc' dir='ltr'>καὶ</span> 
     </span>
    </p>
   </div>
   <div class='ocr_carea' id='block_1_34' title="bbox 285 3193 1944 3266">
    <p class='ocr_par' dir='ltr' id='par_1_34' title="bbox 285 3193 1944 3266">
     <span class='ocr_line' id='line_1_34' title="bbox 285 3193 1944 3266; baseline 0 -18"><span class='ocrx_word' id='word_1_268' title='bbox 285 3195 524 3264; x_wconf 83' lang='grc' dir='ltr'>μεγάλας</span> <span class='ocrx_word' id='word_1_269' title='bbox 539 3193 746 3266; x_wconf 78' lang='grc' dir='ltr'>δωρεάς</span> <span class='ocrx_word' id='word_1_270' title='bbox 786 3194 1020 3259; x_wconf 83' lang='grc' dir='ltr'>ἐκείνας,</span> <span class='ocrx_word' id='word_1_271' title='bbox 1045 3194 1112 3257; x_wconf 78' lang='grc' dir='ltr'>ἀς</span> <span class='ocrx_word' id='word_1_272' title='bbox 1151 3196 1416 3264; x_wconf 83' lang='grc' dir='ltr'>ὑπέσχετο</span> <span class='ocrx_word' id='word_1_273' title='bbox 1437 3194 1626 3248; x_wconf 82' lang='grc' dir='ltr'>δώσειν</span> <span class='ocrx_word' id='word_1_274' title='bbox 1655 3195 1826 3265; x_wconf 78' lang='grc' dir='ltr'>αὐτῷ,</span> <span class='ocrx_word' id='word_1_275' title='bbox 1849 3198 1944 3250; x_wconf 64' lang='grc' dir='ltr'>καὶ⁵</span> 
     </span>
    </p>
   </div>
   <div class='ocr_carea' id='block_1_35' title="bbox 280 3279 1944 3354">
    <p class='ocr_par' dir='ltr' id='par_1_35' title="bbox 280 3279 1944 3354">
     <span class='ocr_line' id='line_1_35' title="bbox 280 3279 1944 3354; baseline 0.001 -19"><span class='ocrx_word' id='word_1_276' title='bbox 280 3281 378 3354; x_wconf 76' lang='grc' dir='ltr'>τὴν</span> <span class='ocrx_word' id='word_1_277' title='bbox 405 3282 584 3336; x_wconf 85' lang='grc' dir='ltr'>αἰτίαν</span> <span class='ocrx_word' id='word_1_278' title='bbox 602 3281 791 3345; x_wconf 75' lang='grc' dir='ltr'>τιθεὶς,</span> <span class='ocrx_word' id='word_1_279' title='bbox 818 3279 1021 3352; x_wconf 82' lang='grc' dir='ltr'>ταύτην</span> <span class='ocrx_word' id='word_1_280' title='bbox 1058 3281 1241 3334; x_wconf 87' lang='grc' dir='ltr'>ἐτίθει·</span> <span class='ocrx_word' id='word_1_281' title='bbox 1266 3283 1471 3352; x_wconf 80' lang='grc' dir='ltr'>’ῌδειν</span> <span class='ocrx_word' id='word_1_282' title='bbox 1495 3282 1620 3353; x_wconf 76' lang='grc' dir='ltr'>γάρ,</span> <span class='ocrx_word' id='word_1_283' title='bbox 1643 3283 1825 3352; x_wconf 79' lang='grc' dir='ltr'>φησὶν,</span> <span class='ocrx_word' id='word_1_284' title='bbox 1856 3283 1944 3336; x_wconf 79' lang='grc' dir='ltr'>ὅτι</span> 
     </span>
    </p>
   </div>
   <div class='ocr_carea' id='block_1_36' title="bbox 280 3369 1946 3438">
    <p class='ocr_par' dir='ltr' id='par_1_36' title="bbox 280 3369 1946 3438">
     <span class='ocr_line' id='line_1_36' title="bbox 280 3369 1946 3438; baseline -0.001 -13"><span class='ocrx_word' id='word_1_285' title='bbox 280 3369 569 3435; x_wconf 77' lang='grc' dir='ltr'>συντάξει</span> <span class='ocrx_word' id='word_1_286' title='bbox 603 3370 856 3438; x_wconf 78' lang='grc' dir='ltr'>Ἀϐραὰμ</span> <span class='ocrx_word' id='word_1_287' title='bbox 890 3369 1016 3434; x_wconf 84' lang='grc' dir='ltr'>τοῖς</span> <span class='ocrx_word' id='word_1_288' title='bbox 1037 3369 1187 3432; x_wconf 73' lang='grc' dir='ltr'>υἱοῖς</span> <span class='ocrx_word' id='word_1_289' title='bbox 1202 3369 1407 3432; x_wconf 83' lang='grc' dir='ltr'>αὑτοῦ,</span> <span class='ocrx_word' id='word_1_290' title='bbox 1435 3371 1532 3422; x_wconf 79' lang='grc' dir='ltr'>καὶ</span> <span class='ocrx_word' id='word_1_291' title='bbox 1560 3370 1638 3434; x_wconf 88' lang='grc' dir='ltr'>τῷ</span> <span class='ocrx_word' id='word_1_292' title='bbox 1675 3371 1818 3434; x_wconf 75' lang='grc' dir='ltr'>οῖκῳ</span> <span class='ocrx_word' id='word_1_293' title='bbox 1843 3373 1946 3424; x_wconf 85' lang='grc' dir='ltr'>αὑ-</span> 
     </span>
    </p>
   </div>
   <div class='ocr_carea' id='block_1_37' title="bbox 282 3456 1944 3531">
    <p class='ocr_par' dir='ltr' id='par_1_37' title="bbox 282 3456 1944 3531">
     <span class='ocr_line' id='line_1_37' title="bbox 282 3456 1944 3531; baseline -0.001 -19"><span class='ocrx_word' id='word_1_294' title='bbox 282 3458 387 3512; x_wconf 82' lang='grc' dir='ltr'>τοῦ</span> <span class='ocrx_word' id='word_1_295' title='bbox 399 3459 525 3527; x_wconf 80' lang='grc' dir='ltr'>μετ’</span> <span class='ocrx_word' id='word_1_296' title='bbox 545 3457 750 3531; x_wconf 63' lang='grc' dir='ltr'>αὐτόν,</span> <span class='ocrx_word' id='word_1_297' title='bbox 765 3457 864 3510; x_wconf 75' lang='grc' dir='ltr'>καὶ</span> <span class='ocrx_word' id='word_1_298' title='bbox 888 3457 1229 3526; x_wconf 65' lang='grc' dir='ltr'>φυλάξουσι</span> <span class='ocrx_word' id='word_1_299' title='bbox 1253 3457 1358 3522; x_wconf 82' lang='grc' dir='ltr'>τὰς</span> <span class='ocrx_word' id='word_1_300' title='bbox 1382 3456 1560 3522; x_wconf 74' lang='grc' dir='ltr'>ὁδοὺς</span> <span class='ocrx_word' id='word_1_301' title='bbox 1585 3460 1636 3510; x_wconf 84' lang='grc' dir='ltr'><em>Κ</em></span> <span class='ocrx_word' id='word_1_302' title='bbox 1642 3458 1806 3524; x_wconf 72' lang='lat' dir='ltr'>vpiov</span> <span class='ocrx_word' id='word_1_303' title='bbox 1838 3459 1944 3512; x_wconf 87' lang='grc' dir='ltr'>τοῦ</span> 
     </span>
    </p>
   </div>
   <div class='ocr_carea' id='block_1_38' title="bbox 283 3544 1946 3614">
    <p class='ocr_par' dir='ltr' id='par_1_38' title="bbox 283 3544 1946 3614">
     <span class='ocr_line' id='line_1_38' title="bbox 283 3544 1946 3614; baseline -0.001 -14"><span class='ocrx_word' id='word_1_304' title='bbox 283 3546 452 3608; x_wconf 85' lang='grc' dir='ltr'>Θεοῦ,</span> <span class='ocrx_word' id='word_1_305' title='bbox 484 3545 678 3599; x_wconf 79' lang='grc' dir='ltr'>ποιεῖν</span> <span class='ocrx_word' id='word_1_306' title='bbox 731 3544 1124 3612; x_wconf 76' lang='grc' dir='ltr'>δικαιοσύνην</span> <span class='ocrx_word' id='word_1_307' title='bbox 1155 3544 1252 3597; x_wconf 79' lang='grc' dir='ltr'>καὶ</span> <span class='ocrx_word' id='word_1_308' title='bbox 1291 3544 1511 3610; x_wconf 76' lang='grc' dir='ltr'>κρίσιν.</span> <span class='ocrx_word' id='word_1_309' title='bbox 1555 3544 1737 3596; x_wconf 83' lang='grc' dir='ltr'>Ταῦτα</span> <span class='ocrx_word' id='word_1_310' title='bbox 1765 3544 1822 3597; x_wconf 88' lang='grc' dir='ltr'>δέ</span> <span class='ocrx_word' id='word_1_311' title='bbox 1855 3562 1946 3614; x_wconf 90' lang='grc' dir='ltr'>μοι</span> 
     </span>
    </p>
   </div>
   <div class='ocr_carea' id='block_1_39' title="bbox 282 3631 1946 3704">
    <p class='ocr_par' dir='ltr' id='par_1_39' title="bbox 282 3631 1946 3704">
     <span class='ocr_line' id='line_1_39' title="bbox 282 3631 1946 3704; baseline -0.001 -18"><span class='ocrx_word' id='word_1_312' title='bbox 282 3635 498 3704; x_wconf 73' lang='grc' dir='ltr'>εἴρηται</span> <span class='ocrx_word' id='word_1_313' title='bbox 527 3632 644 3697; x_wconf 88' lang='grc' dir='ltr'>νῦν,</span> <span class='ocrx_word' id='word_1_314' title='bbox 675 3633 763 3686; x_wconf 82' lang='grc' dir='ltr'>ἵνα</span> <span class='ocrx_word' id='word_1_315' title='bbox 806 3632 1070 3704; x_wconf 82' lang='grc' dir='ltr'>μάθωμεν</span> <span class='ocrx_word' id='word_1_316' title='bbox 1102 3633 1183 3686; x_wconf 84' lang='grc' dir='ltr'>ὅτι</span> <span class='ocrx_word' id='word_1_317' title='bbox 1227 3633 1327 3684; x_wconf 85' lang='grc' dir='ltr'>οὐκ</span> <span class='ocrx_word' id='word_1_318' title='bbox 1355 3631 1491 3684; x_wconf 80' lang='grc' dir='ltr'>οἴσει</span> <span class='ocrx_word' id='word_1_319' title='bbox 1524 3631 1713 3701; x_wconf 83' lang='grc' dir='ltr'>πράως</span> <span class='ocrx_word' id='word_1_320' title='bbox 1741 3633 1768 3684; x_wconf 84' lang='grc' dir='ltr'>ὁ</span> <span class='ocrx_word' id='word_1_321' title='bbox 1816 3633 1946 3695; x_wconf 81' lang='grc' dir='ltr'>Θεὸς</span> 
     </span>
    </p>
   </div>
   <div class='ocr_carea' id='block_1_40' title="bbox 281 3719 1946 3792">
    <p class='ocr_par' dir='ltr' id='par_1_40' title="bbox 281 3719 1946 3792">
     <span class='ocr_line' id='line_1_40' title="bbox 281 3719 1946 3792; baseline -0.001 -18"><span class='ocrx_word' id='word_1_322' title='bbox 281 3721 667 3792; x_wconf 85' lang='grc' dir='ltr'>ἀμελουμένων</span> <span class='ocrx_word' id='word_1_323' title='bbox 692 3721 797 3773; x_wconf 91' lang='grc' dir='ltr'>τῶν</span> <span class='ocrx_word' id='word_1_324' title='bbox 813 3721 954 3774; x_wconf 79' lang='grc' dir='ltr'>οὕτω</span> <span class='ocrx_word' id='word_1_325' title='bbox 973 3719 1449 3791; x_wconf 87' lang='grc' dir='ltr'>περισπουδάστων</span> <span class='ocrx_word' id='word_1_326' title='bbox 1461 3731 1485 3758; x_wconf 74' lang='grc' dir='ltr'>α</span> <span class='ocrx_word' id='word_1_327' title='bbox 1502 3719 1666 3788; x_wconf 82' lang='grc' dir='ltr'>αὐτῷ.</span> <span class='ocrx_word' id='word_1_328' title='bbox 1685 3720 1818 3772; x_wconf 87' lang='grc' dir='ltr'>Οὐδέ</span> <span class='ocrx_word' id='word_1_329' title='bbox 1839 3721 1946 3792; x_wconf 86' lang='grc' dir='ltr'>γάρ</span> 
     </span>
    </p>
   </div>
   <div class='ocr_carea' id='block_1_41' title="bbox 284 3806 1947 3878">
    <p class='ocr_par' dir='ltr' id='par_1_41' title="bbox 284 3806 1947 3878">
     <span class='ocr_line' id='line_1_41' title="bbox 284 3806 1947 3878; baseline 0 -18"><span class='ocrx_word' id='word_1_330' title='bbox 284 3811 400 3861; x_wconf 77' lang='grc' dir='ltr'>ἐστι</span> <span class='ocrx_word' id='word_1_331' title='bbox 428 3808 525 3862; x_wconf 88' lang='grc' dir='ltr'>τοῦ</span> <span class='ocrx_word' id='word_1_332' title='bbox 554 3807 720 3861; x_wconf 88' lang='grc' dir='ltr'>αὐτοῦ</span> <span class='ocrx_word' id='word_1_333' title='bbox 760 3808 998 3862; x_wconf 89' lang='grc' dir='ltr'>τοσαῦτα</span> <span class='ocrx_word' id='word_1_334' title='bbox 1029 3809 1126 3878; x_wconf 90' lang='grc' dir='ltr'>μέν</span> <span class='ocrx_word' id='word_1_335' title='bbox 1157 3807 1296 3876; x_wconf 80' lang='grc' dir='ltr'>ὑπὲρ</span> <span class='ocrx_word' id='word_1_336' title='bbox 1322 3807 1420 3876; x_wconf 87' lang='grc' dir='ltr'>τῆς</span> <span class='ocrx_word' id='word_1_337' title='bbox 1449 3806 1652 3859; x_wconf 91' lang='grc' dir='ltr'>τούτων</span> <span class='ocrx_word' id='word_1_338' title='bbox 1693 3824 1947 3877; x_wconf 87' lang='grc' dir='ltr'>πραγμα-</span> 
     </span>
    </p>
   </div>
   <div class='ocr_carea' id='block_1_42' title="bbox 283 3894 1947 3967">
    <p class='ocr_par' dir='ltr' id='par_1_42' title="bbox 283 3894 1947 3967">
     <span class='ocr_line' id='line_1_42' title="bbox 283 3894 1947 3967; baseline 0 -19"><span class='ocrx_word' id='word_1_339' title='bbox 283 3895 538 3949; x_wconf 82' lang='grc' dir='ltr'>τεύεσθαι</span> <span class='ocrx_word' id='word_1_340' title='bbox 579 3897 872 3966; x_wconf 82' lang='grc' dir='ltr'>σωτηρίας,</span> <span class='ocrx_word' id='word_1_341' title='bbox 905 3897 1427 3967; x_wconf 83' lang='grc' dir='ltr'>καταφρονουμένων</span> <span class='ocrx_word' id='word_1_342' title='bbox 1456 3894 1513 3948; x_wconf 89' lang='grc' dir='ltr'>δέ</span> <span class='ocrx_word' id='word_1_343' title='bbox 1533 3894 1711 3948; x_wconf 87' lang='grc' dir='ltr'>αὐτῶν</span> <span class='ocrx_word' id='word_1_344' title='bbox 1746 3895 1947 3948; x_wconf 86' lang='grc' dir='ltr'>τούτων</span> 
     </span>
    </p>
   </div>
   <div class='ocr_carea' id='block_1_43' title="bbox 288 3983 1944 4056">
    <p class='ocr_par' dir='ltr' id='par_1_43' title="bbox 288 3983 1944 4056">
     <span class='ocr_line' id='line_1_43' title="bbox 288 3983 1944 4056; baseline -0.002 -18"><span class='ocrx_word' id='word_1_345' title='bbox 288 3986 553 4056; x_wconf 79' lang='grc' dir='ltr'>παρορᾷν.</span> <span class='ocrx_word' id='word_1_346' title='bbox 595 3986 670 4036; x_wconf 89' lang='grc' dir='ltr'>Οὐ</span> <span class='ocrx_word' id='word_1_347' title='bbox 695 3984 871 4038; x_wconf 90' lang='grc' dir='ltr'>τοίνυν</span> <span class='ocrx_word' id='word_1_348' title='bbox 905 3985 1240 4054; x_wconf 68' lang='grc' dir='ltr'>περιόψεται,</span> <span class='ocrx_word' id='word_1_349' title='bbox 1266 3983 1400 4036; x_wconf 87' lang='grc' dir='ltr'>ἀλλά</span> <span class='ocrx_word' id='word_1_350' title='bbox 1437 3984 1526 4036; x_wconf 78' lang='grc' dir='ltr'>καὶ</span> <span class='ocrx_word' id='word_1_351' title='bbox 1558 3985 1944 4054; x_wconf 85' lang='grc' dir='ltr'>ἀγανακτήσει,</span> 
     </span>
    </p>
   </div>
   <div class='ocr_carea' id='block_1_44' title="bbox 287 4071 1948 4142">
    <p class='ocr_par' dir='ltr' id='par_1_44' title="bbox 287 4071 1948 4142">
     <span class='ocr_line' id='line_1_44' title="bbox 287 4071 1948 4142; baseline 0 -16"><span class='ocrx_word' id='word_1_352' title='bbox 287 4072 383 4126; x_wconf 71' lang='grc' dir='ltr'>καὶ</span> <span class='ocrx_word' id='word_1_353' title='bbox 418 4072 681 4142; x_wconf 87' lang='grc' dir='ltr'>ὁργιεῖται</span> <span class='ocrx_word' id='word_1_354' title='bbox 721 4071 988 4142; x_wconf 79' lang='grc' dir='ltr'>σφοδρῶς,</span> <span class='ocrx_word' id='word_1_355' title='bbox 1019 4071 1269 4142; x_wconf 84' lang='grc' dir='ltr'>καθάπερ</span> <span class='ocrx_word' id='word_1_356' title='bbox 1313 4071 1687 4125; x_wconf 79' lang='grc' dir='ltr'>ἀποδέδεικται</span> <span class='ocrx_word' id='word_1_357' title='bbox 1723 4072 1810 4125; x_wconf 85' lang='grc' dir='ltr'>διά</span> <span class='ocrx_word' id='word_1_358' title='bbox 1841 4073 1948 4126; x_wconf 87' lang='grc' dir='ltr'>τῶν</span> 
     </span>
    </p>
   </div>
   <div class='ocr_carea' id='block_1_45' title="bbox 286 4159 1949 4232">
    <p class='ocr_par' dir='ltr' id='par_1_45' title="bbox 286 4159 1949 4232">
     <span class='ocr_line' id='line_1_45' title="bbox 286 4159 1949 4232; baseline -0.001 -20"><span class='ocrx_word' id='word_1_359' title='bbox 286 4161 632 4232; x_wconf 83' lang='grc' dir='ltr'>πραγμάτων</span> <span class='ocrx_word' id='word_1_360' title='bbox 673 4159 870 4213; x_wconf 86' lang='grc' dir='ltr'>αὐτῶν.</span> <span class='ocrx_word' id='word_1_361' title='bbox 909 4159 1008 4212; x_wconf 89' lang='grc' dir='ltr'>Διά</span> <span class='ocrx_word' id='word_1_362' title='bbox 1055 4159 1212 4211; x_wconf 86' lang='grc' dir='ltr'>τοῦτο</span> <span class='ocrx_word' id='word_1_363' title='bbox 1251 4159 1344 4211; x_wconf 77' lang='grc' dir='ltr'>καὶ</span> <span class='ocrx_word' id='word_1_364' title='bbox 1375 4161 1403 4212; x_wconf 87' lang='grc' dir='ltr'>ό</span> <span class='ocrx_word' id='word_1_365' title='bbox 1439 4160 1704 4230; x_wconf 83' lang='grc' dir='ltr'>μακάριος</span> <span class='ocrx_word' id='word_1_366' title='bbox 1737 4159 1949 4223; x_wconf 82' lang='grc' dir='ltr'>Παῦλος</span> 
     </span>
    </p>
   </div>
   <div class='ocr_carea' id='block_1_46' title="bbox 288 4243 1951 4320">
    <p class='ocr_par' dir='ltr' id='par_1_46' title="bbox 288 4243 1951 4320">
     <span class='ocr_line' id='line_1_46' title="bbox 288 4243 1951 4320; baseline -0.002 -18"><span class='ocrx_word' id='word_1_367' title='bbox 288 4250 546 4320; x_wconf 86' lang='grc' dir='ltr'>παραινεῖ</span> <span class='ocrx_word' id='word_1_368' title='bbox 565 4247 799 4318; x_wconf 84' lang='grc' dir='ltr'>συνεχῶς</span> <span class='ocrx_word' id='word_1_369' title='bbox 827 4246 1019 4315; x_wconf 88' lang='grc' dir='ltr'>λέγων·</span> <span class='ocrx_word' id='word_1_370' title='bbox 1039 4249 1101 4298; x_wconf 80' lang='grc' dir='ltr'>Οἱ</span> <span class='ocrx_word' id='word_1_371' title='bbox 1134 4243 1402 4314; x_wconf 82' lang='grc' dir='ltr'>πατέρες,</span> <span class='ocrx_word' id='word_1_372' title='bbox 1427 4245 1740 4314; x_wconf 64' lang='grc' dir='ltr'>ἐκτρέφετε</span> <span class='ocrx_word' id='word_1_373' title='bbox 1774 4246 1844 4299; x_wconf 81' lang='grc' dir='ltr'>τὰ</span> <span class='ocrx_word' id='word_1_374' title='bbox 1867 4247 1951 4300; x_wconf 79' lang='grc' dir='ltr'>τέο</span> 
     </span>
    </p>
   </div>
   <div class='ocr_carea' id='block_1_47' title="bbox 287 4335 1950 4406">
    <p class='ocr_par' dir='ltr' id='par_1_47' title="bbox 287 4335 1950 4406">
     <span class='ocr_line' id='line_1_47' title="bbox 287 4335 1950 4406; baseline -0.001 -17"><span class='ocrx_word' id='word_1_375' title='bbox 287 4354 405 4392; x_wconf 68' lang='grc' dir='ltr'>ινα.</span> <span class='ocrx_word' id='word_1_376' title='bbox 447 4337 517 4390; x_wconf 82' lang='grc' dir='ltr'>ἐν</span> <span class='ocrx_word' id='word_1_377' title='bbox 553 4335 788 4403; x_wconf 77' lang='grc' dir='ltr'>παιδείᾳ</span> <span class='ocrx_word' id='word_1_378' title='bbox 833 4335 929 4389; x_wconf 77' lang='grc' dir='ltr'>καὶ</span> <span class='ocrx_word' id='word_1_379' title='bbox 981 4335 1270 4400; x_wconf 77' lang='grc' dir='ltr'>νουθεσίᾳ</span> <span class='ocrx_word' id='word_1_380' title='bbox 1298 4335 1538 4401; x_wconf 83' lang='grc' dir='ltr'>Κυρίου.</span> <span class='ocrx_word' id='word_1_381' title='bbox 1566 4335 1629 4387; x_wconf 78' lang='lat' dir='ltr'><strong>El</strong></span> <span class='ocrx_word' id='word_1_382' title='bbox 1661 4335 1768 4405; x_wconf 80' lang='grc' dir='ltr'>γάρ</span> <span class='ocrx_word' id='word_1_383' title='bbox 1790 4337 1950 4406; x_wconf 78' lang='grc' dir='ltr'>ἡμεῖς</span> 
     </span>
    </p>
   </div>
   <div class='ocr_carea' id='block_1_48' title="bbox 288 4421 1950 4494">
    <p class='ocr_par' dir='ltr' id='par_1_48' title="bbox 288 4421 1950 4494">
     <span class='ocr_line' id='line_1_48' title="bbox 288 4421 1950 4494; baseline -0.001 -16"><span class='ocrx_word' id='word_1_384' title='bbox 288 4426 586 4494; x_wconf 85' lang='grc' dir='ltr'>ἀγρυπνεῖν</span> <span class='ocrx_word' id='word_1_385' title='bbox 616 4425 754 4494; x_wconf 79' lang='grc' dir='ltr'>ὑπὲρ</span> <span class='ocrx_word' id='word_1_386' title='bbox 773 4423 879 4476; x_wconf 82' lang='grc' dir='ltr'>τῶν</span> <span class='ocrx_word' id='word_1_387' title='bbox 906 4421 1092 4493; x_wconf 77' lang='grc' dir='ltr'>ψυχῶν</span> <span class='ocrx_word' id='word_1_388' title='bbox 1125 4421 1304 4475; x_wconf 87' lang='grc' dir='ltr'>αὐτῶν</span> <span class='ocrx_word' id='word_1_389' title='bbox 1343 4422 1674 4492; x_wconf 90' lang='grc' dir='ltr'>κελευόμεθα</span> <span class='ocrx_word' id='word_1_390' title='bbox 1703 4423 1778 4486; x_wconf 80' lang='grc' dir='ltr'>ὡς</span> <span class='ocrx_word' id='word_1_391' title='bbox 1797 4423 1950 4491; x_wconf 84' lang='grc' dir='ltr'>λόγον</span> 
     </span>
    </p>
   </div>
   <div class='ocr_carea' id='block_1_49' title="bbox 289 4497 1953 4580">
    <p class='ocr_par' dir='ltr' id='par_1_49' title="bbox 289 4497 1953 4580">
     <span class='ocr_line' id='line_1_49' title="bbox 289 4497 1953 4580; baseline 0 -17"><span class='ocrx_word' id='word_1_392' title='bbox 289 4511 675 4575; x_wconf 77' lang='grc' dir='ltr'>ἀποδώσοντες,</span> <span class='ocrx_word' id='word_1_393' title='bbox 713 4509 891 4580; x_wconf 85' lang='grc' dir='ltr'>πολλῷ</span> <span class='ocrx_word' id='word_1_394' title='bbox 930 4509 1126 4580; x_wconf 82' lang='grc' dir='ltr'>μᾶλλον</span> <span class='ocrx_word' id='word_1_395' title='bbox 1160 4511 1188 4561; x_wconf 88' lang='grc' dir='ltr'>ὁ</span> <span class='ocrx_word' id='word_1_396' title='bbox 1221 4509 1401 4580; x_wconf 79' lang='grc' dir='ltr'>πατὴρ</span> <span class='ocrx_word' id='word_1_397' title='bbox 1425 4511 1454 4562; x_wconf 87' lang='grc' dir='ltr'>ό</span> <span class='ocrx_word' id='word_1_398' title='bbox 1489 4497 1953 4579; x_wconf 77' lang='grc' dir='ltr'>γεννησάμενος,ό</span> 
     </span>
    </p>
   </div>
   <div class='ocr_carea' id='block_1_50' title="bbox 291 4595 1950 4670">
    <p class='ocr_par' dir='ltr' id='par_1_50' title="bbox 291 4595 1950 4670">
     <span class='ocr_line' id='line_1_50' title="bbox 291 4595 1950 4670; baseline -0.001 -19"><span class='ocrx_word' id='word_1_399' title='bbox 291 4597 652 4670; x_wconf 76' lang='grc' dir='ltr'>θρεψάμενος,</span> <span class='ocrx_word' id='word_1_400' title='bbox 681 4600 710 4651; x_wconf 87' lang='grc' dir='ltr'>ὁ</span> <span class='ocrx_word' id='word_1_401' title='bbox 735 4597 1082 4652; x_wconf 81' lang='grc' dir='ltr'>συνοικοῦντα</span> <span class='ocrx_word' id='word_1_402' title='bbox 1102 4597 1238 4667; x_wconf 70' lang='grc' dir='ltr'>ἔχων</span> <span class='ocrx_word' id='word_1_403' title='bbox 1259 4596 1567 4658; x_wconf 88' lang='grc' dir='ltr'>διαπαντός.</span> <span class='ocrx_word' id='word_1_404' title='bbox 1607 4598 1813 4668; x_wconf 85' lang='grc' dir='ltr'>Ὠσπερ</span> <span class='ocrx_word' id='word_1_405' title='bbox 1836 4595 1950 4668; x_wconf 80' lang='grc'>[85]</span> 
     </span>
    </p>
   </div>
   <div class='ocr_carea' id='block_1_51' title="bbox 290 4683 1953 4756">
    <p class='ocr_par' dir='ltr' id='par_1_51' title="bbox 290 4683 1953 4756">
     <span class='ocr_line' id='line_1_51' title="bbox 290 4683 1953 4756; baseline -0.003 -17"><span class='ocrx_word' id='word_1_406' title='bbox 290 4686 505 4756; x_wconf 76' lang='grc' dir='ltr'>γάρέπὶ</span> <span class='ocrx_word' id='word_1_407' title='bbox 531 4685 638 4737; x_wconf 92' lang='grc' dir='ltr'>τῶν</span> <span class='ocrx_word' id='word_1_408' title='bbox 655 4685 867 4738; x_wconf 85' lang='grc' dir='ltr'>οίκείων</span> <span class='ocrx_word' id='word_1_409' title='bbox 901 4685 1312 4755; x_wconf 78' lang='grc' dir='ltr'>ἁμαρτημάτων</span> <span class='ocrx_word' id='word_1_410' title='bbox 1343 4685 1443 4736; x_wconf 83' lang='grc' dir='ltr'>οὐκ</span> <span class='ocrx_word' id='word_1_411' title='bbox 1477 4683 1588 4752; x_wconf 79' lang='grc' dir='ltr'>ἔχει</span> <span class='ocrx_word' id='word_1_412' title='bbox 1623 4687 1953 4751; x_wconf 77' lang='grc' dir='ltr'>καταφυγεῖν</span> 
     </span>
    </p>
   </div>
   <div class='ocr_carea' id='block_1_52' title="bbox 291 4772 1954 4843">
    <p class='ocr_par' dir='ltr' id='par_1_52' title="bbox 291 4772 1954 4843">
     <span class='ocr_line' id='line_1_52' title="bbox 291 4772 1954 4843; baseline -0.002 -15"><span class='ocrx_word' id='word_1_413' title='bbox 291 4776 372 4838; x_wconf 83' lang='grc' dir='ltr'>είς</span> <span class='ocrx_word' id='word_1_414' title='bbox 395 4774 690 4842; x_wconf 86' lang='grc' dir='ltr'>ἀπολογίαν</span> <span class='ocrx_word' id='word_1_415' title='bbox 719 4775 812 4827; x_wconf 70' lang='grc' dir='ltr'>καὶ</span> <span class='ocrx_word' id='word_1_416' title='bbox 838 4772 1188 4843; x_wconf 85' lang='grc' dir='ltr'>συγγνώμην,</span> <span class='ocrx_word' id='word_1_417' title='bbox 1219 4773 1390 4835; x_wconf 78' lang='grc' dir='ltr'>ούτως</span> <span class='ocrx_word' id='word_1_418' title='bbox 1407 4773 1527 4825; x_wconf 83' lang='grc' dir='ltr'>οὐδέ</span> <span class='ocrx_word' id='word_1_419' title='bbox 1549 4774 1688 4842; x_wconf 79' lang='grc' dir='ltr'>ὑπὲρ</span> <span class='ocrx_word' id='word_1_420' title='bbox 1716 4773 1823 4824; x_wconf 92' lang='grc' dir='ltr'>τῶν</span> <span class='ocrx_word' id='word_1_421' title='bbox 1843 4775 1954 4835; x_wconf 89' lang='grc' dir='ltr'>τοῖς</span> 
     </span>
    </p>
   </div>
   <div class='ocr_carea' id='block_1_53' title="bbox 293 4860 1955 4934">
    <p class='ocr_par' dir='ltr' id='par_1_53' title="bbox 293 4860 1955 4934">
     <span class='ocr_line' id='line_1_53' title="bbox 293 4860 1955 4934; baseline -0.003 -18"><span class='ocrx_word' id='word_1_422' title='bbox 293 4864 481 4916; x_wconf 75' lang='grc' dir='ltr'>παισὶν</span> <span class='ocrx_word' id='word_1_423' title='bbox 519 4862 1001 4934; x_wconf 85' lang='grc' dir='ltr'>ἁμαρτανομένων.</span> <span class='ocrx_word' id='word_1_424' title='bbox 1043 4861 1154 4914; x_wconf 88' lang='lat' dir='ltr'><strong><em>Ka1</em></strong></span> <span class='ocrx_word' id='word_1_425' title='bbox 1185 4861 1340 4913; x_wconf 82' lang='grc' dir='ltr'>τοῦτο</span> <span class='ocrx_word' id='word_1_426' title='bbox 1395 4861 1554 4913; x_wconf 84' lang='grc' dir='ltr'>πάλιν</span> <span class='ocrx_word' id='word_1_427' title='bbox 1601 4862 1630 4912; x_wconf 89' lang='lat'>6</span> <span class='ocrx_word' id='word_1_428' title='bbox 1689 4860 1955 4930; x_wconf 87' lang='grc' dir='ltr'>μακάριος</span> 
     </span>
    </p>
   </div>
   <div class='ocr_carea' id='block_1_54' title="bbox 295 4949 1953 5019">
    <p class='ocr_par' dir='ltr' id='par_1_54' title="bbox 295 4949 1953 5019">
     <span class='ocr_line' id='line_1_54' title="bbox 295 4949 1953 5019; baseline -0.004 -13"><span class='ocrx_word' id='word_1_429' title='bbox 295 4952 506 5014; x_wconf 80' lang='grc' dir='ltr'>Παῦλος</span> <span class='ocrx_word' id='word_1_430' title='bbox 540 4950 839 5019; x_wconf 89' lang='grc' dir='ltr'>κατέστησε</span> <span class='ocrx_word' id='word_1_431' title='bbox 871 4949 1120 5019; x_wconf 83' lang='grc' dir='ltr'>φανερόν.</span> <span class='ocrx_word' id='word_1_432' title='bbox 1153 4949 1475 5018; x_wconf 78' lang='grc' dir='ltr'>Νομοθετῶν</span> <span class='ocrx_word' id='word_1_433' title='bbox 1506 4950 1613 5018; x_wconf 85' lang='grc' dir='ltr'>γὰρ</span> <span class='ocrx_word' id='word_1_434' title='bbox 1634 4949 1848 5012; x_wconf 84' lang='grc' dir='ltr'>ὁποίους</span> <span class='ocrx_word' id='word_1_435' title='bbox 1876 4965 1953 5000; x_wconf 85' lang='grc' dir='ltr'>τι-</span> 
     </span>
    </p>
   </div>
   <div class='ocr_carea' id='block_1_55' title="bbox 293 5035 1954 5107">
    <p class='ocr_par' dir='ltr' id='par_1_55' title="bbox 293 5035 1954 5107">
     <span class='ocr_line' id='line_1_55' title="bbox 293 5035 1954 5107; baseline -0.002 -17"><span class='ocrx_word' id='word_1_436' title='bbox 293 5041 390 5103; x_wconf 86' lang='grc' dir='ltr'>νάς</span> <span class='ocrx_word' id='word_1_437' title='bbox 425 5035 562 5091; x_wconf 84' lang='grc' dir='ltr'>εἶναι</span> <span class='ocrx_word' id='word_1_438' title='bbox 590 5036 696 5107; x_wconf 78' lang='grc' dir='ltr'>χρὴ</span> <span class='ocrx_word' id='word_1_439' title='bbox 711 5037 838 5099; x_wconf 78' lang='grc' dir='ltr'>τοὺς</span> <span class='ocrx_word' id='word_1_440' title='bbox 865 5036 959 5088; x_wconf 69' lang='grc' dir='ltr'>ἐπὶ</span> <span class='ocrx_word' id='word_1_441' title='bbox 979 5036 1075 5106; x_wconf 77' lang='grc' dir='ltr'>τὴν</span> <span class='ocrx_word' id='word_1_442' title='bbox 1095 5035 1202 5088; x_wconf 92' lang='grc' dir='ltr'>τῶν</span> <span class='ocrx_word' id='word_1_443' title='bbox 1215 5035 1386 5088; x_wconf 72' lang='grc' dir='ltr'>ἄλλων</span> <span class='ocrx_word' id='word_1_444' title='bbox 1405 5037 1734 5106; x_wconf 79' lang='grc' dir='ltr'>ἐρχομένους</span> <span class='ocrx_word' id='word_1_445' title='bbox 1759 5035 1954 5106; x_wconf 78' lang='grc' dir='ltr'>ἀρχὴν,</span> 
     </span>
    </p>
   </div>
   <div class='ocr_carea' id='block_1_56' title="bbox 299 5123 1955 5198">
    <p class='ocr_par' dir='ltr' id='par_1_56' title="bbox 299 5123 1955 5198">
     <span class='ocr_line' id='line_1_56' title="bbox 299 5123 1955 5198; baseline -0.003 -18"><span class='ocrx_word' id='word_1_446' title='bbox 299 5129 436 5198; x_wconf 72' lang='grc' dir='ltr'>μετὰ</span> <span class='ocrx_word' id='word_1_447' title='bbox 450 5127 557 5179; x_wconf 92' lang='grc' dir='ltr'>τῶν</span> <span class='ocrx_word' id='word_1_448' title='bbox 586 5125 761 5179; x_wconf 81' lang='grc' dir='ltr'>ἄλλων</span> <span class='ocrx_word' id='word_1_449' title='bbox 781 5124 1034 5177; x_wconf 84' lang='grc' dir='ltr'>ἁπάντων</span> <span class='ocrx_word' id='word_1_450' title='bbox 1059 5123 1167 5176; x_wconf 91' lang='grc' dir='ltr'>τῶν</span> <span class='ocrx_word' id='word_1_451' title='bbox 1189 5123 1499 5192; x_wconf 84' lang='grc' dir='ltr'>ἀναγκαίως</span> <span class='ocrx_word' id='word_1_452' title='bbox 1513 5125 1695 5187; x_wconf 84' lang='grc' dir='ltr'>αὐτοῖς</span> <span class='ocrx_word' id='word_1_453' title='bbox 1715 5123 1955 5193; x_wconf 82' lang='grc' dir='ltr'>ὀφειλόν-</span> 
     </span>
    </p>
   </div>
   <div class='ocr_carea' id='block_1_57' title="bbox 296 5210 1954 5286">
    <p class='ocr_par' dir='ltr' id='par_1_57' title="bbox 296 5210 1954 5286">
     <span class='ocr_line' id='line_1_57' title="bbox 296 5210 1954 5286; baseline -0.003 -19"><span class='ocrx_word' id='word_1_454' title='bbox 296 5233 403 5269; x_wconf 90' lang='grc' dir='ltr'>των</span> <span class='ocrx_word' id='word_1_455' title='bbox 438 5215 740 5286; x_wconf 89' lang='grc' dir='ltr'>προσεῖναι,</span> <span class='ocrx_word' id='word_1_456' title='bbox 771 5213 867 5266; x_wconf 73' lang='grc' dir='ltr'>καὶ</span> <span class='ocrx_word' id='word_1_457' title='bbox 895 5212 994 5282; x_wconf 72' lang='grc' dir='ltr'>τὴν</span> <span class='ocrx_word' id='word_1_458' title='bbox 1020 5210 1130 5264; x_wconf 90' lang='grc' dir='ltr'>τῶν</span> <span class='ocrx_word' id='word_1_459' title='bbox 1150 5211 1355 5264; x_wconf 89' lang='grc' dir='ltr'>παίδων</span> <span class='ocrx_word' id='word_1_460' title='bbox 1377 5212 1693 5282; x_wconf 86' lang='grc' dir='ltr'>ἐπιμέλειαν</span> <span class='ocrx_word' id='word_1_461' title='bbox 1713 5213 1954 5274; x_wconf 87' lang='grc' dir='ltr'>ἀπαιτεῖ,</span> 
     </span>
    </p>
   </div>
   <div class='ocr_carea' id='block_1_58' title="bbox 297 5299 1953 5374">
    <p class='ocr_par' dir='ltr' id='par_1_58' title="bbox 297 5299 1953 5374">
     <span class='ocr_line' id='line_1_58' title="bbox 297 5299 1953 5374; baseline -0.004 -16"><span class='ocrx_word' id='word_1_462' title='bbox 297 5307 373 5369; x_wconf 84' lang='grc' dir='ltr'>ὡς</span> <span class='ocrx_word' id='word_1_463' title='bbox 395 5306 495 5359; x_wconf 85' lang='grc' dir='ltr'>οὐκ</span> <span class='ocrx_word' id='word_1_464' title='bbox 518 5303 683 5374; x_wconf 80' lang='grc' dir='ltr'>οὐσης</span> <span class='ocrx_word' id='word_1_465' title='bbox 729 5305 860 5374; x_wconf 78' lang='grc' dir='ltr'>ἡμῖν</span> <span class='ocrx_word' id='word_1_466' title='bbox 883 5300 1211 5372; x_wconf 88' lang='grc' dir='ltr'>συγγνώμης</span> <span class='ocrx_word' id='word_1_467' title='bbox 1240 5299 1676 5370; x_wconf 87' lang='grc' dir='ltr'>διαστραφέντων</span> <span class='ocrx_word' id='word_1_468' title='bbox 1713 5300 1953 5353; x_wconf 85' lang='grc' dir='ltr'>ἐκείνων·</span> 
     </span>
    </p>
   </div>
   <div class='ocr_carea' id='block_1_59' title="bbox 301 5388 1958 5465">
    <p class='ocr_par' dir='ltr' id='par_1_59' title="bbox 301 5388 1958 5465">
     <span class='ocr_line' id='line_1_59' title="bbox 301 5388 1958 5465; baseline -0.002 -19"><span class='ocrx_word' id='word_1_469' title='bbox 301 5395 394 5448; x_wconf 67' lang='grc' dir='ltr'>καὶ</span> <span class='ocrx_word' id='word_1_470' title='bbox 425 5394 568 5465; x_wconf 87' lang='grc' dir='ltr'>μάλα</span> <span class='ocrx_word' id='word_1_471' title='bbox 597 5392 840 5455; x_wconf 74' lang='grc' dir='ltr'>εἰκότως.</span> <span class='ocrx_word' id='word_1_472' title='bbox 885 5391 946 5444; x_wconf 78' lang='lat' dir='ltr'>El</span> <span class='ocrx_word' id='word_1_473' title='bbox 977 5390 1076 5461; x_wconf 84' lang='grc' dir='ltr'>μὲν</span> <span class='ocrx_word' id='word_1_474' title='bbox 1119 5388 1228 5461; x_wconf 83' lang='grc' dir='ltr'>γάρ</span> <span class='ocrx_word' id='word_1_475' title='bbox 1261 5391 1325 5442; x_wconf 90' lang='grc' dir='ltr'>ἐκ</span> <span class='ocrx_word' id='word_1_476' title='bbox 1357 5390 1624 5460; x_wconf 81' lang='grc' dir='ltr'>φύσεωςή</span> <span class='ocrx_word' id='word_1_477' title='bbox 1656 5391 1823 5442; x_wconf 87' lang='grc' dir='ltr'>κακία</span> <span class='ocrx_word' id='word_1_478' title='bbox 1847 5393 1958 5452; x_wconf 81' lang='grc' dir='ltr'>τοῖς</span> 
     </span>
    </p>
   </div>
   <div class='ocr_carea' id='block_1_60' title="bbox 300 5477 1960 5554">
    <p class='ocr_par' dir='ltr' id='par_1_60' title="bbox 300 5477 1960 5554">
     <span class='ocr_line' id='line_1_60' title="bbox 300 5477 1960 5554; baseline -0.003 -18"><span class='ocrx_word' id='word_1_479' title='bbox 300 5481 607 5554; x_wconf 86' lang='grc' dir='ltr'>ἀνθρώποις</span> <span class='ocrx_word' id='word_1_480' title='bbox 630 5481 860 5552; x_wconf 79' lang='grc' dir='ltr'>προσῆν,</span> <span class='ocrx_word' id='word_1_481' title='bbox 891 5480 1116 5542; x_wconf 80' lang='grc' dir='ltr'>εἰκότως</span> <span class='ocrx_word' id='word_1_482' title='bbox 1137 5479 1202 5532; x_wconf 82' lang='grc' dir='ltr'>ἄν</span> <span class='ocrx_word' id='word_1_483' title='bbox 1235 5495 1318 5541; x_wconf 91' lang='grc' dir='ltr'>τις</span> <span class='ocrx_word' id='word_1_484' title='bbox 1352 5477 1488 5547; x_wconf 82' lang='grc' dir='ltr'>πρὸς</span> <span class='ocrx_word' id='word_1_485' title='bbox 1521 5477 1812 5546; x_wconf 86' lang='grc' dir='ltr'>ἀπολογίαν</span> <span class='ocrx_word' id='word_1_486' title='bbox 1831 5495 1960 5531; x_wconf 85' lang='grc' dir='ltr'>κατ·</span> 
     </span>
    </p>
   </div>
   <div class='ocr_carea' id='block_1_61' title="bbox 301 5564 1958 5640">
    <p class='ocr_par' dir='ltr' id='par_1_61' title="bbox 301 5564 1958 5640">
     <span class='ocr_line' id='line_1_61' title="bbox 301 5564 1958 5640; baseline -0.002 -18"><span class='ocrx_word' id='word_1_487' title='bbox 301 5568 562 5638; x_wconf 76' lang='grc' dir='ltr'>έφυγενιι·</span> <span class='ocrx_word' id='word_1_488' title='bbox 585 5567 773 5639; x_wconf 86' lang='grc' dir='ltr'>ἐπειδὴ</span> <span class='ocrx_word' id='word_1_489' title='bbox 796 5568 854 5620; x_wconf 87' lang='lat'>65</span> <span class='ocrx_word' id='word_1_490' title='bbox 879 5570 944 5622; x_wconf 91' lang='grc' dir='ltr'>ἐκ</span> <span class='ocrx_word' id='word_1_491' title='bbox 967 5567 1337 5640; x_wconf 85' lang='grc' dir='ltr'>προαιρέσεως</span> <span class='ocrx_word' id='word_1_492' title='bbox 1371 5565 1464 5618; x_wconf 75' lang='grc' dir='ltr'>καὶ</span> <span class='ocrx_word' id='word_1_493' title='bbox 1491 5564 1680 5633; x_wconf 85' lang='grc' dir='ltr'>φαῦλοι</span> <span class='ocrx_word' id='word_1_494' title='bbox 1703 5565 1958 5636; x_wconf 86' lang='grc' dir='ltr'>γινόμεθα</span> 
     </span>
    </p>
   </div>
   <div class='ocr_carea' id='block_1_62' title="bbox 367 5702 1958 5766">
    <p class='ocr_par' dir='ltr' id='par_1_62' title="bbox 367 5702 1958 5766">
     <span class='ocr_line' id='line_1_62' title="bbox 367 5702 1958 5766; baseline -0.004 -11"><span class='ocrx_word' id='word_1_495' title='bbox 367 5707 391 5734; x_wconf 80' lang='grc'><strong><em>⁸</em></strong></span> <span class='ocrx_word' id='word_1_496' title='bbox 413 5705 493 5756; x_wconf 86' lang='lat' dir='ltr'>Sic</span> <span class='ocrx_word' id='word_1_497' title='bbox 512 5707 609 5754; x_wconf 88' lang='lat' dir='ltr'>duo</span> <span class='ocrx_word' id='word_1_498' title='bbox 627 5721 761 5763; x_wconf 54' lang='lat' dir='ltr'>mm,</span> <span class='ocrx_word' id='word_1_499' title='bbox 784 5706 964 5754; x_wconf 74' lang='lat' dir='ltr'><strong>melius</strong></span> <span class='ocrx_word' id='word_1_500' title='bbox 989 5720 1130 5766; x_wconf 83' lang='lat' dir='ltr'>quam</span> <span class='ocrx_word' id='word_1_501' title='bbox 1163 5704 1311 5754; x_wconf 79' lang='lat' dir='ltr'>Savil.</span> <span class='ocrx_word' id='word_1_502' title='bbox 1343 5710 1395 5752; x_wconf 75' lang='lat' dir='ltr'>et</span> <span class='ocrx_word' id='word_1_503' title='bbox 1417 5703 1535 5753; x_wconf 76' lang='lat' dir='ltr'>Mor.</span> <span class='ocrx_word' id='word_1_504' title='bbox 1558 5704 1641 5766; x_wconf 84' lang='lat' dir='ltr'>qu_i</span> <span class='ocrx_word' id='word_1_505' title='bbox 1665 5702 1958 5766; x_wconf 10' lang='lat' dir='ltr'>habenlirév</span> 
     </span>
    </p>
   </div>
   <div class='ocr_carea' id='block_1_63' title="bbox 305 5764 1958 5844">
    <p class='ocr_par' dir='ltr' id='par_1_63' title="bbox 305 5764 1958 5844">
     <span class='ocr_line' id='line_1_63' title="bbox 305 5764 1958 5844; baseline -0.001 -28"><span class='ocrx_word' id='word_1_506' title='bbox 305 5769 447 5844; x_wconf 54' lang='grc' dir='ltr'>ὄντων</span> <span class='ocrx_word' id='word_1_507' title='bbox 471 5784 658 5831; x_wconf 83' lang='grc' dir='ltr'>περισπ.</span> <span class='ocrx_word' id='word_1_508' title='bbox 699 5769 805 5817; x_wconf 79' lang='lat' dir='ltr'>Mox</span> <span class='ocrx_word' id='word_1_509' title='bbox 832 5769 977 5818; x_wconf 71' lang='lat' dir='ltr'>iidem</span> <span class='ocrx_word' id='word_1_510' title='bbox 1003 5764 1119 5832; x_wconf 82' lang='grc' dir='ltr'>ὐπέρ</span> <span class='ocrx_word' id='word_1_511' title='bbox 1150 5770 1291 5825; x_wconf 78' lang='grc' dir='ltr'>τήν...</span> <span class='ocrx_word' id='word_1_512' title='bbox 1329 5768 1580 5830; x_wconf 78' lang='grc' dir='ltr'>σωτηρίαν.</span> <span class='ocrx_word' id='word_1_513' title='bbox 1612 5764 1760 5814; x_wconf 83' lang='lat' dir='ltr'>Iidem</span> <span class='ocrx_word' id='word_1_514' title='bbox 1779 5765 1958 5814; x_wconf 88' lang='grc' dir='ltr'>τούτων</span> 
     </span>
    </p>
   </div>
   <div class='ocr_carea' id='block_1_64' title="bbox 303 5832 1647 5954">
    <p class='ocr_par' dir='ltr' id='par_1_64' title="bbox 303 5832 1647 5954">
     <span class='ocr_line' id='line_1_64' title="bbox 303 5832 694 5894; baseline 0 -16"><span class='ocrx_word' id='word_1_515' title='bbox 303 5832 441 5878; x_wconf 72' lang='grc' dir='ltr'>πάλιν</span> <span class='ocrx_word' id='word_1_516' title='bbox 471 5836 694 5894; x_wconf 82' lang='grc' dir='ltr'>παρορᾷν.</span> 
     </span>
     <span class='ocr_line' id='line_1_65' title="bbox 368 5890 1647 5954; baseline -0.004 -13"><span class='ocrx_word' id='word_1_517' title='bbox 368 5891 396 5934; x_wconf 73' lang='lat' dir='ltr'><strong><em>b</em></strong></span> <span class='ocrx_word' id='word_1_518' title='bbox 422 5891 502 5942; x_wconf 85' lang='lat' dir='ltr'>Sic</span> <span class='ocrx_word' id='word_1_519' title='bbox 526 5905 698 5941; x_wconf 86' lang='lat' dir='ltr'>omnes</span> <span class='ocrx_word' id='word_1_520' title='bbox 721 5899 901 5954; x_wconf 60' lang='lat' dir='ltr'><strong>praeter</strong></span> <span class='ocrx_word' id='word_1_521' title='bbox 925 5892 1094 5942; x_wconf 76' lang='lat' dir='ltr'>Morel.</span> <span class='ocrx_word' id='word_1_522' title='bbox 1123 5890 1206 5952; x_wconf 89' lang='lat' dir='ltr'>qui</span> <span class='ocrx_word' id='word_1_523' title='bbox 1231 5890 1380 5940; x_wconf 77' lang='lat' dir='ltr'>habet</span> <span class='ocrx_word' id='word_1_524' title='bbox 1401 5891 1647 5952; x_wconf 71' lang='grc' dir='ltr'>ἀπέφυγεν.</span> 
     </span>
    </p>
   </div>
   <div class='ocr_carea' id='block_1_65' title="bbox 638 5980 1359 6044">
    <p class='ocr_par' dir='ltr' id='par_1_65' title="bbox 638 5980 1359 6044">
     <span class='ocr_line' id='line_1_66' title="bbox 638 5980 1359 6044; baseline 0 -3"><span class='ocrx_word' id='word_1_525' title='bbox 638 5980 909 6041; x_wconf 74' lang='grc' dir='ltr'>ΡΑτιιοι..</span> <span class='ocrx_word' id='word_1_526' title='bbox 950 5983 1065 6043; x_wconf 76' lang='lat' dir='ltr'>Gn.</span> <span class='ocrx_word' id='word_1_527' title='bbox 1114 5983 1359 6044; x_wconf 66' lang='lat' dir='ltr'>XLVII.</span> 
     </span>
    </p>
   </div>
   <div class='ocr_carea' id='block_1_66' title="bbox 1067 266 2878 329">
    <p class='ocr_par' dir='ltr' id='par_1_66' title="bbox 1067 266 2878 329">
     <span class='ocr_line' id='line_1_67' title="bbox 1067 266 2878 329; baseline 0.002 -7"><span class='ocrx_word' id='word_1_528' title='bbox 1067 267 1432 326; x_wconf 74' lang='lat' dir='ltr'>ADVERSUS</span> <span class='ocrx_word' id='word_1_529' title='bbox 1470 266 2025 326; x_wconf 76' lang='lat' dir='ltr'>OPPUGNATORES</span> <span class='ocrx_word' id='word_1_530' title='bbox 2064 268 2246 324; x_wconf 63' lang='grc' dir='ltr'><strong>ΥῙΤΑΕ</strong></span> <span class='ocrx_word' id='word_1_531' title='bbox 2286 270 2585 329; x_wconf 67' lang='grc' dir='ltr'>ΜΟΝΑΞΤ.</span> <span class='ocrx_word' id='word_1_532' title='bbox 2627 272 2752 328; x_wconf 88' lang='lat' dir='ltr'>LIB.</span> <span class='ocrx_word' id='word_1_533' title='bbox 2792 270 2878 327; x_wconf 88' lang='lat' dir='ltr'><strong>Ill.</strong></span> 
     </span>
    </p>
   </div>
   <div class='ocr_carea' id='block_1_67' title="bbox 3587 271 3694 328">
    <p class='ocr_par' dir='ltr' id='par_1_67' title="bbox 3587 271 3694 328">
     <span class='ocr_line' id='line_1_68' title="bbox 3587 271 3694 328; baseline 0 -3"><span class='ocrx_word' id='word_1_534' title='bbox 3587 271 3694 328; x_wconf 74' lang='lat'>556</span> 
     </span>
    </p>
   </div>
   <div class='ocr_carea' id='block_1_68' title="bbox 2041 385 3699 458">
    <p class='ocr_par' dir='ltr' id='par_1_68' title="bbox 2041 385 3699 458">
     <span class='ocr_line' id='line_1_69' title="bbox 2041 385 3699 458; baseline 0.001 -21"><span class='ocrx_word' id='word_1_535' title='bbox 2041 385 2449 455; x_wconf 75' lang='grc' dir='ltr'>καὶσπουδαῖοι,</span> <span class='ocrx_word' id='word_1_536' title='bbox 2499 389 2620 442; x_wconf 86' lang='grc' dir='ltr'>τίνα</span> <span class='ocrx_word' id='word_1_537' title='bbox 2660 388 2727 442; x_wconf 81' lang='grc' dir='ltr'>ἂν</span> <span class='ocrx_word' id='word_1_538' title='bbox 2769 387 2923 456; x_wconf 85' lang='grc' dir='ltr'>λόγον</span> <span class='ocrx_word' id='word_1_539' title='bbox 2946 386 3058 458; x_wconf 77' lang='grc' dir='ltr'>ἔχοι</span> <span class='ocrx_word' id='word_1_540' title='bbox 3094 386 3446 458; x_wconf 88' lang='grc' dir='ltr'>εὐπρόσωπον</span> <span class='ocrx_word' id='word_1_541' title='bbox 3476 385 3699 439; x_wconf 83' lang='grc' dir='ltr'>είπεῐνό</span> 
     </span>
    </p>
   </div>
   <div class='ocr_carea' id='block_1_69' title="bbox 2039 475 3699 551">
    <p class='ocr_par' dir='ltr' id='par_1_69' title="bbox 2039 475 3699 551">
     <span class='ocr_line' id='line_1_70' title="bbox 2039 475 3699 551; baseline 0.002 -23"><span class='ocrx_word' id='word_1_542' title='bbox 2039 475 2130 529; x_wconf 82' lang='grc' dir='ltr'>τὸν</span> <span class='ocrx_word' id='word_1_543' title='bbox 2155 477 2388 548; x_wconf 82' lang='grc' dir='ltr'>μάλιστα</span> <span class='ocrx_word' id='word_1_544' title='bbox 2412 479 2627 534; x_wconf 84' lang='grc' dir='ltr'>πάντων</span> <span class='ocrx_word' id='word_1_545' title='bbox 2644 479 2973 550; x_wconf 88' lang='grc' dir='ltr'>ποθούμενον</span> <span class='ocrx_word' id='word_1_546' title='bbox 2998 478 3392 551; x_wconf 83' lang='grc' dir='ltr'>διαστραφῆναι</span> <span class='ocrx_word' id='word_1_547' title='bbox 3433 477 3528 531; x_wconf 61' lang='grc' dir='ltr'>καὶ⁹</span> <span class='ocrx_word' id='word_1_548' title='bbox 3546 477 3699 547; x_wconf 86' lang='grc' dir='ltr'>γενέ-</span> 
     </span>
    </p>
   </div>
   <div class='ocr_carea' id='block_1_70' title="bbox 2043 562 3781 636">
    <p class='ocr_par' dir='ltr' id='par_1_70' title="bbox 2043 562 3781 636">
     <span class='ocr_line' id='line_1_71' title="bbox 2043 562 3781 636; baseline 0.004 -21"><span class='ocrx_word' id='word_1_549' title='bbox 2043 562 2167 616; x_wconf 86' lang='grc' dir='ltr'>σθαι</span> <span class='ocrx_word' id='word_1_550' title='bbox 2201 567 2434 636; x_wconf 85' lang='grc' dir='ltr'>πονηρὸν</span> <span class='ocrx_word' id='word_1_551' title='bbox 2465 567 2673 636; x_wconf 85' lang='grc' dir='ltr'>ἀφιείς;</span> <span class='ocrx_word' id='word_1_552' title='bbox 2701 569 2823 622; x_wconf 87' lang='grc' dir='ltr'>Ὅτι</span> <span class='ocrx_word' id='word_1_553' title='bbox 2856 567 2956 620; x_wconf 92' lang='grc' dir='ltr'>οὐκ</span> <span class='ocrx_word' id='word_1_554' title='bbox 3006 566 3253 621; x_wconf 88' lang='grc' dir='ltr'>ἐϐούλετο</span> <span class='ocrx_word' id='word_1_555' title='bbox 3301 565 3527 635; x_wconf 71' lang='grc' dir='ltr'>’ποιῆσαι⁹</span> <span class='ocrx_word' id='word_1_556' title='bbox 3564 581 3698 636; x_wconf 86' lang='grc' dir='ltr'>χρη·</span> <span class='ocrx_word' id='word_1_557' title='bbox 3776 593 3781 600; x_wconf 93' lang='grc'><strong>·</strong></span> 
     </span>
    </p>
   </div>
   <div class='ocr_carea' id='block_1_71' title="bbox 2042 650 3700 724">
    <p class='ocr_par' dir='ltr' id='par_1_71' title="bbox 2042 650 3700 724">
     <span class='ocr_line' id='line_1_72' title="bbox 2042 650 3700 724; baseline 0.005 -22"><span class='ocrx_word' id='word_1_558' title='bbox 2042 650 2192 716; x_wconf 88' lang='grc' dir='ltr'>στόν;</span> <span class='ocrx_word' id='word_1_559' title='bbox 2239 652 2378 705; x_wconf 84' lang='grc' dir='ltr'>Ἀλλ’</span> <span class='ocrx_word' id='word_1_560' title='bbox 2415 653 2590 716; x_wconf 76' lang='grc' dir='ltr'>οὐδεὶς</span> <span class='ocrx_word' id='word_1_561' title='bbox 2624 653 2691 707; x_wconf 81' lang='grc' dir='ltr'>ἂν</span> <span class='ocrx_word' id='word_1_562' title='bbox 2715 655 2874 707; x_wconf 85' lang='grc' dir='ltr'>τοῦτο</span> <span class='ocrx_word' id='word_1_563' title='bbox 2909 654 3051 707; x_wconf 79' lang='grc' dir='ltr'>εἴποι</span> <span class='ocrx_word' id='word_1_564' title='bbox 3093 655 3294 723; x_wconf 85' lang='grc' dir='ltr'>πατήρ·</span> <span class='ocrx_word' id='word_1_565' title='bbox 3323 655 3355 724; x_wconf 83' lang='grc' dir='ltr'>ἡ</span> <span class='ocrx_word' id='word_1_566' title='bbox 3390 651 3498 723; x_wconf 81' lang='grc' dir='ltr'>γὰρ</span> <span class='ocrx_word' id='word_1_567' title='bbox 3539 652 3700 718; x_wconf 79' lang='grc' dir='ltr'>φύσις</span> 
     </span>
    </p>
   </div>
   <div class='ocr_carea' id='block_1_72' title="bbox 2041 736 3700 812">
    <p class='ocr_par' dir='ltr' id='par_1_72' title="bbox 2041 736 3700 812">
     <span class='ocr_line' id='line_1_73' title="bbox 2041 736 3700 812; baseline 0.001 -24"><span class='ocrx_word' id='word_1_568' title='bbox 2041 738 2305 808; x_wconf 81' lang='grc' dir='ltr'>ἐφέστηκε</span> <span class='ocrx_word' id='word_1_569' title='bbox 2341 740 2477 812; x_wconf 83' lang='grc' dir='ltr'>πρὸς</span> <span class='ocrx_word' id='word_1_570' title='bbox 2519 741 2675 794; x_wconf 89' lang='grc' dir='ltr'>τοῦτο</span> <span class='ocrx_word' id='word_1_571' title='bbox 2709 743 2868 794; x_wconf 78' lang='grc' dir='ltr'>αὐτὸν</span> <span class='ocrx_word' id='word_1_572' title='bbox 2893 741 3231 812; x_wconf 89' lang='grc' dir='ltr'>διεγείρουσα</span> <span class='ocrx_word' id='word_1_573' title='bbox 3259 739 3514 810; x_wconf 89' lang='grc' dir='ltr'>συνεχῶς.</span> <span class='ocrx_word' id='word_1_574' title='bbox 3561 736 3700 790; x_wconf 83' lang='grc' dir='ltr'>Ἀλλ’</span> 
     </span>
    </p>
   </div>
   <div class='ocr_carea' id='block_1_73' title="bbox 2040 823 3701 897">
    <p class='ocr_par' dir='ltr' id='par_1_73' title="bbox 2040 823 3701 897">
     <span class='ocr_line' id='line_1_74' title="bbox 2040 823 3701 897; baseline 0 -22"><span class='ocrx_word' id='word_1_575' title='bbox 2040 825 2140 876; x_wconf 90' lang='grc' dir='ltr'>οὐκ</span> <span class='ocrx_word' id='word_1_576' title='bbox 2164 825 2419 894; x_wconf 75' lang='grc' dir='ltr'>ἠδύνατο;</span> <span class='ocrx_word' id='word_1_577' title='bbox 2456 829 2594 880; x_wconf 86' lang='grc' dir='ltr'>Ἀλλ’</span> <span class='ocrx_word' id='word_1_578' title='bbox 2630 829 2750 882; x_wconf 87' lang='grc' dir='ltr'>οὐδὲ</span> <span class='ocrx_word' id='word_1_579' title='bbox 2780 829 2960 882; x_wconf 80' lang='grc' dir='ltr'>τοῦτο’</span> <span class='ocrx_word' id='word_1_580' title='bbox 2994 829 3086 882; x_wconf 74' lang='grc' dir='ltr'>καὶ</span> <span class='ocrx_word' id='word_1_581' title='bbox 3118 827 3227 897; x_wconf 83' lang='grc' dir='ltr'>γὰρ</span> <span class='ocrx_word' id='word_1_582' title='bbox 3258 827 3316 880; x_wconf 83' lang='grc' dir='ltr'>τὸ</span> <span class='ocrx_word' id='word_1_583' title='bbox 3341 825 3545 880; x_wconf 75' lang='grc' dir='ltr'>ἁπαλὸν</span> <span class='ocrx_word' id='word_1_584' title='bbox 3570 823 3701 877; x_wconf 76' lang='grc' dir='ltr'>ὄντα</span> 
     </span>
    </p>
   </div>
   <div class='ocr_carea' id='block_1_74' title="bbox 2042 912 3701 988">
    <p class='ocr_par' dir='ltr' id='par_1_74' title="bbox 2042 912 3701 988">
     <span class='ocr_line' id='line_1_75' title="bbox 2042 912 3701 988; baseline 0.001 -24"><span class='ocrx_word' id='word_1_585' title='bbox 2042 912 2120 965; x_wconf 79' lang='grc' dir='ltr'>ἔτι</span> <span class='ocrx_word' id='word_1_586' title='bbox 2150 913 2351 980; x_wconf 88' lang='grc' dir='ltr'>λαϐεῖν,</span> <span class='ocrx_word' id='word_1_587' title='bbox 2377 916 2469 969; x_wconf 74' lang='grc' dir='ltr'>καὶ</span> <span class='ocrx_word' id='word_1_588' title='bbox 2495 916 2556 969; x_wconf 79' lang='grc' dir='ltr'>τὸ</span> <span class='ocrx_word' id='word_1_589' title='bbox 2593 917 2829 988; x_wconf 88' lang='grc' dir='ltr'>πρῶτον,</span> <span class='ocrx_word' id='word_1_590' title='bbox 2861 917 2956 971; x_wconf 78' lang='grc' dir='ltr'>καὶ</span> <span class='ocrx_word' id='word_1_591' title='bbox 3001 918 3160 986; x_wconf 89' lang='grc' dir='ltr'>μόνον</span> <span class='ocrx_word' id='word_1_592' title='bbox 3197 917 3294 986; x_wconf 81' lang='grc' dir='ltr'>τὴν</span> <span class='ocrx_word' id='word_1_593' title='bbox 3335 914 3582 981; x_wconf 79' lang='grc' dir='ltr'>ἐξουσίαν</span> <span class='ocrx_word' id='word_1_594' title='bbox 3609 913 3701 980; x_wconf 88' lang='grc' dir='ltr'>ἐγ-</span> 
     </span>
    </p>
   </div>
   <div class='ocr_carea' id='block_1_75' title="bbox 2041 999 3698 1076">
    <p class='ocr_par' dir='ltr' id='par_1_75' title="bbox 2041 999 3698 1076">
     <span class='ocr_line' id='line_1_76' title="bbox 2041 999 3698 1076; baseline 0.001 -26"><span class='ocrx_word' id='word_1_595' title='bbox 2041 1001 2376 1073; x_wconf 87' lang='grc' dir='ltr'>χειρισθῆναι</span> <span class='ocrx_word' id='word_1_596' title='bbox 2425 1005 2524 1076; x_wconf 82' lang='grc' dir='ltr'>τὴν</span> <span class='ocrx_word' id='word_1_597' title='bbox 2555 1005 2786 1068; x_wconf 90' lang='grc' dir='ltr'>ἐκείνου,</span> <span class='ocrx_word' id='word_1_598' title='bbox 2816 1006 2911 1058; x_wconf 73' lang='grc' dir='ltr'>καὶ</span> <span class='ocrx_word' id='word_1_599' title='bbox 2947 1005 3014 1058; x_wconf 74' lang='grc' dir='ltr'>τὸ</span> <span class='ocrx_word' id='word_1_600' title='bbox 3035 999 3327 1066; x_wconf 79' lang='grc' dir='ltr'>διαπαντὸς</span> <span class='ocrx_word' id='word_1_601' title='bbox 3359 1002 3501 1072; x_wconf 78' lang='grc' dir='ltr'>ἐχειν</span> <span class='ocrx_word' id='word_1_602' title='bbox 3529 999 3698 1064; x_wconf 77' lang='grc' dir='ltr'>ἔνδον,</span> 
     </span>
    </p>
   </div>
   <div class='ocr_carea' id='block_1_76' title="bbox 2043 1085 3698 1164">
    <p class='ocr_par' dir='ltr' id='par_1_76' title="bbox 2043 1085 3698 1164">
     <span class='ocr_line' id='line_1_77' title="bbox 2043 1085 3698 1164; baseline -0.003 -20"><span class='ocrx_word' id='word_1_603' title='bbox 2043 1091 2230 1160; x_wconf 75' lang='grc' dir='ltr'>ῥᾳδίαν</span> <span class='ocrx_word' id='word_1_604' title='bbox 2262 1089 2409 1162; x_wconf 88' lang='grc' dir='ltr'>αὐτῷ</span> <span class='ocrx_word' id='word_1_605' title='bbox 2436 1091 2532 1144; x_wconf 76' lang='grc' dir='ltr'>καὶ</span> <span class='ocrx_word' id='word_1_606' title='bbox 2556 1093 2760 1164; x_wconf 79' lang='grc' dir='ltr'>σφόδρα</span> <span class='ocrx_word' id='word_1_607' title='bbox 2789 1091 3011 1146; x_wconf 76' lang='grc' dir='ltr'>εὔκολον</span> <span class='ocrx_word' id='word_1_608' title='bbox 3042 1095 3188 1144; x_wconf 87' lang='grc' dir='ltr'>ποιεῖ</span> <span class='ocrx_word' id='word_1_609' title='bbox 3215 1091 3310 1161; x_wconf 88' lang='grc' dir='ltr'>τὴν</span> <span class='ocrx_word' id='word_1_610' title='bbox 3345 1085 3698 1160; x_wconf 87' lang='grc' dir='ltr'>προστασίαν.</span> 
     </span>
    </p>
   </div>
   <div class='ocr_carea' id='block_1_77' title="bbox 2043 1173 3699 1252">
    <p class='ocr_par' dir='ltr' id='par_1_77' title="bbox 2043 1173 3699 1252">
     <span class='ocr_line' id='line_1_78' title="bbox 2043 1173 3699 1252; baseline -0.002 -23"><span class='ocrx_word' id='word_1_611' title='bbox 2043 1178 2204 1230; x_wconf 83' lang='grc' dir='ltr'>Ὥστε</span> <span class='ocrx_word' id='word_1_612' title='bbox 2228 1178 2525 1248; x_wconf 82' lang='grc' dir='ltr'>οὐδαμόθεν</span> <span class='ocrx_word' id='word_1_613' title='bbox 2545 1189 2566 1217; x_wconf 78' lang='grc' dir='ltr'><strong>ο</strong></span> <span class='ocrx_word' id='word_1_614' title='bbox 2604 1179 2700 1249; x_wconf 86' lang='grc' dir='ltr'>τὴν</span> <span class='ocrx_word' id='word_1_615' title='bbox 2717 1179 3044 1252; x_wconf 79' lang='grc' dir='ltr'>διαστροφὴν</span> <span class='ocrx_word' id='word_1_616' title='bbox 3081 1176 3443 1248; x_wconf 88' lang='grc' dir='ltr'>γίνεσθαιτῶν</span> <span class='ocrx_word' id='word_1_617' title='bbox 3473 1173 3699 1235; x_wconf 87' lang='grc' dir='ltr'>παίδων,</span> 
     </span>
    </p>
   </div>
   <div class='ocr_carea' id='block_1_78' title="bbox 2042 1264 3702 1340">
    <p class='ocr_par' dir='ltr' id='par_1_78' title="bbox 2042 1264 3702 1340">
     <span class='ocr_line' id='line_1_79' title="bbox 2042 1264 3702 1340; baseline -0.001 -23"><span class='ocrx_word' id='word_1_618' title='bbox 2042 1264 2154 1317; x_wconf 83' lang='grc' dir='ltr'>ἀλλ’</span> <span class='ocrx_word' id='word_1_619' title='bbox 2185 1267 2248 1319; x_wconf 87' lang='grc' dir='ltr'>ἐκ</span> <span class='ocrx_word' id='word_1_620' title='bbox 2263 1267 2360 1337; x_wconf 89' lang='grc' dir='ltr'>τῆς</span> <span class='ocrx_word' id='word_1_621' title='bbox 2391 1266 2517 1337; x_wconf 72' lang='grc' dir='ltr'>περὶ</span> <span class='ocrx_word' id='word_1_622' title='bbox 2537 1267 2606 1319; x_wconf 88' lang='grc' dir='ltr'>τὰ</span> <span class='ocrx_word' id='word_1_623' title='bbox 2626 1267 2854 1338; x_wconf 82' lang='grc' dir='ltr'>βιωτικά</span> <span class='ocrx_word' id='word_1_624' title='bbox 2887 1269 3100 1340; x_wconf 90' lang='grc' dir='ltr'>μανίας·</span> <span class='ocrx_word' id='word_1_625' title='bbox 3131 1267 3194 1320; x_wconf 81' lang='grc' dir='ltr'>τὸ</span> <span class='ocrx_word' id='word_1_626' title='bbox 3223 1266 3332 1336; x_wconf 77' lang='grc' dir='ltr'>γὰρ</span> <span class='ocrx_word' id='word_1_627' title='bbox 3361 1265 3496 1334; x_wconf 80' lang='grc' dir='ltr'>πρὸς</span> <span class='ocrx_word' id='word_1_628' title='bbox 3521 1264 3702 1316; x_wconf 86' lang='grc' dir='ltr'>ἐκεῖνα</span> 
     </span>
    </p>
   </div>
   <div class='ocr_carea' id='block_1_79' title="bbox 2046 1348 3701 1426">
    <p class='ocr_par' dir='ltr' id='par_1_79' title="bbox 2046 1348 3701 1426">
     <span class='ocr_line' id='line_1_80' title="bbox 2046 1348 3701 1426; baseline -0.002 -24"><span class='ocrx_word' id='word_1_629' title='bbox 2046 1351 2204 1421; x_wconf 88' lang='grc' dir='ltr'>μόνον</span> <span class='ocrx_word' id='word_1_630' title='bbox 2235 1353 2587 1419; x_wconf 87' lang='grc' dir='ltr'>ἀποϐλέπειν,</span> <span class='ocrx_word' id='word_1_631' title='bbox 2612 1356 2706 1408; x_wconf 77' lang='grc' dir='ltr'>καὶ</span> <span class='ocrx_word' id='word_1_632' title='bbox 2742 1355 2906 1426; x_wconf 83' lang='grc' dir='ltr'>μηδὲν</span> <span class='ocrx_word' id='word_1_633' title='bbox 2937 1355 3142 1408; x_wconf 88' lang='grc' dir='ltr'>τούτων</span> <span class='ocrx_word' id='word_1_634' title='bbox 3177 1353 3378 1406; x_wconf 85' lang='grc' dir='ltr'>ἐθέλειν</span> <span class='ocrx_word' id='word_1_635' title='bbox 3409 1348 3701 1419; x_wconf 81' lang='grc' dir='ltr'>προτιμᾷν,</span> 
     </span>
    </p>
   </div>
   <div class='ocr_carea' id='block_1_80' title="bbox 2041 1436 3706 1514">
    <p class='ocr_par' dir='ltr' id='par_1_80' title="bbox 2041 1436 3706 1514">
     <span class='ocr_line' id='line_1_81' title="bbox 2041 1436 3706 1514; baseline -0.002 -24"><span class='ocrx_word' id='word_1_636' title='bbox 2041 1442 2135 1491; x_wconf 68' lang='grc' dir='ltr'>καὶ</span> <span class='ocrx_word' id='word_1_637' title='bbox 2147 1439 2255 1491; x_wconf 89' lang='grc' dir='ltr'>τῶν</span> <span class='ocrx_word' id='word_1_638' title='bbox 2268 1439 2469 1493; x_wconf 87' lang='grc' dir='ltr'>παίδων</span> <span class='ocrx_word' id='word_1_639' title='bbox 2489 1440 2626 1510; x_wconf 87' lang='grc' dir='ltr'>μετά</span> <span class='ocrx_word' id='word_1_640' title='bbox 2639 1441 2735 1512; x_wconf 87' lang='grc' dir='ltr'>τῆς</span> <span class='ocrx_word' id='word_1_641' title='bbox 2756 1441 2934 1495; x_wconf 85' lang='grc' dir='ltr'>αὐτῶν</span> <span class='ocrx_word' id='word_1_642' title='bbox 2953 1441 3131 1511; x_wconf 82' lang='grc' dir='ltr'>ψυχῆς</span> <span class='ocrx_word' id='word_1_643' title='bbox 3149 1439 3545 1514; x_wconf 76' lang='grc' dir='ltr'>ἀναγκάζονται</span> <span class='ocrx_word' id='word_1_644' title='bbox 3570 1436 3706 1504; x_wconf 83' lang='grc' dir='ltr'>ἁμε-</span> 
     </span>
    </p>
   </div>
   <div class='ocr_carea' id='block_1_81' title="bbox 2041 1520 3706 1599">
    <p class='ocr_par' dir='ltr' id='par_1_81' title="bbox 2041 1520 3706 1599">
     <span class='ocr_line' id='line_1_82' title="bbox 2041 1520 3706 1599; baseline -0.002 -23"><span class='ocrx_word' id='word_1_645' title='bbox 2041 1525 2171 1581; x_wconf 89' lang='grc' dir='ltr'>λεῖν.</span> <span class='ocrx_word' id='word_1_646' title='bbox 2193 1526 2426 1590; x_wconf 85' lang='grc' dir='ltr'>Τούτους</span> <span class='ocrx_word' id='word_1_647' title='bbox 2447 1528 2557 1596; x_wconf 84' lang='grc' dir='ltr'>ἐγὼ</span> <span class='ocrx_word' id='word_1_648' title='bbox 2588 1530 2712 1592; x_wconf 80' lang='grc' dir='ltr'>τοὺς</span> <span class='ocrx_word' id='word_1_649' title='bbox 2730 1528 2968 1599; x_wconf 87' lang='grc' dir='ltr'>πατέρας</span> <span class='ocrx_word' id='word_1_650' title='bbox 2993 1528 3106 1593; x_wconf 71' lang='grc' dir='ltr'>(καὶ</span> <span class='ocrx_word' id='word_1_651' title='bbox 3129 1528 3201 1598; x_wconf 78' lang='grc' dir='ltr'>μή</span> <span class='ocrx_word' id='word_1_652' title='bbox 3232 1544 3316 1590; x_wconf 92' lang='grc' dir='ltr'>τις</span> <span class='ocrx_word' id='word_1_653' title='bbox 3339 1523 3509 1594; x_wconf 83' lang='grc' dir='ltr'>θυμοῦ</span> <span class='ocrx_word' id='word_1_654' title='bbox 3540 1522 3602 1574; x_wconf 80' lang='grc' dir='ltr'>τὸ</span> <span class='ocrx_word' id='word_1_655' title='bbox 3620 1520 3706 1572; x_wconf 79' lang='grc' dir='ltr'>λεο</span> 
     </span>
    </p>
   </div>
   <div class='ocr_carea' id='block_1_82' title="bbox 2041 1608 3704 1686">
    <p class='ocr_par' dir='ltr' id='par_1_82' title="bbox 2041 1608 3704 1686">
     <span class='ocr_line' id='line_1_83' title="bbox 2041 1608 3704 1686; baseline -0.004 -19"><span class='ocrx_word' id='word_1_656' title='bbox 2041 1614 2267 1684; x_wconf 86' lang='grc' dir='ltr'>γόμενον</span> <span class='ocrx_word' id='word_1_657' title='bbox 2289 1611 2424 1668; x_wconf 72' lang='grc' dir='ltr'>εἶναι</span> <span class='ocrx_word' id='word_1_658' title='bbox 2449 1615 2732 1686; x_wconf 80' lang='grc' dir='ltr'>νομιζέτω)</span> <span class='ocrx_word' id='word_1_659' title='bbox 2752 1617 2846 1670; x_wconf 74' lang='grc' dir='ltr'>καὶ</span> <span class='ocrx_word' id='word_1_660' title='bbox 2865 1615 3042 1669; x_wconf 80' lang='grc' dir='ltr'>αὐτῶν</span> <span class='ocrx_word' id='word_1_661' title='bbox 3074 1616 3180 1667; x_wconf 90' lang='grc' dir='ltr'>τῶν</span> <span class='ocrx_word' id='word_1_662' title='bbox 3209 1614 3566 1667; x_wconf 87' lang='grc' dir='ltr'>παιδοκτόνων</span> <span class='ocrx_word' id='word_1_663' title='bbox 3587 1608 3704 1679; x_wconf 86' lang='grc' dir='ltr'>χεί-</span> 
     </span>
    </p>
   </div>
   <div class='ocr_carea' id='block_1_83' title="bbox 2047 1696 3705 1775">
    <p class='ocr_par' dir='ltr' id='par_1_83' title="bbox 2047 1696 3705 1775">
     <span class='ocr_line' id='line_1_84' title="bbox 2047 1696 3705 1775; baseline -0.001 -21"><span class='ocrx_word' id='word_1_664' title='bbox 2047 1720 2168 1774; x_wconf 85' lang='grc' dir='ltr'>ρους</span> <span class='ocrx_word' id='word_1_665' title='bbox 2195 1699 2331 1756; x_wconf 81' lang='grc' dir='ltr'>εἷναι</span> <span class='ocrx_word' id='word_1_666' title='bbox 2357 1704 2521 1775; x_wconf 89' lang='grc' dir='ltr'>φαίην</span> <span class='ocrx_word' id='word_1_667' title='bbox 2541 1703 2630 1773; x_wconf 31' lang='grc' dir='ltr'>ἄν..</span> <span class='ocrx_word' id='word_1_668' title='bbox 2644 1706 2869 1756; x_wconf 82' lang='grc' dir='ltr'>Ἐκεῖνοι</span> <span class='ocrx_word' id='word_1_669' title='bbox 2885 1704 2981 1774; x_wconf 85' lang='grc' dir='ltr'>μὲν</span> <span class='ocrx_word' id='word_1_670' title='bbox 2997 1702 3106 1774; x_wconf 72' lang='grc' dir='ltr'>γάρ</span> <span class='ocrx_word' id='word_1_671' title='bbox 3136 1704 3197 1756; x_wconf 89' lang='grc' dir='ltr'>τὸ</span> <span class='ocrx_word' id='word_1_672' title='bbox 3225 1702 3383 1772; x_wconf 90' lang='grc' dir='ltr'>σῶμα</span> <span class='ocrx_word' id='word_1_673' title='bbox 3407 1701 3503 1770; x_wconf 85' lang='grc' dir='ltr'>τῆς</span> <span class='ocrx_word' id='word_1_674' title='bbox 3526 1696 3705 1767; x_wconf 78' lang='grc' dir='ltr'>ψυχῆς</span> 
     </span>
    </p>
   </div>
   <div class='ocr_carea' id='block_1_84' title="bbox 2041 1785 3705 1864">
    <p class='ocr_par' dir='ltr' id='par_1_84' title="bbox 2041 1785 3705 1864">
     <span class='ocr_line' id='line_1_85' title="bbox 2041 1785 3705 1864; baseline -0.004 -21"><span class='ocrx_word' id='word_1_675' title='bbox 2041 1790 2336 1855; x_wconf 89' lang='grc' dir='ltr'>διιστῶσιν,</span> <span class='ocrx_word' id='word_1_676' title='bbox 2361 1787 2503 1846; x_wconf 72' lang='grc' dir='ltr'>οὗτοι</span> <span class='ocrx_word' id='word_1_677' title='bbox 2521 1792 2578 1844; x_wconf 87' lang='grc' dir='ltr'>δέ</span> <span class='ocrx_word' id='word_1_678' title='bbox 2603 1792 2806 1864; x_wconf 91' lang='grc' dir='ltr'>ταύτην</span> <span class='ocrx_word' id='word_1_679' title='bbox 2837 1793 2951 1862; x_wconf 73' lang='grc' dir='ltr'>μετ’</span> <span class='ocrx_word' id='word_1_680' title='bbox 2974 1792 3184 1844; x_wconf 86' lang='grc' dir='ltr'>ἐκείνου</span> <span class='ocrx_word' id='word_1_681' title='bbox 3214 1790 3469 1861; x_wconf 88' lang='grc' dir='ltr'>φέροντες</span> <span class='ocrx_word' id='word_1_682' title='bbox 3497 1789 3575 1850; x_wconf 80' lang='grc' dir='ltr'>εἰς</span> <span class='ocrx_word' id='word_1_683' title='bbox 3606 1785 3705 1856; x_wconf 83' lang='grc' dir='ltr'>τὴν</span> 
     </span>
    </p>
   </div>
   <div class='ocr_carea' id='block_1_85' title="bbox 2041 1872 3704 1951">
    <p class='ocr_par' dir='ltr' id='par_1_85' title="bbox 2041 1872 3704 1951">
     <span class='ocr_line' id='line_1_86' title="bbox 2041 1872 3704 1951; baseline -0.003 -21"><span class='ocrx_word' id='word_1_684' title='bbox 2041 1881 2142 1949; x_wconf 82' lang='grc' dir='ltr'>τῆς</span> <span class='ocrx_word' id='word_1_685' title='bbox 2172 1880 2740 1951; x_wconf 84' lang='grc' dir='ltr'>γεέννηςέμϐἀλλουσι</span> <span class='ocrx_word' id='word_1_686' title='bbox 2770 1880 2966 1950; x_wconf 86' lang='grc' dir='ltr'>πυράν·</span> <span class='ocrx_word' id='word_1_687' title='bbox 2984 1881 3232 1934; x_wconf 83' lang='grc' dir='ltr'>κάκεῖνον</span> <span class='ocrx_word' id='word_1_688' title='bbox 3261 1879 3356 1948; x_wconf 88' lang='grc' dir='ltr'>μέν</span> <span class='ocrx_word' id='word_1_689' title='bbox 3386 1877 3596 1943; x_wconf 81' lang='grc' dir='ltr'>ἀνάγκη</span> <span class='ocrx_word' id='word_1_690' title='bbox 3614 1872 3704 1926; x_wconf 78' lang='grc' dir='ltr'>τὸν</span> 
     </span>
    </p>
   </div>
   <div class='ocr_carea' id='block_1_86' title="bbox 2044 1961 3705 2040">
    <p class='ocr_par' dir='ltr' id='par_1_86' title="bbox 2044 1961 3705 2040">
     <span class='ocr_line' id='line_1_87' title="bbox 2044 1961 3705 2040; baseline -0.003 -23"><span class='ocrx_word' id='word_1_691' title='bbox 2044 1965 2270 2020; x_wconf 88' lang='grc' dir='ltr'>θάνατον</span> <span class='ocrx_word' id='word_1_692' title='bbox 2295 1968 2386 2020; x_wconf 77' lang='grc' dir='ltr'>καὶ</span> <span class='ocrx_word' id='word_1_693' title='bbox 2421 1969 2572 2040; x_wconf 89' lang='grc' dir='ltr'>παρά</span> <span class='ocrx_word' id='word_1_694' title='bbox 2598 1968 2698 2036; x_wconf 84' lang='grc' dir='ltr'>τῆς</span> <span class='ocrx_word' id='word_1_695' title='bbox 2723 1967 2937 2037; x_wconf 85' lang='grc' dir='ltr'>φύσεως</span> <span class='ocrx_word' id='word_1_696' title='bbox 2966 1966 3220 2030; x_wconf 83' lang='grc' dir='ltr'>δέξασθαι</span> <span class='ocrx_word' id='word_1_697' title='bbox 3245 1965 3482 2027; x_wconf 85' lang='grc' dir='ltr'>πάντως,</span> <span class='ocrx_word' id='word_1_698' title='bbox 3518 1961 3705 2014; x_wconf 90' lang='grc' dir='ltr'>τοῦτον</span> 
     </span>
    </p>
   </div>
   <div class='ocr_carea' id='block_1_87' title="bbox 2042 2049 3708 2125">
    <p class='ocr_par' dir='ltr' id='par_1_87' title="bbox 2042 2049 3708 2125">
     <span class='ocr_line' id='line_1_88' title="bbox 2042 2049 3708 2125; baseline -0.004 -19"><span class='ocrx_word' id='word_1_699' title='bbox 2042 2053 2099 2106; x_wconf 86' lang='grc' dir='ltr'>δέ</span> <span class='ocrx_word' id='word_1_700' title='bbox 2137 2056 2261 2125; x_wconf 84' lang='grc' dir='ltr'>ἐνῆν</span> <span class='ocrx_word' id='word_1_701' title='bbox 2285 2057 2376 2108; x_wconf 70' lang='grc' dir='ltr'>καὶ</span> <span class='ocrx_word' id='word_1_702' title='bbox 2409 2056 2708 2125; x_wconf 87' lang='grc' dir='ltr'>διαφυγεῖν,</span> <span class='ocrx_word' id='word_1_703' title='bbox 2737 2057 2784 2108; x_wconf 90' lang='grc' dir='ltr'>εί</span> <span class='ocrx_word' id='word_1_704' title='bbox 2823 2056 2898 2125; x_wconf 84' lang='grc' dir='ltr'>μὴ</span> <span class='ocrx_word' id='word_1_705' title='bbox 2931 2056 2964 2125; x_wconf 83' lang='grc' dir='ltr'><strong>ἡ</strong></span> <span class='ocrx_word' id='word_1_706' title='bbox 2997 2055 3102 2108; x_wconf 89' lang='grc' dir='ltr'>τῶν</span> <span class='ocrx_word' id='word_1_707' title='bbox 3145 2053 3394 2123; x_wconf 87' lang='grc' dir='ltr'>πατέρων</span> <span class='ocrx_word' id='word_1_708' title='bbox 3415 2050 3576 2103; x_wconf 80' lang='grc' dir='ltr'>αὐτὸν</span> <span class='ocrx_word' id='word_1_709' title='bbox 3607 2049 3708 2100; x_wconf 82' lang='grc' dir='ltr'>ἐπ·-</span> 
     </span>
    </p>
   </div>
   <div class='ocr_carea' id='block_1_88' title="bbox 2045 2137 3706 2214">
    <p class='ocr_par' dir='ltr' id='par_1_88' title="bbox 2045 2137 3706 2214">
     <span class='ocr_line' id='line_1_89' title="bbox 2045 2137 3706 2214; baseline -0.004 -20"><span class='ocrx_word' id='word_1_710' title='bbox 2045 2144 2216 2212; x_wconf 80' lang='grc' dir='ltr'>ήγαγε</span> <span class='ocrx_word' id='word_1_711' title='bbox 2249 2142 2505 2214; x_wconf 76' lang='grc' dir='ltr'>ῥᾳθυμία.</span> <span class='ocrx_word' id='word_1_712' title='bbox 2533 2143 2674 2212; x_wconf 73' lang='grc' dir='ltr'>Πρὸς</span> <span class='ocrx_word' id='word_1_713' title='bbox 2689 2141 2918 2207; x_wconf 87' lang='grc' dir='ltr'>τούτοις,</span> <span class='ocrx_word' id='word_1_714' title='bbox 2946 2142 3043 2213; x_wconf 82' lang='grc' dir='ltr'>τὴν</span> <span class='ocrx_word' id='word_1_715' title='bbox 3077 2143 3173 2213; x_wconf 86' lang='grc' dir='ltr'>μὲν</span> <span class='ocrx_word' id='word_1_716' title='bbox 3220 2140 3313 2193; x_wconf 87' lang='grc' dir='ltr'>τοῦ</span> <span class='ocrx_word' id='word_1_717' title='bbox 3337 2137 3585 2209; x_wconf 88' lang='grc' dir='ltr'>σώματος</span> <span class='ocrx_word' id='word_1_718' title='bbox 3615 2151 3706 2187; x_wconf 79' lang='grc' dir='ltr'>τεο</span> 
     </span>
    </p>
   </div>
   <div class='ocr_carea' id='block_1_89' title="bbox 2044 2226 3702 2302">
    <p class='ocr_par' dir='ltr' id='par_1_89' title="bbox 2044 2226 3702 2302">
     <span class='ocr_line' id='line_1_90' title="bbox 2044 2226 3702 2302; baseline -0.005 -19"><span class='ocrx_word' id='word_1_719' title='bbox 2044 2230 2236 2302; x_wconf 80' lang='grc' dir='ltr'>λευτὴν</span> <span class='ocrx_word' id='word_1_720' title='bbox 2261 2233 2552 2294; x_wconf 82' lang='grc' dir='ltr'>ἀνάστασις</span> <span class='ocrx_word' id='word_1_721' title='bbox 2573 2230 2872 2284; x_wconf 86' lang='grc' dir='ltr'>ἐπελθοῦσα</span> <span class='ocrx_word' id='word_1_722' title='bbox 2893 2230 3104 2300; x_wconf 91' lang='grc' dir='ltr'>ταχέως</span> <span class='ocrx_word' id='word_1_723' title='bbox 3118 2228 3376 2297; x_wconf 84' lang='grc' dir='ltr'>ἀφανίσαι</span> <span class='ocrx_word' id='word_1_724' title='bbox 3398 2226 3702 2295; x_wconf 76' lang='grc' dir='ltr'>δυνήσεταιο</span> 
     </span>
    </p>
   </div>
   <div class='ocr_carea' id='block_1_90' title="bbox 2044 2309 3705 2389">
    <p class='ocr_par' dir='ltr' id='par_1_90' title="bbox 2044 2309 3705 2389">
     <span class='ocr_line' id='line_1_91' title="bbox 2044 2309 3705 2389; baseline -0.007 -17"><span class='ocrx_word' id='word_1_725' title='bbox 2044 2319 2141 2389; x_wconf 83' lang='grc' dir='ltr'>τὴν</span> <span class='ocrx_word' id='word_1_726' title='bbox 2173 2319 2229 2371; x_wconf 85' lang='grc' dir='ltr'>δὲ</span> <span class='ocrx_word' id='word_1_727' title='bbox 2249 2318 2348 2388; x_wconf 89' lang='grc' dir='ltr'>τῆς</span> <span class='ocrx_word' id='word_1_728' title='bbox 2371 2319 2548 2389; x_wconf 75' lang='grc' dir='ltr'>ψυχῆς</span> <span class='ocrx_word' id='word_1_729' title='bbox 2564 2317 2838 2372; x_wconf 77' lang='grc' dir='ltr'>ἀπώλειαν</span> <span class='ocrx_word' id='word_1_730' title='bbox 2867 2317 3016 2370; x_wconf 84' lang='grc' dir='ltr'>οὐδὲν</span> <span class='ocrx_word' id='word_1_731' title='bbox 3042 2316 3121 2370; x_wconf 79' lang='grc' dir='ltr'>ἔτι</span> <span class='ocrx_word' id='word_1_732' title='bbox 3145 2313 3617 2386; x_wconf 76' lang='grc' dir='ltr'>παραμυθήσεταιο</span> <span class='ocrx_word' id='word_1_733' title='bbox 3645 2309 3705 2362; x_wconf 89' lang='grc' dir='ltr'>οὐ</span> 
     </span>
    </p>
   </div>
   <div class='ocr_carea' id='block_1_91' title="bbox 2045 2397 3710 2478">
    <p class='ocr_par' dir='ltr' id='par_1_91' title="bbox 2045 2397 3710 2478">
     <span class='ocr_line' id='line_1_92' title="bbox 2045 2397 3710 2478; baseline -0.005 -20"><span class='ocrx_word' id='word_1_734' title='bbox 2045 2406 2154 2478; x_wconf 77' lang='grc' dir='ltr'>γὰρ</span> <span class='ocrx_word' id='word_1_735' title='bbox 2169 2407 2410 2477; x_wconf 90' lang='grc' dir='ltr'>σωτηρία</span> <span class='ocrx_word' id='word_1_736' title='bbox 2429 2406 2594 2475; x_wconf 82' lang='grc' dir='ltr'>αὐτὴν</span> <span class='ocrx_word' id='word_1_737' title='bbox 2615 2406 2914 2475; x_wconf 87' lang='grc' dir='ltr'>διαδέχεται</span> <span class='ocrx_word' id='word_1_738' title='bbox 2929 2405 3134 2467; x_wconf 83' lang='grc' dir='ltr'>λοιπὸν,</span> <span class='ocrx_word' id='word_1_739' title='bbox 3149 2402 3261 2456; x_wconf 87' lang='grc' dir='ltr'>ἀλλ’</span> <span class='ocrx_word' id='word_1_740' title='bbox 3289 2400 3528 2454; x_wconf 88' lang='grc' dir='ltr'>ἀθάνατα</span> <span class='ocrx_word' id='word_1_741' title='bbox 3544 2397 3710 2465; x_wconf 88' lang='grc' dir='ltr'>ἀνάγ-</span> 
     </span>
    </p>
   </div>
   <div class='ocr_carea' id='block_1_92' title="bbox 2047 2479 3709 2564">
    <p class='ocr_par' dir='ltr' id='par_1_92' title="bbox 2047 2479 3709 2564">
     <span class='ocr_line' id='line_1_93' title="bbox 2047 2479 3709 2564; baseline -0.007 -16"><span class='ocrx_word' id='word_1_742' title='bbox 2047 2511 2118 2564; x_wconf 88' lang='grc' dir='ltr'>κη</span> <span class='ocrx_word' id='word_1_743' title='bbox 2147 2493 2492 2559; x_wconf 77' lang='grc' dir='ltr'>κολάζεσθαι.</span> <span class='ocrx_word' id='word_1_744' title='bbox 2536 2495 2698 2548; x_wconf 84' lang='grc' dir='ltr'>Ὥστε</span> <span class='ocrx_word' id='word_1_745' title='bbox 2725 2496 2825 2546; x_wconf 85' lang='grc' dir='ltr'>οὐκ</span> <span class='ocrx_word' id='word_1_746' title='bbox 2856 2494 3162 2555; x_wconf 86' lang='grc' dir='ltr'>ἀπεικότως</span> <span class='ocrx_word' id='word_1_747' title='bbox 3198 2490 3306 2543; x_wconf 90' lang='grc' dir='ltr'>τῶν</span> <span class='ocrx_word' id='word_1_748' title='bbox 3348 2479 3709 2540; x_wconf 73' lang='grc' dir='ltr'>παιδοκτόνωύ</span> 
     </span>
    </p>
   </div>
   <div class='ocr_carea' id='block_1_93' title="bbox 2046 2570 3710 2652">
    <p class='ocr_par' dir='ltr' id='par_1_93' title="bbox 2046 2570 3710 2652">
     <span class='ocr_line' id='line_1_94' title="bbox 2046 2570 3710 2652; baseline -0.006 -18"><span class='ocrx_word' id='word_1_749' title='bbox 2046 2583 2172 2646; x_wconf 85' lang='grc' dir='ltr'>τούς</span> <span class='ocrx_word' id='word_1_750' title='bbox 2195 2583 2469 2645; x_wconf 90' lang='grc' dir='ltr'>τοιούτους</span> <span class='ocrx_word' id='word_1_751' title='bbox 2499 2582 2740 2651; x_wconf 85' lang='grc' dir='ltr'>πατέρας</span> <span class='ocrx_word' id='word_1_752' title='bbox 2769 2583 2982 2652; x_wconf 87' lang='grc' dir='ltr'>χείρους</span> <span class='ocrx_word' id='word_1_753' title='bbox 3021 2579 3085 2633; x_wconf 82' lang='grc' dir='ltr'>ἂν</span> <span class='ocrx_word' id='word_1_754' title='bbox 3107 2579 3354 2647; x_wconf 71' lang='grc' dir='ltr'>εἴποιμεν</span> <span class='ocrx_word' id='word_1_755' title='bbox 3375 2570 3532 2628; x_wconf 73' lang='grc' dir='ltr'>εἶναι.</span> <span class='ocrx_word' id='word_1_756' title='bbox 3577 2570 3710 2626; x_wconf 83' lang='grc' dir='ltr'>Οὐδέ</span> 
     </span>
    </p>
   </div>
   <div class='ocr_carea' id='block_1_94' title="bbox 2046 2659 3707 2740">
    <p class='ocr_par' dir='ltr' id='par_1_94' title="bbox 2046 2659 3707 2740">
     <span class='ocr_line' id='line_1_95' title="bbox 2046 2659 3707 2740; baseline -0.008 -16"><span class='ocrx_word' id='word_1_757' title='bbox 2046 2670 2156 2740; x_wconf 87' lang='grc' dir='ltr'>γάρ</span> <span class='ocrx_word' id='word_1_758' title='bbox 2176 2671 2321 2723; x_wconf 87' lang='grc' dir='ltr'>ἐστιν</span> <span class='ocrx_word' id='word_1_759' title='bbox 2342 2668 2483 2721; x_wconf 76' lang='grc' dir='ltr'>οὕτω</span> <span class='ocrx_word' id='word_1_760' title='bbox 2497 2668 2665 2721; x_wconf 81' lang='grc' dir='ltr'>δεινὸν</span> <span class='ocrx_word' id='word_1_761' title='bbox 2683 2670 2946 2738; x_wconf 82' lang='grc' dir='ltr'>ἀκονῆσαι</span> <span class='ocrx_word' id='word_1_762' title='bbox 2970 2665 3140 2736; x_wconf 79' lang='grc' dir='ltr'>ξίφος,</span> <span class='ocrx_word' id='word_1_763' title='bbox 3156 2665 3250 2718; x_wconf 73' lang='grc' dir='ltr'>καὶ</span> <span class='ocrx_word' id='word_1_764' title='bbox 3269 2662 3445 2727; x_wconf 81' lang='grc' dir='ltr'>δεξιὰν</span> <span class='ocrx_word' id='word_1_765' title='bbox 3469 2659 3707 2722; x_wconf 83' lang='grc' dir='ltr'>ὁπλίσαι,</span> 
     </span>
    </p>
   </div>
   <div class='ocr_carea' id='block_1_95' title="bbox 2049 2745 3710 2826">
    <p class='ocr_par' dir='ltr' id='par_1_95' title="bbox 2049 2745 3710 2826">
     <span class='ocr_line' id='line_1_96' title="bbox 2049 2745 3710 2826; baseline -0.008 -16"><span class='ocrx_word' id='word_1_766' title='bbox 2049 2759 2142 2810; x_wconf 81' lang='grc' dir='ltr'>καὶ</span> <span class='ocrx_word' id='word_1_767' title='bbox 2169 2759 2248 2821; x_wconf 90' lang='grc' dir='ltr'>είς</span> <span class='ocrx_word' id='word_1_768' title='bbox 2267 2755 2427 2810; x_wconf 77' lang='grc' dir='ltr'>αὐτὸν</span> <span class='ocrx_word' id='word_1_769' title='bbox 2443 2755 2536 2808; x_wconf 88' lang='grc' dir='ltr'>τοῦ</span> <span class='ocrx_word' id='word_1_770' title='bbox 2562 2755 2750 2819; x_wconf 83' lang='grc' dir='ltr'>παιδὸς</span> <span class='ocrx_word' id='word_1_771' title='bbox 2777 2756 3035 2826; x_wconf 87' lang='grc' dir='ltr'>βαπτίσαι</span> <span class='ocrx_word' id='word_1_772' title='bbox 3059 2754 3150 2806; x_wconf 82' lang='grc' dir='ltr'>τὸν</span> <span class='ocrx_word' id='word_1_773' title='bbox 3178 2751 3390 2821; x_wconf 78' lang='grc' dir='ltr'>λαιμὸν,</span> <span class='ocrx_word' id='word_1_774' title='bbox 3421 2749 3496 2812; x_wconf 85' lang='grc' dir='ltr'>ὡς</span> <span class='ocrx_word' id='word_1_775' title='bbox 3520 2747 3581 2800; x_wconf 78' lang='grc' dir='ltr'>τὸ</span> <span class='ocrx_word' id='word_1_776' title='bbox 3605 2745 3710 2814; x_wconf 76' lang='grc' dir='ltr'>ψυ-</span> 
     </span>
    </p>
   </div>
   <div class='ocr_carea' id='block_1_96' title="bbox 2049 2833 3710 2916">
    <p class='ocr_par' dir='ltr' id='par_1_96' title="bbox 2049 2833 3710 2916">
     <span class='ocr_line' id='line_1_97' title="bbox 2049 2833 3710 2916; baseline -0.005 -17"><span class='ocrx_word' id='word_1_777' title='bbox 2049 2847 2150 2916; x_wconf 85' lang='grc' dir='ltr'>χὴν</span> <span class='ocrx_word' id='word_1_778' title='bbox 2169 2844 2430 2899; x_wconf 83' lang='grc' dir='ltr'>ἀπολέσαι</span> <span class='ocrx_word' id='word_1_779' title='bbox 2447 2845 2540 2898; x_wconf 71' lang='grc' dir='ltr'>καὶ</span> <span class='ocrx_word' id='word_1_780' title='bbox 2556 2845 2884 2914; x_wconf 84' lang='grc' dir='ltr'>διαφθεῖραι·</span> <span class='ocrx_word' id='word_1_781' title='bbox 2903 2844 3104 2912; x_wconf 90' lang='grc' dir='ltr'>ταύτης</span> <span class='ocrx_word' id='word_1_782' title='bbox 3115 2841 3224 2911; x_wconf 78' lang='grc' dir='ltr'>γάρ</span> <span class='ocrx_word' id='word_1_783' title='bbox 3248 2841 3377 2910; x_wconf 80' lang='grc' dir='ltr'>ἡμῖν</span> <span class='ocrx_word' id='word_1_784' title='bbox 3411 2837 3522 2889; x_wconf 75' lang='grc' dir='ltr'>ἴσον</span> <span class='ocrx_word' id='word_1_785' title='bbox 3537 2833 3710 2890; x_wconf 83' lang='grc' dir='ltr'>οὐδέν.</span> 
     </span>
    </p>
   </div>
   <div class='ocr_carea' id='block_1_97' title="bbox 2120 2921 3713 2998">
    <p class='ocr_par' dir='ltr' id='par_1_97' title="bbox 2120 2921 3713 2998">
     <span class='ocr_line' id='line_1_98' title="bbox 2120 2921 3713 2998; baseline -0.009 -12"><span class='ocrx_word' id='word_1_786' title='bbox 2120 2934 2252 2986; x_wconf 89' lang='grc' dir='ltr'>ε’.Τί</span> <span class='ocrx_word' id='word_1_787' title='bbox 2268 2929 2391 2998; x_wconf 75' lang='grc' dir='ltr'>οῦν;</span> <span class='ocrx_word' id='word_1_788' title='bbox 2417 2932 2568 2986; x_wconf 85' lang='grc' dir='ltr'>πόλιν</span> <span class='ocrx_word' id='word_1_789' title='bbox 2582 2931 2852 2994; x_wconf 76' lang='grc' dir='ltr'>οἰκοῦντα,</span> <span class='ocrx_word' id='word_1_790' title='bbox 2872 2928 3260 2984; x_wconf 76' lang='grc' dir='ltr'>καὶοίκίανκαὶ</span> <span class='ocrx_word' id='word_1_791' title='bbox 3277 2927 3506 2994; x_wconf 86' lang='grc' dir='ltr'>γυναῖκα</span> <span class='ocrx_word' id='word_1_792' title='bbox 3527 2921 3713 2990; x_wconf 75' lang='grc' dir='ltr'>ἔχοντα</span> 
     </span>
    </p>
   </div>
   <div class='ocr_carea' id='block_1_98' title="bbox 2051 3006 3714 3090">
    <p class='ocr_par' dir='ltr' id='par_1_98' title="bbox 2051 3006 3714 3090">
     <span class='ocr_line' id='line_1_99' title="bbox 2051 3006 3714 3090; baseline -0.009 -17"><span class='ocrx_word' id='word_1_793' title='bbox 2051 3021 2149 3074; x_wconf 83' lang='grc' dir='ltr'>οὐκ</span> <span class='ocrx_word' id='word_1_794' title='bbox 2169 3020 2245 3074; x_wconf 82' lang='grc' dir='ltr'>ενι</span> <span class='ocrx_word' id='word_1_795' title='bbox 2283 3020 2545 3089; x_wconf 88' lang='grc' dir='ltr'>σωθῆναι,</span> <span class='ocrx_word' id='word_1_796' title='bbox 2582 3019 2714 3090; x_wconf 83' lang='grc' dir='ltr'>φησί</span> <span class='ocrx_word' id='word_1_797' title='bbox 2733 3036 2746 3082; x_wconf 92' lang='grc'><strong>;</strong></span> <span class='ocrx_word' id='word_1_798' title='bbox 2783 3019 3031 3071; x_wconf 87' lang='grc' dir='ltr'>Μάλιστα</span> <span class='ocrx_word' id='word_1_799' title='bbox 3061 3017 3158 3087; x_wconf 74' lang='grc' dir='ltr'>μὲν</span> <span class='ocrx_word' id='word_1_800' title='bbox 3191 3015 3287 3082; x_wconf 85' lang='grc' dir='ltr'>οὐχ</span> <span class='ocrx_word' id='word_1_801' title='bbox 3316 3007 3396 3075; x_wconf 80' lang='grc' dir='ltr'>είς</span> <span class='ocrx_word' id='word_1_802' title='bbox 3441 3006 3714 3080; x_wconf 88' lang='grc' dir='ltr'>σωτηρίας</span> 
     </span>
    </p>
   </div>
   <div class='ocr_carea' id='block_1_99' title="bbox 2050 3093 3714 3180">
    <p class='ocr_par' dir='ltr' id='par_1_99' title="bbox 2050 3093 3714 3180">
     <span class='ocr_line' id='line_1_100' title="bbox 2050 3093 3714 3180; baseline -0.009 -19"><span class='ocrx_word' id='word_1_803' title='bbox 2050 3109 2274 3180; x_wconf 88' lang='grc' dir='ltr'>τρόπος,</span> <span class='ocrx_word' id='word_1_804' title='bbox 2293 3107 2428 3160; x_wconf 87' lang='grc' dir='ltr'>ἀλλά</span> <span class='ocrx_word' id='word_1_805' title='bbox 2460 3107 2645 3160; x_wconf 72' lang='grc' dir='ltr'>πολλοὶ</span> <span class='ocrx_word' id='word_1_806' title='bbox 2670 3107 2762 3159; x_wconf 75' lang='grc' dir='ltr'>καὶ</span> <span class='ocrx_word' id='word_1_807' title='bbox 2803 3105 3070 3174; x_wconf 83' lang='grc' dir='ltr'>διάφοροι.</span> <span class='ocrx_word' id='word_1_808' title='bbox 3110 3103 3219 3154; x_wconf 89' lang='lat' dir='ltr'><strong><em>Ka1</em></strong></span> <span class='ocrx_word' id='word_1_809' title='bbox 3237 3100 3392 3152; x_wconf 85' lang='grc' dir='ltr'>τοῦτο</span> <span class='ocrx_word' id='word_1_810' title='bbox 3425 3097 3573 3165; x_wconf 87' lang='grc' dir='ltr'>λέγει</span> <span class='ocrx_word' id='word_1_811' title='bbox 3615 3093 3714 3164; x_wconf 79' lang='grc' dir='ltr'>μὲν</span> 
     </span>
    </p>
   </div>
   <div class='ocr_carea' id='block_1_100' title="bbox 2051 3184 3714 3267">
    <p class='ocr_par' dir='ltr' id='par_1_100' title="bbox 2051 3184 3714 3267">
     <span class='ocr_line' id='line_1_101' title="bbox 2051 3184 3714 3267; baseline -0.009 -18"><span class='ocrx_word' id='word_1_812' title='bbox 2051 3197 2318 3267; x_wconf 89' lang='grc' dir='ltr'>ἀορίστως</span> <span class='ocrx_word' id='word_1_813' title='bbox 2355 3199 2383 3249; x_wconf 88' lang='grc' dir='ltr'>ό</span> <span class='ocrx_word' id='word_1_814' title='bbox 2409 3196 2663 3266; x_wconf 84' lang='grc' dir='ltr'>Χριστὸς,</span> <span class='ocrx_word' id='word_1_815' title='bbox 2689 3193 2888 3257; x_wconf 81' lang='grc' dir='ltr'>πολλὰς</span> <span class='ocrx_word' id='word_1_816' title='bbox 2921 3191 3058 3245; x_wconf 82' lang='grc' dir='ltr'>εἶναι</span> <span class='ocrx_word' id='word_1_817' title='bbox 3091 3189 3256 3262; x_wconf 83' lang='grc' dir='ltr'>μονὰς</span> <span class='ocrx_word' id='word_1_818' title='bbox 3285 3184 3714 3255; x_wconf 88' lang='grc' dir='ltr'>ἀποφαινόμενος</span> 
     </span>
    </p>
   </div>
   <div class='ocr_carea' id='block_1_101' title="bbox 2052 3270 3713 3356">
    <p class='ocr_par' dir='ltr' id='par_1_101' title="bbox 2052 3270 3713 3356">
     <span class='ocr_line' id='line_1_102' title="bbox 2052 3270 3713 3356; baseline -0.009 -19"><span class='ocrx_word' id='word_1_819' title='bbox 2052 3282 2200 3356; x_wconf 84' lang='grc' dir='ltr'>παρά</span> <span class='ocrx_word' id='word_1_820' title='bbox 2216 3283 2293 3354; x_wconf 81' lang='grc' dir='ltr'>τῷ</span> <span class='ocrx_word' id='word_1_821' title='bbox 2318 3282 2508 3354; x_wconf 75' lang='grc' dir='ltr'>Πατρῦ</span> <span class='ocrx_word' id='word_1_822' title='bbox 2543 3281 2690 3350; x_wconf 87' lang='grc' dir='ltr'>λέγει</span> <span class='ocrx_word' id='word_1_823' title='bbox 2718 3282 2772 3335; x_wconf 91' lang='lat'>65</span> <span class='ocrx_word' id='word_1_824' title='bbox 2801 3281 2936 3350; x_wconf 87' lang='grc' dir='ltr'>μετά</span> <span class='ocrx_word' id='word_1_825' title='bbox 2959 3275 3237 3349; x_wconf 90' lang='grc' dir='ltr'>διορισμοῦ</span> <span class='ocrx_word' id='word_1_826' title='bbox 3260 3291 3402 3337; x_wconf 88' lang='grc' dir='ltr'>τινος</span> <span class='ocrx_word' id='word_1_827' title='bbox 3424 3276 3452 3327; x_wconf 88' lang='grc' dir='ltr'>ό</span> <span class='ocrx_word' id='word_1_828' title='bbox 3482 3270 3713 3333; x_wconf 88' lang='grc' dir='ltr'>Παῦλος,</span> 
     </span>
    </p>
   </div>
   <div class='ocr_carea' id='block_1_102' title="bbox 2050 3359 3712 3440">
    <p class='ocr_par' dir='ltr' id='par_1_102' title="bbox 2050 3359 3712 3440">
     <span class='ocr_line' id='line_1_103' title="bbox 2050 3359 3712 3440; baseline -0.009 -15"><span class='ocrx_word' id='word_1_829' title='bbox 2050 3371 2193 3426; x_wconf 78' lang='grc' dir='ltr'>οὐτω</span> <span class='ocrx_word' id='word_1_830' title='bbox 2214 3372 2463 3440; x_wconf 83' lang='grc' dir='ltr'>γράφων’</span> <span class='ocrx_word' id='word_1_831' title='bbox 2504 3372 2695 3434; x_wconf 66' lang='grc' dir='ltr'>’Ἄλλη</span> <span class='ocrx_word' id='word_1_832' title='bbox 2728 3369 2877 3433; x_wconf 79' lang='grc' dir='ltr'>δόξα</span> <span class='ocrx_word' id='word_1_833' title='bbox 2896 3368 3092 3432; x_wconf 65' lang='grc' dir='ltr'>ἡλίου,</span> <span class='ocrx_word' id='word_1_834' title='bbox 3122 3363 3220 3418; x_wconf 77' lang='grc' dir='ltr'>καί</span> <span class='ocrx_word' id='word_1_835' title='bbox 3241 3362 3399 3428; x_wconf 73' lang='grc' dir='ltr'>ἄλλη</span> <span class='ocrx_word' id='word_1_836' title='bbox 3431 3359 3581 3423; x_wconf 79' lang='grc' dir='ltr'>δόξα</span> <span class='ocrx_word' id='word_1_837' title='bbox 3611 3372 3712 3412; x_wconf 80' lang='grc' dir='ltr'>σε-</span> 
     </span>
    </p>
   </div>
   <div class='ocr_carea' id='block_1_103' title="bbox 2050 3445 3716 3528">
    <p class='ocr_par' dir='ltr' id='par_1_103' title="bbox 2050 3445 3716 3528">
     <span class='ocr_line' id='line_1_104' title="bbox 2050 3445 3716 3528; baseline -0.01 -14"><span class='ocrx_word' id='word_1_838' title='bbox 2050 3462 2266 3528; x_wconf 69' lang='grc' dir='ltr'>λήνης,</span> <span class='ocrx_word' id='word_1_839' title='bbox 2297 3460 2393 3512; x_wconf 76' lang='grc' dir='ltr'>καί</span> <span class='ocrx_word' id='word_1_840' title='bbox 2420 3459 2580 3526; x_wconf 73' lang='grc' dir='ltr'>ἄλλη</span> <span class='ocrx_word' id='word_1_841' title='bbox 2605 3457 2754 3520; x_wconf 80' lang='grc' dir='ltr'>δόξα</span> <span class='ocrx_word' id='word_1_842' title='bbox 2769 3457 3059 3524; x_wconf 77' lang='grc' dir='ltr'>ἀστέρωνο</span> <span class='ocrx_word' id='word_1_843' title='bbox 3094 3451 3288 3520; x_wconf 76' lang='grc' dir='ltr'>ἀστὴρ</span> <span class='ocrx_word' id='word_1_844' title='bbox 3329 3449 3438 3519; x_wconf 77' lang='grc' dir='ltr'>γὰρ</span> <span class='ocrx_word' id='word_1_845' title='bbox 3463 3445 3716 3515; x_wconf 83' lang='grc' dir='ltr'>ἀστέρος</span> 
     </span>
    </p>
   </div>
   <div class='ocr_carea' id='block_1_104' title="bbox 2051 3535 3716 3618">
    <p class='ocr_par' dir='ltr' id='par_1_104' title="bbox 2051 3535 3716 3618">
     <span class='ocr_line' id='line_1_105' title="bbox 2051 3535 3716 3618; baseline -0.009 -17"><span class='ocrx_word' id='word_1_846' title='bbox 2051 3548 2308 3618; x_wconf 62' lang='grc' dir='ltr'>διαφέρει</span> <span class='ocrx_word' id='word_1_847' title='bbox 2326 3549 2395 3602; x_wconf 80' lang='grc' dir='ltr'>ὲν</span> <span class='ocrx_word' id='word_1_848' title='bbox 2422 3547 2530 3610; x_wconf 71' lang='grc' dir='ltr'>δόξ’</span> <span class='ocrx_word' id='word_1_849' title='bbox 2537 3566 2594 3616; x_wconf 85' lang='grc' dir='ltr'>ῃ.</span> <span class='ocrx_word' id='word_1_850' title='bbox 2625 3548 2689 3600; x_wconf 92' lang='grc' dir='ltr'><strong><em>Ὂ</em></strong></span> <span class='ocrx_word' id='word_1_851' title='bbox 2712 3546 2767 3598; x_wconf 86' lang='grc' dir='ltr'>δέ</span> <span class='ocrx_word' id='word_1_852' title='bbox 2788 3546 2958 3612; x_wconf 86' lang='grc' dir='ltr'>λέγει,</span> <span class='ocrx_word' id='word_1_853' title='bbox 2981 3541 3214 3596; x_wconf 87' lang='grc' dir='ltr'>τοιοῦτόν</span> <span class='ocrx_word' id='word_1_854' title='bbox 3242 3542 3406 3592; x_wconf 84' lang='grc' dir='ltr'>ἐστιν·</span> <span class='ocrx_word' id='word_1_855' title='bbox 3429 3537 3488 3589; x_wconf 86' lang='grc' dir='ltr'>Οί</span> <span class='ocrx_word' id='word_1_856' title='bbox 3523 3535 3617 3606; x_wconf 87' lang='grc' dir='ltr'>μέν</span> <span class='ocrx_word' id='word_1_857' title='bbox 3641 3535 3716 3598; x_wconf 87' lang='grc' dir='ltr'>ὼς</span> 
     </span>
    </p>
   </div>
   <div class='ocr_carea' id='block_1_105' title="bbox 2050 3621 3716 3705">
    <p class='ocr_par' dir='ltr' id='par_1_105' title="bbox 2050 3621 3716 3705">
     <span class='ocr_line' id='line_1_106' title="bbox 2050 3621 3716 3705; baseline -0.007 -19"><span class='ocrx_word' id='word_1_858' title='bbox 2050 3637 2201 3705; x_wconf 72' lang='grc' dir='ltr'>ἥλιος</span> <span class='ocrx_word' id='word_1_859' title='bbox 2234 3635 2561 3705; x_wconf 68' lang='grc' dir='ltr'>λάμψουσιν,</span> <span class='ocrx_word' id='word_1_860' title='bbox 2585 3633 2710 3686; x_wconf 87' lang='grc' dir='ltr'>οἱδέ</span> <span class='ocrx_word' id='word_1_861' title='bbox 2741 3633 2815 3695; x_wconf 89' lang='grc' dir='ltr'>ώς</span> <span class='ocrx_word' id='word_1_862' title='bbox 2856 3631 3133 3700; x_wconf 80' lang='grc' dir='ltr'>σελήνη,οί</span> <span class='ocrx_word' id='word_1_863' title='bbox 3154 3627 3209 3680; x_wconf 89' lang='lat'>65</span> <span class='ocrx_word' id='word_1_864' title='bbox 3235 3627 3308 3689; x_wconf 87' lang='grc' dir='ltr'>ώς</span> <span class='ocrx_word' id='word_1_865' title='bbox 3337 3625 3580 3694; x_wconf 86' lang='grc' dir='ltr'>ἀστέρες.</span> <span class='ocrx_word' id='word_1_866' title='bbox 3607 3621 3716 3675; x_wconf 81' lang='lat' dir='ltr'><strong><em>Ka1</em></strong></span> 
     </span>
    </p>
   </div>
   <div class='ocr_carea' id='block_1_106' title="bbox 2051 3709 3717 3793">
    <p class='ocr_par' dir='ltr' id='par_1_106' title="bbox 2051 3709 3717 3793">
     <span class='ocr_line' id='line_1_107' title="bbox 2051 3709 3717 3793; baseline 0.02 -15"><span class='ocrx_word' id='word_1_867' title='bbox 2051 3725 2170 3778; x_wconf 79' lang='grc' dir='ltr'>οὐδὲ</span> <span class='ocrx_word' id='word_1_868' title='bbox 2203 3724 2436 3777; x_wconf 90' lang='grc' dir='ltr'>ἐνταῦθα</span> <span class='ocrx_word' id='word_1_869' title='bbox 2464 3723 2592 3793; x_wconf 77' lang='grc' dir='ltr'>ἔστη</span> <span class='ocrx_word' id='word_1_870' title='bbox 2618 3723 2714 3792; x_wconf 81' lang='grc' dir='ltr'>τῆς</span> <span class='ocrx_word' id='word_1_871' title='bbox 2735 3721 3017 3790; x_wconf 65' lang='grc' dir='ltr'>διαφορᾶςν</span> <span class='ocrx_word' id='word_1_872' title='bbox 3038 3717 3170 3770; x_wconf 66' lang='grc' dir='ltr'>ἀλλὰ</span> <span class='ocrx_word' id='word_1_873' title='bbox 3191 3716 3282 3768; x_wconf 53' lang='grc' dir='ltr'>καὶ</span> <span class='ocrx_word' id='word_1_874' title='bbox 3317 3715 3374 3768; x_wconf 63' lang='grc' dir='ltr'>ἐν</span> <span class='ocrx_word' id='word_1_875' title='bbox 3403 3713 3584 3774; x_wconf 66' lang='grc' dir='ltr'>αὐτοῖς</span> <span class='ocrx_word' id='word_1_876' title='bbox 3607 3709 3717 3762; x_wconf 53' lang='grc' dir='ltr'>τού.</span> 
     </span>
    </p>
   </div>
   <div class='ocr_carea' id='block_1_107' title="bbox 2051 3795 3717 3882">
    <p class='ocr_par' dir='ltr' id='par_1_107' title="bbox 2051 3795 3717 3882">
     <span class='ocr_line' id='line_1_108' title="bbox 2051 3795 3717 3882; baseline -0.01 -18"><span class='ocrx_word' id='word_1_877' title='bbox 2051 3829 2164 3875; x_wconf 91' lang='grc' dir='ltr'>τοις</span> <span class='ocrx_word' id='word_1_878' title='bbox 2195 3809 2392 3882; x_wconf 78' lang='grc' dir='ltr'>πολλὴν</span> <span class='ocrx_word' id='word_1_879' title='bbox 2421 3810 2691 3864; x_wconf 89' lang='grc' dir='ltr'>δείκνυσιν</span> <span class='ocrx_word' id='word_1_880' title='bbox 2721 3803 2860 3860; x_wconf 77' lang='grc' dir='ltr'>εἶναι</span> <span class='ocrx_word' id='word_1_881' title='bbox 2887 3807 2984 3878; x_wconf 81' lang='grc' dir='ltr'>τὴν</span> <span class='ocrx_word' id='word_1_882' title='bbox 3015 3803 3306 3872; x_wconf 81' lang='grc' dir='ltr'>διαλλαγὴν</span> <span class='ocrx_word' id='word_1_883' title='bbox 3323 3800 3373 3863; x_wconf 75' lang='grc' dir='ltr'>ἀ,</span> <span class='ocrx_word' id='word_1_884' title='bbox 3401 3798 3493 3854; x_wconf 73' lang='grc' dir='ltr'>καὶ</span> <span class='ocrx_word' id='word_1_885' title='bbox 3518 3795 3717 3850; x_wconf 79' lang='grc' dir='ltr'>τοσαύ-</span> 
     </span>
    </p>
   </div>
   <div class='ocr_carea' id='block_1_108' title="bbox 2051 3885 3717 3970">
    <p class='ocr_par' dir='ltr' id='par_1_108' title="bbox 2051 3885 3717 3970">
     <span class='ocr_line' id='line_1_109' title="bbox 2051 3885 3717 3970; baseline -0.008 -20"><span class='ocrx_word' id='word_1_886' title='bbox 2051 3917 2171 3969; x_wconf 84' lang='grc' dir='ltr'>την,</span> <span class='ocrx_word' id='word_1_887' title='bbox 2197 3899 2328 3969; x_wconf 83' lang='grc' dir='ltr'>ὅσην</span> <span class='ocrx_word' id='word_1_888' title='bbox 2353 3901 2410 3951; x_wconf 88' lang='grc' dir='ltr'>ἐν</span> <span class='ocrx_word' id='word_1_889' title='bbox 2440 3895 2657 3970; x_wconf 85' lang='grc' dir='ltr'>ἀριθμῷ</span> <span class='ocrx_word' id='word_1_890' title='bbox 2675 3894 2912 3964; x_wconf 86' lang='grc' dir='ltr'>τοσούτῳ</span> <span class='ocrx_word' id='word_1_891' title='bbox 2952 3891 3266 3962; x_wconf 86' lang='grc' dir='ltr'>συμϐαίνειν</span> <span class='ocrx_word' id='word_1_892' title='bbox 3306 3888 3468 3950; x_wconf 77' lang='grc' dir='ltr'>εἰκός.</span> <span class='ocrx_word' id='word_1_893' title='bbox 3505 3885 3717 3953; x_wconf 79' lang='grc' dir='ltr'>Ἀστὴρ</span> 
     </span>
    </p>
   </div>
   <div class='ocr_carea' id='block_1_109' title="bbox 2053 3972 3718 4056">
    <p class='ocr_par' dir='ltr' id='par_1_109' title="bbox 2053 3972 3718 4056">
     <span class='ocr_line' id='line_1_110' title="bbox 2053 3972 3718 4056; baseline -0.008 -17"><span class='ocrx_word' id='word_1_894' title='bbox 2053 3987 2181 4056; x_wconf 82' lang='grc' dir='ltr'>γὰρ,</span> <span class='ocrx_word' id='word_1_895' title='bbox 2200 3987 2382 4055; x_wconf 70' lang='grc' dir='ltr'>φησὶν,</span> <span class='ocrx_word' id='word_1_896' title='bbox 2409 3985 2664 4053; x_wconf 81' lang='grc' dir='ltr'>ἀστέρος</span> <span class='ocrx_word' id='word_1_897' title='bbox 2686 3981 2948 4051; x_wconf 60' lang='grc' dir='ltr'>διαφέρει</span> <span class='ocrx_word' id='word_1_898' title='bbox 2962 3981 3031 4033; x_wconf 86' lang='grc' dir='ltr'>ἐν</span> <span class='ocrx_word' id='word_1_899' title='bbox 3050 3977 3221 4045; x_wconf 77' lang='grc' dir='ltr'>δόξῃ.</span> <span class='ocrx_word' id='word_1_900' title='bbox 3243 3976 3522 4044; x_wconf 87' lang='grc' dir='ltr'>Ἐννόησον</span> <span class='ocrx_word' id='word_1_901' title='bbox 3541 3972 3718 4025; x_wconf 90' lang='grc' dir='ltr'>τοίνυν</span> 
     </span>
    </p>
   </div>
   <div class='ocr_carea' id='block_1_110' title="bbox 2055 4061 3719 4144">
    <p class='ocr_par' dir='ltr' id='par_1_110' title="bbox 2055 4061 3719 4144">
     <span class='ocr_line' id='line_1_111' title="bbox 2055 4061 3719 4144; baseline -0.009 -17"><span class='ocrx_word' id='word_1_902' title='bbox 2055 4073 2263 4127; x_wconf 75' lang='grc' dir='ltr'>ἀπὸτοῦ</span> <span class='ocrx_word' id='word_1_903' title='bbox 2280 4072 2504 4144; x_wconf 80' lang='grc' dir='ltr'>ἡλιακοῦ</span> <span class='ocrx_word' id='word_1_904' title='bbox 2521 4071 2782 4142; x_wconf 87' lang='grc' dir='ltr'>μεγέθους</span> <span class='ocrx_word' id='word_1_905' title='bbox 2800 4070 2931 4142; x_wconf 81' lang='grc' dir='ltr'>πρὸς</span> <span class='ocrx_word' id='word_1_906' title='bbox 2944 4069 3030 4121; x_wconf 79' lang='grc' dir='ltr'>τὸν</span> <span class='ocrx_word' id='word_1_907' title='bbox 3043 4066 3267 4136; x_wconf 76' lang='grc' dir='ltr'>ἔσχατον</span> <span class='ocrx_word' id='word_1_908' title='bbox 3283 4064 3498 4117; x_wconf 80' lang='grc' dir='ltr'>πάντων</span> <span class='ocrx_word' id='word_1_909' title='bbox 3516 4061 3719 4132; x_wconf 86' lang='grc' dir='ltr'>ἀστέρα</span> 
     </span>
    </p>
   </div>
   <div class='ocr_carea' id='block_1_111' title="bbox 2053 4147 3716 4232">
    <p class='ocr_par' dir='ltr' id='par_1_111' title="bbox 2053 4147 3716 4232">
     <span class='ocr_line' id='line_1_112' title="bbox 2053 4147 3716 4232; baseline -0.008 -19"><span class='ocrx_word' id='word_1_910' title='bbox 2053 4159 2593 4232; x_wconf 65' lang='grc' dir='ltr'>ὁδεύων,πόσους[8ί]</span> <span class='ocrx_word' id='word_1_911' title='bbox 2604 4159 2926 4230; x_wconf 81' lang='grc' dir='ltr'>ἀξιωμάτων</span> <span class='ocrx_word' id='word_1_912' title='bbox 2942 4154 3039 4225; x_wconf 75' lang='grc' dir='ltr'>βαθ</span> <span class='ocrx_word' id='word_1_913' title='bbox 3050 4156 3182 4224; x_wconf 78' lang='grc' dir='ltr'>μοὺς</span> <span class='ocrx_word' id='word_1_914' title='bbox 3197 4150 3541 4205; x_wconf 83' lang='grc' dir='ltr'>καταϐαίνειν</span> <span class='ocrx_word' id='word_1_915' title='bbox 3553 4147 3716 4211; x_wconf 79' lang='grc' dir='ltr'>εἰκός.</span> 
     </span>
    </p>
   </div>
   <div class='ocr_carea' id='block_1_112' title="bbox 2058 4233 3718 4316">
    <p class='ocr_par' dir='ltr' id='par_1_112' title="bbox 2058 4233 3718 4316">
     <span class='ocr_line' id='line_1_113' title="bbox 2058 4233 3718 4316; baseline -0.009 -14"><span class='ocrx_word' id='word_1_916' title='bbox 2058 4249 2181 4312; x_wconf 87' lang='grc' dir='ltr'>Πῶς</span> <span class='ocrx_word' id='word_1_917' title='bbox 2197 4244 2289 4301; x_wconf 79' lang='grc' dir='ltr'>οὐν</span> <span class='ocrx_word' id='word_1_918' title='bbox 2317 4249 2416 4301; x_wconf 82' lang='grc' dir='ltr'>οὐκ</span> <span class='ocrx_word' id='word_1_919' title='bbox 2439 4248 2657 4312; x_wconf 79' lang='grc' dir='ltr'>ἄτοπον,</span> <span class='ocrx_word' id='word_1_920' title='bbox 2682 4248 2730 4299; x_wconf 86' lang='grc' dir='ltr'>εί</span> <span class='ocrx_word' id='word_1_921' title='bbox 2760 4246 2859 4316; x_wconf 84' lang='grc' dir='ltr'>μὲν</span> <span class='ocrx_word' id='word_1_922' title='bbox 2881 4245 2961 4306; x_wconf 86' lang='grc' dir='ltr'>είς</span> <span class='ocrx_word' id='word_1_923' title='bbox 2995 4242 3239 4312; x_wconf 84' lang='grc' dir='ltr'>βασίλεια</span> <span class='ocrx_word' id='word_1_924' title='bbox 3261 4252 3284 4278; x_wconf 74' lang='grc' dir='ltr'>θ</span> <span class='ocrx_word' id='word_1_925' title='bbox 3305 4239 3395 4292; x_wconf 72' lang='grc' dir='ltr'>τὸν</span> <span class='ocrx_word' id='word_1_926' title='bbox 3429 4239 3543 4290; x_wconf 86' lang='grc' dir='ltr'>υἱὸν</span> <span class='ocrx_word' id='word_1_927' title='bbox 3564 4233 3718 4307; x_wconf 81' lang='grc' dir='ltr'>ἦγες,</span> 
     </span>
    </p>
   </div>
   <div class='ocr_carea' id='block_1_113' title="bbox 2058 4323 3720 4402">
    <p class='ocr_par' dir='ltr' id='par_1_113' title="bbox 2058 4323 3720 4402">
     <span class='ocr_line' id='line_1_114' title="bbox 2058 4323 3720 4402; baseline -0.01 -12"><span class='ocrx_word' id='word_1_928' title='bbox 2058 4338 2270 4390; x_wconf 74' lang='grc' dir='ltr'>ᾶπαντα</span> <span class='ocrx_word' id='word_1_929' title='bbox 2290 4337 2460 4388; x_wconf 83' lang='grc' dir='ltr'>ποιεῖν</span> <span class='ocrx_word' id='word_1_930' title='bbox 2475 4351 2530 4388; x_wconf 89' lang='grc' dir='ltr'>τε</span> <span class='ocrx_word' id='word_1_931' title='bbox 2543 4336 2637 4388; x_wconf 70' lang='grc' dir='ltr'>καὶ</span> <span class='ocrx_word' id='word_1_932' title='bbox 2652 4335 2901 4402; x_wconf 88' lang='grc' dir='ltr'>πάσχειν,</span> <span class='ocrx_word' id='word_1_933' title='bbox 2919 4333 3166 4384; x_wconf 78' lang='grc' dir='ltr'>κάκεῖνον</span> <span class='ocrx_word' id='word_1_934' title='bbox 3182 4325 3483 4398; x_wconf 83' lang='grc' dir='ltr'>ἀναπείθων</span> <span class='ocrx_word' id='word_1_935' title='bbox 3498 4323 3720 4394; x_wconf 81' lang='grc' dir='ltr'>ὁμοίως,</span> 
     </span>
    </p>
   </div>
   <div class='ocr_carea' id='block_1_114' title="bbox 2057 4410 3722 4491">
    <p class='ocr_par' dir='ltr' id='par_1_114' title="bbox 2057 4410 3722 4491">
     <span class='ocr_line' id='line_1_115' title="bbox 2057 4410 3722 4491; baseline -0.009 -14"><span class='ocrx_word' id='word_1_936' title='bbox 2057 4424 2196 4477; x_wconf 78' lang='grc' dir='ltr'>ὥστε</span> <span class='ocrx_word' id='word_1_937' title='bbox 2213 4424 2373 4477; x_wconf 75' lang='grc' dir='ltr'>αὐτὸν</span> <span class='ocrx_word' id='word_1_938' title='bbox 2398 4423 2562 4491; x_wconf 79' lang='grc' dir='ltr'>ἐγγὺς</span> <span class='ocrx_word' id='word_1_939' title='bbox 2602 4422 2824 4491; x_wconf 85' lang='grc' dir='ltr'>ποιῆσαι</span> <span class='ocrx_word' id='word_1_940' title='bbox 2839 4418 2930 4471; x_wconf 86' lang='grc' dir='ltr'>τοῦ</span> <span class='ocrx_word' id='word_1_941' title='bbox 2961 4417 3250 4488; x_wconf 83' lang='grc' dir='ltr'>βασιλέως,</span> <span class='ocrx_word' id='word_1_942' title='bbox 3275 4416 3368 4468; x_wconf 76' lang='grc' dir='ltr'>καὶ</span> <span class='ocrx_word' id='word_1_943' title='bbox 3398 4411 3562 4482; x_wconf 79' lang='grc' dir='ltr'>μηδὲν</span> <span class='ocrx_word' id='word_1_944' title='bbox 3586 4410 3722 4471; x_wconf 83' lang='grc' dir='ltr'>ὅλως</span> 
     </span>
    </p>
   </div>
   <div class='ocr_carea' id='block_1_115' title="bbox 2058 4496 3724 4580">
    <p class='ocr_par' dir='ltr' id='par_1_115' title="bbox 2058 4496 3724 4580">
     <span class='ocr_line' id='line_1_116' title="bbox 2058 4496 3724 4580; baseline -0.01 -16"><span class='ocrx_word' id='word_1_945' title='bbox 2058 4510 2493 4580; x_wconf 79' lang='grc' dir='ltr'>ὑπολογίζεσθαι,</span> <span class='ocrx_word' id='word_1_946' title='bbox 2522 4510 2595 4580; x_wconf 84' lang='grc' dir='ltr'>μὴ</span> <span class='ocrx_word' id='word_1_947' title='bbox 2616 4508 2880 4577; x_wconf 88' lang='grc' dir='ltr'>δαπάνην,</span> <span class='ocrx_word' id='word_1_948' title='bbox 2913 4508 2985 4576; x_wconf 82' lang='grc' dir='ltr'>μὴ</span> <span class='ocrx_word' id='word_1_949' title='bbox 3011 4504 3275 4566; x_wconf 88' lang='grc' dir='ltr'>κίνδυνον,</span> <span class='ocrx_word' id='word_1_950' title='bbox 3297 4501 3369 4572; x_wconf 87' lang='grc' dir='ltr'>μὴ</span> <span class='ocrx_word' id='word_1_951' title='bbox 3389 4499 3615 4553; x_wconf 86' lang='grc' dir='ltr'>θάνατον</span> <span class='ocrx_word' id='word_1_952' title='bbox 3627 4496 3724 4549; x_wconf 83' lang='grc' dir='ltr'>αὐ-</span> 
     </span>
    </p>
   </div>
   <div class='ocr_carea' id='block_1_116' title="bbox 2057 4585 3724 4669">
    <p class='ocr_par' dir='ltr' id='par_1_116' title="bbox 2057 4585 3724 4669">
     <span class='ocr_line' id='line_1_117' title="bbox 2057 4585 3724 4669; baseline -0.01 -17"><span class='ocrx_word' id='word_1_953' title='bbox 2057 4601 2166 4652; x_wconf 79' lang='grc' dir='ltr'>τόν’</span> <span class='ocrx_word' id='word_1_954' title='bbox 2192 4599 2320 4669; x_wconf 70' lang='grc' dir='ltr'>περὶ</span> <span class='ocrx_word' id='word_1_955' title='bbox 2339 4597 2394 4650; x_wconf 85' lang='grc' dir='ltr'>δὲ</span> <span class='ocrx_word' id='word_1_956' title='bbox 2426 4598 2524 4666; x_wconf 87' lang='grc' dir='ltr'>τῆς</span> <span class='ocrx_word' id='word_1_957' title='bbox 2554 4598 2611 4648; x_wconf 89' lang='grc' dir='ltr'>ἐν</span> <span class='ocrx_word' id='word_1_958' title='bbox 2638 4598 2750 4658; x_wconf 86' lang='grc' dir='ltr'>τοῖς</span> <span class='ocrx_word' id='word_1_959' title='bbox 2769 4595 3016 4664; x_wconf 88' lang='grc' dir='ltr'>οὐρανοῖς</span> <span class='ocrx_word' id='word_1_960' title='bbox 3041 4590 3328 4663; x_wconf 83' lang='grc' dir='ltr'>στρατείας</span> <span class='ocrx_word' id='word_1_961' title='bbox 3357 4585 3724 4659; x_wconf 85' lang='grc' dir='ltr'>προκειμένης</span> 
     </span>
    </p>
   </div>
   <div class='ocr_carea' id='block_1_117' title="bbox 2060 4675 3720 4757">
    <p class='ocr_par' dir='ltr' id='par_1_117' title="bbox 2060 4675 3720 4757">
     <span class='ocr_line' id='line_1_118' title="bbox 2060 4675 3720 4757; baseline -0.01 -18"><span class='ocrx_word' id='word_1_962' title='bbox 2060 4690 2190 4757; x_wconf 78' lang='grc' dir='ltr'>ἡμῖν</span> <span class='ocrx_word' id='word_1_963' title='bbox 2205 4686 2304 4754; x_wconf 89' lang='grc' dir='ltr'>τῆς</span> <span class='ocrx_word' id='word_1_964' title='bbox 2323 4684 2582 4753; x_wconf 71' lang='grc' dir='ltr'>σκέψεως,</span> <span class='ocrx_word' id='word_1_965' title='bbox 2605 4683 2678 4754; x_wconf 84' lang='grc' dir='ltr'>μὴ</span> <span class='ocrx_word' id='word_1_966' title='bbox 2694 4683 2897 4751; x_wconf 88' lang='grc' dir='ltr'>ἀλγεῖν,</span> <span class='ocrx_word' id='word_1_967' title='bbox 2920 4683 2967 4732; x_wconf 84' lang='grc' dir='ltr'>εί</span> <span class='ocrx_word' id='word_1_968' title='bbox 2985 4680 3074 4732; x_wconf 83' lang='grc' dir='ltr'>τὸν</span> <span class='ocrx_word' id='word_1_969' title='bbox 3092 4680 3312 4748; x_wconf 75' lang='grc' dir='ltr'>ἔσχατον</span> <span class='ocrx_word' id='word_1_970' title='bbox 3325 4676 3475 4729; x_wconf 75' lang='grc' dir='ltr'>λάϐοι</span> <span class='ocrx_word' id='word_1_971' title='bbox 3496 4675 3514 4714; x_wconf 74' lang='grc' dir='ltr'>ί</span> <span class='ocrx_word' id='word_1_972' title='bbox 3537 4675 3720 4736; x_wconf 87' lang='grc' dir='ltr'>τόπον,</span> 
     </span>
    </p>
   </div>
   <div class='ocr_carea' id='block_1_118' title="bbox 2061 4762 3724 4838">
    <p class='ocr_par' dir='ltr' id='par_1_118' title="bbox 2061 4762 3724 4838">
     <span class='ocr_line' id='line_1_119' title="bbox 2061 4762 3724 4838; baseline -0.007 -12"><span class='ocrx_word' id='word_1_973' title='bbox 2061 4776 2153 4826; x_wconf 74' lang='grc' dir='ltr'>καὶ</span> <span class='ocrx_word' id='word_1_974' title='bbox 2178 4773 2391 4826; x_wconf 78' lang='grc' dir='ltr'>πάντων</span> <span class='ocrx_word' id='word_1_975' title='bbox 2406 4772 2632 4834; x_wconf 75' lang='grc' dir='ltr'>ὕστατος</span> <span class='ocrx_word' id='word_1_976' title='bbox 2655 4770 2864 4838; x_wconf 88' lang='grc' dir='ltr'>γένοιτο</span> <span class='ocrx_word' id='word_1_977' title='bbox 2882 4785 2895 4832; x_wconf 94' lang='grc'>;</span> <span class='ocrx_word' id='word_1_978' title='bbox 2915 4768 3058 4838; x_wconf 82' lang='grc' dir='ltr'>Πλὴν</span> <span class='ocrx_word' id='word_1_979' title='bbox 3075 4767 3211 4832; x_wconf 88' lang='grc' dir='ltr'>ἀλλ’,</span> <span class='ocrx_word' id='word_1_980' title='bbox 3232 4769 3280 4819; x_wconf 89' lang='grc' dir='ltr'>εί</span> <span class='ocrx_word' id='word_1_981' title='bbox 3297 4767 3463 4832; x_wconf 87' lang='grc' dir='ltr'>δοκεῖ,</span> <span class='ocrx_word' id='word_1_982' title='bbox 3484 4766 3575 4819; x_wconf 70' lang='grc' dir='ltr'>καὶ</span> <span class='ocrx_word' id='word_1_983' title='bbox 3594 4762 3724 4816; x_wconf 81' lang='grc' dir='ltr'>αὐτὸ</span> 
     </span>
    </p>
   </div>
   <div class='ocr_carea' id='block_1_119' title="bbox 2059 4854 3726 4931">
    <p class='ocr_par' dir='ltr' id='par_1_119' title="bbox 2059 4854 3726 4931">
     <span class='ocr_line' id='line_1_120' title="bbox 2059 4854 3726 4931; baseline -0.004 -16"><span class='ocrx_word' id='word_1_984' title='bbox 2059 4863 2214 4916; x_wconf 87' lang='grc' dir='ltr'>τοῦτο</span> <span class='ocrx_word' id='word_1_985' title='bbox 2239 4863 2456 4931; x_wconf 77' lang='grc' dir='ltr'>ἴδωμεν,</span> <span class='ocrx_word' id='word_1_986' title='bbox 2479 4863 2525 4913; x_wconf 86' lang='grc' dir='ltr'>εί</span> <span class='ocrx_word' id='word_1_987' title='bbox 2542 4861 2764 4913; x_wconf 79' lang='grc' dir='ltr'>δυνατὸν</span> <span class='ocrx_word' id='word_1_988' title='bbox 2783 4860 2872 4911; x_wconf 78' lang='grc' dir='ltr'>τὸν</span> <span class='ocrx_word' id='word_1_989' title='bbox 2890 4861 2946 4911; x_wconf 91' lang='grc' dir='ltr'>ἐν</span> <span class='ocrx_word' id='word_1_990' title='bbox 2973 4859 3121 4928; x_wconf 84' lang='grc' dir='ltr'>μέσῳ</span> <span class='ocrx_word' id='word_1_991' title='bbox 3147 4857 3504 4927; x_wconf 80' lang='grc' dir='ltr'>στρεφόμενον</span> <span class='ocrx_word' id='word_1_992' title='bbox 3520 4854 3726 4925; x_wconf 82' lang='grc' dir='ltr'>ταύτην</span> 
     </span>
    </p>
   </div>
   <div class='ocr_carea' id='block_1_120' title="bbox 2061 4941 3723 5021">
    <p class='ocr_par' dir='ltr' id='par_1_120' title="bbox 2061 4941 3723 5021">
     <span class='ocr_line' id='line_1_121' title="bbox 2061 4941 3723 5021; baseline -0.007 -17"><span class='ocrx_word' id='word_1_993' title='bbox 2061 4951 2188 5019; x_wconf 82' lang='grc' dir='ltr'>γοῦν</span> <span class='ocrx_word' id='word_1_994' title='bbox 2221 4950 2319 5021; x_wconf 80' lang='grc' dir='ltr'>τὴν</span> <span class='ocrx_word' id='word_1_995' title='bbox 2348 4949 2498 5019; x_wconf 80' lang='grc' dir='ltr'>λῆξιν</span> <span class='ocrx_word' id='word_1_996' title='bbox 2533 4947 2734 5001; x_wconf 86' lang='grc' dir='ltr'>λαϐεῖν.</span> <span class='ocrx_word' id='word_1_997' title='bbox 2775 4946 2835 4999; x_wconf 87' lang='grc' dir='ltr'><strong>Ὀ</strong></span> <span class='ocrx_word' id='word_1_998' title='bbox 2889 4946 2989 5016; x_wconf 87' lang='grc' dir='ltr'>μέν</span> <span class='ocrx_word' id='word_1_999' title='bbox 3037 4944 3146 5016; x_wconf 83' lang='grc' dir='ltr'>γὰρ</span> <span class='ocrx_word' id='word_1_1000' title='bbox 3195 4945 3466 5014; x_wconf 83' lang='grc' dir='ltr'>μακάριος</span> <span class='ocrx_word' id='word_1_1001' title='bbox 3512 4941 3723 5006; x_wconf 80' lang='grc' dir='ltr'>Παῦλος</span> 
     </span>
    </p>
   </div>
   <div class='ocr_carea' id='block_1_121' title="bbox 2061 5031 3727 5109">
    <p class='ocr_par' dir='ltr' id='par_1_121' title="bbox 2061 5031 3727 5109">
     <span class='ocr_line' id='line_1_122' title="bbox 2061 5031 3727 5109; baseline -0.004 -17"><span class='ocrx_word' id='word_1_1002' title='bbox 2061 5040 2376 5109; x_wconf 81' lang='grc' dir='ltr'>ἀπεφήνατο</span> <span class='ocrx_word' id='word_1_1003' title='bbox 2403 5041 2459 5090; x_wconf 85' lang='grc' dir='ltr'>ἐν</span> <span class='ocrx_word' id='word_1_1004' title='bbox 2479 5036 2669 5107; x_wconf 80' lang='grc' dir='ltr'>βραχεῖ</span> <span class='ocrx_word' id='word_1_1005' title='bbox 2690 5052 2754 5087; x_wconf 89' lang='grc' dir='ltr'>πε</span> <span class='ocrx_word' id='word_1_1006' title='bbox 2765 5035 2815 5106; x_wconf 79' lang='lat' dir='ltr'><strong>p1</strong></span> <span class='ocrx_word' id='word_1_1007' title='bbox 2836 5033 3047 5098; x_wconf 89' lang='grc' dir='ltr'>τούτου,</span> <span class='ocrx_word' id='word_1_1008' title='bbox 3072 5033 3166 5085; x_wconf 73' lang='grc' dir='ltr'>καὶ</span> <span class='ocrx_word' id='word_1_1009' title='bbox 3194 5033 3319 5094; x_wconf 75' lang='grc' dir='ltr'>τοὺς</span> <span class='ocrx_word' id='word_1_1010' title='bbox 3339 5031 3436 5094; x_wconf 78' lang='grc' dir='ltr'>τὰς</span> <span class='ocrx_word' id='word_1_1011' title='bbox 3462 5033 3727 5098; x_wconf 85' lang='grc' dir='ltr'>γυναῖκας</span> 
     </span>
    </p>
   </div>
   <div class='ocr_carea' id='block_1_122' title="bbox 2063 5118 3724 5198">
    <p class='ocr_par' dir='ltr' id='par_1_122' title="bbox 2063 5118 3724 5198">
     <span class='ocr_line' id='line_1_123' title="bbox 2063 5118 3724 5198; baseline -0.005 -19"><span class='ocrx_word' id='word_1_1012' title='bbox 2063 5127 2283 5198; x_wconf 81' lang='grc' dir='ltr'>ἔχοντας</span> <span class='ocrx_word' id='word_1_1013' title='bbox 2303 5128 2402 5179; x_wconf 90' lang='grc' dir='ltr'>οὐκ</span> <span class='ocrx_word' id='word_1_1014' title='bbox 2427 5125 2628 5196; x_wconf 73' lang='grc' dir='ltr'>ἔφησεν</span> <span class='ocrx_word' id='word_1_1015' title='bbox 2655 5124 2828 5185; x_wconf 86' lang='grc' dir='ltr'>ἄλλως</span> <span class='ocrx_word' id='word_1_1016' title='bbox 2852 5124 2879 5163; x_wconf 72' lang='grc'><strong><em>⁸</em></strong></span> <span class='ocrx_word' id='word_1_1017' title='bbox 2907 5121 3163 5175; x_wconf 91' lang='grc' dir='ltr'>δύνασθαι</span> <span class='ocrx_word' id='word_1_1018' title='bbox 3195 5118 3482 5183; x_wconf 76' lang='grc' dir='ltr'>σώζεσθαι,</span> <span class='ocrx_word' id='word_1_1019' title='bbox 3512 5118 3650 5189; x_wconf 81' lang='grc' dir='ltr'>πλὴν</span> <span class='ocrx_word' id='word_1_1020' title='bbox 3675 5119 3724 5171; x_wconf 84' lang='grc' dir='ltr'>εί</span> 
     </span>
    </p>
   </div>
   <div class='ocr_carea' id='block_1_123' title="bbox 2067 5205 3727 5286">
    <p class='ocr_par' dir='ltr' id='par_1_123' title="bbox 2067 5205 3727 5286">
     <span class='ocr_line' id='line_1_124' title="bbox 2067 5205 3727 5286; baseline -0.007 -17"><span class='ocrx_word' id='word_1_1021' title='bbox 2067 5215 2142 5286; x_wconf 76' lang='grc' dir='ltr'>μὴ</span> <span class='ocrx_word' id='word_1_1022' title='bbox 2170 5214 2340 5279; x_wconf 74' lang='grc' dir='ltr'>οὓτως</span> <span class='ocrx_word' id='word_1_1023' title='bbox 2371 5214 2540 5277; x_wconf 79' lang='grc' dir='ltr'>αὐτὰς</span> <span class='ocrx_word' id='word_1_1024' title='bbox 2580 5212 2751 5282; x_wconf 77' lang='grc' dir='ltr'>ἔχοιεν</span> <span class='ocrx_word' id='word_1_1025' title='bbox 2779 5212 2852 5273; x_wconf 88' lang='grc' dir='ltr'>ώς</span> <span class='ocrx_word' id='word_1_1026' title='bbox 2892 5211 2992 5263; x_wconf 91' lang='grc' dir='ltr'>οὐκ</span> <span class='ocrx_word' id='word_1_1027' title='bbox 3033 5208 3268 5278; x_wconf 77' lang='grc' dir='ltr'>ἔχοντες,</span> <span class='ocrx_word' id='word_1_1028' title='bbox 3304 5205 3499 5277; x_wconf 75' lang='grc' dir='ltr'>καὶτῷ</span> <span class='ocrx_word' id='word_1_1029' title='bbox 3536 5205 3727 5277; x_wconf 84' lang='grc' dir='ltr'>κόσμῳ</span> 
     </span>
    </p>
   </div>
   <div class='ocr_carea' id='block_1_124' title="bbox 2069 5289 3726 5376">
    <p class='ocr_par' dir='ltr' id='par_1_124' title="bbox 2069 5289 3726 5376">
     <span class='ocr_line' id='line_1_125' title="bbox 2069 5289 3726 5376; baseline -0.005 -20"><span class='ocrx_word' id='word_1_1030' title='bbox 2069 5305 2141 5375; x_wconf 80' lang='grc' dir='ltr'>μὴ</span> <span class='ocrx_word' id='word_1_1031' title='bbox 2163 5302 2537 5376; x_wconf 81' lang='grc' dir='ltr'>παραχρῷντο.</span> <span class='ocrx_word' id='word_1_1032' title='bbox 2574 5303 2763 5370; x_wconf 82' lang='grc' dir='ltr'>Ἡμεῖς</span> <span class='ocrx_word' id='word_1_1033' title='bbox 2800 5289 2857 5354; x_wconf 87' lang='grc' dir='ltr'>δέ</span> <span class='ocrx_word' id='word_1_1034' title='bbox 2887 5299 3036 5362; x_wconf 86' lang='grc' dir='ltr'>αὐτὸ,</span> <span class='ocrx_word' id='word_1_1035' title='bbox 3067 5301 3114 5351; x_wconf 83' lang='grc' dir='ltr'>εί</span> <span class='ocrx_word' id='word_1_1036' title='bbox 3142 5298 3338 5369; x_wconf 79' lang='grc' dir='ltr'>βούλει,</span> <span class='ocrx_word' id='word_1_1037' title='bbox 3371 5296 3559 5366; x_wconf 79' lang='grc' dir='ltr'>καὶτῷ</span> <span class='ocrx_word' id='word_1_1038' title='bbox 3585 5295 3726 5366; x_wconf 88' lang='grc' dir='ltr'>λόγῳ</span> 
     </span>
    </p>
   </div>
   <div class='ocr_carea' id='block_1_125' title="bbox 2065 5383 3724 5462">
    <p class='ocr_par' dir='ltr' id='par_1_125' title="bbox 2065 5383 3724 5462">
     <span class='ocr_line' id='line_1_126' title="bbox 2065 5383 3724 5462; baseline -0.004 -19"><span class='ocrx_word' id='word_1_1039' title='bbox 2065 5391 2398 5462; x_wconf 85' lang='grc' dir='ltr'>ἐπέλθωμεν.</span> <span class='ocrx_word' id='word_1_1040' title='bbox 2424 5391 2605 5460; x_wconf 88' lang='grc' dir='ltr'>Ἔχεις</span> <span class='ocrx_word' id='word_1_1041' title='bbox 2639 5384 2732 5442; x_wconf 83' lang='grc' dir='ltr'>οὖν</span> <span class='ocrx_word' id='word_1_1042' title='bbox 2759 5389 2952 5450; x_wconf 86' lang='grc' dir='ltr'>εἰπεῖν,</span> <span class='ocrx_word' id='word_1_1043' title='bbox 2981 5387 3062 5439; x_wconf 82' lang='grc' dir='ltr'>ὅτι</span> <span class='ocrx_word' id='word_1_1044' title='bbox 3089 5385 3122 5456; x_wconf 81' lang='grc' dir='ltr'>ἢ</span> <span class='ocrx_word' id='word_1_1045' title='bbox 3146 5384 3238 5438; x_wconf 89' lang='grc' dir='ltr'>σοῦ</span> <span class='ocrx_word' id='word_1_1046' title='bbox 3273 5383 3724 5456; x_wconf 75' lang='grc' dir='ltr'>συμϐουλεύοντος</span> 
     </span>
    </p>
   </div>
   <div class='ocr_carea' id='block_1_126' title="bbox 2130 5523 3727 5605">
    <p class='ocr_par' dir='ltr' id='par_1_126' title="bbox 2130 5523 3727 5605">
     <span class='ocr_line' id='line_1_127' title="bbox 2130 5523 3727 5605; baseline -0.004 -25"><span class='ocrx_word' id='word_1_1047' title='bbox 2130 5535 2150 5605; x_wconf 68' lang='lat' dir='ltr'>f-</span> <span class='ocrx_word' id='word_1_1048' title='bbox 2174 5532 2282 5604; x_wconf 74' lang='lat' dir='ltr'>Duo</span> <span class='ocrx_word' id='word_1_1049' title='bbox 2302 5544 2414 5579; x_wconf 78' lang='lat' dir='ltr'>mss.</span> <span class='ocrx_word' id='word_1_1050' title='bbox 2444 5529 2697 5591; x_wconf 83' lang='grc' dir='ltr'>οὐδαμόθεν</span> <span class='ocrx_word' id='word_1_1051' title='bbox 2730 5527 2966 5591; x_wconf 78' lang='grc' dir='ltr'>ἑτέρωθεν.</span> <span class='ocrx_word' id='word_1_1052' title='bbox 2993 5525 3173 5575; x_wconf 80' lang='lat' dir='ltr'>Ultima</span> <span class='ocrx_word' id='word_1_1053' title='bbox 3199 5538 3290 5574; x_wconf 81' lang='lat' dir='ltr'>vox</span> <span class='ocrx_word' id='word_1_1054' title='bbox 3322 5537 3416 5574; x_wconf 88' lang='lat' dir='ltr'>non</span> <span class='ocrx_word' id='word_1_1055' title='bbox 3443 5523 3650 5574; x_wconf 83' lang='lat' dir='ltr'>habetur</span> <span class='ocrx_word' id='word_1_1056' title='bbox 3676 5525 3727 5573; x_wconf 88' lang='lat' dir='ltr'>in</span> 
     </span>
    </p>
   </div>
   <div class='ocr_carea' id='block_1_127' title="bbox 2064 5593 3243 5710">
    <p class='ocr_par' dir='ltr' id='par_1_127' title="bbox 2064 5593 3243 5710">
     <span class='ocr_line' id='line_1_128' title="bbox 2064 5593 3243 5710; baseline 0.036 -21"><span class='ocrx_word' id='word_1_1057' title='bbox 2064 5593 2278 5703; x_wconf 45' lang='lat' dir='ltr'>“mihi</span> <span class='ocrx_word' id='word_1_1058' title='bbox 2298 5653 2476 5710; x_wconf 74' lang='grc' dir='ltr'>πολλὴν</span> <span class='ocrx_word' id='word_1_1059' title='bbox 2500 5652 2692 5701; x_wconf 85' lang='grc' dir='ltr'>δίδωσιν</span> <span class='ocrx_word' id='word_1_1060' title='bbox 2715 5651 2831 5699; x_wconf 88' lang='grc' dir='ltr'>εἶναι</span> <span class='ocrx_word' id='word_1_1061' title='bbox 2853 5650 2938 5708; x_wconf 68' lang='grc' dir='ltr'>τὴν</span> <span class='ocrx_word' id='word_1_1062' title='bbox 2973 5649 3243 5710; x_wconf 65' lang='grc' dir='ltr'>ἐναλλαγήν·</span> 
     </span>
    </p>
   </div>
   <div class='ocr_carea' id='block_1_128' title="bbox 2132 5707 3725 5776">
    <p class='ocr_par' dir='ltr' id='par_1_128' title="bbox 2132 5707 3725 5776">
     <span class='ocr_line' id='line_1_129' title="bbox 2132 5707 3725 5776; baseline -0.008 -11"><span class='ocrx_word' id='word_1_1063' title='bbox 2132 5720 2155 5747; x_wconf 73' lang='grc' dir='ltr'>θ</span> <span class='ocrx_word' id='word_1_1064' title='bbox 2177 5717 2259 5765; x_wconf 88' lang='lat' dir='ltr'>Sic</span> <span class='ocrx_word' id='word_1_1065' title='bbox 2302 5707 2617 5774; x_wconf 40' lang='lat' dir='ltr'>unus&#39;recle,</span> <span class='ocrx_word' id='word_1_1066' title='bbox 2655 5720 2802 5775; x_wconf 80' lang='lat' dir='ltr'>atque</span> <span class='ocrx_word' id='word_1_1067' title='bbox 2844 5707 2911 5762; x_wconf 69' lang='lat' dir='ltr'>iu</span> <span class='ocrx_word' id='word_1_1068' title='bbox 2944 5711 3070 5774; x_wconf 79' lang='lat' dir='ltr'><strong>legit.</strong></span> <span class='ocrx_word' id='word_1_1069' title='bbox 3105 5707 3416 5772; x_wconf 72' lang='lat' dir='ltr'>Ambrosius;</span> <span class='ocrx_word' id='word_1_1070' title='bbox 3442 5707 3524 5759; x_wconf 83' lang='lat' dir='ltr'><strong>alii</strong></span> <span class='ocrx_word' id='word_1_1071' title='bbox 3552 5710 3615 5766; x_wconf 77' lang='grc' dir='ltr'>εἰς</span> <span class='ocrx_word' id='word_1_1072' title='bbox 3636 5711 3725 5776; x_wconf 75' lang='grc' dir='ltr'>βα.</span> 
     </span>
    </p>
   </div>
   <div class='ocr_carea' id='block_1_129' title="bbox 2067 5781 2218 5828">
    <p class='ocr_par' dir='ltr' id='par_1_129' title="bbox 2067 5781 2218 5828">
     <span class='ocr_line' id='line_1_130' title="bbox 2067 5781 2218 5828; baseline -0.02 0"><span class='ocrx_word' id='word_1_1073' title='bbox 2067 5781 2218 5828; x_wconf 86' lang='grc' dir='ltr'>σιλέα.</span> 
     </span>
    </p>
   </div>
   <div class='ocr_carea' id='block_1_130' title="bbox 2135 5838 2601 5900">
    <p class='ocr_par' dir='ltr' id='par_1_130' title="bbox 2135 5838 2601 5900">
     <span class='ocr_line' id='line_1_131' title="bbox 2135 5838 2601 5900; baseline 0.002 -15"><span class='ocrx_word' id='word_1_1074' title='bbox 2135 5840 2153 5878; x_wconf 80' lang='grc' dir='ltr'>ῐ</span> <span class='ocrx_word' id='word_1_1075' title='bbox 2182 5841 2286 5887; x_wconf 82' lang='lat' dir='ltr'>nuo</span> <span class='ocrx_word' id='word_1_1076' title='bbox 2306 5851 2417 5886; x_wconf 90' lang='lat' dir='ltr'>mss.</span> <span class='ocrx_word' id='word_1_1077' title='bbox 2447 5838 2601 5900; x_wconf 81' lang='grc' dir='ltr'>λάχοι.</span> 
     </span>
    </p>
   </div>
   <div class='ocr_carea' id='block_1_131' title="bbox 2131 5898 2828 5963">
    <p class='ocr_par' dir='ltr' id='par_1_131' title="bbox 2131 5898 2828 5963">
     <span class='ocr_line' id='line_1_132' title="bbox 2131 5898 2828 5963; baseline -0.006 -11"><span class='ocrx_word' id='word_1_1078' title='bbox 2131 5904 2155 5944; x_wconf 71' lang='grc'>⁸</span> <span class='ocrx_word' id='word_1_1079' title='bbox 2181 5902 2331 5954; x_wconf 83' lang='lat' dir='ltr'><strong>Iidem</strong></span> <span class='ocrx_word' id='word_1_1080' title='bbox 2355 5901 2441 5950; x_wconf 82' lang='grc' dir='ltr'>οὐκ</span> <span class='ocrx_word' id='word_1_1081' title='bbox 2462 5898 2638 5963; x_wconf 78' lang='grc' dir='ltr'>ἀφῆκεν</span> <span class='ocrx_word' id='word_1_1082' title='bbox 2661 5898 2828 5958; x_wconf 80' lang='grc' dir='ltr'>ἄλλως.</span> 
     </span>
    </p>
   </div>
   <div class='ocr_carea' id='block_1_132' title="bbox 3134 5967 3212 6026">
    <p class='ocr_par' dir='ltr' id='par_1_132' title="bbox 3134 5967 3212 6026">
     <span class='ocr_line' id='line_1_133' title="bbox 3134 5967 3212 6026; baseline 0.026 -2"><span class='ocrx_word' id='word_1_1083' title='bbox 3134 5967 3212 6026; x_wconf 81' lang='lat'><strong>20</strong></span> 
     </span>
    </p>
   </div>
  </div>
