4116 6392
408 237 510 293 557

404 353 636 422 1ἧκουσεν
684 353 713 404 6
754 350 888 415 υίὸς,
937 349 969 421 ἢ
1027 352 1120 420 ἀφ’
1169 351 1360 404 ἐαυτοῦ
1405 353 1610 406 συνεῖδέ
1653 371 1812 421 ποτε,
1859 355 1941 406 ὃτι
1969 355 2059 406 τὸν

404 438 660 509 ὀμνύντα,
705 437 808 492 κᾶν
839 437 1061 508 εὐορκῇ,
1103 439 1458 508 προσκρούειν
1491 440 1569 493 ένι
1601 441 1719 510 Θεῷ
1755 454 1816 502 ﬁ;
1867 441 1930 493 Τί
1985 441 2062 505 δὲ,

405 526 488 580 ὅτι
527 526 616 579 τὸν
655 525 1094 596 μνησικακοῦντα
1134 526 1368 595 σωθῆναι
1419 527 1518 580 οὐκ
1558 527 1674 593 ἐνι;
1733 527 1881 582 Ὁδοὶ
1933 529 2062 600 γὰρ,

407 615 561 683 φησὶ,
580 613 970 682 μνησικάκων
988 616 1076 678 εις
1108 612 1383 667 θάνατον.
1429 615 1566 666 Ἀλλ’
1590 616 1670 667 ὃτι
1701 615 1790 668 τὸν
1829 618 2067 687 κακήγο-

352 763 354 765 ,
404 701 685 772 ρονΟὖτως
729 701 1003 771 ἠτίμωσεν
1034 703 1062 754 ὁ
1108 700 1261 765 Θεὸς,
1320 702 1394 764 ὡς
1444 704 1537 754 καὶ
1571 703 1669 772 τῆς
1713 703 2068 771 ἀναγνώσεως

407 788 659 858 ἀπεῖρξαι
687 788 792 840 τῶν
831 787 990 840 θείων
1031 786 1236 856 λόγων;
1290 789 1356 840 Τί
1383 789 1461 851 δὲ,
1501 791 1582 842 ὅτι
1611 791 1699 843 τὸν
1720 790 1952 855 ἀλαζόνα
1975 793 2067 844 καὶ¹

409 874 664 946 ὑϐριστὴν
707 874 928 940 ἐξέϐαλε
972 875 1080 926 τῶν
1133 876 1396 946 οὐρανῶν,
1440 877 1532 929 καὶ
1583 877 1662 948 τῷ
1707 878 1804 948 τῆς
1841 879 2067 948 γεέννης

407 963 686 1032 παρέδωκε
739 963 900 1034 πυρί;
951 963 1003 1016 τί
1047 965 1124 1025 δέ,
1157 965 1237 1016 ὃτι
1279 965 1370 1016 τὸν
1411 965 1728 1029 ἀκολάστοις
1786 965 2062 1034 ἐνορῶντα

403 1049 698 1121 ὀφθαλμοῖς
741 1051 815 1113 ὼς
865 1051 1288 1121 ἀπηρτισμένον,
1339 1051 1511 1115 οῦτως
1561 1053 1782 1106 ἐκόλασε
1837 1055 2060 1124 μοιχόν;

415 1137 575 1190 Ἀλλά
601 1137 661 1190 τὸ
721 1138 1006 1209 πρόχειρον
1027 1138 1182 1192 τοῦτο
1213 1141 1375 1193 πᾶσιν
1412 1141 1735 1211 ἁμάρτημα,
1769 1143 1829 1194 τὸ
1858 1142 2062 1212 κρίνειν

401 1224 526 1286 τοὺς
548 1223 788 1293 πλησίον,
817 1225 908 1277 καὶ
935 1224 1318 1296 χαλεπωτέραν
1343 1227 1677 1280 ἐπισπᾶσθαι
1711 1229 1741 1267 b
1768 1228 1863 1298 τὴν
1903 1229 2063 1281 κόλαο

405 1327 505 1375 σιν,
534 1312 844 1383 παρῄνεσάς
879 1329 1008 1366 ποτε
1043 1316 1252 1381 φυγεῖν,
1284 1315 1377 1367 καὶ
1403 1315 1530 1376 τοὺς
1550 1314 1644 1367 τοῦ
1669 1314 1901 1384 Χριστοῦ
1937 1318 2064 1386 περὶ

402 1397 604 1452 τούτων
650 1398 933 1468 κειμένους
961 1400 1157 1468 νόμους
1186 1400 1421 1468 ἀνέγνως
1455 1401 1638 1470 αύτῷ;
1689 1401 1721 1471 ἢ
1755 1403 1872 1455 ούδέ
1917 1398 2065 1465 οἶδας

402 1484 484 1538 δτι
509 1485 635 1538 ποτὲ
661 1483 837 1539 ταῦτά
887 1489 1036 1550 ἐστι;
1075 1485 1195 1550 Πῶς
1225 1482 1316 1540 οῦν
1351 1487 1487 1540 αὑτά
1519 1488 1806 1556 δυνήσεται
1861 1505 2059 1559 κατορο

403 1572 527 1626 θοῦν
556 1576 585 1626 6
609 1575 741 1636 υἱὸς,
766 1567 841 1626 ὧν
889 1573 1008 1626 οὐδὲ
1042 1576 1164 1636 τοὺς
1188 1575 1381 1644 νόμους
1426 1571 1566 1628 οἶδεν
1598 1578 1626 1629 6
1658 1577 1863 1644 μέλλων
1903 1577 2065 1630 αὑτὸν

399 1660 629 1726 διδάξειν
678 1662 887 1731 πατήρ;
930 1659 1034 1714 Καὶ
1096 1661 1206 1714 εἴθε
1241 1663 1396 1715 τοῦτο
1443 1663 1601 1731 μόνον
1653 1659 1721 1732 ἦν
1769 1663 1828 1716 τὸ
1868 1664 2061 1724 δεινὸν,

400 1747 463 1799 τὸ
503 1747 665 1817 μηδὲν
697 1747 804 1799 τῶν
836 1747 1118 1818 χρησίμων
1163 1749 1549 1818 συμϐουλεύειν
1592 1750 1808 1815 αὐτοῖς,
1849 1752 1941 1804 καὶ
1968 1751 2065 1803 οὐκ

402 1832 468 1886 ἂν
518 1833 774 1886 τοσοῦτον
815 1829 900 1903 ἦν·
939 1834 1056 1886 νυν)⁸
1115 1835 1173 1886 δὲ
1223 1835 1417 1897 αὐτοὺς
1471 1837 1564 1888 καὶ
1619 1837 1752 1905 πρὸς
1808 1837 2066 1889 τάναντία

402 1920 610 1972 ὠθεῖτε.
651 1920 783 1972 Οὐδὲ
808 1920 916 1990 γὰρ
957 1920 1082 1973 ἄλλο
1135 1939 1188 1974 τι
1232 1920 1338 1973 τῶν
1381 1922 1630 1992 πατέρων
1663 1922 1809 1974 ἐστιν
1838 1922 2065 1976 ἀκοῦσαι

401 2007 794 2076 διαλεγομένων
847 2007 982 2078 πρὸς
1013 2008 1139 2069 τοῦς
1180 2008 1394 2070 παῖδας,
1429 2009 1555 2062 ὅταν
1586 2010 1786 2071 αὐτοὺς
1813 2026 2066 2079 παρακα-

398 2093 563 2145 λῶσιν
592 2093 729 2160 ὑπὲρ
763 2095 860 2162 τῆς
910 2093 1016 2146 τῶν
1074 2093 1246 2162 λόγων
1297 2095 1554 2164 σπουδῆς,
1588 2096 1702 2148 ἀλλ’
1735 2095 1768 2165 ἢ
1801 2097 1960 2148 ταυτὶ
1997 2097 2064 2148 τὰ

404 2182 640 2251 ῥήματα·
686 2182 746 2234 Ὀ
779 2182 946 2243 δεῖνα,
978 2182 1130 2251 φησὶ,
1160 2182 1414 2244 ταπεινὸς
1449 2184 1544 2235 καὶ
1579 2184 1643 2235 ἐκ
1665 2182 1940 2235 ταπεινῶν
1969 2184 2066 2254 τὴν

402 2267 510 2319 ἀπὸ
565 2266 672 2319 τῶν
723 2267 895 2334 λόγων
938 2268 1277 2338 κτησάμενος
1318 2267 1562 2338 δύναμιν,
1620 2265 1753 2340 ἦρξε
1807 2270 2066 2337 μεγίστας

402 2355 596 2423 ἀρχάς,
621 2354 845 2407 πλοῦτον
874 2356 1142 2425 ἐκτήσατο
1180 2355 1366 2419 πολὺν,
1407 2359 1641 2423 γυναῖκα
1683 2356 1874 2409 ἐλαϐεν
1897 2355 2062 2409 εῠπο-

384 2487 392 2498 .
404 2459 517 2510 ρον,
561 2443 734 2494 οίκίαν
766 2441 1082 2511 ᾠκοδόμησε
1126 2443 1415 2513 λαμπρὰν,
1444 2442 1671 2514 φοϐερός
1698 2445 1844 2496 ἐστιν
1897 2446 2066 2499 ἅπασι

383 2529 496 2580 ..καὶ
525 2526 782 2592 ἐπίδοξος.
825 2528 993 2582 Πάλιν
1025 2528 1230 2599 ἕτερος,
1261 2530 1290 2580 ὁ
1323 2528 1490 2590 δεῖνα,
1523 2530 1677 2599 φησὶ,
1705 2529 1803 2600 τὴν
1847 2531 2064 2584 Ἰταλῶν

392 2613 650 2681 ,γλῶσσαν
675 2615 1065 2679 ἐκπαιδευθεὶς,
1093 2618 1148 2668 ἐν
1168 2618 1278 2678 τοῖς
1305 2615 1593 2685 βασιλείοις
1637 2618 1755 2670 ἐστὶ
1786 2619 2059 2691 λαμπρὸς,

387 2702 496 2754 καὶ
530 2701 706 2754 πάντα
744 2701 866 2768 ἄγει
917 2702 1012 2754 καὶ
1046 2701 1201 2772 φέρει
1229 2701 1299 2755 τά
1330 2701 1496 2754 ἔνδον.
1528 2704 1636 2756 Καὶ
1673 2703 1856 2774 ἕτερος
1881 2705 2066 2775 ἕτερον

399 2790 635 2842 δείκνυσι
685 2789 866 2854 πάλιν,
914 2791 1114 2852 πάντες
1147 2789 1202 2841 δὲ
1251 2793 1376 2852 τοὺς
1422 2790 1514 2842 ἐπὶ
1563 2790 1666 2860 γῆς
1724 2791 2062 2862 εὐδοκίμους·

399 2875 509 2928 τῶν
545 2875 602 2928 δὲ
635 2877 695 2928 ἐν
740 2879 849 2939 τοῖς
881 2877 1126 2946 οὐρανοῖς
1153 2877 1273 2930 οὐδὲ
1300 2877 1448 2941 ἀπαξ
1487 2896 1568 2940 τις
1604 2878 1899 2949 μέμνηται,
1933 2879 2067 2933 ἀλλά

389 2962 504 3016 ,κᾶν
545 2961 844 3033 μνησθῆναι
880 2963 1064 3034 ἔτερος
1103 2965 1445 3035 ἐπιχειρήσῃ,
1497 2964 1573 3028 ὡς
1625 2966 1802 3020 πάντα
1841 2967 2068 3038 ἀνατρέ-

408 3066 526 3102 πων
562 3047 864 3101 ἐλαύνεται.

473 3137 528 3202 ς
530 3137 736 3188 ’.Ὅταν
749 3130 837 3188 οὖν
854 3134 913 3198 ἐξ
935 3134 1109 3205 ἀρχῆς
1129 3135 1310 3200 αὐτοῖς
1327 3136 1496 3189 ταῦτα
1517 3137 1772 3209 ἐπᾴδητε,
1788 3139 1937 3192 οὐδὲν
1954 3139 2069 3192 ἐτε-

404 3240 496 3294 ρον
523 3223 635 3276 ἀλλ’
664 3222 696 3292 ἢ
750 3223 849 3292 τὴν
883 3222 1139 3276 ὑπόθεσιν
1167 3225 1365 3284 αὐτοὺς
1393 3226 1611 3278 πάντων
1643 3225 1920 3280 διδάσκετε
1959 3227 2069 3281 τῶν

403 3309 611 3370 κακῶν,
640 3310 744 3363 δύο
779 3311 905 3372 τοὺς
966 3313 1466 3376 τυραννικωτάτους
1511 3313 1809 3378 ἐντιθέντες
1838 3316 2066 3384 ἔρωτας,

403 3396 494 3448 τὸν
546 3396 651 3447 τῶν
701 3397 996 3466 χρημάτων
1024 3396 1184 3465 λέγω,
1219 3399 1311 3451 καὶ
1342 3399 1430 3450 τὸν
1466 3399 1653 3452 τούτου
1687 3400 2071 3472 παρανομώτε-

407 3501 516 3554 ρον,
573 3484 661 3536 τὺν
694 3485 792 3553 τὴς
825 3483 982 3554 δόξης
1028 3486 1124 3553 τῆς
1158 3486 1323 3556 κενῆς
1354 3487 1448 3539 καὶ
1478 3487 1730 3556 ματαίας.
1766 3487 1980 3541 Τούτων
2006 3489 2062 3541 δὲ

403 3571 630 3634 ἕκαστος
661 3581 683 3609 ο
719 3571 812 3623 καὶ
845 3571 964 3624 καθ’
989 3572 1176 3624 ἐαυτὸν
1209 3574 1310 3642 μὲν
1337 3575 1512 3627 πάντα
1539 3574 1834 3645 ἀνατρέψαι
1861 3577 2067 3639 ἱκανός·

405 3660 531 3712 ὅταν
557 3659 612 3711 δὲ
643 3659 735 3710 καὶ
763 3658 898 3728 ὁμοῦ
944 3659 1284 3723 συνελθόντες
1320 3661 1399 3723 είς
1424 3661 1522 3731 τὴν
1553 3659 1671 3733 [85]
1699 3661 1789 3714 τοῦ
1812 3663 1932 3716 νέου
1969 3663 2070 3733 ψυ-

407 3746 505 3817 χὴν
528 3745 737 3816 ἁπαλὴν
765 3741 929 3799 οὖσαν
961 3747 1260 3816 ἐμπέσωσι,
1299 3747 1550 3818 καθάπερ
1589 3749 1730 3812 τινὲς
1777 3751 2068 3822 χείμαρροι

408 3837 780 3904 συναφθέντες,
827 3835 1040 3890 ἅπαντα
1088 3836 1458 3906 διαφθείρουσι
1497 3836 1564 3890 τά
1595 3838 1754 3899 καλὰ,
1798 3839 2068 3904 τοσαύτας

407 3923 664 3986 ἀκάνθας,
711 3922 977 3992 τοσαύτην
1001 3925 1202 3993 ἄμμον,
1240 3923 1497 3976 τοσοῦτον
1531 3925 1954 3993 ἐπισυνάγοντες
1982 3927 2070 3978 τὸν

397 4011 654 4080 ,φορυτδν,
702 4010 777 4073 ὡς
815 4009 1062 4080 ἄκαρπόν
1088 4027 1144 4063 τε
1186 4011 1278 4063 καὶ
1309 4010 1498 4078 ἄγονον
1529 4011 1635 4064 τῶν
1667 4012 1887 4079 ἀγαθῶν
1935 4015 2070 4066 πάνο

407 4112 515 4150 των
549 4097 771 4152 ἐκείνων
798 4097 1134 4167 ἐργάσασθαι
1160 4097 1254 4168 τὴν
1280 4097 1478 4169 ψυχήν.
1521 4100 1629 4151 Καὶ
1665 4100 2071 4170 μαρτυρήσειαν

407 4186 472 4240 ἂν
505 4187 633 4258 ἡμῖν
673 4189 811 4257 ὑπὲρ
841 4187 1044 4252 τούτων
1078 4189 1172 4240 καὶ
1193 4189 1242 4238 οἱ
1277 4186 1382 4240 τῶν
1420 4186 1616 4251 ἔξωθεν
1659 4187 1823 4255 λόγοισ
1869 4188 2072 4241 τούτων

408 4275 515 4344 γὰρ
533 4273 639 4326 τῶν
663 4274 848 4327 παθῶν
873 4273 1120 4344 θάτερον,
1145 4275 1267 4344 οὐχὶ
1293 4273 1802 4344 ων-ημμένον,ἀλλά
1825 4276 1919 4328 καὶ
1951 4276 2071 4329 καθ’

392 4361 586 4426 ίέαυτὸ,
615 4365 644 4415 6
668 4364 764 4433 μὲν
797 4363 1111 4433 ἀκρόπολιν,
1132 4364 1160 4415 6
1180 4363 1235 4415 δὲ
1262 4362 1503 4433 κεφαλὴν
1535 4366 1795 4433 προσεῖπε
1833 4363 1940 4416 τῶν
1972 4383 2071 4418 κα-

409 4449 540 4501 κῶν.
580 4451 640 4501 Εί
668 4449 724 4502 δὲ
772 4451 1173 4520 κεχωρισμένον
1227 4450 1517 4520 ἀκρόπολίς
1568 4452 1683 4504 ἐστι
1714 4454 1808 4504 καὶ
1839 4453 2068 4524 κεφαλὴ,

407 4541 533 4592 ὅταν
558 4540 617 4594 τὸ
650 4539 1026 4610 χαλεπώτερον
1052 4538 1229 4609 πολλῷ
1260 4541 1540 4611 προσλάϐῃ
1562 4543 1656 4594 καὶ
1683 4541 2070 4612 δυνατώτερον,

406 4625 504 4696 τὴν
555 4625 885 4697 δοξομανίαν
915 4625 1077 4694 λέγω,
1125 4627 1218 4680 καὶ
1271 4628 1386 4696 μετ’
1410 4627 1616 4680 ἐκείνου
1647 4628 1947 4699 φερόμενον
1972 4630 2072 4698 ἐμ-

408 4712 549 4782 πέσῃ
577 4713 670 4765 καὶ
693 4713 894 4783 ῥιζωθῇ
936 4714 1030 4766 καὶ
1059 4712 1445 4786 προκαταλάϐῃ
1475 4714 1573 4784 τὴν
1598 4714 1690 4767 τοῦ
1730 4715 1848 4767 νέου
1871 4714 2070 4786 ψυχὴν,

409 4802 492 4864 τίς
524 4802 705 4855 λοιπὸν
755 4801 960 4873 ταύτην
991 4801 1391 4872 ἀναμοχλεῦσαι
1424 4801 1520 4873 τὴν
1576 4804 1726 4856 νόσον
1762 4804 2070 4873 δυνήσεται,

409 4891 504 4943 καὶ
531 4889 761 4959 μάλιστα
786 4890 912 4943 ὅταν
941 4891 1035 4944 καὶ
1057 4893 1105 4943 οἱ
1137 4891 1370 4961 πατέρες
1404 4891 1476 4962 μὴ
1510 4892 1667 4960 μόνον
1707 4893 1853 4954 ὅπως
1889 4892 2074 4945 διασα-

409 4977 644 5046 λευθείη,
677 4977 790 5030 ἀλλ’
815 4979 962 5042 ὅπως
989 4978 1082 5030 καὶ⁵
1107 4978 1277 5046 πάγια
1302 4978 1523 5047 γένηται
1565 4979 1632 5031 τά
1661 4979 1869 5049 πονηρά
1903 4979 2073 5032 ταῦτα

413 5063 576 5130 φυτά,
640 5067 732 5118 καὶ
764 5065 960 5118 ποιῶσι
1014 5066 1188 5118 πάντα
1220 5066 1311 5116 καὶ
1348 5064 1575 5132 λέγωσι;
1631 5066 1726 5129 Τίς
1753 5062 1845 5118 οὖν
1904 5065 2074 5129 οὕτως

411 5151 655 5221 ἀνόητος,
682 5152 757 5214 ὠς
779 5151 853 5222 μὴ
880 5151 1190 5219 ἀπογνῶναι
1223 5153 1319 5222 τῆς
1349 5151 1615 5221 σωτηρίας
1644 5152 1736 5204 τοῦ
1765 5152 1832 5204 τὰ
1852 5153 2075 5207 τοιαῦτα

412 5238 796 5308 παιδευομένου
856 5239 1040 5302 παιδός
1069 5255 1082 5302 ;
1146 5239 1447 5308 Ἀγαπητδν
1473 5239 1580 5310 γάρ
1626 5241 1731 5292 τῶν
1759 5240 2016 5293 ἐναντίων
2045 5239 2071 5279 (ι

473 5395 501 5462 ‘_
527 5397 674 5462 Iidem
700 5399 1006 5462 προσκρούειν
1029 5399 1206 5462 ἀνάγκη
1232 5400 1356 5459 Θεῷ.
1383 5397 1504 5447 Infra
1525 5399 1806 5462 κακήγορον,
1841 5401 1911 5447 sic
1931 5412 2071 5459 unus,

413 5460 557 5523 el_il§
581 5461 702 5520 legit
723 5459 1024 5523 Ambrosius.
1054 5461 1149 5510 Alii
1172 5462 1442 5523 κατήγορον.
1714 5459 1721 5462 ⁷
1898 5493 1900 5496 μ

475 5518 500 5556 b
526 5518 762 5570 Duo—mss.
787 5521 1151 5570 ἐπισπάσασθαι.
1188 5522 1285 5570 Alii
1307 5518 1612 5569 ἐπισπᾶσθαι.

477 5581 502 5611 °
527 5581 634 5645 Duo
674 5596 790 5630 mss.
815 5583 1046 5645 ἕκαστος,
1077 5583 1245 5631 Morel.
1299 5582 1524 5645 etiSavil.
1548 5583 1779 5645 ἑκάτερος.
1808 5581 1945 5645 _lnfra
1975 5583 2072 5632 duo

413 5653 529 5690 mss.
558 5643 740 5700 ἁπαλήν
762 5660 813 5691 τε
837 5643 997 5692 οὖσαν.
1030 5644 1180 5692 Paulo
1204 5650 1313 5704 post
1348 5644 1451 5690 haec
1475 5644 1641 5701 verba,
1672 5643 1904 5699 τοσαύτας
1924 5645 2070 5691 ἀκάν-

415 5704 513 5759 θας,
540 5704 718 5750 desunt
739 5708 787 5752 in
813 5705 981 5752 Morel.
1006 5711 1056 5752 et
1095 5704 1264 5761 Savil.,
1291 5705 1377 5751 sed
1419 5704 1656 5753 habentur
1675 5706 1721 5752 in
1743 5704 1930 5752 duobus
1951 5719 2064 5753 mm.

416 5769 470 5826 ςι
509 5761 569 5826 qh
593 5766 867 5826 interprete
895 5768 1018 5814 leua
1061 5774 1191 5814 sunt.
1222 5766 1336 5814 Ibid.
1367 5779 1491 5813 unus
1530 5766 1681 5814 codex
1725 5766 2062 5826 ἐπεισάγοντες.

417 5823 570 5872 Paulo
594 5834 702 5886 post
730 5823 868 5875 'unus
896 5833 946 5876 el.
971 5828 1120 5878 Savil.
1147 5827 1198 5876 in
1221 5840 1371 5890 marg.
1395 5827 1591 5888 ἐκείνην,
1633 5828 1713 5876 alii
1751 5823 1937 5876 ἐκείνων
1965 5827 2058 5876 ἐογ.

1187 236 1246 292 S.
1283 234 1566 292 JOANNIS
1606 236 2095 295 CHRYSOSTOMI
2135 237 2460 295 ARCHIEP.
2501 237 3052 296 CONSTANTINOP.

3725 233 3840 290 358

2175 356 2550 410 ἀπολαύουσαν
2573 356 2745 427 ψυχὴν
2772 367 2796 394 ⁸
2841 355 3117 422 διαφυγεῖν
3157 351 3436 422 πονηρίαν·
3473 351 3598 404 ὅταν
3617 349 3672 403 δὲ
3694 365 3846 402 παν-

2170 445 2336 514 ταχοῦ
2385 447 2640 517 χρήματα
2671 446 2738 498 τά
2789 443 2998 498 ἔπαθλα
3032 438 3088 514 ᾖ,
3124 443 3216 495 καὶ
3261 441 3448 510 ἄνδρες
3504 441 3715 506 ἐναγεῖς
3750 439 3843 500 εἰς

2172 530 2329 601 ζῆλον
2385 533 2756 604 προκείμενοι,
2821 533 2951 584 ποία
2988 529 3258 601 σωτηρίας
3308 528 3496 590 ἐλπίς;
3548 526 3686 587 Τοὺς
3720 525 3843 595 γὰρ

2173 619 2465 689 χρημάτων
2510 620 2748 690 ἐρῶντας
2777 621 2870 672 καὶ
2927 617 3225 688 βασκάνους
3267 615 3360 666 καὶ
3391 611 3678 682 κακοήθεις
3736 611 3843 665 καὶ

2175 707 2504 778 πολυόρκους
2535 709 2627 761 καὶ
2658 708 2942 778 ἐπιόρκους
2970 707 3062 759 καὶ
3092 703 3310 774 θρασεῖς
3332 702 3426 754 καὶ
3445 700 3711 772 λοιδόρους
3735 699 3838 752 καὶ

2175 794 2409 856 κλέπτας
2437 795 2529 848 καὶ
2565 795 2951 864 ἀναισχύντους
2981 793 3075 846 καὶ
3118 789 3339 860 ἰταμοὺς
3390 789 3481 841 καὶ
3513 788 3840 856 ἀγνώμονας

2173 887 2266 939 καὶ⁹
2299 887 2475 940 πάντα
2507 886 2718 955 ἀνάγκη
2767 881 2902 938 εἶναι
2945 883 3014 936 τά
3047 881 3209 936 κακά.
3262 881 3370 933 Καὶ
3398 879 3602 949 μάρτυς
3627 877 3840 931 τούτων

2173 975 2482 1040 ἀξιόπιστος
2514 975 2542 1027 6
2578 975 2845 1044 μακάριος
2877 971 3106 1035 Παῦλος,
3143 967 3296 1041 ῥίζαν
3350 968 3456 1019 τῶν
3504 969 3558 1017 ἐν
3598 965 3675 1035 τῷ
3731 965 3838 1035 βίῳ

2173 1060 2359 1114 κακῶν
2387 1062 2485 1132 τὴν
2523 1060 2882 1131 φιλαργυρίαν
2931 1059 3115 1112 εἰπών’
3183 1057 3278 1110 καὶ
3339 1055 3442 1124 πρὸ
3499 1053 3684 1107 τούτου
3721 1052 3777 1104 δὲ
3805 1054 3837 1104 6

2173 1150 2400 1220 Χριστὸς
2440 1149 2571 1201 αὐτὸ
2595 1149 2751 1201 τοῦτο
2782 1148 3064 1218 ἐδήλωσεν,
3115 1145 3541 1214 ἀποφαινόμενος
3575 1142 3648 1210 μὴ
3693 1136 3838 1191 εἶναι

2171 1238 2392 1290 δυνατὸν
2417 1237 2496 1306 τῷ
2516 1237 2633 1306 Θεῷ
2671 1237 2939 1290 δουλεύειν
2965 1236 3055 1288 τὸν
3084 1234 3276 1304 ἐκείνῳ
3303 1232 3379 1300 τῷ
3409 1230 3574 1284 πάθει
3609 1225 3836 1281 δουλεύ-

2170 1341 2316 1377 οντα.
2342 1326 2508 1377 Ὅταν
2536 1319 2628 1376 οῦν
2660 1323 2719 1388 ἐξ
2759 1324 2930 1393 ἀρχῆς
2956 1325 2983 1375 6
3017 1322 3133 1385 νέος
3167 1321 3258 1372 ἐπὶ
3283 1318 3483 1388 ταύτην
3515 1317 3711 1385 ἄγηται
3731 1315 3840 1386 τὴν

2169 1412 2444 1475 δουλείαν,
2508 1413 2636 1464 πότε
2683 1412 2970 1480 δυνήσεται
3025 1408 3276 1477 γενέσθαι
3341 1405 3636 1474 ἐλεύθερος,
3700 1403 3839 1456 πότε

2170 1506 2423 1574 ἀνασχεῖν
2477 1503 2570 1556 τοῦ
2628 1502 2940 1564 κλυδωνίου,
2994 1500 3209 1553 πάντων
3258 1497 3561 1557 ὠθούντων,
3614 1495 3841 1546 πάντων

2171 1595 2555 1656 καταδυόντων,
2585 1593 2677 1646 καὶ
2706 1593 2782 1655 εἰς
2803 1592 3000 1661 πολλὴν
3032 1590 3123 1642 τοῦ
3177 1583 3673 1649 καταϐαπτίζεσθαι
3700 1582 3840 1635 καθ-

2175 1681 2442 1736 ιστὼντων
2476 1681 2719 1750 ἀνάγκην
2747 1680 2940 1741 αὑτόν;
2979 1679 3037 1730 Εί
3074 1677 3182 1746 γὰρ
3212 1675 3434 1744 μηδενὸς
3471 1670 3836 1740 ἐνοχλοῦντος,

2169 1773 2217 1823 εί
2257 1770 2461 1823 πολλῶν
2517 1769 2814 1839 ὀρεγόντων
2867 1768 3020 1837 χεῖρα
3075 1763 3370 1831 ἀναστῆναι
3429 1757 3675 1827 δυνηθείη
3737 1756 3837 1807 καὶ

2168 1858 2448 1927 διαϐλέψαι
2482 1857 2577 1910 καὶ
2621 1856 2720 1925 τὴν
2764 1854 2941 1924 ἅλμην
2968 1849 3331 1920 ἀπονίψασθαι
3364 1847 3463 1916 τῆς
3485 1845 3700 1906 κακίας,
3731 1844 3838 1895 οὐκ

2169 1945 2479 2014 ἁγαπητόν;
2523 1945 2571 1994 εί
2613 1943 2720 2012 γάρ
2749 1940 2925 2009 πολλῴ
2973 1939 3049 2009 τῷ
3083 1938 3258 2009 χρόνῳ
3314 1938 3434 1996 ταῖς
3468 1933 3634 1995 θείαις
3665 1932 3836 2001 (irini;

2170 2031 2497 2103 ἐπᾳδόμενος
2531 2029 2765 2098 ίσχύσειε
2804 2028 2871 2080 τά
2906 2025 3284 2097 προσπεσόντα
3316 2022 3334 2060 ί
3363 2021 3630 2074 ἀπελάσαι
3672 2019 3837 2084 νοσή-

2173 2136 2338 2188 ματα,
2377 2118 2476 2170 οὐκ
2516 2118 2757 2168 ἐπαινεῖν
2784 2113 2944 2166 αὑτὸν
2971 2113 3052 2166 δεῖ
3081 2113 3172 2164 καὶ
3198 2107 3491 2178 στεφανοῦν
3540 2105 3832 2176 μυριάκις;

2170 2207 2347 2258 Δεινὸν
2369 2204 2476 2274 γὰρ
2506 2201 2780 2274 συνήθεια,
2811 2200 2978 2254 δεινὴν
3019 2197 3288 2269 κρατῆσαι
3325 2196 3416 2249 καὶ
3465 2194 3600 2246 ἐλεῖν
3628 2191 3832 2260 ψυχὴν,

2170 2294 2259 2346 καὶ
2289 2292 2517 2362 μάλιστα
2550 2291 2676 2343 ὅταν
2715 2287 2853 2357 αὕτη
2884 2287 2978 2356 μὲν
3003 2285 3194 2357 ήδονὴν
3226 2284 3326 2355 έχῃ
3352 2280 3832 2351 συμπράττουσαν,

2169 2380 2347 2446 ἐκείνη
2376 2379 2434 2431 δὲ
2463 2377 2596 2447 πρὸς
2625 2377 2691 2445 ἣν
2722 2373 3055 2444 ἐπειγόμεθα
3089 2375 3184 2425 καὶ
3209 2367 3640 2441 μεθορμίσασθαι
3670 2365 3837 2417 σπεύο

2168 2467 2349 2535 δομεν,
2386 2464 2613 2527 πολλοὺς
2638 2464 2852 2533 παρέχῃ
2886 2462 3010 2524 τοὺς
3034 2460 3228 2522 πόνους
3252 2459 3402 2528 ἡμῖν.
3427 2456 3524 2508 Διά
3548 2454 3708 2506 τοῦτο
3739 2453 3837 2505 καὶ

2169 2555 2196 2606 6
2226 2554 2356 2616 Θεὸς
2383 2553 2489 2605 τῶν
2533 2551 2800 2622 Ἐϐραίων
2827 2550 2954 2611 τοὺς
2991 2548 3206 2610 παῖδας,
3244 2545 3428 2615 ἐπειδὴ
3463 2543 3566 2596 ἔδει
3600 2542 3699 2611 τὴν
3730 2557 3838 2592 πα·-

2169 2642 2323 2695 λαιὰν
2346 2640 2450 2692 τῶν
2477 2639 2660 2692 κακῶν
2688 2636 2984 2691 ἀποθέσθαι
3015 2633 3320 2704 συνήθειαν,
3358 2633 3455 2702 τὴν
3486 2632 3542 2682 ἐν
3571 2627 3837 2697 Αἰγύπτῳ

2169 2730 2332 2797 λέγω,
2375 2726 2552 2782 λαϐὼν
2603 2724 2912 2794 καταμόνας
2944 2723 3138 2784 αὐτοὺς
3176 2722 3268 2773 ἐπί
3295 2719 3394 2788 τῆς
3440 2717 3693 2788 ἐρημίας,
3743 2716 3836 2767 καὶ

2169 2816 2276 2868 τῶν
2299 2813 2716 2884 διαφθειρόντων
2735 2812 3044 2881 ἀποστήσας
3069 2809 3145 2871 ὼς
3197 2807 3550 2878 πορρωτάτω,
3581 2803 3837 2872 καθάπερ

2171 2903 2262 2956 ἐπὶ
2298 2901 2658 2972 μοναστηρίου
2679 2898 2841 2961 τινὸς,
2859 2899 2957 2968 τῆς
2982 2896 3214 2966 ἐρημίας
3249 2895 3301 2959 ⁸,
3319 2893 3628 2946 διέπλαττεν
3653 2891 3837 2942 αὐτῶν

2169 2989 2268 3052 τὰς
2294 2988 2487 3058 ψυχὰς,
2521 2987 2699 3039 πᾶσαν
2723 2983 2840 3037 ὁδὸν
2866 2984 3106 3054 ἰατρείας
3142 2980 3326 3037 κινῶν.
3359 2979 3449 3033 καὶ
3485 2977 3834 3048 τραχυτέραν

2172 3076 2267 3130 καὶ
2300 3073 2755 3146 προοηνεστέραν,
2792 3070 2885 3123 καὶ
2910 3070 3060 3122 οὐδὲν
3099 3069 3233 3130 ὅλως
3262 3064 3695 3138 παραλιμπάνων
3728 3063 3838 3114 τῶν

2173 3163 2488 3232 ὀφειλόντων
2538 3163 2616 3224 εἰς
2660 3159 2754 3230 τὴν
2818 3157 3112 3227 θεραπείαν
3167 3152 3673 3220 κατασκευασθῆναι
3735 3150 3836 3219 τὴν

2176 3252 2414 3306 ἐκείνων.
2445 3251 2556 3303 Καὶ
2603 3248 2723 3302 οὐδέ
2753 3246 2922 3309 οὕτως
2963 3243 3213 3313 διέφυγον
3273 3243 3370 3312 τὴν
3422 3240 3643 3304 κακίαν,
3698 3237 3841 3290 ἀλλά

2178 3338 2378 3411 μεταξὺ
2427 3337 2521 3390 τοῦ
2571 3338 2743 3406 μάννα
2787 3334 3044 3404 κρόμμυα
3099 3332 3194 3384 καὶ
3242 3328 3467 3397 σκόροδα
3513 3327 3608 3380 καὶ
3665 3327 3737 3378 τά
3780 3329 3840 3378 ἐν

2174 3431 2428 3499 Αἰγύπτῳ
2462 3429 2639 3481 πάντα
2667 3427 2890 3496 ἐζήτουν
2927 3423 3089 3477 κακά.
3129 3419 3392 3474 Τοσοῦτόν
3431 3421 3546 3470 ἐστι
3576 3416 3839 3488 συνήθεια

2173 3519 2361 3573 κακόν.
2415 3512 2548 3570 Εἶτα
2587 3515 2825 3568 Ἰουδαῖοι
2875 3513 2970 3582 μὲν
3013 3509 3280 3578 τοσαύτης
3312 3505 3423 3579 [86]
3470 3504 3841 3566 ἀπολαύοντες

2174 3605 2483 3676 ἐπιμελείας
2508 3603 2606 3673 τῆς
2633 3601 2783 3672 παρά
2807 3601 2900 3653 τοῦ
2923 3598 3080 3661 Θεοῦ,
3116 3599 3209 3651 καὶ
3240 3593 3563 3666 δημαγωγὸν
3623 3593 3841 3662 ἔχοντες

2174 3692 2344 3754 οῦτως
2376 3691 2593 3762 ἄριστον
2639 3692 2732 3741 καὶ
2765 3690 3028 3755 γενναῖον,
3063 3686 3156 3738 καὶ
3190 3683 3339 3753 φόϐῳ
3387 3684 3482 3734 καὶ
3511 3679 3705 3749 ἀπειλῇ
3744 3679 3841 3730 καὶ

2176 3778 2462 3849 εὐεργεσία
2510 3777 2602 3830 καὶ
2651 3775 2865 3828 κολάσει
2919 3775 3013 3827 καὶ
3043 3774 3203 3826 παντὶ
3240 3773 3427 3842 τρόπῳ
3467 3766 3842 3834 παιδαγωγοῦ-

2181 3883 2346 3936 μενοι,
2406 3865 2499 3918 καὶ
2536 3862 2773 3916 τοσαῦτα
2825 3863 3056 3931 ὁρῶντες
3107 3858 3380 3929 θαύματα,
3441 3857 3539 3908 οὐκ
3588 3855 3842 3921 ἐγένοντο

2179 3954 2438 4024 βελτίους*
2471 3952 2534 4004 σὺ
2563 3951 2617 4004 δὲ
2649 3950 2738 4003 τὸν
2771 3950 2886 4002 υἱὸν
2914 3950 3005 4002 τὸν
3046 3948 3135 4001 σὺν
3167 3947 3284 3999 νέον
3310 3945 3436 3998 ὄντα
3475 3945 3531 3994 ἐν
3577 3942 3842 4011 Αἰγύπτῳ

2182 4040 2341 4112 μέσῃ,
2376 4039 2572 4109 μᾶλλον
2609 4037 2664 4089 δὲ
2702 4039 2760 4089 ἐν
2806 4038 2942 4108 μέσῃ
2983 4039 3049 4106 τῇ
3107 4030 3403 4104 παρατάξει
3453 4031 3547 4084 τοῦ
3588 4029 3840 4082 διαϐόλου

2182 4127 2538 4198 στρεφόμενον
2565 4165 2580 4188 ,
2644 4124 2854 4186 οὐδενός
2920 4142 2972 4176 τι
3045 4123 3314 4192 χρήσιμον
3381 4117 3842 4189 συμϐουλεύοντος

2180 4215 2461 4276 ἀκούοντα,
2498 4212 2702 4274 πάντας
2739 4211 2831 4264 ἐπὶ
2860 4210 3118 4264 τάναντία
3145 4208 3305 4261 αὐτὸν
3341 4208 3572 4274 ἄγοντας
3602 4204 3838 4276 ὁρῶντα,

2180 4303 2272 4356 καὶ
2288 4304 2501 4356 πάντων
2523 4300 2720 4370 μᾶλλον
2740 4301 2864 4361 τοὺς
2886 4313 3120 4366 γεννησα
3127 4297 3317 4364 μένους
3334 4295 3427 4347 καὶ
3443 4293 3470 4344 θ
3481 4293 3614 4361 ρεψα
3621 4292 3839 4363 μένους,

2179 4389 2280 4443 οῐει
2313 4387 2630 4458 δυνήσεσθαι
2657 4385 2894 4439 διαδῦναι
2921 4383 3018 4447 τὰς
3045 4383 3136 4436 τοῦ
3173 4381 3414 4434 διαϐόλου
3443 4379 3710 4448 παγίδαςς
3736 4379 3842 4432 Πό-

2176 4475 2301 4540 θεν;
2325 4478 2417 4544 ἀφ’
2441 4469 2514 4528 ὧν
2544 4475 2607 4527 σὺ
2647 4475 2927 4543 παραινεῖς
2952 4488 2966 4536 ;
3005 4470 3143 4522 Ἀλλ’
3173 4469 3265 4521 ἐπί
3307 4467 3563 4520 τάναντία
3591 4482 3843 4535 παρακα-

2181 4563 2308 4628 λεῖς,
2339 4561 2649 4630 φιλοσοφίας
2701 4561 2797 4631 μὲν
2826 4559 2949 4612 οὔτε
2993 4559 3124 4628 ὄναρ
3177 4555 3484 4627 μεμνῆσθαι
3516 4553 3839 4624 συγχωρῶν,

2179 4651 2290 4705 ἄνω
2340 4651 2397 4703 δὲ
2445 4651 2538 4702 καὶ
2578 4649 2728 4702 κάτω
2779 4648 2869 4700 τὸν
2912 4647 3150 4714 παρόντα
3211 4645 3323 4714 βίον
3373 4643 3464 4696 καὶ
3523 4642 3589 4694 τά
3647 4641 3840 4694 τούτου

2180 4739 2445 4810 στρέφων,
2473 4737 2729 4806 μειζόνως
2753 4734 3167 4798 κλυδωνίζεσθαι
3199 4731 3660 4803 παρασκευάζεις.
3697 4729 3840 4780 Ἀλλ’

2179 4821 2413 4888 οἴκοθεν,
2461 4824 2554 4876 καὶ
2607 4823 2734 4892 παρ’
2769 4820 2996 4885 ἐαυτοῦ;
3055 4820 3302 4874 Μάλιστα
3355 4818 3452 4888 μὲν
3511 4818 3608 4884 οὐχ
3657 4815 3844 4878 ἱκανὸς

2182 4910 2358 4981 ἐαυτῷ
2383 4913 2410 4963 6
2445 4910 2561 4972 νέος
2604 4909 2738 4979 πρὸς
2769 4909 2867 4977 τὴν
2907 4908 3006 4974 τῆς
3052 4907 3254 4976 ἀρετῆς
3302 4903 3657 4973 κατόρθωσιν
3711 4903 3761 4953 εἰ
3795 4903 3843 4954 δ’

2182 5001 2288 5070 ἄρα
2319 5016 2372 5050 τι
2395 4997 2485 5050 καὶ
2519 4995 2662 5048 τέκοι
2699 4998 2964 5063 γενναῖον,
2988 4996 3106 5056 ταῖς
3144 4993 3252 5046 τῶν
3288 4993 3460 5059 λόγων
3513 4989 3846 5060 ἐπομϐρίαις

2181 5087 2288 5139 τῶν
2351 5083 2502 5153 παρά
2536 5083 2629 5136 σοῦ
2662 5084 2788 5154 πρὶν
2831 5081 2863 5152 ἢ
2905 5082 3200 5152 βλαστῆσαι
3233 5081 3440 5150 ταχέως
3472 5079 3846 5145 ἀποπνιγήσεο

2180 5192 2292 5226 ται.
2341 5174 2547 5241 ’Ὠσπερ
2595 5171 2702 5242 γάρ
2747 5169 2905 5240 σῶμα
2961 5169 3210 5238 ὑγιεινῶν
3271 5169 3367 5237 μὲν
3419 5168 3516 5218 οὐκ
3572 5165 3846 5217 ἀπολαῦον

2185 5262 2390 5319 σιτίων,
2420 5262 2529 5321 τοῖς
2554 5258 2608 5310 δὲ
2648 5258 2932 5310 νοσώδεσιν
2964 5256 3374 5327 ἐντρεφόμενον,
3423 5253 3521 5304 οὐκ
3566 5252 3644 5303 ένι
3704 5252 3844 5318 πρὸς

2185 5350 2376 5420 μικρὸν
2402 5347 2530 5416 γοῦν
2557 5346 2786 5415 ἀρκέσαι
2819 5343 3214 5416 χρόνον,οῦτως
3248 5341 3364 5393 οὐδὲ
3392 5339 3590 5409 ψυχὴν,
3619 5338 3846 5392 τοιαῦτα

2249 5519 2275 5558 ἀ
2296 5520 2604 5570 Correximus
2624 5531 2653 5566 ει
2675 5516 2874 5566 Savilio.
2900 5515 3181 5578 Legebatur
3202 5514 3420 5578 ἐναντίον.
3445 5512 3581 5578 Εριτ.

2239 5585 2262 5612 θ
2291 5584 2394 5631 Duo
2417 5595 2528 5628 mss.
2574 5587 2627 5628 et.
2666 5579 2815 5627 SaViI.
2853 5581 2901 5626 in
2945 5573 3095 5635 πῖθι-κ.
3135 5577 3466 5624 ἀπολαύουσαν
3487 5575 3641 5632 λόγων

2186 5642 2238 5691 In
2265 5649 2403 5691 textu
2428 5643 2576 5690 εει-11.
2601 5648 2655 5689 ει
2677 5640 2848 5688 Morel.
2882 5641 3032 5699 λόγων
3053 5652 3145 5686 non
3172 5638 3374 5686 habent.

2257 5703 2274 5741 ἲ
2306 5705 2437 5752 Unus
2480 5703 2632 5768 co_d_ex
2661 5708 2712 5768 ει
2737 5702 2887 5768 S_avil.
2925 5695 2974 5748 ii)
3000 5713 3149 5768 marg.
3188 5701 3251 5768 τά
3294 5695 3659 5768 προσγενόμενα.
3686 5695 3826 5768 sat“

2175 5763 2226 5814 in
2253 5771 2388 5812 textu
2433 5772 2484 5813 et
2531 5763 2783 5825 Mcrela-rd
2803 5759 3151 5825 προσπεσόντα.
3175 5762 3314 5810 Alius
3335 5759 3491 5808 Codex
3512 5759 3574 5805 τὰ
3593 5759 3847 5818 γινόμενα.

2239 5829 2263 5866 Β
2283 5829 2377 5885 Τῆς
2399 5826 2590 5885 ἐρημίας
2613 5826 2660 5873 in
2682 5823 2852 5874 Morel;
2874 5825 2980 5874 solo
3003 5823 3166 5873 deest.
