4116 6392
370 326 476 381 357

369 443 414 495 si
439 456 530 497 eas
558 443 629 498 ita
655 442 912 500 haberent
938 452 1203 517 tamquam
1228 465 1330 504 non
1359 450 1634 517 habentes,
1663 460 1716 506 et
1745 451 1942 505 mundo

372 549 478 588 non
509 535 873 590 abuterentur.
905 537 1013 592 Nos
1037 548 1236 605 autem,
1268 541 1313 594 si
1342 542 1528 610 placet.
1560 542 1658 595 hoc
1680 541 1945 611 disquira-
1977 597 1981 601 _

374 639 511 679 mus.
544 625 769 682 Potesne
791 628 992 696 dicere,
1016 631 1102 684 vel
1127 640 1178 685 te
1198 642 1448 687 monente
1468 632 1731 688 audivisse
1760 634 1942 697 mium,

373 718 513 771 vela
545 720 722 788 seipso
749 719 1031 785 didicisse,
1075 738 1196 777 eum
1237 725 1325 794 qui
1356 724 1531 794 jurat,
1580 725 1785 780 etiamsi
1827 740 1946 779 cum

374 810 580 864 ratione
607 811 767 881 juret,
803 813 968 866 Deum
997 824 1171 869 tamen
1196 816 1505 872 offendere?
1530 818 1611 872 An
1643 819 1766 872 item
1789 833 1909 872 eum
1930 859 1946 882 ,

375 901 463 969 qui
495 902 803 969 injuriarum
832 905 1143 959 recordatur
1163 948 1175 972 ,
1229 908 1435 962 salvum
1468 924 1587 963 esse
1623 925 1727 963 non
1758 908 1950 978 posse?

378 1013 499 1050 nam
536 997 673 1063 Viae,
724 1000 921 1069 inquit,
962 1002 1333 1055 recordantium
1366 1003 1603 1073 injurias,
1647 1004 1713 1055 ad
1741 1014 1951 1055 mortem

381 1087 559 1158 (Prov.
595 1090 679 1143 12.
710 1090 828 1159 28).
861 1094 941 1145 An
963 1134 977 1156 ,
1010 1092 1150 1161 quod
1182 1093 1499 1149 maledicum
1529 1095 1596 1147 ita
1624 1094 1947 1148 dehonesta-

376 1178 511 1230 verit
540 1179 695 1243 Deus,
730 1190 787 1233 ut
811 1196 931 1235 eum
962 1197 990 1234 a
1014 1182 1208 1237 divina:
1236 1185 1524 1253 Scriptura:
1546 1185 1773 1238 lectione
1797 1198 1951 1237 arce-

378 1267 497 1320 ret?
524 1283 611 1336 an,
645 1270 783 1338 quod
805 1281 1140 1341 arrogantem
1168 1282 1221 1327 et
1244 1276 1684 1329 contumeliosum
1714 1275 1779 1329 de
1809 1274 1953 1328 caelis

379 1360 735 1415 exturbaverit
756 1401 773 1428 ,
821 1371 873 1416 et
899 1363 1155 1432 gehenna:
1186 1364 1323 1434 ignis
1349 1365 1663 1419 tradiderit?
1690 1381 1777 1427 an,
1811 1364 1951 1433 quod

378 1465 500 1504 eum
528 1454 615 1520 qui
643 1451 927 1522 impudicis
955 1455 1174 1523 respicit
1200 1456 1389 1520 oculis,
1421 1456 1571 1525 quasi
1600 1470 1723 1509 vere
1743 1455 1952 1509 adulte-

383 1556 499 1594 rum
526 1544 746 1610 puniat?
772 1546 854 1597 An
883 1544 1130 1615 frequens
1162 1546 1286 1599 illud
1314 1555 1368 1599 et
1391 1547 1635 1601 omnibus
1658 1547 1808 1600 facile
1832 1561 1953 1615 pec-

382 1642 558 1686 catum
580 1675 596 1699 ,
645 1636 914 1704 proximos
956 1652 1146 1706 nempe
1178 1638 1417 1706 judicare
1441 1648 1494 1693 et
1517 1640 1595 1692 sic
1622 1638 1830 1708 gravius
1855 1636 1955 1691 sibi

385 1727 701 1796 supplicium
728 1728 1017 1794 attrahere,
1048 1739 1105 1784 ut
1141 1730 1346 1800 fugeret
1374 1730 1645 1796 monuisti,
1675 1740 1728 1784 et
1759 1731 1900 1800 leges
1926 1745 1956 1782 a

384 1816 599 1873 Christo
628 1819 727 1873 hac
756 1821 822 1875 de
847 1837 907 1875 re
947 1821 1147 1890 positas
1173 1822 1271 1891 ipsi
1300 1822 1508 1892 legisti?
1531 1839 1596 1875 an
1626 1831 1679 1875 tu
1720 1823 1851 1890 ipse,
1890 1836 1958 1875 ne

383 1910 430 1964 si
450 1912 706 1966 exsistant
726 1912 960 1982 quidem,
987 1914 1162 1968 nosti?
1183 1914 1422 1982 Quonam
1445 1931 1571 1985 ergo
1591 1916 1749 1970 modo
1767 1914 1960 1983 poterit

385 2017 447 2055 ea
476 2002 616 2057 filius
642 2006 898 2074 perﬁcere
917 2022 1185 2075 ,-quorum
1216 2022 1314 2061 nec
1341 2018 1488 2076 pater
1518 2008 1629 2076 ipse
1648 2051 1662 2073 ,
1690 2008 1778 2075 qui
1810 2006 1956 2060 illiilli

386 2094 600 2149 erudire
640 2096 928 2163 debuerat,
983 2098 1127 2168 leges
1172 2098 1353 2151 novit?
1397 2101 1567 2167 Atque
1612 2101 1809 2151 utinam
1857 2096 1959 2151 hoc

386 2184 562 2238 solum
587 2185 765 2239 damni
796 2186 1043 2253 adesset,
1074 2187 1213 2257 quod
1240 2187 1369 2241 nihil
1398 2189 1524 2242 utile
1551 2198 1726 2257 patres
1752 2186 1959 2241 consilii

386 2276 595 2342 darent,
628 2294 732 2330 non
761 2288 963 2332 tantum
995 2279 1175 2348 utique
1202 2279 1397 2333 malum
1420 2289 1561 2333 esset
1585 2296 1596 2331 :
1621 2293 1758 2332 nunc
1783 2286 1957 2331 autem

386 2382 479 2420 eos
508 2368 573 2421 ad
596 2370 863 2423 contraria
894 2385 1109 2439 prorsus
1136 2370 1423 2439 impellitis.
1452 2369 1630 2440 Neque
1655 2371 1793 2423 enim
1818 2368 1961 2422 aliud

387 2472 566 2530 patres
595 2463 778 2517 audias
819 2477 937 2517 cum
970 2463 1091 2518 filiis
1126 2471 1351 2518 tractare
1371 2504 1385 2528 ,
1415 2480 1535 2518 cum
1575 2480 1667 2519 eos
1695 2463 1759 2516 ad
1786 2462 1959 2517 studia

387 2553 653 2606 literarum
696 2552 975 2608 hortantur
996 2596 1010 2621 ,
1044 2555 1145 2609 nisi
1174 2556 1331 2610 verba
1364 2554 1665 2624 hujusmodi
1694 2573 1705 2605 :
1732 2554 1852 2620 Ille,
1881 2554 1963 2607 in-

386 2644 531 2712 quit,
577 2644 824 2712 humilis,
872 2646 1163 2717 humilique
1206 2648 1326 2702 loco
1365 2658 1557 2714 natus,
1608 2646 1960 2716 eloquentiam

387 2737 631 2805 adeptus,
659 2754 896 2793 summos
918 2741 1257 2809 magistratus
1279 2741 1526 2807 obtinuit,
1549 2738 1758 2794 divitias
1777 2740 1961 2809 acqui-

388 2829 513 2882 sivit
538 2830 798 2900 ingentes,
842 2847 1062 2885 uxorem
1109 2832 1257 2885 duxit
1288 2834 1613 2901 opulentam,
1657 2830 1963 2901 splendidas

387 2924 680 2976 construxit
702 2923 865 2988 aedes,
895 2925 1140 2978 omnibus
1163 2927 1349 2979 terrori
1377 2936 1476 2992 est,
1506 2936 1560 2981 et
1587 2926 1750 2994 gloria
1778 2924 1959 2994 fulget.

388 3015 539 3069 Alius
577 3031 784 3069 rursum
811 3035 824 3070 :
849 3015 972 3078 llle,
1024 3018 1223 3087 inquit,
1255 3017 1440 3072 Latina
1480 3019 1654 3089 lingua
1695 3017 1959 3083 eruditus,

389 3107 443 3161 iu
470 3108 612 3176 regia
640 3108 966 3162 clarissimus
986 3121 1088 3175 est,
1111 3118 1405 3179 cunctaque
1434 3111 1575 3164 intus
1604 3108 1957 3163 administrat.

391 3199 460 3253 Et
482 3202 615 3254 alius
640 3202 800 3254 alium
827 3217 1010 3256 rursus
1049 3203 1313 3270 ostendit,
1354 3204 1635 3274 cunctique
1672 3218 1764 3257 eos
1790 3202 1878 3273 qui
1905 3203 1959 3255 in

392 3301 531 3347 terra
560 3293 794 3363 insignes
821 3304 942 3347 sunt
973 3306 1286 3360 memorant,
1313 3297 1603 3349 cmlestium
1625 3304 1797 3348 autem
1821 3293 1960 3347 nulla

390 3398 611 3453 usquam
643 3385 869 3447 mentio;
902 3385 1005 3437 imo
1026 3385 1069 3438 si
1091 3385 1210 3455 quis
1230 3386 1316 3439 illa
1338 3402 1757 3441 commemorare
1776 3400 1962 3456 aggre-

388 3474 585 3539 diatur,
618 3484 676 3528 ut
702 3476 790 3545 qui
819 3486 1009 3530 cuncta
1038 3486 1325 3546 pervertat,
1357 3478 1584 3547 ejicitur.

460 3569 512 3623 6.
544 3568 675 3623 Cum
707 3569 867 3638 igitur
892 3584 923 3622 a
954 3570 1212 3640 principio
1244 3572 1356 3625 hare
1387 3571 1492 3625 illis
1513 3571 1769 3625 occinatis
1792 3612 1806 3635 ,
1830 3570 1962 3624 nihil

387 3659 529 3714 aliud
553 3676 647 3714 eos
676 3676 832 3731 quam
862 3663 1099 3716 omnium
1129 3664 1390 3717 malorum
1421 3664 1693 3717 materiam
1718 3664 1921 3717 docetis
1942 3702 1958 3727 ,

388 3753 525 3807 duos
553 3753 966 3808 violentissimos
992 3770 1204 3809 amores
1228 3755 1588 3821 insinuantes,
1624 3756 1961 3824 pecuniarum

390 3843 531 3910 dico,
564 3854 617 3898 et
644 3846 731 3913 qui
764 3845 1162 3915 longciniqnior
1177 3857 1446 3913 est,van:e
1467 3847 1741 3916 inanisque
1759 3846 1959 3915 glorize.

391 3932 589 3986 Horum
620 3949 747 3987 vero
776 3935 1029 3989 alteruter
1060 3951 1152 4005 per
1177 3951 1235 3991 se
1273 3936 1417 3989 Solus
1442 3947 1630 3991 cuncta
1662 3947 1964 4005 pervertere

391 4032 567 4090 potest
587 4042 599 4076 :
618 4038 739 4077 cum
768 4038 943 4078 autem
974 4027 1130 4080 ambo
1160 4027 1212 4079 in
1245 4037 1476 4080 teneram
1499 4027 1709 4096 juvenis
1732 4028 1961 4082 animam

392 4112 700 4180 confluunt,
745 4116 893 4183 quasi
943 4116 1157 4185 quidam
1202 4126 1460 4172 torrentes
1511 4119 1776 4187 conjuncti
1824 4118 1961 4173 bona

391 4206 568 4259 onmia
594 4218 970 4277 corrumpunt,
1017 4219 1215 4263 tantam
1250 4212 1355 4264 vim
1396 4213 1666 4281 spinarum
1697 4213 1711 4243 ³
1750 4221 1803 4266 et
1840 4228 1961 4267 are-

391 4314 492 4362 nte,
527 4308 723 4353 tantam
750 4301 1027 4355 eolluviem
1056 4302 1449 4369 contrahentes,
1484 4314 1537 4358 ut
1566 4306 1794 4358 animam
1822 4306 1962 4358 illam

392 4390 662 4455 sterilem,
708 4390 1124 4459 infructuosam,
1175 4394 1429 4465 bonisque
1468 4396 1712 4449 omnibus
1746 4412 1962 4449 vacuam

391 4481 645 4536 efficiant.
694 4483 892 4537 llorum
936 4492 1102 4539 testes
1144 4500 1261 4539 esse
1288 4497 1509 4555 possunt
1547 4488 1711 4542 exteri
1752 4503 1963 4557 quoque

392 4573 681 4640 scriptores
702 4589 714 4625 :
738 4589 962 4642 quorum
985 4590 1119 4629 unus
1140 4576 1362 4629 alterum
1383 4574 1659 4642 affectum,
1700 4592 1804 4630 non
1845 4592 1963 4631 cum

392 4668 496 4720 alio
519 4669 758 4735 junctum
785 4711 799 4735 ,
833 4668 925 4723 sed
954 4685 1048 4738 per
1070 4660 1134 4724 ise
1162 4670 1332 4724 solum
1354 4713 1368 4738 ,
1399 4685 1575 4726 arcem
1594 4712 1607 4736 ,
1636 4671 1769 4724 alius
1796 4686 1923 4725 vero
1946 4711 1961 4735 ,

392 4772 550 4831 caput
578 4763 833 4815 malorum
863 4763 1112 4831 appellat.
1145 4763 1296 4829 Quod
1341 4764 1385 4817 si
1430 4773 1731 4834 separatum
1762 4778 1855 4816 arx
1884 4772 1967 4817 est
2004 4748 2005 4755 ‘

393 4862 445 4904 et
467 4861 643 4921 caput,
676 4867 794 4905 cum
823 4853 956 4906 alius
983 4853 1139 4922 longe
1165 4853 1378 4922 gravior
1404 4862 1460 4907 et
1490 4854 1754 4923 potentior
1778 4868 1961 4907 acces-

393 4944 543 5007 serit,
569 4945 753 4996 insana
777 4958 967 5013 nempe
995 4944 1180 5013 gloria:
1203 4944 1416 5012 cupido,
1440 4955 1631 4999 etcum
1655 4945 1745 4997 illo
1770 4944 1969 4997 violen-

395 5044 477 5087 ter
506 5035 751 5099 irruerit,
788 5035 1097 5105 radicesque
1132 5037 1400 5105 posuerit,
1429 5045 1586 5105 atque
1609 5036 1820 5105 juvenis
1850 5036 1965 5089 ani-

396 5143 538 5179 mum
580 5128 956 5196 occupaverit,
1004 5129 1123 5198 quis
1159 5130 1374 5183 demum
1419 5129 1677 5198 ejusmodi
1721 5129 1963 5183 morbum

395 5234 643 5273 amovere
683 5220 887 5288 possit,
919 5234 1039 5273 cum
1083 5221 1312 5274 maxime
1352 5229 1532 5288 patres
1573 5220 1705 5289 ipsi,
1755 5234 1861 5273 non
1913 5227 1970 5273 ut

395 5311 724 5376 evellantur,
768 5310 862 5365 sed
904 5318 963 5363 ut
993 5310 1225 5363 firmiora
1254 5312 1359 5364 sint
1389 5310 1502 5364 hzec
1531 5311 1665 5364 mala
1693 5310 1928 5378 germina
1948 5351 1965 5376 ,

398 5403 530 5457 nihil
562 5418 665 5456 non
696 5414 855 5473 agant
884 5412 937 5457 et
965 5403 1181 5457 dicant?
1226 5402 1356 5468 Quis
1401 5403 1558 5473 igitur
1598 5403 1731 5456 adeo
1777 5402 1968 5456 stultus

397 5504 500 5558 est,
531 5503 589 5547 ut
620 5510 725 5547 non
752 5494 1001 5563 desperet
1025 5493 1092 5547 de
1120 5493 1291 5548 salute
1317 5494 1465 5562 pueri
1491 5492 1556 5547 ad
1583 5492 1723 5547 hunc
1753 5492 1967 5546 modum

399 5586 662 5641 instituti?
687 5586 985 5657 Optandum
1012 5594 1092 5640 est
1118 5586 1350 5639 animam
1370 5585 1650 5639 contrariis
1676 5584 1836 5638 rebus
1863 5583 1967 5638 im-

464 5723 479 5751 ¹
514 5729 620 5771 meo
637 5721 805 5780 verba,
826 5725 1005 5769 tantam
1026 5717 1120 5767 vim
1140 5715 1405 5779 spiitarmn,
1427 5717 1603 5769 desunt
1636 5718 1684 5765 in
1716 5712 1879 5765 Morel.
1921 5728 1970 5769 ei

399 5784 556 5845 Savil.,
579 5785 665 5834 sed
689 5782 926 5831 habentur
949 5783 998 5830 in
1020 5780 1208 5829 duobus
1231 5789 1333 5831 Mss.

1063 334 1424 393 ADVERSUS
1461 337 2001 395 OPPUGNATOBES
2028 340 2209 395 VITIE
2248 341 2539 397 MONAST.
2572 342 2700 397 LIB.
2741 341 2827 398 Ill.

3517 344 3618 401 358

2049 453 2226 508 butam
2247 470 2275 507 a
2299 454 2493 509 malitia
2520 471 2578 511 se
2603 456 2897 512 subducere
2914 471 2927 509 :
2946 454 3158 525 quando
3182 464 3356 509 autem
3384 456 3615 526 undique

2049 545 2272 599 illiciunt
2312 548 2659 616 pecuniarum
2713 548 2964 617 praemia,
3014 556 3070 603 et
3121 547 3364 601 scelerati
3408 548 3506 602 viri
3550 548 3617 602 ad

2051 636 2358 690 imitandum
2388 648 2777 707 proponuntur,
2804 653 3044 707 quamam
3078 638 3263 692 salutis
3288 653 3409 707 spes
3429 654 3618 707 super-

2051 726 2169 780 est?
2196 726 2328 780 Nam
2358 743 2487 794 eos,
2519 729 2603 798 qui
2638 730 2973 798 pecuniarum
3003 744 3185 783 amore
3233 738 3479 783 tenentur
3504 770 3519 794 ,
3568 739 3622 783 et
3668 750 3673 756 ·

2053 817 2278 884 invidos,
2307 826 2362 872 et
2388 820 2655 889 improbos
2683 829 2737 873 et
2758 820 2978 873 multum
3000 819 3261 888 jurantes,
3281 828 3334 872 et
3356 820 3616 888 perjuros,

2052 908 2464 963 contumeliosos
2483 910 2628 973 item,
2656 908 2815 973 fures,
2845 908 3243 973 inverecundos,
3268 909 3617 977 impudentes,

2052 998 2285 1068 ingratos
2303 1042 2319 1064 ,
2346 1001 2575 1070 denique
2599 1002 2742 1055 omni
2778 1003 3008 1071 nequitia
3045 1001 3229 1070 plenos
3260 1016 3378 1055 esse
3403 1015 3622 1054 necesse

2052 1098 2153 1142 est.
2197 1090 2394 1144 Horum
2435 1092 2583 1146 testis
2616 1091 2715 1145 fide
2758 1092 2947 1161 dignus
2972 1103 3055 1147 est
3093 1093 3276 1146 beatus
3313 1091 3506 1145 Paulus
3543 1092 3619 1161 (l.

2053 1178 2185 1232 Tim.
2204 1182 2382 1252 6.10),
2411 1190 2499 1251 qui
2532 1183 2759 1237 radicem
2775 1184 3008 1237 omnium
3027 1183 3285 1235 malorum
3307 1197 3424 1235 esse
3450 1182 3621 1235 avari-

2057 1272 2180 1325 tiam
2215 1274 2349 1325 dixit
2372 1292 2385 1327 :
2409 1284 2462 1327 et
2487 1283 2611 1328 ante
2639 1275 2806 1342 ipsum
2833 1274 3073 1328 Christus
3102 1273 3153 1327 id
3182 1274 3352 1343 ipsum
3379 1273 3621 1326 declara-

2055 1371 2203 1415 verat
2230 1362 2439 1434 (Matth.
2487 1362 2539 1418 6.
2582 1363 2710 1431 24),
2753 1379 3067 1418 asseverans
3096 1380 3200 1417 non
3230 1378 3350 1417 esse
3378 1363 3625 1431 possibile

2055 1454 2167 1509 Deo
2192 1457 2391 1511 servire
2414 1472 2535 1512 eum
2561 1499 2575 1522 ,
2605 1458 2693 1527 qui
2725 1458 2796 1511 illi
2824 1457 3008 1511 morbo
3032 1457 3274 1511 serviret.
3308 1454 3439 1510 Cum
3469 1454 3625 1525 igitur

2057 1546 2207 1600 initio
2228 1546 2438 1615 juvenis
2463 1549 2528 1602 ad
2557 1548 2694 1603 hanc
2730 1551 2905 1604 statim
2945 1548 3237 1603 adducatur
3274 1549 3580 1602 servitutem
3606 1588 3622 1613 ,

2058 1638 2267 1705 quando
2294 1639 2428 1693 liber
2452 1640 2673 1694 evadere
2705 1641 2927 1709 poterit,
2977 1639 3185 1709 quando
3219 1638 3435 1693 ﬂuctum
3467 1638 3627 1696 susti-

2059 1744 2207 1793 nere,
2233 1732 2479 1785 omnibus
2510 1732 2848 1800 pollentibus,
2880 1732 3129 1785 omnibus
3154 1730 3585 1799 immergentibus
3608 1770 3623 1795 ,

2059 1830 2112 1873 et
2139 1821 2189 1873 in
2220 1831 2473 1876 extremm
2501 1823 2882 1877 submersionis
2907 1824 3276 1877 necessitatem
3299 1822 3469 1891 ipsum
3495 1836 3625 1874 eon-

2060 1912 2443 1967 stituentibus?
2488 1913 2616 1967 Nam
2655 1916 2734 1980 si,
2775 1914 2921 1968 nullo
2950 1915 3290 1983 perturbante
3312 1954 3327 1981 ,
3371 1913 3415 1967 si
3448 1912 3628 1966 multis

2058 2016 2273 2055 manum
2299 2004 2707 2074 porrigentibus,
2740 2020 3012 2075 emergere
3046 2005 3213 2075 possit
3245 2019 3308 2059 ac
3330 2004 3625 2074 respicere,

2058 2095 2413 2166 vitiorumque
2431 2097 2749 2167 salsuginem
2768 2098 3007 2163 abluere,
3028 2113 3203 2151 annon
3223 2096 3454 2166 optabile
3470 2094 3625 2149 illud?

2060 2185 2136 2247 si,
2166 2186 2373 2256 inquam
2392 2228 2405 2250 ,
2440 2188 2594 2257 longo
2616 2196 2855 2259 tempore
2882 2189 3073 2243 divinis
3099 2198 3408 2244 excantatus
3434 2186 3630 2241 carmi-

2061 2275 2254 2341 nibus,
2313 2277 2604 2332 incidentes
2652 2280 2867 2332 morbos
2921 2279 3087 2348 p0ssit
3134 2279 3397 2348 abjicere,
3452 2291 3629 2331 nonne

2063 2365 2396 2435 laudandus,
2454 2383 2632 2423 nonne
2686 2369 2881 2423 millies
2930 2368 3265 2423 coronandus
3316 2368 3441 2423 est?
3490 2368 3627 2421 Dura

2060 2457 2256 2526 quippe
2306 2466 2389 2511 est
2444 2458 2812 2525 consuetudo,
2879 2458 3011 2512 dura
3078 2468 3131 2512 et
3193 2458 3259 2511 ad
3318 2457 3629 2511 vincendam

2061 2549 2476 2619 capiendumque
2519 2552 2748 2604 animam
2793 2558 3129 2620 comparata,
3169 2564 3288 2603 cum
3336 2549 3631 2619 prmscrtim

2061 2640 2179 2696 hzec
2215 2644 2536 2713 voluptatem
2575 2644 2888 2713 adjutricem
2920 2642 3129 2706 habeat,
3163 2643 3248 2696 illa
3279 2657 3404 2696 vero
3432 2639 3628 2704 virtus,

2061 2731 2127 2785 ad
2150 2749 2307 2801 quam
2335 2733 2664 2800 festinamus,
2697 2750 2852 2803 quam
2875 2734 3133 2803 attingere
3159 2732 3431 2787 studemus
3451 2773 3464 2794 ,
3493 2730 3631 2784 mul-

2064 2832 2147 2878 tos
2173 2826 2323 2879 nobis
2355 2826 2521 2894 pariat
2550 2826 2777 2880 labores.
2802 2825 3002 2879 Idcirco
3026 2825 3184 2888 Deus,
3219 2823 3473 2887 Hebraeis,
3500 2836 3633 2889 quos

2063 2917 2341 2985 oportebat
2382 2918 2627 2970 vitiorum
2686 2926 2918 2970 veterem
2968 2914 3400 2969 consuetudinem
3465 2913 3632 2981 depo-

2063 3023 2212 3072 nere,
2238 3024 2352 3078 qure
2379 3024 2569 3079 nempe
2600 3009 2650 3062 in
2680 3007 2911 3079 JEgypto
2935 3006 3246 3069 didicerant,
3284 3004 3504 3059 seorsim
3536 3003 3633 3056 ab-

2062 3099 2237 3155 ductis
2267 3101 2318 3153 in
2347 3100 2717 3164 solitudinem,
2749 3110 2802 3153 et
2825 3114 2854 3152 a
2895 3096 3293 3167 corruptoribus
3324 3096 3507 3165 procul
3551 3110 3635 3148 se-

2062 3195 2311 3263 gregatis,
2363 3192 2414 3246 in
2462 3193 2675 3246 deserto
2716 3208 2814 3245 ceu
2865 3192 2917 3245 in
2965 3189 3194 3260 quodam
3243 3187 3562 3242 monasterio
3615 3188 3631 3217 ⁸

2063 3301 2246 3339 eorum
2289 3285 2595 3339 instituebat
2637 3286 2865 3348 animos,
2913 3284 3053 3336 viam
3097 3297 3310 3335 omnem
3357 3281 3633 3335 medicina:

2064 3387 2293 3441 tentans,
2340 3387 2448 3429 tum
2496 3378 2836 3445 asperiorem,
2890 3385 2998 3428 tum
3043 3374 3355 3438 dulciorem,
3399 3371 3635 3439 nihilque

2064 3476 2207 3522 retro
2223 3469 2527 3538 relinquens
2548 3484 2753 3533 eorum,
2771 3482 2888 3536 qua:
2909 3466 2973 3520 ad
2991 3465 3343 3520 valetudinem
3364 3462 3632 3533 profutura

2065 3568 2263 3615 essent.
2294 3560 2479 3630 Neque
2518 3562 2595 3615 sic
2624 3569 2799 3615 tamen
2822 3574 2850 3612 a
2880 3559 3111 3629 nequitia
3143 3557 3510 3620 desciverunt,
3542 3554 3634 3609 sed

2064 3669 2184 3707 cum
2224 3670 2414 3707 manna
2454 3668 2632 3722 cepas,
2671 3654 2827 3719 allia,
2860 3661 3159 3720 cmteraque
3201 3650 3378 3704 omnia
3420 3648 3635 3718 Egypti

2064 3747 2203 3799 mala
2233 3746 2587 3815 requirebant.
2622 3744 2848 3799 Tantum
2896 3744 3090 3797 malum
3138 3752 3218 3796 est
3264 3739 3629 3795 consuetudo!

2065 3839 2264 3893 Deinde
2290 3839 2457 3894 Judaei
2486 3847 2631 3892 tanta
2655 3838 2746 3891 Dei
2772 3852 2895 3891 cura
2921 3839 3177 3897 fruentes,
3212 3846 3317 3888 tam
3347 3832 3558 3902 egregio
3585 3839 3639 3883 et

2064 3947 2323 4000 generoso
2345 3931 2594 4000 magistro
2618 3930 2717 3994 usi,
2737 3939 2791 3984 et
2815 3930 3003 3982 timore
3029 3938 3082 3981 et
3108 3927 3279 3991 minis,
3305 3934 3360 3980 et
3380 3923 3638 3979 beneficio

2065 4034 2117 4078 et
2146 4024 2403 4094 supplicio
2428 4023 2491 4077 ad
2518 4038 2729 4076 omnem
2759 4022 2972 4075 modum
3005 4020 3227 4074 instituti
3251 4060 3266 4085 ,
3309 4028 3385 4072 tot
3406 4032 3636 4085 conspe-

2065 4118 2162 4169 ctis
2180 4116 2457 4185 prodigiis,
2479 4131 2582 4170 non
2603 4116 2668 4169 ad
2688 4116 2956 4169 meliorem
2975 4129 3031 4167 se
3057 4113 3257 4183 frugem
3281 4119 3595 4179 receperunt
3620 4126 3634 4161 :

2066 4216 2119 4261 tu
2148 4224 2274 4263 vero
2304 4208 2468 4261 filium
2497 4218 2644 4263 tuum
2672 4208 3060 4263 adolescentem
3102 4207 3154 4260 in
3185 4206 3358 4260 media
3387 4204 3635 4276 Egypto,

2067 4301 2172 4353 imo
2194 4301 2244 4353 in
2271 4300 2460 4354 mediis
2486 4300 2681 4354 diaboli
2726 4300 2915 4354 castris
2944 4307 3267 4360 versantem,
3310 4296 3636 4365 nullumque,

2065 4391 2153 4459 qui
2201 4390 2341 4460 quod
2385 4390 2513 4444 utile
2554 4390 2622 4444 sit
2664 4390 2939 4444 consilium
2987 4388 3096 4451 det,
3150 4388 3472 4451 audientem,
3526 4402 3641 4439 omo

2066 4498 2267 4551 nesque
2290 4498 2348 4537 se
2377 4482 2442 4536 ad
2470 4485 2733 4536 contraria
2755 4482 3009 4535 ducentes
3037 4480 3322 4544 videntem,
3350 4477 3638 4547 imprimis-

2065 4589 2169 4643 que
2199 4582 2443 4643 parentes
2471 4584 2525 4627 et
2554 4572 2835 4628 eductores
2860 4586 3019 4636 suos,
3052 4581 3204 4641 putas
3258 4585 3413 4639 posse
3441 4568 3642 4623 diaboli

2069 4666 2286 4736 laqueos
2310 4666 2580 4735 effugere?
2606 4663 2777 4731 Unde,
2807 4663 3021 4733 quarso?
3048 4678 3171 4716 num
3196 4678 3261 4715 ex
3290 4661 3642 4714 hortamentis

2070 4756 2219 4811 tuis?
2244 4757 2400 4826 Atqui
2426 4767 2479 4810 tu
2511 4756 2576 4810 ad
2606 4756 2869 4809 contraria
2912 4769 3130 4817 evocas,
3160 4768 3226 4807 ne
3256 4768 3350 4821 per
3376 4751 3641 4805 somnium

2068 4849 2282 4919 quidem
2312 4864 2431 4902 eum
2460 4847 2806 4916 philosophia:
2843 4846 3151 4899 meminisse
3191 4841 3516 4905 concedens;
3549 4841 3643 4895 sed

2070 4942 2198 4996 dum
2245 4941 2383 4995 hanc
2427 4940 2588 4995 vitam
2636 4939 2855 5007 ejusque
2898 4935 3177 4991 commoda
3225 4934 3364 4988 ultro
3406 4934 3644 5002 citroque

2069 5050 2248 5089 versas
2270 5074 2285 5099 ,
2317 5035 2367 5087 in
2399 5033 2721 5087 decumanos
2749 5032 2894 5083 illum
2936 5028 3271 5097 majoresque
3298 5024 3490 5079 ﬂuctus
3515 5039 3645 5077 con-

2065 5128 2205 5197 jicis.
2236 5126 2370 5181 Num
2411 5140 2477 5180 ex
2502 5122 2827 5192 semetipso?
2853 5120 3101 5176 Profecto
3140 5118 3350 5187 juvenis
3394 5132 3499 5170 non
3544 5114 3643 5168 sibi

2070 5221 2168 5289 ipsi
2197 5221 2327 5273 satis
2369 5227 2451 5273 est
2478 5217 2543 5271 ad
2575 5216 2820 5270 virtutem
2860 5212 3209 5268 exercendam
3242 5229 3255 5263 :
3297 5209 3391 5265 sed
3435 5208 3645 5263 etiamsi

2071 5311 2197 5380 quid
2232 5326 2293 5365 ex
2325 5312 2502 5379 seipso
2530 5317 2801 5362 strenuum
2832 5305 3029 5375 pariat,
3059 5314 3339 5371 antequam
3368 5300 3418 5354 id
3447 5299 3644 5369 germi-

2072 5412 2184 5466 net,
2231 5401 2444 5456 assiduo
2487 5400 2767 5454 verborum
2810 5406 3018 5451 tuorum
3052 5394 3235 5467 imbre
3279 5389 3645 5445 suﬂ‘ucabitur.

2072 5493 2524 5561 Quemadmodum
2552 5493 2692 5547 enim
2734 5504 2955 5559 corpus,
2986 5487 3127 5559 quod
3154 5485 3469 5541 salutaribus
3510 5484 3647 5538 cibis

2075 5602 2182 5641 non
2212 5586 2418 5651 fruitur,
2445 5584 2537 5639 sed
2567 5582 2921 5637 insalubribus
2943 5581 3117 5647 alitur,
3148 5594 3214 5633 ne
3244 5592 3406 5647 parvo
3430 5576 3643 5647 quidem

2140 5786 2155 5821 |
2192 5784 2363 5846 Verba,
2387 5784 2436 5833 in
2468 5782 2672 5843 deserto,
2710 5782 2761 5831 in
2792 5776 2953 5829 Morel.
2978 5776 3081 5828 solo
3102 5775 3297 5825 desunt.
