4116 6392
408 337 677 401 ,δεῦθ’

486 461 725 523 tempore
752 446 1047 504 subsistere
1073 447 1247 514 valet,
1274 446 1353 501 sic
1375 460 1478 501 nec
1499 444 1675 499 anima
1713 443 1796 499 his
1824 442 2060 498 instituta

482 548 541 596 et
579 539 804 606 imbuta,
832 547 1109 594 strenuum
1144 536 1271 606 quid
1300 544 1392 590 aut
1415 550 1662 605 magnum
1702 536 1936 604 cogitare
1965 547 2064 603 po-

477 631 633 698 terit,
665 629 759 685 sed
795 643 1013 684 necesse
1042 636 1126 683 est
1148 642 1264 682 eam
1294 635 1349 681 et
1393 624 1693 695 languidam
1736 631 1792 679 et
1816 622 2063 686 mollem,

476 723 725 794 nequitia
753 736 851 777 ceu
879 720 1107 791 quadam
1135 729 1283 790 peste
1308 718 1522 773 assidue
1546 716 1838 782 detentam,
1868 715 1946 769 sic
1971 712 2068 768 de-

479 830 639 870 =mum
668 813 719 867 in
744 813 1042 884 gehennam
1068 819 1123 865 et
1145 811 1196 865 in
1226 808 1513 879 perniciem
1538 806 1714 877 dejici.

566 905 618 957 7.
646 903 890 959 Parentes
935 918 1071 974 sape
1094 902 1399 957 contrariam
1427 898 1724 969 evangelica
1749 897 2070 966 disciplinam

488 999 618 1069 ﬁliis
645 997 872 1052 tradunt.
897 1026 972 1039 —
997 995 1092 1050 Sin
1119 1004 1173 1050 tu
1199 995 1377 1059 dicas,
1399 1010 1505 1049 non
1531 994 1602 1048 ita
1627 1008 1687 1050 se
1706 1008 1821 1048 rem
1848 991 2066 1058 habere.

498 1104 766 1162 posseque
794 1089 848 1143 in
876 1088 1056 1143 medie
1081 1103 1261 1143 rerum
1291 1095 1589 1143 versantem
1627 1086 1878 1140 virtutem
1918 1098 2071 1139 exer-

499 1197 626 1238 cere
653 1196 887 1246 omnem,
918 1196 1089 1251 neque
1114 1180 1301 1235 ludens
1329 1179 1425 1235 sed
1450 1180 1592 1234 serio
1615 1180 1687 1234 ita
1717 1177 1976 1249 loquaris,
2005 1192 2073 1232 ne

500 1283 576 1339 te,
602 1290 815 1345 quaso,
868 1272 1042 1344 pigeat
1071 1272 1207 1328 hanc
1232 1287 1422 1327 novam
1467 1286 1564 1326 nos
1601 1281 1759 1341 atque
1784 1269 2071 1325 inauditam

502 1364 699 1420 docere
722 1364 1058 1434 disciplinam
1085 1383 1096 1416 :
1123 1378 1292 1434 neque
1309 1363 1450 1418 enim
1479 1362 1634 1417 velim
1653 1370 1855 1416 temere
1871 1368 2074 1414 tantum

504 1457 637 1513 mihi
682 1457 880 1527 negotii
923 1471 1229 1521 assumere,
1258 1470 1431 1525 neque
1458 1463 1534 1509 tot
1558 1454 1714 1508 bonis
1756 1452 1950 1507 frustra
1990 1466 2078 1507 ca-

506 1564 647 1604 rere.
680 1548 872 1604 Verum
901 1548 952 1603 id
976 1547 1214 1602 ediscere
1259 1547 1561 1602 nullatenus
1589 1559 1834 1615 possum;
1857 1542 1908 1597 id
1936 1542 2079 1597 enim

507 1655 613 1696 non
645 1640 951 1712 permittitis
971 1654 1066 1693 vos
1093 1657 1107 1694 :
1129 1646 1286 1709 atque
1309 1637 1430 1692 huic
1455 1636 1732 1691 sententia
1756 1643 1810 1690 et
1825 1633 2006 1689 verbis
2026 1641 2081 1688 et

490 1734 673 1804 "gestis
701 1732 1036 1803 repugnatis,
1065 1739 1120 1787 et
1143 1729 1406 1785 contraria
1444 1727 1647 1782 docetis
1675 1743 1690 1782 :
1733 1724 1990 1796 siquidem
2020 1738 2083 1779 ac

510 1825 555 1879 si
586 1823 758 1879 dedita
779 1838 939 1893 opera
962 1822 1099 1878 ﬁlios
1149 1821 1373 1893 perdere
1392 1818 1668 1884 studeatis,
1691 1818 1770 1872 sic
1790 1817 1880 1871 illa
1906 1815 2083 1869 omnia

512 1916 796 1986 pracipitis
823 1916 900 1970 eis
918 1957 934 1979 ,
961 1930 1079 1985 qua
1120 1914 1210 1983 qui
1240 1923 1605 1983 exsequuntur
1641 1912 1866 1967 salutem
1896 1923 2086 1964 conse-

496 2005 606 2077 ~qui
634 2021 738 2059 non
771 2012 1011 2076 possunt.
1058 2005 1192 2061 Rem
1222 2003 1380 2058 altius
1418 2003 1717 2058 considera.
1756 1999 1864 2066 Va,
1895 1999 2084 2070 inquit,

504 2096 796 2151 ridentibus
832 2095 985 2167 (Luc.
1037 2096 1089 2151 6.
1129 2095 1220 2150 24.
1263 2104 1311 2149 et
1353 2093 1549 2165 seqq.);
1598 2108 1692 2148 vos
1731 2101 1908 2146 autem
1957 2090 2088 2159 ipsis

517 2190 712 2244 multas
758 2188 1007 2258 prabetis
1043 2186 1248 2244 ridendi
1287 2187 1596 2242 occasiones
1636 2202 1650 2239 :
1688 2183 1778 2239 Va:
1818 2183 2088 2247 divitibus;

504 2294 616 2335 "vos
642 2295 771 2335 vero
800 2289 856 2335 ut
882 2278 1156 2350 pecuniosi
1186 2278 1293 2331 sint
1317 2287 1506 2331 cuncta
1536 2274 1792 2330 molimini
1818 2292 1831 2328 :
1872 2272 1958 2327 γω
1979 2288 2092 2326 cum

521 2370 861 2424 benedizerint
889 2367 1026 2423 vobis
1064 2383 1235 2422 omnes
1261 2367 1519 2432 homines;
1547 2379 1642 2420 vos
1669 2374 1844 2419 autem
1875 2378 1971 2432 pro
1998 2377 2095 2431 po-

520 2461 692 2533 pulari
719 2476 844 2515 aura
873 2459 1147 2516 facultates
1170 2475 1311 2529 sape
1336 2472 1522 2514 omnes
1549 2456 1836 2513 ell'unditis.
1864 2456 2094 2511 Rursum

523 2554 593 2620 is,
620 2553 709 2622 qui
738 2551 887 2608 fratri
925 2551 1299 2607 contumeliam
1328 2547 1488 2605 infert
1507 2590 1521 2613 ,
1559 2563 1681 2604 reus
1707 2557 1789 2603 est
1808 2547 2093 2618 gehenna,

524 2658 726 2713 vosque
766 2653 942 2697 tamen
980 2651 1036 2696 et
1061 2641 1357 2697 imbecillos
1399 2650 1454 2695 et
1493 2639 1710 2694 timidus
1734 2653 1853 2694 esse
1901 2638 2097 2708 putatis

516 2748 642 2800 eos,
669 2733 757 2803 qui
788 2733 946 2788 tacite
969 2732 1141 2787 illatas
1164 2731 1263 2786 sibi
1290 2732 1359 2786 ab
1385 2731 1502 2785 aliis
1526 2729 1876 2786 contumelias
1898 2728 2095 2784 ferunt.

526 2825 686 2883 lubet
708 2825 948 2882 Christus
972 2840 1172 2896 pugnas
1198 2832 1254 2879 et
1272 2824 1389 2878 lites
1407 2831 1779 2885 contemnere;
1798 2837 1894 2876 vos
1921 2829 2098 2875 autem

520 2917 649 2974 illos
673 2917 725 2971 in
753 2916 836 2971 his
858 2931 1073 2987 semper
1091 2914 1245 2971 malis
1271 2915 1467 2971 versari
1499 2914 1714 2969 curatis.
1742 2912 1963 2968 Oculum
1987 2912 2096 2976 ille,

531 3008 578 3064 si
616 3017 830 3072 noceat,
878 3021 1071 3062 eruere
1111 3020 1254 3078 sape
1286 3004 1470 3075 jubet;
1501 3013 1556 3057 at
1597 3016 1693 3057 vos
1734 3016 1829 3056 eos
1870 3002 2101 3056 maxime

529 3100 683 3156 vobis
707 3099 1004 3155 conciliatis
1040 3099 1269 3163 amicos,
1310 3096 1398 3167 qui
1438 3096 1642 3166 possint
1686 3095 1933 3165 pecunias
1958 3108 2099 3163 pra-

528 3188 664 3246 bere
680 3230 696 3258 ,
730 3189 943 3246 etiamsi
968 3197 1260 3244 extremam
1292 3186 1579 3258 nequitiam
1600 3185 1845 3241 doceant.
1866 3183 2099 3240 Uxorem

528 3288 815 3361 repudiare
834 3302 940 3341 non
960 3283 1241 3356 permittit,
1267 3294 1623 3355 praterquam
1653 3279 1705 3334 in
1727 3280 1838 3334 sola
1858 3277 2102 3333 adulterii

534 3394 730 3444 (causa;
758 3386 813 3433 at
849 3392 945 3432 vos
980 3376 1109 3432 dum
1155 3374 1405 3445 pecunias
1455 3373 1729 3443 acquirere
1772 3371 1954 3437 liceat,
2002 3369 2106 3439 hoc

538 3480 862 3542 praeceptum
886 3467 1159 3538 despicere
1179 3466 1401 3523 docetis.
1426 3463 1800 3534 Jusjurandum
1818 3470 1960 3517 vetat
1986 3476 2104 3515 om-

534 3579 640 3629 ne;
670 3576 769 3618 vos
805 3560 850 3617 si
874 3575 1032 3632 quem
1063 3559 1115 3614 id
1140 3574 1356 3615 servare
1396 3558 1636 3613 videritis
1656 3599 1671 3620 ,
1701 3558 1860 3612 etiam
1901 3556 2106 3611 ridetis.

539 3655 641 3722 Qui
673 3662 830 3718 autat,
870 3652 1060 3724 inquit,
1102 3652 1323 3706 animum
1357 3666 1523 3716 suam,
1570 3650 1742 3719 perdet
1781 3664 1891 3703 eam
1931 3646 2106 3720 (Joan.

541 3745 631 3802 12.
657 3744 753 3815 25)
776 3761 792 3807 ;
821 3759 916 3798 vos
935 3744 1001 3805 ad
1034 3744 1173 3798 hunc
1196 3758 1430 3797 amorem
1460 3741 1579 3797 illos
1605 3756 1815 3811 semper
1838 3740 2106 3796 inducitis.

543 3833 604 3890 Si
633 3850 735 3888 non
767 3833 1078 3898 remiseritis,
1111 3833 1317 3902 inquit,
1357 3824 1639 3886 hominibui
1680 3842 1918 3908 peccata,
1954 3848 2113 3894 neque
2176 3864 2179 3869 ι

535 3923 679 3978 nobis
703 3925 918 3977 remittet
940 3922 1095 3976 Pater
1121 3932 1279 3976 vester
1304 3921 1515 3976 cwlestis
1544 3920 1752 3992 (Matth.
1781 3923 1834 3978 6.
1868 3922 1988 3992 li);
2016 3937 2111 3976 vos

545 4015 652 4072 illis
695 4016 1055 4086 exprobratis,
1081 4030 1204 4070 cum
1256 4029 1371 4081 eos,
1399 4015 1488 4084 qui
1517 4030 1577 4070 se
1620 4014 1875 4079 laserint,
1929 4014 2111 4069 ulcisci

545 4108 759 4176 nolunt;
789 4119 950 4180 utque
970 4108 1022 4163 id
1049 4116 1252 4164 mature
1276 4080 1529 4180 prastare
1570 4108 1775 4178 possint
1814 4108 1931 4162 illos
1957 4080 2133 4164 iusti;

544 4202 714 4257 tuitis.
764 4201 959 4257 Gloria
1003 4199 1222 4270 cupidos
1263 4199 1444 4253 omnia
1489 4197 1685 4253 frustra
1728 4214 1884 4270 agere
1930 4198 2116 4253 docuit

542 4291 810 4357 Christus,
839 4293 953 4346 sive
982 4290 1055 4345 illi
1096 4276 1479 4361 ieiunaverint,
1512 4291 1628 4344 sive
1667 4290 1968 4354 oraverint,
1995 4290 2114 4345 sive

549 4384 751 4440 miscrti
777 4382 1002 4447 fuerint;
1026 4392 1081 4437 at
1100 4396 1196 4437 vos
1223 4392 1281 4435 ut
1310 4382 1453 4437 illam
1480 4390 1829 4451 assequuntur
1855 4381 1982 4436 nihil
2010 4397 2114 4437 non

546 4477 721 4547 agitis.
753 4476 954 4546 Ecquid
983 4489 1114 4542 opus
1142 4473 1320 4527 omnia
1359 4472 1624 4542 persequi,
1653 4487 1773 4527 cum
1812 4487 1969 4540 supra
1999 4488 2111 4526 me—

544 4576 753 4626 morata
775 4569 1083 4623 innumeras
1099 4567 1367 4636 gehennas
1384 4563 1586 4639 inferre
1604 4564 1826 4634 possint;
1846 4579 1943 4619 nec
1961 4563 2118 4618 modo

548 4660 727 4717 omnia
768 4659 946 4723 simul,
991 4657 1083 4712 sed
1123 4671 1365 4712 seorsum
1404 4655 1647 4731 singula“.t
1689 4657 1757 4709 At
1801 4670 1895 4709 vos
1941 4655 2119 4711 omnia

551 4753 707 4807 simul
733 4760 1004 4821 congesta,
1036 4758 1091 4803 et
1116 4747 1453 4803 intolerabile
1482 4755 1821 4816 peccatorum
1851 4760 1988 4800 onus
2016 4746 2117 4798 im-

554 4851 812 4913 ponentes
831 4883 846 4907 ,
874 4840 952 4895 sic
976 4841 1028 4895 in
1058 4838 1274 4893 fluvium
1323 4838 1534 4906 igneum
1566 4836 1872 4895 immittitis.
1894 4835 2121 4902 Quando

551 4934 777 4992 salutem
809 4932 1039 4987 nancisci
1079 4938 1326 5000 poterunt
1365 4937 1562 4982 tantam
1605 4927 1834 4982 ferentes
1872 4926 2008 4996 ignis
2031 4940 2121 4979 es-

552 5024 710 5082 eam?
732 5024 916 5091 Neque
957 5024 1009 5078 id
1035 5019 1366 5077 solummodo
1408 5035 1569 5091 grave
1597 5027 1712 5082 est,
1743 5016 1881 5088 quod
1927 5016 2124 5071 Christi

556 5115 835 5186 praeceptis
854 5114 1119 5170 contraria
1147 5112 1382 5167 doceatis
1401 5151 1414 5174 ,
1443 5110 1535 5165 sed
1564 5109 1705 5181 quod
1738 5108 2007 5178 praclaris
2034 5124 2127 5178 ap-

555 5205 934 5278 pellationibus
954 5203 1083 5259 vitia
1113 5203 1394 5273 obtegatis,
1413 5196 1789 5271 'hippodromis
1811 5214 1873 5253 ac
1904 5200 2124 5254 theatris

553 5298 749 5369 jugiter
765 5298 1026 5352 interesse
1038 5295 1389 5350 urbanitatem
1400 5302 1673 5355 vocantes,
1692 5291 1902 5345 divitias
1914 5291 2128 5344 liberta—

556 5400 689 5453 tem,
706 5389 888 5458 gloria
903 5403 1138 5442 amorem
1162 5386 1665 5456 magnanimitatem,
1686 5384 2041 5453 arrogantium
2062 5382 2127 5435 il-

558 5483 789 5544 duciam,
810 5480 1234 5552 prodigalitatem
1266 5478 1667 5538 humanitatem,
1689 5476 1995 5545 injustitiam
2015 5473 2126 5528 for-

560 5574 859 5631 titudinem.
886 5572 1084 5629 Deinde
1105 5613 1122 5639 ,
1171 5570 1321 5641 quasi
1353 5568 1466 5623 hac
1490 5567 1699 5622 fallacia
1730 5581 1833 5619 non
1856 5564 2083 5618 sufficiat
2110 5604 2127 5628 ,

566 5668 807 5723 virtutem
835 5681 1042 5736 quoque
1070 5662 1352 5720 contrariis
1379 5660 1680 5716 nominibus
1708 5656 1909 5713 vocatis
1937 5695 1953 5721 ,
1995 5665 2130 5709 tent-

564 5762 857 5831 perantiam
880 5756 1206 5830 appellantes
1234 5753 1581 5809 ruSticitatem
1602 5792 1618 5820 ,
1645 5748 1960 5806 modestiam
1990 5746 2131 5801 timi-

1186 331 1243 389 8.
1282 330 1560 389 JOANNIS
1594 329 2064 388 CHRYSOSTOMI
2101 328 2413 385 ARClllEP.
2454 316 2992 385 CONSTANTINOP.

3627 328 3740 384 360

2168 443 2406 507 ditatem,
2430 443 2692 513 justitiam
2720 443 3160 505 imbecillitatem,
3182 448 3544 511 contemptum
3567 440 3739 498 fastus

2167 533 2413 589 servilem
2463 533 2698 588 animum
2723 573 2740 601 ,
2791 533 3101 604 injuriarum
3142 532 3477 589 tolerantiam
3510 533 3746 588 inﬁrmi-

2168 633 2331 680 tatem
2358 642 2371 677 :
2421 639 2485 681 ac
2510 625 2555 680 si
2584 626 2834 680 metuatis
2880 639 2948 680 ne
2977 666 2995 691 ,
3026 625 3070 679 si
3107 624 3177 680 ab
3204 624 3322 679 aliis
3341 640 3519 680 veram
3548 626 3745 681 borum

2170 715 2572 784 appellationem
2599 715 2863 770 audierint
2891 715 2983 769 ﬁlii
3011 715 3172 770 vestri
3195 757 3210 782 ,
3241 716 3525 786 perniciem
3550 715 3749 786 hujus-

2171 805 2315 859 modi
2345 804 2565 876 fugiant.
2588 805 2769 876 Neque
2789 804 2930 860 enim
2950 819 3139 875 parum
3167 806 3375 860 confert
3404 805 3471 860 ad
3492 807 3750 861 vitiorum

2174 900 2503 954 eversionem
2529 940 2544 962 ,
2571 900 2616 953 si
2642 899 2798 955 nuda
2817 908 2871 954 et
2887 900 3117 969 propria
3149 914 3335 954 eorum
3363 900 3753 969 appellationes

2176 989 2542 1057 proferantur;
2584 990 2677 1045 sed
2704 999 2908 1046 tantum
2935 991 2987 1045 id
3009 990 3168 1046 habet
3194 991 3404 1046 roboris
3427 991 3492 1046 ad
3515 1006 3756 1060 peccan-

2177 1081 2306 1134 tium
2346 1082 2553 1136 animos
2577 1081 2843 1138 feriendos
2873 1124 2887 1149 ,
2916 1090 2973 1137 ut
2994 1083 3233 1154 plerique
3260 1098 3402 1154 sape
3431 1084 3758 1153 turpissimis

2178 1173 2413 1244 insignes
2436 1174 2574 1229 vitiis
2603 1215 2619 1242 ,
2648 1190 2707 1230 se
2732 1176 2802 1230 ita
2826 1176 3018 1231 vocari'
3034 1192 3142 1231 non
3169 1176 3398 1231 libenter
3420 1175 3622 1239 ferant,
3654 1176 3757 1232 sed

2180 1265 2314 1320 adeo
2343 1267 2563 1321 saviant
2586 1276 2640 1323 et
2663 1267 3002 1339 indignentur
3034 1309 3050 1335 ,
3082 1283 3143 1322 ac
3165 1268 3208 1323 si
3231 1268 3572 1324 acerbissima
3600 1278 3756 1339 pate-

2180 1368 2384 1415 rentur.
2413 1359 2467 1415 Si
2496 1362 2615 1430 quis
2640 1361 2990 1417 adulteratam
3019 1362 3332 1426 mulierem,
3375 1370 3429 1416 et
3454 1370 3757 1431 stupratum

2182 1467 2403 1522 puerum
2431 1468 2497 1509 ex
2522 1453 2828 1524 turpissimo
2848 1463 2967 1509 actu
2994 1456 3281 1520 vocaverit,
3304 1453 3762 1509 irreconciliabilis

2184 1547 2414 1602 efﬁcitur
2442 1547 2686 1601 inimicus
2713 1587 2729 1611 ,
2758 1555 2940 1617 utpote
2960 1548 3048 1617 qui
3071 1561 3259 1617 magna
3283 1546 3521 1601 aﬁ‘ecerit
3540 1546 3759 1614 injuria.

2186 1639 2368 1709 Neque
2400 1639 2499 1693 hos
2536 1646 2742 1695 tantum
2767 1679 2783 1705 ,
2836 1638 2931 1694 sed
2971 1642 3129 1693 etiam
3160 1654 3375 1692 avarum
3396 1680 3412 1705 ,
3443 1637 3714 1693 ebriosum
3742 1676 3761 1703 ,

2187 1742 2524 1803 arrogantem
2554 1773 2569 1797 ,
2620 1732 2940 1801 demumque
2963 1746 3148 1786 omnes
3168 1731 3485 1802 gravissima
3506 1738 3766 1796 operatus

2187 1826 2367 1881 videas
2395 1866 2411 1893 ,
2460 1840 2565 1879 non
2596 1833 2701 1879 tam
2723 1823 2791 1879 de
2820 1824 2934 1892 ipso
2962 1838 3125 1892 opere
3150 1864 3165 1887 ,
3210 1822 3454 1891 vulgique
3500 1822 3757 1891 opinione

2190 1917 2308 1987 angi
2333 1925 2386 1973 et
2408 1916 2611 1983 dolere,
2642 1930 2800 1986 quam
2823 1915 2891 1969 de
2914 1912 3205 1968 facinorum
3232 1911 3549 1967 nominibus.
3569 1910 3770 1965 Multus

2194 2003 2353 2079 porro
2368 2009 2490 2064 novi
2507 2009 2607 2065 hoc
2626 2006 2935 2063 emendatos
2951 2005 3127 2070 modo,
3148 2004 3237 2075 qui
3253 2004 3550 2074 opprobriis
3576 2002 3768 2057 mode-

2195 2102 2416 2155 ratiores
2443 2109 2747 2154 evaserunt.
2774 2102 2841 2152 At
2866 2112 2960 2153 vos
2999 2099 3102 2153 hoc
3128 2097 3376 2152 solatium
3405 2103 3565 2166 atque
3594 2109 3773 2149 reme-

2196 2193 2341 2247 dium
2391 2191 2721 2248 sustulistis:
2775 2190 3022 2260 quodque
3059 2187 3274 2259 gravius
3298 2197 3400 2252 cst,
3442 2203 3545 2240 non
3590 2185 3771 2240 verbis

2198 2287 2391 2350 solum,
2415 2285 2506 2341 sed
2534 2283 2780 2354 exemplo
2804 2298 3015 2354 quoque
3034 2290 3086 2336 et
3114 2296 3277 2352 opere
3304 2279 3416 2334 hac
3439 2279 3541 2333 illis
3565 2279 3773 2332 munita

2198 2376 2357 2445 datis,
2383 2376 2509 2431 dum
2538 2375 2681 2431 ades
2698 2373 3003 2445 Splendidas
3028 2372 3335 2428 construitis
3361 2419 3378 2439 ,
3401 2385 3557 2440 agros
3592 2369 3774 2424 emitis

2199 2469 2593 2542 pinguissimos,
2615 2468 2952 2537 reliquosque
2982 2466 3289 2537 magniﬁcos
3312 2471 3596 2535 apparatus
3622 2459 3775 2515 addi-

2203 2565 2268 2619 tis
2299 2606 2315 2628 ,
2367 2578 2692 2634 prorsusque
2711 2562 2871 2617 veluti
2892 2560 3117 2631 quadam
3139 2558 3332 2614 nebula
3354 2559 3560 2611 animos
3586 2569 3776 2609 eorum

2200 2655 2584 2711 obteuebratis.
2638 2654 2788 2709 Unde
2834 2654 2993 2723 igitur
3038 2651 3166 2705 mihi
3221 2648 3527 2720 persuaderi
3573 2647 3778 2717 poterit

2202 2762 2360 2819 posse
2396 2747 2517 2803 illos
2543 2744 2765 2800 salutem
2795 2743 3046 2811 consequi
3072 2784 3087 2809 ,
3119 2757 3238 2796 cum
3268 2740 3335 2796 ad
3359 2755 3423 2796 ea
3450 2737 3660 2795 evocari
3687 2736 3774 2790 vi-

2203 2840 2356 2895 deam
2380 2882 2395 2906 ,
2424 2854 2541 2908 qua
2566 2839 2653 2908 qui
2700 2838 2900 2892 faciunt
2936 2850 3152 2904 prorsus
3180 2834 3445 2904 perituros
3469 2845 3588 2887 esse
3617 2829 3779 2884 Chri-

2205 2940 2318 2986 stus
2361 2927 2687 2985 declaravit?
2730 2942 2850 2982 cum
2881 2926 3087 2980 videam
3130 2939 3224 2979 vos
3271 2923 3501 2977 animam
3545 2934 3737 2974 eorum
3762 2960 3778 2983 ,

2158 3048 2165 3078 ,η
2205 3025 2355 3095 quasi
2387 3025 2608 3078 minoris
2653 3020 2808 3092 pretii
2855 3018 3061 3091 aliquid
3106 3019 3370 3089 negligere
3400 3059 3415 3080 ,
3470 3014 3559 3070 illa
3599 3022 3784 3068 autem

2207 3132 2324 3186 quae
2353 3129 2478 3169 vere
2501 3111 2768 3184 superflua
2791 3120 2915 3165 sunt
2942 3151 2956 3174 ,
2989 3111 3139 3180 quasi
3170 3106 3468 3163 necessaria
3498 3113 3552 3161 et
3581 3103 3783 3173 praci-

2209 3225 2314 3280 pua
2335 3208 2562 3264 curare?
2588 3206 2826 3276 Namque
2862 3213 2920 3259 ut
2944 3218 3130 3258 servus
3157 3243 3173 3268 ,
3205 3209 3265 3256 ut
3289 3214 3455 3270 equus
3484 3241 3498 3265 ,
3530 3209 3587 3251 ut
3611 3197 3784 3252 vesti-

2211 3312 2447 3357 mentum
2478 3298 2890 3369 pulcberrimum
2921 3295 3031 3349 ﬁlio
3051 3294 3141 3360 sit,
3173 3293 3353 3347 omnia
3375 3290 3580 3355 facitis;
3610 3298 3665 3343 ut
3685 3304 3786 3342 au-

2210 3406 2316 3450 tem
2339 3395 2450 3464 ipse
2465 3393 2660 3462 probus
2680 3392 2768 3455 sit,
2791 3404 2859 3444 ne
2875 3389 3108 3459 cogitare
3128 3386 3339 3456 quidem
3361 3384 3516 3438 vultis
3533 3401 3547 3437 :
3567 3397 3631 3436 ac
3657 3397 3784 3436 cum

2213 3488 2279 3543 ad
2305 3489 2540 3558 lignum,
2569 3484 2635 3538 ad
2678 3483 2902 3552 lapidem
2949 3480 3053 3535 hoc
3094 3479 3326 3534 studium
3376 3478 3392 3509 ¹
3428 3473 3731 3531 extendatis
3765 3515 3782 3537 ,

2212 3580 2443 3633 animam
2484 3592 2551 3631 ne
2594 3576 2810 3630 minima
2858 3571 3075 3643 quidem
3115 3567 3487 3627 sollicitudinis
3514 3575 3661 3635 parte
3694 3565 3783 3620 di—

2213 3689 2371 3744 gnam
2399 3670 2669 3741 judicatis.
2696 3667 2802 3723 Sed
2830 3676 2886 3720 ut
2910 3675 3080 3720 statua
3109 3661 3350 3734 quadam
3382 3661 3434 3715 in
3464 3659 3667 3714 adibus
3685 3657 3788 3714 ad.

2215 3763 2457 3820 miranda
2475 3761 2727 3832 erigatur,
2744 3767 2937 3814 tectum
2958 3759 3027 3812 sit
3051 3770 3292 3820 aureum,
3313 3751 3545 3808 laborem
3565 3765 3786 3805 omnem

2215 3856 2516 3925 suscipitis:
2546 3853 2781 3907 omnium
2809 3858 3101 3905 statuarum
3129 3844 3505 3916 pretiosissima
3527 3844 3702 3896 anima
3726 3850 3789 3895 ut

2218 3962 2376 4002 aurea
2397 3942 2913 4008 efﬁciatur,'nullam
2944 3952 3124 3994 curam
3146 3950 3336 4007 gerere
3367 3934 3544 3988 vultis.

2289 4041 2342 4096 8.
2375 4038 2441 4094 In
2467 4039 2716 4108 nefarium
2756 4033 3119 4091 Sodomiticum
3141 4031 3305 4084 scelus
3340 4014 3585 4081 invehitur
3607 4068 3623 4091 ,
3651 4025 3789 4095 quod

2219 4144 2335 4188 tunc
2356 4134 2571 4187 maxime
2598 4122 2863 4183 obtinebat.
2884 4122 3070 4179 —Sed
3097 4121 3329 4177 nondum
3354 4118 3614 4174 malorum
3635 4116 3788 4171 colo-

2145 4248 2152 4267 ι
2221 4226 2450 4296 phonem
2472 4222 2599 4286 dixi,
2618 4235 2717 4275 nec
2735 4216 3051 4272 calamitatis
3069 4225 3228 4283 caput
3246 4212 3455 4275 deteri;
3478 4207 3617 4278 quod
3643 4223 3792 4276 saepe

2219 4318 2397 4373 dicere
2412 4327 2703 4389 aggressus
2724 4309 2930 4371 erubui,
2960 4322 3101 4378 saepe
3122 4322 3230 4377 prae
3250 4304 3450 4375 pudore
3465 4302 3663 4358 desﬁti.
3692 4300 3793 4355 Ec-

2221 4408 2345 4479 quid
2368 4406 2495 4461 illud
2519 4404 2641 4461 est?
2678 4402 2976 4458 audendum
2998 4396 3137 4455 e'nim
3161 4399 3268 4468 jam
3296 4408 3351 4452 et
3376 4394 3654 4450 dicendum
3681 4405 3788 4448 est.

2220 4503 2423 4571 Magna
2448 4500 2640 4570 quippe
2668 4497 2889 4568 ignavia
2920 4495 2971 4549 id
2993 4502 3155 4557 esset,
3174 4492 3217 4546 si
3246 4490 3371 4560 quid
3400 4489 3523 4544 mali
3543 4501 3793 4543 resecare

2224 4596 2496 4662 cupientes
2523 4632 2538 4657 ,
2571 4606 2637 4645 ne
2667 4589 2858 4642 mutire
2877 4585 3105 4656 quidem
3129 4598 3291 4651 super
3306 4582 3404 4636 .illo
3429 4578 3751 4634 auderemus
3772 4619 3791 4644 ,

2224 4704 2288 4742 ac
2315 4689 2357 4742 si
2403 4686 2668 4740 silentium
2711 4680 3075 4751 agritndinem
3105 4677 3244 4729 ultro
3280 4683 3585 4751 sanaturum
3626 4678 3795 4725 esset.

2227 4778 2302 4834 Nc
2329 4780 2596 4832 taceamus
2625 4774 2802 4844 igitur,
2821 4770 3025 4824 etiamsi
3048 4767 3240 4821 millies
3265 4746 3681 4820 erubescendum
3700 4762 3797 4841 sit.

2226 4872 2408 4943 Neque
2425 4869 2573 4925 enim
2602 4865 2838 4935 medicus
2858 4877 2977 4918 cum
2994 4859 3343 4930 abstergenda
3360 4856 3585 4928 putredo
3609 4853 3797 4919 fuerit,

2228 4966 2426 5021 ferrum
2456 4962 2693 5027 arripere
2716 4956 2978 5012 dubitabit
3004 4996 3020 5021 ,
3049 4963 3101 5008 et
3121 4952 3186 5007 ad
3215 4953 3385 5021 ipsum
3412 4948 3646 5003 vulneris
3671 4944 3800 4999 fun-

2230 5057 2351 5112 dum
2365 5055 2555 5125 digitos
2576 5051 2885 5106 immittere.
2913 5046 3024 5101 Nec
3051 5058 3148 5098 nos
3173 5042 3331 5113 igitur
3359 5040 3427 5095 de
3456 5038 3603 5125 hisce
3632 5036 3800 5111 verba

2231 5150 2404 5203 facere
2423 5121 2806 5201 irecusabimus
2836 5180 2852 5206 ,
2878 5146 3365 5206 quantumcumque
3416 5121 3687 5184 molestior
3728 5128 3802 5181 sit

2231 5240 2475 5312 putredo.
2504 5236 2653 5306 Quod
2684 5248 2813 5314 ergo
2841 5230 3055 5286 tandem
3084 5227 3222 5282 istud
3255 5225 3451 5279 malum
3493 5219 3612 5276 eSL?
3634 5222 3803 5272 Amor

2232 5310 2443 5403 quidam
2473 5343 2642 5383 novus
2670 5341 2733 5380 ac
2762 5310 3120 5394 nequissimus
3169 5318 3221 5373 in
3262 5324 3501 5371 nostrum
3544 5310 3804 5367 saculum

2234 5426 2425 5495 irrupit
2457 5441 2470 5477 :
2499 5420 2715 5478 morbus
2742 5415 2895 5473 irruit
2914 5411 3257 5484 gravissimus
3277 5404 3673 5467 etincurabdis,
3705 5419 3807 5471 pe-

2233 5521 2331 5574 stis
2350 5494 2589 5570 omnium
2621 5510 2844 5582 pestium
2870 5506 3160 5561 teterrima.
3187 5500 3392 5556 Novum
3433 5507 3488 5553 et
3513 5494 3809 5551 intoleran-

2233 5613 2362 5668 dum
2390 5609 2563 5664 scelus
2587 5606 2939 5674 excogitatum
2960 5609 3061 5654 est.
3074 5594 3190 5653 Non
3220 5594 3359 5650 enim
3387 5592 3599 5661 scripta
3619 5586 3807 5653 modo,

2299 5751 2317 5782 ι
2352 5745 2524 5807 Verba,
2548 5741 2637 5793 hoc
2657 5735 2889 5799 studium,
2906 5736 2956 5786 in
2971 5729 3135 5787 Morel.
3152 5726 3255 5781 solo
3274 5728 3474 5779 destitit.
3516 5763 3521 5768 .
