4116 6392
318 409 424 465 359

313 521 726 594 παιδευομένην,
758 523 1001 591 γενναῖόν
1027 539 1080 576 τι
1102 521 1194 574 καὶ
1220 520 1362 590 μέγα
1389 517 1640 588 ἐννοῆσαί
1673 533 1826 578 ποτε,
1859 513 1976 566 ἀλλ’

313 610 526 678 ἀνάγκη
555 608 653 678 τὴν
677 606 929 678 τοιαύτην
981 605 1312 659 ἀσθενοῦσαν
1366 605 1460 657 καὶ
1519 600 1977 672 μαλακιζομένην,

314 690 568 762 καθάπερ
589 691 695 743 τινὶ
723 691 859 762 φθόῃ
889 693 954 760 τῇ
986 689 1155 760 κακίᾳ
1190 682 1549 758 συνεχομένην
1575 684 1856 756 διηνεκῶς,
1892 684 1983 736 οῦ-

313 795 424 840 τως
463 775 688 847 ὑστερον
744 778 823 838 εἰς
859 777 958 847 τὴν
1010 775 1234 843 γέενναν
1288 769 1690 842 καταστρέψαι,
1745 769 1838 822 καὶ
1885 767 1981 839 τὴν

314 861 588 936 ἀπώλειαν
631 861 728 931 τὴν
765 862 898 912 ἐκεῖ.

387 931 454 1008 ζ’.
480 947 541 999 El
562 945 618 998 δὲ
646 945 720 1015 μὴ
744 945 848 1014 φῂς
876 943 1046 996 ταῦτα
1079 941 1250 1003 οὑτως
1267 938 1580 1010 έχειν,ἀλλά
1603 937 1825 988 δυνατὸν
1846 931 1984 987 εἶναι

319 1031 412 1085 καί¹
456 1032 512 1083 ἐν
571 1031 720 1099 μέσῳ
762 1027 1126 1098 στρεφόμενον
1179 1024 1354 1078 πάντα
1402 1021 1770 1092 κατορθοῦντα
1817 1031 1843 1059 ι
1885 1018 1985 1088 τῆς

320 1115 540 1184 ἀρετῆς,
575 1115 669 1166 καὶ
698 1112 772 1183 μὴ
796 1111 1028 1174 παίζων,
1064 1109 1201 1163 ἀλλά
1237 1105 1548 1170 σπουδάζων
1570 1103 1786 1175 ἀληθῶς
1810 1102 1984 1156 ταῦτα

312 1199 518 1267 λέγεις,
573 1197 646 1268 μὴ
693 1198 1035 1268 κατοκνήσῃς
1075 1196 1221 1264 ἡμᾶς
1270 1192 1475 1256 διδάξαι
1511 1191 1572 1243 τὸ
1614 1189 1801 1243 καινὸν
1829 1188 1988 1241 τοῦτο

287 1296 290 1299 ‘
321 1284 415 1337 καὶ
447 1281 746 1352 παράδοξον
794 1279 1040 1350 μάθημα·
1073 1278 1191 1331 οὑδέ
1239 1277 1348 1347 γάρ
1381 1273 1637 1344 βούλομαι
1687 1271 2002 1342 πράγματα,

318 1366 442 1435 είκῆ
469 1363 708 1418 τοσαῦτα
734 1363 895 1432 ἐχειν,
925 1362 1042 1415 οὑδέ
1085 1359 1404 1422 τοσούτοιςδ
1435 1355 1736 1427 ἀπέχεσθαι
1789 1353 1984 1424 μάτην.

333 1447 494 1500 Ἀλλά
520 1446 627 1518 γὰρ
659 1447 719 1499 οὑ
753 1445 986 1516 δύναμαι
1013 1443 1169 1496 τοῦτο
1198 1443 1407 1514 μαθεῖν·
1435 1442 1495 1494 οὑ
1523 1439 1630 1510 γὰρ
1659 1441 1783 1491 ἐᾶτε
1812 1439 1986 1508 ὑμεῖς,

321 1534 415 1584 καί
449 1533 515 1584 δι’
548 1524 622 1583 ῶν
676 1529 864 1597 λέγετε
904 1531 996 1582 καί
1037 1527 1102 1580 δι’
1145 1520 1220 1580 ὧν
1255 1527 1456 1578 ποιεῖτε
1503 1520 1990 1590 ἀντιφθεγγόμενοι

321 1616 492 1686 ταύτῃ
516 1617 579 1684 τῇ
622 1614 806 1684 ψήφῳ,
841 1614 933 1665 καὶ
976 1611 1233 1664 τάναντία
1262 1608 1625 1670 παιδεύοντες·
1670 1605 1859 1675 ὥσπερ
1881 1604 1990 1676 γάρ

323 1685 633 1768 ἐξεπίτηδες
681 1695 972 1749 ἀπολέσθαι
1018 1693 1408 1756 σπουδάζοντες
1453 1690 1578 1752 τοὺς
1612 1690 1782 1750 υἰοὺς,
1820 1685 1992 1750 οὕτως

325 1782 540 1835 ἅπαντα
572 1778 820 1832 κελεύετε
869 1779 1063 1840 ποιεῖν,
1093 1775 1128 1829 ἃ
1155 1777 1281 1837 τοὺς
1313 1773 1597 1833 ποιοῦντας
1627 1769 1860 1838 σωθῆναι
1892 1769 1993 1830 οὑκ

325 1865 405 1916 ἔνι
448 1866 589 1933 Ὅρα
615 1863 670 1914 δὲ
707 1861 932 1914 ἄνωθεν.
971 1859 1151 1926 Οὐαὶ,
1187 1859 1341 1928 φησί,
1375 1857 1498 1922 τοῖς
1523 1853 1800 1924 γελῶσιν·
1837 1853 1994 1923 ὑμεῖς

324 1948 382 2002 δὲ
406 1947 604 2009 πολλάς
638 1947 820 2007 αὑτοῖς
849 1943 1113 2014 παρέχετε
1144 1943 1379 2011 γέλωτος
1411 1937 1684 2009 ἀφορμάς·
1704 1934 1849 1989 Οὺαί
1870 1934 1994 2000 τοῖς

327 2030 718 2086 πλουτοῦσιν·
738 2029 895 2098 ὑμεῖς
915 2027 970 2079 δὲ
990 2029 1137 2089 ὅπως
1158 2043 1261 2096 χρη
1272 2025 1606 2096 ματίσαιντο,
1626 2021 1801 2074 πάντα
1822 2021 1994 2089 πράτ-

326 2131 468 2168 τετε·
493 2112 657 2175 Οῠαί,
701 2113 845 2165 ὅταν
866 2109 1065 2175 καλῶς
1096 2111 1348 2163 εἴπωσιν
1373 2108 1530 2179 ὑμᾶς
1561 2107 1783 2172 πάντες
1813 2109 1865 2158 οἰ
1891 2105 1992 2157 ἄν·

328 2203 561 2267 θρωποι·
593 2198 750 2266 ὑμεῖς
783 2196 839 2249 δὲ
886 2198 978 2248 καὶ
1004 2196 1189 2258 οὐσίας
1227 2194 1550 2264 ὁλοκλήρους
1581 2193 1720 2262 ὑπὲρ
1763 2191 1862 2260 τῆς
1885 2188 1993 2241 τῶν

326 2282 511 2352 δήμων
553 2280 828 2349 εὐφημίας
881 2278 1182 2332 ἐκένωσατε
1223 2277 1500 2340 πολλάκις.
1552 2276 1721 2329 Πάλιν
1751 2273 1871 2352 δὲῗό
1903 2272 1994 2352 τὸν

327 2351 552 2430 ἀδελφὸν
581 2359 816 2430 ὑϐρίζων
843 2357 1138 2420 ὑπεύθυνός
1163 2359 1278 2410 ἐστι
1297 2360 1364 2428 τῇ
1394 2356 1606 2426 γεέννῃ·
1631 2354 1787 2423 ὑμεῖς
1815 2351 1871 2403 δὲ
1903 2351 1994 2430 καί

327 2429 574 2512 ἀδρανεῖς
604 2429 742 2491 εἶναι
774 2436 1022 2506 νομίζετε
1050 2437 1143 2489 καὶ
1170 2436 1376 2498 δειλοὺς
1408 2435 1533 2496 τοὺς
1568 2436 1692 2502 σιγῇ
1722 2431 1820 2494 τὰς
1846 2429 2010 2500 παρὰ·

326 2525 435 2579 τῶν
468 2525 666 2594 ἐτέρων
699 2522 958 2592 φέροντας
984 2520 1190 2592 ῦΰρεις.
1232 2520 1429 2588 Μάχης
1464 2516 1674 2570 κελεύει
1713 2515 1806 2568 καὶ
1839 2514 1996 2584 δίκης

328 2611 684 2680 καταφρονεῖν
729 2609 757 2660 ό
813 2605 1067 2678 Χριστός·
1118 2605 1276 2674 ὑμεῖς
1319 2602 1375 2654 δὲ
1426 2601 1623 2663 αὑτοὺς
1678 2602 1733 2651 ἐν
1790 2598 1997 2660 τούτοις

329 2693 590 2764 στρέφετε
654 2694 764 2750 τοῖς
818 2691 1010 2752 κακοῖς
1057 2687 1369 2748 διαπαντός.
1417 2685 1522 2737 Τὸν
1551 2682 1825 2752 ὀφθαλμὸν
1877 2681 1998 2734 πολ-

328 2775 485 2838 λάκις
515 2774 818 2843 ἐξορύττειν
848 2772 1155 2834 ἐκέλευσεν,
1187 2772 1315 2823 ὅταν
1349 2768 1579 2838 βλάπτῃ·
1614 2767 1768 2835 ὑμεῖς
1792 2766 1848 2818 δέ
1883 2765 1997 2818 τού-

328 2875 455 2922 τους
498 2858 732 2928 μάλιστα
766 2859 968 2908 ποιεῖτε
1033 2854 1240 2923 φίλους,
1293 2855 1515 2919 ὅσοιπερ
1569 2849 1634 2902 ἂν
1683 2848 1942 2900 δύνωνται
1971 2858 1995 2885 σ

330 2943 589 3013 χρήματα
619 2939 821 3001 δοῦναι,
852 2938 955 2992 κᾶν
981 2937 1079 3007 τὴν
1110 2936 1344 3005 ἐσχάτην
1393 2931 1718 2986 παιδεύσωσι
1780 2929 1997 2982 κακίαν.

344 3010 621 3074 Ἐκόαλεῖν
660 3021 892 3085 γυναῖκα
940 3019 1040 3071 οὑκ
1090 3017 1293 3086 ἀφῆκε,
1347 3015 1486 3084 πλὴν
1540 3012 1625 3064 ἐπ’
1656 3011 1803 3081 αίτίᾳ
1866 3010 2000 3080 μόνῃ

332 3101 607 3169 πορνείας·
667 3100 822 3168 ὑμεῖς
876 3098 954 3162 δὲ,
1012 3098 1143 3150 ὅταν
1187 3096 1279 3166 ἐξῇ
1339 3095 1594 3166 χρήματα
1642 3091 1846 3154 λαϐεῖν,
1907 3089 2002 3142 καὶ

331 3182 536 3252 ταύτης
580 3183 938 3250 καταφρονεῖν
987 3179 1232 3233 κελεύετε
1278 3179 1378 3247 τῆς
1425 3177 1665 3246 ἐντολῆς.
1728 3176 1830 3228 Τὸν
1884 3173 2000 3246 [87]

333 3267 494 3338 ὅρκον
540 3262 764 3336 ἀπεῖρξε
801 3262 1098 3325 παντελῶς·
1142 3263 1298 3331 ὑμεῖς
1339 3261 1415 3327 δὲ,
1469 3260 1533 3313 ἂν
1565 3259 1712 3329 ἴδητε
1741 3258 2003 3326 φυλαττό-

337 3367 514 3421 μενον,
543 3348 637 3401 καὶ
675 3346 891 3413 γελᾶτε.
937 3347 999 3398 '0
1027 3344 1220 3414 φιλῶν
1249 3345 1364 3412 τὴν
1403 3344 1617 3413 ψυχὴν
1653 3342 1864 3406 αὑτοῦ,
1901 3359 2004 3412 φη-

335 3437 439 3497 σὶν,
493 3432 782 3486 ἀπολέσει
813 3431 1024 3496 αὑτήν·
1081 3431 1240 3500 ὑμεῖς
1291 3429 1347 3482 δὲ
1385 3429 1582 3490 αὐτοὺς
1626 3425 1887 3480 πάντοθεν
1924 3427 2004 3487 εἰς

331 3517 536 3586 ταύτην
578 3515 875 3583 ἐμϐάλλετε
910 3515 1007 3582 τὴν
1058 3513 1260 3581 φιλίαν.
1302 3511 1438 3564 Ἐὰν
1459 3511 1546 3580 μὴ
1585 3510 1814 3580 ἀφῆτε,
1847 3509 2003 3579 φησὶ,

333 3600 458 3664 τοῖς
500 3596 832 3665 ἀνθρώποις
869 3596 941 3649 τὰ
975 3596 1416 3664 παραπτώματα
1443 3592 1660 3656 αὐτῶν,
1687 3592 1828 3646 οὐδὲ
1862 3592 2007 3660 ὑμῖν

335 3685 368 3734 ὁ
409 3679 610 3746 Πατὴρ
644 3677 812 3746 ὑμῶν
869 3677 1092 3747 ἀφήσει
1144 3682 1177 3732 ό
1221 3677 1519 3744 οὐράνιος·
1587 3677 1742 3745 ὑμεῖς
1801 3675 1858 3728 δὲ
1914 3675 2008 3727 καὶ

335 3761 641 3826 ὀνειδίζετε,
688 3763 816 3814 ὅταν
867 3763 993 3824 τοὺς
1049 3761 1380 3831 ἠδικηκότας
1427 3761 1500 3831 μὴ
1551 3759 1778 3812 θέλωσιν
1813 3757 2007 3827 ἀμύνε-

339 3845 462 3898 σθαι
492 3844 553 3906 ά,
597 3845 689 3898 καὶ
733 3847 812 3905 εἰς
861 3843 957 3914 τήν
1021 3843 1249 3914 δύναμιν
1305 3846 1502 3905 αὑτοὺς
1548 3842 1749 3911 ταύτην
1798 3840 2008 3910 ταχέως

339 3927 621 3994 ἐπείγεσθε
673 3929 922 3994 ἀγαγεῖν.
973 3927 1110 3990 Τοὺς
1158 3927 1313 3997 δόξης
1362 3927 1602 3998 ἐρῶντας
1653 3925 1829 3978 πάντα
1882 3922 2006 3992 εἰκῆ

339 4014 512 4063 ποιεῖν
540 4012 850 4080 ἀπεφήνατο
883 4012 911 4062 ὁ
942 4011 1196 4080 Χριστὸς,
1214 4010 1316 4065 κᾶν
1344 4009 1663 4079 νηστεύωσι,
1689 4008 1790 4061 κᾶν
1815 4006 2010 4075 εὔχων-

338 4109 450 4156 ται,
489 4092 590 4145 κᾶν
629 4093 870 4145 ἐλεῶσιν·
900 4093 1056 4162 ὑμεῖς
1109 4095 1188 4156 δὲ,
1237 4095 1384 4155 ὅπως
1423 4093 1624 4161 ταύτης
1678 4091 2006 4160 ἐπιτύχοιεν,

339 4172 553 4228 ἃιίτδῑντοι
583 4173 1054 4243 πραγματεύεσσθε.
1089 4174 1198 4227 Καὶ
1225 4174 1274 4228 τί
1295 4176 1374 4227 δεῖ
1404 4176 1578 4227 πάντα
1603 4174 1810 4226 ἐπιέναι
1836 4190 1849 4236 ;
1883 4173 2008 4224 ὅταν

341 4257 449 4328 γάρ
465 4259 557 4310 καὶ
576 4258 642 4308 τά
663 4257 928 4328 εἰρημένα
956 4245 1150 4327 μυρίας
1171 4257 1329 4310 ἱκανά
1349 4255 1763 4327 παρασκευάσαι
1784 4255 2009 4323 γεέννας

339 4337 399 4410 ᾗ,
433 4341 552 4409 οὐχὶ
604 4340 784 4393 πάντα
823 4339 956 4408 ὁμοῦ
993 4339 1314 4393 συνελθόντα
1357 4341 1536 4409 μόνον,
1582 4339 1716 4392 ἀλλά
1746 4338 1838 4392 καὶ
1887 4336 2008 4390 καθ’

341 4425 502 4476 ἐαυτὸ
527 4424 772 4476 θτούτων
805 4423 1056 4476 ἕκαστον·
1090 4422 1244 4493 ὑμεῖς
1274 4424 1331 4476 δὲ
1359 4423 1538 4476 πάντα
1563 4422 1698 4492 ὁμοῦ
1727 4423 2008 4492 συμφορή-

343 4524 554 4570 σαντες,
581 4509 674 4560 καῖ
721 4506 781 4559 τὸ
811 4507 1080 4576 ἀφόρητον
1121 4506 1229 4558 τῶν
1277 4506 1690 4576 ἁμαρτημάτων
1733 4505 2009 4568 ἐπιθέντες

343 4592 581 4662 φορτίον,
619 4589 793 4652 οὑτως
844 4591 924 4652 εἰς
969 4591 1060 4654 τὸν
1109 4589 1204 4642 τοῦ
1253 4590 1425 4661 πυρὸς
1460 4590 1705 4658 πέμπετε
1744 4588 2006 4658 ποταμόν.

343 4674 480 4728 Πότε
512 4673 749 4742 σωθῆναι
777 4673 1114 4744 δυνήσονται,
1138 4675 1405 4744 τοσαύτην
1427 4674 1742 4744 κομίζοντες
1772 4671 1850 4742 τῷ
1873 4673 2010 4742 πυρὶ

342 4758 440 4828 τήν
473 4758 716 4827 τροφήνξ
747 4757 854 4808 Καὶ
889 4757 949 4808 ού
986 4756 1142 4809 τοῦτο
1194 4758 1354 4828 μόνον
1390 4758 1506 4810 ἐστί
1564 4757 1624 4810 τὸ
1674 4756 1871 4820 δεινὸν,
1932 4757 2012 4810 ὅτι

343 4841 603 4894 τάναντία
634 4843 745 4902 τοῖς
793 4839 886 4892 τοῦ
927 4840 1162 4912 Χριστοῦ
1202 4843 1516 4912 παραινεῖτε
1561 4840 2011 4912 προστάγμασιν,

344 4925 458 4980 ἀλλ’
501 4925 584 4976 ὅτι
632 4925 727 4976 καὶ
785 4925 1173 4995 προσηγορίαις
1200 4925 1465 4994 εὐφήμοις
1493 4924 1867 4995 περιστέλλετε
1914 4925 2011 4996 τήν

344 5008 563 5068 κακίαν,
588 5008 645 5060 τὸ
676 5011 771 5078 μὲν
803 5009 1155 5079 ἱπποδρόμοις
1181 5009 1273 5061 καὶ
1311 5009 1556 5080 θεάτροις
1596 5008 1947 5078 προσκεῖσθαι
1988 5008 2008 5046 ί

343 5089 633 5152 διαπαντὸς
682 5090 1005 5161 ἀστειότητα
1048 5091 1367 5154 καλοῦντες,
1400 5091 1459 5143 τὸ
1482 5091 1538 5143 δὲ
1576 5090 1822 5145 πλουτεῖν
1864 5092 2014 5144 ἐλευ-

348 5175 554 5246 θερίαν,
588 5176 650 5228 τὸ
685 5175 740 5228 δὲ
793 5175 949 5245 δόξης
998 5175 1126 5245 ἐρᾷν
1175 5174 1596 5245 μεγαλοψυχίαν,
1645 5175 1742 5246 τὴν
1781 5175 1838 5229 δὲ
1887 5177 2016 5229 ἀπόο

345 5275 493 5311 νοιαν
517 5258 845 5328 παρρησίαν,
866 5259 958 5312 καὶ
980 5259 1077 5329 τὴν
1098 5259 1194 5328 μὲν
1211 5258 1445 5311 ἀσωτίαν
1463 5258 1888 5330 φιλανθρωπίαν,
1913 5261 2010 5331 τήν

347 5343 403 5396 δέ
438 5343 651 5396 ἀδικίαν
677 5343 948 5413 ἀνδρείαν.
979 5343 1130 5407 Εἶτα,
1159 5343 1346 5414 ὥσπερ
1375 5343 1475 5396 οὑκ
1505 5344 1782 5415 ἀρκούσης
1810 5345 2011 5418 ταύτης

414 5473 440 5536 ξ·
465 5471 547 5536 _S_ic
565 5483 736 5536 omnes
759 5477 938 5536 praeter
962 5471 1132 5536 Morel.
1158 5474 1241 5534 qui
1259 5471 1428 5536 habet
1448 5469 1599 5536 ταῦτα
1621 5475 1809 5536 κξατορθ.

413 5529 442 5568 ι’
466 5534 635 5580 Morel.
660 5529 794 5580 solos
815 5534 922 5581 οὐδὲ
945 5529 1204 5590 τοσούτων,
1247 5534 1394 5583 Ξκιὶἰ.
1423 5539 1475 5580 et
1503 5532 1585 5581 alii
1612 5534 1720 5582 οὐδὲ
1745 5529 2012 5595 τοσούτοις.

352 5594 479 5644 Infra
500 5608 624 5642 unus
647 5595 805 5642 codex
831 5595 1080 5652 ἀπολέσαι,
1105 5597 1189 5644 alii
1213 5596 1489 5644 ἀπολέσθαι.

414 5659 436 5686 °
464 5657 569 5705 Duo
587 5669 700 5703 mss.
727 5658 957 5705 δύνανται.
986 5655 1135 5706 Savil.
1165 5665 1218 5705 et
1241 5657 1410 5705 Morel.
1438 5657 1682 5704 δύνωνται.
1713 5657 1835 5706 Infra
1857 5661 2008 5709 iidem

351 5731 476 5780 mss.
494 5718 564 5764 ἐπ’
588 5717 738 5773 αἰτίας
762 5720 918 5780 μόνης.
946 5717 1094 5766 Savil.
1118 5725 1169 5766 et
1192 5719 1361 5766 Morel.
1387 5718 1459 5780 έπ⁷
1482 5719 1608 5779 αἰτίᾳ
1633 5719 1765 5780 μόνῃ.

415 5778 440 5817 ει
466 5779 569 5826 Duo
603 5778 914 5851 maouSrripti
937 5780 1216 5841 ἀμύνασθαι.
1241 5780 1366 5828 Infra
1394 5779 1565 5827 Morel.
1588 5778 1904 5842 νηστεύσωσι,
1931 5784 2014 5834 alii

351 5853 524 5891 omnes
546 5856 827 5895 νηστευωσι.

420 5914 443 5941 e
469 5902 572 5967 ι)ῃο
599 5914 711 5967 ωδε.
740 5905 841 5967 καθ’
876 5903 1034 5951 ἑαυτά.
1084 5903 1190 5952 Mox
1237 5915 1363 5952 unus
1402 5915 1490 5952 ms.
1528 5905 1917 5967 σνμφορέσαντες,
1962 5912 2015 5956 et

354 5973 466 6020 mox
491 5962 620 6010 idem
650 5962 935 6020 ἐπιτιθέντες.

415 6016 443 6063 ς
476 6022 584 6075 Duo
603 6036 714 6072 mss.
750 6016 954 6091 θεάτροις
976 6027 1225 6088 ἐγκεῖσθαι.

1136 402 1504 460 ADVERSUS
1541 395 2097 456 OPPUGNATORES
2135 397 2325 454 VITIE
2363 399 2659 455 MONAST.
2701 395 2829 452 LIB.
2871 393 2960 448 Ill.

2083 516 2179 586 τῆς
2212 517 2442 584 ἀπάτης,
2475 515 2567 568 καὶ
2591 513 2688 583 τήν
2711 510 2908 582 ἀρετὴν
2931 507 3190 572 ἐναντίοις
3223 509 3434 562 καλεῖτε
3467 509 3746 582 ὀνόμασιν,

2085 598 2370 670 ἀγροικίαν
2418 598 2514 668 μὲν
2547 598 2644 667 τὴν
2691 591 3063 666 σωφροσύνην,
3103 592 3301 646 δειλίαν
3345 594 3401 646 δὲ
3440 594 3540 664 τὴν
3573 595 3747 648 ἐπιεί-

2086 699 2261 742 κειαν,
2310 680 2593 750 ἀνανδρίαν
2633 679 2686 731 δὲ
2721 679 2818 747 τὴν
2852 675 3194 746 δικαιοσύνην
3233 674 3609 746 ὀνομάζοντες,
3650 675 3771 735 καὶ,

2083 765 2144 817 τὸ
2185 765 2283 834 μὲν
2323 765 2521 830 ἄτυφον
2554 762 2936 830 δουλοπρεπὲς,
2971 759 3070 829 τὴν
3101 758 3156 810 δὲ
3199 757 3545 822 ἀνεξικακίαν
3584 759 3748 813 ἀσθέ-

2086 868 2233 903 νειαν
2254 865 2268 882 ·
2301 849 2550 918 καθάπερ
2585 844 2881 906 δεδοικότες
2930 844 3003 914 μὴ
3047 842 3174 913 παρ’
3204 843 3406 912 ἐτέρων
3435 843 3532 912 τὴν
3574 841 3766 914 ἀληθῆ

2085 935 2288 986 τούτων
2307 931 2691 1005 ,προσηγορίαν
2731 928 3061 990 ἀκούσαντες
3105 925 3318 995 φύγωσι
3347 925 3445 996 τὴν
3485 925 3666 997 λύμην
3701 926 3766 980 οἱ,

2088 1018 2293 1081 παῖδες.
2329 1016 2463 1069 Οὑδὲ
2487 1016 2596 1086 γάρ
2625 1014 2818 1084 μικρὸν
2843 1013 2922 1074 εἰς
2945 1010 3041 1082 τὴν
3074 1009 3182 1064 τῶν
3213 1008 3399 1062 κακῶν
3433 1009 3771 1080 ἀποτροπὴν.

2088 1103 2148 1156 τὸ
2169 1119 2236 1170 γυ
2245 1101 2379 1172 μνὰς
2400 1099 2567 1161 αὑτὰς
2589 1099 2684 1152 καὶ
2704 1095 2900 1166 κυρίας
2921 1095 3028 1148 τῶν
3046 1092 3232 1147 κακῶν
3263 1091 3634 1163 προφέρεσθαι
3655 1093 3754 1156 τὰς

2089 1187 2383 1257 ὀνομασίας
2412 1187 2456 1225 ⁸·
2491 1182 2625 1237 ἀλλά
2647 1180 2912 1250 τοσαύτην
2942 1179 3054 1249 ἔχει
3073 1179 3171 1248 τὴν
3199 1177 3352 1246 ἰσχὺν
3375 1176 3510 1245 πρὸς
3537 1176 3597 1229 τὸ
3623 1175 3765 1246 πλῆ-.

2092 1270 2177 1336 ξαι
2215 1271 2340 1332 τοὺς
2379 1267 2806 1338 ἁμαρτάνοντας,
2842 1264 2916 1327 ὡς
2947 1263 3174 1326 πολλοὺς
3202 1262 3461 1325 πολλάκις
3504 1261 3609 1313 ἐπὶ
3641 1262 3765 1321 τοῖς

2092 1355 2388 1424 αἰσχίστοις
2417 1351 2574 1412 δντας
2606 1350 2920 1418 περιφανεῖς
2953 1347 3026 1417 μὴ
3059 1345 3243 1418 φέρειν
3277 1345 3468 1416 πράως
3489 1341 3756 1410 καλουμέ-
3828 1389 3830 1392 ,

2092 1455 2215 1500 νους
2232 1435 2405 1494 τοῦτο,
2431 1434 2566 1504 ὅπερ
2586 1433 2742 1492 είσίν,
2767 1430 2879 1484 ἀλλ’
2902 1430 3206 1500 ἀγριαίνειν
3228 1429 3320 1482 καῖ
3347 1425 3754 1498 ἐκθηριοῦσθαι,

2093 1523 2167 1584 ὡς
2189 1520 2256 1573 τὰ
2277 1518 2551 1572 δεινότατα
2570 1516 2896 1585 πάσχοντας.
2915 1515 3024 1584 Τὴν
3041 1512 3169 1581 γοῦν
3189 1513 3549 1583 ήταιρηκνῖαν
3573 1509 3762 1578 γυναῖά

2094 1621 2186 1666 κα,
2209 1603 2303 1655 καὶ
2329 1602 2419 1655 τὸν
2441 1597 2878 1669 πεπορνευμένον
2911 1595 3074 1648 παῖδα
3105 1594 3170 1647 ἂν
3199 1595 3405 1666 καλέσῃ
3432 1609 3517 1655 τις
3537 1590 3645 1645 ἀπὸ
3661 1591 3762 1660 τῆς

2094 1686 2376 1756 αἰσχίστης
2451 1681 2702 1754 πράξεως
2764 1679 2999 1749 ταύτης,
3069 1678 3473 1739 ἀκατάλλακτος
3541 1675 3772 1743 γέγονεν.

2095 1768 2305 1838 ἐχθρὸς,
2325 1768 2419 1820 ἀτε
2442 1767 2510 1819 τὰ
2546 1765 2775 1836 μέγιστα
2801 1761 3096 1833 ἠδικηκώς.
3118 1762 3228 1815 Καὶ
3249 1763 3308 1814 οὑ
3323 1760 3546 1822 τούτους
3579 1758 3776 1828 μόνον,

2095 1850 2229 1904 ἀλλά
2272 1851 2363 1903 καλ⁸
2415 1849 2506 1902 τὸν
2557 1847 2904 1914 πλεονέκτην,
2939 1846 3033 1898 καί
3075 1844 3166 1897 τὸν
3204 1843 3433 1914 μέθυσον
3454 1842 3504 1906 δ,
3539 1842 3634 1893 καὶ
3659 1839 3762 1894 -τὺν

2095 1934 2351 1999 ἀλαζόνα,
2395 1934 2488 1986 καί
2523 1932 2726 1994 πάντας
2756 1930 2941 1992 ἁπλῶς
2969 1929 3094 1991 τοὺς
3126 1928 3196 1981 τὰ
3225 1928 3499 1997 δεινότερα
3528 1926 3766 1994 ἐργασαφ

2100 2020 2291 2089 μένους
2336 2018 2432 2070 ἴδοι
2461 2034 2543 2078 τις
2573 2015 2636 2070 ἂν
2667 2017 2764 2085 οὑχ
2793 2014 2963 2076 οὕτως
2994 2011 3085 2064 ἐπὶ
3117 2010 3194 2082 τῷ
3224 2011 3481 2081 πράττειν
3503 2008 3643 2062 αὑτά
3667 2006 3767 2062 καὶ

2095 2104 2159 2172 τῇ
2181 2099 2329 2171 παρά
2351 2099 2458 2152 τῶν
2481 2097 2686 2151 πολλῶν
2713 2096 2836 2167 δόξῃ
2853 2095 3214 2165 δακνομένους
3235 2094 3327 2147 καί
3350 2092 3666 2161 ἀλγοῦντας,
3687 2091 3764 2155 ὼς

2097 2186 2190 2238 ἐπὶ
2228 2187 2340 2246 τοῖς
2388 2182 2496 2235 τῶν
2535 2181 2749 2235 οίκείων
2788 2181 2965 2251 ἔργων
3010 2180 3257 2250 ὀνόμασι.
3300 2178 3534 2241 Πολλοὺς
3577 2177 3634 2229 δὲ
3671 2174 3767 2229 καὶ

2100 2266 2562 2338 σωφρονισθέντας
2603 2261 2722 2317 οἶδα
2752 2264 2925 2334 τούτῳ
2953 2263 3030 2334 τῷ
3069 2264 3275 2334 τρόπῳ,
3311 2262 3407 2315 καὶ
3440 2261 3776 2331 γενομένους-

2096 2355 2210 2416 τοῖς
2245 2351 2502 2404 ὀνείδεσιν
2543 2349 2997 2420 ἐπιεικεστέρους.
3038 2348 3176 2402 Ἀλλ’
3213 2348 3368 2418 ὑμεῖς
3420 2347 3514 2400 καὶ
3555 2343 3760 2415 ταύτην

2099 2435 2412 2506 ἀνῃρήκατε
2440 2426 2538 2502 τήν
2571 2431 2946 2502 παραμυθίαν·
2965 2430 3059 2484 καὶ
3080 2431 3139 2483 τὸ
3168 2429 3230 2500 δὴ
3258 2427 3659 2500 χαλεπώτερον,
3683 2427 3767 2479 ὅτι

2097 2521 2156 2573 οὑ
2186 2518 2274 2573 διὰ
2306 2517 2414 2570 τῶν
2456 2515 2713 2586 ῥημάτων
2751 2515 2929 2584 μόνον,
2963 2513 3099 2569 ἀλλά
3129 2515 3225 2567 καὶ
3250 2513 3338 2566 διὰ
3371 2511 3479 2565 τῶν
3507 2510 3767 2584 πραγμάσ

2099 2622 2208 2656 των
2250 2600 2453 2670 ταύτην
2506 2600 2691 2659 αὐτοῖς
2741 2596 2975 2650 ποιεῖσθε
3030 2596 3126 2667 τὴν
3181 2596 3538 2666 παραίνεσιν,
3591 2592 3773 2654 οἰκίας,

2101 2687 2505 2758 οἰκοδομοῦντες
2537 2684 2795 2754 λαμπρὰς
2815 2723 2829 2745 ,
2872 2683 3074 2753 ἀγροὺς
3107 2682 3404 2754 ὠνούμενοι
3439 2680 3766 2745 πολυτελεῖς,

2100 2775 2199 2844 τὴν
2257 2772 2423 2841 ἀλλην
2466 2769 2880 2840 περιϐάλλοντες
2927 2766 3244 2835 φαντασίαν,
3297 2767 3391 2822 καὶ
3424 2765 3511 2818 διὰ
3554 2765 3771 2817 πάντων

2102 2854 2292 2925 πυκνῷ
2320 2871 2423 2906 τινι
2452 2853 2601 2921 νέφει
2634 2850 3016 2912 συσκιάζοντες
3042 2847 3221 2899 αὑτῶν
3243 2848 3341 2918 τὴν
3366 2847 3564 2925 ψυχήν.
3599 2844 3769 2899 Πόθεν

2102 2934 2194 2992 οὖν
2216 2939 2510 3008 δυνήσομαι
2538 2933 2652 3007 [88]
2688 2932 2998 3001 πεισθῆναι,
3024 2933 3106 2984 ὅτι
3139 2929 3377 2999 σωθῆναι
3410 2924 3521 2982 οἶόν
3548 2945 3605 2982 τε
3643 2928 3770 2981 τού-

2103 3038 2249 3084 τους,
2290 3021 2417 3072 ὅταν
2462 3018 2555 3070 ῖδω
2597 3017 2732 3088 πρὸς
2774 3014 2947 3069 ταῦτα
2979 3013 3517 3084 παρακαλουμένους,
3555 3011 3592 3065 ἃ
3640 3011 3770 3076 τοὺς

2107 3105 2390 3169 ποιοῦντας
2411 3103 2439 3155 ὁ
2464 3099 2693 3172 Χριστὸς
2717 3100 3030 3168 ἀπεφήνατο
3053 3097 3267 3159 πάντως
3295 3095 3621 3162 ἀπολέσθαι;
3643 3095 3771 3147 ὅταν

2109 3186 2392 3258 θεάσωμαι
2418 3187 2517 3252 τῆς
2551 3185 2648 3255 μὲν
2671 3183 2848 3253 ψυχῆς
2871 3182 3068 3243 αὑτῶν,
3094 3180 3281 3251 ῶσπερ
3301 3180 3446 3243 τινὸς
3466 3179 3770 3250 παρέργου,

2106 3269 2578 3342 καταφρονοῦντας
2628 3268 2807 3338 ὑμᾶς,
2863 3264 2970 3318 τῶν
3021 3265 3078 3318 δὲ
3123 3263 3293 3326 ὅντως
3351 3262 3639 3332 περιττῶν,
3697 3261 3773 3324 ὡς

2106 3353 2414 3423 ἀναγκαίων
2441 3353 2534 3404 καὶ
2562 3348 2988 3423 προηγουμένων
3018 3346 3432 3416 φροντίζοντας
3463 3347 3650 3409 Ὅπως
3676 3346 3774 3416 μὲν

2107 3440 2216 3510 γάρ
2235 3437 2450 3506 οἰκέτης
2473 3434 2642 3498 ἔσται,
2670 3433 2762 3486 καὶ
2791 3433 2934 3494 ὅπως
2963 3431 3148 3493 ἵππος,
3184 3430 3276 3482 καὶ
3295 3429 3442 3492 ὅπως
3467 3428 3678 3499 ἰ-μάτιον
3699 3428 3774 3500 τῷ

2109 3522 2262 3576 παιδὶ
2288 3520 2592 3578 κάλλιστον,
2632 3516 2808 3569 πάντα
2839 3517 3043 3568 ποιεῖτε
3063 3531 3076 3545 ·
3115 3515 3261 3576 ὅπως
3293 3513 3350 3566 δὲ
3381 3513 3541 3575 αὐτὸς
3567 3513 3784 3580 γένοιτο

2110 3603 2292 3667 καλὸς,
2310 3602 2429 3655 οὑδὲ
2453 3600 2697 3670 ἐννοῆσαί
2721 3615 2850 3651 ποτε
2870 3596 3124 3666 ἀνέχεσθε
3156 3597 3199 3658 ἱ,
3224 3595 3358 3649 ἀλλά
3380 3597 3473 3649 καὶ
3491 3595 3659 3660 ξύλων
3682 3595 3803 3648 καὶ·

2109 3685 2270 3739 λίθων
2290 3683 2303 3734 i
2345 3683 2712 3755 μέχριτούτου
2734 3679 3064 3751 προάγοντες
3082 3681 3183 3751 τήν
3207 3678 3464 3749 σπουδήν,
3487 3679 3585 3749 τὴν
3601 3678 3776 3748 ψυχὴν

2109 3768 2230 3821 οὑδὲ
2244 3766 2337 3820 τοῦ
2356 3763 2646 3817 πολλοστοῦ
2664 3764 2762 3830 τῆς
2779 3761 3094 3832 ἐπιμελείας
3107 3760 3309 3832 ταύτης
3320 3760 3530 3828 ἀξιοῦτε
3557 3760 3773 3832 μέρους·

2110 3850 2222 3905 ἀλλ’
2251 3850 2336 3903 ἵνα
2373 3848 2470 3918 μὲν
2504 3847 2724 3916 ἄγαλμα
2751 3845 2843 3897 ἐπὶ
2875 3845 2972 3915 τῆς
3000 3845 3174 3907 οἰκίας
3205 3845 3409 3918 ἑστήκῃ
3440 3845 3772 3915 θαυμαστὸν.

2111 3934 2206 3987 καὶ
2235 3936 2268 4004 ή
2307 3933 2470 4002 στέγη
2509 3931 2730 4000 γένηται
2773 3928 2971 3998 χρυσῆ,
3027 3929 3203 3981 πάντα
3242 3921 3573 3997 ὑπομένετε·
3608 3929 3670 3982 τὸ
3721 3927 3778 3980 δὲ

2111 4018 2327 4070 πάντων
2344 4014 2666 4085 τιμιώτερον
2687 4012 2908 4082 ἄγαλμα
2928 4014 2960 4081 ή
2990 4010 3136 4082 ψυχὴ
3157 4012 3302 4075 ὅπως
3324 4014 3548 4082 γένηται
3578 4013 3774 4084 χρυσῆ,

2111 4102 2232 4155 οὐδὲ
2262 4096 2565 4170 φροντίζειν
2598 4096 2829 4148 ἐθέλετε.

2179 4189 2249 4251 η’.
2269 4181 2405 4234 Ἀλλ’
2437 4180 2586 4233 οὑπω
2606 4178 2695 4232 τὸν
2718 4177 2995 4247 κολοφῶνα
3026 4176 3134 4230 τῶν
3157 4177 3340 4230 κακῶν
3371 4171 3544 4239 εἷπον,
3578 4177 3700 4231 οὑδὲ
3718 4177 3781 4230 τὺ

2113 4265 2402 4334 κεφάλαιον
2425 4261 2726 4331 ἐξεκάλυψα
2749 4261 2845 4330 τῆς
2877 4261 3180 4330 συμφορᾶς,
3212 4259 3469 4322 πολλάκις
3495 4260 3591 4330 μὲν
3609 4258 3780 4312 ἐλθὼν

2114 4352 2285 4402 εἰπεῖν
2324 4347 2416 4399 καὶ
2457 4345 2805 4417 ἐρυθριάσας,
2849 4342 3106 4406 πολλάκις
3134 4343 3190 4395 δὲ
3229 4345 3322 4396 καὶ
3350 4343 3675 4413 αἰσχυνθείς.
3711 4341 3779 4400 Τί

2114 4434 2231 4485 ποτ’
2263 4427 2355 4483 οὖν
2408 4430 2525 4481 ἐστι
2575 4427 2763 4492 τοῦτο;
2805 4426 3098 4496 τολμητέον
3143 4427 3250 4496 γὰρ
3298 4426 3398 4500 ἤδη
3430 4430 3524 4478 καὶ
3560 4425 3778 4477 λεκτέον

2115 4513 2264 4566 αὑτό.
2297 4512 2406 4564 Kal
2449 4513 2557 4580 γὰρ
2607 4509 2895 4578 ἀνανδρίας
2928 4508 2992 4562 ἂν
3024 4507 3109 4579 εἴη
3143 4508 3362 4584 πολλῆς,
3403 4507 3689 4578 μέλλοντάς
3725 4523 3776 4560 τι

2115 4596 2278 4649 κακὸν
2307 4595 2540 4664 ἐξαιρεῖν
2573 4594 2620 4653 Β,
2663 4593 2796 4664 μηδέ
2825 4592 3006 4662 φωνὴν
3037 4591 3490 4662 ἀφιέναιτολμᾷν
3516 4592 3655 4661 ὑπὲρ
3684 4592 3781 4643 αὑ-

2115 4679 2228 4739 τοῦ,
2263 4678 2336 4742 ὡς
2369 4679 2465 4747 τῆς
2501 4677 2656 4746 σιγῆς
2685 4675 3003 4744 αὐτομάτως
3041 4674 3329 4745 ίασομένης
3359 4674 3454 4745 τὴν
3483 4676 3654 4727 νόσον.
3704 4674 3778 4726 Οὑ

2114 4760 2289 4812 τοίνυν
2327 4760 2641 4827 σιγήσομεν,
2691 4757 2791 4810 κᾶν
2831 4756 3085 4827 μυριάκις
3116 4756 3463 4826 αἰσχύνεσθαι
3499 4757 3780 4827 μέλλωμεν

2117 4843 2211 4896 καὶ
2233 4841 2506 4913 ἐρυθριᾷν.
2537 4840 2670 4892 Ούδέ
2699 4838 2806 4910 γὰρ
2844 4839 3024 4908 ἰατρὸς
3059 4838 3265 4908 μέλλων
3295 4839 3558 4909 σηπεδόνα
3586 4838 3780 4891 καθαί-

2120 4944 2250 4996 ρειν,
2281 4926 2676 4996 παραιτήσεται
2704 4922 3181 4994 μεταχειρίσασθαι
3203 4923 3440 4994 σίδηρον,
3477 4925 3570 4977 καὶ
3602 4924 3782 4976 καθεῖ-

2117 5026 2203 5063 ναι
2235 5009 2524 5071 δακτύλους
2571 5010 2649 5069 εἰς
2692 5005 2853 5058 αὑτὸν
2885 5003 2976 5058 τοῦ
3010 5005 3321 5076 τραύματος
3362 5005 3454 5058 τὸν
3499 5005 3778 5075 πυθμένα·

2117 5089 2309 5143 οὑκοῦν
2325 5089 2442 5142 οὐδὲ
2459 5092 2616 5159 ἡμεῖς
2640 5088 2728 5140 τὸν
2746 5087 2884 5158 ὑπὲρ
2901 5086 3103 5140 τούτων
3128 5087 3284 5155 λόγον
3309 5088 3780 5158 παραιτησόμεθα,

2117 5172 2224 5241 ὅσῳ
2259 5172 2351 5224 καὶ
2373 5170 2724 5243 χαλεπωτέρα
2747 5170 2779 5240 ή
2808 5169 3073 5241 σηπεδὼν.
3094 5170 3158 5222 Τί
3189 5171 3306 5224 ποτ’
3327 5168 3417 5224 οὖν
3449 5173 3564 5224 ἐστι
3597 5172 3658 5224 τὸ
3685 5190 3784 5226 κα-

2119 5254 2244 5319 κόν;
2285 5254 2463 5326 Ἔρως
2497 5255 2678 5316 καινός
2704 5271 2786 5316 τις
2815 5254 2909 5307 καὶ
2942 5252 3256 5324 παράνομος
3285 5257 3364 5317 εἰς
3395 5255 3802 5327 τὸνήμέτερον-

2117 5335 2456 5407 εἰσεκώμασε
2487 5336 2625 5406 βίον·
2662 5336 2873 5406 νόσημα
2901 5335 3136 5388 ἐπέπεσε
3165 5335 3397 5406 χαλεπὸν
3421 5338 3514 5390 καὶ
3534 5336 3772 5390 ἀνίατον·

2118 5419 2306 5488 λοιμὸς
2343 5419 2654 5490 κατέσκηψε
2688 5418 2906 5474 πάντων
2949 5417 3151 5488 λοιμῶν
3196 5419 3586 5494 χαλεπώτερος·
3624 5421 3782 5491 καινή

2119 5516 2200 5561 τις
2231 5499 2540 5570 παρανομία
2568 5497 2834 5568 ἐπενοήθη
2866 5499 2960 5550 καὶ
2990 5499 3289 5569 ἀφόρητος·
3327 5501 3387 5552 ού
3422 5501 3529 5572 γὰρ
3560 5501 3608 5553 οἰ
3639 5499 3784 5554 θετοὶ

2185 5600 2211 5665 _3
2234 5599 2404 5665 Morel.
2429 5605 2482 5646 el
2505 5597 2654 5665 Savil.
2671 5597 2950 5665 ῥνομασίςιιςἶ
2976 5596 3088 5648 MSS.
3115 5600 3445 5665 προσηγορίας.

2182 5659 2208 5697 h
2236 5662 2344 5709 Duo
2363 5673 2477 5708 mss.
2502 5662 2582 5708 τὸν
2608 5659 2854 5721 μεθύοντα.
2884 5660 3036 5708 Iidem
3062 5659 3175 5708 moi
3210 5659 3470 5709 δεινότατα.

2187 5722 2201 5761 ί
2230 5723 2378 5772 Savil.
2404 5729 2456 5770 el.
2493 5722 2664 5769 Morel.
2690 5721 2926 5784 ἀνέχεσθε.
2971 5723 3080 5784 Duo
3107 5735 3219 5784 mss.
3245 5722 3546 5784 ἀνάσχοισθε.
3580 5723 3689 5775 Mox
3736 5725 3789 5774 ιη

2122 5785 2290 5833 Morel.
2318 5784 2592 5833 solodeesl
2634 5785 2720 5839 τήν
2754 5783 2980 5841 σπουδήν.
3022 5783 3175 5833 Paulo
3216 5790 3325 5847 post.
3362 5783 3534 5836 Morel.
3571 5788 3788 5847 ἑστήκω,

2121 5847 2269 5897 SaVil.
2297 5848 2495 5908 ἑστήκῃ,
2515 5847 2612 5895 duo
2634 5858 2749 5894 mss.
2772 5847 2976 5908 ἑστήκει.

2121 5973 2144 6021 θ
2188 5909 2203 5959 i
2236 5910 2368 6019 SEicIe
2393 5906 2575 5958 Sa‘vilio
2598 5912 2917 5958 correximus.
2942 5907 3218 5967 Scripserat
3246 5906 3412 5960 Monlf.
3439 5909 3572 5966 eam
3593 5911 3676 5962 καὶ
3716 5911 3789 5960 M-

2147 5988 2214 6019 ον.
2289 5986 2316 6017 D
2335 5986 2380 6018 τ.

2147 5988 2214 6019 ον.
2249 5986 2380 6019 ΕΒΙΤ.

2185 6036 2207 6071 II
2237 6031 2385 6081 Savil.
2415 6037 2467 6080 el
2491 6031 2664 6082 Morel.
2688 6032 2876 6096 ὁίερεῖν,
2900 6029 2984 6081 alii
3015 6030 3221 6094 ἐξαιρεῖν.
