4116 6392
347 404 441 464 561
1116 400 1173 457 S.
1212 394 1500 457 JOANNIS
1537 397 2026 455 CIIRYSOSTOMI
2065 394 2388 454 ARCHIEP.
2430 394 2980 453 CONSTANTINOP.

310 550 333 575 κ.
348 518 530 592 μόνον,
551 515 686 571 ἀλλά
710 515 804 571 καὶ
824 515 978 570 αὐτοὶ
994 515 1044 569 οί
1067 513 1167 586 τῆς
1189 515 1401 586 φύσεως
1416 514 1805 587 ἀνατρέπονται
1825 514 1999 580 νόμοι.

335 615 556 686 Μικρὸν
582 616 660 678 είς
679 612 961 683 ἀσελγείας
978 612 1132 682 λόγον
1157 613 1380 684 πορνεία
1400 612 1610 667 λοιπόνο
1641 617 1735 666 καὶ
1758 611 2007 681 καθάπερ

348 713 408 767 ἐν
438 714 556 773 ταῖς
584 711 795 776 ὀδύναις
824 712 883 765 τὸ
912 709 1375 783 τυραννικώτερον
1414 711 1583 774 πάθος
1611 709 1706 764 τοῦ
1740 710 2007 782 προτέρου

348 807 448 876 τὴν
484 807 732 880 αἴσθησιν
766 806 1000 879 ἔκρυψεν
1032 807 1275 872 ἐπελθὸν,
1310 806 1450 860 οὓτω
1482 813 1574 861 καὶ
1603 810 1637 877 ή
1663 808 1761 878 τῆς
1801 806 2011 879 ὖϐρεως

349 903 552 975 ταύτης
584 903 854 977 ὑπερϐολὴ
896 904 1079 958 οὐκέτι
1122 904 1391 975 ἀφόρητον
1433 904 1580 957 ποιεῖ
1631 902 1913 974 φαίνεσθαι
1950 905 2011 958 τὸ

353 1004 642 1073 ἀφόρητον,
678 1004 777 1076 τὴν
798 1004 929 1075 περὶ
949 1002 1046 1074 τὴν
1076 1005 1349 1072 γυναῖκαει
1374 1002 1678 1071 ἀσέλγειαν.
1706 1002 2011 1073 Ἀγαπητὸν

352 1101 461 1172 γάρ
480 1097 616 1154 εἶναι
637 1099 861 1154 δοκεῖτὸ
883 1098 1172 1170 δυνηθῆναι
1196 1098 1265 1153 τά
1301 1098 1491 1153 δίκτυα
1511 1098 1683 1152 ταῦτα
1711 1099 2012 1169 διαφυγεῖν,

353 1195 449 1248 καὶ
480 1194 776 1248 κινδυνεύει
806 1194 988 1249 λοιπὸν
1029 1194 1278 1269 περιττὸν
1307 1188 1445 1249 εἶναι
1494 1196 1557 1249 τὸ
1591 1196 1700 1249 τῶν
1738 1197 2013 1265 γυναικῶν

354 1289 532 1361 γένος,
562 1290 667 1345 τῶν
693 1292 826 1346 νέων
848 1293 961 1346 ἀντ’
982 1292 1205 1346 ἐκείνων
1228 1292 1402 1345 πάντα
1426 1291 1493 1345 τά
1512 1293 1733 1347 ἐκείνων
1756 1293 2018 1366 πληρούν-

356 1405 486 1442 των.
518 1388 627 1441 Καὶ
652 1388 713 1441 οὐ
740 1387 896 1441 τοῦτό
929 1406 1016 1442 πω
1038 1388 1228 1455 δεινὴν,
1261 1388 1376 1441 ἀλλ’
1406 1389 1489 1443 ὅτι
1524 1389 1619 1442 καὶ
1647 1389 1784 1460 μετά
1815 1388 2015 1461 πολλῆς

359 1484 621 1555 τολμᾶται
649 1485 745 1555 τῆς
778 1484 961 1549 ἀδείας
993 1484 1162 1556 μύσος
1191 1484 1463 1549 τοσοῦτον,
1494 1487 1588 1540 καὶ
1615 1487 1776 1557 νόμος
1799 1486 2018 1557 γέγονεν

356 1584 392 1653 ή
428 1580 764 1652 παρανομία.
794 1581 981 1645 Οὐδεὶς
1008 1582 1263 1646 δέδοικεν,
1298 1583 1417 1637 οὐδὲ
1446 1585 1638 1655 τρέμει
1674 1584 1890 1639 λοιπόν·
1926 1585 2018 1638 οὐ-

357 1678 467 1741 δεὶς
489 1675 819 1747 αἰσχύνεται,
843 1677 961 1730 οὐδὲ
990 1678 1237 1749 ἐρυθριᾷ,
1267 1679 1402 1733 ἀλλά
1433 1684 1524 1734 καὶ
1555 1681 2019 1750 ἐγκαλλωπίζεται

356 1775 435 1846 τῷ
463 1774 658 1844 γέλωτι
681 1774 875 1846 τούτῳ,
902 1775 992 1829 καὶ
1027 1775 1310 1846 μαίνεσθαι
1335 1776 1580 1831 δοκοῦσιν
1606 1779 1655 1830 οἱ
1685 1777 2020 1849 σωφρονοῦν-

357 1892 470 1937 τες,
502 1875 597 1927 καὶ
630 1872 961 1944 παραπαίειν
994 1874 1042 1926 οί
1073 1872 1471 1939 νουθετοῦντες
1505 1875 1610 1929 κᾶν
1656 1876 1757 1946 μὲν
1802 1875 2022 1929 ἀσθενέ-

362 1992 541 2047 στεροι
568 1973 803 2045 τύχωσιν
830 1972 1002 2040 ὄντες,
1029 1974 1402 2046 συνεκόπησαν
1427 1977 1547 2038 ταῖς
1580 1974 1839 2046 πληγαῖς·
1879 1975 1943 2029 ἂν
1965 1975 2021 2028 δέ

359 2070 736 2142 δυνατώτεροι,
769 2069 1139 2141 χλευάζονται,
1172 2071 1457 2140 γελῶνται,
1496 2072 1710 2143 μυρίοις
1737 2072 2022 2125 πλύνονται

363 2166 710 2238 σκώμμασιν.
730 2166 894 2220 Οὐδέν
920 2165 1110 2236 ὄφελος
1132 2166 1512 2239 δικαστηρίων,
1537 2166 1655 2220 οὐδὲ
1677 2168 1876 2240 νόμων,
1904 2168 2023 2222 οὐδέ

361 2262 747 2332 παιδαγωγῶν,
778 2264 838 2316 οὐ
868 2264 1140 2334 πατέρων,
1172 2265 1271 2317 οὐκ
1300 2263 1626 2328 ἀκολούθων,
1659 2265 1720 2317 οὐ
1768 2265 2024 2319 διδασκά-

362 2359 501 2414 λων*
530 2360 656 2422 τοὺς
689 2360 787 2430 μὲν
824 2359 934 2429 γάρ
973 2358 1196 2429 ἴσχυσαν
1224 2360 1531 2432 διαφθεῖραι
1565 2362 1862 2432 χρήμασιν,
1901 2363 1950 2415 οί
1981 2362 2025 2414 δ’

361 2459 511 2520 ὅπως
531 2458 710 2521 αὐτοῖς
736 2457 923 2528 μισθὸς
944 2457 1152 2525 γένοιτο
1177 2458 1334 2527 μόνον
1355 2458 1521 2529 ὁρῶσι
1538 2474 1551 2488 ο
1585 2458 1692 2512 τῶν
1710 2459 1769 2512 δὲ
1793 2461 2029 2513 ἐπιεικε-

366 2554 592 2625 στέρων,
619 2557 712 2607 καὶ
737 2550 1131 2624 φροντιζόντων
1172 2551 1282 2624 [89]
1308 2553 1409 2624 τῆς
1433 2554 1540 2608 τῶν
1564 2555 2028 2627 ἐμπιστευθέντων

363 2652 546 2713 αὐτοῖς
571 2649 923 2721 σωτηρίας,οί
954 2649 1050 2719 μὲν
1080 2648 1403 2703 κλέπτονται
1429 2650 1629 2721 ῥᾳδίως
1658 2651 1754 2705 καὶ
1780 2652 2030 2705 ἀπατῶν-

364 2763 478 2811 ται,
523 2748 572 2798 οί
602 2746 660 2798 δὲ
691 2745 784 2798 καὶ
824 2744 1089 2798 δεδοίκασι
1133 2745 1241 2798 τῶν
1286 2746 1598 2800 ἀκολάστων
1636 2746 1734 2819 τὴν
1780 2747 2026 2818 δύναμιν.

374 2841 535 2913 Ῥᾷον
558 2840 665 2912 γὰρ
692 2842 755 2895 ἄν
783 2858 865 2905 τις
895 2840 1250 2904 ὑποπτευθεὶς
1295 2842 1387 2895 ἐπὶ
1417 2843 1690 2914 τυραννίδι
1721 2842 2028 2914 διασωθείη,

368 2940 402 3010 ἢ
435 2939 542 2993 τῶν
572 2937 784 3012 μιαρῶν
816 2939 1037 2992 ἐκείνων
1066 2939 1299 3007 ἀπάγειν
1352 2940 1652 3013 πειραθεὶς,
1684 2942 1783 3004 τάς
1810 2943 2031 2995 ἐκείνων

367 3036 617 3107 διαφύγοι
646 3037 832 3107 χεῖράς
882 3052 1041 3089 ποτε·
1076 3036 1219 3090 οὕτω
1249 3036 1499 3109 καθάπερ
1524 3039 1611 3091 ἐπ’
1640 3040 1875 3110 ἐρημίας
1906 3039 2033 3093 πολ-

368 3134 487 3205 λῆς,
508 3135 564 3185 ἐν
586 3132 774 3202 μέσαις
794 3133 912 3193 ταῖς
934 3131 1151 3184 πόλεσιν
1172 3132 1396 3203 άρῥενες
1424 3134 1481 3186 ἐν
1504 3132 1723 3205 ἄρσεσιν
1745 3134 1842 3204 τὴν
1862 3136 2032 3206 ἀσχη-

374 3232 608 3302 μοσύνην
645 3227 1092 3299 κατεργάζονται.
1128 3228 1188 3281 EE
1220 3228 1277 3282 δέ
1318 3246 1461 3292 τινες
1493 3230 1691 3294 ταύτας
1722 3231 1974 3301 διέφυγον
2004 3232 2032 3271 δ

370 3327 467 3390 τὰς
492 3324 694 3394 παγάς,
721 3323 819 3395 τὴν
848 3323 977 3392 γοῦν
1011 3326 1250 3396 πονηρὰν
1275 3324 1384 3377 τῶν
1404 3325 1472 3378 τὰ
1498 3326 1720 3380 τοιαῦτα
1748 3327 2035 3400 ὑϐριζομέ-

371 3442 477 3479 νων
500 3422 769 3485 δυσκόλως
790 3420 1164 3490 διαφεύξονται
1183 3423 1337 3489 δόξαν
1351 3440 1364 3453 ’
1391 3424 1604 3496 πρῶτον
1631 3426 1747 3495 μὲν,
1768 3427 1850 3478 ὅτι
1868 3425 2035 3494 ὀλίγοι

374 3522 581 3593 σφόδρα
602 3521 730 3585 εἰσὶ,
763 3520 1050 3593 καὶταύτῃ
1078 3520 1273 3592 ῥᾳδίως
1303 3522 1368 3574 ἂν
1392 3519 1471 3591 τῷ
1499 3523 1606 3575 τῶν
1629 3523 1878 3596 πονηρῶν
1900 3525 2034 3595 κρύ-

374 3634 595 3671 πτοιντο
630 3615 860 3685 πλήθει·
899 3615 1169 3687 δεύτερον,
1212 3616 1293 3669 ὅτι
1335 3617 1428 3669 καὶ
1463 3617 1617 3670 αὐτοὶ
1647 3619 1697 3669 οἱ
1730 3621 1913 3691 μιαροὶ
1944 3621 2037 3674 καὶ

374 3712 802 3781 ἐναγείς⁵ἐκείνοι
833 3710 1101 3782 δαίμονες,
1134 3710 1235 3764 οὐκ
1263 3710 1477 3781 ἔχοντες
1505 3711 1707 3783 ἑτέρως
1730 3711 2035 3783 ἀμύνασθαι

373 3811 501 3872 τοὺς
544 3807 894 3877 ὑπεριδόντας
931 3807 1134 3872 αὐτῶν,
1177 3807 1349 3879 ταύτῃ
1395 3807 1780 3872 σπουδάζουσιν
1812 3810 2033 3865 ἀδικεῖν.

384 3904 607 3975 Ἐπειδὴ
645 3903 884 3984 γάρ.οὐκ
933 3903 1157 3974 ῐσχυσαν
1186 3904 1405 3974 καιρίαν
1437 3903 1618 3958 δοῦναι
1660 3905 1893 3978 πληγὴν,
1929 3908 2036 3961 οὐδ’

376 4002 548 4070 αὐτῆς
592 4000 913 4054 καθικέσθαι
946 4003 1044 4071 τῆς
1074 3999 1272 4072 ψυχῆς,
1314 4000 1403 4056 τὸν
1453 4000 1583 4069 γοῦν
1615 4001 1809 4067 ἔξωθεν
1857 4005 2039 4070 αὐτοῖς

378 4097 756 4169 περικείμενον
799 4097 1006 4168 τρῶσαι
1038 4098 1239 4168 κόσμον
1273 4099 1635 4169 ἐπιχειροῦσι,
1679 4101 1772 4153 καὶ
1814 4102 1913 4172 τὴν
1950 4102 2040 4155 εὐι-

378 4195 563 4250 κλειαν
588 4196 804 4250 ἃπασαν
843 4194 1071 4247 ἀνελεῖν.
1116 4192 1278 4247 Ὅθεν
1299 4193 1394 4246 καὶ
1424 4192 1631 4247 πολλῶν
1654 4193 2039 4266 θαυμαζόντων

378 4291 606 4361 ηκουσα,
632 4290 747 4353 πῶς
772 4289 979 4343 οὐδέπω
998 4290 1090 4342 καὶ⁸
1113 4290 1350 4360 τήμερον
1376 4289 1579 4359 ὄμϐρος
1603 4290 1691 4343 ἒτε
1700 4309 1788 4361 ρος
1810 4294 2039 4365 κατηνέ-

381 4387 486 4458 χθη
512 4388 698 4459 πυρὸς,
730 4386 845 4450 πῶς
871 4386 1083 4439 οὐδέπω
1106 4386 1175 4440 τά
1193 4386 1301 4439 τῶν
1332 4387 1577 4458 Σοδόμων
1605 4388 1804 4443 ἔπαθεν
1830 4394 1959 4463 ημῖν
2006 4395 2039 4464 ή

381 4483 556 4547 πόλις,
588 4483 826 4554 τοσούτῳ
856 4482 1239 4556 χαλεπωτέρας
1273 4484 1398 4551 ἀξία
1432 4484 1705 4550 κολάσεως
1735 4484 1889 4553 οὖσα,
1920 4490 2041 4545 ὅσον

387 4580 523 4651 μηδέ
554 4581 666 4642 τοῖς
694 4578 915 4633 ἐκείνων
942 4580 1312 4653 ἐσωφρονίσθη
1351 4584 1541 4646 κακοῖς
1565 4594 1622 4648 c;
1668 4585 1828 4639 Ἀλλά
1866 4588 2041 4641 καίτοι

385 4677 488 4747 τῆς
513 4675 690 4747 χώρας
717 4676 927 4748 ἐκείνης
941 4678 997 4730 ἐν
1012 4677 1289 4749 δισχιλίοις
1310 4678 1494 4732 λοιπὸν
1514 4681 1677 4747 ἔτεσι,
1697 4683 1880 4754 φωνῆς
1905 4684 2042 4755 λαμ-

385 4774 649 4845 πρότερον
672 4773 759 4826 διὰ
778 4774 876 4845 τῆς
902 4773 1076 4844 ὅψεως
1104 4777 1238 4847 πρὸς
1267 4776 1481 4831 ἃπασαν
1508 4778 1716 4851 βοώσης
1740 4781 1837 4853 τήν
1861 4785 2040 4837 οίκου-

386 4872 554 4943 μένην
588 4873 719 4942 μηδὲ
757 4870 993 4925 τοιοῦτον
1024 4873 1249 4945 τολμᾷν,
1286 4876 1346 4928 οὐ
1383 4877 1540 4947 μόνον
1568 4879 1666 4931 οὐκ
1698 4879 2041 4953 ὀκνηρότεροι

383 4986 451 5025 πε
463 4973 514 5043 ρὶ
540 4972 637 5043 τὴν
664 4973 933 5043 ἁμαρτίαν
967 4974 1211 5042 ἐγένοντο
1235 4976 1457 5047 ταύτην,
1485 4978 1618 5031 ἀλλά
1648 4980 1742 5034 καὶ
1778 4981 2041 5052 ἰταμώτε-

389 5083 492 5136 ροι.
527 5066 776 5137 καθάπερ
800 5068 1223 5136 φιλονεικοῦντες
1242 5070 1319 5141 τῷ
1340 5072 1477 5143 Θεῷ,
1502 5075 1596 5127 καὶ
1618 5075 1707 5128 διὰ
1738 5076 1844 5131 τῶν
1870 5077 2044 5149 ἔργων

385 5160 555 5224 δεῖξαι
582 5161 993 5228 σπουδάζοντες,
1023 5166 1105 5218 ὅτι
1131 5167 1370 5239 τοσούτῳ
1397 5172 1510 5233 τοῖς
1547 5173 1736 5235 κακοῖς
1765 5172 2045 5244 ἐπιθήσον-

383 5281 474 5317 ται
500 5263 729 5329 τούτοις,
746 5265 965 5338 ὅσῳπερ
990 5266 1056 5320 ἂν
1079 5268 1261 5333 αὐτοῖς
1284 5269 1542 5340 μειζόνως
1561 5271 1776 5343 ἀπειλῇ.
1805 5273 1928 5338 Πῶς
1953 5271 2044 5329 οὖν

385 5359 535 5413 οὐδὲν
562 5359 751 5427 γέγονε
779 5360 1037 5426 τοιοῦτον,
1052 5362 1187 5415 ἀλλά
1211 5362 1279 5416 τὰ
1296 5364 1395 5435 μὲν
1411 5365 1657 5436 Σοδόμων
1677 5368 2044 5439 ἁμαρτήματα

384 5457 666 5528 τολμᾶται,
704 5457 774 5511 τά
803 5457 859 5510 δὲ
897 5458 1145 5531 Σοδόμων
1177 5463 1236 5515 οὐ
1289 5463 1494 5532 γίνεται
1533 5464 1714 5538 πάθη;
1756 5468 1878 5520 Ὀτι
1933 5469 2045 5541 πῦρ

386 5554 582 5616 αὐτοὺς
596 5552 682 5605 ἐτε
693 5570 781 5624 ρον
797 5554 1170 5629 χαλεπώτερον
1188 5558 1357 5627 μένει,
1382 5562 1474 5613 καὶ
1495 5561 1714 5625 κόλασις
1730 5563 1828 5616 οὐκ
1849 5563 2045 5634 ἔχουσα

390 5859 403 5869 _
449 5800 474 5828 ⁸
504 5800 650 5850 Savil.
673 5803 887 5874 in_te;tu
912 5813 959 5855 et
976 5807 1073 5874 Quo
1096 5821 1211 5859 mss.
1234 5810 1339 5874 περί
1360 5810 1595 5871 γυναῖκας.
1624 5811 1795 5863 Morel.
1822 5820 1875 5864 et
1894 5815 2041 5866 εει-ῆι.

388 5867 609 5928 in_m_:qrg.
634 5867 739 5927 περὶ
763 5868 847 5923 τὴν
868 5869 1079 5928 γυναῖκα.

450 5923 478 5995 ξ
504 5923 609 5995 Quo
630 5923 743 5973 ms's.
767 5923 1047 5995 διαφύγοιεν,
1069 5931 1217 5995 S_avil.
1240 5937 1292 5995 et
1315 5931 1486 5981 Morel.
1512 5934 1738 5995 διέφυγον.

453 5987 478 6014 ⁸
499 5983 609 6033 Duo
632 5998 745 6034 mss.
767 5983 868 6050 ὀσῴ
895 5983 1012 6054 μηδέ
1033 5983 1139 6050 ’τοῖς
1162 5993 1350 6042 ἐκείνων
1374 5983 1745 6057 σωφρονισθῆναι
1770 5999 1949 6056 κακοῖς,

3676 395 3799 456 36!

2114 512 2285 577 τέλος.
2315 512 2426 567 Καὶ
2450 511 2560 584 γάρ
2579 511 2688 565 τῶν
2713 511 2818 565 ὑπὸ
2845 511 2938 565 τοῦ
2969 509 3352 582 κατακλυσμοῦ
3376 511 3799 584 διαφθαρέντων

2113 599 2292 670 πολλῷ
2348 599 2663 671 μιαρώτερα
2713 598 3102 670 τολμησάντων
3149 598 3370 653 ἐκείνων
3402 597 3456 662 ⁸,
3485 592 3593 653 τῶν
3647 603 3800 672 μετά

2113 688 2284 742 ταῦτα
2313 688 2476 757 λέγω,
2509 688 2683 751 οὐδεὶς
2713 687 2771 754 ἐξ
2799 686 3010 740 ἐκείνου
3044 686 3266 755 γέγονεν
3292 686 3499 758 ὄμϐρος
3522 687 3794 751 τοιοῦτος.

2114 774 2408 830 Κάνταῦθα
2439 775 2497 829 δέ
2529 774 2687 829 πάλιν
2717 775 2750 844 ή
2795 772 2943 826 αίτία
2979 775 3013 845 ή
3044 775 3215 844 αὐτή·
3251 773 3375 826 ἐπεὶ
3416 774 3559 837 τίνος
3598 774 3797 828 ἕνεκεν

2115 866 2164 917 οἱ
2205 865 2301 934 μὲν
2330 863 2481 934 παρά
2511 861 2609 933 τὴν
2638 861 2810 933 ἀρχὴν
2845 860 3148 932 γενόμενοι,
3183 861 3273 914 ὅτε
3299 859 3422 913 οὐτε
3459 861 3799 933 δικαστήρια

2116 950 2205 1024 ἦν,
2245 953 2366 1007 οὐδὲ
2416 952 2691 1025 ἀρχόντων
2739 951 2991 1005 ἐπέκειτο
3039 950 3239 1020 φόϐος,
3274 951 3335 1004 οὐ
3386 951 3551 1023 νόμος
3604 953 3798 1023 παρῆν

2119 1042 2375 1107 ἀπειλῶν,
2414 1042 2475 1095 οὐ
2524 1039 2818 1112 προφητῶν
2860 1039 3020 1111 χορὸς
3055 1038 3353 1110 ῥυθμίζων,
3388 1040 3448 1092 οὐ
3488 1040 3795 1111 προσδοκία

2120 1133 2363 1203 γεέννης,
2391 1131 2452 1184 οὐ
2487 1129 2763 1201 βασιλείας
2791 1128 2967 1195 ἐλπὶς,
2997 1129 3098 1182 οὐκ
3129 1126 3261 1199 ἄλλη
3292 1128 3597 1198 φιλοσοφία,
3627 1130 3692 1182 οὐ
3718 1130 3799 1183 τὰ

2122 1220 2374 1291 θαύματα
2405 1219 2473 1274 τὰ
2501 1221 2595 1274 καὶ
2627 1219 2805 1283 λίθους
2837 1217 3143 1288 ἀναστῆσαι
3171 1218 3461 1289 δυνάμενα,
3495 1219 3613 1283 πῶς
3641 1212 3798 1273 οὗτοι

2125 1307 2223 1378 μὲν
2250 1308 2299 1359 οί
2344 1307 2571 1378 μηδενὸς
2606 1307 2808 1361 τούτων
2832 1304 3239 1369 ἀπολαύσαντες
3269 1306 3408 1376 ὑπὲρ
3437 1300 3511 1361 ὧν
3541 1307 3799 1380 ἥμαρτον

2121 1395 2387 1466 τοσαύτην
2415 1394 2621 1448 ἔδωκαν
2656 1394 2832 1465 δίκην,
2872 1394 2922 1446 οί
2949 1393 3007 1446 δέ
3035 1394 3251 1446 πάντων
3283 1392 3488 1446 τούτων
3521 1410 3798 1465 μετεσχη-

2124 1488 2316 1550 κότες,
2374 1483 2468 1537 καὶ
2506 1482 2709 1553 μεταξὺ
2761 1481 3017 1535 τοσούτου
3068 1480 3268 1546 ζῶντες
3314 1481 3478 1550 φόϐου
3507 1482 3600 1534 καὶ
3631 1480 3799 1534 θείων

2123 1567 2487 1638 δικαστηρίων
2520 1566 2614 1621 καὶ
2646 1565 3026 1637 ἀνθρωπίνων,
3060 1564 3273 1617 οὐδέπω
3318 1563 3413 1616 καὶ
3441 1565 3680 1635 τήμερον
3725 1563 3798 1617 τά

2124 1654 2263 1707 αὐτά
2283 1653 2482 1708 ἔπαθον
2500 1653 2748 1716 ἐκείνοις,
2766 1651 3152 1723 χαλεπωτέρας
3167 1651 3318 1714 ὄντες
3333 1650 3471 1714 άξιοι
3486 1650 3797 1715 κολάσεως;

2124 1738 2251 1814 'Ap’
2274 1742 2393 1812 οὐχὶ
2420 1744 2515 1794 καὶ
2538 1740 2690 1795 παιδὶ
2720 1739 2876 1809 δῆλόν
2902 1742 3071 1799 ἐστιν,
3100 1739 3182 1791 ὅτι
3206 1738 3536 1808 σφοδροτέρᾳ
3560 1736 3798 1807 τηροῦν-

2125 1844 2217 1881 ται
2246 1828 2401 1899 δίκῃς
2441 1828 2505 1881 Εί
2563 1826 2672 1898 γὰρ
2710 1828 2872 1897 ἡμεῖς
2902 1824 3235 1897 ὀργιζόμεθα
3267 1824 3438 1886 οὕτως
3471 1827 3565 1877 καὶ
3590 1826 3803 1893 ἀγαναο

2128 1913 2382 1986 κτοῦμεν,
2417 1916 2446 1967 ὀ
2484 1914 2615 1978 Θεὸς
2647 1915 2676 1967 ὁ
2706 1914 2922 1967 πάντων
2965 1910 3194 1984 μάλιστα
3217 1911 3312 1965 τοῦ
3344 1912 3451 1963 τῶν
3491 1911 3801 1983 ἀνθρώπιον

2128 2001 2316 2069 γένους
2341 1999 2655 2071 κηδόμενος,
2681 2001 2775 2053 καὶ
2799 2000 2895 2071 τὴν
2923 1999 3118 2053 κακίαν
3152 1998 3357 2071 σφόδρα
3385 1998 3804 2069 ἀποστρεφόμε.

2128 2104 2215 2151 νος
2243 2088 2338 2140 καὶ
2377 2086 2569 2153 μισῶν,
2604 2086 2721 2151 πῶς
2753 2088 3038 2157 ἀνάσχοιτο
3064 2086 3234 2139 ταῦτα
3260 2084 3559 2156 τολμᾶσθαι
3588 2086 3803 2156 ἀτιμω-

2134 2173 2285 2243 ρητί;
2320 2174 2433 2227 Οὐκ
2465 2173 2580 2227 ἐστι
2606 2174 2800 2239 ταῦτα,
2830 2174 2930 2227 οὐκ
2973 2173 3146 2227 ἔστιν’
3188 2173 3303 2226 ἀλλ’
3341 2174 3546 2226 ἐποίσει
3579 2173 3803 2237 πάντως

2132 2263 2311 2326 αὐτοῖς
2333 2262 2429 2333 τὴν
2453 2265 2609 2333 χεῖρα
2631 2265 2729 2335 τὴν
2751 2262 3037 2335 κραταιὰν,
3064 2263 3158 2315 καὶ
3183 2262 3281 2333 τὴν
3301 2261 3514 2333 πληγὴν
3541 2262 3642 2332 τὴν
3659 2261 3805 2329 ἀφόο

2135 2368 2313 2423 ρητον,
2344 2353 2437 2405 καὶ
2466 2351 2576 2424 [90]
2608 2351 2716 2406 τῶν
2750 2351 3180 2423 βασανιστηρίων
3209 2352 3307 2422 τὴν
3340 2351 3529 2423 ὀδύνην
3552 2350 3800 2417 ἐκείνων,

2132 2438 2273 2491 οὕτω
2288 2457 2301 2497 _:
2314 2434 2476 2491 οὖσαν
2497 2440 2759 2511 χαλεπὴν,
2776 2439 2851 2503 ὼς
2865 2438 2936 2492 τά
2956 2440 3015 2492 ὲν
3035 2439 3288 2509 Σοδόμοις
3313 2438 3456 2509 πάθη
3474 2439 3611 2510 πρὸς
3626 2437 3803 2491 ταῦτα

2134 2526 2587 2598 παραϐαλλόμενα
2618 2527 2844 2595 παίγνια
2873 2522 3012 2581 εἶναι
3045 2526 3379 2597 νομίζεσθαι.
3413 2526 3576 2589 Τίνας
3603 2526 3714 2596 γὰρ
3739 2526 3802 2577 οὐ

2136 2615 2457 2687 παρήλασαν
2480 2611 2624 2671 οὗτοι
2654 2606 3173 2687 βαρϐάρουςίποίων
3194 2614 3397 2686 θηρίων
3417 2615 3570 2684 γένος
3590 2615 3675 2668 διὰ
3702 2614 3805 2684 τῆς

2136 2701 2489 2772 ἀναισχύντου
2536 2704 2732 2775 μίξεως
2756 2702 2990 2773 ταύτης;
3020 2703 3206 2755 Ἔστιν
3234 2702 3291 2755 ἒν
3322 2720 3430 2755 τισι
3457 2701 3562 2754 τῶν
3588 2701 3804 2767 ἀλόγων

2136 2786 2349 2861 οἶστρος
2382 2792 2576 2856 πολὺς,
2620 2793 2713 2846 καὶ
2754 2790 3021 2862 ἐπιθυμία
3058 2791 3359 2861 ἀφόρητος,
3416 2791 3612 2861 μανίας
3645 2789 3807 2843 οὐδὲν

2136 2877 2460 2951 διαφέρουσα
2477 2899 2489 2911 ·
2522 2881 2639 2935 ἀλλ’
2670 2882 2821 2952 ὅμως
2847 2880 3035 2934 τοῦτον
3060 2882 3160 2934 οὐκ
3187 2877 3294 2934 οἶδε
3325 2881 3416 2933 τὸν
3442 2880 3638 2953 ἔρωτα,
3684 2879 3807 2933 ἀλλ’

2138 2967 2365 3037 ἕστηκεν
2398 2970 2528 3023 εἴσω
2555 2969 2663 3023 τῶν
2691 2970 2789 3040 τῆς
2819 2969 3031 3039 φύσεως
3077 2972 3239 3040 ὅρων·
3272 2968 3374 3023 κάν
3406 2969 3663 3040 μυριάκις
3701 2984 3806 3019 κα-

2138 3053 2332 3126 χλάζῃ,
2366 3057 2494 3119 τοὺς
2532 3057 2630 3125 τῆς
2677 3054 2889 3124 φύσεως
2922 3058 3023 3109 ούκ
3065 3055 3358 3127 ἀνατρέπει
3391 3055 3604 3126 νόμους.
3643 3056 3709 3106 Οί
3748 3054 3808 3107 δὲ

2139 3142 2346 3211 λογικοὶ
2371 3142 2551 3213 δῆθεν,
2578 3143 2673 3197 καὶ⁸
2697 3142 2844 3208 θείας
2879 3142 3284 3206 ἀπολαύσαντες
3313 3141 3681 3204 διδασκαλίας,
3711 3140 3809 3194 καὶ

2139 3229 2200 3281 τὸ
2237 3230 2500 3301 πρακτέον
2529 3231 2621 3283 καὶ
2652 3230 2713 3283 τὸ
2745 3230 2820 3303 μὴ
2851 3230 3095 3284 τοιοῦτον
3126 3232 3333 3303 ἑτέροις
3374 3229 3806 3301 διαγορεύοντες,

2141 3316 2234 3367 καὶ
2258 3317 2600 3387 γραμμάτων
2623 3317 2682 3382 ἐξ
2706 3318 2933 3389 οὐρανοῦ
2957 3318 3308 3372 καταϐάντων
3326 3316 3679 3378 ἀκούσαντες,
3707 3313 3810 3383 οὐχ

2140 3400 2311 3465 οὕτως
2332 3403 2502 3468 ἀδεῶς
2521 3408 2642 3470 ταῖς
2665 3407 2915 3476 πόρναις,
2938 3405 3125 3477 ὥσπερ
3145 3408 3257 3468 τοῖς
3277 3406 3417 3466 νέοις
3439 3402 3806 3470 συγγίνονται.

2142 3487 2406 3560 Καθάπερ
2422 3488 2530 3560 γάρ
2549 3492 2684 3561 μήτε
2703 3490 2800 3544 ἀνθ
2810 3490 3006 3562 ρώπων
3022 3491 3210 3555 ὄντων,
3237 3491 3373 3561 μήτε
3397 3488 3653 3560 προνοίας
3669 3486 3810 3541 Θεοῦ

2142 3574 2473 3648 ἐφεστώσης,
2505 3580 2599 3631 καὶ
2626 3579 2953 3649 δικαζούσης
2986 3582 3099 3642 τοῖς
3128 3578 3448 3648 γινομένοις,
3477 3576 3590 3629 ἀλλ’
3616 3575 3810 3648 ῶσπερ

2144 3663 2333 3716 σκότου
2370 3662 2546 3717 πάντα
2572 3666 2989 3730 καταλαϐόντος,
3026 3666 3119 3719 καὶ
3148 3665 3370 3736 μηδενὸς
3404 3666 3542 3735 μήτε
3568 3662 3811 3733 ὁρῶντος

2141 3752 2329 3817 ταῦτα,
2366 3755 2502 3826 μήτε
2531 3755 2840 3820 ἀκούοντος,
2870 3755 3013 3810 οὕτω
3050 3758 3227 3810 πάντα
3255 3755 3514 3825 τολμῶσι,
3545 3754 3641 3806 καὶ
3667 3752 3811 3824 μετά

2142 3839 2407 3912 τοσαύτης
2432 3842 2644 3911 μανίας.
2669 3844 2731 3895 Ol
2751 3843 2807 3896 δὲ
2828 3842 2937 3895 τῶν
2952 3841 3326 3917 ’ὑϐριζομένων
3346 3842 3548 3895 παίδων
3571 3840 3812 3911 πατέρες

2144 3928 2367 3999 φέρουσι
2392 3929 2565 3984 ταῦτα
2594 3934 2740 4002 σιγῇ,
2769 3931 2863 3984 καὶ
2883 3933 2944 3984 οὐ
2972 3930 3359 4001 κατορύττουσι
3388 3929 3524 4001 μετά
3545 3929 3653 3980 τῶν
3680 3927 3812 3980 παί-

2143 4013 2248 4067 δων
2274 4016 2520 4080 ἑαυτοὺς,
2547 4017 2666 4069 οὐδέ
2694 4017 2968 4071 ἐπινοοῦσί
2993 4035 3115 4072 τινα
3140 4017 3492 4089 παραμυθίαν
3517 4014 3595 4086 τῷ
3626 4014 3805 4085 κακῷ.

2137 4089 2210 4157 Ei
2256 4105 2364 4174 γὰρ
2398 4107 2478 4169 είς
2521 4108 2816 4179 ὑπερορίαν
2863 4108 2971 4162 ἀπὸ
2998 4108 3202 4179 ταύτης
3249 4107 3473 4161 ἐλκύσαι
3507 4109 3607 4178 τῆς
3650 4106 3810 4160 νόσου

2144 4192 2270 4255 τοὺς
2295 4194 2430 4257 υίεῖς
2455 4193 2581 4260 ἔδει,
2616 4196 2665 4247 εί
2691 4195 2798 4267 γάρ
2833 4198 2911 4258 εἰς
2939 4195 3233 4259 θάλασσαν,
3264 4197 3311 4248 εί
3341 4195 3448 4266 γὰρ
3478 4196 3559 4259 είς
3587 4196 3809 4263 νήσους,

2146 4281 2196 4331 εί
2220 4280 2332 4352 γὰρ
2353 4282 2433 4344 είς
2457 4282 2656 4336 ἄϐατον
2684 4283 2787 4351 γῆν
2806 4324 2820 4348 ,
2855 4285 2903 4336 εί
2940 4284 3049 4355 γὰρ
3071 4288 3148 4349 είς
3171 4284 3267 4355 τὴν
3295 4284 3436 4353 ὑπὲρ
3457 4285 3603 4353 ἡμᾶς
3627 4284 3812 4335 01x00-

2150 4366 2336 4437 μένην,
2358 4368 2457 4421 οὑκ
2476 4367 2581 4421 ἔδει
2603 4370 2779 4423 πάντα
2798 4370 3017 4440 ποιῆσαι
3042 4372 3135 4424 καὶ
3162 4371 3351 4425 παθεῖν
3371 4369 3512 4424 ὥστε
3538 4370 3610 4441 μὴ
3635 4369 3812 4423 ταῦτα

2146 4453 2397 4522 γενέσθαι
2433 4454 2501 4507 τὰ
2546 4456 2856 4528 μιάσματας
2901 4457 3040 4511 Ἀλλ’
3066 4460 3115 4510 εί
3155 4458 3257 4529 μὲν
3293 4458 3539 4511 ἐπίνοσόν
3568 4474 3672 4510 που
3714 4458 3814 4510 καὶ

2148 4539 2393 4609 λοιμικόν
2421 4541 2536 4595 ἐστι
2562 4543 2781 4615 χωρίον,
2811 4544 2910 4597 οὐκ
2939 4543 3217 4615 ἀπάξομεν
3235 4545 3351 4598 ἐκεῖ
3372 4546 3498 4607 τοὺς
3521 4545 3678 4607 υἱεῖς,
3705 4543 3813 4596 κᾶν

2152 4628 2361 4698 μεγάλα
2383 4630 2685 4700 κερδαίνειν
2710 4631 2965 4702 μέλλωσι,
2994 4633 3097 4686 κᾶν
3127 4633 3330 4704 σφόδρα
3357 4632 3582 4701 ὑγιεινοὶ
3607 4633 3815 4701 τυγχά-

2147 4732 2311 4769 νωσιν
2351 4716 2538 4782 δντες;
2578 4717 2695 4772 νυνὶ
2737 4718 2795 4772 δὲ
2834 4718 3101 4790 τοσαύτης
3150 4721 3219 4773 τὰ
3266 4720 3443 4774 πάντα
3475 4718 3816 4789 κατεχούσης

2148 4801 2344 4873 λύμης,
2373 4805 2433 4857 οὐ
2463 4804 2620 4874 μόνον
2646 4806 2800 4859 αὐτοὶ
2833 4806 2969 4878 πρὸς
3000 4806 3169 4860 ταῦτα
3197 4807 3425 4877 ἕλκομεν
3456 4807 3526 4860 τά
3560 4807 3816 4877 βάραθρα

2149 4889 2366 4952 αὐτοὺς,
2383 4890 2517 4945 ἀλλά
2536 4892 2632 4944 καὶ⁸
2652 4893 2779 4955 τοὺς
2798 4893 3100 4960 ἀπαλλάξαι
3124 4892 3476 4964 βουλομένους
3498 4894 3573 4957 ὡς
3596 4892 3816 4964 λυμεῶ-

2148 4992 2245 5039 νας
2287 4977 2677 5048 ἀπελαύνομεν.
2726 4980 2837 5033 Kal
2880 4980 3052 5052 πόσης
3097 4980 3197 5034 οὐκ
3237 4979 3364 5045 ἀξια
3401 4980 3572 5035 ταῦτα
3619 4980 3816 5052 ὀργῆς,

2150 5062 2330 5116 πόσων
2362 5065 2640 5135 σκηπτῶν,
2670 5066 2798 5119 ὅταν
2825 5066 2923 5137 τὴν
2951 5068 3047 5138 μὲν
3067 5067 3313 5137 γλῶτταν
3338 5068 3521 5130 αὐτοῖς
3549 5066 3821 5120 ἐκκαθαί-

2151 5166 2265 5220 ρειν
2292 5150 2383 5203 διὰ
2409 5151 2509 5221 τῆς
2535 5152 2733 5216 ἔξωθεν
2768 5156 2959 5223 σοφίας
2985 5155 3395 5226 σπουδάζωμεν,
3428 5154 3526 5226 τήν
3553 5154 3611 5207 δὲ
3632 5154 3822 5225 ψυχὴν

2150 5240 2209 5290 ἐν
2242 5236 2387 5308 αὐτῷ
2414 5240 2512 5309 τῆς
2542 5240 2829 5309 ἀσελγείας
2856 5241 2933 5313 τῷ
2963 5241 3206 5315 βορϐόρῳ
3234 5242 3490 5313 κειμένην
3518 5242 3611 5295 καὶ
3645 5259 3822 5313 σηπο-

2154 5324 2320 5395 μένην
2345 5324 2631 5390 διαπαντὸς
2660 5326 2734 5397 μὴ
2760 5328 2919 5398 μόνον
2945 5330 3288 5401 περιορῶμεν
3306 5338 3350 5394 ε,
3375 5329 3511 5383 ἀλλά
3537 5332 3631 5383 καὶ
3655 5333 3823 5401 ἐγερ-

2152 5410 2308 5481 θῆναι
2338 5410 2662 5483 βουλομένην
2689 5414 3016 5486 κωλύωμεν;
3061 5417 3181 5469 Ἔτι
3216 5412 3309 5470 οὖν
3333 5417 3591 5488 τολμήσει
3615 5435 3700 5481 τις
3733 5421 3821 5471 εί-

2152 5500 2385 5564 πείν,ὃτι
2404 5499 2623 5554 δυνατὸν
2648 5501 2887 5572 σωθῆναι
2906 5504 3030 5567 τοὺς
3051 5504 3107 5556 ἐν
3127 5503 3388 5567 τοιούτοις
3409 5504 3564 5567 ὄντας
3590 5509 3816 5571 κακοῖς;

2151 5585 2354 5650 Πόθεν;
2382 5588 2443 5641 Οἱ
2473 5589 2571 5659 μὲν
2594 5589 2703 5659 γὰρ
2726 5589 2826 5661 τὴν
2854 5591 2962 5645 τῶν
2986 5591 3295 5646 ἀκολάστων
3319 5592 3670 5662 διαφυγόντες
3710 5611 3820 5663 μα-

2150 5672 2269 5725 νίαν
2310 5673 2500 5743 (ὀλίγοι
2531 5675 2588 5728 δέ
2622 5678 2757 5730 εἰσιν
2798 5672 2985 5749 οὗτοι),
3030 5679 3156 5743 τοὺς
3191 5681 3541 5751 τυραννικοὺς
3571 5680 3820 5744 ἐκείνους

2152 5759 2379 5830 ἔρωτας,
2395 5761 2489 5815 καὶ
2512 5764 2578 5815 τά
2598 5763 2774 5818 πάντα
2789 5765 3221 5837 διαφθείροντας,
3238 5768 3364 5830 τοὺς
3382 5766 3490 5819 τῶν
3515 5766 3819 5837 χρημάτων

2218 5862 2420 5941 ffayil.
2442 5866 2489 5913 iu
2508 5871 2650 5940 t’extu
2675 5872 2726 5941 εἰ
2747 5866 2845 5941 Qun
2868 5881 2979 5918 mss.
3011 5870 3348 5931 τολμησάντων
3368 5871 3554 5933 ἐτέρων.
3583 5869 3737 5921 Sull.
3757 5868 3821 5920 In

2152 5937 2305 6036 marg.
2326 5927 2662 5988 τολμησάντων
2684 5929 2889 5979 ἐκείνων.

2213 5986 2232 6008 ⁸
2293 5987 2338 6036 ic
2360 6000 2471 6036 mss.
2500 5995 2553 6036 et
2582 5991 2649 6036 ila
2670 5990 2791 6036 lenit
2816 5993 2888 6036 inl

2312 5999 2338 6036 c
2360 6000 2471 6038 mss.
2500 5995 2553 6040 et
2582 5991 2649 6040 ita
2670 5990 2791 6056 legit
2816 5993 3079 6055 interpres.
3105 5992 3237 6049 Editi
3270 6010 3391 6048 vero
3413 5996 3615 6059 δρῶμεν.
