  <div class='ocr_page' id='page_1' title='image "/cluster/home/n/w/nwhite01/storage/ocr_20150623/47/nnc1.0046978321/322.png"; bbox 0 0 4116 6392; ppageno 0'>
   <div class='ocr_carea' id='block_1_1' title="bbox 372 531 1939 608">
    <p class='ocr_par' dir='ltr' id='par_1_1' title="bbox 372 531 1939 608">
     <span class='ocr_line' id='line_1_1' title="bbox 372 531 1939 608; baseline -0.009 -11"><span class='ocrx_word' id='word_1_1' title='bbox 372 542 468 597; x_wconf 82' lang='lat' dir='ltr'><strong>sed</strong></span> <span class='ocrx_word' id='word_1_2' title='bbox 509 539 779 595; x_wconf 74' lang='lat' dir='ltr'><strong>naturales</strong></span> <span class='ocrx_word' id='word_1_3' title='bbox 815 538 943 608; x_wconf 70' lang='lat' dir='ltr'><strong>ipsa:</strong></span> <span class='ocrx_word' id='word_1_4' title='bbox 990 535 1131 604; x_wconf 80' lang='lat' dir='ltr'><strong>leges</strong></span> <span class='ocrx_word' id='word_1_5' title='bbox 1160 542 1488 588; x_wconf 81' lang='lat' dir='ltr'><strong>evertuntur.</strong></span> <span class='ocrx_word' id='word_1_6' title='bbox 1516 532 1683 586; x_wconf 88' lang='lat' dir='ltr'><strong>Parva</strong></span> <span class='ocrx_word' id='word_1_7' title='bbox 1721 546 1806 586; x_wconf 86' lang='lat' dir='ltr'><strong>res</strong></span> <span class='ocrx_word' id='word_1_8' title='bbox 1831 531 1939 599; x_wconf 87' lang='lat' dir='ltr'><strong>jam</strong></span> 
     </span>
    </p>
   </div>
   <div class='ocr_carea' id='block_1_2' title="bbox 375 621 1943 699">
    <p class='ocr_par' dir='ltr' id='par_1_2' title="bbox 375 621 1943 699">
     <span class='ocr_line' id='line_1_2' title="bbox 375 621 1943 699; baseline -0.009 -14"><span class='ocrx_word' id='word_1_9' title='bbox 375 645 454 685; x_wconf 79' lang='lat' dir='ltr'><strong>est</strong></span> <span class='ocrx_word' id='word_1_10' title='bbox 488 633 553 685; x_wconf 75' lang='lat' dir='ltr'><strong>ad</strong></span> <span class='ocrx_word' id='word_1_11' title='bbox 582 629 922 699; x_wconf 68' lang='lat' dir='ltr'><strong>impudicitia:</strong></span> <span class='ocrx_word' id='word_1_12' title='bbox 950 628 1206 680; x_wconf 88' lang='lat' dir='ltr'><strong>rationem</strong></span> <span class='ocrx_word' id='word_1_13' title='bbox 1236 624 1510 677; x_wconf 85' lang='lat' dir='ltr'><strong>fornicatio</strong></span> <span class='ocrx_word' id='word_1_14' title='bbox 1545 639 1558 675; x_wconf 94' lang='lat'><strong>:</strong></span> <span class='ocrx_word' id='word_1_15' title='bbox 1599 637 1662 676; x_wconf 88' lang='lat' dir='ltr'><strong>ac</strong></span> <span class='ocrx_word' id='word_1_16' title='bbox 1690 621 1943 691; x_wconf 84' lang='lat' dir='ltr'><strong>quemad—</strong></span> 
     </span>
    </p>
   </div>
   <div class='ocr_carea' id='block_1_3' title="bbox 377 712 1944 783">
    <p class='ocr_par' dir='ltr' id='par_1_3' title="bbox 377 712 1944 783">
     <span class='ocr_line' id='line_1_3' title="bbox 377 712 1944 783; baseline -0.007 -8"><span class='ocrx_word' id='word_1_17' title='bbox 377 721 590 775; x_wconf 81' lang='lat' dir='ltr'><strong>modum</strong></span> <span class='ocrx_word' id='word_1_18' title='bbox 617 721 666 773; x_wconf 94' lang='lat' dir='ltr'><strong>in</strong></span> <span class='ocrx_word' id='word_1_19' title='bbox 695 718 984 779; x_wconf 83' lang='lat' dir='ltr'><strong>doloribus,</strong></span> <span class='ocrx_word' id='word_1_20' title='bbox 1010 715 1096 783; x_wconf 88' lang='lat' dir='ltr'><strong>qui</strong></span> <span class='ocrx_word' id='word_1_21' title='bbox 1124 713 1401 768; x_wconf 88' lang='lat' dir='ltr'><strong>violentior</strong></span> <span class='ocrx_word' id='word_1_22' title='bbox 1429 712 1735 781; x_wconf 84' lang='lat' dir='ltr'><strong>supervenit</strong></span> <span class='ocrx_word' id='word_1_23' title='bbox 1754 712 1944 780; x_wconf 87' lang='lat' dir='ltr'><strong>prioris</strong></span> 
     </span>
    </p>
   </div>
   <div class='ocr_carea' id='block_1_4' title="bbox 377 802 1944 876">
    <p class='ocr_par' dir='ltr' id='par_1_4' title="bbox 377 802 1944 876">
     <span class='ocr_line' id='line_1_4' title="bbox 377 802 1944 876; baseline -0.008 -9"><span class='ocrx_word' id='word_1_24' title='bbox 377 829 590 867; x_wconf 82' lang='lat' dir='ltr'><strong>sensum</strong></span> <span class='ocrx_word' id='word_1_25' title='bbox 619 812 795 866; x_wconf 80' lang='lat' dir='ltr'><strong>obruit</strong></span> <span class='ocrx_word' id='word_1_26' title='bbox 826 852 840 876; x_wconf 92' lang='lat'><strong>,</strong></span> <span class='ocrx_word' id='word_1_27' title='bbox 873 812 948 862; x_wconf 88' lang='lat' dir='ltr'><strong>sic</strong></span> <span class='ocrx_word' id='word_1_28' title='bbox 992 818 1040 862; x_wconf 89' lang='lat' dir='ltr'><strong>et</strong></span> <span class='ocrx_word' id='word_1_29' title='bbox 1074 807 1230 875; x_wconf 83' lang='lat' dir='ltr'><strong>hujus</strong></span> <span class='ocrx_word' id='word_1_30' title='bbox 1272 806 1607 859; x_wconf 68' lang='lat' dir='ltr'><strong>contumelia:</strong></span> <span class='ocrx_word' id='word_1_31' title='bbox 1635 802 1944 872; x_wconf 87' lang='lat' dir='ltr'><strong>magnitudo</strong></span> 
     </span>
    </p>
   </div>
   <div class='ocr_carea' id='block_1_5' title="bbox 382 894 1946 973">
    <p class='ocr_par' dir='ltr' id='par_1_5' title="bbox 382 894 1946 973">
     <span class='ocr_line' id='line_1_5' title="bbox 382 894 1946 973; baseline -0.009 -15"><span class='ocrx_word' id='word_1_32' title='bbox 382 922 484 958; x_wconf 92' lang='lat' dir='ltr'><strong>non</strong></span> <span class='ocrx_word' id='word_1_33' title='bbox 523 902 798 973; x_wconf 85' lang='lat' dir='ltr'><strong>permittit.</strong></span> <span class='ocrx_word' id='word_1_34' title='bbox 830 910 885 954; x_wconf 91' lang='lat' dir='ltr'><strong>ut</strong></span> <span class='ocrx_word' id='word_1_35' title='bbox 926 899 1065 968; x_wconf 90' lang='lat' dir='ltr'><strong>quod</strong></span> <span class='ocrx_word' id='word_1_36' title='bbox 1092 895 1566 951; x_wconf 89' lang='lat' dir='ltr'><strong>vereintolerabile</strong></span> <span class='ocrx_word' id='word_1_37' title='bbox 1609 903 1711 960; x_wconf 91' lang='lat' dir='ltr'><strong>est,</strong></span> <span class='ocrx_word' id='word_1_38' title='bbox 1730 895 1838 962; x_wconf 88' lang='lat' dir='ltr'><strong>jam</strong></span> <span class='ocrx_word' id='word_1_39' title='bbox 1866 894 1946 945; x_wconf 85' lang='lat' dir='ltr'><strong>itt-</strong></span> 
     </span>
    </p>
   </div>
   <div class='ocr_carea' id='block_1_6' title="bbox 382 984 1946 1055">
    <p class='ocr_par' dir='ltr' id='par_1_6' title="bbox 382 984 1946 1055">
     <span class='ocr_line' id='line_1_6' title="bbox 382 984 1946 1055; baseline -0.01 -6"><span class='ocrx_word' id='word_1_40' title='bbox 382 994 657 1049; x_wconf 74' lang='lat' dir='ltr'><strong>tolerabile</strong></span> <span class='ocrx_word' id='word_1_41' title='bbox 698 992 943 1046; x_wconf 89' lang='lat' dir='ltr'><strong>videatur</strong></span> <span class='ocrx_word' id='word_1_42' title='bbox 969 1030 985 1055; x_wconf 94' lang='lat'><strong>,</strong></span> <span class='ocrx_word' id='word_1_43' title='bbox 1025 990 1276 1042; x_wconf 69' lang='lat' dir='ltr'><strong>obscmna</strong></span> <span class='ocrx_word' id='word_1_44' title='bbox 1328 1000 1518 1054; x_wconf 90' lang='lat' dir='ltr'><strong>nempe</strong></span> <span class='ocrx_word' id='word_1_45' title='bbox 1559 1000 1679 1039; x_wconf 93' lang='lat' dir='ltr'><strong>cum</strong></span> <span class='ocrx_word' id='word_1_46' title='bbox 1710 984 1946 1038; x_wconf 89' lang='lat' dir='ltr'><strong>mulieri-</strong></span> 
     </span>
    </p>
   </div>
   <div class='ocr_carea' id='block_1_7' title="bbox 383 1074 1945 1149">
    <p class='ocr_par' dir='ltr' id='par_1_7' title="bbox 383 1074 1945 1149">
     <span class='ocr_line' id='line_1_7' title="bbox 383 1074 1945 1149; baseline -0.008 -10"><span class='ocrx_word' id='word_1_47' title='bbox 383 1086 481 1139; x_wconf 89' lang='lat' dir='ltr'><strong>bus</strong></span> <span class='ocrx_word' id='word_1_48' title='bbox 504 1086 518 1116; x_wconf 88' lang='grc'>¹</span> <span class='ocrx_word' id='word_1_49' title='bbox 541 1083 721 1137; x_wconf 87' lang='lat' dir='ltr'><strong>libido.</strong></span> <span class='ocrx_word' id='word_1_50' title='bbox 747 1080 1044 1149; x_wconf 86' lang='lat' dir='ltr'><strong>Optandum</strong></span> <span class='ocrx_word' id='word_1_51' title='bbox 1069 1078 1209 1133; x_wconf 91' lang='lat' dir='ltr'><strong>enim</strong></span> <span class='ocrx_word' id='word_1_52' title='bbox 1239 1076 1445 1130; x_wconf 86' lang='lat' dir='ltr'><strong>videtur</strong></span> <span class='ocrx_word' id='word_1_53' title='bbox 1465 1090 1620 1145; x_wconf 90' lang='lat' dir='ltr'><strong>posse</strong></span> <span class='ocrx_word' id='word_1_54' title='bbox 1646 1074 1945 1141; x_wconf 83' lang='lat' dir='ltr'><strong>hujusmodi</strong></span> 
     </span>
    </p>
   </div>
   <div class='ocr_carea' id='block_1_8' title="bbox 382 1164 1948 1244">
    <p class='ocr_par' dir='ltr' id='par_1_8' title="bbox 382 1164 1948 1244">
     <span class='ocr_line' id='line_1_8' title="bbox 382 1164 1948 1244; baseline -0.01 -12"><span class='ocrx_word' id='word_1_55' title='bbox 382 1177 512 1232; x_wconf 89' lang='lat' dir='ltr'><strong>retia</strong></span> <span class='ocrx_word' id='word_1_56' title='bbox 539 1175 768 1244; x_wconf 81' lang='lat' dir='ltr'><strong>effugere</strong></span> <span class='ocrx_word' id='word_1_57' title='bbox 807 1192 819 1225; x_wconf 90' lang='lat'><strong>:</strong></span> <span class='ocrx_word' id='word_1_58' title='bbox 849 1171 1245 1241; x_wconf 77' lang='lat' dir='ltr'><strong>periculumque</strong></span> <span class='ocrx_word' id='word_1_59' title='bbox 1285 1177 1366 1222; x_wconf 87' lang='lat' dir='ltr'><strong>est</strong></span> <span class='ocrx_word' id='word_1_60' title='bbox 1398 1182 1465 1221; x_wconf 92' lang='lat' dir='ltr'><strong>ne</strong></span> <span class='ocrx_word' id='word_1_61' title='bbox 1490 1180 1649 1219; x_wconf 81' lang='lat' dir='ltr'><strong>sexus</strong></span> <span class='ocrx_word' id='word_1_62' title='bbox 1676 1164 1948 1219; x_wconf 88' lang='lat' dir='ltr'><strong>muliebris</strong></span> 
     </span>
    </p>
   </div>
   <div class='ocr_carea' id='block_1_9' title="bbox 381 1258 1949 1340">
    <p class='ocr_par' dir='ltr' id='par_1_9' title="bbox 381 1258 1949 1340">
     <span class='ocr_line' id='line_1_9' title="bbox 381 1258 1949 1340; baseline -0.008 -18"><span class='ocrx_word' id='word_1_63' title='bbox 381 1270 486 1340; x_wconf 88' lang='lat' dir='ltr'><strong>jatn</strong></span> <span class='ocrx_word' id='word_1_64' title='bbox 534 1268 831 1337; x_wconf 74' lang='lat' dir='ltr'><strong>superﬂuus</strong></span> <span class='ocrx_word' id='word_1_65' title='bbox 866 1263 1123 1319; x_wconf 87' lang='lat' dir='ltr'><strong>efficiatur</strong></span> <span class='ocrx_word' id='word_1_66' title='bbox 1152 1304 1165 1327; x_wconf 94' lang='lat'><strong>,</strong></span> <span class='ocrx_word' id='word_1_67' title='bbox 1194 1260 1618 1314; x_wconf 87' lang='lat' dir='ltr'><strong>adolescentibus</strong></span> <span class='ocrx_word' id='word_1_68' title='bbox 1648 1259 1791 1311; x_wconf 82' lang='lat' dir='ltr'><strong>vices</strong></span> <span class='ocrx_word' id='word_1_69' title='bbox 1834 1258 1949 1325; x_wconf 83' lang='lat' dir='ltr'><strong>ejus</strong></span> 
     </span>
    </p>
   </div>
   <div class='ocr_carea' id='block_1_10' title="bbox 384 1348 1950 1426">
    <p class='ocr_par' dir='ltr' id='par_1_10' title="bbox 384 1348 1950 1426">
     <span class='ocr_line' id='line_1_10' title="bbox 384 1348 1950 1426; baseline -0.008 -13"><span class='ocrx_word' id='word_1_70' title='bbox 384 1376 569 1414; x_wconf 91' lang='lat' dir='ltr'><strong>omnes</strong></span> <span class='ocrx_word' id='word_1_71' title='bbox 600 1358 955 1426; x_wconf 82' lang='lat' dir='ltr'><strong>implentibus.</strong></span> <span class='ocrx_word' id='word_1_72' title='bbox 985 1354 1134 1422; x_wconf 80' lang='lat' dir='ltr'><strong>Quod</strong></span> <span class='ocrx_word' id='word_1_73' title='bbox 1161 1352 1529 1423; x_wconf 90' lang='lat' dir='ltr'><strong>gravissimum</strong></span> <span class='ocrx_word' id='word_1_74' title='bbox 1558 1366 1686 1404; x_wconf 88' lang='lat' dir='ltr'><strong>sane</strong></span> <span class='ocrx_word' id='word_1_75' title='bbox 1712 1360 1791 1402; x_wconf 92' lang='lat' dir='ltr'><strong>est</strong></span> <span class='ocrx_word' id='word_1_76' title='bbox 1821 1391 1834 1411; x_wconf 94' lang='lat'><strong>,</strong></span> <span class='ocrx_word' id='word_1_77' title='bbox 1858 1348 1950 1402; x_wconf 66' lang='lat' dir='ltr'><strong>sed</strong></span> 
     </span>
    </p>
   </div>
   <div class='ocr_carea' id='block_1_11' title="bbox 387 1440 1948 1521">
    <p class='ocr_par' dir='ltr' id='par_1_11' title="bbox 387 1440 1948 1521">
     <span class='ocr_line' id='line_1_11' title="bbox 387 1440 1948 1521; baseline -0.01 -14"><span class='ocrx_word' id='word_1_78' title='bbox 387 1454 541 1521; x_wconf 90' lang='lat' dir='ltr'><strong>longe</strong></span> <span class='ocrx_word' id='word_1_79' title='bbox 566 1451 799 1504; x_wconf 82' lang='lat' dir='ltr'><strong>atrocius</strong></span> <span class='ocrx_word' id='word_1_80' title='bbox 830 1447 969 1517; x_wconf 90' lang='lat' dir='ltr'><strong>quod</strong></span> <span class='ocrx_word' id='word_1_81' title='bbox 1000 1463 1084 1500; x_wconf 86' lang='lat' dir='ltr'><strong>res</strong></span> <span class='ocrx_word' id='word_1_82' title='bbox 1114 1458 1216 1499; x_wconf 91' lang='lat' dir='ltr'><strong>tam</strong></span> <span class='ocrx_word' id='word_1_83' title='bbox 1244 1441 1568 1497; x_wconf 79' lang='lat' dir='ltr'><strong>exsecranda</strong></span> <span class='ocrx_word' id='word_1_84' title='bbox 1602 1440 1799 1508; x_wconf 83' lang='lat' dir='ltr'><strong>ingenti</strong></span> <span class='ocrx_word' id='word_1_85' title='bbox 1827 1454 1948 1492; x_wconf 89' lang='lat' dir='ltr'><strong>cum</strong></span> 
     </span>
    </p>
   </div>
   <div class='ocr_carea' id='block_1_12' title="bbox 385 1532 1950 1609">
    <p class='ocr_par' dir='ltr' id='par_1_12' title="bbox 385 1532 1950 1609">
     <span class='ocr_line' id='line_1_12' title="bbox 385 1532 1950 1609; baseline -0.009 -15"><span class='ocrx_word' id='word_1_86' title='bbox 385 1542 599 1594; x_wconf 77' lang='lat' dir='ltr'><strong>audacia</strong></span> <span class='ocrx_word' id='word_1_87' title='bbox 631 1549 960 1609; x_wconf 83' lang='lat' dir='ltr'><strong>perpetretur</strong></span> <span class='ocrx_word' id='word_1_88' title='bbox 989 1580 1002 1600; x_wconf 87' lang='lat'><strong>,</strong></span> <span class='ocrx_word' id='word_1_89' title='bbox 1035 1538 1103 1590; x_wconf 90' lang='lat' dir='ltr'><strong>ita</strong></span> <span class='ocrx_word' id='word_1_90' title='bbox 1140 1546 1193 1589; x_wconf 95' lang='lat' dir='ltr'><strong>ut</strong></span> <span class='ocrx_word' id='word_1_91' title='bbox 1242 1534 1445 1587; x_wconf 90' lang='lat' dir='ltr'><strong>facinus</strong></span> <span class='ocrx_word' id='word_1_92' title='bbox 1465 1532 1598 1586; x_wconf 92' lang='lat' dir='ltr'><strong>adeo</strong></span> <span class='ocrx_word' id='word_1_93' title='bbox 1626 1532 1950 1599; x_wconf 86' lang='lat' dir='ltr'><strong>illegitimum</strong></span> 
     </span>
    </p>
   </div>
   <div class='ocr_carea' id='block_1_13' title="bbox 388 1621 1955 1702">
    <p class='ocr_par' dir='ltr' id='par_1_13' title="bbox 388 1621 1955 1702">
     <span class='ocr_line' id='line_1_13' title="bbox 388 1621 1955 1702; baseline -0.01 -15"><span class='ocrx_word' id='word_1_94' title='bbox 388 1635 440 1687; x_wconf 90' lang='lat' dir='ltr'><strong>in</strong></span> <span class='ocrx_word' id='word_1_95' title='bbox 471 1634 637 1702; x_wconf 88' lang='lat' dir='ltr'><strong>legem</strong></span> <span class='ocrx_word' id='word_1_96' title='bbox 665 1630 953 1684; x_wconf 87' lang='lat' dir='ltr'><strong>transierit.</strong></span> <span class='ocrx_word' id='word_1_97' title='bbox 979 1628 1145 1681; x_wconf 88' lang='lat' dir='ltr'><strong>Nemo</strong></span> <span class='ocrx_word' id='word_1_98' title='bbox 1166 1626 1274 1695; x_wconf 86' lang='lat' dir='ltr'><strong>jam</strong></span> <span class='ocrx_word' id='word_1_99' title='bbox 1304 1624 1510 1686; x_wconf 91' lang='lat' dir='ltr'><strong>metuit,</strong></span> <span class='ocrx_word' id='word_1_100' title='bbox 1541 1637 1697 1677; x_wconf 91' lang='lat' dir='ltr'><strong>nemo</strong></span> <span class='ocrx_word' id='word_1_101' title='bbox 1725 1621 1955 1690; x_wconf 35' lang='lat' dir='ltr'><strong>perluor;</strong></span> 
     </span>
    </p>
   </div>
   <div class='ocr_carea' id='block_1_14' title="bbox 389 1714 1955 1790">
    <p class='ocr_par' dir='ltr' id='par_1_14' title="bbox 389 1714 1955 1790">
     <span class='ocr_line' id='line_1_14' title="bbox 389 1714 1955 1790; baseline -0.008 -11"><span class='ocrx_word' id='word_1_102' title='bbox 389 1726 548 1779; x_wconf 90' lang='lat' dir='ltr'><strong>rescit</strong></span> <span class='ocrx_word' id='word_1_103' title='bbox 572 1767 586 1790; x_wconf 95' lang='lat'><strong>,</strong></span> <span class='ocrx_word' id='word_1_104' title='bbox 628 1739 783 1777; x_wconf 91' lang='lat' dir='ltr'><strong>nemo</strong></span> <span class='ocrx_word' id='word_1_105' title='bbox 809 1731 1018 1775; x_wconf 91' lang='lat' dir='ltr'><strong>veretur</strong></span> <span class='ocrx_word' id='word_1_106' title='bbox 1045 1729 1132 1773; x_wconf 91' lang='lat' dir='ltr'><strong>aut</strong></span> <span class='ocrx_word' id='word_1_107' title='bbox 1159 1719 1425 1772; x_wconf 75' lang='lat' dir='ltr'><strong>erubescit</strong></span> <span class='ocrx_word' id='word_1_108' title='bbox 1455 1758 1469 1781; x_wconf 96' lang='lat'><strong>,</strong></span> <span class='ocrx_word' id='word_1_109' title='bbox 1514 1716 1605 1771; x_wconf 89' lang='lat' dir='ltr'><strong>sed</strong></span> <span class='ocrx_word' id='word_1_110' title='bbox 1631 1714 1780 1783; x_wconf 89' lang='lat' dir='ltr'><strong>quasi</strong></span> <span class='ocrx_word' id='word_1_111' title='bbox 1808 1714 1873 1767; x_wconf 88' lang='lat' dir='ltr'><strong>de</strong></span> <span class='ocrx_word' id='word_1_112' title='bbox 1900 1728 1955 1767; x_wconf 89' lang='lat' dir='ltr'><strong>re</strong></span> 
     </span>
    </p>
   </div>
   <div class='ocr_carea' id='block_1_15' title="bbox 391 1805 1952 1884">
    <p class='ocr_par' dir='ltr' id='par_1_15' title="bbox 391 1805 1952 1884">
     <span class='ocr_line' id='line_1_15' title="bbox 391 1805 1952 1884; baseline -0.008 -15"><span class='ocrx_word' id='word_1_113' title='bbox 391 1817 526 1869; x_wconf 88' lang='lat' dir='ltr'><strong>bene</strong></span> <span class='ocrx_word' id='word_1_114' title='bbox 552 1824 699 1884; x_wconf 87' lang='lat' dir='ltr'><strong>gesta</strong></span> <span class='ocrx_word' id='word_1_115' title='bbox 727 1813 963 1876; x_wconf 85' lang='lat' dir='ltr'><strong>ridetur;</strong></span> <span class='ocrx_word' id='word_1_116' title='bbox 990 1812 1087 1881; x_wconf 89' lang='lat' dir='ltr'><strong>ipsi</strong></span> <span class='ocrx_word' id='word_1_117' title='bbox 1128 1817 1484 1878; x_wconf 84' lang='lat' dir='ltr'><strong>temperantes</strong></span> <span class='ocrx_word' id='word_1_118' title='bbox 1506 1806 1740 1860; x_wconf 89' lang='lat' dir='ltr'><strong>insanire</strong></span> <span class='ocrx_word' id='word_1_119' title='bbox 1762 1805 1952 1858; x_wconf 90' lang='lat' dir='ltr'><strong>viden-</strong></span> 
     </span>
    </p>
   </div>
   <div class='ocr_carea' id='block_1_16' title="bbox 391 1894 1954 1969">
    <p class='ocr_par' dir='ltr' id='par_1_16' title="bbox 391 1894 1954 1969">
     <span class='ocr_line' id='line_1_16' title="bbox 391 1894 1954 1969; baseline -0.007 -12"><span class='ocrx_word' id='word_1_120' title='bbox 391 1915 494 1966; x_wconf 87' lang='lat' dir='ltr'><strong>tur,</strong></span> <span class='ocrx_word' id='word_1_121' title='bbox 520 1914 572 1957; x_wconf 90' lang='lat' dir='ltr'><strong>et</strong></span> <span class='ocrx_word' id='word_1_122' title='bbox 596 1904 886 1957; x_wconf 88' lang='lat' dir='ltr'><strong>monitores</strong></span> <span class='ocrx_word' id='word_1_123' title='bbox 914 1901 1122 1965; x_wconf 91' lang='lat' dir='ltr'><strong>furere;</strong></span> <span class='ocrx_word' id='word_1_124' title='bbox 1154 1900 1242 1969; x_wconf 88' lang='lat' dir='ltr'><strong>qui</strong></span> <span class='ocrx_word' id='word_1_125' title='bbox 1269 1899 1313 1952; x_wconf 90' lang='lat' dir='ltr'><strong>si</strong></span> <span class='ocrx_word' id='word_1_126' title='bbox 1340 1897 1714 1952; x_wconf 88' lang='lat' dir='ltr'><strong>imbecilliores</strong></span> <span class='ocrx_word' id='word_1_127' title='bbox 1738 1894 1954 1957; x_wconf 77' lang='lat' dir='ltr'><strong>fuerint,</strong></span> 
     </span>
    </p>
   </div>
   <div class='ocr_carea' id='block_1_17' title="bbox 390 1986 1955 2058">
    <p class='ocr_par' dir='ltr' id='par_1_17' title="bbox 390 1986 1955 2058">
     <span class='ocr_line' id='line_1_17' title="bbox 390 1986 1955 2058; baseline -0.008 -9"><span class='ocrx_word' id='word_1_128' title='bbox 390 1996 700 2049; x_wconf 75' lang='lat' dir='ltr'><strong>verberibus</strong></span> <span class='ocrx_word' id='word_1_129' title='bbox 728 1994 1061 2057; x_wconf 83' lang='lat' dir='ltr'><strong>afficiuntur;</strong></span> <span class='ocrx_word' id='word_1_130' title='bbox 1110 1992 1190 2045; x_wconf 92' lang='lat' dir='ltr'><strong>sin</strong></span> <span class='ocrx_word' id='word_1_131' title='bbox 1221 1989 1544 2058; x_wconf 86' lang='lat' dir='ltr'><strong>potentiores</strong></span> <span class='ocrx_word' id='word_1_132' title='bbox 1568 2029 1583 2053; x_wconf 94' lang='lat'><strong>,</strong></span> <span class='ocrx_word' id='word_1_133' title='bbox 1616 1986 1909 2041; x_wconf 89' lang='lat' dir='ltr'><strong>irridentur</strong></span> <span class='ocrx_word' id='word_1_134' title='bbox 1940 2026 1955 2049; x_wconf 93' lang='lat'><strong>,</strong></span> 
     </span>
    </p>
   </div>
   <div class='ocr_carea' id='block_1_18' title="bbox 391 2076 1957 2153">
    <p class='ocr_par' dir='ltr' id='par_1_18' title="bbox 391 2076 1957 2153">
     <span class='ocr_line' id='line_1_18' title="bbox 391 2076 1957 2153; baseline -0.008 -13"><span class='ocrx_word' id='word_1_135' title='bbox 391 2087 701 2149; x_wconf 89' lang='lat' dir='ltr'><strong>illuduutur,</strong></span> <span class='ocrx_word' id='word_1_136' title='bbox 732 2100 793 2138; x_wconf 90' lang='lat' dir='ltr'><strong>ac</strong></span> <span class='ocrx_word' id='word_1_137' title='bbox 821 2084 1030 2153; x_wconf 88' lang='lat' dir='ltr'><strong>probris</strong></span> <span class='ocrx_word' id='word_1_138' title='bbox 1056 2092 1438 2151; x_wconf 89' lang='lat' dir='ltr'><strong>resperguntur</strong></span> <span class='ocrx_word' id='word_1_139' title='bbox 1469 2078 1781 2132; x_wconf 90' lang='lat' dir='ltr'><strong>innumeris.</strong></span> <span class='ocrx_word' id='word_1_140' title='bbox 1813 2076 1957 2130; x_wconf 80' lang='lat' dir='ltr'><strong>Nihil</strong></span> 
     </span>
    </p>
   </div>
   <div class='ocr_carea' id='block_1_19' title="bbox 386 2169 1957 2248">
    <p class='ocr_par' dir='ltr' id='par_1_19' title="bbox 386 2169 1957 2248">
     <span class='ocr_line' id='line_1_19' title="bbox 386 2169 1957 2248; baseline -0.009 -16"><span class='ocrx_word' id='word_1_141' title='bbox 386 2180 497 2248; x_wconf 87' lang='lat' dir='ltr'><strong>jam</strong></span> <span class='ocrx_word' id='word_1_142' title='bbox 525 2178 825 2241; x_wconf 86' lang='lat' dir='ltr'><strong>tribunalia,</strong></span> <span class='ocrx_word' id='word_1_143' title='bbox 855 2176 983 2229; x_wconf 88' lang='lat' dir='ltr'><strong>nihil</strong></span> <span class='ocrx_word' id='word_1_144' title='bbox 1006 2174 1150 2244; x_wconf 88' lang='lat' dir='ltr'><strong>leges</strong></span> <span class='ocrx_word' id='word_1_145' title='bbox 1175 2173 1385 2227; x_wconf 87' lang='lat' dir='ltr'><strong>valent:</strong></span> <span class='ocrx_word' id='word_1_146' title='bbox 1410 2186 1515 2225; x_wconf 92' lang='lat' dir='ltr'><strong>non</strong></span> <span class='ocrx_word' id='word_1_147' title='bbox 1537 2169 1830 2241; x_wconf 70' lang='lat' dir='ltr'><strong>pmdagogi,</strong></span> <span class='ocrx_word' id='word_1_148' title='bbox 1854 2182 1957 2220; x_wconf 91' lang='lat' dir='ltr'><strong>non</strong></span> 
     </span>
    </p>
   </div>
   <div class='ocr_carea' id='block_1_20' title="bbox 394 2260 1961 2339">
    <p class='ocr_par' dir='ltr' id='par_1_20' title="bbox 394 2260 1961 2339">
     <span class='ocr_line' id='line_1_20' title="bbox 394 2260 1961 2339; baseline -0.006 -18"><span class='ocrx_word' id='word_1_149' title='bbox 394 2280 591 2339; x_wconf 81' lang='lat' dir='ltr'><strong>patres,</strong></span> <span class='ocrx_word' id='word_1_150' title='bbox 620 2286 723 2323; x_wconf 93' lang='lat' dir='ltr'><strong>non</strong></span> <span class='ocrx_word' id='word_1_151' title='bbox 755 2268 993 2330; x_wconf 68' lang='lat' dir='ltr'><strong>asseclze,</strong></span> <span class='ocrx_word' id='word_1_152' title='bbox 1018 2281 1121 2320; x_wconf 94' lang='lat' dir='ltr'><strong>non</strong></span> <span class='ocrx_word' id='word_1_153' title='bbox 1150 2265 1412 2334; x_wconf 80' lang='lat' dir='ltr'><strong>magistri:</strong></span> <span class='ocrx_word' id='word_1_154' title='bbox 1442 2263 1529 2317; x_wconf 86' lang='lat' dir='ltr'><strong>alii</strong></span> <span class='ocrx_word' id='word_1_155' title='bbox 1556 2262 1698 2315; x_wconf 92' lang='lat' dir='ltr'><strong>enim</strong></span> <span class='ocrx_word' id='word_1_156' title='bbox 1722 2260 1961 2329; x_wconf 88' lang='lat' dir='ltr'><strong>pecuniis</strong></span> 
     </span>
    </p>
   </div>
   <div class='ocr_carea' id='block_1_21' title="bbox 393 2351 1958 2432">
    <p class='ocr_par' dir='ltr' id='par_1_21' title="bbox 393 2351 1958 2432">
     <span class='ocr_line' id='line_1_21' title="bbox 393 2351 1958 2432; baseline -0.007 -17"><span class='ocrx_word' id='word_1_157' title='bbox 393 2363 628 2432; x_wconf 86' lang='lat' dir='ltr'><strong>corrupti</strong></span> <span class='ocrx_word' id='word_1_158' title='bbox 647 2369 790 2426; x_wconf 91' lang='lat' dir='ltr'><strong>sunt,</strong></span> <span class='ocrx_word' id='word_1_159' title='bbox 807 2359 896 2412; x_wconf 87' lang='lat' dir='ltr'><strong>alii</strong></span> <span class='ocrx_word' id='word_1_160' title='bbox 928 2359 977 2411; x_wconf 90' lang='lat' dir='ltr'><strong>id</strong></span> <span class='ocrx_word' id='word_1_161' title='bbox 1000 2359 1169 2412; x_wconf 93' lang='lat' dir='ltr'><strong>solum</strong></span> <span class='ocrx_word' id='word_1_162' title='bbox 1191 2364 1445 2409; x_wconf 91' lang='lat' dir='ltr'><strong>curantut</strong></span> <span class='ocrx_word' id='word_1_163' title='bbox 1467 2368 1673 2407; x_wconf 88' lang='lat' dir='ltr'><strong>merces</strong></span> <span class='ocrx_word' id='word_1_164' title='bbox 1700 2351 1958 2405; x_wconf 84' lang='lat' dir='ltr'><strong>solvatur:</strong></span> 
     </span>
    </p>
   </div>
   <div class='ocr_carea' id='block_1_22' title="bbox 394 2441 1961 2520">
    <p class='ocr_par' dir='ltr' id='par_1_22' title="bbox 394 2441 1961 2520">
     <span class='ocr_line' id='line_1_22' title="bbox 394 2441 1961 2520; baseline -0.009 -13"><span class='ocrx_word' id='word_1_165' title='bbox 394 2470 458 2508; x_wconf 89' lang='lat' dir='ltr'><strong>ex</strong></span> <span class='ocrx_word' id='word_1_166' title='bbox 510 2455 573 2507; x_wconf 90' lang='lat' dir='ltr'><strong>iis</strong></span> <span class='ocrx_word' id='word_1_167' title='bbox 609 2468 733 2506; x_wconf 89' lang='lat' dir='ltr'><strong>vero</strong></span> <span class='ocrx_word' id='word_1_168' title='bbox 766 2451 856 2520; x_wconf 89' lang='lat' dir='ltr'><strong>qui</strong></span> <span class='ocrx_word' id='word_1_169' title='bbox 906 2450 1041 2519; x_wconf 92' lang='lat' dir='ltr'><strong>frugi</strong></span> <span class='ocrx_word' id='word_1_170' title='bbox 1090 2457 1254 2511; x_wconf 89' lang='lat' dir='ltr'><strong>sunt,</strong></span> <span class='ocrx_word' id='word_1_171' title='bbox 1293 2455 1347 2499; x_wconf 92' lang='lat' dir='ltr'><strong>et</strong></span> <span class='ocrx_word' id='word_1_172' title='bbox 1398 2444 1497 2498; x_wconf 86' lang='lat' dir='ltr'><strong>sibi</strong></span> <span class='ocrx_word' id='word_1_173' title='bbox 1529 2441 1961 2497; x_wconf 91' lang='lat' dir='ltr'><strong>concreditorum</strong></span> 
     </span>
    </p>
   </div>
   <div class='ocr_carea' id='block_1_23' title="bbox 394 2535 1965 2613">
    <p class='ocr_par' dir='ltr' id='par_1_23' title="bbox 394 2535 1965 2613">
     <span class='ocr_line' id='line_1_23' title="bbox 394 2535 1965 2613; baseline -0.008 -14"><span class='ocrx_word' id='word_1_174' title='bbox 394 2547 551 2600; x_wconf 87' lang='lat' dir='ltr'><strong>saluti</strong></span> <span class='ocrx_word' id='word_1_175' title='bbox 627 2544 1016 2613; x_wconf 82' lang='lat' dir='ltr'><strong>prospiciunt,</strong></span> <span class='ocrx_word' id='word_1_176' title='bbox 1089 2541 1181 2595; x_wconf 87' lang='lat' dir='ltr'><strong>alii</strong></span> <span class='ocrx_word' id='word_1_177' title='bbox 1251 2538 1406 2593; x_wconf 84' lang='lat' dir='ltr'><strong>facile</strong></span> <span class='ocrx_word' id='word_1_178' title='bbox 1479 2535 1965 2590; x_wconf 89' lang='lat' dir='ltr'><strong>circumveniuntur</strong></span> 
     </span>
    </p>
   </div>
   <div class='ocr_carea' id='block_1_24' title="bbox 394 2624 1966 2703">
    <p class='ocr_par' dir='ltr' id='par_1_24' title="bbox 394 2624 1966 2703">
     <span class='ocr_line' id='line_1_24' title="bbox 394 2624 1966 2703; baseline -0.007 -14"><span class='ocrx_word' id='word_1_179' title='bbox 394 2652 456 2689; x_wconf 85' lang='lat' dir='ltr'><strong>ac</strong></span> <span class='ocrx_word' id='word_1_180' title='bbox 501 2635 831 2703; x_wconf 88' lang='lat' dir='ltr'><strong>decipiuntur</strong></span> <span class='ocrx_word' id='word_1_181' title='bbox 859 2674 871 2695; x_wconf 87' lang='lat'><strong>,</strong></span> <span class='ocrx_word' id='word_1_182' title='bbox 914 2632 1004 2685; x_wconf 86' lang='lat' dir='ltr'><strong>alii</strong></span> <span class='ocrx_word' id='word_1_183' title='bbox 1042 2629 1426 2699; x_wconf 80' lang='lat' dir='ltr'><strong>impudicorum</strong></span> <span class='ocrx_word' id='word_1_184' title='bbox 1464 2627 1748 2697; x_wconf 86' lang='lat' dir='ltr'><strong>potentiam</strong></span> <span class='ocrx_word' id='word_1_185' title='bbox 1791 2624 1966 2679; x_wconf 85' lang='lat' dir='ltr'><strong>refor-</strong></span> 
     </span>
    </p>
   </div>
   <div class='ocr_carea' id='block_1_25' title="bbox 397 2716 1965 2789">
    <p class='ocr_par' dir='ltr' id='par_1_25' title="bbox 397 2716 1965 2789">
     <span class='ocr_line' id='line_1_25' title="bbox 397 2716 1965 2789; baseline -0.006 -11"><span class='ocrx_word' id='word_1_186' title='bbox 397 2724 616 2779; x_wconf 88' lang='lat' dir='ltr'><strong>midant.</strong></span> <span class='ocrx_word' id='word_1_187' title='bbox 670 2723 898 2777; x_wconf 86' lang='lat' dir='ltr'><strong>Facilius</strong></span> <span class='ocrx_word' id='word_1_188' title='bbox 958 2723 1099 2777; x_wconf 91' lang='lat' dir='ltr'><strong>enim</strong></span> <span class='ocrx_word' id='word_1_189' title='bbox 1152 2721 1394 2775; x_wconf 90' lang='lat' dir='ltr'><strong>elabatur</strong></span> <span class='ocrx_word' id='word_1_190' title='bbox 1439 2719 1527 2789; x_wconf 89' lang='lat' dir='ltr'><strong>qui</strong></span> <span class='ocrx_word' id='word_1_191' title='bbox 1592 2721 1643 2771; x_wconf 94' lang='lat' dir='ltr'><strong>in</strong></span> <span class='ocrx_word' id='word_1_192' title='bbox 1707 2716 1965 2771; x_wconf 75' lang='lat' dir='ltr'><strong>affectatze</strong></span> 
     </span>
    </p>
   </div>
   <div class='ocr_carea' id='block_1_26' title="bbox 399 2808 1966 2885">
    <p class='ocr_par' dir='ltr' id='par_1_26' title="bbox 399 2808 1966 2885">
     <span class='ocr_line' id='line_1_26' title="bbox 399 2808 1966 2885; baseline -0.006 -17"><span class='ocrx_word' id='word_1_193' title='bbox 399 2814 688 2885; x_wconf 87' lang='lat' dir='ltr'><strong>tyrannidis</strong></span> <span class='ocrx_word' id='word_1_194' title='bbox 760 2813 1113 2884; x_wconf 85' lang='lat' dir='ltr'><strong>suspicionem</strong></span> <span class='ocrx_word' id='word_1_195' title='bbox 1176 2812 1431 2874; x_wconf 85' lang='lat' dir='ltr'><strong>venerit,</strong></span> <span class='ocrx_word' id='word_1_196' title='bbox 1494 2824 1653 2879; x_wconf 88' lang='lat' dir='ltr'><strong>quam</strong></span> <span class='ocrx_word' id='word_1_197' title='bbox 1732 2808 1966 2876; x_wconf 89' lang='lat' dir='ltr'><strong>ipsorum</strong></span> 
     </span>
    </p>
   </div>
   <div class='ocr_carea' id='block_1_27' title="bbox 399 2897 1968 2973">
    <p class='ocr_par' dir='ltr' id='par_1_27' title="bbox 399 2897 1968 2973">
     <span class='ocr_line' id='line_1_27' title="bbox 399 2897 1968 2973; baseline -0.006 -14"><span class='ocrx_word' id='word_1_198' title='bbox 399 2920 589 2959; x_wconf 90' lang='lat' dir='ltr'><strong>manus</strong></span> <span class='ocrx_word' id='word_1_199' title='bbox 638 2902 853 2973; x_wconf 76' lang='lat' dir='ltr'><strong>effugiat</strong></span> <span class='ocrx_word' id='word_1_200' title='bbox 922 2904 1008 2971; x_wconf 88' lang='lat' dir='ltr'><strong>qui</strong></span> <span class='ocrx_word' id='word_1_201' title='bbox 1077 2916 1268 2971; x_wconf 89' lang='lat' dir='ltr'><strong>pueros</strong></span> <span class='ocrx_word' id='word_1_202' title='bbox 1328 2901 1396 2953; x_wconf 88' lang='lat' dir='ltr'><strong>ab</strong></span> <span class='ocrx_word' id='word_1_203' title='bbox 1465 2898 1804 2953; x_wconf 80' lang='lat' dir='ltr'><strong>exsecrandis</strong></span> <span class='ocrx_word' id='word_1_204' title='bbox 1862 2897 1968 2950; x_wconf 92' lang='lat' dir='ltr'><strong>illis</strong></span> 
     </span>
    </p>
   </div>
   <div class='ocr_carea' id='block_1_28' title="bbox 402 2988 1969 3049">
    <p class='ocr_par' dir='ltr' id='par_1_28' title="bbox 402 2988 1969 3049">
     <span class='ocr_line' id='line_1_28' title="bbox 402 2988 1969 3049; baseline -0.005 -1"><span class='ocrx_word' id='word_1_205' title='bbox 402 2994 702 3049; x_wconf 85' lang='lat' dir='ltr'><strong>hominibus</strong></span> <span class='ocrx_word' id='word_1_206' title='bbox 741 2994 1005 3047; x_wconf 88' lang='lat' dir='ltr'><strong>abducere.</strong></span> <span class='ocrx_word' id='word_1_207' title='bbox 1032 2991 1329 3045; x_wconf 80' lang='lat' dir='ltr'><strong>tentaverit.</strong></span> <span class='ocrx_word' id='word_1_208' title='bbox 1373 2990 1461 3043; x_wconf 89' lang='lat' dir='ltr'><strong>Sic</strong></span> <span class='ocrx_word' id='word_1_209' title='bbox 1505 2988 1694 3043; x_wconf 90' lang='lat' dir='ltr'><strong>mediis</strong></span> <span class='ocrx_word' id='word_1_210' title='bbox 1744 2988 1795 3041; x_wconf 91' lang='lat' dir='ltr'><strong>in</strong></span> <span class='ocrx_word' id='word_1_211' title='bbox 1827 2988 1969 3041; x_wconf 90' lang='lat' dir='ltr'><strong>urbi-</strong></span> 
     </span>
    </p>
   </div>
   <div class='ocr_carea' id='block_1_29' title="bbox 401 3080 1968 3157">
    <p class='ocr_par' dir='ltr' id='par_1_29' title="bbox 401 3080 1968 3157">
     <span class='ocr_line' id='line_1_29' title="bbox 401 3080 1968 3157; baseline -0.006 -15"><span class='ocrx_word' id='word_1_212' title='bbox 401 3089 521 3153; x_wconf 90' lang='lat' dir='ltr'><strong>bus,</strong></span> <span class='ocrx_word' id='word_1_213' title='bbox 553 3088 701 3157; x_wconf 89' lang='lat' dir='ltr'><strong>quasi</strong></span> <span class='ocrx_word' id='word_1_214' title='bbox 748 3088 798 3140; x_wconf 93' lang='lat' dir='ltr'><strong>in</strong></span> <span class='ocrx_word' id='word_1_215' title='bbox 843 3094 989 3138; x_wconf 86' lang='lat' dir='ltr'><strong>vasta</strong></span> <span class='ocrx_word' id='word_1_216' title='bbox 1020 3084 1323 3148; x_wconf 90' lang='lat' dir='ltr'><strong>solitudine,</strong></span> <span class='ocrx_word' id='word_1_217' title='bbox 1366 3082 1584 3135; x_wconf 85' lang='lat' dir='ltr'><strong>masculi</strong></span> <span class='ocrx_word' id='word_1_218' title='bbox 1621 3082 1671 3134; x_wconf 92' lang='lat' dir='ltr'><strong>in</strong></span> <span class='ocrx_word' id='word_1_219' title='bbox 1705 3080 1968 3135; x_wconf 87' lang='lat' dir='ltr'><strong>masculos</strong></span> 
     </span>
    </p>
   </div>
   <div class='ocr_carea' id='block_1_30' title="bbox 403 3170 1966 3249">
    <p class='ocr_par' dir='ltr' id='par_1_30' title="bbox 403 3170 1966 3249">
     <span class='ocr_line' id='line_1_30' title="bbox 403 3170 1966 3249; baseline -0.008 -13"><span class='ocrx_word' id='word_1_220' title='bbox 403 3180 777 3249; x_wconf 90' lang='lat' dir='ltr'><strong>turpitudinem</strong></span> <span class='ocrx_word' id='word_1_221' title='bbox 805 3185 1071 3232; x_wconf 84' lang='lat' dir='ltr'><strong>exercent.</strong></span> <span class='ocrx_word' id='word_1_222' title='bbox 1096 3175 1246 3244; x_wconf 84' lang='lat' dir='ltr'><strong>Quod</strong></span> <span class='ocrx_word' id='word_1_223' title='bbox 1272 3176 1314 3228; x_wconf 90' lang='lat' dir='ltr'><strong>si</strong></span> <span class='ocrx_word' id='word_1_224' title='bbox 1342 3175 1429 3243; x_wconf 92' lang='lat' dir='ltr'><strong>qui</strong></span> <span class='ocrx_word' id='word_1_225' title='bbox 1457 3173 1556 3227; x_wconf 89' lang='lat' dir='ltr'><strong>hos</strong></span> <span class='ocrx_word' id='word_1_226' title='bbox 1587 3173 1805 3243; x_wconf 86' lang='lat' dir='ltr'><strong>laqueos</strong></span> <span class='ocrx_word' id='word_1_227' title='bbox 1833 3170 1966 3225; x_wconf 77' lang='lat' dir='ltr'><strong>effu-</strong></span> 
     </span>
    </p>
   </div>
   <div class='ocr_carea' id='block_1_31' title="bbox 397 3264 1958 3353">
    <p class='ocr_par' dir='ltr' id='par_1_31' title="bbox 397 3264 1958 3353">
     <span class='ocr_line' id='line_1_31' title="bbox 397 3264 1958 3353; baseline -0.01 -19"><span class='ocrx_word' id='word_1_228' title='bbox 397 3284 595 3353; x_wconf 85' lang='lat' dir='ltr'><strong>gerint,</strong></span> <span class='ocrx_word' id='word_1_229' title='bbox 629 3280 823 3332; x_wconf 89' lang='lat' dir='ltr'><strong>malam</strong></span> <span class='ocrx_word' id='word_1_230' title='bbox 860 3285 1041 3328; x_wconf 90' lang='lat' dir='ltr'><strong>tamen</strong></span> <span class='ocrx_word' id='word_1_231' title='bbox 1072 3273 1461 3328; x_wconf 80' lang='lat' dir='ltr'><strong>sceleratorum</strong></span> <span class='ocrx_word' id='word_1_232' title='bbox 1498 3267 1697 3321; x_wconf 82' lang='lat' dir='ltr'><strong>famam</strong></span> <span class='ocrx_word' id='word_1_233' title='bbox 1743 3264 1958 3320; x_wconf 80' lang='lat' dir='ltr'><strong>difﬁcile</strong></span> 
     </span>
    </p>
   </div>
   <div class='ocr_carea' id='block_1_32' title="bbox 398 3358 1956 3437">
    <p class='ocr_par' dir='ltr' id='par_1_32' title="bbox 398 3358 1956 3437">
     <span class='ocr_line' id='line_1_32' title="bbox 398 3358 1956 3437; baseline -0.01 -12"><span class='ocrx_word' id='word_1_234' title='bbox 398 3372 644 3425; x_wconf 89' lang='lat' dir='ltr'><strong>vitabunt</strong></span> <span class='ocrx_word' id='word_1_235' title='bbox 671 3386 683 3421; x_wconf 86' lang='lat'><strong>:</strong></span> <span class='ocrx_word' id='word_1_236' title='bbox 719 3369 890 3437; x_wconf 92' lang='lat' dir='ltr'><strong>primo</strong></span> <span class='ocrx_word' id='word_1_237' title='bbox 912 3365 1153 3436; x_wconf 88' lang='lat' dir='ltr'><strong>quidem,</strong></span> <span class='ocrx_word' id='word_1_238' title='bbox 1182 3363 1307 3431; x_wconf 89' lang='lat' dir='ltr'><strong>quia</strong></span> <span class='ocrx_word' id='word_1_239' title='bbox 1332 3360 1621 3413; x_wconf 87' lang='lat' dir='ltr'><strong>admodum</strong></span> <span class='ocrx_word' id='word_1_240' title='bbox 1650 3358 1806 3427; x_wconf 90' lang='lat' dir='ltr'><strong>pauci</strong></span> <span class='ocrx_word' id='word_1_241' title='bbox 1834 3372 1956 3409; x_wconf 90' lang='lat' dir='ltr'><strong>cum</strong></span> 
     </span>
    </p>
   </div>
   <div class='ocr_carea' id='block_1_33' title="bbox 398 3447 1957 3529">
    <p class='ocr_par' dir='ltr' id='par_1_33' title="bbox 398 3447 1957 3529">
     <span class='ocr_line' id='line_1_33' title="bbox 398 3447 1957 3529; baseline -0.01 -13"><span class='ocrx_word' id='word_1_242' title='bbox 398 3464 526 3526; x_wconf 89' lang='lat' dir='ltr'><strong>sint,</strong></span> <span class='ocrx_word' id='word_1_243' title='bbox 559 3460 926 3529; x_wconf 91' lang='lat' dir='ltr'><strong>improborum</strong></span> <span class='ocrx_word' id='word_1_244' title='bbox 957 3452 1304 3508; x_wconf 89' lang='lat' dir='ltr'><strong>multitudine</strong></span> <span class='ocrx_word' id='word_1_245' title='bbox 1327 3450 1485 3503; x_wconf 79' lang='lat' dir='ltr'><strong>facile</strong></span> <span class='ocrx_word' id='word_1_246' title='bbox 1504 3447 1843 3503; x_wconf 88' lang='lat' dir='ltr'><strong>obruuntur?</strong></span> <span class='ocrx_word' id='word_1_247' title='bbox 1872 3460 1957 3500; x_wconf 87' lang='lat' dir='ltr'><strong>se-</strong></span> 
     </span>
    </p>
   </div>
   <div class='ocr_carea' id='block_1_34' title="bbox 396 3542 1961 3621">
    <p class='ocr_par' dir='ltr' id='par_1_34' title="bbox 396 3542 1961 3621">
     <span class='ocr_line' id='line_1_34' title="bbox 396 3542 1961 3621; baseline -0.01 -15"><span class='ocrx_word' id='word_1_248' title='bbox 396 3553 596 3615; x_wconf 88' lang='lat' dir='ltr'><strong>cundo,</strong></span> <span class='ocrx_word' id='word_1_249' title='bbox 622 3551 750 3621; x_wconf 89' lang='lat' dir='ltr'><strong>quia</strong></span> <span class='ocrx_word' id='word_1_250' title='bbox 774 3548 1077 3603; x_wconf 82' lang='lat' dir='ltr'><strong>detestandi</strong></span> <span class='ocrx_word' id='word_1_251' title='bbox 1104 3547 1177 3600; x_wconf 89' lang='lat' dir='ltr'><strong>illi</strong></span> <span class='ocrx_word' id='word_1_252' title='bbox 1202 3561 1264 3599; x_wconf 81' lang='lat' dir='ltr'><strong>ac</strong></span> <span class='ocrx_word' id='word_1_253' title='bbox 1286 3544 1501 3600; x_wconf 80' lang='lat' dir='ltr'><strong>scelesti</strong></span> <span class='ocrx_word' id='word_1_254' title='bbox 1518 3542 1811 3604; x_wconf 59' lang='lat' dir='ltr'><strong>daemones,</strong></span> <span class='ocrx_word' id='word_1_255' title='bbox 1837 3552 1961 3591; x_wconf 88' lang='lat' dir='ltr'><strong>cum</strong></span> 
     </span>
    </p>
   </div>
   <div class='ocr_carea' id='block_1_35' title="bbox 397 3630 1963 3711">
    <p class='ocr_par' dir='ltr' id='par_1_35' title="bbox 397 3630 1963 3711">
     <span class='ocr_line' id='line_1_35' title="bbox 397 3630 1963 3711; baseline -0.008 -18"><span class='ocrx_word' id='word_1_256' title='bbox 397 3650 801 3711; x_wconf 69' lang='lat' dir='ltr'><strong>contemptores</strong></span> <span class='ocrx_word' id='word_1_257' title='bbox 835 3656 966 3695; x_wconf 85' lang='lat' dir='ltr'><strong>suos</strong></span> <span class='ocrx_word' id='word_1_258' title='bbox 990 3640 1096 3692; x_wconf 91' lang='lat' dir='ltr'><strong>alio</strong></span> <span class='ocrx_word' id='word_1_259' title='bbox 1125 3637 1286 3691; x_wconf 90' lang='lat' dir='ltr'><strong>modo</strong></span> <span class='ocrx_word' id='word_1_260' title='bbox 1316 3634 1510 3689; x_wconf 90' lang='lat' dir='ltr'><strong>ulcisci</strong></span> <span class='ocrx_word' id='word_1_261' title='bbox 1546 3640 1838 3701; x_wconf 88' lang='lat' dir='ltr'><strong>nequeant.</strong></span> <span class='ocrx_word' id='word_1_262' title='bbox 1864 3630 1963 3681; x_wconf 89' lang='lat' dir='ltr'><strong>hac</strong></span> 
     </span>
    </p>
   </div>
   <div class='ocr_carea' id='block_1_36' title="bbox 396 3716 1968 3793">
    <p class='ocr_par' dir='ltr' id='par_1_36' title="bbox 396 3716 1968 3793">
     <span class='ocr_line' id='line_1_36' title="bbox 396 3716 1968 3793; baseline -0.01 -8"><span class='ocrx_word' id='word_1_263' title='bbox 396 3734 482 3785; x_wconf 88' lang='lat' dir='ltr'><strong>via</strong></span> <span class='ocrx_word' id='word_1_264' title='bbox 497 3731 687 3785; x_wconf 73' lang='lat' dir='ltr'><strong>laedere</strong></span> <span class='ocrx_word' id='word_1_265' title='bbox 702 3739 985 3783; x_wconf 88' lang='lat' dir='ltr'><strong>conantur.</strong></span> <span class='ocrx_word' id='word_1_266' title='bbox 1007 3727 1143 3793; x_wconf 86' lang='lat' dir='ltr'><strong>Quia</strong></span> <span class='ocrx_word' id='word_1_267' title='bbox 1159 3726 1301 3781; x_wconf 90' lang='lat' dir='ltr'><strong>enim</strong></span> <span class='ocrx_word' id='word_1_268' title='bbox 1321 3725 1478 3779; x_wconf 86' lang='lat' dir='ltr'><strong>letale</strong></span> <span class='ocrx_word' id='word_1_269' title='bbox 1495 3722 1603 3777; x_wconf 92' lang='lat' dir='ltr'><strong>illis</strong></span> <span class='ocrx_word' id='word_1_270' title='bbox 1620 3720 1815 3774; x_wconf 91' lang='lat' dir='ltr'><strong>vulnus</strong></span> <span class='ocrx_word' id='word_1_271' title='bbox 1834 3716 1968 3771; x_wconf 87' lang='lat' dir='ltr'><strong>inﬂi-</strong></span> 
     </span>
    </p>
   </div>
   <div class='ocr_carea' id='block_1_37' title="bbox 398 3812 1963 3893">
    <p class='ocr_par' dir='ltr' id='par_1_37' title="bbox 398 3812 1963 3893">
     <span class='ocr_line' id='line_1_37' title="bbox 398 3812 1963 3893; baseline -0.008 -16"><span class='ocrx_word' id='word_1_272' title='bbox 398 3840 523 3893; x_wconf 84' lang='lat' dir='ltr'><strong>gere</strong></span> <span class='ocrx_word' id='word_1_273' title='bbox 536 3839 642 3877; x_wconf 95' lang='lat' dir='ltr'><strong>non</strong></span> <span class='ocrx_word' id='word_1_274' title='bbox 659 3831 906 3892; x_wconf 87' lang='lat' dir='ltr'><strong>possunt,</strong></span> <span class='ocrx_word' id='word_1_275' title='bbox 928 3836 1103 3889; x_wconf 92' lang='lat' dir='ltr'><strong>neque</strong></span> <span class='ocrx_word' id='word_1_276' title='bbox 1117 3834 1287 3888; x_wconf 92' lang='lat' dir='ltr'><strong>usque</strong></span> <span class='ocrx_word' id='word_1_277' title='bbox 1303 3818 1367 3871; x_wconf 91' lang='lat' dir='ltr'><strong>ad</strong></span> <span class='ocrx_word' id='word_1_278' title='bbox 1386 3816 1619 3869; x_wconf 88' lang='lat' dir='ltr'><strong>animam</strong></span> <span class='ocrx_word' id='word_1_279' title='bbox 1638 3812 1963 3883; x_wconf 79' lang='lat' dir='ltr'><strong>pertingere,</strong></span> 
     </span>
    </p>
   </div>
   <div class='ocr_carea' id='block_1_38' title="bbox 406 3904 1970 3974">
    <p class='ocr_par' dir='ltr' id='par_1_38' title="bbox 406 3904 1970 3974">
     <span class='ocr_line' id='line_1_38' title="bbox 406 3904 1970 3974; baseline -0.008 -5"><span class='ocrx_word' id='word_1_280' title='bbox 406 3917 731 3971; x_wconf 78' lang='lat' dir='ltr'><strong>exteriorem</strong></span> <span class='ocrx_word' id='word_1_281' title='bbox 769 3916 959 3970; x_wconf 83' lang='lat' dir='ltr'><strong>saltem</strong></span> <span class='ocrx_word' id='word_1_282' title='bbox 1009 3922 1259 3968; x_wconf 87' lang='lat' dir='ltr'><strong>ornatum</strong></span> <span class='ocrx_word' id='word_1_283' title='bbox 1303 3911 1514 3973; x_wconf 65' lang='lat' dir='ltr'><strong>laedere,</strong></span> <span class='ocrx_word' id='word_1_284' title='bbox 1549 3908 1855 3974; x_wconf 88' lang='lat' dir='ltr'><strong>bonamque</strong></span> <span class='ocrx_word' id='word_1_285' title='bbox 1890 3904 1970 3957; x_wconf 91' lang='lat' dir='ltr'><strong>fa-</strong></span> 
     </span>
    </p>
   </div>
   <div class='ocr_carea' id='block_1_39' title="bbox 401 3996 1977 4066">
    <p class='ocr_par' dir='ltr' id='par_1_39' title="bbox 401 3996 1977 4066">
     <span class='ocr_line' id='line_1_39' title="bbox 401 3996 1977 4066; baseline -0.01 0"><span class='ocrx_word' id='word_1_286' title='bbox 401 4027 539 4066; x_wconf 88' lang='lat' dir='ltr'><strong>mam</strong></span> <span class='ocrx_word' id='word_1_287' title='bbox 584 4026 794 4065; x_wconf 88' lang='lat' dir='ltr'><strong>omnem</strong></span> <span class='ocrx_word' id='word_1_288' title='bbox 840 4006 1048 4061; x_wconf 89' lang='lat' dir='ltr'><strong>auferre</strong></span> <span class='ocrx_word' id='word_1_289' title='bbox 1095 4006 1355 4057; x_wconf 89' lang='lat' dir='ltr'><strong>nituntur.</strong></span> <span class='ocrx_word' id='word_1_290' title='bbox 1398 3996 1751 4063; x_wconf 86' lang='lat' dir='ltr'><strong>Quamobrem</strong></span> <span class='ocrx_word' id='word_1_291' title='bbox 1780 3997 1977 4051; x_wconf 92' lang='lat' dir='ltr'><strong>multos</strong></span> 
     </span>
    </p>
   </div>
   <div class='ocr_carea' id='block_1_40' title="bbox 401 4087 1979 4170">
    <p class='ocr_par' dir='ltr' id='par_1_40' title="bbox 401 4087 1979 4170">
     <span class='ocr_line' id='line_1_40' title="bbox 401 4087 1979 4170; baseline -0.011 -13"><span class='ocrx_word' id='word_1_292' title='bbox 401 4103 595 4166; x_wconf 88' lang='lat' dir='ltr'><strong>audivi,</strong></span> <span class='ocrx_word' id='word_1_293' title='bbox 639 4102 744 4170; x_wconf 61' lang='lat' dir='ltr'><strong>qni&#39;</strong></span> <span class='ocrx_word' id='word_1_294' title='bbox 770 4115 827 4153; x_wconf 90' lang='lat' dir='ltr'><strong>se</strong></span> <span class='ocrx_word' id='word_1_295' title='bbox 857 4098 1035 4152; x_wconf 88' lang='lat' dir='ltr'><strong>mirari</strong></span> <span class='ocrx_word' id='word_1_296' title='bbox 1066 4097 1323 4155; x_wconf 87' lang='lat' dir='ltr'><strong>dicerent,</strong></span> <span class='ocrx_word' id='word_1_297' title='bbox 1360 4088 1498 4158; x_wconf 87' lang='lat' dir='ltr'><strong>quod</strong></span> <span class='ocrx_word' id='word_1_298' title='bbox 1525 4087 1758 4141; x_wconf 87' lang='lat' dir='ltr'><strong>nondum</strong></span> <span class='ocrx_word' id='word_1_299' title='bbox 1788 4087 1979 4141; x_wconf 53' lang='lat' dir='ltr'><strong>hodiel</strong></span> 
     </span>
    </p>
   </div>
   <div class='ocr_carea' id='block_1_41' title="bbox 402 4180 1975 4264">
    <p class='ocr_par' dir='ltr' id='par_1_41' title="bbox 402 4180 1975 4264">
     <span class='ocr_line' id='line_1_41' title="bbox 402 4180 1975 4264; baseline -0.01 -17"><span class='ocrx_word' id='word_1_300' title='bbox 402 4210 503 4264; x_wconf 92' lang='lat' dir='ltr'><strong>que</strong></span> <span class='ocrx_word' id='word_1_301' title='bbox 546 4194 716 4247; x_wconf 90' lang='lat' dir='ltr'><strong>imber</strong></span> <span class='ocrx_word' id='word_1_302' title='bbox 764 4191 900 4244; x_wconf 88' lang='lat' dir='ltr'><strong>alius</strong></span> <span class='ocrx_word' id='word_1_303' title='bbox 944 4191 1126 4259; x_wconf 90' lang='lat' dir='ltr'><strong>igneus</strong></span> <span class='ocrx_word' id='word_1_304' title='bbox 1155 4187 1403 4255; x_wconf 90' lang='lat' dir='ltr'><strong>delapsus</strong></span> <span class='ocrx_word' id='word_1_305' title='bbox 1449 4182 1537 4246; x_wconf 87' lang='lat' dir='ltr'><strong>sit,</strong></span> <span class='ocrx_word' id='word_1_306' title='bbox 1582 4180 1829 4250; x_wconf 88' lang='lat' dir='ltr'><strong>quodque</strong></span> <span class='ocrx_word' id='word_1_307' title='bbox 1870 4194 1975 4233; x_wconf 91' lang='lat' dir='ltr'><strong>non</strong></span> 
     </span>
    </p>
   </div>
   <div class='ocr_carea' id='block_1_42' title="bbox 402 4270 1978 4354">
    <p class='ocr_par' dir='ltr' id='par_1_42' title="bbox 402 4270 1978 4354">
     <span class='ocr_line' id='line_1_42' title="bbox 402 4270 1978 4354; baseline -0.007 -18"><span class='ocrx_word' id='word_1_308' title='bbox 402 4285 545 4354; x_wconf 83' lang='lat' dir='ltr'><strong>paria</strong></span> <span class='ocrx_word' id='word_1_309' title='bbox 594 4299 713 4338; x_wconf 91' lang='lat' dir='ltr'><strong>cum</strong></span> <span class='ocrx_word' id='word_1_310' title='bbox 758 4281 1003 4337; x_wconf 80' lang='lat' dir='ltr'><strong>Sodomis</strong></span> <span class='ocrx_word' id='word_1_311' title='bbox 1045 4279 1171 4331; x_wconf 89' lang='lat' dir='ltr'><strong>urbs</strong></span> <span class='ocrx_word' id='word_1_312' title='bbox 1221 4287 1397 4329; x_wconf 87' lang='lat' dir='ltr'><strong>nostra</strong></span> <span class='ocrx_word' id='word_1_313' title='bbox 1426 4286 1582 4344; x_wconf 86' lang='lat' dir='ltr'><strong>passa</strong></span> <span class='ocrx_word' id='word_1_314' title='bbox 1623 4270 1712 4336; x_wconf 91' lang='lat' dir='ltr'><strong>sit,</strong></span> <span class='ocrx_word' id='word_1_315' title='bbox 1754 4285 1873 4340; x_wconf 71' lang='lat' dir='ltr'><strong>qua:</strong></span> <span class='ocrx_word' id='word_1_316' title='bbox 1913 4285 1978 4325; x_wconf 93' lang='lat' dir='ltr'><strong>eo</strong></span> 
     </span>
    </p>
   </div>
   <div class='ocr_carea' id='block_1_43' title="bbox 404 4362 1976 4445">
    <p class='ocr_par' dir='ltr' id='par_1_43' title="bbox 404 4362 1976 4445">
     <span class='ocr_line' id='line_1_43' title="bbox 404 4362 1976 4445; baseline -0.01 -17"><span class='ocrx_word' id='word_1_317' title='bbox 404 4376 647 4445; x_wconf 86' lang='lat' dir='ltr'><strong>graviore</strong></span> <span class='ocrx_word' id='word_1_318' title='bbox 692 4372 950 4442; x_wconf 89' lang='lat' dir='ltr'><strong>supplicio</strong></span> <span class='ocrx_word' id='word_1_319' title='bbox 996 4371 1150 4438; x_wconf 88' lang='lat' dir='ltr'><strong>digna</strong></span> <span class='ocrx_word' id='word_1_320' title='bbox 1195 4377 1298 4430; x_wconf 92' lang='lat' dir='ltr'><strong>est,</strong></span> <span class='ocrx_word' id='word_1_321' title='bbox 1331 4380 1435 4435; x_wconf 91' lang='lat' dir='ltr'><strong>quo</strong></span> <span class='ocrx_word' id='word_1_322' title='bbox 1479 4380 1548 4419; x_wconf 90' lang='lat' dir='ltr'><strong>ne</strong></span> <span class='ocrx_word' id='word_1_323' title='bbox 1578 4362 1723 4417; x_wconf 91' lang='lat' dir='ltr'><strong>illius</strong></span> <span class='ocrx_word' id='word_1_324' title='bbox 1766 4362 1976 4431; x_wconf 89' lang='lat' dir='ltr'><strong>quidem</strong></span> 
     </span>
    </p>
   </div>
   <div class='ocr_carea' id='block_1_44' title="bbox 405 4454 1979 4538">
    <p class='ocr_par' dir='ltr' id='par_1_44' title="bbox 405 4454 1979 4538">
     <span class='ocr_line' id='line_1_44' title="bbox 405 4454 1979 4538; baseline -0.011 -14"><span class='ocrx_word' id='word_1_325' title='bbox 405 4471 570 4525; x_wconf 87' lang='lat' dir='ltr'><strong>cladis</strong></span> <span class='ocrx_word' id='word_1_326' title='bbox 598 4468 842 4538; x_wconf 79' lang='lat' dir='ltr'><strong>exemplo</strong></span> <span class='ocrx_word' id='word_1_327' title='bbox 871 4465 1203 4521; x_wconf 89' lang='lat' dir='ltr'><strong>emendatur.</strong></span> <span class='ocrx_word' id='word_1_328' title='bbox 1249 4462 1444 4514; x_wconf 77' lang='lat' dir='ltr'><strong>Verum</strong></span> <span class='ocrx_word' id='word_1_329' title='bbox 1476 4456 1686 4513; x_wconf 90' lang='lat' dir='ltr'><strong>etiamsi</strong></span> <span class='ocrx_word' id='word_1_330' title='bbox 1717 4455 1800 4509; x_wconf 89' lang='lat' dir='ltr'><strong>illa</strong></span> <span class='ocrx_word' id='word_1_331' title='bbox 1833 4454 1979 4522; x_wconf 90' lang='lat' dir='ltr'><strong>regio</strong></span> 
     </span>
    </p>
   </div>
   <div class='ocr_carea' id='block_1_45' title="bbox 406 4552 1979 4624">
    <p class='ocr_par' dir='ltr' id='par_1_45' title="bbox 406 4552 1979 4624">
     <span class='ocr_line' id='line_1_45' title="bbox 406 4552 1979 4624; baseline -0.011 -7"><span class='ocrx_word' id='word_1_332' title='bbox 406 4567 474 4617; x_wconf 88' lang='lat' dir='ltr'><strong>ab</strong></span> <span class='ocrx_word' id='word_1_333' title='bbox 499 4564 653 4618; x_wconf 89' lang='lat' dir='ltr'><strong>annis</strong></span> <span class='ocrx_word' id='word_1_334' title='bbox 684 4563 762 4616; x_wconf 87' lang='lat' dir='ltr'><strong>bis</strong></span> <span class='ocrx_word' id='word_1_335' title='bbox 804 4558 949 4614; x_wconf 89' lang='lat' dir='ltr'><strong>mille</strong></span> <span class='ocrx_word' id='word_1_336' title='bbox 989 4571 1120 4610; x_wconf 91' lang='lat' dir='ltr'><strong>voce</strong></span> <span class='ocrx_word' id='word_1_337' title='bbox 1148 4554 1384 4624; x_wconf 90' lang='lat' dir='ltr'><strong>qualibet</strong></span> <span class='ocrx_word' id='word_1_338' title='bbox 1427 4552 1711 4606; x_wconf 90' lang='lat' dir='ltr'><strong>clariorem</strong></span> <span class='ocrx_word' id='word_1_339' title='bbox 1750 4561 1979 4614; x_wconf 88' lang='lat' dir='ltr'><strong>conspe-</strong></span> 
     </span>
    </p>
   </div>
   <div class='ocr_carea' id='block_1_46' title="bbox 406 4636 1979 4723">
    <p class='ocr_par' dir='ltr' id='par_1_46' title="bbox 406 4636 1979 4723">
     <span class='ocr_line' id='line_1_46' title="bbox 406 4636 1979 4723; baseline -0.012 -14"><span class='ocrx_word' id='word_1_340' title='bbox 406 4668 549 4709; x_wconf 88' lang='lat' dir='ltr'><strong>ctum</strong></span> <span class='ocrx_word' id='word_1_341' title='bbox 576 4652 835 4723; x_wconf 67' lang='lat' dir='ltr'><strong>prmferat,</strong></span> <span class='ocrx_word' id='word_1_342' title='bbox 869 4664 973 4720; x_wconf 92' lang='lat' dir='ltr'><strong>quo</strong></span> <span class='ocrx_word' id='word_1_343' title='bbox 994 4647 1109 4702; x_wconf 90' lang='lat' dir='ltr'><strong>orbi</strong></span> <span class='ocrx_word' id='word_1_344' title='bbox 1142 4646 1387 4699; x_wconf 89' lang='lat' dir='ltr'><strong>universo</strong></span> <span class='ocrx_word' id='word_1_345' title='bbox 1411 4642 1604 4697; x_wconf 89' lang='lat' dir='ltr'><strong>clamat</strong></span> <span class='ocrx_word' id='word_1_346' title='bbox 1632 4656 1699 4694; x_wconf 91' lang='lat' dir='ltr'><strong>ne</strong></span> <span class='ocrx_word' id='word_1_347' title='bbox 1722 4637 1847 4709; x_wconf 92' lang='lat' dir='ltr'><strong>quid</strong></span> <span class='ocrx_word' id='word_1_348' title='bbox 1877 4636 1979 4692; x_wconf 90' lang='lat' dir='ltr'><strong>hu-</strong></span> 
     </span>
    </p>
   </div>
   <div class='ocr_carea' id='block_1_47' title="bbox 404 4732 1980 4817">
    <p class='ocr_par' dir='ltr' id='par_1_47' title="bbox 404 4732 1980 4817">
     <span class='ocr_line' id='line_1_47' title="bbox 404 4732 1980 4817; baseline -0.01 -18"><span class='ocrx_word' id='word_1_349' title='bbox 404 4746 632 4817; x_wconf 88' lang='lat' dir='ltr'><strong>jusmodi</strong></span> <span class='ocrx_word' id='word_1_350' title='bbox 659 4744 868 4806; x_wconf 88' lang='lat' dir='ltr'><strong>audeat,</strong></span> <span class='ocrx_word' id='word_1_351' title='bbox 896 4756 1000 4795; x_wconf 94' lang='lat' dir='ltr'><strong>non</strong></span> <span class='ocrx_word' id='word_1_352' title='bbox 1044 4739 1201 4793; x_wconf 93' lang='lat' dir='ltr'><strong>modo</strong></span> <span class='ocrx_word' id='word_1_353' title='bbox 1232 4737 1506 4805; x_wconf 88' lang='lat' dir='ltr'><strong>segniores</strong></span> <span class='ocrx_word' id='word_1_354' title='bbox 1535 4733 1599 4787; x_wconf 92' lang='lat' dir='ltr'><strong>ad</strong></span> <span class='ocrx_word' id='word_1_355' title='bbox 1630 4732 1732 4786; x_wconf 91' lang='lat' dir='ltr'><strong>hoc</strong></span> <span class='ocrx_word' id='word_1_356' title='bbox 1777 4732 1980 4786; x_wconf 89' lang='lat' dir='ltr'><strong>facinus</strong></span> 
     </span>
    </p>
   </div>
   <div class='ocr_carea' id='block_1_48' title="bbox 410 4822 1980 4898">
    <p class='ocr_par' dir='ltr' id='par_1_48' title="bbox 410 4822 1980 4898">
     <span class='ocr_line' id='line_1_48' title="bbox 410 4822 1980 4898; baseline -0.01 -6"><span class='ocrx_word' id='word_1_357' title='bbox 410 4839 533 4892; x_wconf 72' lang='lat' dir='ltr'><strong>facti</strong></span> <span class='ocrx_word' id='word_1_358' title='bbox 563 4853 669 4890; x_wconf 94' lang='lat' dir='ltr'><strong>non</strong></span> <span class='ocrx_word' id='word_1_359' title='bbox 718 4844 859 4898; x_wconf 93' lang='lat' dir='ltr'><strong>sunt,</strong></span> <span class='ocrx_word' id='word_1_360' title='bbox 890 4833 982 4886; x_wconf 88' lang='lat' dir='ltr'><strong>sed</strong></span> <span class='ocrx_word' id='word_1_361' title='bbox 1013 4831 1171 4885; x_wconf 91' lang='lat' dir='ltr'><strong>etiam</strong></span> <span class='ocrx_word' id='word_1_362' title='bbox 1201 4841 1324 4883; x_wconf 90' lang='lat' dir='ltr'><strong>sunt</strong></span> <span class='ocrx_word' id='word_1_363' title='bbox 1360 4825 1805 4895; x_wconf 83' lang='lat' dir='ltr'><strong>impudentiores:</strong></span> <span class='ocrx_word' id='word_1_364' title='bbox 1838 4837 1899 4876; x_wconf 92' lang='lat' dir='ltr'><strong>ac</strong></span> <span class='ocrx_word' id='word_1_365' title='bbox 1932 4822 1980 4877; x_wconf 87' lang='lat' dir='ltr'><strong>si</strong></span> 
     </span>
    </p>
   </div>
   <div class='ocr_carea' id='block_1_49' title="bbox 409 4916 1981 4990">
    <p class='ocr_par' dir='ltr' id='par_1_49' title="bbox 409 4916 1981 4990">
     <span class='ocr_line' id='line_1_49' title="bbox 409 4916 1981 4990; baseline -0.013 -6"><span class='ocrx_word' id='word_1_366' title='bbox 409 4947 530 4984; x_wconf 93' lang='lat' dir='ltr'><strong>cum</strong></span> <span class='ocrx_word' id='word_1_367' title='bbox 578 4930 685 4983; x_wconf 87' lang='lat' dir='ltr'><strong>Deo</strong></span> <span class='ocrx_word' id='word_1_368' title='bbox 710 4924 1056 4986; x_wconf 83' lang='lat' dir='ltr'><strong>contendant,</strong></span> <span class='ocrx_word' id='word_1_369' title='bbox 1099 4933 1257 4990; x_wconf 89' lang='lat' dir='ltr'><strong>atque</strong></span> <span class='ocrx_word' id='word_1_370' title='bbox 1287 4918 1537 4988; x_wconf 90' lang='lat' dir='ltr'><strong>operibus</strong></span> <span class='ocrx_word' id='word_1_371' title='bbox 1565 4916 1839 4970; x_wconf 88' lang='lat' dir='ltr'><strong>declarare</strong></span> <span class='ocrx_word' id='word_1_372' title='bbox 1866 4922 1981 4967; x_wconf 90' lang='lat' dir='ltr'><strong>stu-</strong></span> 
     </span>
    </p>
   </div>
   <div class='ocr_carea' id='block_1_50' title="bbox 411 5010 1977 5085">
    <p class='ocr_par' dir='ltr' id='par_1_50' title="bbox 411 5010 1977 5085">
     <span class='ocr_line' id='line_1_50' title="bbox 411 5010 1977 5085; baseline -0.013 -6"><span class='ocrx_word' id='word_1_373' title='bbox 411 5026 570 5079; x_wconf 88' lang='lat' dir='ltr'><strong>deant</strong></span> <span class='ocrx_word' id='word_1_374' title='bbox 618 5035 735 5075; x_wconf 89' lang='lat' dir='ltr'><strong>sese</strong></span> <span class='ocrx_word' id='word_1_375' title='bbox 784 5030 930 5072; x_wconf 90' lang='lat' dir='ltr'><strong>tanto</strong></span> <span class='ocrx_word' id='word_1_376' title='bbox 974 5016 1141 5085; x_wconf 89' lang='lat' dir='ltr'><strong>magis</strong></span> <span class='ocrx_word' id='word_1_377' title='bbox 1192 5014 1274 5067; x_wconf 84' lang='lat' dir='ltr'><strong>his</strong></span> <span class='ocrx_word' id='word_1_378' title='bbox 1324 5012 1475 5066; x_wconf 90' lang='lat' dir='ltr'><strong>malis</strong></span> <span class='ocrx_word' id='word_1_379' title='bbox 1518 5010 1795 5063; x_wconf 88' lang='lat' dir='ltr'><strong>dedituros</strong></span> <span class='ocrx_word' id='word_1_380' title='bbox 1838 5022 1977 5069; x_wconf 90' lang='lat' dir='ltr'><strong>esse,</strong></span> 
     </span>
    </p>
   </div>
   <div class='ocr_carea' id='block_1_51' title="bbox 411 5099 1983 5187">
    <p class='ocr_par' dir='ltr' id='par_1_51' title="bbox 411 5099 1983 5187">
     <span class='ocr_line' id='line_1_51' title="bbox 411 5099 1983 5187; baseline -0.012 -17"><span class='ocrx_word' id='word_1_381' title='bbox 411 5125 610 5187; x_wconf 89' lang='lat' dir='ltr'><strong>quanto</strong></span> <span class='ocrx_word' id='word_1_382' title='bbox 640 5112 869 5180; x_wconf 85' lang='lat' dir='ltr'><strong>majores</strong></span> <span class='ocrx_word' id='word_1_383' title='bbox 912 5109 1003 5163; x_wconf 89' lang='lat' dir='ltr'><strong>ille</strong></span> <span class='ocrx_word' id='word_1_384' title='bbox 1048 5122 1230 5177; x_wconf 74' lang='lat' dir='ltr'><strong>pmnas</strong></span> <span class='ocrx_word' id='word_1_385' title='bbox 1256 5104 1608 5158; x_wconf 89' lang='lat' dir='ltr'><strong>comminatus</strong></span> <span class='ocrx_word' id='word_1_386' title='bbox 1654 5100 1831 5155; x_wconf 91' lang='lat' dir='ltr'><strong>fuerit.</strong></span> <span class='ocrx_word' id='word_1_387' title='bbox 1876 5099 1983 5154; x_wconf 89' lang='lat' dir='ltr'><strong>Cur</strong></span> 
     </span>
    </p>
   </div>
   <div class='ocr_carea' id='block_1_52' title="bbox 410 5189 1984 5276">
    <p class='ocr_par' dir='ltr' id='par_1_52' title="bbox 410 5189 1984 5276">
     <span class='ocr_line' id='line_1_52' title="bbox 410 5189 1984 5276; baseline -0.013 -13"><span class='ocrx_word' id='word_1_388' title='bbox 410 5222 538 5276; x_wconf 87' lang='lat' dir='ltr'><strong>ergo</strong></span> <span class='ocrx_word' id='word_1_389' title='bbox 572 5203 701 5258; x_wconf 85' lang='lat' dir='ltr'><strong>nihil</strong></span> <span class='ocrx_word' id='word_1_390' title='bbox 731 5201 925 5256; x_wconf 88' lang='lat' dir='ltr'><strong>factum</strong></span> <span class='ocrx_word' id='word_1_391' title='bbox 953 5206 1035 5254; x_wconf 91' lang='lat' dir='ltr'><strong>est</strong></span> <span class='ocrx_word' id='word_1_392' title='bbox 1079 5194 1411 5265; x_wconf 86' lang='lat' dir='ltr'><strong>hujusmodi:</strong></span> <span class='ocrx_word' id='word_1_393' title='bbox 1443 5193 1538 5247; x_wconf 91' lang='lat' dir='ltr'><strong>sed</strong></span> <span class='ocrx_word' id='word_1_394' title='bbox 1578 5208 1696 5246; x_wconf 89' lang='lat' dir='ltr'><strong>eum</strong></span> <span class='ocrx_word' id='word_1_395' title='bbox 1724 5189 1984 5245; x_wconf 89' lang='lat' dir='ltr'><strong>Sodomo-</strong></span> 
     </span>
    </p>
   </div>
   <div class='ocr_carea' id='block_1_53' title="bbox 410 5281 1983 5356">
    <p class='ocr_par' dir='ltr' id='par_1_53' title="bbox 410 5281 1983 5356">
     <span class='ocr_line' id='line_1_53' title="bbox 410 5281 1983 5356; baseline -0.014 0"><span class='ocrx_word' id='word_1_396' title='bbox 410 5317 526 5356; x_wconf 83' lang='lat' dir='ltr'><strong>Ium</strong></span> <span class='ocrx_word' id='word_1_397' title='bbox 555 5298 758 5353; x_wconf 87' lang='lat' dir='ltr'><strong>scelera</strong></span> <span class='ocrx_word' id='word_1_398' title='bbox 800 5294 1166 5353; x_wconf 90' lang='lat' dir='ltr'><strong>admittantur,</strong></span> <span class='ocrx_word' id='word_1_399' title='bbox 1199 5289 1550 5343; x_wconf 89' lang='lat' dir='ltr'><strong>Sodomorum</strong></span> <span class='ocrx_word' id='word_1_400' title='bbox 1594 5294 1771 5338; x_wconf 89' lang='lat' dir='ltr'><strong>tamen</strong></span> <span class='ocrx_word' id='word_1_401' title='bbox 1804 5281 1983 5336; x_wconf 87' lang='lat' dir='ltr'><strong>clades</strong></span> 
     </span>
    </p>
   </div>
   <div class='ocr_carea' id='block_1_54' title="bbox 416 5376 1980 5457">
    <p class='ocr_par' dir='ltr' id='par_1_54' title="bbox 416 5376 1980 5457">
     <span class='ocr_line' id='line_1_54' title="bbox 416 5376 1980 5457; baseline -0.013 -10"><span class='ocrx_word' id='word_1_402' title='bbox 416 5410 520 5447; x_wconf 76' lang='lat' dir='ltr'><strong>non</strong></span> <span class='ocrx_word' id='word_1_403' title='bbox 546 5387 892 5457; x_wconf 84' lang='lat' dir='ltr'><strong>contingunt?</strong></span> <span class='ocrx_word' id='word_1_404' title='bbox 922 5386 1053 5453; x_wconf 85' lang='lat' dir='ltr'><strong>Quia</strong></span> <span class='ocrx_word' id='word_1_405' title='bbox 1085 5390 1263 5437; x_wconf 91' lang='lat' dir='ltr'><strong>manet</strong></span> <span class='ocrx_word' id='word_1_406' title='bbox 1292 5395 1384 5434; x_wconf 85' lang='lat' dir='ltr'><strong>eos</strong></span> <span class='ocrx_word' id='word_1_407' title='bbox 1413 5380 1545 5447; x_wconf 90' lang='lat' dir='ltr'><strong>ignis</strong></span> <span class='ocrx_word' id='word_1_408' title='bbox 1572 5379 1726 5446; x_wconf 92' lang='lat' dir='ltr'><strong>longe</strong></span> <span class='ocrx_word' id='word_1_409' title='bbox 1752 5376 1980 5445; x_wconf 88' lang='lat' dir='ltr'><strong>gravior,</strong></span> 
     </span>
    </p>
   </div>
   <div class='ocr_carea' id='block_1_55' title="bbox 412 5464 1986 5551">
    <p class='ocr_par' dir='ltr' id='par_1_55' title="bbox 412 5464 1986 5551">
     <span class='ocr_line' id='line_1_55' title="bbox 412 5464 1986 5551; baseline -0.011 -16"><span class='ocrx_word' id='word_1_410' title='bbox 412 5496 467 5537; x_wconf 78' lang='lat' dir='ltr'><strong>et</strong></span> <span class='ocrx_word' id='word_1_411' title='bbox 492 5481 809 5551; x_wconf 86' lang='lat' dir='ltr'><strong>supplicium</strong></span> <span class='ocrx_word' id='word_1_412' title='bbox 843 5478 1001 5531; x_wconf 83' lang='lat' dir='ltr'><strong>liuent</strong></span> <span class='ocrx_word' id='word_1_413' title='bbox 1031 5489 1135 5528; x_wconf 93' lang='lat' dir='ltr'><strong>non</strong></span> <span class='ocrx_word' id='word_1_414' title='bbox 1167 5473 1488 5526; x_wconf 87' lang='lat' dir='ltr'><strong>habiturum.</strong></span> <span class='ocrx_word' id='word_1_415' title='bbox 1518 5468 1648 5522; x_wconf 89' lang='lat' dir='ltr'><strong>Nam</strong></span> <span class='ocrx_word' id='word_1_416' title='bbox 1674 5481 1794 5521; x_wconf 90' lang='lat' dir='ltr'><strong>cum</strong></span> <span class='ocrx_word' id='word_1_417' title='bbox 1818 5464 1986 5518; x_wconf 86' lang='lat' dir='ltr'><strong>multo</strong></span> 
     </span>
    </p>
   </div>
   <div class='ocr_carea' id='block_1_56' title="bbox 414 5556 1980 5644">
    <p class='ocr_par' dir='ltr' id='par_1_56' title="bbox 414 5556 1980 5644">
     <span class='ocr_line' id='line_1_56' title="bbox 414 5556 1980 5644; baseline -0.013 -17"><span class='ocrx_word' id='word_1_418' title='bbox 414 5574 655 5644; x_wconf 79' lang='lat' dir='ltr'><strong>graviora</strong></span> <span class='ocrx_word' id='word_1_419' title='bbox 686 5570 909 5630; x_wconf 89' lang='lat' dir='ltr'><strong>scelera,</strong></span> <span class='ocrx_word' id='word_1_420' title='bbox 940 5580 1096 5636; x_wconf 88' lang='lat' dir='ltr'><strong>quam</strong></span> <span class='ocrx_word' id='word_1_421' title='bbox 1128 5564 1162 5617; x_wconf 89' lang='lat' dir='ltr'><strong>ii</strong></span> <span class='ocrx_word' id='word_1_422' title='bbox 1187 5562 1276 5633; x_wconf 87' lang='lat' dir='ltr'><strong>qui</strong></span> <span class='ocrx_word' id='word_1_423' title='bbox 1304 5561 1455 5631; x_wconf 85' lang='lat' dir='ltr'><strong>aquis</strong></span> <span class='ocrx_word' id='word_1_424' title='bbox 1479 5557 1663 5613; x_wconf 86' lang='lat' dir='ltr'><strong>diluvii</strong></span> <span class='ocrx_word' id='word_1_425' title='bbox 1692 5556 1980 5625; x_wconf 77' lang='lat' dir='ltr'><strong>perierunt,</strong></span> 
     </span>
    </p>
   </div>
   <div class='ocr_carea' id='block_1_57' title="bbox 417 5646 1986 5735">
    <p class='ocr_par' dir='ltr' id='par_1_57' title="bbox 417 5646 1986 5735">
     <span class='ocr_line' id='line_1_57' title="bbox 417 5646 1986 5735; baseline -0.011 -17"><span class='ocrx_word' id='word_1_426' title='bbox 417 5665 626 5735; x_wconf 86' lang='lat' dir='ltr'><strong>plurimi</strong></span> <span class='ocrx_word' id='word_1_427' title='bbox 662 5672 841 5733; x_wconf 89' lang='lat' dir='ltr'><strong>postea</strong></span> <span class='ocrx_word' id='word_1_428' title='bbox 868 5656 1201 5719; x_wconf 87' lang='lat' dir='ltr'><strong>admiserint,</strong></span> <span class='ocrx_word' id='word_1_429' title='bbox 1232 5654 1402 5708; x_wconf 89' lang='lat' dir='ltr'><strong>nullus</strong></span> <span class='ocrx_word' id='word_1_430' title='bbox 1433 5662 1608 5707; x_wconf 85' lang='lat' dir='ltr'><strong>tamen</strong></span> <span class='ocrx_word' id='word_1_431' title='bbox 1651 5649 1822 5703; x_wconf 72' lang='lat' dir='ltr'><strong>imber</strong></span> <span class='ocrx_word' id='word_1_432' title='bbox 1846 5646 1986 5715; x_wconf 82' lang='lat' dir='ltr'><strong>ejus-</strong></span> 
     </span>
    </p>
   </div>
   <div class='ocr_carea' id='block_1_58' title="bbox 480 5798 1991 5929">
    <p class='ocr_par' dir='ltr' id='par_1_58' title="bbox 480 5798 1991 5929">
     <span class='ocr_line' id='line_1_58' title="bbox 480 5798 1991 5929; baseline -0.016 -59"><span class='ocrx_word' id='word_1_433' title='bbox 480 5820 493 5849; x_wconf 86' lang='grc'>¹</span> <span class='ocrx_word' id='word_1_434' title='bbox 530 5819 601 5869; x_wconf 81' lang='lat' dir='ltr'><strong>Sic</strong></span> <span class='ocrx_word' id='word_1_435' title='bbox 614 5816 751 5929; x_wconf 51' lang='lat' dir='ltr'><strong>S‘QVll.</strong></span> <span class='ocrx_word' id='word_1_436' title='bbox 779 5817 827 5866; x_wconf 83' lang='lat' dir='ltr'><strong>in</strong></span> <span class='ocrx_word' id='word_1_437' title='bbox 848 5821 985 5866; x_wconf 78' lang='lat' dir='ltr'><strong>textu</strong></span> <span class='ocrx_word' id='word_1_438' title='bbox 1010 5819 1061 5865; x_wconf 89' lang='lat' dir='ltr'><strong>et</strong></span> <span class='ocrx_word' id='word_1_439' title='bbox 1084 5810 1179 5861; x_wconf 89' lang='lat' dir='ltr'><strong>duo</strong></span> <span class='ocrx_word' id='word_1_440' title='bbox 1202 5816 1331 5869; x_wconf 61' lang='lat' dir='ltr'><strong>las;</strong></span> <span class='ocrx_word' id='word_1_441' title='bbox 1348 5806 1507 5858; x_wconf 79' lang='lat' dir='ltr'><strong>Morel.</strong></span> <span class='ocrx_word' id='word_1_442' title='bbox 1522 5812 1573 5856; x_wconf 92' lang='lat' dir='ltr'><strong>et</strong></span> <span class='ocrx_word' id='word_1_443' title='bbox 1586 5799 1725 5856; x_wconf 82' lang='lat' dir='ltr'><strong>Savil.</strong></span> <span class='ocrx_word' id='word_1_444' title='bbox 1750 5798 1991 5863; x_wconf 62' lang='grc' dir='ltr'><strong>ἔπλωσε..</strong></span> 
     </span>
     <span class='ocr_line' id='line_1_59' title="bbox 480 5892 762 5929; baseline -0.007 0"><span class='ocrx_word' id='word_1_445' title='bbox 480 5896 526 5929; x_wconf 88' lang='lat' dir='ltr'><strong>m</strong></span> <span class='ocrx_word' id='word_1_446' title='bbox 550 5894 626 5928; x_wconf 86' lang='lat' dir='ltr'><strong>mu</strong></span> <span class='ocrx_word' id='word_1_447' title='bbox 648 5892 762 5929; x_wconf 76' lang='lat' dir='ltr'><strong>tere.</strong></span> 
     </span>
    </p>
   </div>
   <div class='ocr_carea' id='block_1_59' title="bbox 418 5892 762 5933">
    <p class='ocr_par' dir='ltr' id='par_1_59' title="bbox 418 5892 762 5933">
     <span class='ocr_line' id='line_1_60' title="bbox 418 5892 762 5933; baseline -0.015 -1"><span class='ocrx_word' id='word_1_448' title='bbox 418 5894 526 5933; x_wconf 71' lang='lat' dir='ltr'><strong>dum</strong></span> <span class='ocrx_word' id='word_1_449' title='bbox 550 5892 762 5929; x_wconf 76' lang='lat' dir='ltr'><strong>munere.</strong></span> 
     </span>
    </p>
   </div>
   <div class='ocr_carea' id='block_1_60' title="bbox 1076 414 2860 476">
    <p class='ocr_par' dir='ltr' id='par_1_60' title="bbox 1076 414 2860 476">
     <span class='ocr_line' id='line_1_61' title="bbox 1076 414 2860 476; baseline -0.001 -1"><span class='ocrx_word' id='word_1_450' title='bbox 1076 418 1433 476; x_wconf 75' lang='lat' dir='ltr'><strong>ADVERSUS</strong></span> <span class='ocrx_word' id='word_1_451' title='bbox 1468 414 2013 474; x_wconf 76' lang='lat' dir='ltr'><strong>OPPUGNATORES</strong></span> <span class='ocrx_word' id='word_1_452' title='bbox 2051 416 2236 473; x_wconf 61' lang='lat' dir='ltr'><strong>VITAE</strong></span> <span class='ocrx_word' id='word_1_453' title='bbox 2276 416 2558 473; x_wconf 79' lang='lat' dir='ltr'><strong>MONAST.</strong></span> <span class='ocrx_word' id='word_1_454' title='bbox 2604 418 2729 472; x_wconf 80' lang='lat' dir='ltr'><strong>LIB.</strong></span> <span class='ocrx_word' id='word_1_455' title='bbox 2774 418 2860 473; x_wconf 87' lang='grc' dir='ltr'><strong>ΙΙΙ.</strong></span> 
     </span>
    </p>
   </div>
   <div class='ocr_carea' id='block_1_61' title="bbox 3499 420 3603 475">
    <p class='ocr_par' dir='ltr' id='par_1_61' title="bbox 3499 420 3603 475">
     <span class='ocr_line' id='line_1_62' title="bbox 3499 420 3603 475; baseline -0.019 -1"><span class='ocrx_word' id='word_1_456' title='bbox 3499 420 3603 475; x_wconf 65' lang='lat'><strong>362</strong></span> 
     </span>
    </p>
   </div>
   <div class='ocr_carea' id='block_1_62' title="bbox 2043 532 3607 603">
    <p class='ocr_par' dir='ltr' id='par_1_62' title="bbox 2043 532 3607 603">
     <span class='ocr_line' id='line_1_63' title="bbox 2043 532 3607 603; baseline 0.003 -18"><span class='ocrx_word' id='word_1_457' title='bbox 2043 532 2187 586; x_wconf 89' lang='lat' dir='ltr'><strong>modi</strong></span> <span class='ocrx_word' id='word_1_458' title='bbox 2234 538 2565 601; x_wconf 88' lang='lat' dir='ltr'><strong>postmodum</strong></span> <span class='ocrx_word' id='word_1_459' title='bbox 2607 534 2818 588; x_wconf 87' lang='lat' dir='ltr'><strong>accidit.</strong></span> <span class='ocrx_word' id='word_1_460' title='bbox 2846 532 3042 587; x_wconf 89' lang='lat' dir='ltr'><strong>Eadem</strong></span> <span class='ocrx_word' id='word_1_461' title='bbox 3070 533 3155 589; x_wconf 90' lang='lat' dir='ltr'><strong>bic</strong></span> <span class='ocrx_word' id='word_1_462' title='bbox 3196 548 3403 603; x_wconf 89' lang='lat' dir='ltr'><strong>quoque</strong></span> <span class='ocrx_word' id='word_1_463' title='bbox 3447 550 3607 589; x_wconf 87' lang='lat' dir='ltr'><strong>causa</strong></span> 
     </span>
    </p>
   </div>
   <div class='ocr_carea' id='block_1_63' title="bbox 2044 626 3606 697">
    <p class='ocr_par' dir='ltr' id='par_1_63' title="bbox 2044 626 3606 697">
     <span class='ocr_line' id='line_1_64' title="bbox 2044 626 3606 697; baseline 0.001 -19"><span class='ocrx_word' id='word_1_464' title='bbox 2044 626 2311 680; x_wconf 72' lang='lat' dir='ltr'><strong>afferenda</strong></span> <span class='ocrx_word' id='word_1_465' title='bbox 2333 636 2432 680; x_wconf 90' lang='lat' dir='ltr'><strong>est.</strong></span> <span class='ocrx_word' id='word_1_466' title='bbox 2478 627 2585 680; x_wconf 89' lang='lat' dir='ltr'><strong>Cur</strong></span> <span class='ocrx_word' id='word_1_467' title='bbox 2611 627 2752 682; x_wconf 92' lang='lat' dir='ltr'><strong>enim</strong></span> <span class='ocrx_word' id='word_1_468' title='bbox 2778 627 2834 694; x_wconf 90' lang='lat' dir='ltr'><strong>ii,</strong></span> <span class='ocrx_word' id='word_1_469' title='bbox 2862 628 2950 696; x_wconf 90' lang='lat' dir='ltr'><strong>qui</strong></span> <span class='ocrx_word' id='word_1_470' title='bbox 2985 627 3141 697; x_wconf 86' lang='lat' dir='ltr'><strong>paulo</strong></span> <span class='ocrx_word' id='word_1_471' title='bbox 3170 636 3289 697; x_wconf 91' lang='lat' dir='ltr'><strong>post</strong></span> <span class='ocrx_word' id='word_1_472' title='bbox 3316 626 3496 681; x_wconf 90' lang='lat' dir='ltr'><strong>mundi</strong></span> <span class='ocrx_word' id='word_1_473' title='bbox 3523 628 3606 679; x_wconf 86' lang='lat' dir='ltr'><strong>iu-</strong></span> 
     </span>
    </p>
   </div>
   <div class='ocr_carea' id='block_1_64' title="bbox 2047 716 3609 787">
    <p class='ocr_par' dir='ltr' id='par_1_64' title="bbox 2047 716 3609 787">
     <span class='ocr_line' id='line_1_65' title="bbox 2047 716 3609 787; baseline 0 -17"><span class='ocrx_word' id='word_1_474' title='bbox 2047 717 2195 770; x_wconf 91' lang='lat' dir='ltr'><strong>itium</strong></span> <span class='ocrx_word' id='word_1_475' title='bbox 2245 716 2477 778; x_wconf 88' lang='lat' dir='ltr'><strong>fuerunt,</strong></span> <span class='ocrx_word' id='word_1_476' title='bbox 2506 733 2625 771; x_wconf 92' lang='lat' dir='ltr'><strong>cum</strong></span> <span class='ocrx_word' id='word_1_477' title='bbox 2670 732 2840 787; x_wconf 92' lang='lat' dir='ltr'><strong>neque</strong></span> <span class='ocrx_word' id='word_1_478' title='bbox 2869 717 3149 771; x_wconf 90' lang='lat' dir='ltr'><strong>tribunalia</strong></span> <span class='ocrx_word' id='word_1_479' title='bbox 3193 726 3393 781; x_wconf 85' lang='lat' dir='ltr'><strong>essent,</strong></span> <span class='ocrx_word' id='word_1_480' title='bbox 3438 729 3609 784; x_wconf 88' lang='lat' dir='ltr'><strong>nequo</strong></span> 
     </span>
    </p>
   </div>
   <div class='ocr_carea' id='block_1_65' title="bbox 2046 808 3607 878">
    <p class='ocr_par' dir='ltr' id='par_1_65' title="bbox 2046 808 3607 878">
     <span class='ocr_line' id='line_1_66' title="bbox 2046 808 3607 878; baseline -0.001 -17"><span class='ocrx_word' id='word_1_481' title='bbox 2046 810 2442 878; x_wconf 86' lang='lat' dir='ltr'><strong>magistratuum</strong></span> <span class='ocrx_word' id='word_1_482' title='bbox 2466 816 2637 863; x_wconf 92' lang='lat' dir='ltr'><strong>metus</strong></span> <span class='ocrx_word' id='word_1_483' title='bbox 2672 809 2989 873; x_wconf 87' lang='lat' dir='ltr'><strong>immineret,</strong></span> <span class='ocrx_word' id='word_1_484' title='bbox 3022 824 3126 862; x_wconf 92' lang='lat' dir='ltr'><strong>non</strong></span> <span class='ocrx_word' id='word_1_485' title='bbox 3157 808 3288 876; x_wconf 88' lang='lat' dir='ltr'><strong>legis</strong></span> <span class='ocrx_word' id='word_1_486' title='bbox 3314 808 3607 862; x_wconf 86' lang='lat' dir='ltr'><strong>commina-</strong></span> 
     </span>
    </p>
   </div>
   <div class='ocr_carea' id='block_1_66' title="bbox 2050 898 3612 968">
    <p class='ocr_par' dir='ltr' id='par_1_66' title="bbox 2050 898 3612 968">
     <span class='ocr_line' id='line_1_67' title="bbox 2050 898 3612 968; baseline -0.001 -16"><span class='ocrx_word' id='word_1_487' title='bbox 2050 900 2141 963; x_wconf 92' lang='lat' dir='ltr'><strong>tio,</strong></span> <span class='ocrx_word' id='word_1_488' title='bbox 2165 914 2269 952; x_wconf 92' lang='lat' dir='ltr'><strong>non</strong></span> <span class='ocrx_word' id='word_1_489' title='bbox 2303 898 2677 968; x_wconf 89' lang='lat' dir='ltr'><strong>prophetarum</strong></span> <span class='ocrx_word' id='word_1_490' title='bbox 2725 900 2937 961; x_wconf 85' lang='lat' dir='ltr'><strong>chorus.</strong></span> <span class='ocrx_word' id='word_1_491' title='bbox 2970 901 3060 968; x_wconf 89' lang='lat' dir='ltr'><strong>qui</strong></span> <span class='ocrx_word' id='word_1_492' title='bbox 3091 899 3476 964; x_wconf 83' lang='lat' dir='ltr'><strong>moderaretur,</strong></span> <span class='ocrx_word' id='word_1_493' title='bbox 3509 912 3612 951; x_wconf 92' lang='lat' dir='ltr'><strong>non</strong></span> 
     </span>
    </p>
   </div>
   <div class='ocr_carea' id='block_1_67' title="bbox 2047 989 3606 1060">
    <p class='ocr_par' dir='ltr' id='par_1_67' title="bbox 2047 989 3606 1060">
     <span class='ocr_line' id='line_1_68' title="bbox 2047 989 3606 1060; baseline -0.002 -16"><span class='ocrx_word' id='word_1_494' title='bbox 2047 992 2373 1059; x_wconf 76' lang='lat' dir='ltr'><strong>ex3pectatio</strong></span> <span class='ocrx_word' id='word_1_495' title='bbox 2399 991 2673 1060; x_wconf 76' lang='lat' dir='ltr'><strong>gehennte,</strong></span> <span class='ocrx_word' id='word_1_496' title='bbox 2708 1006 2815 1045; x_wconf 88' lang='lat' dir='ltr'><strong>non</strong></span> <span class='ocrx_word' id='word_1_497' title='bbox 2842 992 2986 1060; x_wconf 82' lang='lat' dir='ltr'><strong>regni</strong></span> <span class='ocrx_word' id='word_1_498' title='bbox 3018 1006 3162 1059; x_wconf 86' lang='lat' dir='ltr'><strong>spes,</strong></span> <span class='ocrx_word' id='word_1_499' title='bbox 3197 1005 3301 1043; x_wconf 92' lang='lat' dir='ltr'><strong>non</strong></span> <span class='ocrx_word' id='word_1_500' title='bbox 3340 989 3443 1045; x_wconf 90' lang='lat' dir='ltr'><strong>alia</strong></span> <span class='ocrx_word' id='word_1_501' title='bbox 3485 989 3606 1059; x_wconf 89' lang='lat' dir='ltr'><strong>piti-</strong></span> 
     </span>
    </p>
   </div>
   <div class='ocr_carea' id='block_1_68' title="bbox 2049 1079 3609 1151">
    <p class='ocr_par' dir='ltr' id='par_1_68' title="bbox 2049 1079 3609 1151">
     <span class='ocr_line' id='line_1_69' title="bbox 2049 1079 3609 1151; baseline -0.003 -15"><span class='ocrx_word' id='word_1_502' title='bbox 2049 1082 2310 1151; x_wconf 88' lang='lat' dir='ltr'><strong>losophia,</strong></span> <span class='ocrx_word' id='word_1_503' title='bbox 2342 1097 2444 1135; x_wconf 95' lang='lat' dir='ltr'><strong>non</strong></span> <span class='ocrx_word' id='word_1_504' title='bbox 2474 1082 2742 1143; x_wconf 88' lang='lat' dir='ltr'><strong>miracula,</strong></span> <span class='ocrx_word' id='word_1_505' title='bbox 2775 1097 2893 1151; x_wconf 66' lang='lat' dir='ltr'><strong>qua:</strong></span> <span class='ocrx_word' id='word_1_506' title='bbox 2921 1090 3139 1150; x_wconf 92' lang='lat' dir='ltr'><strong>possent</strong></span> <span class='ocrx_word' id='word_1_507' title='bbox 3168 1080 3254 1135; x_wconf 92' lang='lat' dir='ltr'><strong>vel</strong></span> <span class='ocrx_word' id='word_1_508' title='bbox 3284 1079 3484 1149; x_wconf 88' lang='lat' dir='ltr'><strong>lapides</strong></span> <span class='ocrx_word' id='word_1_509' title='bbox 3512 1094 3609 1133; x_wconf 84' lang='lat' dir='ltr'><strong>ex-</strong></span> 
     </span>
    </p>
   </div>
   <div class='ocr_carea' id='block_1_69' title="bbox 2049 1170 3602 1241">
    <p class='ocr_par' dir='ltr' id='par_1_69' title="bbox 2049 1170 3602 1241">
     <span class='ocr_line' id='line_1_70' title="bbox 2049 1170 3602 1241; baseline -0.003 -14"><span class='ocrx_word' id='word_1_510' title='bbox 2049 1174 2247 1227; x_wconf 87' lang='lat' dir='ltr'><strong>citare:</strong></span> <span class='ocrx_word' id='word_1_511' title='bbox 2276 1186 2391 1238; x_wconf 90' lang='lat' dir='ltr'><strong>cur,</strong></span> <span class='ocrx_word' id='word_1_512' title='bbox 2419 1172 2649 1241; x_wconf 90' lang='lat' dir='ltr'><strong>inquam,</strong></span> <span class='ocrx_word' id='word_1_513' title='bbox 2672 1173 2746 1225; x_wconf 92' lang='lat' dir='ltr'><strong>illi</strong></span> <span class='ocrx_word' id='word_1_514' title='bbox 2770 1172 2857 1241; x_wconf 89' lang='lat' dir='ltr'><strong>qui</strong></span> <span class='ocrx_word' id='word_1_515' title='bbox 2887 1172 3029 1226; x_wconf 83' lang='lat' dir='ltr'><strong>nullo</strong></span> <span class='ocrx_word' id='word_1_516' title='bbox 3050 1170 3241 1224; x_wconf 85' lang='lat' dir='ltr'><strong>borum</strong></span> <span class='ocrx_word' id='word_1_517' title='bbox 3266 1171 3413 1239; x_wconf 90' lang='lat' dir='ltr'><strong>potiti</strong></span> <span class='ocrx_word' id='word_1_518' title='bbox 3430 1177 3602 1233; x_wconf 89' lang='lat' dir='ltr'><strong>erant,</strong></span> 
     </span>
    </p>
   </div>
   <div class='ocr_carea' id='block_1_70' title="bbox 2056 1263 3615 1337">
    <p class='ocr_par' dir='ltr' id='par_1_70' title="bbox 2056 1263 3615 1337">
     <span class='ocr_line' id='line_1_71' title="bbox 2056 1263 3615 1337; baseline -0.006 -13"><span class='ocrx_word' id='word_1_519' title='bbox 2056 1279 2229 1324; x_wconf 89' lang='lat' dir='ltr'><strong>tantas</strong></span> <span class='ocrx_word' id='word_1_520' title='bbox 2255 1270 2519 1323; x_wconf 89' lang='lat' dir='ltr'><strong>scelerum</strong></span> <span class='ocrx_word' id='word_1_521' title='bbox 2558 1283 2741 1337; x_wconf 80' lang='lat' dir='ltr'><strong>poenas</strong></span> <span class='ocrx_word' id='word_1_522' title='bbox 2769 1267 3062 1329; x_wconf 90' lang='lat' dir='ltr'><strong>dederunt;</strong></span> <span class='ocrx_word' id='word_1_523' title='bbox 3105 1264 3193 1333; x_wconf 91' lang='lat' dir='ltr'><strong>qui</strong></span> <span class='ocrx_word' id='word_1_524' title='bbox 3224 1272 3400 1318; x_wconf 92' lang='lat' dir='ltr'><strong>autem</strong></span> <span class='ocrx_word' id='word_1_525' title='bbox 3430 1263 3615 1316; x_wconf 85' lang='lat' dir='ltr'><strong>borum</strong></span> 
     </span>
    </p>
   </div>
   <div class='ocr_carea' id='block_1_71' title="bbox 2053 1352 3620 1428">
    <p class='ocr_par' dir='ltr' id='par_1_71' title="bbox 2053 1352 3620 1428">
     <span class='ocr_line' id='line_1_72' title="bbox 2053 1352 3620 1428; baseline -0.008 -13"><span class='ocrx_word' id='word_1_526' title='bbox 2053 1361 2289 1415; x_wconf 91' lang='lat' dir='ltr'><strong>omnium</strong></span> <span class='ocrx_word' id='word_1_527' title='bbox 2318 1359 2600 1428; x_wconf 86' lang='lat' dir='ltr'><strong>participes</strong></span> <span class='ocrx_word' id='word_1_528' title='bbox 2630 1357 2859 1421; x_wconf 90' lang='lat' dir='ltr'><strong>fuerunt,</strong></span> <span class='ocrx_word' id='word_1_529' title='bbox 2892 1367 2944 1410; x_wconf 93' lang='lat' dir='ltr'><strong>et</strong></span> <span class='ocrx_word' id='word_1_530' title='bbox 2987 1357 3123 1409; x_wconf 90' lang='lat' dir='ltr'><strong>inter</strong></span> <span class='ocrx_word' id='word_1_531' title='bbox 3150 1363 3324 1408; x_wconf 91' lang='lat' dir='ltr'><strong>tantos</strong></span> <span class='ocrx_word' id='word_1_532' title='bbox 3350 1362 3457 1407; x_wconf 91' lang='lat' dir='ltr'><strong>tum</strong></span> <span class='ocrx_word' id='word_1_533' title='bbox 3483 1352 3620 1405; x_wconf 87' lang='lat' dir='ltr'><strong>divi-</strong></span> 
     </span>
    </p>
   </div>
   <div class='ocr_carea' id='block_1_72' title="bbox 2057 1447 3621 1506">
    <p class='ocr_par' dir='ltr' id='par_1_72' title="bbox 2057 1447 3621 1506">
     <span class='ocr_line' id='line_1_73' title="bbox 2057 1447 3621 1506; baseline -0.006 0"><span class='ocrx_word' id='word_1_534' title='bbox 2057 1467 2245 1506; x_wconf 92' lang='lat' dir='ltr'><strong>norum</strong></span> <span class='ocrx_word' id='word_1_535' title='bbox 2275 1462 2383 1505; x_wconf 91' lang='lat' dir='ltr'><strong>tum</strong></span> <span class='ocrx_word' id='word_1_536' title='bbox 2416 1452 2765 1505; x_wconf 84' lang='lat' dir='ltr'><strong>humanorum</strong></span> <span class='ocrx_word' id='word_1_537' title='bbox 2798 1447 3139 1502; x_wconf 89' lang='lat' dir='ltr'><strong>tribunalium</strong></span> <span class='ocrx_word' id='word_1_538' title='bbox 3186 1455 3359 1501; x_wconf 92' lang='lat' dir='ltr'><strong>metus</strong></span> <span class='ocrx_word' id='word_1_539' title='bbox 3402 1458 3621 1498; x_wconf 87' lang='lat' dir='ltr'><strong>versan-</strong></span> 
     </span>
    </p>
   </div>
   <div class='ocr_carea' id='block_1_73' title="bbox 2056 1533 3623 1609">
    <p class='ocr_par' dir='ltr' id='par_1_73' title="bbox 2056 1533 3623 1609">
     <span class='ocr_line' id='line_1_74' title="bbox 2056 1533 3623 1609; baseline -0.006 -13"><span class='ocrx_word' id='word_1_540' title='bbox 2056 1551 2162 1608; x_wconf 90' lang='lat' dir='ltr'><strong>tur,</strong></span> <span class='ocrx_word' id='word_1_541' title='bbox 2208 1540 2442 1595; x_wconf 89' lang='lat' dir='ltr'><strong>nondum</strong></span> <span class='ocrx_word' id='word_1_542' title='bbox 2483 1540 2629 1609; x_wconf 88' lang='lat' dir='ltr'><strong>paria</strong></span> <span class='ocrx_word' id='word_1_543' title='bbox 2657 1539 2761 1592; x_wconf 92' lang='lat' dir='ltr'><strong>illis</strong></span> <span class='ocrx_word' id='word_1_544' title='bbox 2807 1539 2946 1607; x_wconf 86' lang='lat' dir='ltr'><strong>passi</strong></span> <span class='ocrx_word' id='word_1_545' title='bbox 2988 1545 3127 1599; x_wconf 87' lang='lat' dir='ltr'><strong>sunt,</strong></span> <span class='ocrx_word' id='word_1_546' title='bbox 3156 1551 3275 1590; x_wconf 92' lang='lat' dir='ltr'><strong>cum</strong></span> <span class='ocrx_word' id='word_1_547' title='bbox 3320 1534 3426 1589; x_wconf 91' lang='lat' dir='ltr'><strong>sint</strong></span> <span class='ocrx_word' id='word_1_548' title='bbox 3468 1533 3623 1602; x_wconf 84' lang='lat' dir='ltr'><strong>longe</strong></span> 
     </span>
    </p>
   </div>
   <div class='ocr_carea' id='block_1_74' title="bbox 2055 1623 3623 1702">
    <p class='ocr_par' dir='ltr' id='par_1_74' title="bbox 2055 1623 3623 1702">
     <span class='ocr_line' id='line_1_75' title="bbox 2055 1623 3623 1702; baseline -0.006 -16"><span class='ocrx_word' id='word_1_549' title='bbox 2055 1633 2280 1702; x_wconf 88' lang='lat' dir='ltr'><strong>graviori</strong></span> <span class='ocrx_word' id='word_1_550' title='bbox 2312 1630 2568 1701; x_wconf 90' lang='lat' dir='ltr'><strong>supplicio</strong></span> <span class='ocrx_word' id='word_1_551' title='bbox 2593 1630 2778 1699; x_wconf 85' lang='lat' dir='ltr'><strong>digni?</strong></span> <span class='ocrx_word' id='word_1_552' title='bbox 2808 1627 2993 1681; x_wconf 87' lang='lat' dir='ltr'><strong>Nonne</strong></span> <span class='ocrx_word' id='word_1_553' title='bbox 3022 1627 3103 1680; x_wconf 93' lang='lat' dir='ltr'><strong>vel</strong></span> <span class='ocrx_word' id='word_1_554' title='bbox 3133 1640 3295 1695; x_wconf 90' lang='lat' dir='ltr'><strong>puero</strong></span> <span class='ocrx_word' id='word_1_555' title='bbox 3323 1625 3485 1695; x_wconf 90' lang='lat' dir='ltr'><strong>liquet</strong></span> <span class='ocrx_word' id='word_1_556' title='bbox 3505 1623 3623 1677; x_wconf 80' lang='lat' dir='ltr'><strong>illos</strong></span> 
     </span>
    </p>
   </div>
   <div class='ocr_carea' id='block_1_75' title="bbox 2056 1714 3623 1784">
    <p class='ocr_par' dir='ltr' id='par_1_75' title="bbox 2056 1714 3623 1784">
     <span class='ocr_line' id='line_1_76' title="bbox 2056 1714 3623 1784; baseline -0.006 -7"><span class='ocrx_word' id='word_1_557' title='bbox 2056 1723 2301 1778; x_wconf 87' lang='lat' dir='ltr'><strong>atrociori</strong></span> <span class='ocrx_word' id='word_1_558' title='bbox 2342 1721 2526 1775; x_wconf 89' lang='lat' dir='ltr'><strong>ultioni</strong></span> <span class='ocrx_word' id='word_1_559' title='bbox 2569 1719 2867 1774; x_wconf 85' lang='lat' dir='ltr'><strong>reservari?</strong></span> <span class='ocrx_word' id='word_1_560' title='bbox 2890 1717 3021 1771; x_wconf 89' lang='lat' dir='ltr'><strong>Nam</strong></span> <span class='ocrx_word' id='word_1_561' title='bbox 3064 1717 3109 1770; x_wconf 91' lang='lat' dir='ltr'><strong>si</strong></span> <span class='ocrx_word' id='word_1_562' title='bbox 3136 1732 3234 1771; x_wconf 90' lang='lat' dir='ltr'><strong>nos</strong></span> <span class='ocrx_word' id='word_1_563' title='bbox 3260 1730 3420 1784; x_wconf 90' lang='lat' dir='ltr'><strong>super</strong></span> <span class='ocrx_word' id='word_1_564' title='bbox 3445 1714 3526 1769; x_wconf 89' lang='lat' dir='ltr'><strong>his</strong></span> <span class='ocrx_word' id='word_1_565' title='bbox 3552 1714 3623 1767; x_wconf 83' lang='lat' dir='ltr'><strong>ita</strong></span> 
     </span>
    </p>
   </div>
   <div class='ocr_carea' id='block_1_76' title="bbox 2059 1806 3624 1881">
    <p class='ocr_par' dir='ltr' id='par_1_76' title="bbox 2059 1806 3624 1881">
     <span class='ocr_line' id='line_1_77' title="bbox 2059 1806 3624 1881; baseline -0.006 -14"><span class='ocrx_word' id='word_1_566' title='bbox 2059 1815 2338 1867; x_wconf 90' lang='lat' dir='ltr'><strong>irascimur</strong></span> <span class='ocrx_word' id='word_1_567' title='bbox 2367 1824 2421 1867; x_wconf 93' lang='lat' dir='ltr'><strong>et</strong></span> <span class='ocrx_word' id='word_1_568' title='bbox 2450 1812 2802 1881; x_wconf 89' lang='lat' dir='ltr'><strong>indignamur,</strong></span> <span class='ocrx_word' id='word_1_569' title='bbox 2836 1810 2977 1864; x_wconf 89' lang='lat' dir='ltr'><strong>Deus</strong></span> <span class='ocrx_word' id='word_1_570' title='bbox 3019 1809 3107 1878; x_wconf 89' lang='lat' dir='ltr'><strong>qui</strong></span> <span class='ocrx_word' id='word_1_571' title='bbox 3144 1822 3309 1877; x_wconf 87' lang='lat' dir='ltr'><strong>genus</strong></span> <span class='ocrx_word' id='word_1_572' title='bbox 3338 1806 3624 1860; x_wconf 87' lang='lat' dir='ltr'><strong>humanum</strong></span> 
     </span>
    </p>
   </div>
   <div class='ocr_carea' id='block_1_77' title="bbox 2058 1896 3625 1975">
    <p class='ocr_par' dir='ltr' id='par_1_77' title="bbox 2058 1896 3625 1975">
     <span class='ocr_line' id='line_1_78' title="bbox 2058 1896 3625 1975; baseline -0.006 -16"><span class='ocrx_word' id='word_1_573' title='bbox 2058 1906 2177 1975; x_wconf 90' lang='lat' dir='ltr'><strong>plus</strong></span> <span class='ocrx_word' id='word_1_574' title='bbox 2204 1920 2360 1974; x_wconf 89' lang='lat' dir='ltr'><strong>quam</strong></span> <span class='ocrx_word' id='word_1_575' title='bbox 2402 1904 2505 1957; x_wconf 88' lang='lat' dir='ltr'><strong>alia</strong></span> <span class='ocrx_word' id='word_1_576' title='bbox 2530 1904 2705 1957; x_wconf 88' lang='lat' dir='ltr'><strong>omnia</strong></span> <span class='ocrx_word' id='word_1_577' title='bbox 2731 1910 2900 1965; x_wconf 86' lang='lat' dir='ltr'><strong>curat,</strong></span> <span class='ocrx_word' id='word_1_578' title='bbox 2941 1911 2994 1955; x_wconf 91' lang='lat' dir='ltr'><strong>et</strong></span> <span class='ocrx_word' id='word_1_579' title='bbox 3032 1899 3315 1969; x_wconf 89' lang='lat' dir='ltr'><strong>nequitiam</strong></span> <span class='ocrx_word' id='word_1_580' title='bbox 3342 1896 3625 1952; x_wconf 87' lang='lat' dir='ltr'><strong>admodum</strong></span> 
     </span>
    </p>
   </div>
   <div class='ocr_carea' id='block_1_78' title="bbox 2060 1988 3626 2064">
    <p class='ocr_par' dir='ltr' id='par_1_78' title="bbox 2060 1988 3626 2064">
     <span class='ocr_line' id='line_1_79' title="bbox 2060 1988 3626 2064; baseline -0.004 -13"><span class='ocrx_word' id='word_1_581' title='bbox 2060 2006 2354 2061; x_wconf 89' lang='lat' dir='ltr'><strong>aversatur,</strong></span> <span class='ocrx_word' id='word_1_582' title='bbox 2391 1994 2660 2064; x_wconf 90' lang='lat' dir='ltr'><strong>quomodo</strong></span> <span class='ocrx_word' id='word_1_583' title='bbox 2686 1994 2800 2048; x_wconf 68' lang='lat' dir='ltr'><strong>hcce</strong></span> <span class='ocrx_word' id='word_1_584' title='bbox 2830 1994 3044 2062; x_wconf 88' lang='lat' dir='ltr'><strong>impune</strong></span> <span class='ocrx_word' id='word_1_585' title='bbox 3076 1992 3190 2045; x_wconf 82' lang='lat' dir='ltr'><strong>ﬁeri</strong></span> <span class='ocrx_word' id='word_1_586' title='bbox 3220 1991 3482 2059; x_wconf 80' lang='lat' dir='ltr'><strong>patiatur?</strong></span> <span class='ocrx_word' id='word_1_587' title='bbox 3512 1988 3626 2045; x_wconf 86' lang='lat' dir='ltr'><strong>Non</strong></span> 
     </span>
    </p>
   </div>
   <div class='ocr_carea' id='block_1_79' title="bbox 2062 2079 3631 2154">
    <p class='ocr_par' dir='ltr' id='par_1_79' title="bbox 2062 2079 3631 2154">
     <span class='ocr_line' id='line_1_80' title="bbox 2062 2079 3631 2154; baseline -0.008 -10"><span class='ocrx_word' id='word_1_588' title='bbox 2062 2091 2132 2144; x_wconf 90' lang='lat' dir='ltr'><strong>ita</strong></span> <span class='ocrx_word' id='word_1_589' title='bbox 2158 2099 2322 2154; x_wconf 89' lang='lat' dir='ltr'><strong>certe,</strong></span> <span class='ocrx_word' id='word_1_590' title='bbox 2370 2104 2476 2143; x_wconf 93' lang='lat' dir='ltr'><strong>non</strong></span> <span class='ocrx_word' id='word_1_591' title='bbox 2504 2090 2573 2141; x_wconf 89' lang='lat' dir='ltr'><strong>ita</strong></span> <span class='ocrx_word' id='word_1_592' title='bbox 2612 2102 2669 2141; x_wconf 89' lang='lat' dir='ltr'><strong>se</strong></span> <span class='ocrx_word' id='word_1_593' title='bbox 2709 2100 2794 2140; x_wconf 88' lang='lat' dir='ltr'><strong>res</strong></span> <span class='ocrx_word' id='word_1_594' title='bbox 2825 2085 3003 2150; x_wconf 86' lang='lat' dir='ltr'><strong>habet,</strong></span> <span class='ocrx_word' id='word_1_595' title='bbox 3034 2083 3128 2138; x_wconf 89' lang='lat' dir='ltr'><strong>sed</strong></span> <span class='ocrx_word' id='word_1_596' title='bbox 3163 2082 3408 2136; x_wconf 91' lang='lat' dir='ltr'><strong>immittet</strong></span> <span class='ocrx_word' id='word_1_597' title='bbox 3434 2081 3485 2133; x_wconf 89' lang='lat' dir='ltr'><strong>in</strong></span> <span class='ocrx_word' id='word_1_598' title='bbox 3514 2079 3631 2133; x_wconf 90' lang='lat' dir='ltr'><strong>illos</strong></span> 
     </span>
    </p>
   </div>
   <div class='ocr_carea' id='block_1_80' title="bbox 2062 2171 3625 2249">
    <p class='ocr_par' dir='ltr' id='par_1_80' title="bbox 2062 2171 3625 2249">
     <span class='ocr_line' id='line_1_81' title="bbox 2062 2171 3625 2249; baseline -0.006 -18"><span class='ocrx_word' id='word_1_599' title='bbox 2062 2180 2218 2249; x_wconf 89' lang='lat' dir='ltr'><strong>plane</strong></span> <span class='ocrx_word' id='word_1_600' title='bbox 2261 2193 2475 2233; x_wconf 89' lang='lat' dir='ltr'><strong>manum</strong></span> <span class='ocrx_word' id='word_1_601' title='bbox 2516 2177 2661 2231; x_wconf 89' lang='lat' dir='ltr'><strong>illam</strong></span> <span class='ocrx_word' id='word_1_602' title='bbox 2687 2175 2936 2238; x_wconf 87' lang='lat' dir='ltr'><strong>validam,</strong></span> <span class='ocrx_word' id='word_1_603' title='bbox 2982 2174 3293 2242; x_wconf 90' lang='lat' dir='ltr'><strong>plagamque</strong></span> <span class='ocrx_word' id='word_1_604' title='bbox 3338 2171 3625 2224; x_wconf 84' lang='lat' dir='ltr'><strong>intoleran-</strong></span> 
     </span>
    </p>
   </div>
   <div class='ocr_carea' id='block_1_81' title="bbox 2062 2264 3628 2340">
    <p class='ocr_par' dir='ltr' id='par_1_81' title="bbox 2062 2264 3628 2340">
     <span class='ocr_line' id='line_1_82' title="bbox 2062 2264 3628 2340; baseline -0.007 -14"><span class='ocrx_word' id='word_1_605' title='bbox 2062 2274 2206 2335; x_wconf 89' lang='lat' dir='ltr'><strong>dam,</strong></span> <span class='ocrx_word' id='word_1_606' title='bbox 2236 2280 2395 2340; x_wconf 92' lang='lat' dir='ltr'><strong>atque</strong></span> <span class='ocrx_word' id='word_1_607' title='bbox 2422 2268 2753 2323; x_wconf 90' lang='lat' dir='ltr'><strong>cruciatuum</strong></span> <span class='ocrx_word' id='word_1_608' title='bbox 2782 2267 2991 2321; x_wconf 83' lang='lat' dir='ltr'><strong>illorum</strong></span> <span class='ocrx_word' id='word_1_609' title='bbox 3020 2265 3258 2319; x_wconf 89' lang='lat' dir='ltr'><strong>dolorem</strong></span> <span class='ocrx_word' id='word_1_610' title='bbox 3288 2264 3371 2317; x_wconf 87' lang='lat' dir='ltr'><strong>ita</strong></span> <span class='ocrx_word' id='word_1_611' title='bbox 3394 2276 3628 2332; x_wconf 89' lang='lat' dir='ltr'><strong>gravem,</strong></span> 
     </span>
    </p>
   </div>
   <div class='ocr_carea' id='block_1_82' title="bbox 2062 2353 3633 2426">
    <p class='ocr_par' dir='ltr' id='par_1_82' title="bbox 2062 2353 3633 2426">
     <span class='ocr_line' id='line_1_83' title="bbox 2062 2353 3633 2426; baseline -0.008 -7"><span class='ocrx_word' id='word_1_612' title='bbox 2062 2374 2122 2419; x_wconf 91' lang='lat' dir='ltr'><strong>ut</strong></span> <span class='ocrx_word' id='word_1_613' title='bbox 2166 2363 2517 2417; x_wconf 89' lang='lat' dir='ltr'><strong>Sodomorum</strong></span> <span class='ocrx_word' id='word_1_614' title='bbox 2544 2359 2723 2413; x_wconf 82' lang='lat' dir='ltr'><strong>clades</strong></span> <span class='ocrx_word' id='word_1_615' title='bbox 2766 2356 2841 2411; x_wconf 91' lang='lat' dir='ltr'><strong>illi</strong></span> <span class='ocrx_word' id='word_1_616' title='bbox 2870 2363 3174 2426; x_wconf 76' lang='lat' dir='ltr'><strong>comparata</strong></span> <span class='ocrx_word' id='word_1_617' title='bbox 3202 2354 3357 2409; x_wconf 90' lang='lat' dir='ltr'><strong>ludus</strong></span> <span class='ocrx_word' id='word_1_618' title='bbox 3394 2353 3633 2408; x_wconf 86' lang='lat' dir='ltr'><strong>videatur</strong></span> 
     </span>
    </p>
   </div>
   <div class='ocr_carea' id='block_1_83' title="bbox 2064 2442 3633 2521">
    <p class='ocr_par' dir='ltr' id='par_1_83' title="bbox 2064 2442 3633 2521">
     <span class='ocr_line' id='line_1_84' title="bbox 2064 2442 3633 2521; baseline -0.006 -13"><span class='ocrx_word' id='word_1_619' title='bbox 2064 2469 2203 2509; x_wconf 90' lang='lat' dir='ltr'><strong>esse.</strong></span> <span class='ocrx_word' id='word_1_620' title='bbox 2235 2452 2381 2521; x_wconf 88' lang='lat' dir='ltr'><strong>Quos</strong></span> <span class='ocrx_word' id='word_1_621' title='bbox 2410 2452 2551 2506; x_wconf 91' lang='lat' dir='ltr'><strong>enim</strong></span> <span class='ocrx_word' id='word_1_622' title='bbox 2582 2450 2657 2504; x_wconf 87' lang='lat' dir='ltr'><strong>illi</strong></span> <span class='ocrx_word' id='word_1_623' title='bbox 2686 2448 2941 2504; x_wconf 91' lang='lat' dir='ltr'><strong>barbaros</strong></span> <span class='ocrx_word' id='word_1_624' title='bbox 2978 2462 3082 2501; x_wconf 90' lang='lat' dir='ltr'><strong>non</strong></span> <span class='ocrx_word' id='word_1_625' title='bbox 3112 2444 3463 2515; x_wconf 87' lang='lat' dir='ltr'><strong>superarunt?</strong></span> <span class='ocrx_word' id='word_1_626' title='bbox 3492 2442 3633 2514; x_wconf 86' lang='lat' dir='ltr'><strong>quod</strong></span> 
     </span>
    </p>
   </div>
   <div class='ocr_carea' id='block_1_84' title="bbox 2066 2540 3627 2616">
    <p class='ocr_par' dir='ltr' id='par_1_84' title="bbox 2066 2540 3627 2616">
     <span class='ocr_line' id='line_1_85' title="bbox 2066 2540 3627 2616; baseline -0.007 -15"><span class='ocrx_word' id='word_1_627' title='bbox 2066 2548 2295 2601; x_wconf 87' lang='lat' dir='ltr'><strong>ferarum</strong></span> <span class='ocrx_word' id='word_1_628' title='bbox 2338 2559 2507 2616; x_wconf 90' lang='lat' dir='ltr'><strong>genus</strong></span> <span class='ocrx_word' id='word_1_629' title='bbox 2558 2558 2651 2612; x_wconf 89' lang='lat' dir='ltr'><strong>per</strong></span> <span class='ocrx_word' id='word_1_630' title='bbox 2709 2540 3229 2610; x_wconf 86' lang='lat' dir='ltr'><strong>impudentissimum</strong></span> <span class='ocrx_word' id='word_1_631' title='bbox 3284 2552 3627 2607; x_wconf 85' lang='lat' dir='ltr'><strong>congressum</strong></span> 
     </span>
    </p>
   </div>
   <div class='ocr_carea' id='block_1_85' title="bbox 2067 2626 3636 2704">
    <p class='ocr_par' dir='ltr' id='par_1_85' title="bbox 2067 2626 3636 2704">
     <span class='ocr_line' id='line_1_86' title="bbox 2067 2626 3636 2704; baseline -0.007 -12"><span class='ocrx_word' id='word_1_632' title='bbox 2067 2655 2172 2693; x_wconf 92' lang='lat' dir='ltr'><strong>non</strong></span> <span class='ocrx_word' id='word_1_633' title='bbox 2194 2647 2339 2692; x_wconf 90' lang='lat' dir='ltr'><strong>retro</strong></span> <span class='ocrx_word' id='word_1_634' title='bbox 2361 2633 2703 2704; x_wconf 81' lang='lat' dir='ltr'><strong>relinquunt?</strong></span> <span class='ocrx_word' id='word_1_635' title='bbox 2728 2634 2820 2686; x_wconf 88' lang='lat' dir='ltr'><strong>Est</strong></span> <span class='ocrx_word' id='word_1_636' title='bbox 2845 2632 2897 2685; x_wconf 92' lang='lat' dir='ltr'><strong>in</strong></span> <span class='ocrx_word' id='word_1_637' title='bbox 2920 2629 3233 2701; x_wconf 88' lang='lat' dir='ltr'><strong>quibusdam</strong></span> <span class='ocrx_word' id='word_1_638' title='bbox 3253 2629 3422 2684; x_wconf 90' lang='lat' dir='ltr'><strong>brutis</strong></span> <span class='ocrx_word' id='word_1_639' title='bbox 3443 2626 3636 2681; x_wconf 88' lang='lat' dir='ltr'><strong>ardens</strong></span> 
     </span>
    </p>
   </div>
   <div class='ocr_carea' id='block_1_86' title="bbox 2068 2717 3638 2796">
    <p class='ocr_par' dir='ltr' id='par_1_86' title="bbox 2068 2717 3638 2796">
     <span class='ocr_line' id='line_1_87' title="bbox 2068 2717 3638 2796; baseline -0.008 -13"><span class='ocrx_word' id='word_1_640' title='bbox 2068 2729 2251 2795; x_wconf 88' lang='lat' dir='ltr'><strong>libido,</strong></span> <span class='ocrx_word' id='word_1_641' title='bbox 2279 2727 2578 2796; x_wconf 92' lang='lat' dir='ltr'><strong>cupidoque</strong></span> <span class='ocrx_word' id='word_1_642' title='bbox 2604 2722 2975 2786; x_wconf 88' lang='lat' dir='ltr'><strong>intolerabilis,</strong></span> <span class='ocrx_word' id='word_1_643' title='bbox 3006 2720 3140 2775; x_wconf 89' lang='lat' dir='ltr'><strong>nihil</strong></span> <span class='ocrx_word' id='word_1_644' title='bbox 3168 2720 3235 2774; x_wconf 90' lang='lat' dir='ltr'><strong>ab</strong></span> <span class='ocrx_word' id='word_1_645' title='bbox 3262 2719 3465 2773; x_wconf 85' lang='lat' dir='ltr'><strong>insania</strong></span> <span class='ocrx_word' id='word_1_646' title='bbox 3493 2717 3638 2771; x_wconf 72' lang='lat' dir='ltr'><strong>diffe-</strong></span> 
     </span>
    </p>
   </div>
   <div class='ocr_carea' id='block_1_87' title="bbox 2069 2808 3639 2890">
    <p class='ocr_par' dir='ltr' id='par_1_87' title="bbox 2069 2808 3639 2890">
     <span class='ocr_line' id='line_1_88' title="bbox 2069 2808 3639 2890; baseline -0.01 -14"><span class='ocrx_word' id='word_1_647' title='bbox 2069 2837 2228 2877; x_wconf 92' lang='lat' dir='ltr'><strong>rens:</strong></span> <span class='ocrx_word' id='word_1_648' title='bbox 2261 2836 2379 2890; x_wconf 71' lang='lat' dir='ltr'><strong>qua:</strong></span> <span class='ocrx_word' id='word_1_649' title='bbox 2423 2827 2596 2872; x_wconf 88' lang='lat' dir='ltr'><strong>tamen</strong></span> <span class='ocrx_word' id='word_1_650' title='bbox 2628 2817 2767 2871; x_wconf 86' lang='lat' dir='ltr'><strong>hunc</strong></span> <span class='ocrx_word' id='word_1_651' title='bbox 2794 2828 3030 2868; x_wconf 89' lang='lat' dir='ltr'><strong>amorem</strong></span> <span class='ocrx_word' id='word_1_652' title='bbox 3062 2827 3168 2867; x_wconf 93' lang='lat' dir='ltr'><strong>non</strong></span> <span class='ocrx_word' id='word_1_653' title='bbox 3198 2819 3410 2873; x_wconf 91' lang='lat' dir='ltr'><strong>norunt,</strong></span> <span class='ocrx_word' id='word_1_654' title='bbox 3441 2808 3533 2863; x_wconf 92' lang='lat' dir='ltr'><strong>sed</strong></span> <span class='ocrx_word' id='word_1_655' title='bbox 3561 2809 3639 2861; x_wconf 89' lang='lat' dir='ltr'><strong>in-</strong></span> 
     </span>
    </p>
   </div>
   <div class='ocr_carea' id='block_1_88' title="bbox 2072 2898 3641 2969">
    <p class='ocr_par' dir='ltr' id='par_1_88' title="bbox 2072 2898 3641 2969">
     <span class='ocr_line' id='line_1_89' title="bbox 2072 2898 3641 2969; baseline -0.011 -2"><span class='ocrx_word' id='word_1_656' title='bbox 2072 2923 2151 2967; x_wconf 91' lang='lat' dir='ltr'><strong>tra</strong></span> <span class='ocrx_word' id='word_1_657' title='bbox 2196 2921 2398 2965; x_wconf 66' lang='lat' dir='ltr'><strong>naturae</strong></span> <span class='ocrx_word' id='word_1_658' title='bbox 2447 2908 2704 2963; x_wconf 91' lang='lat' dir='ltr'><strong>terminos</strong></span> <span class='ocrx_word' id='word_1_659' title='bbox 2748 2914 2996 2969; x_wconf 91' lang='lat' dir='ltr'><strong>manent;</strong></span> <span class='ocrx_word' id='word_1_660' title='bbox 3044 2904 3145 2958; x_wconf 91' lang='lat' dir='ltr'><strong>etsi</strong></span> <span class='ocrx_word' id='word_1_661' title='bbox 3192 2901 3385 2957; x_wconf 88' lang='lat' dir='ltr'><strong>millies</strong></span> <span class='ocrx_word' id='word_1_662' title='bbox 3425 2898 3641 2953; x_wconf 89' lang='lat' dir='ltr'><strong>libidine</strong></span> 
     </span>
    </p>
   </div>
   <div class='ocr_carea' id='block_1_89' title="bbox 2070 2991 3637 3067">
    <p class='ocr_par' dir='ltr' id='par_1_89' title="bbox 2070 2991 3637 3067">
     <span class='ocr_line' id='line_1_90' title="bbox 2070 2991 3637 3067; baseline -0.009 -10"><span class='ocrx_word' id='word_1_663' title='bbox 2070 3013 2313 3066; x_wconf 87' lang='lat' dir='ltr'><strong>urantur,</strong></span> <span class='ocrx_word' id='word_1_664' title='bbox 2342 3013 2544 3056; x_wconf 75' lang='lat' dir='ltr'><strong>natura:</strong></span> <span class='ocrx_word' id='word_1_665' title='bbox 2584 3012 2868 3067; x_wconf 90' lang='lat' dir='ltr'><strong>numquam</strong></span> <span class='ocrx_word' id='word_1_666' title='bbox 2900 2997 3044 3065; x_wconf 87' lang='lat' dir='ltr'><strong>leges</strong></span> <span class='ocrx_word' id='word_1_667' title='bbox 3069 3002 3332 3049; x_wconf 89' lang='lat' dir='ltr'><strong>evertunt.</strong></span> <span class='ocrx_word' id='word_1_668' title='bbox 3377 2993 3445 3046; x_wconf 81' lang='lat' dir='ltr'><strong>At</strong></span> <span class='ocrx_word' id='word_1_669' title='bbox 3476 2991 3637 3045; x_wconf 89' lang='lat' dir='ltr'><strong>ratio-</strong></span> 
     </span>
    </p>
   </div>
   <div class='ocr_carea' id='block_1_90' title="bbox 2071 3082 3639 3162">
    <p class='ocr_par' dir='ltr' id='par_1_90' title="bbox 2071 3082 3639 3162">
     <span class='ocr_line' id='line_1_91' title="bbox 2071 3082 3639 3162; baseline -0.011 -10"><span class='ocrx_word' id='word_1_670' title='bbox 2071 3096 2277 3152; x_wconf 85' lang='lat' dir='ltr'><strong>nabiles</strong></span> <span class='ocrx_word' id='word_1_671' title='bbox 2322 3096 2417 3157; x_wconf 90' lang='lat' dir='ltr'><strong>illi,</strong></span> <span class='ocrx_word' id='word_1_672' title='bbox 2464 3092 2641 3147; x_wconf 87' lang='lat' dir='ltr'><strong>divina</strong></span> <span class='ocrx_word' id='word_1_673' title='bbox 2684 3091 2835 3162; x_wconf 90' lang='lat' dir='ltr'><strong>potiti</strong></span> <span class='ocrx_word' id='word_1_674' title='bbox 2865 3089 3128 3153; x_wconf 86' lang='lat' dir='ltr'><strong>doctrina,</strong></span> <span class='ocrx_word' id='word_1_675' title='bbox 3169 3088 3258 3157; x_wconf 89' lang='lat' dir='ltr'><strong>qui</strong></span> <span class='ocrx_word' id='word_1_676' title='bbox 3283 3101 3400 3156; x_wconf 67' lang='lat' dir='ltr'><strong>qua:</strong></span> <span class='ocrx_word' id='word_1_677' title='bbox 3438 3082 3639 3153; x_wconf 87' lang='lat' dir='ltr'><strong>agenda</strong></span> 
     </span>
    </p>
   </div>
   <div class='ocr_carea' id='block_1_91' title="bbox 2070 3179 3640 3256">
    <p class='ocr_par' dir='ltr' id='par_1_91' title="bbox 2070 3179 3640 3256">
     <span class='ocr_line' id='line_1_92' title="bbox 2070 3179 3640 3256; baseline -0.01 -13"><span class='ocrx_word' id='word_1_678' title='bbox 2070 3189 2154 3244; x_wconf 89' lang='lat' dir='ltr'><strong>vel</strong></span> <span class='ocrx_word' id='word_1_679' title='bbox 2198 3204 2303 3241; x_wconf 94' lang='lat' dir='ltr'><strong>non</strong></span> <span class='ocrx_word' id='word_1_680' title='bbox 2335 3186 2536 3256; x_wconf 88' lang='lat' dir='ltr'><strong>agenda</strong></span> <span class='ocrx_word' id='word_1_681' title='bbox 2565 3185 2673 3239; x_wconf 92' lang='lat' dir='ltr'><strong>sint</strong></span> <span class='ocrx_word' id='word_1_682' title='bbox 2712 3184 2831 3238; x_wconf 88' lang='lat' dir='ltr'><strong>aliis</strong></span> <span class='ocrx_word' id='word_1_683' title='bbox 2870 3181 3179 3253; x_wconf 71' lang='lat' dir='ltr'><strong>prazdicant,</strong></span> <span class='ocrx_word' id='word_1_684' title='bbox 3234 3179 3640 3246; x_wconf 87' lang='lat' dir='ltr'><strong>Scripturasque</strong></span> 
     </span>
    </p>
   </div>
   <div class='ocr_carea' id='block_1_92' title="bbox 2072 3269 3634 3348">
    <p class='ocr_par' dir='ltr' id='par_1_92' title="bbox 2072 3269 3634 3348">
     <span class='ocr_line' id='line_1_93' title="bbox 2072 3269 3634 3348; baseline -0.01 -13"><span class='ocrx_word' id='word_1_685' title='bbox 2072 3295 2139 3335; x_wconf 87' lang='lat' dir='ltr'><strong>ex</strong></span> <span class='ocrx_word' id='word_1_686' title='bbox 2168 3278 2297 3334; x_wconf 77' lang='lat' dir='ltr'><strong>caelo</strong></span> <span class='ocrx_word' id='word_1_687' title='bbox 2327 3278 2568 3348; x_wconf 89' lang='lat' dir='ltr'><strong>delapsas</strong></span> <span class='ocrx_word' id='word_1_688' title='bbox 2596 3275 2894 3340; x_wconf 88' lang='lat' dir='ltr'><strong>audierunt,</strong></span> <span class='ocrx_word' id='word_1_689' title='bbox 2921 3288 3023 3327; x_wconf 90' lang='lat' dir='ltr'><strong>non</strong></span> <span class='ocrx_word' id='word_1_690' title='bbox 3051 3272 3120 3326; x_wconf 88' lang='lat' dir='ltr'><strong>ita</strong></span> <span class='ocrx_word' id='word_1_691' title='bbox 3151 3269 3484 3339; x_wconf 86' lang='lat' dir='ltr'><strong>impudenter</strong></span> <span class='ocrx_word' id='word_1_692' title='bbox 3512 3282 3634 3321; x_wconf 89' lang='lat' dir='ltr'><strong>cum</strong></span> 
     </span>
    </p>
   </div>
   <div class='ocr_carea' id='block_1_93' title="bbox 2072 3358 3635 3431">
    <p class='ocr_par' dir='ltr' id='par_1_93' title="bbox 2072 3358 3635 3431">
     <span class='ocr_line' id='line_1_94' title="bbox 2072 3358 3635 3431; baseline -0.011 -5"><span class='ocrx_word' id='word_1_693' title='bbox 2072 3370 2443 3426; x_wconf 90' lang='lat' dir='ltr'><strong>meretricibus</strong></span> <span class='ocrx_word' id='word_1_694' title='bbox 2487 3378 2545 3423; x_wconf 94' lang='lat' dir='ltr'><strong>ut</strong></span> <span class='ocrx_word' id='word_1_695' title='bbox 2588 3382 2707 3423; x_wconf 91' lang='lat' dir='ltr'><strong>cum</strong></span> <span class='ocrx_word' id='word_1_696' title='bbox 2736 3364 3160 3421; x_wconf 89' lang='lat' dir='ltr'><strong>adolescentibus</strong></span> <span class='ocrx_word' id='word_1_697' title='bbox 3200 3358 3635 3431; x_wconf 88' lang='lat' dir='ltr'><strong>congrediuntur.</strong></span> 
     </span>
    </p>
   </div>
   <div class='ocr_carea' id='block_1_94' title="bbox 2072 3450 3642 3531">
    <p class='ocr_par' dir='ltr' id='par_1_94' title="bbox 2072 3450 3642 3531">
     <span class='ocr_line' id='line_1_95' title="bbox 2072 3450 3642 3531; baseline -0.011 -14"><span class='ocrx_word' id='word_1_698' title='bbox 2072 3463 2204 3518; x_wconf 91' lang='lat' dir='ltr'><strong>Nam</strong></span> <span class='ocrx_word' id='word_1_699' title='bbox 2229 3463 2379 3531; x_wconf 91' lang='lat' dir='ltr'><strong>quasi</strong></span> <span class='ocrx_word' id='word_1_700' title='bbox 2404 3460 2645 3514; x_wconf 90' lang='lat' dir='ltr'><strong>homines</strong></span> <span class='ocrx_word' id='word_1_701' title='bbox 2671 3473 2775 3512; x_wconf 92' lang='lat' dir='ltr'><strong>non</strong></span> <span class='ocrx_word' id='word_1_702' title='bbox 2804 3457 2932 3523; x_wconf 88' lang='lat' dir='ltr'><strong>sint,</strong></span> <span class='ocrx_word' id='word_1_703' title='bbox 2961 3470 3129 3523; x_wconf 90' lang='lat' dir='ltr'><strong>neque</strong></span> <span class='ocrx_word' id='word_1_704' title='bbox 3154 3450 3479 3520; x_wconf 90' lang='lat' dir='ltr'><strong>providentia</strong></span> <span class='ocrx_word' id='word_1_705' title='bbox 3506 3462 3642 3517; x_wconf 79' lang='lat' dir='ltr'><strong>pra:-</strong></span> 
     </span>
    </p>
   </div>
   <div class='ocr_carea' id='block_1_95' title="bbox 2072 3540 3639 3618">
    <p class='ocr_par' dir='ltr' id='par_1_95' title="bbox 2072 3540 3639 3618">
     <span class='ocr_line' id='line_1_96' title="bbox 2072 3540 3639 3618; baseline -0.011 -9"><span class='ocrx_word' id='word_1_706' title='bbox 2072 3554 2143 3609; x_wconf 89' lang='lat' dir='ltr'><strong>sit</strong></span> <span class='ocrx_word' id='word_1_707' title='bbox 2182 3553 2342 3607; x_wconf 84' lang='lat' dir='ltr'><strong>rebus</strong></span> <span class='ocrx_word' id='word_1_708' title='bbox 2368 3550 2613 3606; x_wconf 87' lang='lat' dir='ltr'><strong>humanis</strong></span> <span class='ocrx_word' id='word_1_709' title='bbox 2640 3549 2811 3618; x_wconf 90' lang='lat' dir='ltr'><strong>deque</strong></span> <span class='ocrx_word' id='word_1_710' title='bbox 2837 3547 2985 3601; x_wconf 88' lang='lat' dir='ltr'><strong>factis</strong></span> <span class='ocrx_word' id='word_1_711' title='bbox 3008 3544 3228 3614; x_wconf 89' lang='lat' dir='ltr'><strong>judicet,</strong></span> <span class='ocrx_word' id='word_1_712' title='bbox 3257 3541 3349 3597; x_wconf 92' lang='lat' dir='ltr'><strong>sed</strong></span> <span class='ocrx_word' id='word_1_713' title='bbox 3379 3540 3529 3611; x_wconf 88' lang='lat' dir='ltr'><strong>quasi</strong></span> <span class='ocrx_word' id='word_1_714' title='bbox 3560 3548 3639 3593; x_wconf 90' lang='lat' dir='ltr'><strong>te-</strong></span> 
     </span>
    </p>
   </div>
   <div class='ocr_carea' id='block_1_96' title="bbox 2074 3630 3643 3709">
    <p class='ocr_par' dir='ltr' id='par_1_96' title="bbox 2074 3630 3643 3709">
     <span class='ocr_line' id='line_1_97' title="bbox 2074 3630 3643 3709; baseline -0.01 -9"><span class='ocrx_word' id='word_1_715' title='bbox 2074 3644 2255 3700; x_wconf 90' lang='lat' dir='ltr'><strong>nebris</strong></span> <span class='ocrx_word' id='word_1_716' title='bbox 2299 3652 2487 3697; x_wconf 89' lang='lat' dir='ltr'><strong>cuncta</strong></span> <span class='ocrx_word' id='word_1_717' title='bbox 2532 3638 2933 3709; x_wconf 88' lang='lat' dir='ltr'><strong>occupantibus,</strong></span> <span class='ocrx_word' id='word_1_718' title='bbox 2977 3635 3229 3704; x_wconf 92' lang='lat' dir='ltr'><strong>nulloque</strong></span> <span class='ocrx_word' id='word_1_719' title='bbox 3267 3633 3384 3688; x_wconf 70' lang='lat' dir='ltr'><strong>haec</strong></span> <span class='ocrx_word' id='word_1_720' title='bbox 3428 3630 3643 3684; x_wconf 83' lang='lat' dir='ltr'><strong>vidente</strong></span> 
     </span>
    </p>
   </div>
   <div class='ocr_carea' id='block_1_97' title="bbox 2073 3721 3639 3797">
    <p class='ocr_par' dir='ltr' id='par_1_97' title="bbox 2073 3721 3639 3797">
     <span class='ocr_line' id='line_1_98' title="bbox 2073 3721 3639 3797; baseline -0.01 -7"><span class='ocrx_word' id='word_1_721' title='bbox 2073 3738 2157 3792; x_wconf 88' lang='lat' dir='ltr'><strong>vel</strong></span> <span class='ocrx_word' id='word_1_722' title='bbox 2182 3734 2450 3797; x_wconf 85' lang='lat' dir='ltr'><strong>audiente,</strong></span> <span class='ocrx_word' id='word_1_723' title='bbox 2483 3734 2561 3787; x_wconf 91' lang='lat' dir='ltr'><strong>sic</strong></span> <span class='ocrx_word' id='word_1_724' title='bbox 2586 3732 2761 3784; x_wconf 90' lang='lat' dir='ltr'><strong>omnia</strong></span> <span class='ocrx_word' id='word_1_725' title='bbox 2782 3738 2836 3785; x_wconf 93' lang='lat' dir='ltr'><strong>et</strong></span> <span class='ocrx_word' id='word_1_726' title='bbox 2860 3744 2980 3783; x_wconf 89' lang='lat' dir='ltr'><strong>cum</strong></span> <span class='ocrx_word' id='word_1_727' title='bbox 3018 3734 3160 3783; x_wconf 88' lang='lat' dir='ltr'><strong>tanta</strong></span> <span class='ocrx_word' id='word_1_728' title='bbox 3189 3723 3394 3779; x_wconf 88' lang='lat' dir='ltr'><strong>insania</strong></span> <span class='ocrx_word' id='word_1_729' title='bbox 3421 3721 3639 3777; x_wconf 78' lang='lat' dir='ltr'><strong>audent.</strong></span> 
     </span>
    </p>
   </div>
   <div class='ocr_carea' id='block_1_98' title="bbox 2074 3814 3643 3891">
    <p class='ocr_par' dir='ltr' id='par_1_98' title="bbox 2074 3814 3643 3891">
     <span class='ocr_line' id='line_1_99' title="bbox 2074 3814 3643 3891; baseline -0.011 -9"><span class='ocrx_word' id='word_1_730' title='bbox 2074 3829 2390 3882; x_wconf 82' lang='lat' dir='ltr'><strong>Vitiatorum</strong></span> <span class='ocrx_word' id='word_1_731' title='bbox 2417 3833 2591 3878; x_wconf 89' lang='lat' dir='ltr'><strong>autem</strong></span> <span class='ocrx_word' id='word_1_732' title='bbox 2614 3835 2897 3891; x_wconf 90' lang='lat' dir='ltr'><strong>puerorum</strong></span> <span class='ocrx_word' id='word_1_733' title='bbox 2924 3827 3103 3889; x_wconf 86' lang='lat' dir='ltr'><strong>patres</strong></span> <span class='ocrx_word' id='word_1_734' title='bbox 3125 3817 3240 3870; x_wconf 58' lang='lat' dir='ltr'><strong>haec</strong></span> <span class='ocrx_word' id='word_1_735' title='bbox 3258 3814 3418 3868; x_wconf 88' lang='lat' dir='ltr'><strong>tacite</strong></span> <span class='ocrx_word' id='word_1_736' title='bbox 3446 3814 3643 3877; x_wconf 88' lang='lat' dir='ltr'><strong>ferunt,</strong></span> 
     </span>
    </p>
   </div>
   <div class='ocr_carea' id='block_1_99' title="bbox 2078 3910 3644 3979">
    <p class='ocr_par' dir='ltr' id='par_1_99' title="bbox 2078 3910 3644 3979">
     <span class='ocr_line' id='line_1_100' title="bbox 2078 3910 3644 3979; baseline -0.004 -12"><span class='ocrx_word' id='word_1_737' title='bbox 2078 3928 2180 3968; x_wconf 90' lang='lat' dir='ltr'><strong>nec</strong></span> <span class='ocrx_word' id='word_1_738' title='bbox 2206 3929 2388 3968; x_wconf 90' lang='lat' dir='ltr'><strong>secum</strong></span> <span class='ocrx_word' id='word_1_739' title='bbox 2413 3913 2553 3966; x_wconf 83' lang='lat' dir='ltr'><strong>ﬁlios</strong></span> <span class='ocrx_word' id='word_1_740' title='bbox 2572 3921 2715 3967; x_wconf 84' lang='lat' dir='ltr'><strong>terra</strong></span> <span class='ocrx_word' id='word_1_741' title='bbox 2737 3913 2998 3975; x_wconf 90' lang='lat' dir='ltr'><strong>obruunt,</strong></span> <span class='ocrx_word' id='word_1_742' title='bbox 3021 3927 3120 3966; x_wconf 85' lang='lat' dir='ltr'><strong>nec</strong></span> <span class='ocrx_word' id='word_1_743' title='bbox 3141 3910 3286 3979; x_wconf 93' lang='lat' dir='ltr'><strong>quod</strong></span> <span class='ocrx_word' id='word_1_744' title='bbox 3307 3924 3469 3977; x_wconf 91' lang='lat' dir='ltr'><strong>quam</strong></span> <span class='ocrx_word' id='word_1_745' title='bbox 3491 3916 3644 3961; x_wconf 87' lang='lat' dir='ltr'><strong>tanto</strong></span> 
     </span>
    </p>
   </div>
   <div class='ocr_carea' id='block_1_100' title="bbox 2079 3996 3645 4072">
    <p class='ocr_par' dir='ltr' id='par_1_100' title="bbox 2079 3996 3645 4072">
     <span class='ocr_line' id='line_1_101' title="bbox 2079 3996 3645 4072; baseline -0.003 -16"><span class='ocrx_word' id='word_1_746' title='bbox 2079 4004 2221 4057; x_wconf 92' lang='lat' dir='ltr'><strong>malo</strong></span> <span class='ocrx_word' id='word_1_747' title='bbox 2246 4004 2542 4057; x_wconf 91' lang='lat' dir='ltr'><strong>remedium</strong></span> <span class='ocrx_word' id='word_1_748' title='bbox 2569 4011 2837 4072; x_wconf 68' lang='lat' dir='ltr'><strong>quaerunt.</strong></span> <span class='ocrx_word' id='word_1_749' title='bbox 2868 4004 2937 4055; x_wconf 81' lang='lat' dir='ltr'><strong>At</strong></span> <span class='ocrx_word' id='word_1_750' title='bbox 2964 4001 3106 4056; x_wconf 90' lang='lat' dir='ltr'><strong>enim</strong></span> <span class='ocrx_word' id='word_1_751' title='bbox 3129 4000 3175 4055; x_wconf 92' lang='lat' dir='ltr'><strong>si</strong></span> <span class='ocrx_word' id='word_1_752' title='bbox 3199 4001 3251 4052; x_wconf 93' lang='lat' dir='ltr'><strong>in</strong></span> <span class='ocrx_word' id='word_1_753' title='bbox 3273 3999 3526 4053; x_wconf 81' lang='lat' dir='ltr'><strong>exsilium</strong></span> <span class='ocrx_word' id='word_1_754' title='bbox 3550 3996 3645 4051; x_wconf 90' lang='lat' dir='ltr'><strong>ab-</strong></span> 
     </span>
    </p>
   </div>
   <div class='ocr_carea' id='block_1_101' title="bbox 2079 4088 3641 4160">
    <p class='ocr_par' dir='ltr' id='par_1_101' title="bbox 2079 4088 3641 4160">
     <span class='ocr_line' id='line_1_102' title="bbox 2079 4088 3641 4160; baseline -0.004 -11"><span class='ocrx_word' id='word_1_755' title='bbox 2079 4094 2312 4149; x_wconf 91' lang='lat' dir='ltr'><strong>ducendi</strong></span> <span class='ocrx_word' id='word_1_756' title='bbox 2335 4101 2517 4148; x_wconf 89' lang='lat' dir='ltr'><strong>essent</strong></span> <span class='ocrx_word' id='word_1_757' title='bbox 2548 4094 2664 4157; x_wconf 81' lang='lat' dir='ltr'><strong>f‘tlii,</strong></span> <span class='ocrx_word' id='word_1_758' title='bbox 2690 4102 2747 4146; x_wconf 91' lang='lat' dir='ltr'><strong>ut</strong></span> <span class='ocrx_word' id='word_1_759' title='bbox 2767 4094 2834 4145; x_wconf 89' lang='lat' dir='ltr'><strong>ab</strong></span> <span class='ocrx_word' id='word_1_760' title='bbox 2856 4092 2959 4148; x_wconf 90' lang='lat' dir='ltr'><strong>hac</strong></span> <span class='ocrx_word' id='word_1_761' title='bbox 2980 4099 3131 4160; x_wconf 88' lang='lat' dir='ltr'><strong>peste</strong></span> <span class='ocrx_word' id='word_1_762' title='bbox 3168 4090 3556 4153; x_wconf 85' lang='lat' dir='ltr'><strong>liberarentur,</strong></span> <span class='ocrx_word' id='word_1_763' title='bbox 3592 4088 3641 4142; x_wconf 89' lang='lat' dir='ltr'><strong>si</strong></span> 
     </span>
    </p>
   </div>
   <div class='ocr_carea' id='block_1_102' title="bbox 2079 4180 3642 4251">
    <p class='ocr_par' dir='ltr' id='par_1_102' title="bbox 2079 4180 3642 4251">
     <span class='ocr_line' id='line_1_103' title="bbox 2079 4180 3642 4251; baseline -0.007 -7"><span class='ocrx_word' id='word_1_764' title='bbox 2079 4191 2135 4245; x_wconf 92' lang='lat' dir='ltr'><strong>in</strong></span> <span class='ocrx_word' id='word_1_765' title='bbox 2152 4200 2321 4250; x_wconf 89' lang='lat' dir='ltr'><strong>mare,</strong></span> <span class='ocrx_word' id='word_1_766' title='bbox 2340 4185 2385 4239; x_wconf 90' lang='lat' dir='ltr'><strong>si</strong></span> <span class='ocrx_word' id='word_1_767' title='bbox 2403 4185 2457 4238; x_wconf 93' lang='lat' dir='ltr'><strong>in</strong></span> <span class='ocrx_word' id='word_1_768' title='bbox 2479 4185 2709 4248; x_wconf 89' lang='lat' dir='ltr'><strong>insulas,</strong></span> <span class='ocrx_word' id='word_1_769' title='bbox 2727 4185 2773 4238; x_wconf 90' lang='lat' dir='ltr'><strong>si</strong></span> <span class='ocrx_word' id='word_1_770' title='bbox 2791 4182 3367 4251; x_wconf 43' lang='lat' dir='ltr'><strong>interramjdesertam,</strong></span> <span class='ocrx_word' id='word_1_771' title='bbox 3388 4180 3433 4235; x_wconf 89' lang='lat' dir='ltr'><strong>si</strong></span> <span class='ocrx_word' id='word_1_772' title='bbox 3453 4180 3507 4233; x_wconf 92' lang='lat' dir='ltr'><strong>in</strong></span> <span class='ocrx_word' id='word_1_773' title='bbox 3522 4194 3642 4234; x_wconf 89' lang='lat' dir='ltr'><strong>eam</strong></span> 
     </span>
    </p>
   </div>
   <div class='ocr_carea' id='block_1_103' title="bbox 2078 4275 3654 4351">
    <p class='ocr_par' dir='ltr' id='par_1_103' title="bbox 2078 4275 3654 4351">
     <span class='ocr_line' id='line_1_104' title="bbox 2078 4275 3654 4351; baseline -0.005 -18"><span class='ocrx_word' id='word_1_774' title='bbox 2078 4294 2200 4351; x_wconf 68' lang='lat' dir='ltr'><strong>quae</strong></span> <span class='ocrx_word' id='word_1_775' title='bbox 2240 4278 2379 4332; x_wconf 85' lang='lat' dir='ltr'><strong>ultra</strong></span> <span class='ocrx_word' id='word_1_776' title='bbox 2419 4292 2521 4332; x_wconf 90' lang='lat' dir='ltr'><strong>nos</strong></span> <span class='ocrx_word' id='word_1_777' title='bbox 2559 4282 2644 4331; x_wconf 89' lang='lat' dir='ltr'><strong>est</strong></span> <span class='ocrx_word' id='word_1_778' title='bbox 2685 4275 2834 4329; x_wconf 92' lang='lat' dir='ltr'><strong>orbis</strong></span> <span class='ocrx_word' id='word_1_779' title='bbox 2867 4284 3107 4341; x_wconf 88' lang='lat' dir='ltr'><strong>partem,</strong></span> <span class='ocrx_word' id='word_1_780' title='bbox 3142 4288 3321 4326; x_wconf 93' lang='lat' dir='ltr'><strong>nonne</strong></span> <span class='ocrx_word' id='word_1_781' title='bbox 3365 4278 3654 4341; x_wconf 48' lang='lat' dir='ltr'><strong>Oporteret,</strong></span> 
     </span>
    </p>
   </div>
   <div class='ocr_carea' id='block_1_104' title="bbox 2080 4363 3644 4440">
    <p class='ocr_par' dir='ltr' id='par_1_104' title="bbox 2080 4363 3644 4440">
     <span class='ocr_line' id='line_1_105' title="bbox 2080 4363 3644 4440; baseline -0.008 -13"><span class='ocrx_word' id='word_1_782' title='bbox 2080 4374 2263 4428; x_wconf 88' lang='lat' dir='ltr'><strong>omnia</strong></span> <span class='ocrx_word' id='word_1_783' title='bbox 2286 4370 2463 4425; x_wconf 83' lang='lat' dir='ltr'><strong>facere</strong></span> <span class='ocrx_word' id='word_1_784' title='bbox 2482 4378 2535 4424; x_wconf 92' lang='lat' dir='ltr'><strong>et</strong></span> <span class='ocrx_word' id='word_1_785' title='bbox 2552 4370 2779 4440; x_wconf 87' lang='lat' dir='ltr'><strong>perpeti,</strong></span> <span class='ocrx_word' id='word_1_786' title='bbox 2802 4385 2867 4422; x_wconf 92' lang='lat' dir='ltr'><strong>ne</strong></span> <span class='ocrx_word' id='word_1_787' title='bbox 2891 4366 3203 4436; x_wconf 88' lang='lat' dir='ltr'><strong>hujusmodi</strong></span> <span class='ocrx_word' id='word_1_788' title='bbox 3223 4366 3421 4434; x_wconf 77' lang='lat' dir='ltr'><strong>ﬂagitia</strong></span> <span class='ocrx_word' id='word_1_789' title='bbox 3446 4363 3644 4418; x_wconf 88' lang='lat' dir='ltr'><strong>admit-</strong></span> 
     </span>
    </p>
   </div>
   <div class='ocr_carea' id='block_1_105' title="bbox 2082 4456 3642 4525">
    <p class='ocr_par' dir='ltr' id='par_1_105' title="bbox 2082 4456 3642 4525">
     <span class='ocr_line' id='line_1_106' title="bbox 2082 4456 3642 4525; baseline -0.004 -10"><span class='ocrx_word' id='word_1_790' title='bbox 2082 4461 2360 4517; x_wconf 82' lang='lat' dir='ltr'><strong>terentur?</strong></span> <span class='ocrx_word' id='word_1_791' title='bbox 2398 4459 2558 4514; x_wconf 90' lang='lat' dir='ltr'><strong>Certe</strong></span> <span class='ocrx_word' id='word_1_792' title='bbox 2600 4461 2646 4514; x_wconf 91' lang='lat' dir='ltr'><strong>si</strong></span> <span class='ocrx_word' id='word_1_793' title='bbox 2691 4459 2987 4513; x_wconf 85' lang='lat' dir='ltr'><strong>insalubris</strong></span> <span class='ocrx_word' id='word_1_794' title='bbox 3034 4468 3180 4511; x_wconf 89' lang='lat' dir='ltr'><strong>esset</strong></span> <span class='ocrx_word' id='word_1_795' title='bbox 3219 4457 3372 4510; x_wconf 91' lang='lat' dir='ltr'><strong>locus</strong></span> <span class='ocrx_word' id='word_1_796' title='bbox 3405 4456 3642 4525; x_wconf 89' lang='lat' dir='ltr'><strong>aliquis,</strong></span> 
     </span>
    </p>
   </div>
   <div class='ocr_carea' id='block_1_106' title="bbox 2084 4543 3646 4617">
    <p class='ocr_par' dir='ltr' id='par_1_106' title="bbox 2084 4543 3646 4617">
     <span class='ocr_line' id='line_1_107' title="bbox 2084 4543 3646 4617; baseline -0.007 -11"><span class='ocrx_word' id='word_1_797' title='bbox 2084 4568 2264 4606; x_wconf 90' lang='lat' dir='ltr'><strong>nonne</strong></span> <span class='ocrx_word' id='word_1_798' title='bbox 2283 4550 2407 4605; x_wconf 77' lang='lat' dir='ltr'><strong>inde</strong></span> <span class='ocrx_word' id='word_1_799' title='bbox 2422 4549 2559 4603; x_wconf 89' lang='lat' dir='ltr'><strong>iilios</strong></span> <span class='ocrx_word' id='word_1_800' title='bbox 2573 4556 3003 4617; x_wconf 89' lang='lat' dir='ltr'><strong>asportaremus,</strong></span> <span class='ocrx_word' id='word_1_801' title='bbox 3019 4546 3395 4601; x_wconf 85' lang='lat' dir='ltr'><strong>etiamsilucra</strong></span> <span class='ocrx_word' id='word_1_802' title='bbox 3408 4543 3646 4614; x_wconf 85' lang='lat' dir='ltr'><strong>ingentia</strong></span> 
     </span>
    </p>
   </div>
   <div class='ocr_carea' id='block_1_107' title="bbox 2084 4636 3648 4713">
    <p class='ocr_par' dir='ltr' id='par_1_107' title="bbox 2084 4636 3648 4713">
     <span class='ocr_line' id='line_1_108' title="bbox 2084 4636 3648 4713; baseline -0.007 -13"><span class='ocrx_word' id='word_1_803' title='bbox 2084 4646 2158 4700; x_wconf 90' lang='lat' dir='ltr'><strong>ibi</strong></span> <span class='ocrx_word' id='word_1_804' title='bbox 2187 4642 2578 4713; x_wconf 88' lang='lat' dir='ltr'><strong>consequuturi</strong></span> <span class='ocrx_word' id='word_1_805' title='bbox 2616 4649 2839 4704; x_wconf 91' lang='lat' dir='ltr'><strong>essent,</strong></span> <span class='ocrx_word' id='word_1_806' title='bbox 2864 4640 3075 4694; x_wconf 83' lang='lat' dir='ltr'><strong>etiamsi</strong></span> <span class='ocrx_word' id='word_1_807' title='bbox 3106 4640 3309 4710; x_wconf 89' lang='lat' dir='ltr'><strong>optima</strong></span> <span class='ocrx_word' id='word_1_808' title='bbox 3341 4636 3648 4692; x_wconf 81' lang='lat' dir='ltr'><strong>valetudine</strong></span> 
     </span>
    </p>
   </div>
   <div class='ocr_carea' id='block_1_108' title="bbox 2086 4731 3650 4808">
    <p class='ocr_par' dir='ltr' id='par_1_108' title="bbox 2086 4731 3650 4808">
     <span class='ocr_line' id='line_1_109' title="bbox 2086 4731 3650 4808; baseline -0.006 -17"><span class='ocrx_word' id='word_1_809' title='bbox 2086 4734 2425 4808; x_wconf 88' lang='lat' dir='ltr'><strong>potirentur?</strong></span> <span class='ocrx_word' id='word_1_810' title='bbox 2446 4734 2600 4787; x_wconf 85' lang='lat' dir='ltr'><strong>Nunc</strong></span> <span class='ocrx_word' id='word_1_811' title='bbox 2616 4742 2795 4791; x_wconf 84' lang='lat' dir='ltr'><strong>autem</strong></span> <span class='ocrx_word' id='word_1_812' title='bbox 2820 4747 2944 4786; x_wconf 89' lang='lat' dir='ltr'><strong>cum</strong></span> <span class='ocrx_word' id='word_1_813' title='bbox 2970 4740 3118 4785; x_wconf 86' lang='lat' dir='ltr'><strong>tanta</strong></span> <span class='ocrx_word' id='word_1_814' title='bbox 3135 4732 3254 4785; x_wconf 91' lang='lat' dir='ltr'><strong>lues</strong></span> <span class='ocrx_word' id='word_1_815' title='bbox 3280 4731 3461 4783; x_wconf 91' lang='lat' dir='ltr'><strong>omnia</strong></span> <span class='ocrx_word' id='word_1_816' title='bbox 3486 4742 3650 4783; x_wconf 88' lang='lat' dir='ltr'><strong>occu-</strong></span> 
     </span>
    </p>
   </div>
   <div class='ocr_carea' id='block_1_109' title="bbox 2089 4821 3649 4900">
    <p class='ocr_par' dir='ltr' id='par_1_109' title="bbox 2089 4821 3649 4900">
     <span class='ocr_line' id='line_1_110' title="bbox 2089 4821 3649 4900; baseline -0.006 -18"><span class='ocrx_word' id='word_1_817' title='bbox 2089 4837 2179 4900; x_wconf 86' lang='lat' dir='ltr'><strong>pet</strong></span> <span class='ocrx_word' id='word_1_818' title='bbox 2208 4844 2315 4882; x_wconf 92' lang='lat' dir='ltr'><strong>non</strong></span> <span class='ocrx_word' id='word_1_819' title='bbox 2345 4827 2504 4881; x_wconf 91' lang='lat' dir='ltr'><strong>modo</strong></span> <span class='ocrx_word' id='word_1_820' title='bbox 2531 4840 2627 4879; x_wconf 92' lang='lat' dir='ltr'><strong>eos</strong></span> <span class='ocrx_word' id='word_1_821' title='bbox 2660 4824 2729 4878; x_wconf 91' lang='lat' dir='ltr'><strong>ad</strong></span> <span class='ocrx_word' id='word_1_822' title='bbox 2756 4825 3013 4883; x_wconf 85' lang='lat' dir='ltr'><strong>barathra</strong></span> <span class='ocrx_word' id='word_1_823' title='bbox 3052 4824 3340 4890; x_wconf 87' lang='lat' dir='ltr'><strong>trahimus,</strong></span> <span class='ocrx_word' id='word_1_824' title='bbox 3367 4823 3463 4876; x_wconf 91' lang='lat' dir='ltr'><strong>sed</strong></span> <span class='ocrx_word' id='word_1_825' title='bbox 3486 4823 3531 4875; x_wconf 92' lang='lat' dir='ltr'><strong>si</strong></span> <span class='ocrx_word' id='word_1_826' title='bbox 3554 4821 3649 4890; x_wconf 88' lang='lat' dir='ltr'><strong>qui</strong></span> 
     </span>
    </p>
   </div>
   <div class='ocr_carea' id='block_1_110' title="bbox 2091 4915 3673 4991">
    <p class='ocr_par' dir='ltr' id='par_1_110' title="bbox 2091 4915 3673 4991">
     <span class='ocr_line' id='line_1_111' title="bbox 2091 4915 3673 4991; baseline -0.007 -13"><span class='ocrx_word' id='word_1_827' title='bbox 2091 4926 2211 4978; x_wconf 89' lang='lat' dir='ltr'><strong>illos</strong></span> <span class='ocrx_word' id='word_1_828' title='bbox 2232 4924 2443 4991; x_wconf 89' lang='lat' dir='ltr'><strong>eripere</strong></span> <span class='ocrx_word' id='word_1_829' title='bbox 2488 4920 2690 4984; x_wconf 88' lang='lat' dir='ltr'><strong>velint,</strong></span> <span class='ocrx_word' id='word_1_830' title='bbox 2746 4934 2841 4973; x_wconf 92' lang='lat' dir='ltr'><strong>eos</strong></span> <span class='ocrx_word' id='word_1_831' title='bbox 2878 4927 2940 4972; x_wconf 92' lang='lat' dir='ltr'><strong>ut</strong></span> <span class='ocrx_word' id='word_1_832' title='bbox 2979 4926 3328 4987; x_wconf 89' lang='lat' dir='ltr'><strong>corruptores</strong></span> <span class='ocrx_word' id='word_1_833' title='bbox 3374 4915 3673 4984; x_wconf 45' lang='lat' dir='ltr'><strong>pellimus,</strong></span> 
     </span>
    </p>
   </div>
   <div class='ocr_carea' id='block_1_111' title="bbox 2092 5006 3655 5081">
    <p class='ocr_par' dir='ltr' id='par_1_111' title="bbox 2092 5006 3655 5081">
     <span class='ocr_line' id='line_1_112' title="bbox 2092 5006 3655 5081; baseline -0.008 -12"><span class='ocrx_word' id='word_1_834' title='bbox 2092 5016 2304 5081; x_wconf 87' lang='lat' dir='ltr'><strong>Quanta</strong></span> <span class='ocrx_word' id='word_1_835' title='bbox 2323 5016 2401 5067; x_wconf 88' lang='lat' dir='ltr'><strong>ira</strong></span> <span class='ocrx_word' id='word_1_836' title='bbox 2419 5013 2627 5076; x_wconf 67' lang='lat' dir='ltr'><strong>isthaac,</strong></span> <span class='ocrx_word' id='word_1_837' title='bbox 2642 5011 2860 5081; x_wconf 87' lang='lat' dir='ltr'><strong>quantis</strong></span> <span class='ocrx_word' id='word_1_838' title='bbox 2877 5008 3195 5063; x_wconf 90' lang='lat' dir='ltr'><strong>fulminibus</strong></span> <span class='ocrx_word' id='word_1_839' title='bbox 3208 5009 3370 5077; x_wconf 83' lang='lat' dir='ltr'><strong>digna</strong></span> <span class='ocrx_word' id='word_1_840' title='bbox 3381 5022 3492 5060; x_wconf 79' lang='lat' dir='ltr'><strong>non</strong></span> <span class='ocrx_word' id='word_1_841' title='bbox 3505 5006 3655 5060; x_wconf 76' lang='lat' dir='ltr'><strong>sunt?</strong></span> 
     </span>
    </p>
   </div>
   <div class='ocr_carea' id='block_1_112' title="bbox 2091 5099 3656 5179">
    <p class='ocr_par' dir='ltr' id='par_1_112' title="bbox 2091 5099 3656 5179">
     <span class='ocr_line' id='line_1_113' title="bbox 2091 5099 3656 5179; baseline -0.008 -17"><span class='ocrx_word' id='word_1_842' title='bbox 2091 5106 2526 5179; x_wconf 86' lang='lat' dir='ltr'><strong>quandoquidem</strong></span> <span class='ocrx_word' id='word_1_843' title='bbox 2541 5106 2776 5176; x_wconf 91' lang='lat' dir='ltr'><strong>linguam</strong></span> <span class='ocrx_word' id='word_1_844' title='bbox 2793 5105 2925 5174; x_wconf 91' lang='lat' dir='ltr'><strong>ipsis</strong></span> <span class='ocrx_word' id='word_1_845' title='bbox 2942 5120 3034 5172; x_wconf 90' lang='lat' dir='ltr'><strong>per</strong></span> <span class='ocrx_word' id='word_1_846' title='bbox 3044 5113 3320 5157; x_wconf 84' lang='lat' dir='ltr'><strong>externam</strong></span> <span class='ocrx_word' id='word_1_847' title='bbox 3334 5099 3656 5169; x_wconf 88' lang='lat' dir='ltr'><strong>sapientiam</strong></span> 
     </span>
    </p>
   </div>
   <div class='ocr_carea' id='block_1_113' title="bbox 2088 5178 3661 5277">
    <p class='ocr_par' dir='ltr' id='par_1_113' title="bbox 2088 5178 3661 5277">
     <span class='ocr_line' id='line_1_114' title="bbox 2088 5178 3661 5277; baseline -0.02 -16"><span class='ocrx_word' id='word_1_848' title='bbox 2088 5205 2355 5277; x_wconf 89' lang='lat' dir='ltr'><strong>perpolire</strong></span> <span class='ocrx_word' id='word_1_849' title='bbox 2386 5199 2679 5263; x_wconf 78' lang='lat' dir='ltr'><strong>studemus,</strong></span> <span class='ocrx_word' id='word_1_850' title='bbox 2720 5194 2949 5248; x_wconf 87' lang='lat' dir='ltr'><strong>anitnam</strong></span> <span class='ocrx_word' id='word_1_851' title='bbox 2994 5202 3129 5243; x_wconf 86' lang='lat' dir='ltr'><strong>vero</strong></span> <span class='ocrx_word' id='word_1_852' title='bbox 3168 5185 3367 5253; x_wconf 86' lang='lat' dir='ltr'><strong>inipso</strong></span> <span class='ocrx_word' id='word_1_853' title='bbox 3391 5178 3661 5249; x_wconf 71' lang='lat' dir='ltr'><strong>spurcitia:</strong></span> 
     </span>
    </p>
   </div>
   <div class='ocr_carea' id='block_1_114' title="bbox 2089 5269 3660 5364">
    <p class='ocr_par' dir='ltr' id='par_1_114' title="bbox 2089 5269 3660 5364">
     <span class='ocr_line' id='line_1_115' title="bbox 2089 5269 3660 5364; baseline -0.02 -10"><span class='ocrx_word' id='word_1_854' title='bbox 2089 5313 2244 5353; x_wconf 70' lang='lat' dir='ltr'><strong>caeno</strong></span> <span class='ocrx_word' id='word_1_855' title='bbox 2268 5296 2557 5364; x_wconf 89' lang='lat' dir='ltr'><strong>jacentem,</strong></span> <span class='ocrx_word' id='word_1_856' title='bbox 2581 5287 2904 5355; x_wconf 89' lang='lat' dir='ltr'><strong>omninoque</strong></span> <span class='ocrx_word' id='word_1_857' title='bbox 2929 5286 3344 5353; x_wconf 86' lang='lat' dir='ltr'><strong>putrescentem,</strong></span> <span class='ocrx_word' id='word_1_858' title='bbox 3374 5287 3478 5327; x_wconf 90' lang='lat' dir='ltr'><strong>non</strong></span> <span class='ocrx_word' id='word_1_859' title='bbox 3502 5269 3660 5325; x_wconf 93' lang='lat' dir='ltr'><strong>modo</strong></span> 
     </span>
    </p>
   </div>
   <div class='ocr_carea' id='block_1_115' title="bbox 2090 5360 3660 5459">
    <p class='ocr_par' dir='ltr' id='par_1_115' title="bbox 2090 5360 3660 5459">
     <span class='ocr_line' id='line_1_116' title="bbox 2090 5360 3660 5459; baseline -0.021 -14"><span class='ocrx_word' id='word_1_860' title='bbox 2090 5360 2432 5459; x_wconf 79' lang='lat' dir='ltr'><strong>deSpicitnus,</strong></span> <span class='ocrx_word' id='word_1_861' title='bbox 2478 5382 2573 5437; x_wconf 90' lang='lat' dir='ltr'><strong>sed</strong></span> <span class='ocrx_word' id='word_1_862' title='bbox 2600 5381 2761 5435; x_wconf 89' lang='lat' dir='ltr'><strong>etiam</strong></span> <span class='ocrx_word' id='word_1_863' title='bbox 2798 5387 3087 5443; x_wconf 76' lang='lat' dir='ltr'><strong>exsurgere</strong></span> <span class='ocrx_word' id='word_1_864' title='bbox 3114 5369 3379 5423; x_wconf 89' lang='lat' dir='ltr'><strong>volentem</strong></span> <span class='ocrx_word' id='word_1_865' title='bbox 3406 5360 3660 5434; x_wconf 83' lang='lat' dir='ltr'><strong>prohibe-</strong></span> 
     </span>
    </p>
   </div>
   <div class='ocr_carea' id='block_1_116' title="bbox 2092 5456 3663 5545">
    <p class='ocr_par' dir='ltr' id='par_1_116' title="bbox 2092 5456 3663 5545">
     <span class='ocr_line' id='line_1_117' title="bbox 2092 5456 3663 5545; baseline -0.02 -9"><span class='ocrx_word' id='word_1_866' title='bbox 2092 5456 2231 5537; x_wconf 84' lang='lat' dir='ltr'><strong>mus.</strong></span> <span class='ocrx_word' id='word_1_867' title='bbox 2280 5478 2415 5532; x_wconf 91' lang='lat' dir='ltr'><strong>Num</strong></span> <span class='ocrx_word' id='word_1_868' title='bbox 2466 5475 2583 5545; x_wconf 91' lang='lat' dir='ltr'><strong>quis</strong></span> <span class='ocrx_word' id='word_1_869' title='bbox 2633 5470 2807 5526; x_wconf 85' lang='lat' dir='ltr'><strong>adhuc</strong></span> <span class='ocrx_word' id='word_1_870' title='bbox 2846 5467 3024 5521; x_wconf 89' lang='lat' dir='ltr'><strong>dicere</strong></span> <span class='ocrx_word' id='word_1_871' title='bbox 3060 5463 3397 5530; x_wconf 56' lang='lat' dir='ltr'><strong>ausit.posse</strong></span> <span class='ocrx_word' id='word_1_872' title='bbox 3436 5456 3663 5509; x_wconf 89' lang='lat' dir='ltr'><strong>salutem</strong></span> 
     </span>
    </p>
   </div>
   <div class='ocr_carea' id='block_1_117' title="bbox 2093 5545 3665 5639">
    <p class='ocr_par' dir='ltr' id='par_1_117' title="bbox 2093 5545 3665 5639">
     <span class='ocr_line' id='line_1_118' title="bbox 2093 5545 3665 5639; baseline -0.018 -13"><span class='ocrx_word' id='word_1_873' title='bbox 2093 5570 2347 5639; x_wconf 89' lang='lat' dir='ltr'><strong>consequi</strong></span> <span class='ocrx_word' id='word_1_874' title='bbox 2400 5582 2514 5630; x_wconf 88' lang='lat' dir='ltr'><strong>eos,</strong></span> <span class='ocrx_word' id='word_1_875' title='bbox 2544 5563 2632 5633; x_wconf 91' lang='lat' dir='ltr'><strong>qui</strong></span> <span class='ocrx_word' id='word_1_876' title='bbox 2683 5561 2736 5615; x_wconf 90' lang='lat' dir='ltr'><strong>in</strong></span> <span class='ocrx_word' id='word_1_877' title='bbox 2782 5559 2944 5614; x_wconf 89' lang='lat' dir='ltr'><strong>tantis</strong></span> <span class='ocrx_word' id='word_1_878' title='bbox 2992 5555 3145 5610; x_wconf 89' lang='lat' dir='ltr'><strong>malis</strong></span> <span class='ocrx_word' id='word_1_879' title='bbox 3187 5545 3503 5605; x_wconf 72' lang='lat' dir='ltr'><strong>versantur’</strong></span> <span class='ocrx_word' id='word_1_880' title='bbox 3552 5546 3665 5608; x_wconf 82' lang='lat' dir='ltr'><strong>Qua</strong></span> 
     </span>
    </p>
   </div>
   <div class='ocr_carea' id='block_1_118' title="bbox 2094 5634 3668 5727">
    <p class='ocr_par' dir='ltr' id='par_1_118' title="bbox 2094 5634 3668 5727">
     <span class='ocr_line' id='line_1_119' title="bbox 2094 5634 3668 5727; baseline -0.018 -8"><span class='ocrx_word' id='word_1_881' title='bbox 2094 5634 2339 5720; x_wconf 78' lang='lat' dir='ltr'><strong>ratione?</strong></span> <span class='ocrx_word' id='word_1_882' title='bbox 2365 5660 2604 5727; x_wconf 86' lang='lat' dir='ltr'><strong>Namque</strong></span> <span class='ocrx_word' id='word_1_883' title='bbox 2634 5655 2691 5719; x_wconf 92' lang='lat' dir='ltr'><strong>ii,</strong></span> <span class='ocrx_word' id='word_1_884' title='bbox 2722 5650 2813 5722; x_wconf 86' lang='lat' dir='ltr'><strong>qui</strong></span> <span class='ocrx_word' id='word_1_885' title='bbox 2849 5649 3180 5705; x_wconf 86' lang='lat' dir='ltr'><strong>exoletorum</strong></span> <span class='ocrx_word' id='word_1_886' title='bbox 3223 5642 3489 5697; x_wconf 89' lang='lat' dir='ltr'><strong>vesaniam</strong></span> <span class='ocrx_word' id='word_1_887' title='bbox 3537 5634 3668 5691; x_wconf 83' lang='lat' dir='ltr'><strong>effu-</strong></span> 
     </span>
    </p>
   </div>
   <div class='ocr_carea' id='block_1_119' title="bbox 2096 5725 3669 5827">
    <p class='ocr_par' dir='ltr' id='par_1_119' title="bbox 2096 5725 3669 5827">
     <span class='ocr_line' id='line_1_120' title="bbox 2096 5725 3669 5827; baseline -0.023 -15"><span class='ocrx_word' id='word_1_888' title='bbox 2096 5763 2305 5827; x_wconf 86' lang='lat' dir='ltr'><strong>gerunt,</strong></span> <span class='ocrx_word' id='word_1_889' title='bbox 2352 5750 2443 5822; x_wconf 90' lang='lat' dir='ltr'><strong>qui</strong></span> <span class='ocrx_word' id='word_1_890' title='bbox 2490 5725 2643 5818; x_wconf 80' lang='lat' dir='ltr'><strong>pauci</strong></span> <span class='ocrx_word' id='word_1_891' title='bbox 2673 5759 2802 5799; x_wconf 85' lang='lat' dir='ltr'><strong>sane</strong></span> <span class='ocrx_word' id='word_1_892' title='bbox 2840 5755 3063 5797; x_wconf 90' lang='lat' dir='ltr'><strong>numero</strong></span> <span class='ocrx_word' id='word_1_893' title='bbox 3092 5744 3233 5798; x_wconf 87' lang='lat' dir='ltr'><strong>sunt,</strong></span> <span class='ocrx_word' id='word_1_894' title='bbox 3286 5743 3499 5786; x_wconf 88' lang='lat' dir='ltr'><strong>amores</strong></span> <span class='ocrx_word' id='word_1_895' title='bbox 3546 5725 3669 5780; x_wconf 87' lang='lat' dir='ltr'><strong>illos</strong></span> 
     </span>
    </p>
   </div>
   <div class='ocr_carea' id='block_1_120' title="bbox 2100 5818 3674 5914">
    <p class='ocr_par' dir='ltr' id='par_1_120' title="bbox 2100 5818 3674 5914">
     <span class='ocr_line' id='line_1_121' title="bbox 2100 5818 3674 5914; baseline -0.022 -10"><span class='ocrx_word' id='word_1_896' title='bbox 2100 5818 2387 5913; x_wconf 62' lang='lat' dir='ltr'><strong>violentos,</strong></span> <span class='ocrx_word' id='word_1_897' title='bbox 2425 5841 2517 5914; x_wconf 85' lang='lat' dir='ltr'><strong>qui</strong></span> <span class='ocrx_word' id='word_1_898' title='bbox 2561 5838 2740 5897; x_wconf 82' lang='lat' dir='ltr'><strong>omnia</strong></span> <span class='ocrx_word' id='word_1_899' title='bbox 2786 5838 3154 5903; x_wconf 85' lang='lat' dir='ltr'><strong>corrumpunt,</strong></span> <span class='ocrx_word' id='word_1_900' title='bbox 3183 5822 3419 5898; x_wconf 79' lang='lat' dir='ltr'><strong>pecunia:</strong></span> <span class='ocrx_word' id='word_1_901' title='bbox 3463 5818 3674 5884; x_wconf 80' lang='lat' dir='ltr'><strong>scilicet</strong></span> 
     </span>
    </p>
   </div>
  </div>
