4116 6392
441 393 551 453 £63

443 519 497 564 et
525 507 728 578 gloriae,
755 520 862 559 non
892 501 1146 572 effugiunt
1165 519 1177 554 :
1199 500 1376 568 plures
1403 507 1580 550 autem
1595 502 1651 548 et
1674 491 1758 546 his
1783 490 1931 559 ipsis,
1959 495 2014 542 et

446 613 548 651 una
565 594 840 664 impudicis
855 591 1126 647 amoribus
1143 588 1508 644 vehementius
1529 583 1765 655 oppressi
1779 580 2014 636 detinen-

451 698 556 741 tur.
576 685 773 741 Deinde
785 700 902 739 cum
917 684 1035 738 illos
1051 683 1319 736 literarum
1334 679 1521 733 studiis
1533 678 1742 731 tradere
1754 675 2015 734 volumus,

460 795 564 832 non
591 787 792 832 tantum
823 792 884 832 ea
921 791 1038 846 quae
1062 775 1186 829 huic
1217 770 1533 827 institutioni
1557 767 1773 824 officere
1799 773 2020 838 possunt

450 869 761 932 auferimus,
790 868 881 923 sed
902 883 1019 937 quze
1039 868 1203 936 ipsam
1217 865 1404 936 juvare
1419 871 1644 935 possunt
1663 873 1976 930 apparamus
2001 871 2016 920 ;

453 961 767 1030 paedagogos
806 969 860 1015 et
891 959 1168 1029 magistros
1210 958 1340 1028 ipsis
1370 969 1745 1026 procuramus,
1773 951 2022 1021 pecunias

453 1053 824 1122 expendimus,
854 1061 1012 1122 atque
1040 1066 1068 1104 a
1095 1050 1302 1107 caeteris
1326 1051 1485 1104 rebus
1505 1048 1668 1101 otium
1686 1041 2020 1115 praestamus,

457 1159 520 1198 ac
547 1145 890 1214 frequentius,
925 1158 1081 1212 quam
1119 1140 1424 1211 pmdotribze
1458 1139 1509 1192 in
1535 1135 1824 1208 Olympicis
1847 1139 2020 1188 Certa-

455 1236 688 1290 minibus
717 1234 1070 1289 vociferantes
1098 1275 1111 1297 ,
1143 1238 1506 1302 paupertatem
1536 1243 1693 1298 quam
1735 1221 2020 1294 imperitia,

456 1327 812 1397 divitiasquas
827 1327 1054 1381 eruditio
1071 1325 1223 1379 affert
1240 1322 1572 1385 exhibemus,
1593 1318 1725 1373 nihil
1741 1333 1845 1371 non
1867 1330 2027 1384 agen-

458 1429 540 1474 tes
560 1435 619 1475 ac
636 1420 890 1485 dicentes,
929 1429 983 1473 et
1018 1428 1200 1472 nostro
1229 1426 1282 1471 et
1303 1416 1525 1469 aliorum
1551 1425 1819 1475 sermone,
1849 1417 1905 1461 ut
1933 1422 2026 1461 eos

460 1512 528 1567 ad
565 1512 723 1566 ﬁnem
766 1520 925 1566 tanta:
955 1509 1326 1566 Sollicitudinis
1355 1508 1726 1578 perducamus,
1757 1517 1928 1572 neque
1952 1501 2030 1555 sic

461 1604 648 1658 crebro
668 1605 773 1657 voti
790 1612 1060 1673 compotes
1081 1601 1344 1655 efficimur
1371 1616 1384 1652 :
1409 1613 1616 1652 morum
1641 1611 1768 1651 vero
1792 1593 2028 1664 probita-

464 1705 595 1761 tem,
627 1707 682 1749 ct
707 1695 945 1750 honestae
974 1695 1096 1748 vitm
1135 1708 1316 1747 curam
1357 1692 1496 1744 ultro
1526 1690 1654 1759 ipsis
1684 1688 2030 1742 obventuram

462 1786 784 1856 putabimus,
817 1800 936 1838 cum
977 1785 1206 1838 maxime
1255 1792 1330 1836 tot
1379 1791 1628 1850 tantaque
1668 1781 1792 1843 sint,
1821 1791 1938 1846 qua:
1967 1776 2032 1829 il-

465 1881 570 1934 lam
601 1879 931 1948 impediant?
958 1877 1159 1946 Ecquid
1183 1876 1281 1930 hac
1309 1874 1636 1928 absurditate
1663 1871 1898 1926 deterius
1921 1867 2033 1922 fue-

465 1973 553 2033 rit,
581 1970 629 2024 id
660 1970 796 2039 quod
823 1970 1028 2024 facilius
1050 1978 1131 2023 est
1158 1964 1208 2022 in
1237 1983 1427 2038 magno
1454 1966 1626 2035 pretio
1654 1963 1849 2018 habere
1875 2002 1889 2024 ,
1925 1969 2030 2034 tam

467 2063 692 2117 sollicite
726 2063 989 2131 persequi,
1032 2061 1182 2130 quasi
1230 2075 1334 2114 non
1359 2059 1518 2112 liccat
1548 2055 1694 2110 aliud
1734 2053 1889 2107 aliter
1913 2051 2034 2104 adi-

469 2154 625 2223 pisci,
656 2155 793 2222 quod
821 2163 996 2206 autem
1021 2151 1174 2221 longe
1196 2149 1467 2205 difficilius
1495 2157 1595 2213 est,
1618 2147 1718 2200 hoc
1743 2144 1896 2200 nobis
1915 2142 2040 2196 dor-

471 2243 763 2297 mientibus
793 2243 1139 2296 obventurum
1166 2256 1284 2294 esse
1323 2248 1528 2309 putare,
1561 2237 1709 2306 quasi
1735 2233 1928 2303 aliquid
1959 2233 2038 2286 vi.

471 2334 541 2390 lis
569 2335 722 2405 pretii
751 2343 801 2388 et
829 2333 973 2403 parvi
999 2331 1300 2387 momenti?
1328 2328 1665 2396 PhiloSOphia
1693 2326 1886 2396 quippe
1921 2323 2039 2376 ani.

473 2440 574 2479 ma:
595 2424 864 2477 literarum
889 2423 1216 2476 institutione
1238 2430 1384 2475 tanto
1409 2418 1674 2473 difficilior
1693 2426 1747 2471 et
1767 2413 2042 2484 operosior

472 2525 575 2580 est,
623 2523 820 2584 quanto
862 2513 1129 2568 difficilius
1175 2522 1258 2567 est
1301 2512 1493 2575 facere,
1539 2524 1696 2578 quam
1737 2507 1935 2571 dicere,
1990 2511 2044 2559 et

474 2617 672 2677 quanto
697 2620 856 2674 opera
882 2614 1004 2659 sunt
1027 2603 1364 2658 sermonibus
1393 2599 1760 2655 laboriosiora.

549 2702 602 2752 ει.
642 2695 978 2765 Philosophia
998 2696 1098 2748 sive
1127 2707 1322 2748 morum
1340 2692 1586 2746 institutio
1605 2706 1753 2759 quam
1765 2686 2044 2741 necessaria

482 2787 870 2855 sit.—Ecquid,
899 2788 1102 2856 inquies
1129 2785 1461 2856 philosophia
1479 2793 1533 2838 et
1559 2781 1870 2836 accuratiori
1890 2779 2044 2833 insti-

481 2880 683 2935 tutione
713 2880 831 2933 ﬁliis
854 2879 1048 2932 nostris
1076 2878 1250 2946 Opus?
1276 2876 1408 2930 Illud
1450 2876 1590 2930 enim
1616 2915 1631 2940 ,
1659 2873 1787 2928 illud
1824 2872 2044 2926 omnino

481 2980 562 3023 est
586 2970 724 3039 quod
750 2970 923 3023 omnia
951 2969 1201 3038 perdidit,
1222 2967 1360 3038 quod
1386 2981 1472 3020 res
1493 2970 1562 3019 ita
1590 2965 1910 3028 necessaria,
1929 2978 2047 3032 qua:

479 3063 640 3115 vitam
665 3062 934 3115 contineat
963 3067 1219 3124 nostram,
1249 3055 1518 3127 superflua
1544 3065 1598 3110 et
1621 3057 1792 3108 otiosa
1818 3069 1936 3108 esse
1960 3053 2043 3106 vi-

481 3152 688 3207 deatur.
719 3149 874 3206 Certe
904 3153 947 3204 si
973 3151 1091 3220 quis
1113 3150 1282 3203 ﬁlium
1311 3148 1446 3202 mala
1475 3148 1713 3216 corporis
1746 3145 2046 3200 valetudine

481 3243 808 3296 laborantem
857 3242 1066 3306 viderit,
1109 3256 1393 3310 numquam
1419 3240 1559 3294 dicet
1601 3257 1613 3292 :
1645 3237 1782 3304 Quid
1815 3237 1886 3290 illi
1915 3251 2048 3305 Opus

484 3333 622 3385 bona
666 3341 720 3386 et
759 3331 910 3386 ﬁrma
959 3332 1300 3386 valetudine?
1337 3331 1430 3386 sed
1477 3331 1654 3385 omnia
1695 3328 1964 3393 molictur,
1994 3335 2052 3380 ut

484 3422 622 3477 bona
648 3424 896 3478 valetudo
933 3424 1004 3478 ita
1051 3424 1149 3492 ipsi
1177 3407 1509 3488 restituatur,
1543 3433 1599 3475 ut
1626 3420 1842 3474 morbus
1868 3427 2051 3488 postea

484 3534 590 3572 non
623 3519 822 3574 redeat.
851 3520 1041 3574 Anima
1064 3535 1191 3574 vero
1222 3526 1532 3587 aegrotante,
1563 3515 1695 3569 nihil
1718 3515 1866 3567 aiunt
1893 3527 2049 3567 cura-

485 3611 628 3665 tione
651 3626 784 3680 epus
810 3627 950 3676 esse,
984 3613 1172 3682 hisque
1197 3612 1421 3688 prolatis
1447 3611 1622 3663 verbis
1665 3618 1839 3678 patres
1867 3623 1925 3662 se
1950 3622 2048 3661 vo-

486 3717 609 3757 care
633 3703 846 3757 audent.
874 3704 1009 3770 Quid
1041 3703 1238 3773 igitur?
1271 3704 1418 3756 aiunt
1443 3720 1456 3766 ;
1487 3700 2050 3771 philosophabimurne

486 3807 690 3858 omnes,
722 3802 775 3847 et
817 3795 993 3848 omnia
1023 3811 1142 3863 qua:
1177 3793 1242 3846 ad
1270 3793 1521 3847 sreculum
1564 3799 1806 3860 Spectant
1842 3805 2053 3858 pessum

489 3885 676 3936 ibunt?
702 3883 817 3938 Non
846 3886 914 3938 ita
947 3899 1190 3953 prorsus.
1216 3883 1447 3937 virorum
1480 3884 1679 3951 optime
1703 3925 1717 3945 ,
1749 3897 1853 3936 non
1884 3881 2054 3951 philo-

489 3973 698 4042 sophia,
726 3975 818 4028 sed
846 3973 1197 4043 philosophiae
1217 3975 1390 4041 inopia
1413 3973 1588 4026 omnia
1617 3972 1846 4041 perdidit
1872 3981 1926 4026 et
1945 3985 2056 4025 cor-

489 4065 652 4132 rupit.
703 4064 951 4132 Quinam,
1004 4080 1204 4134 quaeso,
1261 4073 1575 4134 prmsentem
1631 4080 1804 4117 rerum
1858 4071 2056 4117 statum

490 4157 880 4224 corrumpunt?
907 4158 1052 4210 illine
1077 4159 1165 4227 qui
1197 4157 1466 4211 moderate
1496 4166 1552 4211 et
1574 4157 1736 4226 probe
1763 4156 1959 4219 vivunt,
1989 4169 2056 4208 an

489 4249 576 4315 qui
621 4264 786 4302 novos
828 4259 882 4304 et
924 4250 1134 4319 iniquos
1163 4252 1459 4319 excogitant
1489 4249 1798 4304 deliciarum
1821 4247 2053 4302 modos?

493 4339 582 4406 qui
611 4355 697 4394 res
725 4342 960 4394 omnium
989 4342 1088 4396 sibi
1115 4356 1387 4395 assumere
1415 4343 1656 4394 nituntur
1679 4382 1693 4403 ,
1736 4356 1801 4393 an
1829 4341 1916 4409 qui
1944 4339 2056 4393 suis

491 4432 723 4483 contenti
758 4432 926 4485 sunt?
953 4433 1041 4502 qui
1080 4433 1489 4486 domesticorum
1520 4431 1806 4500 phalangas
1838 4430 2053 4497 habent,

488 4528 542 4572 ct
565 4529 953 4576 assentatorum
986 4525 1000 4554 ι
1029 4537 1230 4577 cuneos
1256 4522 1657 4577 circumducunt
1685 4563 1699 4588 ,
1729 4535 1797 4574 an
1821 4520 1910 4590 qui
1938 4535 2054 4574 ser-

488 4625 613 4665 vum
637 4628 797 4666 unum
826 4613 925 4667 sibi
957 4615 1084 4666 satis
1103 4629 1220 4668 esse
1246 4613 1608 4668 arbitrantur?
1633 4613 1891 4682 (nondum
1913 4612 2053 4666 enim

489 4702 556 4757 de
599 4718 842 4772 suprema
889 4704 1219 4775 pliiloSOphia
1264 4706 1471 4773 loquor,
1515 4703 1607 4759 sed
1645 4705 1711 4758 de
1756 4703 1865 4766 illa,
1898 4718 2056 4772 quam

488 4791 700 4860 plurimi
731 4794 878 4848 adire
909 4805 1159 4862 possunt:
1188 4793 1210 4867 )
1242 4795 1388 4850 illine
1424 4796 1511 4863 qui
1556 4794 1770 4848 humani
1798 4809 1861 4848 ac
1904 4811 2055 4847 man-

491 4883 624 4936 sueti
655 4893 798 4948 sunt,
832 4885 1288 4954 multitudinisqne
1317 4885 1574 4939 honorem
1605 4901 1709 4938 non
1737 4891 1960 4950 curant,
1993 4900 2058 4937 an

491 4974 549 5038 ii,
579 4975 669 5043 qui
698 4976 955 5030 honorem
988 4976 1102 5044 plus
1144 4992 1300 5045 quam
1341 4991 1500 5031 omne
1539 4976 1774 5031 debitum
1817 4977 2056 5044 exigunt,

491 5066 889 5135 innumerisque
915 5067 1297 5120 calamitatibus
1322 5067 1557 5121 afﬁciunt
1574 5083 1698 5122 eum
1722 5067 1813 5136 qui
1843 5083 1945 5120 non
1971 5082 2056 5120 as—

489 5167 690 5227 surgat,
719 5174 824 5211 non
870 5159 1075 5228 primus
1099 5159 1315 5222 salutet,
1348 5176 1450 5214 non
1481 5176 1540 5214 se
1570 5161 1806 5223 inclinet,
1839 5168 2056 5214 cuncta-

489 5262 593 5315 que
622 5263 895 5301 servorum
927 5249 1181 5318 obsequia
1215 5265 1322 5318 prae
1350 5265 1407 5304 se
1452 5251 1618 5305 ferat?
1646 5251 1735 5320 qui
1761 5252 1933 5304 alieno
1960 5252 2060 5304 im-

487 5340 638 5408 perio
659 5354 848 5408 parere
869 5351 1076 5404 curant,
1109 5357 1176 5395 an
1206 5342 1293 5412 qui
1320 5343 1656 5412 magistratus
1685 5342 2056 5411 przefecturas-

490 5447 594 5500 que
636 5440 837 5497 amant,
881 5442 934 5486 et
965 5433 1063 5486 hac
1107 5433 1175 5488 de
1211 5449 1268 5487 re
1305 5434 1481 5487 omnia
1515 5433 1742 5488 libenter
1770 5433 1968 5487 faciunt
1996 5447 2058 5486 ac

488 5522 765 5591 patiuntur
783 5520 811 5576 2"
830 5525 918 5592 qui
948 5537 1007 5578 se
1031 5525 1267 5579 omnium
1290 5527 1516 5595 optimos
1543 5540 1663 5580 esse
1689 5525 1890 5591 dicunt,
1922 5524 2059 5578 ideo—

489 5626 594 5680 que
623 5614 798 5667 omnia
825 5614 1003 5669 dicere
1028 5617 1276 5670 etfacere
1300 5617 1400 5672 sibi
1431 5617 1592 5672 licere
1614 5616 1958 5680 arbitrantur,
1986 5630 2053 5669 an

554 5747 572 5778 ί
587 5752 720 5818 pnus
738 5746 891 5795 codex
913 5747 1078 5810 habet,
1102 5752 1446 5800 assentatorum
1481 5754 1525 5800 et
1550 5747 1887 5811 parasitorum,
1913 5752 1964 5798 et
1985 5747 2055 5797 sic

487 5803 633 5855 Savil.
654 5809 703 5856 in
726 5820 961 5871 margine.

1144 382 1200 438 S.
1239 379 1515 438 JOANNIS
1549 369 2019 433 CHRYSOSTOMI
2046 365 2359 423 ARCHIEP.
2391 363 2917 422 CONSTANTINOP,

3580 358 3692 414 33!.

2121 486 2210 556 qui
2256 499 2314 538 se
2358 483 2558 538 ultimis
2586 490 2969 546 annumerant,
3001 488 3055 534 et
3094 479 3170 534 sic
3194 478 3410 534 brutam
3437 475 3689 532 vitiorum

2122 576 2406 645 potentiam
2428 574 2687 642 castigant
2705 573 2728 626 ?
2745 574 2835 641 qui
2859 570 3164 641 splendidas
3183 575 3500 625 construunt
3521 567 3682 632 mdes,

2123 675 2177 720 et
2200 666 2367 718 lautas
2410 671 2681 733 apponunt
2721 651 2950 723 mensas.
2985 677 3049 716 an
3076 661 3164 730 qui
3201 667 3256 714 et
3280 659 3400 714 cibo
3425 667 3480 714 et
3506 657 3684 711 domi—

2123 759 2244 813 cilio
2284 756 2509 825 simplici
2541 754 2776 809 contenti
2804 753 2934 806 nihil
2981 751 3210 820 amplius
3238 746 3559 819 requirunt?
3596 747 3690 816 qui

2125 848 2398 901 innumera
2423 853 2578 899 terrae
2604 842 3006 911 sulcantjngera
3032 882 3046 904 ,
3076 856 3140 893 an
3167 839 3254 909 qui
3283 854 3348 892 ne
3373 838 3537 906 glebae
3563 838 3689 905 qui-

2125 937 2247 991 dem
2283 936 2436 989 unius
2456 934 2843 1003 possessionem
2869 931 2966 984 sibi
2986 928 3340 984 necessariam
3363 923 3696 981 existimant!

2126 1027 2215 1096 qui
2240 1025 2443 1080 faenora
2474 1023 2766 1079 frenet-ibus
2793 1023 3104 1091 adjicientes
3138 1019 3372 1089 iniquam
3413 1017 3702 1086 cujuslibet

2128 1116 2434 1172 commercii
2465 1116 2604 1170 viam
2646 1114 2865 1177 adeunt,
2897 1128 2963 1166 an
3011 1112 3102 1181 qui
3141 1111 3348 1179 iniquas
3397 1106 3702 1176 hujusmodi

2130 1208 2462 1280 syngraphas
2501 1207 2824 1274 discerpunt,
2857 1219 3026 1274 exque
3060 1201 3399 1256 facultatibus
3434 1200 3543 1256 suis
3568 1214 3700 1268 ege-

2131 1315 2232 1356 nos
2261 1298 2482 1354 fovent?
2507 1298 2593 1367 qui
2624 1296 2862 1350 mortalis
2897 1305 3100 1348 natura:
3141 1293 3398 1346 vilitatem
3447 1289 3701 1345 conside-

2132 1401 2254 1448 rant
2277 1434 2290 1455 ,
2321 1409 2387 1447 an
2417 1393 2506 1462 qui
2538 1392 2588 1445 id
2631 1406 2698 1446 ne
2741 1391 2876 1444 scire
2905 1387 3117 1458 quidem
3144 1385 3346 1449 volunt,
3377 1382 3470 1437 sed
3501 1380 3702 1452 ingenti

2133 1501 2226 1539 sua
2253 1483 2572 1554 arrogantia,
2601 1497 2659 1536 se
2687 1481 2929 1534 homines
2947 1478 3251 1533 existimare
3280 1473 3589 1530 desierunt?
3612 1472 3707 1542 qui

2134 1575 2441 1629 meretrices
2477 1574 2644 1638 alunt,
2675 1572 2980 1640 alienasque
3005 1569 3214 1638 nuptias
3243 1566 3505 1637 polluunt,
3531 1578 3596 1618 an
3612 1562 3708 1633 qui

2135 1683 2163 1719 a
2197 1667 2408 1736 propria
2454 1665 2612 1720 etiam
2644 1678 2807 1718 uxore
2839 1661 3148 1716 abstinent?
3175 1659 3362 1714 Nonne
3388 1657 3460 1712 illi
3491 1655 3708 1726 quidem

2137 1758 2296 1812 veluti
2329 1766 2563 1811 tumores
2593 1754 2803 1823 corpori
2829 1753 3076 1821 ventique
3103 1735 3492 1805 furentesmari
3520 1747 3713 1799 adver-

2139 1865 2230 1906 sus
2284 1857 2485 1904 rectam
2536 1847 2682 1904 Orbis
2728 1846 3113 1901 institutionem
3160 1828 3458 1912 insurgunt,
3495 1853 3714 1909 perque

2147 1958 2299 1998 suam
2330 1940 2789 2009 intemperantiam
2822 1953 2917 1993 eos
2946 1979 2961 2003 ,
2988 1937 3076 2006 qui
3098 1935 3328 1996 salutem
3356 1931 3587 1988 nancisci
3611 1945 3712 1999 po-

2142 2041 2330 2097 terant,
2359 2032 2410 2084 in
2441 2029 2951 2098 fluctus'conjiciuut
2976 2044 2990 2094 ;
3017 2028 3070 2082 hi
3100 2041 3229 2082 vero
3258 2034 3522 2094 tamquam
3548 2021 3716 2091 lumi-

2141 2126 2287 2179 naria
2334 2125 2386 2178 in
2417 2121 2690 2193 profundis
2736 2120 2967 2176 tenebris
3012 2119 3278 2184 micantia,
3306 2130 3426 2182 eos,
3454 2115 3543 2184 qui
3574 2129 3718 2168 nau-

2142 2217 2308 2288 fragio
2349 2216 2576 2286 proximi
2612 2215 2665 2269 in
2697 2213 2871 2270 medio
2896 2220 3215 2276 versantur,
3261 2207 3328 2264 ad
3374 2207 3718 2264 securitatem

2144 2318 2386 2374 evocant,
2419 2317 2473 2364 et
2502 2305 2850 2378 philosophiae
2880 2304 3021 2359 taces
3061 2305 3112 2358 in
3143 2302 3358 2359 sublimi
3384 2301 3502 2356 loco
3527 2298 3719 2370 procul

2145 2415 2394 2456 accensas
2423 2407 2709 2470 ponentes,
2739 2399 2815 2451 sic
2838 2411 2932 2452 eos
2957 2396 3046 2466 qui
3074 2395 3338 2450 voluerint
3362 2394 3429 2448 ad
3452 2391 3719 2461 tranquil-

2145 2491 2252 2546 lum
2293 2500 2504 2560 portum
2533 2488 2845 2544 deducunt?
2887 2485 3322 2555 Nonnepropter
3347 2483 3466 2538 illos
3491 2481 3719 2536 seditio-

2147 2597 2262 2648 nes,
2293 2581 2450 2646 bella,
2489 2595 2692 2651 pugnae,
2725 2578 2935 2633 urbium
2973 2576 3200 2642 excidia,
3232 2573 3463 2638 vincula,
3490 2573 3724 2627 servitu-

2148 2682 2248 2738 tes,
2279 2672 2641 2741 captivitates,
2669 2668 2842 2724 caades
2881 2678 2936 2721 et
2979 2667 3256 2726 innumera
3295 2663 3472 2720 smculi
3494 2661 3631 2716 mala
3664 2659 3726 2713 '?

2148 2781 2252 2820 non
2277 2774 2477 2818 tantum
2503 2778 2584 2827 ea,
2618 2776 2734 2831 qua:
2762 2775 2857 2829 per
2887 2759 3128 2813 homines
3147 2756 3453 2813 beininibus
3480 2753 3724 2808 inferun-

2150 2868 2255 2920 tur,
2286 2857 2378 2911 sed
2403 2857 2562 2911 etiam
2597 2870 2681 2918 ea,
2711 2867 2829 2926 qua:
2853 2851 2920 2905 de
2942 2851 3076 2905 caelo
3094 2850 3331 2913 veniunt,
3353 2856 3412 2902 ut
3433 2847 3727 2910 siccitates,

2151 2948 2396 3003 imbrium
2445 2943 2800 3004 exundantire,
2835 2951 2992 2996 terrae
3027 2949 3224 3006 motus,
3279 2938 3469 3001 ruinae,
3511 2936 3726 2990 urbium

2151 3039 2535 3104 demersiunes,
2559 3017 2746 3099 fames,
2768 3045 2942 3103 pestes
2968 3033 3178 3102 aliaque
3193 3030 3389 3094 omnia,
3418 3043 3534 3099 qua:
3563 3027 3722 3082 nobis

2149 3134 2353 3189 caelitus
2377 3130 2765 3200 immittuntur?

2225 3228 2313 3283 ‘10.
2354 3227 2510 3297 Leges
2553 3235 2601 3278 ct
2643 3222 2891 3294 supplicia
2915 3219 3204 3290 reipublicae
3230 3214 3530 3271 necessaria.
3555 3240 3628 3253 --
3654 3211 3722 3265 Hi

2155 3321 2334 3389 itaque
2359 3327 2512 3383 sunt,
2535 3309 2622 3386 qui
2659 3311 3038 3382 rempublicam
3063 3317 3327 3372 evertunt,
3355 3307 3538 3375 reique
3581 3319 3733 3358 com-

2155 3412 2300 3466 muni
2347 3418 2546 3480 pestem
2579 3405 2812 3460 inferunt
2852 3422 2864 3458 :
2903 3402 2957 3457 hi
2977 3403 3092 3457 aliis
3133 3401 3531 3457 innumerarum
3582 3397 3731 3450 cala-

2155 3505 2398 3558 mitatum
2439 3514 2596 3555 causa
2645 3507 2800 3561 sunt,
2851 3496 2942 3566 qui
2995 3495 3120 3549 vine
3167 3491 3410 3562 quietiori
3456 3487 3732 3545 studentes

2157 3595 2491 3666 perturbant,
2541 3592 2773 3660 undique
2816 3587 3146 3659 pertrahunt,
3191 3595 3252 3640 et-
3287 3582 3540 3636 dilaniant
3578 3598 3591 3634 :
3634 3579 3736 3634 ho-

2156 3703 2272 3742 rum
2304 3701 2461 3740 causa
2507 3683 2781 3745 tribunalia
2811 3688 2934 3734 sunt
2957 3723 2970 3743 ,
3003 3679 3166 3748 leges,
3215 3676 3459 3737 mulctae,
3509 3682 3560 3728 et
3599 3673 3734 3727 varii

2158 3777 2532 3847 suppliciorum
2582 3773 2723 3827 modi
2781 3791 2792 3824 :
2844 3787 2905 3828 ac
2945 3766 3386 3840 quemadmodum
3433 3765 3486 3820 in
3529 3765 3732 3830 domo,

2159 3868 2248 3923 ubi
2310 3867 2454 3921 multi
2492 3865 2673 3935 jaceat
2732 3862 2960 3926 inﬁrmi,
3019 3858 3312 3914 incolumes
3362 3869 3491 3911 vero
3536 3845 3731 3924 pauci,

2159 3968 2214 4014 et
2259 3957 2606 4013 medicamina
2651 3963 2705 4009 et
2765 3953 2996 4007 medicos
3036 3949 3338 4018 complures
3375 3946 3554 4002 videas
3586 3987 3603 4012 ,
3655 3960 3738 4000 su:

2161 4060 2213 4106 et
2269 4051 2320 4104 in
2347 4048 2478 4124 orbe
2516 4056 2628 4101 toto
2671 4044 2812 4098 nulla
2849 4058 2978 4113 gens
3017 4049 3098 4096 est
3134 4082 3147 4105 ,
3193 4039 3336 4093 nulla
3387 4038 3601 4103 civitas,
3642 4036 3738 4089 ubi

2162 4157 2265 4196 non
2306 4141 2484 4196 multze
2537 4139 2680 4208 leges
2715 4135 2821 4190 sint
2852 4177 2866 4202 ,
2929 4133 3081 4190 multi
3130 4133 3465 4202 magistratus
3503 4171 3518 4195 ,
3570 4130 3738 4183 multa

2162 4233 2435 4302 supplicia.
2456 4231 2638 4300 Neque
2657 4228 2798 4284 enim
2821 4227 2935 4296 ipsa
2955 4242 3048 4296 per
3069 4239 3127 4280 se
3147 4223 3493 4278 medicamina
3516 4231 3740 4290 possunt

2161 4341 2360 4395 mgrum
2388 4324 2612 4392 erigere,
2638 4321 2734 4374 nisi
2761 4319 2935 4374 adsint
2955 4318 3043 4386 qui
3070 4319 3343 4385 imponant
3367 4316 3453 4369 illa
3480 4331 3494 4379 ;
3528 4313 3578 4366 Ιιὶ
3608 4329 3740 4367 vero

2162 4427 2284 4473 sunt
2308 4417 2533 4486 iudices,
2557 4413 2646 4484 qui
2673 4427 2862 4482 mgros,
2893 4411 3058 4465 velint
3089 4409 3295 4473 nolint,
3319 4406 3383 4462 ad
3419 4405 3736 4464 medicinam

2162 4505 2520 4577 accipiendam
2546 4513 2756 4575 cogunt.
2783 4503 3031 4558 Attamen
3056 4500 3125 4554 ita
3153 4498 3370 4552 morbus
3395 4496 3639 4559 obtinuit,
3673 4505 3734 4547 ut

2163 4599 2329 4667 ipsam
2359 4596 2684 4651 medicorum
2710 4602 2876 4647 artem
2902 4598 3135 4661 superet,
3160 4589 3406 4658 ipsosque
3431 4585 3635 4654 judiccs
3656 4583 3739 4637 iu-

2163 4677 2392 4748 vas‘erit';
2415 4687 2745 4756 idipsumque
2767 4683 3043 4752 contingit,
3066 4695 3130 4736 ac
3153 4682 3199 4736 si
3221 4681 3339 4750 quis
3361 4678 3515 4743 febri,
3547 4676 3740 4732 morbo

2164 4781 2408 4834 intercuti
2436 4821 2450 4842 ,
2492 4777 2888 4844 innumerisque
2927 4773 3044 4827 aliis
3085 4770 3416 4842 gravioribus
3458 4776 3740 4836 correptus

2165 4871 2572 4929 inﬁrmitatibus.
2603 4869 2738 4924 mala
2769 4867 2979 4937 quidem
3024 4865 3236 4933 propria
3279 4877 3381 4916 non
3423 4868 3736 4929 superaret,

2164 4963 2258 5017 sed
2283 4961 2414 5014 alios
2433 5001 2447 5025 ,
2479 4960 2568 5029 qui
2599 4957 2785 5014 iisdem
2815 4954 3164 5010 incommodis
3205 4951 3546 5014 laborarent,
3577 4951 3644 5005 ab
3669 4949 3741 5003 iis

2165 5054 2371 5120 eripere
2397 5049 2653 5106 studeret.
2686 5045 2957 5115 Siquidem
2987 5043 3237 5112 nequitia:
3266 5041 3476 5105 ﬂuctus,
3504 5055 3602 5094 ccu
3628 5049 3740 5094 tor-

2165 5159 2290 5199 rens
2314 5185 2328 5205 ,
2357 5143 2595 5197 obicibus
2624 5139 2848 5196 sublatis
2875 5135 3122 5191 omnibus
3152 5135 3204 5188 in
3235 5135 3493 5188 humanos
3531 5132 3742 5186 animos

2164 5239 2510 5292 vehementer
2535 5233 2729 5289 effusus
2749 5241 2849 5286 est.
2883 5228 3083 5298 Ecquid
3102 5228 3288 5298 loquor
3312 5226 3378 5280 de
3399 5233 3558 5279 rectm
3588 5224 3742 5277 insti-

2166 5328 2383 5383 tutionis
2402 5323 2720 5381 eversione?
2744 5321 3041 5378 Periculum
3070 5320 3210 5374 enim
3239 5327 3341 5383 est,
3370 5332 3437 5372 ne
3460 5316 3545 5369 illa
3573 5316 3745 5383 pestis

2163 5420 2230 5474 ab
2252 5417 2504 5487 improbis
2530 5413 2831 5470 hominibus
2852 5413 3078 5474 invecta,
3101 5425 3162 5466 ea
3185 5409 3367 5472 etiam,
3391 5424 3508 5477 qua:
3527 5407 3596 5461 de
3617 5421 3745 5475 pro-

2163 5510 2395 5565 videntia
2426 5507 2517 5562 Dei
2545 5521 2575 5560 a
2604 5505 2842 5574 plurimis
2866 5503 3129 5572 disputata
3167 5509 3328 5565 sunt,
3373 5497 3580 5554 refellat
3608 5515 3622 5551 :
3649 5512 3717 5552 us

2163 5607 2265 5670 que
2284 5601 2418 5656 adeo
2450 5597 2800 5670 progreditur,
2831 5604 3071 5666 augetur,
3101 5593 3278 5648 omnia
3306 5590 3594 5660 pervadere
3624 5600 3745 5644 sat-

2164 5694 2305 5763 agit,
2347 5691 2524 5744 omnia
2555 5687 2820 5756 susdeque
2857 5685 3081 5750 evertit,
3108 5682 3429 5750 demumque
3458 5680 3725 5736 adversus

2230 5807 2247 5837 ί
2281 5807 2353 5855 sic
2385 5800 2525 5853 Savil.
2562 5807 2614 5852 et
2647 5806 2754 5850 mss.
2780 5805 2831 5848 tn
2853 5797 3018 5847 Morel.
3042 5795 3263 5861 quadam
3286 5795 3585 5845 omittuntur.
