4116 6392
290 393 400 457 363

284 500 382 550 καὶ
408 485 531 560 τοῦς
572 486 671 565 τῆς
717 485 873 564 δόξης
905 487 965 548 οὑ
1002 487 1401 564 διαφεύγουσιν
1443 497 1490 549 οἱ
1519 495 1577 549 δὲ
1607 495 1823 560 πλείους
1859 498 1952 550 καὶ

283 583 495 647 τούτοις
514 585 714 646 αὑτοῖς,
737 585 956 647 καὶτοῖς
972 584 1070 653 τῆς
1081 583 1372 650 ἀσελγείας
1393 583 1532 653 μετά
1557 583 1798 647 πλείονος
1833 601 1956 638 κατα

285 671 496 742 ἔχονται
528 673 624 742 τῆς
653 671 978 742 ὑπερϐολῆς.
1010 667 1143 724 Εἶτα
1163 671 1353 740 λόγους
1390 671 1486 742 μὲν
1511 673 1691 736 αὑτοῖς
1725 673 1955 727 ἐνθεῖναι

288 761 620 833 βουλόμενοι,
647 761 768 830 οὑχὶ
793 762 859 814 τά
883 761 1242 814 διακόπτοντα
1270 761 1368 832 τὴν
1395 761 1674 816 παίδευσιν
1699 761 1954 832 ἀναιροῦο

290 867 391 921 μεν
417 851 596 920 μόνον,
624 850 757 903 ἀλλά
783 851 875 904 καὶ
900 849 970 903 τά
991 849 1320 903 συνιστῶντα
1337 851 1835 921 κατασκευάζομεν,
1863 852 1956 904 καὶ

286 938 667 1007 παιδαγωγοὺς
691 938 785 990 καὶ
813 937 1162 1000 διδασκάλους
1195 936 1542 1006 ἐφιστῶντες,
1577 938 1670 990 καὶ
1698 939 1956 1009 χρήματα

285 1025 684 1088 ἀναλίσκοντες,
715 1027 808 1079 καὶ
830 1025 930 1094 τὴν
963 1025 1070 1078 ἀπὸ
1117 1025 1224 1078 τῶν
1249 1024 1423 1078 ἄλλων
1451 1025 1789 1096 πραγμάτων
1817 1042 1955 1094 παρα

286 1114 499 1184 έχοντες
530 1114 742 1185 σχολὴν,
765 1114 858 1167 καὶ
880 1113 988 1166 τῶν
1021 1115 1078 1165 ἐν
1093 1116 1205 1176 τοῖς
1235 1113 1620 1182 Ὀλυμπιακοῖς
1643 1113 1816 1180 ἀγῶσι
1840 1131 1956 1167 παι-

284 1201 545 1273 δοτριϐῶν
581 1201 964 1271 συνεχέστερον
997 1199 1398 1270 ἐπιφωνοῦντες
1443 1201 1626 1263 αὑτοῖς
1667 1203 1764 1271 τήν
1790 1218 1848 1253 τε
1889 1205 1954 1256 ἐκ

285 1291 383 1359 τῆς
409 1291 761 1353 ἀπαιδευσίας
793 1291 1005 1354 πενίαν,
1034 1290 1126 1342 καὶ
1154 1291 1244 1342 τὸν
1305 1289 1412 1342 ἀπὸ
1469 1290 1568 1359 τῆς
1616 1289 1953 1354 παιδεύσεως

285 1377 534 1442 πλοῦτον,
560 1380 653 1431 καὶ
684 1378 859 1434 πάντα
892 1377 1171 1440 ποιοῦντες
1200 1378 1293 1431 καὶ
1319 1377 1587 1446 λέγοντες,
1615 1380 1707 1430 καὶ
1735 1378 1802 1431 δι’
1823 1381 1951 1433 ἐαυ-

271 1468 412 1530 ,τῶν,
448 1469 543 1521 καὶ
569 1468 635 1520 δι’
662 1467 856 1529 ἄλλων,
910 1466 1050 1521 ὥστε
1085 1467 1283 1529 αὐτοὺς
1335 1468 1414 1529 είς
1450 1466 1511 1519 τὸ
1539 1466 1692 1529 τέλος
1725 1468 1953 1535 ἀγαγεῖν

285 1557 384 1625 τῆς
403 1555 771 1625 προκειμένης
799 1554 1055 1624 σπουδῆς,
1075 1554 1168 1608 καὶ
1191 1553 1311 1606 οὐδὲ
1336 1551 1479 1606 οὑτω
1511 1553 1769 1616 πολλάκις
1799 1571 1954 1624 περι-

285 1641 547 1711 γινόμεθα
566 1657 579 1670 ·
614 1641 829 1712 τρόπων
859 1639 915 1692 δέ
945 1639 1264 1703 ἐπιείκειαν,
1297 1638 1391 1692 καὶ
1418 1637 1692 1701 πολιτείας
1723 1637 1954 1708 ἀρίστης

285 1730 567 1800 ἀκρίϐειαν
627 1729 930 1798 αὐτόματον
999 1726 1297 1797 οἰησόμεθα
1362 1726 1792 1798 παραγενέσθαι,
1859 1727 1952 1778 καὶ

284 1819 456 1873 ταῦτα
501 1817 769 1871 τοσούτων
799 1817 967 1870 ὄντων
1001 1815 1118 1887 [91]
1150 1815 1258 1868 τῶν
1305 1814 1705 1868 διακοπτόντων
1747 1813 1948 1882 αὑτήν;

285 1910 396 1963 Καὶ
429 1909 480 1961 τί
511 1909 714 1980 ταύτης
759 1908 859 1977 τῆς
887 1905 1103 1973 ἀλογίας
1131 1907 1311 1976 χεῖρον
1353 1904 1552 1972 γένοιτ’
1607 1902 1693 1963 ἂν,
1754 1903 1816 1955 τὸ
1852 1901 1950 1971 μὲν

289 2001 486 2069 ῥᾷστον
531 1997 674 2051 οὕτω
723 1997 964 2069 μεγάλης
991 1995 1176 2062 ἀξιοῦν
1221 1995 1386 2065 τιμῆς
1434 1993 1530 2048 καὶ
1574 1992 1844 2062 σπουδῆςο
1876 1992 1952 2054 ὡς

283 2087 382 2138 οὑκ
412 2085 530 2139 ἐνὸν
577 2085 781 2156 ταύτης
830 2085 958 2138 ἄνευ
993 2083 1126 2136 αὑτὸ
1171 2080 1579 2152 κατορθωθῆναί
1623 2095 1787 2132 ποτε·
1827 2079 1855 2131 ὃ
1895 2079 1951 2132 δὲ

287 2171 464 2242 πολλῷ
499 2171 921 2241 δυσχερέστερόν
947 2172 1082 2233 ἐστι,
1112 2169 1269 2222 τοῦτο
1303 2167 1659 2222 καθεύδουσιν
1694 2168 1824 2236 ἡμῖν
1857 2166 1951 2234 ἐφ-

287 2257 540 2311 ίστασθαι
567 2256 826 2327 νομίζειν,
851 2255 1101 2326 καθάπερ
1135 2273 1186 2307 τι
1223 2256 1328 2308 τῶν
1355 2253 1574 2324 φαύλων
1607 2255 1701 2306 καὶ
1724 2253 1949 2322 οὐδαμι-

282 2345 387 2398 νῶν
419 2357 480 2410 ι;
514 2344 802 2414 Φιλοσοφία
839 2345 947 2415 γάρ
973 2344 1152 2414 ψυχῆς
1181 2344 1354 2412 λόγων
1400 2341 1736 2407 παιδεύσεως
1775 2341 1950 2411 τούτῳ

279 2431 680 2504 δυσκολώτερόν
699 2433 758 2485 τέ
793 2433 906 2484 ἐστι
936 2433 1028 2484 καὶ
1058 2431 1475 2502 ἐργωδέστερον,
1510 2430 1619 2500 ὅσῳ
1644 2429 1739 2482 τοῦ
1771 2429 1950 2496 λέγειν

280 2522 342 2574 τὸ
371 2521 650 2592 πράττειν,
672 2521 766 2574 καὶ
791 2521 901 2589 ὅσῳ
925 2519 1184 2592 ῥημάτιον
1216 2519 1351 2590 ἔργα
1382 2517 1527 2570 ἐστὶν
1551 2515 1946 2585 ἐπιπονώτερα.

354 2610 418 2664 θ’.
451 2611 563 2664 Καὶ
591 2610 644 2662 τί
668 2609 748 2662 δεῖ
763 2609 1102 2678 φιλοσοφίας,
1120 2609 1270 2678 φησὶ,
1294 2607 1387 2675 καὶ
1401 2606 1674 2668 πολιτείας
1692 2605 1950 2674 ἀκριϐοῦς

279 2701 393 2760 τοῖς
412 2699 444 2766 ή
455 2697 579 2768 μετέ
591 2714 701 2768 ροις
729 2695 915 2759 παισί;
951 2696 1121 2749 Τοῦτο
1147 2696 1255 2766 γάρ
1282 2697 1418 2760 ἐστι,
1435 2692 1594 2746 τοῦτο
1607 2694 1744 2764 ὅπερ
1772 2693 1950 2746 πάντα

280 2785 644 2849 ἀπολώλεκεν,
693 2785 776 2838 ὅτι
838 2786 1069 2855 πρᾶγμα
1115 2783 1286 2846 οὑτως
1333 2784 1651 2849 ἀναγκαῖον,
1699 2781 1794 2836 καὶ
1849 2781 1950 2852 τήν

283 2874 559 2944 ἡμετέραν
611 2873 829 2942 συνέχον
867 2871 1031 2943 ζωὴν,
1085 2872 1334 2942 περιττὸν
1374 2867 1509 2924 εἶναι
1543 2871 1638 2922 καὶ
1672 2870 1950 2942 πάρεργον

186 3031 189 3035 Ι
280 2961 445 3014 δοκεῖ.
480 2959 588 3013 Καὶ
618 2960 746 3030 περὶ
782 2959 942 3029 σῶμα
985 2959 1084 3030 μὲν
1118 2958 1394 3028 κάμνοντα
1424 2957 1513 3010 τὸν
1545 2957 1660 3010 υίόν
1705 2974 1788 3021 τις
1826 2955 1950 3010 ἰδὼν

281 3049 381 3101 οὑκ
433 3047 499 3100 ἂν
535 3046 708 3100 εἰποιο
766 3046 831 3100 Τί
883 3045 939 3099 δέ
982 3043 1132 3115 αὑτῷ
1175 3044 1425 3116 καθαράς
1471 3044 1682 3112 ὑγιείας
1731 3043 1812 3096 δεῖ
1854 3043 1950 3098 καὶ

282 3133 578 3204 άκριϐοῦςς
627 3131 763 3187 ἀλλά
806 3133 982 3188 πάντα
1033 3132 1098 3185 ἂν
1139 3130 1629 3202 πραγματεύσαιτο
1681 3131 1822 3201 ὑπὲρ
1851 3130 1945 3183 τοῦ

281 3222 546 3290 τοσαύτην
575 3219 890 3290 ἐγγενέσθαι
913 3221 1012 3289 τὴν
1037 3218 1271 3284 εὐεξίαν,
1303 3219 1378 3282 ὡς
1423 3217 1620 3290 μηκέτι
1659 3220 1758 3289 τὴν
1793 3218 1948 3272 νόσον

283 3309 593 3363 ἐπανελθεῖν
611 3327 622 3338 ·
643 3308 741 3378 τῆς
760 3307 816 3360 δέ
839 3306 1016 3377 ψυχῆς
1041 3305 1449 3378 ἀρρωστούσης,
1467 3305 1620 3358 οὑδὲν
1640 3305 1746 3358 δεῖν
1767 3306 1948 3369 αὑτοῖς

283 3397 576 3466 θεραπείας
608 3398 762 3466 φασὶ,
789 3396 881 3448 καὶ
903 3393 1139 3466 τολμῶσι
1164 3394 1302 3464 μετά
1322 3394 1386 3448 τὰ
1409 3395 1627 3465 ῥήματα
1650 3393 1823 3448 ταῦτα
1846 3411 1950 3446 πα-

279 3487 442 3557 τέρας
469 3487 650 3540 καλεῖν
677 3484 920 3548 ἐαυτούς.
965 3484 1029 3536 Τί
1059 3479 1183 3550 οὖν;
1236 3485 1672 3554 φιλοσοφήσομεν
1719 3481 1943 3545 πάντες,

283 3576 437 3644 φησὶ,
460 3576 554 3628 καὶ
575 3575 642 3626 τὰ
661 3573 754 3628 τοῦ
793 3573 908 3643 βίου
939 3574 1258 3643 οἰχήσεταις
1302 3574 1377 3626 Οὑ
1422 3572 1482 3625 τὸ
1529 3571 1854 3640 φιλοσοφεῖν,
1902 3565 1947 3625 ὧ

285 3664 547 3732 βέλτιστε,
582 3661 718 3716 ἀλλά
759 3660 821 3715 τὸ
861 3661 935 3732 μὴ
970 3659 1131 3714 τοῦτο
1162 3662 1335 3714 ποιεῖν
1371 3659 1548 3713 πάντα
1574 3657 1822 3711 ἀπώλεσε
1855 3658 1948 3710 καὶ

282 3748 572 3819 διέφθειρε.
626 3748 784 3810 Τίνες
813 3747 943 3819 γὰρ,
962 3745 1081 3799 εἰπέ
1115 3762 1225 3816 μοι,
1249 3749 1314 3815 τῇ
1343 3745 1590 3816 παρούσῃ
1619 3744 1946 3797 καταστάσει

282 3837 652 3907 λυμαίνονται,
700 3837 749 3888 οἱ
784 3834 1020 3908 μετρίως
1073 3833 1274 3900 ζῶντες
1332 3834 1425 3887 καὶ
1486 3832 1762 3895 ἐπιεικῶς,
1822 3832 1855 3903 ἣ
1898 3833 1945 3886 οἰ

283 3926 503 3986 καινοὺς
556 3925 650 3976 καὶ
681 3921 1028 3994 παρανόμους
1075 3920 1415 3983 ἐπινοοῦντες
1441 3919 1647 3991 τροφῆς
1673 3918 1942 3990 τρόπους;

281 4013 330 4065 οἱ
357 4011 426 4064 τά
460 4009 678 4063 πάντων
707 4007 1094 4082 περιϐαλέσθαι
1124 4007 1534 4071 σπουδάζοντες,
1575 4007 1608 4077 ἢ
1644 4007 1692 4059 οί
1717 4009 1828 4069 τοῖς
1853 4000 1944 4059 οὗ·

284 4116 368 4151 σιν
392 4098 748 4170 ἀρκούμενοι;
775 4098 824 4149 οί.
846 4095 1126 4166 φάλαγγας
1157 4095 1381 4149 οἰκετῶν
1405 4094 1635 4164 ἔχοντες,
1654 4095 1746 4147 καὶ
1766 4095 1942 4165 σμήνη

283 4185 527 4241 κολάκων
551 4185 580 4224 ι)
612 4184 986 4256 περιάγοντες,
1013 4183 1046 4253 ἢ
1075 4185 1124 4235 οἱ
1160 4182 1317 4253 μόνον
1337 4181 1553 4251 οἰκέτην
1573 4182 1668 4235 ένα
1696 4183 1942 4252 ἀποχρῇν

281 4276 463 4339 αὑτοῖς
490 4273 802 4346 νομίζοντες
831 4271 1002 4342 (ούπω
1025 4273 1132 4344 γὰρ
1155 4271 1252 4344 τὴν
1283 4273 1458 4342 ἄκραν
1507 4270 1696 4340 τίθημι
1731 4275 1945 4338 φιλοσο-

283 4364 430 4430 φίαν,
461 4364 595 4417 ἀλλά
630 4364 730 4434 τὴν
777 4362 988 4428 πολλοῖς
1021 4360 1306 4433 ἐφικτήν);
1337 4363 1385 4414 οἰ
1438 4359 1808 4428 φιλάνθρωποι
1851 4360 1942 4412 καὶ

280 4450 477 4522 ἥμεροι
510 4452 606 4505 καὶ
637 4452 712 4522 μὴ
751 4450 992 4520 δεόμενοι
1038 4449 1140 4520 τῆς
1192 4447 1343 4519 παρὰ
1379 4446 1488 4501 τῶν
1516 4446 1724 4500 πολλῶν
1753 4447 1937 4517 τιμῆς,

280 4539 313 4610 ἢ
337 4541 385 4592 οί
413 4538 611 4602 παντὸς
631 4538 940 4609 ὀφλήματος
971 4537 1168 4608 μᾶλλον
1195 4535 1401 4606 ταύτην
1427 4534 1578 4606 παρά
1609 4534 1716 4587 τῶν
1737 4535 1942 4604 ὁμοφύ-

280 4627 387 4681 λων
429 4625 802 4692 ἀπαιτοῦντες,
841 4627 936 4679 καὶ
980 4623 1179 4696 μυρίας
1220 4622 1576 4694 ἐργαζόμενοι
1632 4622 1938 4693 συμφορὰς,

282 4713 466 4782 ἐπειδὴ
497 4713 570 4784 μὴ
601 4712 894 4783 ὑπανέστη,
947 4713 1081 4783 μηδὲ
1107 4714 1398 4784 προσεῖπεν
1427 4721 1449 4749 ο
1483 4711 1512 4762 ό
1549 4709 1696 4763 δεῖνα
1748 4711 1941 4778 πρότεο

284 4817 394 4870 ρος,
415 4801 546 4870 μηδὲ
560 4799 826 4869 ὑπέκυψε,
846 4799 981 4870 μηδὲ
1005 4799 1074 4852 τά
1093 4799 1200 4852 τῶν
1221 4797 1565 4869 ἀνδραπόδων
1589 4796 1902 4863 ἐπεδείξατο
1923 4813 1938 4859 ;

201 4883 206 4887 ’
278 4889 327 4942 οἱ
365 4887 694 4955 μελετῶντες
727 4887 1009 4959 ἄρχεσθαι,
1044 4886 1076 4957 ῆ
1109 4889 1158 4940 οἱ
1203 4885 1532 4939 δυναστειῶν
1573 4884 1806 4954 ἐρῶντες
1845 4885 1940 4938 καὶ

278 4975 480 5046 ἀρχῶν,
521 4975 616 5030 καὶ
649 4975 826 5029 πάντα
858 4974 999 5046 ὑπὲρ
1025 4972 1213 5028 τούτου
1239 4973 1332 5026 καὶ
1371 4973 1592 5042 ποιῆσαι
1622 4971 1718 5026 καὶ
1747 4970 1938 5025 παθεῖν

277 5063 620 5134 ἀνεχόμενοι;
650 5063 699 5116 οἱ
724 5061 937 5115 πάντων
977 5059 1216 5130 βελτίους
1245 5055 1383 5112 εἶναι
1416 5057 1686 5127 λέγοντες,
1715 5057 1808 5110 καὶ
1850 5056 1938 5110 διά

277 5149 432 5202 τοῦτο
488 5151 665 5204 πάντα
699 5151 793 5203 καὶ
837 5149 1014 5217 λέγειν
1048 5147 1142 5202 καὶ
1183 5145 1442 5218 πράττειν
1487 5147 1699 5208 ἑαυτοῖς
1739 5143 1938 5208 ἐξεῖναι

277 5236 608 5308 νομίζοντες,
652 5237 686 5309 ἢ
718 5238 768 5292 οἱ
805 5235 942 5308 μετά
969 5234 1075 5288 τῶν
1111 5235 1354 5304 ἐσχάτων
1407 5231 1764 5303 ἀριθμοῦντες
1799 5233 1940 5284 ἐαυ-

276 5329 423 5390 τοὺς,
450 5329 544 5380 καὶ
567 5325 736 5400 ταύτῃ
760 5325 787 5364 ἀ
814 5324 908 5397 τὴν
935 5324 1124 5393 ἀλογον
1147 5321 1390 5388 ἐξουσίαν
1421 5320 1528 5373 τῶν
1562 5319 1748 5374 παθῶν
1775 5319 1935 5372 κολά-

279 5411 567 5479 ζοντες;οἰ
604 5416 701 5480 τὰς
733 5413 992 5486 λαμπρὰς
1012 5409 1448 5482 οἰκοδομούμενοι
1486 5409 1682 5472 οἰκίας,
1721 5408 1938 5473 καὶτὰς

278 5501 588 5567 πολυτελεῖς
619 5501 1040 5576 παρατιθέμενοι
1069 5498 1343 5571 τραπέζας
1363 5537 1379 5562 ,
1432 5496 1466 5568 ἢ
1504 5498 1552 5549 οἱ
1586 5495 1750 5568 μηδὲν
1777 5496 1936 5549 πλέον

340 5677 364 5752 ξ
393 5676 502 5752 Quo
526 5692 640 5752 mss:
667 5678 1077 5752 ganylo‘réjrwv‘afal
1101 5677 1270 5752 ούδαμ.
1434 5735 1446 5752 '
1614 5740 1657 5752 Α.
1688 5737 1722 5752 Δ

337 5735 364 5775 δ
393 5737 527 5810 υηιιε
553 5735 704 5789 εοόοὶι
740 5741 890 5790 habet
911 5740 1130 5788 κολάκων
1160 5735 1240 5786 καὶ
1268 5735 1562 5799 παρασίτων,
1607 5740 1660 5784 et
1685 5737 1756 5784 sic
1780 5735 1930 5784 Savil.

273 5799 324 5847 in
346 5802 582 5860 margine.

338 5864 359 5888 ε
386 5863 490 5908 Duo
512 5876 624 5911 mss.
654 5863 795 5912 εἶπεν.

338 5920 539 5988 [Iidem
559 5925 732 5988 ταύτην
775 5931 827 5975 el
849 5924 917 5975 sic
942 5926 1092 5984 Savil.
1136 5923 1186 5977 in
1209 5937 1360 5988 marg.
1388 5925 1534 5975 Savil.
1574 5934 1692 5971 vero
1718 5924 1768 5973 in
1793 5925 1933 5970 textu

275 5986 327 6030 οι
350 5983 520 6035 ﬂorel.
544 5985 707 6049 ταύτῃ.

1058 391 1429 458 ADVERSUS
1464 398 2024 458 OPPUGNATORES
2059 402 2246 460 ἭΤᾸΕ
2289 405 2588 462 MONAST.
2633 406 2762 461 LIB.
2798 407 2890 462 Ill.

3618 409 3724 466 564

2062 501 2156 552 καὶ
2185 503 2390 571 τροφῆς
2419 502 2512 554 καὶ
2537 503 2801 572 οἰκήσεως
2845 501 2945 571 τῆς
2977 501 3278 570 ἀναγκαίας
3319 501 3640 574 ζητοῦντες;
3674 506 3725 558 oi

2061 587 2230 657 μυρία
2263 587 2473 660 πλέθρα
2491 589 2916 660 ἀποτεμνόμενοι
2946 588 3070 658 γῆς,
3101 589 3135 660 ἢ
3160 592 3210 644 οἰ
3235 591 3369 661 μηδὲ
3402 590 3570 660 βῶλον
3594 593 3724 660 μίαν

2058 675 2361 743 ἀναγκαίαν
2387 677 2570 740 αὐτοῖς
2611 677 2744 746 πρὸς
2794 677 2989 747 κτῆσιν
3011 673 3149 732 εἶναι
3172 679 3510 749 νομίζοντες;
3552 682 3602 732 οἰ
3637 680 3726 733 τό·

2058 779 2187 826 κους
2215 765 2307 816 ἐπὶ
2346 765 2538 827 τόκους
2563 775 2586 803 ο
2609 763 2978 832 συλλέγοντες,
3011 766 3105 819 καὶ
3134 768 3316 836 πάσης
3337 767 3608 838 ἐμπορίας
3640 785 3727 822 κι-

2057 850 2271 913 νοῦντες
2298 850 2414 903 ὁδὸν
2445 850 2648 914 ἄδικον,
2681 850 2712 920 ἢ
2754 853 2800 904 οί
2828 851 2925 914 τάς
2958 851 3176 916 ἀδίκους
3213 853 3414 917 ταύτας
3453 853 3726 908 διασπῶν-

2056 953 2147 1000 τες
2200 938 2540 1008 συγγραφὰς,
2591 939 2684 991 καὶ
2737 941 2802 992 ἐκ
2861 939 2970 992 τῶν
3019 940 3246 994 ἐνόντων
3293 945 3406 1004 τοῖς
3453 941 3727 1012 δεομένοις

2058 1029 2502 1102 ἐπικουροῦντες;
2521 1033 2569 1084 οἱ
2585 1032 2643 1084 τὸ
2662 1032 2876 1096 εὐτελὲς
2894 1032 2991 1103 τῆς
3007 1032 3352 1102 ἀνθρωπίνης
3380 1034 3728 1105 ἐπεσκεμμέ-

2057 1141 2137 1177 νοι
2166 1124 2400 1193 φύσεως,
2432 1127 2464 1197 ἢ
2503 1129 2551 1180 οἰ
2583 1127 2720 1197 μηδὲ
2749 1125 2906 1178 τοῦτο
2937 1125 3068 1181 αὑτὸ
3092 1125 3287 1178 εἰδέναι
3311 1125 3575 1190 θέλοντες,
3611 1128 3727 1181 ἀλλ’

2057 1218 2162 1270 ὑπὸ
2191 1218 2288 1287 τῆς
2320 1219 2459 1286 ἄγαν
2491 1219 2806 1284 ἀλαζονείας
2835 1219 2927 1272 καὶ
2954 1218 3016 1272 τὸ
3052 1218 3369 1290 ἀνθρώπους
3398 1219 3513 1292 [9‘2]
3532 1222 3730 1284 αὑτοὺς

2055 1312 2294 1380 νομίζειν
2327 1313 2758 1379 ἀπολωλεκότες;
2797 1315 2845 1366 οἱ
2881 1313 3084 1381 πόρνας
3121 1314 3433 1382 τρέφοντες,
3480 1315 3572 1367 καὶ
3614 1303 3728 1378 τοῖς

2054 1404 2354 1474 ἀλλοτρίοις
2385 1405 2768 1476 λυμαινόμενοι
2807 1407 3028 1476 γάμοις,
3061 1407 3092 1478 ἢ
3133 1409 3183 1460 οἰ
3231 1410 3327 1461 καὶ
3372 1409 3472 1480 τῆς
3517 1409 3732 1462 ἑαυτῶν

2055 1496 2382 1566 ἀπεχόμενοι
2409 1499 2700 1566 γυναικός;
2729 1500 2839 1569 Οὑχ
2865 1501 2911 1552 οἰ
2946 1500 3065 1566 μὲν,
3097 1499 3285 1570 ῶσπερ
3319 1502 3589 1572 οἰδήματα
3627 1501 3730 1555 σώ-

2058 1607 2188 1660 ματι
2225 1591 2319 1643 καὶ
2365 1591 2650 1662 πνεύματα
2699 1594 2864 1664 ἄγρια
2911 1593 3171 1666 θαλάττῃ,
3221 1597 3287 1665 τῇ
3343 1596 3589 1665 πολιτείᾳ.
3631 1596 3729 1666 τῆς

2053 1688 2379 1759 οἰκουμένης
2401 1689 2741 1758 ἐπιφύονται,
2770 1691 2862 1743 καὶ
2887 1691 3011 1753 τοὺς
3034 1691 3157 1744 καθ’
3186 1693 3413 1756 ἐαυτοὺς
3465 1691 3730 1758 σώζεσθαι

2051 1780 2379 1853 δυναμένους
2425 1783 2780 1854 χειμάζοντες
2824 1784 2910 1836 διά
2943 1784 3041 1855 τὴν
3079 1785 3348 1854 ἀκρασίαν
3381 1786 3482 1856 τὴν
3514 1786 3727 1840 αὑτῶν·

2052 1877 2100 1928 οἰ
2150 1875 2207 1929 δὲ
2237 1876 2425 1947 ὥσπερ
2475 1878 2531 1928 ἐν
2576 1877 2752 1947 σκότῳ
2796 1876 2948 1946 βαθεῖ
2994 1876 3314 1948 λαμπτῆρες
3353 1878 3567 1950 φαιδροὶ
3602 1881 3734 1944 τοὺς

2053 1969 2111 2021 ἐν
2141 1968 2291 2039 μέσῳ
2325 1969 2696 2036 ναυαγοῦντας
2725 1969 2863 2041 πρὸς
2900 1970 2997 2041 τὴν
3037 1971 3244 2023 οἰκείαν
3273 1970 3530 2024 καλοῦσιν
3553 1973 3731 2040 ἀσφά-

2055 2058 2225 2120 λειαν,
2262 2060 2355 2112 καὶ
2404 2059 2504 2122 τὰς
2554 2061 2653 2129 τῆς
2703 2060 3023 2129 φιλοσοφίας
3055 2059 3345 2129 λαμπάδας
3392 2061 3484 2130 ἀφ’
3524 2061 3730 2132 ὑψηλοῦ

2058 2153 2339 2224 πόρρωθεν
2368 2154 2623 2222 ἅψαντες,
2645 2152 2787 2207 οὕτω
2824 2156 2950 2216 τοὺς
2993 2152 3348 2223 βουλομένους
3374 2153 3467 2206 ἐπὶ
3495 2155 3586 2207 τὸν
3629 2155 3729 2225 τῆς

2055 2250 2489 2321 ἀπραγμοσύνης
2535 2250 2934 2321 χειραγωγοῦσι
2983 2249 3212 2320 λιμένας
3259 2249 3332 2302 Ού
3367 2248 3436 2301 δι’
3489 2250 3729 2315 ἐκείνους

2056 2347 2275 2408 στάσεις
2314 2346 2408 2399 καὶ
2454 2347 2680 2416 πόλεμοι
2710 2347 2803 2400 καὶ
2846 2346 3036 2417 μάχαι,
3089 2347 3184 2399 καὶ
3216 2346 3422 2400 πόλεων
3453 2363 3731 2401 κατασκα-

2054 2440 2174 2508 φαὶ,
2225 2439 2318 2493 καὶ
2343 2439 2790 2510 ἀνδραποδισμοί,
2829 2441 2926 2494 καὶ
2961 2439 3220 2501 δουλεῖαι,
3259 2440 3279 2479 ί
3325 2441 3418 2494 καὶ
3446 2442 3731 2512 αἰχμαλω-

2054 2531 2188 2593 σίαι,
2231 2531 2326 2586 καὶ
2361 2532 2531 2600 φόνοι,
2560 2533 2655 2586 καὶ
2695 2533 2763 2584 τὰ
2798 2531 2964 2602 μυρία
3006 2533 3064 2584 ἐν
3090 2531 3168 2602 τῷ
3199 2532 3296 2603 βίῳ
3333 2534 3508 2594 κακᾶς
3555 2535 3614 2586 οὑ
3661 2534 3731 2588 τά

2054 2622 2203 2693 παρά
2232 2623 2534 2692 ἀνθρώπων
2567 2624 2876 2694 ἀνθρώποις
2904 2625 3219 2694 ἐπαγόμενα
3253 2625 3434 2694 μόνον,
3469 2625 3605 2678 ἀλλά
3632 2629 3729 2681 καὶ

2050 2714 2120 2768 τὰ
2143 2718 2206 2769 ἐκ
2237 2717 2333 2769 τοῦ
2367 2715 2597 2788 ούρανοῦ
2632 2716 2830 2780 πάντα,
2868 2713 2980 2770 οἷον
3021 2716 3243 2787 αὑχμοί,
3292 2717 3384 2770 καὶ
3409 2717 3727 2788 ἐπομϐρίαι,

2051 2811 2146 2863 καὶ
2187 2811 2420 2881 σεισμοὶ,
2458 2810 2552 2863 καὶ
2600 2807 3000 2872 καταπτώσεις,
3047 2810 3141 2862 καὶ
3193 2809 3402 2864 πόλεων
3452 2827 3729 2862 καταπον-

2051 2903 2259 2974 τισμοὶ.
2301 2904 2396 2956 καὶ
2431 2904 2600 2973 λιμοὶ,
2633 2904 2729 2956 καὶ
2757 2904 2957 2973 λοιμοὶ,
2987 2903 3082 2956 καὶ
3111 2903 3180 2955 τά
3214 2902 3348 2957 ἄλλα
3395 2913 3592 2970 πάντα,
3626 2907 3726 2962 ὅσα

2053 2999 2183 3069 ἡμῖν
2203 2997 2412 3050 ἐκεῖθεν
2442 2998 2709 3066 ἐπάγεται
2731 3014 2744 3061 ;

2123 3089 2389 3144 ι’.ούκοῦν
2404 3081 2548 3143 οὑτοι
2577 3089 2739 3160 οἰτὴν
2761 3090 3032 3144 πολιτείαν
3059 3091 3476 3162 ἀνατρέποντες,
3506 3095 3728 3159 καὶτοῖς

2052 3185 2249 3246 κοινοῖς
2274 3181 2686 3251 λυμαινόμενοι·
2708 3174 2853 3234 οὗτοι
2875 3182 2923 3233 οἰ
2949 3183 3044 3234 καὶ.
3069 3182 3280 3253 ἑτέροις
3320 3183 3530 3254 μυρίων
3564 3185 3728 3240 αἴτιοι

2054 3272 2349 3346 συμφορῶν
2369 3313 2384 3337 ,
2419 3275 2467 3325 οἰ
2499 3275 2610 3336 τοῖς
2642 3271 2986 3344 βουλομένοις
3024 3274 3320 3344 ἡσυχάζειν
3357 3276 3726 3347 ἐνοχλοῦντες,

2051 3369 2148 3422 καὶ
2181 3366 2516 3437 πανταχόθεν
2546 3365 2795 3430 ἕλκοντες
2837 3367 2932 3420 καὶ
2987 3366 3418 3439 σπαράττοντες·
3466 3369 3555 3423 διὰ
3604 3372 3728 3424 τού-

2048 3478 2175 3524 τους
2209 3461 2554 3531 δικαστήρια,
2588 3461 2680 3514 καὶ
2708 3460 2883 3529 νόμοι,
2915 3461 3008 3513 καὶ
3037 3460 3320 3531 τιμωρίαι,
3361 3461 3452 3514 καὶ
3482 3462 3726 3534 διάφοροι

2049 3558 2325 3613 κολάσεων
2381 3557 2592 3628 τρόποι.
2646 3556 2757 3609 Καὶ
2800 3556 3050 3628 καθάπερ
3078 3558 3135 3609 ἐν
3176 3557 3347 3629 οἰκίᾳ,
3377 3558 3504 3612 ἔνθα
3542 3561 3728 3616 πολλοὶ

2053 3656 2150 3727 μὲν
2182 3658 2230 3709 οἰ
2262 3655 2578 3725 κάμνοντες,
2624 3654 2673 3706 οἱ
2707 3653 2764 3706 δὲ
2811 3654 3149 3722 ὑγιαίνοντες
3193 3655 3384 3724 ὀλίγοι,
3438 3657 3535 3710 καὶ¹
3588 3660 3728 3731 φάρ-

2051 3768 2204 3822 μακα
2260 3751 2355 3804 καὶ
2401 3751 2619 3822 ἰατροὺς
2664 3749 2896 3813 πολλοὺς
2945 3749 3286 3814 εἰσελθόντας
3330 3751 3476 3806 ἐστιν
3507 3733 3722 3826 εὑρεῖνο

2046 3850 2186 3906 οὑτω
2215 3849 2310 3902 καὶ
2346 3849 2403 3902 ἐν
2433 3852 2500 3919 τῇ
2531 3847 2825 3918 οἰκουμένῃ
2852 3846 2950 3898 οὑκ
2981 3846 3128 3899 ἔστιν
3154 3846 3326 3911 ἔθνος,
3362 3849 3462 3904 οὑκ
3494 3850 3607 3906 ἐστι
3638 3855 3728 3907 πό·

2046 3948 2150 4010 λις,
2199 3947 2326 3999 ἔνθα
2355 3947 2428 4016 μὴ
2464 3945 2647 3998 πολλοὶ
2679 3943 2778 4014 μὲν
2824 3945 2873 3996 οἱ
2918 3943 3092 4014 νόμοι,
3151 3944 3335 3996 πολλοὶ
3366 3945 3420 3998 δὲ
3460 3949 3508 4000 oi
3536 3947 3725 4020 ἄρχον-

2047 4060 2161 4106 τες,
2191 4040 2381 4095 πολλαὶ
2421 4039 2479 4093 δὲ
2524 4041 2578 4092 αἰ
2603 4039 2882 4109 τιμωρίαι.
2921 4039 2994 4091 Οὑ
3031 4037 3139 4109 γάρ
3169 4040 3329 4110 ἀρκεῖ
3354 4042 3422 4094 τὰ
3453 4042 3724 4113 φάρμακα

2047 4138 2186 4193 αὑτά
2231 4138 2354 4192 καθ’
2387 4137 2554 4190 ἑαυτά
2577 4134 2882 4205 ἀναστῆσαι
2919 4136 3011 4188 τὸν
3031 4136 3329 4207 κάμνοντα,
3351 4139 3489 4193 ἀλλά
3515 4143 3597 4196 δεῖ
3625 4147 3721 4198 καὶ

2044 4235 2153 4287 τῶν
2178 4234 2525 4287 ἐπιτιθέντων
2571 4232 2732 4296 αύτά,
2764 4233 2924 4303 οἵπερ
2969 4232 3106 4286 εἰσὶν
3158 4235 3206 4286 οἰ
3251 4235 3587 4303 δικάζοντες,
3626 4243 3724 4295 καὶ

2045 4331 2269 4394 ἑκόντας
2311 4331 2405 4382 καὶ
2455 4327 2683 4391 ἄκοντας
2736 4327 3137 4396 ἀναγκάζοντες
3190 4329 3439 4400 δέχεσθαι
3492 4333 3588 4404 τὴν
3642 4339 3721 4390 ἰα-

2044 4427 2229 4498 τρείαν
2259 4424 2476 4489 αὑτούς.
2527 4424 2666 4476 ’Λλλ’
2713 4424 2863 4494 ὅμως
2895 4423 3066 4484 οὕτως
3101 4425 3402 4496 ὑπερέσχεν
3457 4429 3490 4498 ή
3544 4429 3718 4493 νόσος,

2043 4525 2118 4588 ὡς
2153 4525 2245 4578 καὶ
2274 4522 2444 4592 αὑτῆς
2471 4523 2570 4590 τῆς
2599 4521 2706 4574 τῶν
2739 4519 2937 4593 ἰατρῶν
2967 4522 3237 4592 κρατῆσαι
3259 4523 3472 4593 τέχνης,
3505 4527 3598 4578 καὶ
3623 4528 3722 4580 αὑο-

2042 4623 2166 4684 τοὺς
2209 4619 2456 4673 ἐπελθεῖν
2495 4619 2619 4682 τοὺς
2659 4617 3012 4682 δικάζοντας·
3059 4619 3153 4672 καὶ
3197 4620 3480 4692 συμϐαίνει
3533 4623 3719 4687 ταὺτὸ,

2040 4711 2150 4768 οἷον
2188 4715 2252 4768 ἂν
2290 4713 2342 4767 εί
2371 4731 2454 4776 τις
2497 4711 2716 4784 πυρετῷ
2752 4714 2846 4768 καὶ
2878 4713 3051 4784 ὑδέρῳ
3079 4715 3454 4785 συνεχόμενος.
3493 4719 3587 4770 καὶ
3614 4737 3719 4789 μυ-

2043 4812 2178 4882 ρίοις
2212 4811 2420 4882 ἑτέροις
2448 4809 2644 4864 πάθεσι
2671 4809 3089 4882 χαλεπωτέροις,
3124 4811 3232 4864 τῶν
3265 4812 3364 4881 μὲν
3393 4814 3610 4868 οἰκείων
3640 4816 3716 4888 μὴ

2042 4905 2375 4978 περιγίνόιτο
2407 4905 2616 4968 κακῶν,
2653 4905 2873 4976 ἐτέρους
2897 4906 2954 4960 δὲ
3003 4909 3117 4970 τοῖς
3151 4907 3333 4971 αὐτοῖς
3362 4909 3718 4979 ἐνεχομένους

2038 5005 2231 5066 δεινοῖς
2287 5000 2652 5054 ἀπαλλάττειν
2703 5000 3054 5074 φιλονεικοίη.
3119 5003 3183 5055 Ἥ
3226 5003 3335 5071 γάρ
3388 5006 3484 5076 τῆς
3517 5007 3717 5072 κακίας

2041 5099 2131 5152 ἐπι
2139 5097 2272 5170 ρῤοὴ
2295 5097 2547 5167 καθάπερ
2572 5113 2656 5159 τις
2679 5097 3037 5168 χειμάρρους,
3071 5097 3286 5152 ἅπαντα
3318 5101 3384 5154 τά
3413 5101 3716 5173 κωλύματα

2039 5195 2415 5267 ἀναρρήξασα,
2467 5194 2710 5265 σφοδρῶς
2745 5196 2838 5247 ἐπὶ
2871 5195 2972 5258 τὰς
3012 5194 3122 5247 τῶν
3153 5194 3455 5265 ἀνθρώπων
3482 5196 3710 5272 ἐξεχύθη

2037 5292 2235 5362 ψυχάς.
2263 5292 2372 5345 Καὶ
2412 5292 2465 5344 τί
2513 5291 2658 5360 λέγω
2714 5289 2988 5354 πολιτείας
3026 5291 3372 5362 ἀνατροπήν;
3414 5291 3714 5350 κινδυνεύει

2039 5388 2148 5460 γὰρ
2193 5383 2345 5454 οὗτος
2393 5391 2421 5442 ὁ
2471 5389 2676 5460 λοιμὸς,
2706 5390 2734 5441 ὁ
2769 5388 2919 5460 παρά
2951 5388 3059 5442 τῶν
3097 5391 3347 5460 πονηρῶν
3375 5389 3580 5441 τούτων
3607 5390 3711 5461 ἀρ-

2037 5485 2172 5549 θεὶς,
2209 5486 2303 5539 καὶ
2330 5487 2455 5548 τοὺς
2489 5487 2616 5556 περί
2640 5485 2741 5554 τῆς
2766 5484 3020 5556 προνοίας
3054 5482 3146 5536 τοῦ
3179 5482 3312 5536 Θεοῦ
3346 5481 3451 5534 τῶν
3500 5481 3710 5536 πολλῶν

2037 5581 2310 5635 ἀπελάσαι
2344 5581 2564 5648 λόγους·
2607 5581 2751 5634 οὕτω
2783 5581 2996 5652 πρόεισι
3031 5581 3125 5634 καὶ
3157 5579 3380 5650 νέμεται
3412 5579 3506 5631 καί⁸
3530 5577 3715 5633 πάντα

2037 5667 2316 5745 ἐπείγεται
2350 5678 2664 5746 κατασχεῖν,
2697 5676 2789 5729 καὶ
2821 5675 2890 5728 τά
2932 5676 3043 5730 ἀνω
3094 5673 3246 5728 κάτω
3287 5672 3578 5743 πεποίηκε,
3613 5672 3711 5726 καὶ

2036 5773 2187 5842 αὑτῷ
2210 5773 2395 5827 λοιπὸν
2425 5773 2810 5844 ἐπιστρατεύει
2847 5772 2925 5844 τῷ
2952 5773 3187 5845 οὐρανῷ,
3220 5773 3318 5836 τάς
3347 5771 3455 5825 τῶν
3494 5768 3707 5842 ἀνθρώ-

2104 5917 2122 5938 ⁸
2152 5919 2245 5967 ΜῘὶ
2268 5919 2342 5966 ἐπὶ
2370 5920 2540 5970 τόκοις.

2111 5978 2129 6018 ί
2159 5980 2237 6030 Sic
2265 5980 2413 6031 Savil.
2444 5989 2490 6030 et
2518 5994 2630 6030 mss.
2661 5979 2716 6030 1n
2747 5978 2914 6030 Morel.
2947 5979 3166 6040 quandam
3190 5978 3499 6028 omillunwr.
