4116 6392
405 407 511 465 565

407 540 528 580 πων
554 523 804 593 γλώττας
833 521 1016 577 οὐκέτι
1044 521 1186 575 κατά
1216 522 1326 576 τῶν
1353 520 1676 591 ὁμοδούλων,
1706 519 1821 574 ἀλλ’
1848 518 1946 589 ήδη
1979 518 2073 571 καὶ

405 610 529 664 κατ’
551 609 717 664 αὐτοῦ
758 608 853 663 τοῦ
888 609 1104 662 πάντων
1148 607 1476 680 κρατοῦντος
1505 606 1742 670 ὁπλίζων
1780 605 2071 658 Δεσπότου.

407 695 581 751 Πόθεν
597 696 727 766 γὰρ,
763 696 885 750 εἰπέ
918 713 1027 766 μοι,
1052 696 1081 747 6
1107 695 1275 759 πολὺς
1304 694 1581 765 πανταχοῦ
1614 692 1716 764 τῆς
1737 690 2077 763 εἱμαρμένης

407 785 599 854 λόγος;
633 784 796 838 πόθεν
821 785 1034 856 ἄστρων
1059 783 1238 854 ἀλόγῳ
1267 784 1412 855 φορᾷ
1435 795 1461 823 ι
1486 783 1556 835 τά
1580 782 1711 835 ὄντα
1730 779 2077 834 ἀνατιθέασιν

408 874 460 927 οἱ
496 872 714 938 πολλοί;
761 872 850 925 διά
895 873 948 924 τί
998 871 1190 941 τύχην,
1244 869 1334 923 διὰ
1381 871 1436 922 τί
1484 870 1545 923 τὸ
1598 868 1905 940 αὐτόματόν
1933 884 2079 931 τινες

405 961 808 1034 πρεσϐεύουσι;
857 960 1020 1015 πόθεν
1060 961 1179 1031 είκῆ
1226 961 1322 1013 καὶ
1371 958 1557 1023 ἁπλῶς
1584 959 1763 1013 πάντα
1799 958 2080 1029 νομίζουσι

407 1049 703 1121 φέρεσθαι;
735 1048 822 1101 διά
849 1049 977 1112 τοὺς
1003 1047 1260 1110 ἐπιεικῶς
1294 1044 1502 1111 ζῶντας
1532 1048 1625 1099 καὶ
1653 1045 1907 1116 μετρίως,
1939 1044 1972 1116 ἢ
2012 1045 2077 1097 δι’

407 1136 670 1202 ἐκείνους,
690 1135 782 1199 οὓς
814 1138 877 1189 σὺ
910 1137 1008 1206 μὲν
1036 1136 1280 1205 συνέχειν
1316 1134 1451 1206 ἐφης
1469 1134 1497 1174 ι’
1515 1133 1613 1205 τὴν
1639 1132 1934 1197 πολιτείαν,
1963 1131 2079 1204 [95]

406 1224 520 1293 ἐγὼ
562 1224 619 1277 δὲ
665 1224 848 1293 κοινὴν
897 1219 1064 1277 οὖσαν
1093 1221 1348 1287 ἀπέδειξα
1376 1222 1477 1292 τῆς
1506 1222 1830 1292 οἰκουμένης
1865 1221 2077 1291 λύμην;

406 1312 486 1364 Δι’
522 1311 769 1375 ἐκείνους
813 1310 1077 1381 δηλονότι.
1113 1310 1300 1375 Οὐδεὶς
1331 1309 1441 1381 γὰρ
1475 1312 1795 1378 ἀγανακτεῖ,
1832 1308 2021 1380 ἐπειδὴ
2051 1310 2080 1361 6

404 1399 551 1452 δεῖνα
574 1398 869 1468 φιλοσοφεῖ,
900 1397 932 1469 ἢ
959 1401 1041 1452 ὅτι
1073 1399 1219 1451 ἐστὶν
1249 1401 1277 1451 6
1300 1398 1447 1452 δεῖνα
1471 1397 1718 1468 ἐπιεικὴς
1744 1398 1837 1450 καὶ
1861 1396 2081 1468 μέτριος

408 1488 504 1539 καὶ
534 1485 786 1558 σώφρων.
833 1486 926 1540 καί
952 1485 1062 1539 τῶν
1100 1486 1380 1557 παρόντων
1410 1486 1655 1557 ὑπερορᾷ
1702 1484 2077 1556 πραγμάτων·

406 1574 521 1627 ἀλλ’
570 1576 650 1627 ὃτι
698 1576 726 1627 6
769 1574 916 1627 δεῖνα
960 1574 1199 1637 πλουτεῖ,
1257 1573 1339 1627 ὅτι
1390 1575 1594 1645 τρυφᾷ,
1637 1573 1720 1626 ὅτι
1766 1572 2083 1625 πλεονεκτεῖ

408 1663 503 1714 καὶ
530 1662 786 1732 ἁρπάζει,
810 1662 892 1714 ὅτι
924 1662 1159 1733 πονηρὸς
1185 1661 1262 1715 ῶν
1289 1663 1383 1715 καὶ
1421 1662 1630 1733 μυρίων
1660 1662 1844 1731 γέμων
1869 1660 2078 1723 κακῶν,

407 1750 663 1821 λαμπρός
692 1750 753 1801 τέ
787 1751 905 1802 ἐστι
939 1752 1033 1804 καὶ
1058 1750 1341 1821 εὐημερεῖ.
1374 1750 1559 1803 Ταῦτα
1584 1747 1952 1820 κατηγοροῦσι
1986 1747 2082 1801 καὶ

412 1838 718 1908 μέμφονται
743 1839 792 1891 οἱ
814 1836 1172 1900 ἀπιστοῦντες
1195 1837 1314 1907 Θεῷ
1333 1855 1346 1868 ·
1395 1837 1608 1901 τούτοις
1649 1834 2082 1908 προσπταίουσιν

407 1927 458 1977 οἰ
490 1924 694 1982 πολλοὶ,
722 1925 798 1989 ὡς
826 1925 934 1979 τῶν
968 1943 1031 1994 γε
1060 1925 1319 1989 ἐπιεικῶς
1349 1926 1533 1980 ἐνεκεν
1557 1924 1796 1993 ζώντων,
1823 1925 1882 1978 οὐ
1920 1924 2080 1995 μόνον

336 2044 341 2045 ί
407 2012 559 2066 οὐδὲν
587 2013 910 2081 φθέγξονται
953 2013 1063 2068 τῶν
1094 2014 1355 2085 ῥημάτων
1389 2014 1616 2077 τούτων,
1665 2013 1798 2067 ἀλλά
1845 2015 1941 2068 καὶ
1981 2029 2081 2067 κα-

406 2104 654 2170 ταγνοῖεν
686 2101 916 2164 ἑαυτῶν,
955 2103 1042 2171 ἐφ’
1073 2097 1155 2166 οἷς
1208 2102 1274 2156 ἂν
1310 2102 1626 2174 προαχθῶσι
1663 2103 1760 2174 τῆς
1792 2101 1887 2155 τοῦ
1941 2099 2078 2154 Θεοῦ

406 2193 1083 2265 κατηγορῆσαιπρονοίας.
1119 2192 1230 2246 Καὶ
1254 2194 1301 2246 εἰ
1332 2194 1552 2257 πάντες,
1579 2194 1612 2265 ἢ
1648 2194 1740 2246 καὶ
1768 2194 1819 2246 οί
1863 2191 2079 2255 πλείους

407 2282 691 2335 ἐϐούλοντο
735 2281 878 2334 οὕτω
927 2280 1048 2351 ζῇν,
1104 2281 1214 2333 οὐδ’
1264 2280 1329 2335 ἄν
1377 2298 1460 2344 τις
1509 2280 1757 2351 ἐνενόησε
1796 2280 1971 2333 ταῦτα
2013 2280 2083 2332 τά

409 2370 649 2439 ῥήματα,
680 2368 789 2421 οὐδ’
819 2369 884 2421 ἂν
933 2369 960 2419 6
1006 2367 1114 2421 τῶν
1144 2367 1332 2420 κακῶν
1372 2366 1575 2421 τούτων
1604 2367 1889 2438 ἐπεισῆλθε
1930 2366 2085 2421 κολο-

408 2456 526 2526 φὼν
555 2458 613 2510 τὸ
644 2455 846 2527 ζητεῖν,
890 2453 1055 2508 πόθεν
1086 2455 1152 2507 τά
1185 2454 1351 2508 κακά.
1403 2455 1603 2508 Κακῶν
1631 2455 1735 2526 γάρ
1772 2456 1872 2508 οὐκ
1913 2454 2081 2508 ὅντων

406 2544 532 2598 οὐδέ
578 2543 943 2614 φαινομένων,
990 2544 1072 2607 τίς
1115 2542 1181 2598 ἂν
1229 2542 1479 2616 προήχθη
1511 2544 1610 2615 τὴν
1637 2543 1818 2597 αἰτίαν
1845 2542 2080 2612 ζητῆσαι

408 2633 522 2687 τῶν
550 2632 760 2695 κακῶν,
803 2633 899 2685 καὶ
922 2632 1120 2703 μυρίας
1140 2633 1248 2686 ἀπὸ
1271 2633 1369 2703 τῆς
1390 2633 1670 2703 ζητήσεως
1707 2630 1908 2701 ταύτης
1932 2632 2084 2702 αἱρέ-

411 2738 527 2783 σεις
562 2718 873 2773 ἀνατέλλειν
923 2730 983 2784 c;
1022 2720 1133 2773 Καὶ
1161 2719 1269 2791 γάρ
1295 2718 1579 2790 Μαρκίων,
1628 2719 1721 2771 καὶ
1750 2717 1964 2787 Μάνης,
1990 2718 2084 2770 καὶ

410 2807 785 2869 Οὐαλεντῑνος,
837 2806 931 2858 καὶ
975 2805 1085 2858 τῶν
1148 2805 1414 2877 Ἐλλήνων
1465 2806 1514 2857 οἱ
1555 2804 1775 2868 πλείους
1832 2798 2082 2858 ἐντεῦθεν

410 2892 602 2946 ἔλαϐον
640 2894 738 2963 τὴν
781 2894 973 2962 ἀρχήν.
1006 2894 1070 2945 Et
1099 2892 1156 2946 δέ
1200 2892 1398 2955 πάντες
1432 2891 1806 2961 ἐφιλοσόφουν,
1831 2890 1931 2944 οὐκ
1956 2891 2083 2962 ἐνῆν

408 2981 585 3034 ταῦτα
613 2979 816 3051 ζητεῖν,
846 2980 961 3033 ἀλλ’
991 2982 1040 3033 εἰ
1064 2982 1156 3034 καὶ
1193 2979 1504 3052 μηδαμόθεν
1536 2978 1780 3045 ἄλλοθεν,
1811 2978 1917 3032 ἀπὸ
1951 2978 2082 3047 γοῦν

408 3071 511 3142 τῆς
559 3072 789 3141 ἀρίστης
831 3070 1034 3142 ταύτης
1064 3069 1350 3141 πολιτείας,
1382 3068 1583 3141 ἔμαθον
1612 3068 1678 3124 ἂν
1706 3069 1966 3131 ἅπαντες,
2001 3068 2084 3121 δτι

410 3160 517 3215 ὐπὸ
554 3159 673 3232 Θεῷ
721 3160 902 3231 ζῶμεν
939 3159 1169 3230 βασιλεῖ,
1201 3160 1295 3214 καὶ
1329 3159 1398 3212 τά
1440 3158 1684 3229 ήμέτερα
1708 3151 1861 3220 οὗτος
1892 3158 2086 3210 διοικεῖ

411 3249 508 3302 καὶ
555 3248 795 3319 κυϐερνᾷ
843 3249 1145 3319 πράγματα
1199 3245 1340 3301 κατά
1385 3246 1484 3318 τὴν
1535 3245 1698 3300 αὐτοῦ
1755 3245 1947 3315 σοφίαν
1991 3246 2087 3298 καὶ

413 3334 629 3389 σύνεσιν
651 3352 664 3366 ’
696 3335 724 3389 ὃ
754 3338 982 3389 κινεῖται
1018 3335 1116 3406 μὲν
1144 3337 1238 3389 καὶ
1266 3335 1381 3402 νῦν,
1418 3336 1666 3405 φαίνεται
1699 3335 1755 3388 δέ
1782 3335 1841 3388 οὐ
1886 3334 2087 3406 ῥᾳδίως

410 3423 502 3478 διὰ
552 3424 649 3495 τὴν
704 3423 904 3494 πολλὴν
932 3423 1118 3493 ἀχλὺν,
1154 3423 1221 3493 ἠν
1250 3422 1650 3476 κατεσκέδασαν
1678 3417 1823 3477 οὗτοι
1855 3421 1957 3493 τῆς
2003 3423 2084 3473 οί-

413 3511 687 3582 κουμένης
722 3512 970 3583 ἀπάσης·
1004 3511 1132 3563 εἰδὲ
1182 3512 1256 3582 μὴ
1285 3510 1443 3563 τοῦτο
1469 3506 1557 3581 ἦν,
1584 3509 1834 3582 καθάπερ
1864 3511 1920 3563 ἐν
1958 3526 2086 3562 στα-

414 3599 551 3670 θερᾷ
580 3600 899 3671 μεσημϐρίᾳ
925 3599 1018 3652 καὶ
1051 3598 1218 3669 λευκῇ
1245 3598 1453 3671 γαλήνῃ
1476 3599 1639 3651 πᾶσιν
1666 3596 1733 3651 ἂν
1767 3599 1801 3668 ή
1827 3595 1921 3649 τοῦ
1947 3597 2083 3651 Θεοῦ

412 3686 638 3759 πρόχοια
653 3687 899 3757 διεφάνη.
920 3688 982 3739 Εἰ
1003 3686 1110 3759 γὰρ
1149 3690 1282 3758 μήτε
1308 3686 1631 3756 δικαστήρια
1659 3681 1749 3756 ἦν,
1783 3686 1920 3756 μήτε
1953 3703 2086 3739 κατ-

413 3776 628 3845 ήγοροι,
681 3776 816 3846 μήτε
865 3773 1217 3843 συκοφάνται,
1263 3773 1336 3844 μὴ
1383 3772 1604 3843 βάσανοι
1651 3775 1744 3825 καὶ
1796 3774 2082 3845 τιμωρίαι,

417 3862 494 3933 μὴ
524 3862 871 3935 δεσμωτήρια
892 3863 987 3915 καὶ
1010 3860 1281 3924 κολάσεις,
1313 3863 1386 3933 μὴ
1423 3860 1714 3932 δημεύσεις
1742 3862 1835 3914 καὶ
1868 3861 2083 3933 ζημίαι,

418 3951 494 4023 μὴ
528 3950 682 4020 φόϐοι
725 3952 819 4004 καὶ
862 3950 1118 4013 κίνδυνοι,
1170 3950 1243 4021 μὴ
1291 3948 1504 4021 ἔχθραι,
1544 3949 1619 4021 μὴ
1666 3948 1969 4013 ἐπιϐουλαὶ,
2011 3952 2086 4022 μή

413 4037 672 4109 λοιδορίαι
707 4039 801 4092 καὶ
835 4041 1008 4108 μῖσος,
1043 4037 1117 4108 μὴ
1158 4037 1305 4098 λιμοὶ
1336 4037 1430 4091 καὶ
1472 4037 1671 4106 λοιμοὶ,
1727 4036 1849 4108 μηδ’
1883 4036 2010 4091 ἄλλο
2033 4055 2085 4090 τι

412 4124 525 4178 τῶν
540 4124 1007 4197 ἀπηριθμημένων
1030 4124 1239 4185 δεινῶν,
1265 4125 1401 4179 ἀλλά
1424 4125 1622 4188 πάντες
1647 4126 1765 4195 μετ’
1787 4124 2087 4189 ἐπιεικείας

415 4212 554 4276 ἔζων
611 4214 710 4283 τῆς
751 4211 1158 4283 προσηκούσης,
1190 4213 1275 4276 τίς
1305 4213 1371 4265 ἂν
1414 4211 1523 4264 τῶν
1565 4210 1782 4275 ζώντων
1828 4212 2085 4267 ἀπάντων

414 4300 805 4371 ἠμφισϐήτησε
851 4301 982 4372 περὶ
1013 4301 1113 4372 τῆς
1138 4299 1232 4354 τοῦ
1279 4298 1413 4353 Θεοῦ
1445 4299 1733 4370 προνοίας;
1788 4300 1902 4353 Οὐκ
1938 4300 2087 4355 εστιν

415 4389 611 4452 οὐδείς.
662 4389 800 4442 Νυνὶ
837 4388 894 4441 δέ
924 4388 1090 4441 ταυτὸ
1123 4386 1433 4458 συμϐαίνει,
1469 4383 1580 4439 οἷον
1617 4386 1683 4439 ἂν
1730 4388 1778 4440 εί
1818 4389 2088 4459 χειμῶνος

415 4476 815 4540 καταλαϐόντος
868 4475 1154 4547 ἐργάζοιτο
1194 4475 1292 4546 μὲν
1336 4477 1365 4527 6
1422 4474 1763 4545 κυϐερνήτης
1797 4477 1858 4529 τὸ
1897 4478 2085 4542 αὐτοῦ,

414 4567 511 4619 καὶ
537 4564 790 4628 διασώζοι
813 4565 874 4617 τὸ
905 4564 1134 4633 σκάφος,
1162 4564 1237 4635 μὴ
1264 4564 1507 4632 φαίνοιτο
1531 4563 1589 4617 δὲ
1622 4564 1787 4617 αὐτοῦ
1825 4565 1925 4636 τῆς
1965 4567 2087 4619 ἐπιο

418 4653 633 4723 στήμης
664 4654 697 4723 ἡ
731 4651 986 4723 ἀκρίϐεια
1013 4654 1125 4716 τοῖς
1154 4651 1448 4713 ἐπιϐάταις
1480 4649 1570 4705 διὰ
1596 4650 1695 4721 τὴν
1717 4651 1963 4723 ταραχὴν
1992 4655 2089 4707 καὶ

413 4738 509 4792 τὸν
543 4738 705 4808 φόϐον
738 4740 831 4793 καὶ
857 4740 957 4809 τὴν
986 4739 1226 4808 ἀγωνίαν
1245 4738 1354 4792 τῶν
1373 4738 1837 4810 ἐπικρεμαμένων
1877 4741 2084 4796 κακῶν.

428 4826 582 4880 Ἐπεὶ
629 4828 723 4880 καὶ
769 4830 798 4880 6
834 4826 969 4889 Θεὸς
1007 4827 1248 4898 κυϐερνᾷ
1285 4828 1384 4897 μὲν
1414 4826 1472 4879 τὸ
1507 4828 1615 4879 πᾶν
1651 4826 1811 4880 τοῦτο
1845 4828 1940 4882 καὶ
1968 4828 2084 4895 νῦν,

413 4914 478 4967 εὐ
511 4913 758 4983 φαίνεται
781 4915 837 4968 δὲ
864 4917 976 4979 τοῖς
1008 4915 1220 4979 πολλοῖς
1245 4914 1334 4968 διά
1361 4915 1449 4967 τὸν
1474 4914 1582 4968 τῶν
1613 4917 1955 4987 πραγμάτων
1977 4936 2087 4989 χει-

420 5003 575 5073 μῶνα
606 5004 699 5057 καὶ
720 5002 817 5074 τὴν
849 5005 1116 5075 ταραχὴν,
1151 5006 1217 5075 ἢν
1242 4998 1387 5058 οὗτοι
1414 5002 1479 5074 δὴ
1500 5003 1730 5073 μάλιστα
1759 5006 1976 5059 πάντων
1998 5009 2088 5080 ἐρ-

421 5090 681 5159 γάζονται
726 5091 776 5145 δ.
819 5094 982 5145 Ὥστε
1021 5095 1080 5145 οὐ
1113 5093 1272 5163 μόνον
1318 5094 1593 5146 πολιτείαν
1646 5096 2064 5167 ἀνατρέπουσιν,

416 5177 553 5233 ἀλλά
575 5179 667 5231 καὶ
692 5180 971 5234 εὐσέϐειαν
990 5193 1014 5219 ε
1031 5181 1093 5233 λυ
1103 5180 1403 5252 μαίνονταιο
1432 5182 1524 5235 καὶ
1548 5183 1648 5235 οὐκ
1670 5183 1734 5237 ἄν
1753 5202 1833 5248 τις
1850 5186 2086 5256 ἁμάρτοι

417 5268 632 5330 κοινοὺς
658 5267 887 5338 ἐχθροὺς
910 5268 1134 5332 τούτους
1166 5267 1564 5340 προσειπὼν,οἳ
1593 5272 1732 5325 κατὰ
1758 5276 1857 5344 τῆς
1886 5275 2088 5346 ἐτέρων

421 5354 557 5418 ζῶσι
594 5354 888 5425 σωτηρίας,
924 5356 1156 5427 δόγμασι
1187 5360 1402 5428 μιαροῖς
1454 5359 1546 5410 καὶ
1593 5359 1728 5429 βίοις
1757 5362 2089 5433 ἀκαθάρτοις

419 5442 545 5504 τούς
576 5441 693 5512 μεθ’
733 5443 939 5496 ἑαυτῶν
969 5443 1305 5512 ἐμπλέοντας
1339 5444 1717 5509 καταδύοντες.

486 5600 512 5672 ξ
639 5614 755 5649 mss.
777 5600 928 5650 Savil.
958 5602 1092 5672 .malg
1118 5602 1461 5672 61675030001

482 5659 514 5743 Ξ»
675 5664 1037 5743 1ιιιξξ.ἓσιιγχὲειν
1061 5664 1198 5743 ἔφηςζ
1214 5659 1346 5743 Εόίιξ
1365 5659 1486 5743 Iiga-ro
1507 5669 1734 5743 συνέχειν.

486 5723 511 5790 (ζ
535 5721 707 5790 ἕξοι-εὶ.
731 5733 783 5790 εἰ
803 5721 983 5790 ἱηιξῇ).
1010 5721 1290 5790 ἀνατέλλειν.
1318 5725 1415 5790 Alii
1439 5721 1916 5790 οωιιθέἆνατὲμνεω.

483 5783 511 5821 σι
533 5782 616 5852 S§c
638 5786 786 5852 Savil.
810 5792 863 5834 et
886 5782 1279 5852 hlbrel.qu_orum_
1298 5789 1587 5852 scyipluram
1613 5782 1903 5852 recepimus.
1922 5790 2089 5840 Montr.

424 5856 534 5892 eum
552 5845 742 5895 duobus
759 5861 935 5895 mss....
972 5845 1201 5959 τῳοὲχήν,
1235 5850 1316 5897 τὸν
1342 5845 1623 5914 δὲ’χειμῶνα
1641 5845 1837 5909 καὶ’τὴν
1870 5856 2085 5916 ταραχὴν

424 5904 555 5955 οὗτοι
574 5908 631 5959 δή
654 5908 763 5959 μάλ.
787 5910 924 5956 πάντ.
947 5910 1043 5959 έογ.
1111 5923 1204 5958 οιτ.

423 5904 631 5998 οὐῖοιἼδή
646 5908 763 6019 id)“
787 5910 924 5956 πάντ.
947 5904 1046 5973 έργξ
1067 5904 1188 5959 Εὗιτ

540 5973 623 6017 διο
693 5970 815 6019 orel.
841 5969 993 6019 Savil.
1034 5971 1118 6019 τήν
1159 5988 1188 6019 ιη

492 5946 1420 6029 3"sié'ﬁBEéif'SthTI'ETEclmsmv.
1444 5974 1541 6026 duo
1563 5988 1678 6025 mss.
1718 5978 1804 6037 τήν
1837 5976 2087 6038 εὐγένειαν.

1184 406 1244 462 S.
1283 404 1568 463 JOANNIS
1605 401 2098 462 CHRYSOSTOMI
2137 400 2466 458 ARCHIEP.
2501 397 3050 459 CONSTANTINOP.

3742 397 3862 455 566

2254 524 2342 572 ια’.
2391 516 2531 572 Ἀλλ’
2580 518 2645 571 ἐν
2688 518 2802 581 τοῖς
2850 514 3233 589 μοναστηρίοις
3286 515 3494 570 τούτων
3525 514 3676 570 οὐδὲν
3706 515 3869 570 ἐστιν

2180 605 2344 667 ἰδεῖν,
2396 605 2535 659 ἀλλά
2579 604 2756 658 καίτοι
2810 603 3079 676 χειμῶνος
3140 602 3385 674 ἠρμένου
3430 602 3710 665 τοσούτου.
3750 601 3861 673 μό-

2177 711 2258 747 νοι
2322 693 2588 765 κάθηνται
2663 695 2721 747 ἐν
2768 691 2948 763 λιμένι
3006 692 3102 745 καὶ
3159 691 3368 763 γαλήνῃ
3424 692 3518 745 καὶ
3580 690 3870 761 ἀσφαλείᾳ

2178 781 2370 853 πολλῇ,
2404 780 2520 855 [94]
2563 780 2815 853 καθάπερ
2849 781 2907 846 ἐξ
2967 778 3196 852 οὐρανοῦ
3244 779 3316 832 τά
3356 779 3467 833 τῶν
3503 777 3678 834 ἄλλων
3728 780 3871 831 ἐπι-

2181 871 2511 934 σκοποῦντες
2561 870 2829 939 ναυάγια·
2879 869 2973 922 καὶ
3017 869 3126 939 γὰρ
3163 866 3435 920 πολιτείαν
3466 864 3682 937 οὐρανῷ
3716 863 3871 936 7:96.-

2180 975 2387 1012 πουσαν
2439 959 2662 1023 εἵλοντο,
2717 959 2813 1011 καὶ
2843 955 3094 1026 ἀγγέλων
3145 956 3299 1009 οὐδὲν
3330 957 3507 1026 χεῖρον
3528 955 3864 1009 διάκεινται.

2183 1048 2393 1116 Ὠσπερ
2422 1042 2513 1101 οὖν
2558 1049 2618 1100 ἐν
2663 1046 2893 1109 ἐκείνοις
2927 1046 3027 1098 οὐκ
3075 1043 3221 1097 ἐστιν
3270 1041 3555 1113 ἀνωμαλία
3578 1058 3686 1105 τις,
3729 1040 3870 1095 οὐδὲ

2180 1137 2230 1187 οί
2267 1136 2363 1207 μὲν
2392 1138 2450 1189 ἐν
2480 1135 2770 1207 εὐημερίᾳ,
2801 1135 2849 1187 οἰ
2871 1132 2929 1187 δὲ
2952 1135 3009 1186 ἐν
3029 1131 3281 1201 ἐσχάτοις
3306 1132 3519 1193 κακοῖς,
3542 1129 3658 1182 ἀλλ’
3675 1129 3869 1183 ᾶπαν-

2178 1240 2271 1286 τες
2292 1226 2349 1277 ἐν
2382 1223 2575 1294 εἰρήνῃ
2623 1222 2722 1293 μιᾷ
2761 1221 2857 1275 καὶ
2883 1221 3027 1293 χαρᾷ
3060 1219 3155 1273 καὶ
3185 1218 3332 1289 δόξῃ,
3369 1216 3512 1270 οὕτω
3544 1216 3731 1287 δήκαὶ
3763 1217 3865 1269 ὲν-

2178 1309 2352 1363 ταῦθα
2372 1326 2384 1339 ·
2408 1310 2584 1372 οὐδεὶς
2600 1308 2847 1372 ὀνειδίζει
2879 1307 3090 1370 πενίαν,
3116 1305 3292 1369 οὐδεὶς
3308 1305 3400 1358 ἐπὶ
3418 1303 3630 1375 πλούτῳ
3656 1303 3868 1375 σεμνύ-

2181 1414 2331 1451 νεται
2350 1414 2364 1427 ο
2392 1396 2455 1450 τὸ
2477 1397 2567 1450 σὺν
2594 1397 2766 1451 καὶτὸ
2796 1397 2949 1468 ἐμὸν,
2978 1394 3138 1449 τοῦτο
3168 1394 3233 1466 δὴ
3261 1393 3324 1448 τὸ
3340 1394 3518 1448 πάντα
3545 1394 3867 1465 ἀνατρέπων

2180 1485 2277 1539 καὶ
2314 1483 2576 1556 θορυϐοῦν
2618 1483 2907 1555 ἐξώρισται
2931 1500 2947 1515 ο
2986 1483 3081 1537 καὶ
3100 1484 3277 1537 πάντα
3319 1481 3505 1545 αὐτοῖς
3542 1481 3733 1543 κοινά,
3756 1482 3867 1534 καὶ

2180 1573 2431 1646 τράπεζα
2445 1574 2540 1627 καὶ
2556 1574 2773 1645 οἴκησις
2792 1574 2887 1627 καὶ
2916 1572 3129 1643 ἱμάτια.
3158 1571 3268 1624 Καὶ
3286 1570 3339 1624 τί
3356 1569 3691 1641 θαυμαστὸν,
3716 1571 3864 1623 ὅπου

2180 1676 2244 1729 γε
2269 1662 2362 1714 καὶ
2395 1660 2532 1732 αὐτή
2568 1663 2602 1732 ή
2633 1659 2779 1733 ψυχὴ
2811 1660 2909 1733 μία
2941 1661 3075 1714 πᾶσι
3117 1661 3212 1712 καὶ
3231 1660 3265 1730 ἠ
3296 1658 3469 1728 αὐτῆς
3520 1658 3733 1721 Πάντες
3757 1658 3869 1729 τὴν

2180 1749 2351 1817 αὐτὴν
2368 1749 2648 1818 εὐγένειάν
2662 1751 2799 1803 εἰσιν
2815 1750 3077 1819 εὐγενεῖς,
3094 1749 3193 1819 τὴν
3206 1745 3375 1818 αὐτὴν
3389 1745 3635 1801 δουλείαν
3653 1745 3863 1811 δοῦλοι,

2179 1838 2279 1907 τὴν
2296 1840 2465 1910 αὐτὴν
2503 1838 2815 1909 ἐλευθερίαν
2838 1837 3109 1909 ἐλεύθεροι
3129 1854 3143 1866 ⁸
3171 1832 3252 1900 εἷς
3282 1837 3400 1888 ἐκεῖ
3423 1834 3658 1899 πλοῦτος
3691 1837 3866 1889 πᾶσιν

2180 1928 2210 1980 6
2233 1925 2402 1990 ὅντως
2437 1926 2683 1990 πλοῦτος,
2709 1926 2808 1996 μία
2833 1925 3011 1997 δόξαή
3036 1926 3206 1989 ὅντως
3231 1923 3357 1988 δόξα
3381 1940 3395 1955 ο
3426 1924 3488 1977 οὐ
3516 1924 3625 1994 γὰρ
3655 1926 3716 1977 ἐν
3743 1925 3867 1978 ὀνό-

2189 2033 2374 2088 μασιν,
2400 2015 2515 2069 ἀλλ’
2538 2018 2596 2071 ἐν
2621 2016 2943 2086 πράγμασιν
2970 2018 3153 2080 αὐτοῖς
3176 2016 3245 2070 τὰ
3273 2016 3456 2083 ἀγαθά
3481 2032 3495 2045 ο
3529 2015 3629 2086 μία
3667 2016 3862 2087 ἡδονὴ,

2185 2104 2283 2175 μία
2326 2103 2608 2175 ἐπιθυμία,
2634 2103 2732 2175 μία
2784 2104 2939 2167 ἐλπὶς
2971 2105 3128 2168 πᾶσι,
3155 2105 3247 2157 καὶ
3290 2102 3541 2175 καθάπερ
3565 2103 3679 2156 ἀπὸ
3696 2104 3864 2157 κανό-

2181 2209 2271 2256 νος
2322 2192 2467 2256 τινὸς
2499 2194 2594 2246 καὶ
2618 2191 2863 2264 στάθμης
2888 2192 3106 2247 ἅπαντα
3163 2191 3559 2263 διηκρίϐωται,
3602 2194 3704 2246 καὶ
3761 2194 3865 2245 ἀν·-

2181 2280 2399 2351 ωμαλία
2422 2281 2519 2351 μὲν
2539 2281 2784 2353 οὐδεμία,
2798 2278 2951 2345 τάξις
2970 2280 3027 2333 δὲ
3051 2281 3145 2333 καὶ
3166 2280 3370 2351 ῥυθμὸς
3386 2282 3483 2335 καὶ
3504 2281 3749 2352 ἁρμονία
3768 2281 3866 2334 καὶ

2183 2367 2353 2439 πολλὴ
2377 2368 2478 2438 τῆς
2513 2368 2833 2440 συμφωνίας
2853 2367 3173 2439 ήάκρίϐεια,
3197 2370 3292 2421 καὶ
3312 2369 3564 2439 διηνεκὴς
3587 2368 3865 2439 εὐθυμίας

2184 2455 2459 2521 ὑπόθεσις.
2490 2456 2582 2509 Διὸ
2616 2456 2819 2519 πάντες
2844 2457 3021 2510 πάντα
3046 2453 3259 2508 ποιοῦσι
3293 2459 3389 2509 καὶ
3414 2457 3741 2526 πάσχουσιν,
3775 2457 3865 2509 ἵνα

2182 2544 2461 2616 εὐθυμῶσί
2481 2562 2540 2598 τε
2566 2545 2662 2599 καὶ
2686 2545 2973 2616 χαίρωσιν.
3009 2543 3157 2597 Ἐκεῖ
3179 2544 3288 2615 γὰρ
3318 2543 3475 2614 μόνον
3491 2543 3652 2598 τοῦτο
3691 2543 3867 2598 καθα-

2184 2631 2296 2703 ρῶς
2338 2633 2637 2703 συμϐαῖνον
2659 2633 2808 2687 ἐστιν
2844 2632 2994 2697 ἰδεῖν,
3022 2631 3207 2686 ἄλλοθι
3229 2632 3284 2686 δὲ
3301 2631 3559 2704 οὐδαμοῦ,
3594 2633 3655 2686 οὐ
3699 2634 3869 2703 μόνον

2180 2720 2260 2791 τῷ
2292 2720 2401 2775 τῶν
2426 2721 2711 2792 παρόντων
2738 2721 3034 2793 ὐπερορᾷν,
3053 2722 3147 2774 καὶ
3174 2722 3355 2776 πᾶσαν
3372 2719 3710 2790 ἐκκεκόφθαι
3728 2720 3866 2774 στά-

2184 2825 2323 2872 σεως
2353 2809 2449 2861 καὶ
2470 2810 2649 2879 μάχης
2663 2809 2939 2875 ὑπόθεσιν,
2960 2811 3054 2864 καὶ
3068 2809 3333 2881 λαμπρὰς
3354 2812 3536 2875 αὐτοῖς
3567 2808 3709 2864 εἶναι
3733 2811 3866 2883 περὶ

2180 2898 2291 2951 τῶν
2327 2896 2633 2968 μελλόντων
2686 2897 2786 2960 τὰς
2831 2897 3073 2964 ἐλπίδας,
3108 2899 3247 2952 ἀλλά
3277 2901 3371 2953 καὶ
3398 2899 3475 2970 τῷ
3510 2900 3578 2953 τά
3620 2900 3863 2970 συμϐαί-

2182 3001 2342 3038 νοντα
2384 2985 2602 3056 ἑκάστῳ
2632 2983 2855 3056 λυπηρά
2901 2986 2995 3041 καὶ
3038 2970 3252 3059 χρηστά
3291 2988 3445 3040 κοινά
3474 2987 3694 3041 πάντων
3722 2984 3867 3041 εἶναι

2183 3071 2447 3143 νομίζειν.
2476 3073 2551 3125 Ἥ
2568 3089 2628 3125 τε
2643 3072 2755 3144 γάρ
2784 3073 2993 3143 ἀθυμία
3013 3074 3336 3143 ἀφανίζεται
3352 3075 3554 3148 ῥᾴδιον,
3582 3076 3864 3144 ἀναλόγως

2182 3159 2261 3231 τῷ
2278 3160 2359 3213 ἐνὶ
2385 3161 2853 3234 συνδιαφερόντων
2872 3160 2933 3215 τὸ
2950 3161 3169 3232 φορτίον
3192 3162 3467 3230 ἀπάντων,
3485 3163 3588 3234 τῆς
3613 3180 3676 3216 τε
3705 3163 3864 3217 εὐθυ-

2189 3248 2316 3319 μίας
2345 3248 2545 3312 πολλάς
2566 3247 2749 3318 ἔχουσι
2779 3247 2881 3313 τάς
2913 3249 3204 3315 ὑποθέσεις
3243 3250 3288 3314 ί,
3319 3252 3420 3306 οὐκ
3446 3253 3540 3305 ἐπὶ
3569 3255 3687 3316 τοῖς
3737 3253 3867 3306 ἐαυο

2182 3335 2293 3389 τῶν
2333 3336 2514 3408 μόνοις
2557 3336 2976 3408 εὐφραινόμενοι
3011 3337 3218 3406 καλοῖς,
3237 3339 3372 3393 ἀλλά
3393 3342 3488 3394 καὶ
3509 3341 3603 3393 ἐπὶ
3630 3344 3749 3405 τοῖς
3772 3342 3868 3394 ἀλ-

2184 3422 2362 3494 λήλων
2387 3425 2486 3495 οὐχ
2509 3418 2747 3494 ἦττον,ῆ
2773 3425 2866 3477 ἐπὶ
2886 3428 2999 3489 τοῖς
3028 3426 3260 3479 ἑαυτῶν.
3283 3426 3408 3491 Πῶς
3427 3425 3521 3481 οὖν
3554 3430 3689 3500 ημῖν
3713 3430 3869 3501 οίχήο

2188 3510 2423 3563 σεταιτά
2455 3512 2778 3583 πράγματα,
2809 3510 2875 3565 ἂν
2894 3512 3116 3577 τούτους
3136 3514 3335 3576 πάντες
3360 3514 3698 3586 ζηλὼσωμεν
3717 3534 3734 3582 ;
3752 3516 3871 3573 Νῦν

2187 3599 2295 3668 γὰρ
2324 3598 2532 3669 οἴχεται
2551 3601 2645 3653 καὶ
2659 3599 3083 3672 διέφθαρταιδιά
3094 3602 3220 3666 τοὺς
3247 3602 3435 3674 πόρρω
3462 3602 3562 3673 τῆς
3580 3603 3869 3669 πολιτείας

2186 3685 2391 3758 ταύτης
2413 3688 2439 3726 Β
2463 3687 2604 3758 ήσκη
2615 3687 2828 3758 μένους.
2852 3689 2925 3741 Σὺ
2947 3688 3003 3741 δὲ
3026 3689 3282 3743 τάναντία
3301 3690 3672 3762 ψηφιζόμενος
3700 3694 3871 3748 ταυτδ

2188 3778 2396 3839 ποιεῖς,
2429 3775 2619 3847 ὥσπερ
2662 3776 2728 3830 ἂν
2762 3776 2817 3829 εῐ
2840 3793 2925 3841 τις
2949 3778 3044 3830 καὶ
3071 3776 3241 3849 λύραν
3275 3778 3374 3849 μὲν
3404 3779 3649 3851 ἀκριϐῶς
3689 3783 3868 3853 ήρμο-

2189 3862 2394 3934 σμένην
2414 3863 2490 3928 ὡς
2516 3862 2790 3934 ἄχρηστον
2816 3864 3115 3929 διαϐάλλοι,
3142 3867 3241 3935 τὴν
3260 3866 3585 3930 ἐναντίωςδὲ
3607 3868 3866 3939 ἔχουσαν,

2188 3953 2282 4006 καὶ
2311 3953 2558 4007 ἐπιτάσει
2603 3955 2696 4007 καὶ
2726 3954 2907 4009 ἀνέσει
2938 3954 3339 4027 διεφθαρμένην
3364 3956 3606 4027 ἀμέτρῳ,
3657 3940 3870 4032 ταὴν

2188 4040 2502 4111 ἐπιτηδείαν
2541 4037 2678 4095 εῖναι
2735 4042 2830 4095 καὶ
2864 4043 2999 4114 πρὸς
3033 4044 3319 4115 κρούματα
3370 4047 3463 4098 καὶ
3499 4045 3636 4118 πρὸς
3669 4047 3869 4120 τέρψιν

2186 4129 2336 4198 λέγοι
2393 4130 2503 4184 τῶν
2547 4129 2774 4185 θεατῶν.
2821 4131 2963 4184 Ἀλλ’
3006 4131 3156 4184 οὐδὲν
3184 4131 3308 4185 οὐτε
3333 4134 3435 4204 τῆς
3467 4134 3745 4204 ἀμουσίας
3769 4138 3866 4191 τοῦ

2186 4216 2359 4272 ταῦτα
2387 4218 2636 4287 λέγοντος
2666 4218 2854 4290 ἕτερον
2880 4219 3073 4274 τούτου
3118 4218 3303 4291 μεῖζον
3327 4225 3625 4295 τεκμήριον
3659 4222 3871 4296 ἐζητή-

2189 4323 2363 4378 σαμεν
2398 4306 2483 4372 ἂν,
2525 4305 2647 4360 οὐτε
2677 4307 2777 4377 τῆς
2826 4306 3127 4378 βασκανίας
3168 4310 3264 4363 καὶ
3301 4310 3724 4382 μισανθρωπίας
3754 4314 3869 4369 τῶν

2186 4393 2254 4447 τὰ
2275 4392 2499 4448 τοιαῦτα
2518 4394 2904 4465 ψηφιζομένων
2920 4394 3115 4466 δεῖγμα
3127 4396 3459 4469 σαφέστερον
3471 4397 3501 4439 ιι
3518 4398 3667 4453 ἀλλο.
3705 4401 3870 4458 Ἀλλά

2187 4483 2270 4547 τίς
2305 4486 2334 4538 6
2369 4484 2478 4537 τῶν
2531 4484 2952 4555 ἐπιεικεστέρων
2980 4485 3138 4554 λόγος
3184 4486 3468 4558 πατέρων;
3495 4488 3867 4561 Μαθέτωσαν,

2189 4573 2343 4643 φησὶ,
2378 4571 2683 4643 γράμματα
2714 4572 3005 4644 πρότερον,
3042 4575 3138 4626 καὶ
3156 4573 3255 4644 τὴν
3282 4574 3391 4628 τῶν
3425 4574 3599 4645 λόγων
3628 4581 3869 4649 προσλα-

2189 4658 2374 4723 ϐόντες
2425 4659 2675 4731 δύναμιν,
2710 4659 2884 4724 οὕτως
2912 4660 3006 4713 ἐπὶ
3040 4660 3141 4731 τὴν
3177 4661 3497 4731 φιλοσοφίαν
3537 4665 3869 4732 άγέσθωσαν

2188 4746 2391 4817 ταύτην
2406 4763 2418 4776 °
2442 4747 2566 4800 τότε
2582 4748 2609 4800 6
2627 4748 2886 4801 κωλύσων
2902 4747 3095 4810 οὐδείς.
3114 4748 3225 4802 Καὶ
3249 4749 3416 4803 πόθεν
3435 4750 3593 4822 δῆλον
3614 4754 3698 4806 ὅτι
3728 4757 3869 4809 πάν-

2187 4852 2297 4899 τως
2325 4837 2403 4898 είς
2431 4836 2630 4907 ἄνδρας
2645 4835 3002 4906 ἐκϐήσονται;
3039 4835 3224 4889 πολλοὶ
3260 4836 3369 4909 γάρ
3400 4837 3565 4910 ἀώρῳ
3592 4858 3869 4916 προαναρο

2191 4924 2489 4988 πασθέντες
2531 4924 2772 4994 ἀπῆλθον
2799 4923 3035 4995 θανάτῳ.
3074 4925 3216 4978 Ἀλλ’
3245 4926 3387 4980 ἔστω
3416 4929 3512 4982 καὶ
3534 4929 3696 4984 τοῦτο
3721 4929 3866 4988 εἶναι

2192 5012 2425 5084 φανερόν
2448 5027 2462 5041 ·
2493 5011 2676 5083 θῶμεν
2690 5013 2889 5077 αὐτοὺς
2926 5014 3023 5067 καὶ
3043 5015 3123 5077 εἰς
3147 5014 3346 5086 ἄνδρας
3365 5016 3627 5082 τελέσειν,
3656 5020 3746 5085 τίς
3764 5023 3866 5091 ἐγ-

2189 5104 2449 5170 γυήσεται
2473 5100 2571 5170 τήν
2582 5099 2854 5172 προτέραν
2875 5101 3093 5154 ἅπασαν
3119 5102 3372 5172 ήλικίαν;
3399 5102 3566 5158 Οὐπω
3581 5107 3690 5179 γάρ
3708 5109 3868 5166 οὐδὲν

2190 5188 2326 5259 πρὸς
2363 5188 2694 5256 φιλονεικίαν
2712 5188 3040 5258 φθέγγομαι,
3057 5190 3140 5243 ὅτι
3160 5189 3309 5254 εἴτις
3329 5191 3470 5263 ὑπὲρ
3489 5194 3698 5253 τούτοιν
3722 5214 3870 5271 παρ-

2190 5279 2302 5346 εῖχε
2333 5275 2575 5349 θαρρεῖν,
2594 5272 2713 5330 οὐδὲ
2743 5278 3122 5348 κτησαμένους
3149 5279 3247 5349 τὴν
3272 5280 3504 5353 δύναμιν
3537 5285 3745 5358 ταύτην
3772 5289 3868 5355 ἐξ-

2190 5366 2396 5435 ήγαγον
2418 5363 2506 5428 άν,
2537 5363 2653 5437 [95]
2680 5363 2817 5419 ἀλλά
2838 5365 2960 5419 τότε
2984 5366 3221 5437 μάλιστα
3244 5368 3427 5439 μένειν
3456 5370 3744 5439 ἐκέλευσα,
3768 5378 3869 5435 κάει

2250 5484 2271 5524 ΐ
2301 5486 2422 5556 Duo_
2453 5489 2773 5556 τηεψ-πολλάς
2800 5489 3126 5556 ἐχούσης-τὰς
3162 5494 3422 5556 ὑποθέσεις.
3469 5493 3644 5556 Morel,
3685 5498 3872 5556 πολλὰς

2192 5555 2356 5622 έχουσι
2376 5551 2459 5605 τὰς
2475 5549 2789 5622 ὐετοθ.⁸8³ξ’ῇ1.
2812 5549 2991 5609 πολλὰς
3011 5554 3174 5622 ἔχουσι
3199 5555 3283 5622 τόις
3303 5555 3533 5622 ἀφορμάς,
3559 5555 3682 5622 el_i_n
3707 5549 3867 5622 marg:

2190 5610 2453 5680 ὑποθέσεις.
2477 5611 2588 5680 Mox
2611 5610 2760 5662 Savil.
2797 5621 2850 5664 el
2874 5628 3002 5666 unus
3034 5610 3188 5665 Eodex
3217 5610 3587 5680 εὐφραινόμενοι,
3608 5618 3782 5668 Morel.
3810 5610 3869 5672 ἕι

2194 5674 2333 5737 aliusA
2346 5674 2683 5737 εὐφραίνονται.

2260 5737 2287 5775 8
2312 5734 2780 5801 δίειίὴεεηθιλδεινίι.
2809 5736 2981 5787 Morel.
3018 5751 3138 5788 vero
3160 5741 3348 5799 ἡλικίας
3376 5741 3566 5801 ταύτης.
3600 5741 3727 5797 Infra
3767 5744 3869 5792 duo

2194 5810 2312 5846 mss.
2332 5796 2475 5869 λύραν
2498 5798 2596 5869 μὲν,
2605 5797 2810 5862 ἀκριϐῶς
2827 5802 3129 5869 ἡρμοσμένην
3152 5796 3451 5869 λυμαίνεσθαι

2196 5873 2287 5920 γοι’
2313 5860 2485 5928 τὴν.δέ
2512 5860 2808 5928 ἀνάρμοστον
2830 5860 2911 5928 καὶ
2943 5860 3275 5928 διερῤηγμέκίην
3304 5866 3385 5913 καὶ
3416 5860 3629 5915 ἐπιτάσει
3652 5860 3873 5921 una.

2199 5874 2287 5920 γοι·
2316 5874 2401 5916 την
2434 5874 2485 5908 οε
2512 5874 2602 5907 ανα
2633 5876 2808 5921 μοστον
2830 5874 2911 5909 και
2943 5874 3099 5928 διερρη
3237 5883 3275 5923 ,ν
3304 5874 3385 5913 καὶ
3416 5874 3629 5915 ἐπιτάσει
3652 5874 3736 5915 καί

2199 5938 2289 5994 σει.
2310 5921 2463 5994 ξενὶι.
2499 5928 2553 5970 ει
2573 5874 2744 5994 ἕξοι-οι.
2772 5927 2826 5994 u_t
2846 5924 2897 5994 i0
2916 5930 3080 5994 ιειιυ.
3103 5874 3322 5994 mue
3344 5929 3491 5979 lectio
3514 5930 3738 5991 quadrat.

2261 5982 2287 6021 Ιι
2306 5984 2416 6034 Duo
2436 5996 2551 6033 mss.
2579 5983 2744 6046 δεῖγμα
2765 5990 2846 6043 τῆς
2867 5987 3024 6049 ψήφου
3049 5982 3352 6052 σαφέστίρον.
