4116 6392
319 487 427 544 505

324 601 496 668 ipsum
518 592 703 647 uelum
724 585 942 655 suscipit
966 583 1160 636 bellum
1178 623 1191 646 ,
1215 580 1338 633 dum
1361 577 1629 631 hominum
1654 573 1877 641 linguas,

322 665 428 742 non
454 668 562 754 jam
592 690 775 735 contra
797 688 1104 737 conservos,
1128 670 1222 726 sed
1246 677 1429 724 contra
1455 665 1698 721 omnibus
1723 665 1885 731 impe-

323 788 525 833 rantem
557 772 831 826 Dominum
859 777 1047 820 armat.
1077 763 1348 819 Undenam
1376 802 1390 827 ,
1427 773 1607 829 quaeso
1629 798 1643 820 ,
1685 764 1763 809 tot
1802 755 1886 808 illa

323 870 516 937 ubique
544 866 609 919 de
640 864 743 916 i'ato
768 858 1065 929 colloquia?
1089 856 1351 910 undenam
1375 851 1717 907 irrationabili
1743 849 1887 902 side-

324 975 441 1012 rum
470 956 632 1008 motui
662 952 834 1006 omnia
864 965 981 1018 qua:
1012 948 1162 1011 ﬁunt,
1186 944 1494 998 adscribunt
1520 939 1767 1010 plurimi?
1796 954 1892 992 cur

326 1048 611 1105 fortunam,
639 1058 731 1096 cur
758 1054 937 1095 casum
967 1037 1181 1107 quidam
1211 1032 1540 1104 praedicant?
1571 1045 1664 1083 cur
1692 1040 1892 1082 temere

325 1148 380 1190 et
422 1136 535 1189 sine
573 1134 775 1186 ratione
815 1129 939 1184 ferri
968 1126 1142 1181 omnia
1182 1122 1406 1194 putant?
1448 1130 1666 1191 propter
1692 1132 1888 1178 eosne,

326 1230 414 1299 qui
439 1225 599 1295 probe
613 1235 665 1278 et
680 1223 948 1277 moderate
960 1221 1160 1280 vivunt,
1177 1232 1240 1268 an
1262 1223 1474 1284 propter
1494 1226 1585 1265 eos
1605 1224 1735 1280 quos
1754 1217 1806 1260 tu
1823 1207 1895 1261 di-

326 1324 485 1377 cebas
510 1317 886 1387 rempublicam
911 1312 1201 1373 continere,
1217 1323 1315 1378 ego
1328 1322 1452 1360 vero
1468 1317 1799 1358 communem
1814 1316 1894 1354 or-

330 1414 411 1466 bis
425 1421 621 1481 pestem
640 1422 758 1462 esse
772 1403 1055 1458 monstravi
1071 1401 1326 1467 ?Propter
1346 1397 1443 1451 hos
1469 1411 1615 1458 sane,
1631 1403 1686 1447 ut
1712 1394 1893 1461 liquet.

330 1503 496 1556 Nemo
520 1501 661 1553 enim
690 1497 1018 1564 indignatur,
1043 1491 1181 1560 quod
1205 1490 1290 1542 hic
1311 1496 1453 1542 recte
1478 1484 1895 1556 philosophetur,

329 1602 422 1645 aut
443 1590 582 1659 quod
610 1588 698 1642 ille
721 1600 901 1653 aequus
929 1584 1085 1653 plane
1115 1580 1523 1646 nioderatusque
1548 1578 1635 1641 sit,
1659 1583 1749 1629 aut
1777 1584 1900 1626 tem-

334 1695 545 1747 perans,
572 1677 816 1747 quodque
837 1689 922 1728 res
948 1673 1105 1742 hujus
1130 1670 1308 1724 saeculi
1332 1667 1619 1736 despiciat;
1647 1665 1740 1720 sed
1761 1664 1899 1733 quod

335 1771 422 1823 ille
448 1771 515 1822 sit
537 1768 815 1836 cpulentus
840 1781 854 1830 ;
882 1762 1021 1832 quod
1048 1762 1099 1814 in
1129 1760 1331 1813 deliciis
1357 1767 1477 1827 agat
1502 1798 1516 1821 ,
1548 1756 1687 1825 quod
1714 1768 1902 1807 avarus

334 1862 423 1923 sit,
455 1859 593 1929 quod
624 1857 811 1926 rapiat,
842 1855 979 1925 quod
1010 1854 1077 1907 sit
1107 1852 1409 1921 improbus,
1443 1850 1686 1917 vitiisque
1719 1847 1901 1915 plenus

336 1948 645 2011 innumeris,
673 1946 811 2016 quod
842 1942 1148 2014 splendidus
1174 1941 1241 1995 sit
1267 1950 1321 1995 et
1347 1955 1595 2009 prospere
1617 1948 1753 2007 agat.
1782 1937 1903 1990 Πειξο

335 2050 615 2110 querentes
633 2049 687 2094 et
703 2040 1001 2091 incusantes
1017 2034 1276 2103 jactitant,
1300 2031 1387 2101 qui
1412 2031 1517 2083 Deo
1536 2044 1640 2082 non
1661 2028 1900 2082 credunt.

337 2130 428 2183 llis
448 2129 781 2183 offenduntur
799 2126 1026 2195 plurimi,
1043 2126 1110 2178 ita
1130 2134 1185 2177 ut
1204 2123 1408 2176 illorum
1432 2121 1615 2190 gratia,
1634 2120 1719 2188 qui
1744 2118 1905 2187 probe

336 2222 496 2273 vitam
517 2228 694 2287 agunt,
714 2233 818 2271 non
844 2216 1001 2269 modo
1026 2212 1325 2283 hujusmodi
1348 2211 1475 2265 nihil
1497 2210 1756 2279 loquuturi
1778 2210 1902 2274 sint,

336 2292 430 2366 sed
451 2314 652 2380 seipsos
673 2309 987 2372 damnaturi,
1006 2308 1049 2360 si
1065 2307 1128 2360 ad
1150 2304 1527 2374 providentiam
1548 2303 1641 2356 Dei
1664 2304 1907 2355 incusan-

338 2404 456 2457 dam
480 2404 673 2457 inducti
692 2402 900 2455 fuerint.
920 2400 1067 2467 Quod
1083 2401 1124 2453 si
1144 2412 1329 2452 omnes
1344 2407 1431 2450 aut
1450 2404 1592 2450 certe
1615 2395 1782 2463 major
1806 2394 1902 2446 ho-

338 2495 537 2548 minum
558 2492 677 2563 pars
697 2494 765 2546 ita
785 2493 965 2546 vivere
982 2489 1375 2554 vellent,nullus
1388 2502 1633 2556 umquam
1648 2484 1907 2555 ejusmodi

340 2586 497 2640 verba
513 2586 811 2656 cogitasset,
827 2599 996 2653 neque
1016 2583 1099 2636 ille
1117 2583 1372 2636 malorum
1389 2579 1646 2649 colaphon
1664 2579 1909 2632 inductus

340 2679 522 2732 fuisset
549 2720 562 2742 ,
601 2686 658 2731 ut
695 2685 1021 2746 quaereretur
1056 2674 1194 2728 unde
1220 2674 1325 2726 sint
1350 2671 1505 2724 mala.
1536 2670 1667 2724 Nam
1697 2670 1739 2723 si
1771 2669 1907 2721 mala

342 2785 440 2825 nec
461 2778 657 2833 essent,
682 2783 778 2823 nec
799 2776 1142 2837 apparerent,
1163 2765 1280 2833 quis
1303 2764 1555 2833 potuisset
1581 2775 1820 2830 quaenam
1842 2759 1911 2812 sit

342 2862 602 2914 malorum
627 2874 785 2912 causa
815 2872 1071 2926 quiet-ere,
1103 2865 1155 2909 et
1182 2870 1275 2924 per
1302 2855 1434 2907 hanc
1460 2853 1800 2922 qumstionein
1832 2852 1912 2901 in-

343 2966 589 3006 numeras
618 2952 847 3005 haereses
866 2948 1161 3004 suscitare?
1188 2949 1392 3001 Etenim
1418 2946 1646 2999 Marcion
1668 2986 1682 3009 ,
1712 2944 1911 3007 Manes,

345 3042 674 3101 Valentinus,
690 3053 743 3095 et
760 3041 968 3110 plurimi
990 3039 1292 3094 Grzecorum
1316 3038 1438 3090 hinc
1461 3036 1663 3089 initium
1679 3049 1915 3102 sumpse-

344 3145 487 3187 runt.
518 3135 571 3189 Si
598 3142 772 3186 autem
801 3147 984 3185 omnes
1006 3130 1497 3200 philosopharentur
1521 3168 1536 3191 ,
1568 3127 1744 3179 nullus
1773 3133 1914 3178 esset

347 3225 466 3278 huic
482 3223 757 3293 quwstioui
783 3224 946 3286 locus;
972 3222 1063 3275 sed
1090 3221 1133 3275 si
1151 3235 1251 3274 non
1269 3218 1497 3280 aliunde,
1521 3219 1586 3271 ab
1613 3216 1709 3270 bac
1727 3216 1911 3268 saltem

344 3316 540 3384 Optima
565 3312 769 3367 vivendi
797 3317 996 3365 ratione
1017 3311 1322 3365 didicissent
1350 3324 1553 3371 omnes,
1574 3321 1670 3360 nos
1694 3307 1791 3361 sub
1810 3306 1915 3358 Deo

347 3423 470 3476 rege
493 3406 687 3467 vivere,
706 3405 955 3470 illumque
975 3418 1058 3456 res
1074 3411 1278 3455 nostras
1300 3400 1586 3453 secundum
1604 3397 1914 3467 sapientiam

350 3496 781 3564 prudentiamque
808 3509 955 3547 suam
985 3492 1352 3545 administrare
1376 3500 1429 3543 et
1454 3488 1734 3542 moderari.
1766 3484 1914 3553 Quod

349 3602 486 3640 nunc
506 3602 713 3655 quoque
730 3585 804 3648 ﬁt,
820 3584 912 3638 sed
936 3599 1037 3636 non
1064 3582 1215 3635 facile
1238 3581 1549 3649 perspicitur
1565 3578 1634 3631 ob
1653 3580 1914 3646 ingentem

351 3681 491 3734 illam
517 3679 781 3742 nebulam,
810 3692 964 3746 quam
990 3691 1083 3743 per
1108 3685 1271 3727 totum
1299 3684 1551 3726 terrarum
1579 3670 1759 3724 orbem
1788 3668 1916 3723 etfu—

351 3769 563 3821 derunt.
596 3768 745 3833 Quod
776 3768 818 3820 si
847 3783 931 3819 res
958 3782 1060 3818 nou
1089 3766 1157 3817 ita
1187 3780 1245 3817 se
1272 3762 1523 3827 haberet,
1548 3761 1699 3830 quasi
1729 3760 1779 3812 in
1808 3774 1918 3812 me-

352 3861 554 3912 ridiana
580 3860 696 3912 luce
726 3867 779 3911 et
816 3874 1002 3911 sereno
1030 3872 1152 3910 aere
1183 3856 1271 3908 Dei
1306 3854 1633 3923 providentia
1670 3852 1918 3906 omnibus

354 3959 649 4020 appareret.
680 3950 809 4003 Nam
840 3951 883 4002 si
910 3966 1011 4002 non
1037 3949 1313 4002 tribunalia
1343 3956 1540 4011 essent,
1566 3961 1670 3998 non
1701 3959 1918 3999 accusa-

356 4052 500 4095 tores
519 4081 534 4105 ,
565 4056 667 4094 non
698 4040 1070 4109 sycophantm,
1099 4056 1202 4092 non
1233 4039 1517 4102 cruciatus,
1551 4052 1652 4089 non
1683 4036 1914 4099 mulctze,

359 4148 464 4184 non
494 4145 736 4184 carceres
761 4171 775 4194 ,
807 4146 913 4182 non
942 4130 1225 4198 supplicia,
1258 4144 1361 4182 non
1392 4130 1648 4182 bonorum
1678 4127 1917 4197 publica-

360 4224 549 4287 tiones,
580 4238 683 4275 non
714 4222 929 4285 damna,
961 4237 1065 4274 non
1093 4222 1312 4273 timores
1336 4228 1389 4273 et
1415 4220 1663 4288 pericula,
1693 4233 1795 4271 non
1824 4217 1921 4270 ini-

358 4315 589 4377 micitiae,
613 4332 715 4367 non
738 4314 959 4380 insidiae,
984 4328 1088 4366 non
1108 4314 1344 4366 convicia
1366 4321 1418 4367 et
1443 4313 1583 4376 odia,
1608 4328 1710 4365 non
1732 4312 1919 4376 fames,

360 4425 463 4461 non
490 4418 663 4477 pestes
686 4448 701 4473 ,
734 4423 839 4460 non
866 4406 1005 4460 aliud
1035 4406 1303 4475 quidpiam
1330 4420 1533 4467 eorum,
1563 4420 1678 4473 qua:
1706 4404 1756 4457 in
1784 4420 1924 4457 reru-

362 4500 499 4553 mnis
535 4511 907 4561 numerantur,
946 4498 1038 4553 sed
1074 4514 1258 4551 omnes
1298 4508 1619 4566 congruente
1649 4512 1768 4550 cum
1804 4513 1926 4565 pro-

364 4590 523 4642 bitate
556 4590 819 4651 viverent,
851 4590 967 4658 quis
999 4604 1243 4657 umquam
1277 4588 1508 4640 vivorum
1540 4587 1604 4640 de
1639 4586 1922 4657 providen-

363 4682 432 4735 tia
476 4682 649 4735 divina
687 4680 998 4734 dubitaret?
1037 4680 1279 4735 Profecto
1318 4680 1511 4733 nullus.
1558 4679 1705 4733 Nunc
1748 4689 1923 4733 autem

361 4773 587 4840 idipsum
628 4772 901 4840 contingit,
928 4787 989 4825 ac
1017 4772 1059 4823 si
1091 4772 1361 4840 ingruente
1388 4778 1714 4838 tempestate,
1736 4770 1927 4839 gulier-

363 4875 514 4918 nator
540 4879 661 4917 suas
692 4864 931 4932 impleret
960 4872 1151 4932 partes,
1180 4873 1232 4917 et
1252 4863 1499 4931 scapham
1530 4872 1786 4927 servaret,
1810 4864 1924 4931 ejus

365 4968 539 5011 tamen
566 4956 749 5023 peritia
775 4956 1145 5024 diligentiaque
1172 4971 1198 5008 a
1230 4955 1527 5009 vectoribus
1554 4972 1655 5007 non
1683 4955 1928 5008 adverte-

362 5055 527 5107 retur,
556 5047 624 5098 ob
655 5045 1124 5113 perturbationem,
1157 5052 1377 5104 metum,
1410 5044 1926 5112 impendentiumque

364 5137 622 5188 malorum
652 5135 1084 5188 sollicitudinem.
1117 5135 1251 5187 Deus
1278 5135 1468 5203 quippe
1499 5134 1597 5187 hoc
1624 5134 1926 5187 universum

363 5229 519 5279 etiam
559 5241 695 5280 nunc
734 5226 1021 5295 gubernat,
1065 5227 1241 5278 multis
1277 5234 1452 5278 autem
1491 5225 1541 5277 id
1582 5240 1683 5277 non
1722 5226 1928 5279 videtur

364 5322 431 5373 ob
462 5335 635 5373 rerum
673 5319 1115 5387 perturbationem
1150 5334 1211 5371 ac
1242 5326 1623 5386 tempestatem,
1643 5333 1797 5386 quam
1829 5318 1844 5347 ¹
1874 5317 1926 5369 hi

366 5411 592 5464 maxime
617 5412 849 5463 omnium
879 5410 1128 5462 excitant.
1156 5409 1335 5476 Itaque
1365 5424 1467 5461 non
1496 5418 1696 5461 tantum
1721 5409 1927 5462 institu-

366 5502 561 5553 tionem
594 5516 797 5554 morum
826 5512 1099 5566 evertunt,
1132 5501 1224 5555 sed
1260 5510 1312 5555 et
1348 5502 1484 5570 piam
1516 5503 1821 5570 religionem
1853 5502 1928 5553 la-

367 5590 632 5645 befactant
656 5609 668 5643 :
706 5608 803 5646 nec
827 5608 953 5646 sane
990 5594 1228 5661 peccabit
1255 5592 1341 5661 qui
1370 5608 1464 5646 eos
1483 5607 1791 5646 communes
1822 5591 1923 5644 ini-

430 5748 446 5778 ί
481 5753 579 5795 Duo
612 5755 717 5799 Mss.
743 5762 847 5809 pro,
882 5761 1043 5811 quam,
1084 5748 1280 5805 habent,
1308 5750 1707 5812 perturbationem
1740 5764 1850 5812 vero
1879 5754 1927 5799 et

362 5811 697 5869 tempestatem,
722 5820 814 5859 etc.
836 5810 907 5860 sic
924 5814 1067 5861 etiam
1090 5812 1136 5858 in
1160 5819 1205 5858 Β.
1232 5810 1537 5861 lteStituimus
1553 5813 1687 5863 savii.
1715 5822 1759 5862 et
1776 5810 1924 5859 Morel

361 5864 631 5932 iectionem,
660 5864 825 5937 utpote
847 5885 954 5937 qua:
977 5873 1246 5935 expeditior
1272 5874 1476 5923 videtur.

1022 467 1377 527 ADVERSUS
1412 460 1952 521 OPPUGNATORES
1990 458 2169 513 VlT/E
2206 458 2495 514 MONAST.
2539 459 2668 514 LIB.
2696 458 2783 513 111.

3453 461 3557 517 368

1998 571 2167 625 niicos
2195 574 2554 641 appellaverit,
2587 575 2673 643 qui
2703 574 2821 628 ideo
2849 576 3028 628 vivunt
3056 582 3112 627 ut
3138 580 3448 630 ereterorum
3473 594 3554 631 sa-

1996 664 2087 716 luti
2119 664 2484 728 adversentur,
2514 666 2941 734 exsecrandaque
2970 682 3061 719 sua
3096 666 3331 720 doctrina
3357 707 3369 729 ,
3402 677 3564 735 atque

1998 753 2353 820 impurissima
2372 755 2473 806 vita
2495 770 2609 817 eos,
2628 755 2717 824 qui
2738 770 2917 809 secum
2943 757 3204 824 navigant,
3227 757 3559 827 demergunt.

2069 846 2089 897 1
2111 850 2155 898 l.
2184 843 2549 897 Monachorum
2569 846 2667 898 vita
2689 847 2926 916 angelica?
2955 857 3293 915 comparatur.
3316 877 3387 887 —-
3411 849 3479 901 At
3508 849 3565 901 in

1999 936 2336 989 monasteriis
2380 935 2509 989 nihil
2552 936 2850 1005 hujusmodi
2889 937 3067 991 videre
3091 948 3205 1001 est;
3235 939 3327 991 sed
3356 939 3560 995 etiamsi

2000 1034 2143 1079 tanta
2182 1036 2465 1096 tempestas
2506 1028 2854 1091 intumescat,
2887 1028 2984 1082 soli
3032 1030 3080 1081 in
3123 1037 3302 1097 portu,
3335 1031 3385 1083 in
3418 1041 3564 1083 tran-

2000 1119 2256 1186 quillitate
2286 1128 2338 1171 et
2377 1121 2656 1174 securitate
2697 1135 2882 1189 magna
2922 1120 3192 1186 resident,
3232 1136 3295 1174 ac
3320 1122 3469 1189 quasi
3501 1138 3565 1175 ex

2002 1209 2134 1262 Catio
2175 1210 2288 1276 ipso
2315 1219 2627 1262 ewterorum
2673 1209 2940 1279 naufragia
2978 1210 3284 1278 respiciunt.
3329 1210 3566 1279 Namque
3605 1230 3619 1244 ο

2001 1304 2121 1355 vita:
2150 1317 2316 1370 genus
2339 1304 2470 1356 cazlo
2489 1303 2703 1373 dignum
2725 1305 3050 1374 delegerunt,
3078 1321 3173 1359 nec
3195 1306 3450 1359 minorem
3473 1323 3568 1358 an-

2002 1396 2172 1464 gelico
2217 1406 2410 1449 Statum
2454 1397 2712 1450 obtinent.
2753 1397 3206 1462 Quemadmodum
3244 1398 3382 1452 enim
3429 1399 3565 1465 apud

2004 1488 2218 1556 angelos
2243 1487 2381 1541 nulla
2411 1495 2493 1541 est
2512 1488 2860 1557 inaequalitas,
2880 1504 3051 1556 neque
3073 1488 3157 1541 alii
3187 1504 3454 1557 prospere,
3480 1489 3566 1542 alii

2006 1579 2057 1631 in
2089 1578 2341 1632 extremis
2370 1579 2520 1631 malis
2549 1589 2846 1641 versantur,
2874 1578 2967 1631 sed
2993 1594 3175 1633 omnes
3205 1579 3256 1631 in
3289 1594 3387 1632 una
3417 1594 3574 1647 pace,

2006 1668 2183 1722 laetitia
2215 1679 2270 1723 et
2296 1670 2495 1738 gloria,
2525 1671 2601 1722 sic
2631 1680 2684 1723 et
2713 1671 2794 1723 his
2825 1671 2873 1723 in
2907 1670 3071 1735 locis;
3107 1686 3261 1724 nemo
3289 1681 3569 1740 pauperta-

2009 1772 2113 1815 tem
2143 1763 2442 1830 exprobrat,
2471 1779 2625 1816 nemo
2654 1764 2720 1817 de
2750 1763 2944 1817 divitiis
2984 1764 3237 1833 gloriatur
3267 1781 3278 1815 :
3311 1779 3484 1816 meum
3516 1772 3571 1817 et

2009 1864 2151 1906 tuum
2182 1853 2303 1906 illud
2324 1895 2337 1917 ,
2371 1854 2509 1921 quod
2534 1855 2710 1907 omnia
2741 1856 2995 1908 subvertit
3018 1865 3072 1908 et
3096 1856 3395 1922 perturbat,
3422 1855 3572 1923 peni-

1950 2004 1955 2013 1
2009 1951 2092 1996 tus
2118 1944 2310 1997 exulat.
2344 1945 2529 1997 Omnia
2570 1944 2697 2011 ipsis
2728 1946 3024 1998 communia
3049 1953 3207 2006 sunt,
3236 1960 3415 1997 mensa
3436 1985 3449 2009 ,
3476 1944 3572 1996 do-

2008 2035 2260 2087 micilium
2289 2076 2303 2096 ,
2335 2036 2668 2089 vestimenta.
2710 2034 2909 2103 Ecquid
2942 2035 3165 2093 mirum,
3203 2034 3412 2103 quando
3459 2038 3579 2102 ipsa.

2010 2126 2182 2179 anima
2230 2140 2329 2177 una
2374 2125 2666 2193 eademque
2704 2125 2947 2177 omnibus
2985 2126 3110 2178 est?
3151 2124 3346 2179 Omnes
3390 2125 3579 2178 eadem

2011 2229 2133 2273 sunt
2164 2218 2436 2271 nobilitate
2458 2219 2683 2281 nobiles,
2712 2218 2895 2271 eadem
2922 2217 3171 2271 servitute
3200 2218 3359 2281 servi,
3389 2216 3572 2271 eadem

2012 2309 2255 2363 libertate
2281 2309 2452 2363 liberi.
2481 2308 2608 2363 Unae
2640 2309 2744 2362 illic
2767 2309 3010 2361 omnibus
3043 2308 3236 2361 divitia:
3261 2350 3275 2373 ,
3306 2323 3423 2376 qum
3455 2324 3581 2361 vere

2011 2399 2206 2453 divitiae
2231 2407 2389 2451 sunt:
2421 2414 2520 2451 una
2546 2400 2711 2467 gloria
2733 2440 2749 2465 ,
2776 2413 2893 2467 qua:
2922 2412 3045 2451 vere
3069 2398 3232 2465 gloria
3258 2416 3270 2450 :
3303 2414 3407 2450 non
3435 2400 3574 2450 enim

2012 2491 2247 2554 nomine,
2275 2488 2368 2543 sed
2393 2504 2450 2543 re
2479 2489 2616 2542 bona
2646 2498 2823 2543 tenent
2846 2504 2860 2551 ;
2888 2504 2989 2539 una
3012 2488 3270 2555 voluptas,
3303 2503 3461 2540 unum
3486 2487 3579 2540 de-

2013 2580 2285 2644 siderium,
2312 2594 2412 2631 una
2439 2593 2559 2647 spes
2580 2578 2824 2631 omnibus
2847 2593 2861 2629 :
2889 2592 2949 2631 ac
2969 2578 3116 2645 quasi
3142 2576 3366 2646 quadam
3394 2592 3579 2629 norma

2012 2678 2065 2724 et
2088 2670 2217 2722 libra
2244 2668 2415 2722 omnia
2438 2676 2683 2722 accurate
2708 2667 3035 2721 ordinantur.
3063 2666 3210 2719 Nulla
3235 2666 3581 2735 inzequalitas,

2014 2760 2107 2814 sed
2139 2760 2287 2823 ordo,
2314 2761 2663 2823 concinnitas,
2695 2760 2986 2822 harmonia,
3017 2767 3071 2812 et
3097 2759 3255 2811 multa
3284 2758 3581 2813 concordize

2015 2852 2287 2906 servanda:
2330 2852 2639 2921 diligentia,
2691 2862 3046 2919 perpetuaque
3100 2850 3292 2903 Itetitiae
3342 2851 3583 2903 materia.

2015 2944 2367 3012 Quamobrem
2418 2958 2602 2997 omnes
2644 2945 2820 2997 omnia
2863 2943 3059 2997 faciunt
3091 2952 3145 2996 et
3184 2943 3482 3010 patiuntur.
3528 2952 3585 2994 ut

2018 3038 2260 3091 Izclentur
2297 3046 2351 3090 et
2389 3037 2672 3106 gaudeant.
2722 3037 2833 3090 lllic
2862 3038 3002 3090 cnim
3044 3036 3216 3089 solum
3261 3037 3441 3090 videas
3470 3037 3583 3089 ha‘c

2019 3130 2248 3199 perfecte
2275 3132 2609 3199 contingere,
2635 3144 2892 3198 nusquam
2921 3128 3043 3182 alibi
3069 3146 3082 3181 :
3115 3142 3218 3181 non
3250 3128 3404 3180 modo
3443 3128 3585 3196 quod

2020 3222 2297 3291 prmsentia
2326 3222 2500 3275 omnia
2530 3227 2905 3283 contemnant,
2941 3227 3099 3288 atque
3126 3234 3337 3271 omnem
3369 3219 3494 3271 rixm
3523 3232 3587 3272 ac

2019 3312 2296 3367 discordia:
2328 3313 2601 3365 materiam
2636 3311 2988 3375 absciderint,
3030 3309 3408 3378 splendidaque
3450 3311 3588 3362 futu-

2021 3420 2200 3458 rorum
2231 3419 2323 3472 spe
2354 3404 2463 3457 fulti
2493 3404 2616 3465 sint,
2647 3403 2739 3457 sed
2771 3404 2928 3456 etiam
2960 3401 3100 3470 quod
3139 3417 3200 3454 ea
3226 3417 3341 3469 quae
3368 3401 3586 3471 singulis

2021 3494 2307 3559 accidunt,
2344 3508 2435 3547 seu
2482 3493 2650 3546 tristia
2692 3507 2783 3546 seu
2824 3492 2991 3553 bona,
3020 3492 3262 3545 omnibus
3288 3491 3587 3543 communia

2022 3602 2139 3639 csse
2178 3594 2446 3653 putentur.
2489 3584 2681 3637 Maeror
2722 3583 2914 3653 quippe
2958 3582 3160 3636 facilius
3194 3583 3421 3644 tollitur,
3465 3598 3588 3637 cum

2021 3676 2362 3744 proportione
2395 3674 2619 3743 quadam
2661 3689 2847 3727 omnes
2893 3675 3213 3743 singulorum
3258 3683 3591 3743 comportent

2021 3783 2221 3822 onera:
2249 3766 2443 3820 hetitiae
2474 3782 2601 3820 vero
2637 3766 2828 3818 multas
2858 3764 3054 3819 habent
3091 3767 3398 3820 occasiones
3426 3808 3440 3832 ,
3483 3781 3590 3821 non

2021 3859 2086 3912 de
2109 3859 2217 3911 suis
2244 3857 2403 3911 modo
2429 3856 2745 3921 commodis,
2765 3856 2857 3909 sed
2884 3856 2950 3910 de
2978 3855 3199 3909 aliorum
3224 3874 3452 3926 quoque,
3484 3874 3590 3911 non

2023 3950 2216 4013 minus,
2249 3964 2404 4017 quam
2435 3947 2501 4001 de
2527 3947 2655 4010 suis,
2684 3946 2994 4016 gaudentes.
3019 3947 3184 4011 Quem
3215 3947 3373 4017 igitur
3392 3950 3590 4002 exitum

2024 4039 2292 4093 habebunt
2334 4054 2421 4093 res
2461 4048 2657 4091 nostra:
2678 4079 2692 4100 ,
2722 4038 2766 4091 si
2792 4051 2965 4092 cuncti
2991 4052 3088 4092 nos
3120 4040 3420 4094 imitemur?
3446 4039 3593 4093 Nunc

2024 4137 2163 4187 enim
2209 4140 2422 4201 propter
2460 4147 2551 4185 eos
2592 4133 2861 4201 perierunt
2896 4147 2959 4185 ac
2995 4141 3238 4200 corrupta
3288 4141 3412 4185 sunt
3438 4175 3451 4197 ,
3495 4133 3584 4201 qui

2026 4224 2183 4293 longe
2216 4225 2283 4278 ab
2322 4224 2423 4277 hoc
2454 4224 2577 4277 vitae
2612 4226 2850 4277 instituto
2874 4234 3169 4278 versantur.
3199 4225 3240 4278 Τ
3247 4241 3276 4277 ιι
3310 4241 3434 4280 vero
3464 4226 3588 4278 dum

2024 4314 2290 4369 contraria
2319 4314 2596 4379 decernis,
2630 4314 2855 4383 idipsum
2894 4315 3054 4380 facis,
3091 4330 3154 4368 ac
3188 4317 3232 4370 si
3266 4317 3383 4385 quis
3428 4318 3594 4388 lyram

2025 4408 2284 4461 concinne
2318 4416 2548 4476 aptatam
2578 4408 2728 4475 quasi
2766 4408 3001 4461 inutilem
3040 4408 3349 4477 reprobaret
3375 4450 3389 4473 ,
3441 4425 3595 4465 secus

2026 4498 2330 4565 dispositam
2357 4538 2372 4564 ,
2404 4497 2488 4551 vel
2525 4498 2814 4551 intentione
2838 4539 2853 4562 ,
2878 4498 2961 4552 vel
2991 4499 3298 4551 remissione
3326 4499 3484 4553 nimia
3516 4500 3594 4553 la-

2026 4588 2336 4643 befactatam
2365 4629 2379 4652 ,
2417 4588 2655 4642 idoneam
2697 4588 2897 4641 diceret
2942 4589 3006 4641 ad
3052 4590 3401 4657 pulsationein
3438 4600 3491 4643 et
3529 4591 3595 4644 ad

2026 4689 2381 4749 spectatorum
2404 4680 2744 4747 voluptatem.
2774 4682 2841 4732 At
2862 4695 3031 4747 neque
3056 4681 3121 4733 ad
3150 4682 3360 4735 inusicie
3385 4682 3598 4750 imperio

2030 4772 2152 4825 tiam
2180 4771 2293 4823 haec
2320 4770 2543 4824 dicentis
2568 4770 2708 4823 aliud
2740 4770 2909 4838 majus
2936 4783 3302 4839 argumentum
3331 4788 3598 4840 quaerere-

2029 4880 2164 4925 mus,
2192 4877 2364 4931 neque
2385 4862 2451 4915 ad
2479 4862 2698 4915 livorem
2721 4871 2774 4916 et
2795 4863 3231 4917 iulunnanitatem
3255 4865 3488 4925 illorum.
3506 4868 3597 4935 qui

2030 4955 2098 5007 ita
2126 4954 2435 5017 decernunt,
2458 4953 2977 5007 commonstrandam
3000 4955 3203 5022 signum
3232 4955 3370 5008 aliud
3401 4957 3600 5011 clarius

2030 5046 2408 5115 profcrremus.
2428 5046 2618 5100 Verum
2642 5047 2766 5115 quid
2788 5047 2969 5100 dicunt
2995 5057 3172 5116 patres
3198 5049 3268 5102 illi
3299 5050 3386 5118 qni
3418 5050 3601 5104 mode-

2031 5137 2227 5190 ratiore
2255 5136 2432 5190 animo
2458 5138 2613 5189 sunt?
2647 5137 2890 5202 Discant,
2919 5139 3095 5200 aiunt,
3129 5140 3354 5206 primum
3388 5140 3598 5208 literas,

2030 5238 2186 5296 atque
2227 5244 2347 5281 cum
2384 5228 2488 5281 illis
2527 5228 2689 5297 probe
2726 5230 2908 5283 imbuti
2951 5229 3178 5296 fuerint,
3214 5242 3335 5285 tunc
3367 5233 3602 5301 philoso-

2033 5319 2207 5389 phiam
2251 5319 2385 5373 hanc
2424 5329 2705 5373 exerceant
2748 5338 2760 5373 :
2800 5330 2923 5374 tunc
2962 5337 3118 5375 nemo
3171 5324 3487 5391 prohibebit.
3536 5326 3603 5379 Et

2033 5409 2168 5463 unde
2194 5418 2398 5464 certum
2428 5411 2529 5463 erit
2552 5411 2669 5464 illos
2693 5410 2760 5465 ad
2783 5412 2985 5465 virilem
3016 5423 3224 5467 aetatem
3253 5427 3599 5483 perventuros

2030 5506 2186 5559 esse?
2217 5506 2365 5559 multi
2386 5507 2526 5559 enim
2558 5517 2871 5575 praematura
2904 5519 3074 5564 morte
3101 5510 3292 5563 sublati
3321 5522 3462 5563 sunt.
3493 5511 3597 5566 Sed

2029 5598 2349 5651 concedatur
2378 5597 2429 5651 id
2457 5608 2657 5653 certum
2681 5615 2829 5666 esse,
2864 5615 3221 5669 ponatnnsquc
3253 5603 3366 5655 illos
3394 5601 3598 5656 Futuros

2029 5704 2147 5742 esse
2181 5691 2358 5753 viros;
2398 5691 2516 5759 quis
2552 5706 2776 5758 sponsor
2808 5693 2909 5745 erit
2944 5708 3039 5761 pro
3078 5693 3161 5746 illa
3201 5695 3359 5763 priori
3396 5695 3600 5748 aetate?

2029 5780 2292 5836 Nihildum
2317 5783 2645 5836 contentiose
2668 5783 2807 5849 dico,
2828 5800 2946 5837 nam
2975 5786 3019 5838 si
3040 5787 3158 5854 quis
3180 5786 3315 5840 hanc
3339 5786 3599 5855 praeberet

2036 5873 2296 5939 Inluciam,
2316 5890 2379 5929 ne
2402 5883 2507 5929 tum
2532 5876 2744 5946 quidem
2771 5878 3052 5934 educerem
3073 5894 3193 5936 sum
3220 5880 3383 5936 literis
3412 5881 3597 5938 imbuti
