4116 6392
569 347 592 368 σ

489 463 592 520 36⁸1

488 583 692 635 essent,
723 569 814 624 sed
845 579 970 622 tunc
999 563 1264 638 pracipue
1294 559 1398 614 illic
1426 565 1644 610 manere
1667 551 1943 621 juberem;
1973 561 2074 600 nec

498 666 770 721 laudarem
799 671 893 714 eos
916 699 931 724 ,
973 657 1060 726 qui
1097 655 1164 709 ad
1205 651 1376 720 fugam
1421 647 1859 704 cohortarentur,
1891 639 1985 694 sed
2017 646 2076 691 ut

495 767 803 815 communes
844 750 1148 820 reipublicae
1185 745 1365 800 hostes
1395 753 1674 794 aversarer
1701 753 1714 789 :
1747 735 1867 804 quia
1898 733 2074 785 lucer-

495 865 592 904 nas
614 847 960 904 occultantes,
985 850 1037 893 et
1064 836 1344 892 luminaria
1365 848 1430 887 ex
1454 831 1586 884 urbe
1607 827 1658 881 in
1686 826 1953 879 desertum
1980 820 2078 873 du-

495 949 700 1001 centes,
719 936 987 990 civitatem
1013 927 1259 984 maximis
1278 925 1547 995 privarent
1567 916 1960 974 emolumentis.
1984 912 2077 966 Sin

496 1041 676 1086 autem
701 1043 858 1082 nemo
887 1024 1064 1088 fuerit,
1095 1022 1182 1091 qui
1210 1021 1322 1072 hanc
1343 1014 1580 1088 polliceri
1606 1011 1793 1082 possit,
1821 1023 1940 1078 qum
1973 1006 2078 1059 uti-

502 1123 621 1176 litas
649 1121 693 1175 si
719 1119 786 1173 ad
817 1117 1095 1186 magistros
1121 1113 1416 1172 mittantur,
1443 1107 1531 1162 ubi
1562 1106 1707 1176 prius
1741 1102 1893 1164 vitia,
1919 1114 2079 1169 quam

498 1217 682 1269 literas
711 1211 950 1267 ediscent
972 1251 985 1271 ,
1015 1206 1248 1275 dumque
1280 1203 1331 1256 id
1356 1201 1498 1270 quod
1541 1199 1711 1252 minus
1749 1204 1832 1250 est
1870 1192 2081 1262 assequi

501 1304 793 1358 studebunt
812 1343 826 1366 ,
859 1297 998 1369 quod
1034 1295 1201 1365 majus
1226 1303 1307 1349 est
1339 1291 1594 1362 perdent,
1620 1290 1760 1340 vires
1785 1285 1946 1340 animi
1976 1283 2082 1337 sci-

501 1397 648 1460 licet,
680 1405 1002 1459 omnemque
1033 1386 1307 1458 probitatis
1345 1380 1618 1437 indolem?
1646 1377 1780 1445 Quid
1807 1376 1975 1446 ergo?
2005 1375 2084 1428 lu—

503 1489 673 1542 dosne
699 1500 886 1540 omnes
915 1483 1180 1538 literarios
1206 1479 1500 1542 diruemus,
1532 1475 1718 1529 aiunt?
1749 1472 1961 1527 Minime
1984 1469 2086 1523 hoc

506 1579 629 1634 dico
658 1595 672 1631 :
705 1577 800 1632 sed
831 1584 882 1629 ut
915 1590 984 1629 ne
1015 1573 1224 1627 virtutis
1263 1570 1600 1624 destruatnus
1641 1564 1952 1623 aedilicium,
1985 1575 2086 1614 neu

506 1672 681 1723 vivam
703 1669 990 1721 obruamus
1021 1665 1272 1717 animam.
1302 1660 1430 1728 Qum
1469 1661 1510 1713 si
1542 1668 1844 1727 temperans
1874 1654 2086 1724 quidem

507 1761 690 1825 fuerit,
720 1758 920 1812 nullum
951 1772 1015 1810 ex
1047 1756 1317 1808 literarum
1347 1750 1606 1819 imperitia
1639 1757 1892 1816 sequetur
1920 1744 2087 1798 detri-

510 1862 778 1916 mentum;
803 1853 883 1904 sin
906 1857 1153 1915 corrupta
1177 1844 1354 1904 fuerit.
1379 1843 1666 1896 maximum
1689 1838 1939 1892 damnum
1966 1835 2087 1900 erit,

509 1944 720 2000 etiamsi
763 1945 941 2012 lingua
971 1940 1315 1994 vehementer
1350 1945 1502 1988 acuta
1548 1932 1705 1987 fuerit
1734 1942 1785 1984 et
1805 1929 2053 1998 expolita
2073 1967 2088 1992 ,

512 2045 769 2103 tantoque
807 2033 975 2103 majus
1001 2032 1289 2092 damnum,
1317 2036 1517 2097 quanto
1563 2024 1733 2094 major
1777 2021 1987 2077 dicendi
2015 2021 2094 2074 vis

513 2127 817 2181 accesserit.

588 2217 826 2288 Nequitia
869 2232 981 2268 cum
1021 2213 1304 2284 eloquentia
1332 2211 1603 2280 conjuncta
1631 2208 1764 2278 quod
1794 2206 2002 2259 malum.
2025 2232 2098 2244 —--
2125 2247 2129 2250 .

514 2312 755 2380 Nequitia
783 2309 923 2363 enim
950 2299 1071 2361 eum
1097 2305 1305 2360 dicendi
1334 2303 1583 2358 facultate
1612 2302 1894 2369 conjuncta
1929 2297 2097 2351 multo

514 2401 800 2464 deteriora,
827 2416 984 2469 quam
1023 2397 1306 2466 imperitia,
1331 2395 1467 2448 mala
1495 2408 1680 2462 parere
1704 2391 1860 2445 solet.
1886 2389 2024 2455 Quid
2051 2388 2096 2442 si

515 2495 640 2548 illuc
677 2494 952 2553 abeuntes,
993 2490 1227 2559 inquiet,
1266 2499 1614 2557 prtetcrquam
1645 2485 1784 2556 quod
1814 2485 2096 2537 tardiorem

516 2584 747 2652 linguam
773 2581 1020 2642 habeant,
1043 2580 1109 2633 ab
1136 2579 1220 2632 illa
1243 2579 1400 2632 etiam
1433 2579 1625 2630 virtute
1650 2575 1931 2630 excidant?
1960 2573 2098 2641 Quid

520 2691 650 2730 vero
680 2676 722 2729 si
759 2682 1068 2737 manentes,
1105 2667 1192 2726 dic
1222 2672 1370 2734 mihi,
1414 2680 1762 2739 przeterquatn
1805 2667 1945 2737 quod
1987 2666 2096 2718 ani-

517 2785 656 2823 mam
695 2769 949 2838 perdant,
989 2767 1118 2820 nihil
1147 2765 1212 2819 ad
1251 2765 1603 2833 eloquentiam
1638 2765 1687 2817 in
1719 2763 1900 2817 schola
1933 2763 2098 2832 proﬁ-

443 2868 449 2876 '
516 2860 692 2914 ciant?
733 2858 856 2911 Mihi
882 2857 1074 2926 quippe
1101 2856 1265 2924 magis
1292 2855 1408 2908 haec
1441 2855 1620 2907 dicere
1647 2854 1912 2918 convenit,
1939 2867 2098 2920 quam

518 2951 604 3004 illa
631 2950 742 3003 tibi.
772 2949 978 3016 Quare?
1007 2947 1136 3015 Quia
1168 2947 1266 3001 etsi
1296 2947 1560 3014 utrimque
1583 2945 1815 2998 futurum
1838 2944 2098 2998 incertum

519 3053 708 3108 est,ex
738 3052 819 3096 tua
864 3050 1008 3110 parte
1039 3039 1293 3093 incertius
1330 3048 1431 3093 est.
1477 3037 1755 3103 Quomodo
1796 3047 1848 3090 et
1889 3051 1991 3105 qua
2032 3034 2100 3091 de

519 3133 715 3186 causa?
766 3133 898 3198 Quia
957 3131 1252 3184 litterarum
1302 3129 1532 3182 studium
1585 3143 1790 3181 morum
1839 3127 2100 3196 probitate

520 3238 654 3292 opus
685 3221 876 3287 habet,
913 3236 1118 3274 morum
1149 3230 1322 3274 autem
1360 3219 1594 3288 probitas
1622 3234 1724 3272 non
1756 3219 1881 3272 item
1913 3217 2096 3272 literis.

519 3314 946 3382 Temperantiam
994 3327 1185 3382 nempe
1219 3312 1333 3365 sine
1373 3311 1472 3364 hac
1514 3309 1817 3364 eruditione
1847 3323 2100 3364 exercere

520 3420 821 3478 possumus,
851 3388 1202 3458 eruditioaem
1233 3417 1360 3456 vero
1385 3402 1584 3471 absque
1607 3415 1811 3455 morum
1837 3401 2101 3468 probitate

520 3513 679 3551 uento
709 3507 1021 3565 assequatur
1050 3511 1320 3564 umquam,
1349 3511 1468 3547 cunt
1500 3510 1658 3547 omne
1690 3504 1897 3560 tempus
1926 3493 1977 3545 in
2005 3508 2100 3546 ne-

523 3589 687 3657 quitia
729 3598 780 3639 et
825 3586 1034 3640 lascivia
1080 3587 1408 3638 ahsumatnr.
1455 3585 1632 3652 Itaque
1669 3583 1810 3653 quod
1851 3583 1957 3636 illic
1993 3599 2103 3637 nte-

524 3679 730 3742 tucbas,
760 3677 846 3732 hic
878 3693 1088 3747 quoque
1128 3676 1418 3730 timendum
1449 3685 1558 3739 cst;
1609 3676 1714 3727 imo
1751 3684 1896 3727 tanto
1936 3675 2103 3740 magis

520 3770 631 3836 hic,
653 3767 850 3838 quanto
877 3767 1202 3837 frequentius
1237 3784 1264 3817 a
1301 3781 1465 3834 scopo
1503 3765 1800 3826 aberratnr,
1825 3775 1876 3818 et
1904 3774 2104 3833 quanto

521 3863 810 3933 majoribus
835 3862 901 3915 de
929 3862 1088 3915 rebus
1116 3860 1403 3930 periculum
1430 3868 1528 3913 est.
1560 3860 1731 3928 Atque
1762 3858 1867 3910 illic
1887 3856 2102 3925 quidem

521 3955 680 4009 unius
720 3963 924 4008 tantum
967 3953 1041 4006 rei
1082 3952 1389 4006 exercitatio
1421 3951 1716 4003 necessaria
1751 3959 1826 4002 est
1850 3991 1864 4014 ,
1896 3949 1980 4001 hic
2005 3963 2101 4000 au-

524 4059 630 4102 tem
665 4062 751 4100 res
773 4046 891 4100 dua:
920 4045 1256 4114 acquirendae
1283 4049 1672 4112 proponuntur,
1698 4042 1770 4094 ita
1801 4049 1856 4093 ut
1881 4041 2101 4093 alteram

523 4141 639 4194 sine
658 4140 825 4194 altera
847 4138 1078 4192 nancisci
1107 4150 1362 4206 nequeas,
1393 4135 1571 4188 literas
1607 4148 1799 4202 nempe
1828 4133 1943 4186 sine
1972 4143 2106 4186 tem-

526 4231 784 4300 perantia.
828 4229 920 4284 Sin
951 4237 1126 4282 autem
1151 4230 1248 4289 vis,
1280 4225 1420 4296 quod
1449 4240 1572 4279 vere
1615 4240 1719 4277 non
1764 4232 1936 4293 potest
1964 4239 2099 4287 esse,

523 4321 879 4376 concedamus
909 4335 1028 4374 esse
1059 4334 1247 4388 posse;
1289 4318 1414 4387 quid
1451 4317 1660 4371 tandem
1697 4317 1818 4370 boni
1857 4317 2010 4370 nobis
2039 4317 2106 4369 ab

524 4413 625 4468 hac
665 4414 846 4482 peritia
869 4413 1154 4494 contiqgat,
1188 4412 1231 4465 si
1271 4412 1409 4465 letali
1449 4412 1670 4464 vulnere
1703 4409 2105 4463 confodiamur?

522 4503 647 4573 quid
674 4519 802 4558 vero
825 4503 948 4556 mali
980 4504 1046 4556 ab
1067 4502 1350 4572 imperitia,
1377 4502 1421 4556 si
1451 4518 1567 4570 quze
1598 4501 1824 4554 maxima
1858 4509 1981 4553 sunt
2015 4517 2103 4555 as-

523 4597 842 4666 sequamur?
872 4596 996 4650 Πειτο
1025 4611 1151 4649 vero
1179 4612 1280 4648 non
1306 4595 1474 4648 solum
1502 4594 1638 4664 apud
1666 4609 1783 4656 nos,
1815 4594 1903 4663 qui
1927 4603 2107 4648 exter-

524 4705 645 4742 nam
669 4691 811 4743 illam
843 4688 1154 4758 sapientiam
1177 4688 1431 4748 ridemus,
1453 4703 1677 4756 eamquc
1697 4686 1970 4760 stultitiam
1989 4701 2108 4741 esse

524 4781 865 4846 arbitramur,
891 4780 982 4834 sed
1010 4780 1166 4834 etiam
1189 4779 1325 4849 apud
1357 4781 1497 4848 ipsos
1522 4789 1734 4832 exteros
1765 4777 2108 4846 philosophos

526 4872 578 4925 in
615 4872 858 4925 cenfesso
887 4871 1166 4924 habentur.
1213 4869 1336 4923 Ideo
1366 4886 1430 4923 ex
1461 4869 1562 4922 illis
1591 4869 1798 4938 plurimi
1834 4884 1938 4921 non
1975 4869 2110 4922 mul-

527 4974 636 5015 tnm
653 4962 834 5016 literas
849 4970 1132 5026 curarunt;
1161 4961 1250 5014 alii
1272 4976 1397 5012 vero
1419 4962 1627 5029 penitus
1649 4968 2106 5027 contempserunt,

525 5063 580 5108 et
614 5055 843 5123 imperiti
875 5066 1302 5122 permanserunt,
1329 5063 1600 5122 totamque
1623 5055 1784 5106 vitam
1813 5053 1864 5106 in
1893 5068 1955 5107 ea
1986 5053 2106 5122 phi-

524 5144 782 5213 losophiae
823 5155 990 5212 parte,
1022 5159 1140 5213 quin
1171 5158 1346 5198 mores
1377 5143 1610 5211 reslticit,
1647 5154 1882 5211 agentes,
1919 5144 2106 5197 claris-

525 5235 647 5288 simi
693 5245 852 5304 atque
884 5235 1215 5288 celeberrimi
1243 5243 1544 5287 evaserunt.
1592 5235 1796 5287 Etenim
1827 5236 2104 5288 Anachar-

525 5328 602 5381 sis
621 5370 634 5391 ,
664 5326 849 5381 Crates
876 5337 928 5380 et
950 5327 1211 5395 Diogenes
1237 5326 1351 5395 ejus
1381 5327 1578 5380 nullam
1616 5325 1848 5380 habuere
1888 5342 2104 5391 curam;

527 5419 635 5472 imo
666 5433 731 5471 ne
761 5417 1008 5472 Socrates
1036 5417 1245 5486 quidem
1275 5459 1285 5478 ,
1325 5427 1383 5470 ut
1410 5417 1644 5470 nonnulli
1672 5417 1854 5470 dicunt
1878 5458 1891 5478 ,
1928 5417 2107 5487 hujus-

525 5526 632 5578 qne
677 5510 753 5565 rei
798 5511 944 5563 testis
987 5511 1140 5564 nobis
1173 5526 1291 5564 esse
1329 5511 1494 5578 possit
1534 5513 1594 5572 is,
1633 5513 1720 5578 qui
1759 5510 1858 5564 hac
1899 5511 1948 5564 in
1995 5522 2108 5565 arte

527 5599 684 5669 longe
708 5609 931 5655 caeteros
960 5603 1262 5665 antevertit,
1299 5610 1354 5654 et
1391 5600 1479 5668 qui
1521 5615 1603 5664 ea,
1638 5617 1758 5670 qua:
1801 5601 1947 5654 illum
1989 5617 2108 5670 spc-

481 5712 490 5724 ’
528 5694 761 5756 ctabant,
784 5694 938 5763 longe
965 5693 1262 5748 accuratius
1283 5709 1437 5762 quam
1459 5695 1660 5759 eieteri,
1691 5704 1926 5748 noverat.

613 5781 769 5837 Verba
812 5783 1038 5836 Socratis
1085 5783 1225 5853 apud
1267 5783 1532 5838 Platonem
1559 5785 1702 5838 initio
1731 5786 2008 5856 Apologus.
2037 5817 2108 5826 ——

535 5870 664 5927 Cum
685 5873 820 5926 enim
850 5873 994 5929 illiilli
1023 5873 1304 5946 aliquando
1329 5875 1395 5930 ad
1425 5877 1650 5932 tribunal
1689 5878 2103 5949 introduxisset,

1197 448 1256 505 S.
1292 441 1570 503 JOANNIS
1604 433 2080 498 CllRYSOSTOMl
2117 429 2438 487 ARCHIEP.
2478 423 3010 485 CONSTANTINOP.

3650 423 3766 478 358

2183 559 2243 598 ut
2267 558 2482 599 causam
2517 557 2683 614 suam
2711 539 3040 605 defenderet,
3070 541 3123 594 in
3162 539 3402 609 apologis
3447 538 3513 594 ad
3551 539 3767 608 indices

2181 640 2250 692 ita
2282 640 2586 709 loquentem
2615 636 2816 691 inducit
2840 654 2851 688 :
2894 634 2994 690 Vos
3019 645 3186 689 autem
3216 651 3278 688 ea:
3301 650 3380 688 me
3404 635 3624 688 audituri
3643 637 3772 690 estis

2181 747 2378 783 omnem
2399 730 2649 783 veritatem
2671 745 2689 793 ,°
2718 736 3026 792 nontamen,
3049 743 3126 780 me
3157 724 3356 787 Hercle,
3380 727 3472 779 viri
3492 727 3772 779 Athenien-

2181 839 2278 887 ses,
2311 823 2536 876 oratione
2561 821 2796 891 eleganti,
2828 830 2882 872 ut
2907 821 2990 874 isti
3011 861 3026 884 ,
3052 819 3209 873 verbis
3237 836 3297 871 ac
3319 820 3774 873 nominibusexor-

2183 923 2304 965 nata
2328 928 2346 966 :
2372 911 2460 965 sed
2495 911 2720 976 audituri
2745 911 2861 964 estis
2887 910 3176 980 vulgaribus
3202 910 3452 978 obviisque
3483 909 3774 971 nominibus

2185 1006 2486 1075 loquentem.
2531 1002 2692 1058 Credo
2730 1004 2862 1056 enim
2889 1003 3035 1072 justo
3060 1019 3164 1056 esse
3191 1019 3305 1073 qua
3325 1003 3470 1066 dico,
3502 1002 3777 1073 nullusque

2187 1107 2404 1150 vestrum
2430 1095 2573 1149 aliud
2612 1104 2878 1163 exspectet.
2914 1093 3094 1163 Neque
3119 1095 3250 1148 enim
3276 1099 3523 1164 profecto,
3545 1096 3773 1166 judices,

2187 1187 2302 1239 huic
2317 1188 2452 1240 relati
2463 1187 2705 1248 convenit,
2726 1187 2854 1240 velut
2866 1186 3256 1251 adolescentulo,
3274 1187 3582 1240 concinnatis
3602 1187 3669 1240 ad
3686 1203 3776 1241 vos

2186 1278 2380 1348 ingredi
2403 1277 2579 1332 verbis.
2611 1277 2722 1332 Hoc
2743 1287 2917 1331 autem
2937 1293 3056 1330 cum
3077 1277 3224 1344 dicit,
3242 1277 3473 1332 ostendit
3497 1293 3681 1333 senon
3705 1293 3776 1332 ex

2189 1371 2525 1441 negligentia,
2545 1371 2637 1424 sed
2666 1369 2803 1438 quod
2827 1385 2946 1424 eam
2971 1385 3082 1423 rem
3111 1385 3216 1423 non
3237 1369 3411 1439 magni
3433 1369 3644 1434 faceret,
3673 1385 3778 1424 nec

2190 1465 2459 1529 didicisse,
2489 1478 2584 1518 nec
2614 1464 2703 1517 illa
2727 1479 2876 1517 usum
2900 1461 3081 1516 fuisse.
3106 1462 3283 1532 Itaque
3305 1479 3409 1517 non
3435 1462 3780 1532 philosopho-

2191 1573 2308 1610 rum
2332 1565 2412 1610 est
2443 1556 2763 1625 eloquentia,
2788 1558 2895 1608 imo
2919 1570 2985 1609 ne
3008 1555 3244 1608 virorum
3265 1555 3499 1624 quidem,
3525 1555 3618 1608 sed
3646 1555 3784 1609 ado—

2193 1648 2603 1703 lescentulorum
2628 1657 2828 1701 tantum
2860 1647 3151 1702 ludentium
3175 1648 3459 1713 aemulatio,
3486 1656 3544 1701 ut
3567 1656 3620 1702 et
3648 1649 3782 1715 ipsis

2193 1753 2404 1808 quoque
2440 1737 2774 1808 philosophis
2797 1737 3036 1802 videtur;
3081 1755 3178 1792 nec
3205 1739 3326 1791 aliis
3351 1739 3509 1792 modo
3535 1739 3782 1808 philoso-~

2196 1829 2335 1899 phis,
2373 1829 2465 1882 sed
2504 1830 2663 1882 etiam
2701 1829 2770 1891 ei,
2800 1829 2890 1898 qui
2929 1843 3117 1883 omnes
3163 1829 3318 1884 facile
3362 1831 3671 1898 superavit:
3699 1838 3783 1883 et—

2196 1921 2338 1973 enim
2360 1919 2667 1988 magistrutn
2697 1934 2756 1972 ea
2786 1935 2843 1972 re
2864 1917 3044 1973 ornari
3076 1935 3179 1974 non
3213 1920 3488 1988 permittit,
3511 1935 3630 1974 cum
3655 1936 3782 1974 eum

2197 2021 2441 2065 ornatum
2484 2021 2688 2080 turpem
2728 2011 3146 2081 philosopltoque
3187 2011 3454 2081 indignum
3490 2012 3782 2066 existimet.

2198 2105 2394 2159 Verum
2421 2105 2534 2159 hare
2562 2105 2625 2158 ad
2649 2104 2914 2159 inﬁdelem
2940 2105 3242 2174 quempiam
3271 2105 3460 2160 merito
3489 2105 3607 2175 quis
3627 2105 3785 2159 dixe:

2200 2200 2300 2263 rit;
2347 2199 2453 2252 imo
2482 2214 2608 2253 vero
2635 2198 2700 2252 ad
2729 2199 2937 2252 fidelem
2970 2201 3155 2269 magis.
3199 2199 3477 2266 Quomodo
3501 2201 3643 2253 enim
3673 2215 3787 2255 non

2201 2293 2486 2347 absurdum
2515 2292 2706 2357 fuerit,
2747 2308 2870 2346 cum
2903 2293 2935 2345 ii
2963 2292 3157 2356 etiam,
3186 2293 3273 2362 qui
3306 2292 3656 2346 multitudinis
3692 2307 3788 2344 au-

2202 2404 2314 2441 ram
2337 2397 2687 2456 aucupautur,
2712 2403 2810 2442 nec
2836 2388 2942 2442 alio
2967 2389 3124 2442 modo
3153 2404 3309 2458 quam
3335 2399 3548 2444 externa
3572 2391 3789 2459 sapien-

2205 2481 2274 2533 tia
2308 2481 2434 2533 clari
2465 2495 2583 2534 esse
2615 2490 2869 2548 possunt,
2915 2495 3032 2534 eam
3087 2479 3217 2534 nihil
3267 2496 3387 2536 esse
3437 2481 3785 2548 arbitrentur,

2210 2586 2308 2625 nos
2335 2571 2476 2624 illam
2501 2586 2667 2639 usque
2689 2571 2823 2624 adeo
2845 2572 3023 2625 mirari
3045 2573 3278 2642 tantique
3296 2571 3489 2634 facere,
3510 2583 3647 2628 utea
3667 2589 3790 2643 qua:

2205 2665 2435 2718 maxime
2458 2665 2757 2718 necessaria
2793 2674 2917 2718 sunt
2939 2675 3154 2734 pr0pter
3175 2665 3318 2720 illam
3349 2667 3792 2721 contemnamus?

2275 2755 2360 2808 12.
2388 2754 2562 2808 Sancti
2587 2756 2679 2808 viri
2697 2765 2886 2825 quanta
2910 2757 3016 2808 sine
3041 2756 3322 2825 eloquentia
3349 2758 3692 2826 priestiterint.
3717 2787 3790 2797 —-

2205 2846 2285 2900 Ad
2317 2847 2582 2906 infidelem
2613 2846 2827 2916 quidem
2856 2847 2968 2901 haec
2994 2848 3123 2901 satis
3151 2856 3274 2902 sunt
3301 2866 3315 2903 :
3339 2847 3404 2900 ad
3428 2848 3638 2901 ﬁdelem
3659 2863 3793 2904 vero

2204 2948 2256 2992 et
2289 2939 2400 2991 haec
2438 2949 2490 2992 et
2517 2938 2619 2992 alia
2650 2954 2714 2992 ex
2744 2939 2942 2992 nostris
2967 2938 3283 2992 documenta
3329 2938 3597 2993 afferenda
3639 2950 3789 2994 sunt.

2204 3028 2459 3097 Quzenam
2490 3029 2613 3082 illa?
2645 3028 2814 3098 Magni
2847 3029 2924 3082 illi
2945 3039 2996 3082 et
3016 3029 3183 3084 sancti
3214 3029 3346 3094 viri,
3379 3031 3465 3098 qui
3493 3031 3645 3097 primi
3669 3030 3791 3084 fue-

2206 3129 2349 3184 runt,
2378 3134 2498 3173 eum
2529 3120 2695 3174 litera:
2727 3120 2958 3174 nondum
2988 3129 3200 3184 essent;
3233 3130 3340 3174 tum
3371 3121 3402 3174 ii
3423 3121 3509 3190 qui
3530 3132 3648 3191 post
3669 3123 3792 3178 illos

2204 3209 2438 3276 fuerunt,
2467 3227 2585 3265 cum
2610 3211 2776 3266 literae
2807 3213 3018 3282 quidem
3047 3221 3245 3278 essent,
3269 3213 3626 3269 dicendivero
3651 3217 3792 3284 peri.

2206 3305 2276 3358 tia
2305 3305 2570 3369 nondum;
2604 3315 2658 3360 et
2677 3307 2765 3375 qui
2791 3305 2888 3360 hos
2910 3307 3120 3376 sequuti
3144 3316 3285 3370 sunt,
3310 3322 3430 3361 cum
3460 3316 3513 3363 et
3543 3308 3711 3362 literxc
3740 3319 3793 3364 et

2205 3397 2415 3452 dicendi
2461 3397 2646 3466 peritia
2693 3407 2892 3452 essent.
2943 3398 3020 3451 Illi
3055 3415 3182 3453 vero
3215 3397 3413 3468 (primi)
3445 3410 3794 3469 utrorumque

2176 3500 2453 3559 expertes
2497 3501 2678 3554 erant;
2722 3507 2826 3544 non
2860 3490 3018 3543 modo
3055 3491 3196 3545 enim
3233 3491 3552 3560 eloquentiae
3575 3491 3793 3544 institu-

2207 3583 2372 3643 tione,
2413 3581 2508 3635 sed
2552 3583 2711 3636 etiam
2754 3582 3026 3635 literarum
3069 3584 3254 3651 peritia
3291 3583 3442 3636 vacui
3472 3591 3626 3636 erant
3656 3599 3670 3636 :
3699 3583 3794 3651 qui

2209 3685 2386 3727 tamen
2419 3674 2501 3728 vel
2544 3673 2608 3726 iis
2637 3675 2688 3726 in
2726 3673 2906 3737 rebus,
2938 3675 2989 3727 in
3017 3675 3209 3742 quibus
3233 3658 3554 3744 eloquentim
3580 3675 3661 3727 vis
3691 3689 3795 3728 ne-

2207 3765 2439 3820 cessaria
2468 3780 2588 3819 esse
2615 3765 2847 3831 videtur,
2875 3779 3041 3834 usque
3065 3765 3200 3820 adeo
3222 3766 3306 3832 iis,
3330 3766 3418 3836 qui
3442 3767 3794 3821 illaiustructi

2207 3867 2382 3924 erant,
2413 3857 2852 3922 antecelluerunt,
2883 3867 2938 3912 ut
2968 3859 3021 3911 hi
3047 3859 3418 3928 insipientibus
3443 3859 3620 3928 pueris
3644 3859 3798 3914 dete-

2209 3950 2378 4003 riores
2411 3964 2530 4004 esse
2560 3949 2884 4004 viderentur.
2935 3947 3066 4003 Cum
3093 3950 3236 4004 enim
3261 3951 3609 4018 persuadendi
3633 3952 3712 4004 vis
3742 3953 3796 4006 in

2208 4042 2506 4112 eloquentia
2535 4042 2764 4096 maxime
2805 4041 3012 4096 sitasit
3037 4083 3050 4106 ,
3087 4051 3141 4095 et
3180 4051 3354 4095 tamen
3396 4043 3693 4111 philosophi
3728 4060 3797 4098 ne

2209 4151 2372 4188 unum
2401 4148 2647 4204 umquam
2683 4143 2966 4204 tyrannum
3002 4133 3400 4202 superaverint;
3434 4134 3505 4188 illi
3532 4150 3662 4187 vero
3689 4135 3798 4188 im-

2209 4227 2362 4296 periti
2406 4238 2459 4280 ct
2497 4227 2674 4280 idiota:
2721 4235 2888 4280 totum
2933 4225 3118 4279 orbem
3160 4226 3544 4290 converterint,
3580 4226 3796 4294 planum

2209 4327 2291 4372 est
2317 4318 2454 4382 apud
2484 4332 2597 4382 eos,
2622 4317 2826 4371 scilicet
2865 4317 3133 4370 literarum
3178 4317 3452 4386 imperitos
3479 4326 3533 4370 et
3562 4317 3756 4370 idiotas
3776 4361 3791 4380 ,

2210 4411 2484 4479 sapientia:
2516 4409 2743 4478 palmam
2781 4423 2918 4474 esse,
2962 4424 3066 4461 non
3113 4418 3289 4462 autem
3338 4409 3476 4477 apud
3522 4409 3661 4474 illos,
3704 4412 3799 4478 qui

2213 4512 2435 4571 utraque
2469 4503 2716 4556 facultate
2752 4501 3042 4570 pollebant.
3087 4500 3237 4555 Adeo
3275 4509 3330 4554 ut
3359 4516 3485 4553 vera
3513 4503 3796 4568 sapientia,

2212 4611 2443 4664 veraque
2487 4594 2710 4648 eruditio
2749 4594 2881 4648 nihil
2908 4594 3047 4648 aliud
3075 4593 3176 4656 sit,
3209 4609 3367 4663 quam
3401 4595 3490 4647 Dei
3521 4596 3695 4648 timor.
3726 4595 3801 4648 At

2213 4704 2371 4743 nemo
2401 4697 2546 4756 putet
2576 4704 2661 4742 me
2687 4687 2824 4742 hanc
2849 4688 3019 4756 legem
3048 4696 3299 4752 statuere,
3330 4687 3470 4758 quod
3499 4688 3649 4757 pueri
3677 4703 3801 4741 esse

2213 4780 2443 4835 debeant
2472 4781 2721 4848 imperiti.
2750 4779 2853 4834 Sed
2884 4780 2928 4833 si
2951 4780 3068 4850 quis
3090 4795 3174 4834 me
3203 4780 3269 4833 de
3297 4780 3800 4840 necessariissecn-

2213 4888 2328 4926 rum
2359 4883 2654 4942 prmstarct,
2691 4858 2886 4925 nollem
2917 4871 3173 4940 impedire
3211 4871 3336 4941 quin
3380 4871 3478 4925 hoc
3518 4888 3582 4926 ex
3623 4873 3801 4926 abun-

2213 4963 2388 5016 dantia
2422 4963 2589 5017 ﬁeret.
2626 4962 3080 5028 Quemadmodum
3102 4962 3240 5015 enim
3260 4964 3533 5015 concussis
3553 4977 3672 5015 cum
3701 4962 3803 5015 do-

2215 5072 2302 5110 tuo
2334 5064 2438 5108 tota
2469 5053 2827 5108 fundamentis
2849 5097 2862 5119 ,
2909 5065 3121 5123 totaque.
3161 5053 3357 5108 fabrica
3399 5053 3604 5106 ruinam
3635 5055 3801 5107 mini-

2215 5157 2379 5211 tante,
2415 5158 2668 5204 extrema:
2719 5149 3002 5204 dementiae
3054 5165 3116 5204 ac
3169 5150 3484 5218 insipientia:
3538 5160 3683 5204 esset
3729 5153 3800 5205 ad

2215 5240 2457 5302 illitores,
2494 5255 2597 5292 non
2627 5237 2692 5292 ad
2724 5248 3017 5298 structores
3043 5255 3258 5294 currere
3287 5259 3297 5292 :
3322 5241 3400 5292 sic
3431 5239 3556 5293 item
3595 5241 3802 5309 imper-

2215 5340 2356 5384 tunae
2386 5330 2741 5382 contentionis
2767 5341 2929 5393 esset,
2952 5330 3242 5397 parietibus
3265 5329 3492 5384 firmiter
3511 5331 3799 5398 stantibus,

2213 5437 2328 5486 eos,
2361 5422 2446 5490 qui
2471 5423 2636 5490 ipsam
2660 5423 2863 5475 illinere
2885 5423 3098 5488 vellent,
3135 5421 3437 5491 prohibere.

2290 5511 2514 5566 Historia
2557 5512 2888 5566 adolescentis
2930 5530 2962 5566 a
3000 5515 3246 5567 monacho
3290 5514 3523 5566 instituti.
3547 5543 3615 5553 —
3642 5514 3800 5582 Quod

2214 5613 2394 5659 autem
2417 5604 2466 5658 id
2485 5619 2548 5658 ex
2571 5605 2748 5659 animo
2765 5606 2970 5675 loquar,
2989 5621 3106 5674 qua:
3133 5605 3261 5674 ipsis
3286 5606 3536 5674 operibus
3562 5607 3799 5673 ostendi,

2216 5695 2332 5751 hac
2354 5697 2461 5766 jatn
2484 5697 2633 5752 vobis
2655 5699 2903 5753 narrabo.
2929 5697 3254 5753 Adolescens
3274 5698 3488 5769 quidam
3506 5700 3800 5755 admodum

2217 5787 2452 5854 locuples
2478 5786 2761 5856 aliquando
2791 5803 2842 5841 m
2869 5787 3001 5841 urbe
3030 5797 3210 5842 nostra
3237 5780 3540 5843 demoratus
3565 5799 3646 5842 est
3671 5805 3803 5844 eru-

2221 5877 2439 5936 ditionis
2468 5877 2805 5948 acquirendae
2827 5879 3015 5950 gratia,
3051 5879 3250 5936 Latina:
3275 5880 3479 5937 scilicet
3500 5890 3552 5934 et
3571 5879 3800 5936 στω.
