4116 6392
300 298 403 354 587

291 417 420 481 τοὺς
440 385 844 487 φυγαδεύοντας
873 412 1068 476 αὐτοὺς
1096 413 1196 466 οὐκ
1222 412 1290 466 ἂν
1312 411 1574 482 ἐπῄνεσα,
1602 407 1718 461 ἀλλ’
1750 407 1827 470 ὡς
1860 423 1973 461 κοι-

293 505 528 576 νούςτῆς
557 503 830 567 πολιτείας
857 502 1084 573 ἐχθροὺς
1114 502 1472 571 ἀπεστράφην
1508 499 1597 565 ἂν,
1624 500 1706 553 ὅτι
1726 500 1852 563 τούς
1878 497 1972 552 λύ-

294 605 453 660 χνους
482 588 837 662 κρύπτοντες,
878 588 973 641 καὶ
1006 589 1132 652 τούς
1172 587 1466 657 φωστῆρας
1502 586 1609 638 ἀπὸ
1638 584 1738 654 τῆς
1764 584 1972 649 πόλεως

207 679 213 685 ’
294 679 390 733 ἐπὶ
416 679 514 749 τὴν
546 679 783 749 ἐρημίαν
803 678 1050 745 ἄγοντες,
1079 676 1148 730 τά
1185 677 1418 747 μέγιστα
1441 675 1569 738 τούς
1594 672 1741 728 ἔνδον
1760 672 1971 726 οἰκοῦν-

293 787 395 834 τας
412 770 671 841 ἐζημίουν
691 770 891 838 ἀγαθά.
918 770 979 822 Εἰ
1007 770 1065 823 δὲ
1090 769 1301 833 οὐδεὶςό
1322 768 1491 822 ταῦτα
1505 767 1782 839 ὐποσχησό
1790 784 1968 838 μενος,

295 861 347 912 τί
376 858 439 913 τὸ
470 859 662 929 ὄφελος
691 859 931 931 πέμπειν
957 861 1037 923 είς
1063 859 1439 921 διδασκάλους,
1471 858 1599 911 ἔνθα
1624 857 1739 930 πρὺι
1757 856 1869 909 τῶν
1884 856 1973 910 λό-

296 963 409 1014 γων
444 950 640 1001 κακίαν
656 947 919 1010 είσονται,
951 948 1046 1001 καὶ
1074 948 1134 1000 τὸ
1164 947 1384 1001 ἔλαττον
1417 945 1729 1017 βουλόμενοι
1763 945 1970 1009 λαϐεῖν,

296 1036 358 1089 τὸ
400 1037 583 1105 μεῖζον
606 1036 955 1099 ἀπολέσουσι,
985 1038 1084 1107 τῆς
1116 1037 1293 1109 ψυχῆς
1324 1038 1421 1108 τὴν
1446 1037 1598 1106 ἰσχὺν
1618 1036 1712 1089 καὶ
1741 1034 1840 1106 τὴν
1881 1036 1972 1088 εὐ-

297 1124 447 1191 εξίαν
491 1125 750 1188 ἆπασανς
798 1126 863 1180 Τί
901 1123 1022 1190 οῦν;
1053 1126 1475 1196 κατασκάψομεν
1508 1124 1577 1177 τὰ
1601 1123 1965 1190 διδασκαλεῖα,

293 1214 497 1285 φησίν;
531 1215 606 1268 Οὐ
644 1213 802 1268 τοῦτο
842 1213 1006 1291 λέγω,
1042 1212 1157 1267 ἀλλ’
1191 1214 1338 1276 ὅπως
1380 1214 1454 1285 μὴ
1495 1213 1595 1283 τὴν
1628 1214 1728 1282 τῆς
1767 1211 1971 1283 ἀρετῆς

297 1304 617 1374 καθέλωμεν
650 1304 958 1375 οἰκοδομὴν,
995 1305 1089 1359 καὶ
1121 1303 1303 1368 ζῶσαν
1327 1303 1717 1376 κατορύξωμεν
1743 1304 1970 1374 τὴν.ψυ-

217 1433 223 1443 .
297 1395 403 1464 χήν
424 1410 438 1423 ·
479 1393 862 1465 σωφρονούσης
884 1393 983 1464 μὲν
1001 1393 1110 1465 γὰρ
1133 1393 1337 1465 ταύτης
1356 1394 1579 1463 οὐδεμία
1610 1394 1717 1448 ἀπὸ
1738 1392 1837 1465 τῆς
1863 1394 1971 1447 τῶν

296 1480 473 1549 λόγων
498 1480 752 1553 ἀπειρίας
787 1480 937 1535 ἐσται
966 1480 1155 1553 ζημία,
1180 1481 1579 1553 διεφθαρμένης
1601 1481 1657 1535 δὲ
1690 1483 1968 1555 μεγίστηή

301 1570 495 1641 βλάϐη,
527 1570 629 1623 κᾶν
658 1561 936 1642 σφόδραή
972 1569 1189 1638 γλῶττα
1227 1571 1537 1641 ήκονημένη
1573 1572 1841 1645 τυγχάνῃ,
1872 1574 1967 1625 καὶ

298 1659 537 1728 τοσούτῳ
595 1660 815 1727 μείζων,
840 1659 1059 1730 ὅσῳπερ
1102 1658 1169 1712 ἂν
1198 1659 1381 1728 ἐκείνη
1412 1662 1586 1731 προσῇ
1621 1662 1655 1728 ἡ
1705 1660 1959 1731 δύναμις.

375 1745 617 1817 Πονηρία
671 1746 781 1818 γὰρ
826 1747 923 1816 τὴν
979 1744 1073 1799 τοῦ
1136 1746 1314 1813 λέγειν
1362 1746 1740 1814 προσλαϐοῦσα
1780 1750 1975 1817 ἐμπει-

304 1837 448 1910 ρίαν,
492 1833 674 1904 πολλῷ
712 1834 973 1905 χείροναι
1017 1834 1119 1904 τῆς
1135 1835 1373 1904 ἀμαθίας
1402 1834 1691 1905 ἐργάζεται
1713 1838 1780 1890 τά
1802 1836 1969 1891 δεινά.

304 1927 471 1981 Ἀνδὲ
502 1926 829 1989 ἀπελθόντες
854 1927 989 1988 ἐκεῖ,
1024 1927 1175 1996 φησὶ,
1207 1926 1344 1997 πρὸς
1364 1926 1443 1998 τῷ
1473 1921 1570 1998 τὴν
1601 1927 1852 1996 γλῶσσαν
1877 1930 1975 1997 ἀρ-

300 2022 537 2093 γοτέραν
574 2020 754 2092 ἔχειν.
784 2018 998 2091 καὶτῆς
1031 2021 1231 2092 ἀρετῆς
1264 2021 1567 2075 ἐκπέσωσιν
1600 2023 1814 2091 ἐκείνης
1838 2040 1854 2080 :
1876 2024 1974 2078 ’Ἂν

300 2116 360 2170 δὲ
411 2115 686 2186 μένοντες,
721 2115 839 2168 εἰπέ
890 2131 1001 2184 μοι,
1047 2115 1182 2184 πρὸς
1209 2114 1288 2186 τῷ
1311 2115 1411 2186 τὴν
1439 2113 1615 2186 ψυχὴν
1642 2117 1971 2189 διαφθεῖραι,

306 2208 472 2281 μηδὲν
498 2211 580 2273 είς
600 2207 931 2276 εὐγλωττίαν
959 2207 1266 2261 ἀπόνωνται
1290 2207 1318 2248 ιι
1337 2207 1436 2277 τῆς
1460 2207 1656 2278 σχολῆς
1678 2226 1693 2275 ;
1725 2210 1847 2279 ἐμοὶ
1867 2210 1974 2282 γὰρ

304 2300 537 2372 ἁρμόσει
564 2300 739 2355 ταῦτα
785 2299 961 2369 λέγειν
992 2299 1267 2373 μᾶλλον,ἦ
1298 2303 1481 2355 ἐκεῖνα
1502 2302 1603 2356 col;
1631 2303 1696 2356 Τί
1741 2303 1972 2374 δήποτε;

304 2399 429 2453 Ὅτι
456 2399 501 2451 εἰ
520 2383 617 2452 καὶ
636 2396 801 2451 τὸτοῦ
827 2397 1113 2468 μέλλοντος
1137 2398 1329 2469 ἄδηλον
1348 2399 1628 2472 ἐκατέρου,
1659 2399 1719 2453 τὸ
1743 2400 1832 2452 σὺν
1850 2399 1995 2470 ἀδηο.

303 2495 542 2565 λότερον.
573 2494 718 2559 Πῶς,
749 2495 842 2549 καὶ
870 2493 957 2548 διὰ
976 2494 1030 2547 τί
1054 2512 1068 2560 ;
1101 2495 1221 2547 Ὅτι
1246 2496 1278 2566 ἡ
1305 2496 1401 2565 μ’ἐν
1430 2495 1537 2549 τῶν
1567 2496 1742 2565 λόγων
1774 2498 1977 2570 σπουδὴ

266 2628 278 2635 -
303 2594 401 2664 τῆς
426 2571 532 2647 ἀπὸ
554 2592 661 2647 τῶν
693 2593 910 2661 τρόπων
930 2590 1229 2656 ἐπιεικείας
1264 2592 1456 2656 δεῖται,
1484 2595 1516 2663 ή
1557 2592 1613 2647 δέ
1632 2594 1739 2648 τῶν
1761 2594 1978 2666 τρόπων

305 2689 576 2743 ἐπιείκεια
608 2688 792 2743 οὐκέτι
808 2688 908 2759 τῆς
930 2688 1038 2741 ἀπὸ
1056 2687 1164 2740 τῶν
1190 2688 1363 2756 λόγων
1392 2689 1726 2761 προσθήκης.
1760 2692 1979 2762 Σωφρο-

309 2787 473 2856 σύνην
500 2786 599 2857 μὲν
624 2786 734 2857 γὰρ
756 2786 849 2839 καὶ
870 2786 1040 2855 χωρὶς
1067 2785 1167 2854 τῆς
1194 2784 1526 2850 παιδεύσεως
1552 2786 1756 2858 ταύτης
1782 2805 1980 2860 κατορ-

214 2928 219 2932 .
308 2882 480 2957 θῶσαι
511 2882 610 2948 ἔνι,
641 2881 816 2950 λόγων
847 2882 904 2935 δέ
932 2881 1160 2952 δύναμιν
1188 2882 1354 2955 χωρὶς
1378 2883 1593 2954 τρόπων
1618 2885 1868 2955 χρηστῶν
1898 2886 1983 2940 οὐ·

308 2978 419 3040 δεὶς
444 2977 509 3031 ἂν
541 2977 837 3050 προσλάϐοι
875 2978 1025 3036 ποτὲ,
1060 2979 1260 3041 παντὸς
1289 2977 1382 3031 τοῦ
1422 2980 1612 3050 χρόνου
1651 2983 1733 3045 είς
1781 2982 1979 3036 κακίαν

309 3074 406 3127 καὶ
438 3073 729 3142 ἀσέλγειαν
744 3072 1191 3143 ἀναλισκομένου.
1212 3074 1375 3127 Ὥστε
1414 3075 1551 3147 ὅπερ
1577 3076 1692 3128 ἐκεῖ
1715 3075 1978 3141 δέδοικας,

282 3204 287 3211 .
310 3164 469 3218 τοῦτο
495 3166 590 3219 καὶ
619 3163 853 3217 ἐνταῦθα
874 3162 1158 3233 φοϐεῖσθαι
1176 3166 1277 3235 χρή
1298 3182 1310 3194 ·
1350 3165 1443 3218 καὶ
1477 3164 1655 3236 πολλῷ
1676 3166 1983 3237 μᾶλλονυέν-

312 3259 510 3324 ταῦθα,
533 3261 643 3329 ὅσῳ
666 3260 760 3312 καὶ
793 3258 1122 3328 πυκνότεραι
1155 3260 1211 3312 αί
1252 3259 1572 3329 ἀποτυχίαι,
1602 3261 1696 3313 καὶ
1729 3260 1982 3332 περὶτῶν

314 3357 576 3427 μειζόνων
609 3356 637 3408 ὁ
691 3354 955 3418 κίνδυνος.
1007 3355 1188 3407 Κάκεῖ
1234 3355 1331 3423 μὲν
1388 3354 1522 3425 πρὸς
1552 3354 1610 3407 ἐν
1651 3355 1982 3426 ἠσχολῆσθαι

314 3452 474 3523 μόνον
500 3453 736 3523 ἀνάγκη.
773 3450 1007 3506 ἐνταῦθα
1041 3449 1097 3504 δέ
1128 3449 1236 3503 τῶν
1265 3450 1358 3503 δύο
1378 3451 1648 3522 κρατῆσαι
1672 3453 1979 3523 πρόκειται,

311 3550 500 3614 ὡςούκ
525 3547 644 3603 ἐνὸν
670 3547 896 3619 θάτερον
911 3548 1081 3619 χωρὶς
1103 3547 1332 3616 θατέρου
1361 3546 1564 3606 λαϐεῖν.
1596 3548 1714 3601 οὐδὲ
1772 3566 1983 3621 σωφρο-

314 3646 480 3718 σύνης
526 3646 695 3718 χωρὶς
726 3645 850 3708 τοὺς
885 3640 1079 3712 λόγους
1120 3644 1339 3698 εἰδέναι.
1375 3645 1439 3697 Ei
1461 3645 1517 3697 δὲ
1553 3644 1751 3723 βούλει,
1791 3647 1885 3700 καὶ
1922 3649 1983 3702 τὸ

312 3744 576 3800 ἀδύνατον
628 3742 786 3796 τοῦτο
817 3741 1000 3811 θῶμεν
1031 3739 1170 3796 εἶναι
1198 3743 1437 3800 δυνατὸν,
1469 3743 1521 3795 τί
1549 3744 1744 3812 γένοιτ’
1771 3746 1837 3799 ἀν
1853 3748 1983 3815 ἡμῖν

314 3837 518 3906 ἀγαθὸν
531 3836 641 3890 ἀπὸ
657 3837 755 3907 τῆς
778 3836 984 3890 τούτων
1014 3839 1324 3909 ἐμπειρίας,
1346 3840 1474 3910 περὶ
1493 3838 1561 3892 τά
1576 3842 1764 3912 καίρια
1774 3841 1985 3913 λαμϐά-

315 3950 466 3989 νουσι
488 3934 587 4005 τὴν
612 3933 826 4003 πληγήν
852 3950 867 3996 ;
905 3932 957 3986 τί
982 3932 1039 3986 δὲ
1072 3935 1241 3987 κακὸν
1273 3935 1382 3988 ἀπὸ
1420 3937 1519 4007 τῆς
1564 3937 1840 4008 ἀπειρίας,
1877 3940 1985 3994 τῶν

278 4074 284 4081 .
319 4029 590 4102 μεγίστων
607 4030 739 4099 ἡμῖν
755 4027 1237 4098 κατορθουμένωνς
1275 4030 1385 4082 Καὶ
1413 4030 1585 4085 ταῦτα
1611 4032 1671 4085 οὐ
1700 4036 1829 4103 παρ’
1854 4036 1984 4104 ἡμῖν

319 4123 479 4195 μόνον
513 4124 626 4184 τοῖς
655 4116 998 4189 καταγελῶσι
1032 4123 1132 4193 τῆς
1166 4123 1366 4190 ἔξωθεν
1405 4124 1616 4194 σοφίας,
1655 4129 1749 4181 καὶ
1777 4128 1986 4198 μωρίαν

316 4219 484 4290 αὐτὴν
513 4216 653 4272 εἶναι
676 4217 1007 4289 νομίζουσιν,
1037 4218 1171 4271 ἀλλά
1198 4220 1294 4273 καὶ
1349 4223 1477 4292 παρ’
1501 4222 1684 4283 αὐτοῖς
1714 4226 1823 4285 τοῖς
1851 4224 1984 4290 ἐξω-

315 4314 410 4368 θεν
450 4313 761 4384 φιλοσόφοις
801 4313 946 4367 οῦτω
978 4310 1442 4387 συνωμολόγηται.
1484 4317 1594 4370 Καὶ
1637 4300 1904 4372 διάτοῦτο
1936 4323 1985 4373 οί

320 4412 420 4481 μὲν
448 4411 633 4465 πολλοὶ
669 4411 728 4464 οὐ
770 4409 976 4481 σφόδρα
1005 4409 1422 4482 ἐπεμελήθησαν
1442 4412 1534 4465 τοῦ
1557 4413 1879 4483 πράγματος
1903 4432 1916 4446 ·
1934 4418 1984 4469 οί

314 4508 373 4561 δέ
390 4510 486 4563 καὶ
505 4509 686 4563 τέλεον
698 4509 1235 4579 κατεφρόνησανκαί
1251 4508 1552 4561 διετέλεσαν
1572 4493 1721 4572 ὄντες
1732 4510 1982 4579 ἀμαθεῖς,

315 4604 412 4657 καὶ
436 4604 527 4659 τὸν
570 4606 788 4659 ἅπαντα
824 4603 936 4674 βίον
970 4605 1028 4656 ἐν
1076 4602 1155 4674 τῷ
1187 4604 1287 4674 τῆς
1318 4604 1634 4674 φιλοσοφίας
1663 4606 1985 4680 ήθικωτέρῳ

316 4701 695 4773 διατρίψαντες
718 4699 893 4771 μέρει,
922 4699 1124 4771 σφόδρα
1142 4699 1409 4769 ἔλαμψαν,
1433 4700 1527 4752 καί¹
1556 4701 1808 4768 γεγόνασι
1829 4719 1986 4773 περι-

316 4800 522 4864 φανεῖς.
550 4797 660 4851 Καὶ
688 4795 797 4869 γάρ
828 4796 1154 4867 Ἀνάχαρσις
1206 4797 1301 4850 καὶ
1335 4797 1560 4867 Κράτης
1591 4800 1685 4851 καὶ
1729 4798 1984 4871 Διογένης

314 4893 570 4963 οὐδεμίαν
611 4894 937 4964 ἐποιήσαντο
995 4893 1229 4964 σπουδὴν
1273 4894 1500 4947 τούτου·
1537 4896 1669 4963 φασὶ
1720 4896 1775 4949 δέ
1815 4914 1981 4965 τινες,

315 4989 435 5044 οὐδὲ
482 4990 797 5061 Σωκράτης,
844 4992 941 5046 καὶ
985 4991 1386 5061 μαρτυρήσειεν
1429 4990 1495 5044 ἂν
1524 4993 1654 5062 ἡμῖν
1684 4994 1713 5045 ὁ
1749 4993 1983 5064 μάλιστα

195 5144 208 5152 ,
313 5088 533 5143 πάντων
551 5089 610 5141 ἐν
629 5091 694 5160 τῇ
725 5089 892 5163 τέχνῃ
912 5086 1405 5159 ταύτῃδιενεγκὼν,
1423 5087 1516 5141 καὶ
1536 5087 1603 5142 τά
1633 5089 1842 5143 ἐκείνου

313 5182 422 5236 τῶν
450 5184 625 5239 ἄλλων
662 5185 819 5249 είδὼς
868 5162 1279 5256 ἀκριϐέστερον.
1314 5182 1638 5253 Εἰσαγαγὼν
1678 5184 1787 5255 γὰρ
1820 5162 1983 5268 αὐτξ

313 5295 446 5333 ποτε
469 5282 549 5346 είς
572 5281 925 5352 δικαστήριον
958 5280 1431 5351 ἀπολογησόμενον
1451 5293 1498 5342 α,
1517 5285 1575 5335 ἐν
1602 5285 1669 5353 τῇ
1699 5283 1836 5353 πρὸς
1857 5283 1985 5347 τοὺς

311 5373 567 5439 δικαστάς
601 5376 868 5448 ἀπολογία
912 5376 1167 5446 ἐποίησεν
1205 5375 1350 5430 οῦτω
1384 5376 1609 5445 λέγοντα
1631 5396 1645 5409 ο
1696 5378 1880 5447 Ὑμεῖς
1916 5379 1986 5434 δὲ

312 5466 461 5535 ἐμοῦ
485 5468 823 5523 ἀκούσεσθε
853 5466 1061 5524 πᾶσαν
1092 5468 1207 5536 τὴν
1246 5468 1557 5534 ἀλήθειαν,
1585 5472 1657 5523 οὐ
1677 5470 1985 5542 μέντοιμὰ

373 5603 391 5626 ⁸
415 5606 496 5672 Sic
515 5608 612 5658 duo
643 5610 956 5672 manuscripli
1000 5614 1054 5659 et
1076 5609 1227 5659 Savil.
1254 5608 1426 5658 Morel.
1456 5615 1622 5659 autem
1659 5617 1713 5660 el.
1753 5610 1904 5660 Savil.
1932 5613 1983 5662 in

310 5670 531 5734 mqrgjpe
552 5675 714 5734 πολλῷ
735 5670 944 5722 πλείονα.

361 5726 402 5768 'b
419 5726 515 5781 'Sic
555 5746 644 5781 nos
685 5726 795 5784 bum
839 5734 992 5784 Savil.
1037 5739 1088 5782 et
1129 5732 1321 5782 duobus
1366 5746 1483 5781 mss.
1526 5733 1814 5797 tegebatur
1879 5735 1974 5785 ἀπ-

312 5788 511 5842 ιναιντο.
537 5793 669 5843 Εοιτ.
866 5833 874 5841 .

376 5833 826 5916 ἶέένιῖῖῖιῖωπα.
848 5833 903 5909 ει
920 5856 1018 5907 duo
1036 5871 1151 5908 mss.
1188 5859 1253 5915 ὡς
1284 5857 1544 5921 ἀπολογησ.

1116 290 1485 350 ADVERSUS
1519 285 1978 347 OPPUGNATOR

2116 288 2302 346 VszE
2342 291 2644 351 IIONAST.
2687 295 2818 352 LIB.
2859 294 2951 352 111.
2996 316 2999 321 ί

3644 301 3752 359 368

2083 408 2185 473 Δι’,
2227 404 2276 463 ὦ
2314 408 2530 479 ἄνδρες
2572 411 2889 479 Ἀθηναῖοι,
2924 414 3512 484 xsquch
3555 434 3621 487 τε
3650 418 3756 473 λό-

2072 522 2239 573 γους,
2300 506 2505 578 ὥσπερ
2544 512 2600 564 οἱ
2657 510 2907 569 τούτων,
2946 509 3179 579 ,ῥήμασί
3206 527 3270 565 τε
3298 512 3397 565 καί
3435 511 3753 581 ὀνόμασιν,

2073 601 2217 656 οὐδὲ
2258 605 2767 675 κεκοσμημένους,
2824 606 2963 660 ἀλλ’
3014 606 3356 661 ἀκούσεσθε
3392 605 3600 674 ἁπλῶς
3654 610 3755 663 καὶ

2071 696 2205 767 εἰκῆ
2238 699 2532 770 λεγόμενα
2577 700 2697 767 τοῖς
2731 701 3124 771 ἐπιτυχοῦσιν
3160 703 3437 770 ὀνόμασι.
3485 705 3756 759 Πιστεύω

2072 793 2183 863 γὰρ
2208 794 2407 852 δίκαια
2436 794 2589 852 εἶναι
2617 797 2657 853 ἆ
2680 798 2858 868 λέγω,
2908 799 3006 852 καὶ
3033 797 3248 868 μηδεὶς
3296 799 3466 875 ὑμῶν
3505 802 3757 869 προσδο-

2071 892 2321 960 κησάτω
2356 894 2578 962 ἄλλως.
2622 894 2776 950 Οὐδὲ
2807 895 2916 965 γὰρ
2940 894 3016 949 ἂν
3036 895 3235 961 δήπου
3270 895 3485 964 πρέποι
3507 895 3583 965 τῇ
3616 897 3755 965 ἡλι-

2072 989 2175 1055 κίᾳ
2225 988 2389 1058 τῇδε,
2430 989 2634 1059 ὥσπερ
2670 992 2957 1060 μειρακίῳ
3001 991 3328 1046 πλάττοντι
3383 994 3629 1063 λόγους,
3667 996 3756 1061 είς

2071 1085 2226 1156 ὑμᾶς
2274 1087 2545 1141 εἰσιέναι.
2583 1087 2768 1141 Ταῦτα
2785 1087 2840 1140 δὲ
2862 1086 3014 1155 ἔλεγε
3035 1088 3271 1152 δεικνὺς,
3289 1088 3370 1142 ὅτι
3394 1089 3456 1142 οὐ
3486 1089 3572 1142 διά
3597 1088 3757 1162 ρᾳθυ-

2077 1184 2206 1254 μίαν
2218 1184 2359 1245 τινά,
2378 1183 2514 1236 ἀλλά
2538 1182 2628 1236 διὰ
2651 1183 2712 1236 τὸ
2733 1183 2805 1254 μὴ
2835 1184 2977 1253 μέγα
2995 1184 3054 1236 τὸ
3075 1185 3307 1255 πρᾶγμα
3333 1184 3606 1255 ἡγεῖσθαι,
3629 1184 3756 1239 οὐτε

2074 1279 2298 1350 ἔμαθεν,
2323 1278 2446 1332 οὐτε
2469 1279 2758 1349 ἐχρήσατο.
2780 1280 2893 1331 Οὐκ
2917 1274 3009 1332 οὖν
3022 1279 3323 1350 φιλοσόφων
3351 1281 3448 1351 μὲν
3464 1282 3497 1350 ή
3526 1280 3758 1349 εὐγλωτ‹

2071 1377 2162 1430 τία
2184 1375 2236 1438 ἀ,
2271 1375 2365 1429 καὶ
2388 1375 2597 1443 ἀνδρῶν
2626 1374 2682 1428 δὲ
2721 1375 2930 1439 ἁπλῶς,
2965 1377 3264 1447 μειρακίων
3298 1378 3355 1431 δέ
3385 1377 3691 1442 παιζόντων
3716 1378 3751 1448 ἡ

2075 1474 2376 1545 φιλοτιμία,
2406 1474 2481 1537 ὡς
2508 1474 2601 1526 καὶ
2636 1473 2821 1535 αὐτοῖς
2858 1476 2971 1536 τοῖς
3013 1474 3327 1541 φιλοσόφοις
3354 1474 3523 1538 δοκεῖ,
3552 1474 3611 1526 οὐ
3639 1475 3754 1536 τοῖς

2071 1569 2253 1632 ἄλλοις
2288 1567 2466 1639 μόνον,
2500 1566 2635 1620 ἀλλά
2654 1567 2748 1647 καὶ
2778 1565 2854 1636 τῷ
2877 1566 3095 1622 πάντων
3129 1569 3361 1640 μάλιστα
3390 1571 3447 1621 ἐν
3466 1569 3643 1640 τούτῳ
3664 1586 3757 1623 κε-

2074 1663 2371 1736 κρατηκότι
2386 1679 2398 1693 ·
2428 1662 2518 1717 τὸν
2536 1663 2644 1734 γάρ
2663 1662 2979 1717 διδάσκαλον
2999 1665 3099 1718 οὐκ
3123 1664 3315 1734 ἀφίησι
3339 1666 3661 1736 κοσμεῖσθαι
3677 1666 3756 1736 τῷ

2074 1759 2383 1831 πράγματι,
2401 1760 2625 1829 αἰσχρὸν
2657 1758 2735 1829 τῷ
2762 1758 3035 1830 φιλοσόφῳ
3064 1760 3155 1813 τὸν
3185 1761 3391 1832 κόσμον
3423 1762 3615 1817 τοῦτον
3676 1757 3756 1816 d-

2074 1871 2162 1909 ναι
2197 1856 2452 1927 νομίζων.
2497 1856 2657 1909 Ἀλλά
2679 1856 2850 1909 ταῦτα
2876 1856 2975 1925 μὲν
3005 1857 3081 1920 ὡς
3114 1857 3249 1928 πρὸς
3278 1857 3509 1911 ἄπιστον
3530 1858 3756 1922 δικαίως

2074 1952 2139 2007 ἄν
2190 1970 2276 2016 τις
2322 1952 2486 2015 εἴποι,
2522 1953 2719 2023 μᾶλλον
2744 1952 2802 2006 δέ
2836 1952 3087 2024 καὶπρὸς
3120 1954 3333 2009 πιστόν.
3362 1956 3488 2019 Πῶς
3512 1944 3629 2026 ’γὰρ
3654 1956 3757 2010 οὐκ

2076 2049 2298 2115 ἄτοπον,
2329 2051 2459 2105 ὅταν
2484 2053 2532 2104 οί
2565 2051 2663 2121 μὲν
2694 2051 2793 2120 τὴν
2818 2049 2967 2121 παρὰ
2998 2050 3105 2103 τῶν
3134 2051 3345 2104 πολλῶν
3379 2051 3538 2118 δόξαν
3580 2051 3757 2124 θηρώ-

2078 2164 2251 2218 μενοι,
2290 2148 2385 2201 καὶ
2413 2148 2535 2201 οὐδέ
2576 2146 2801 2201 ἄλλοθεν
2833 2147 3068 2215 φανῆναι
3101 2146 3410 2217 δυνάμενοι,
3444 2146 3558 2200 ἀλλ’
3586 2147 3619 2217 ἢ
3649 2148 3759 2201 ἀπὸ

2075 2244 2176 2314 τῆς
2194 2243 2395 2311 ἔξωθεν
2428 2244 2640 2312 σοφίας,
2670 2243 2835 2315 μηδὲν
2870 2244 3038 2313 αὐτὴν
3074 2238 3212 2297 εἶναι
3255 2243 3571 2315 νομίζωσιν,
3597 2244 3758 2313 ἡμεῖς

2062 2340 2131 2392 δὲ
2159 2338 2303 2393 οῦτω
2363 2338 2734 2409 θαυμάζωμεν
2765 2339 2860 2391 καὶ
2900 2337 3355 2409 ἐκπληττώμεθα,
3402 2337 3479 2401 ὡς
3528 2339 3622 2391 καὶ
3648 2337 3759 2390 τῶν

2078 2435 2519 2509 ἀναγκαιοτάτων
2549 2435 2636 2487 διὰ
2658 2433 2863 2505 ταύτην
2888 2436 3286 2505 καταφρονεῖν;

2150 2535 2237 2587 ιϐ’.
2270 2533 2416 2605 Πρὸς
2451 2532 2548 2603 μὲν
2571 2527 2663 2585 οῦν
2682 2531 2771 2585 τὸν
2801 2531 3028 2585 ἄπιστον
3046 2530 3218 2584 ταῦτα
3235 2532 3415 2602 ἀρκεῖ,
3451 2533 3583 2601 πρὸς
3595 2530 3653 2584 δὲ
3668 2530 3761 2585 τὸν

2080 2630 2267 2685 πιστὸν
2302 2630 2396 2683 καὶ
2439 2626 2613 2682 ταῦτα
2656 2628 2748 2681 καὶ
2779 2626 2847 2681 τά
2878 2628 3006 2698 παρ’
3030 2628 3159 2697 ἡμῖν
3188 2625 3557 2695 ὑποδείγματα
3591 2626 3760 2695 ἀναγ-

2069 2731 2232 2801 καῖον
2258 2726 2545 2796 παράγειν.
2584 2724 2719 2777 Ποία
2746 2723 2810 2794 δὴ
2838 2722 3039 2787 ταῦ-,τας
3077 2722 3214 2785 Τοὺς
3246 2720 3516 2790 μεγάλους
3560 2721 3761 2792 ἀνδρας

2080 2824 2174 2877 καὶ
2191 2825 2377 2892 ἁγίους
2400 2823 2665 2887 ἐκείνους,
2681 2822 2806 2885 τοὺς
2824 2817 3095 2890 πρώτους,
3120 2820 3207 2872 ὅτε
3225 2817 3528 2888 γράμματα
3548 2818 3649 2871 οὐκ
3668 2813 3759 2889 ἦν,

2080 2923 2205 2985 τοὺς
2240 2922 2357 2993 μετ’
2387 2920 2648 2983 ἐκείνους,
2681 2920 2769 2972 ὅτε
2815 2917 3119 2988 γράμματα
3152 2915 3251 2985 μὲν
3269 2910 3359 2985 ἦν,
3411 2914 3675 2985 ἐμπειρία
3702 2914 3760 2967 δὲ

2080 3019 2253 3085 λόγων
2278 3018 2508 3072 οὐδέπω.
2531 3018 2657 3079 τοὺς
2693 3014 2830 3087 μετά
2851 3013 3096 3076 τούτους,
3126 3013 3214 3065 ὅτε
3240 3011 3335 3065 καὶ
3362 3014 3667 3082 γράμματα
3690 3007 3760 3083 ἦν

2083 3117 2176 3170 καὶ
2197 3114 2461 3186 ἐμπειρία
2480 3113 2672 3181 λόγων.
2725 3111 3076 3183 Ἀμφοτέρων
3108 3108 3165 3162 δὲ
3201 3104 3343 3179 ἦσαν
3375 3108 3494 3161 τότε
3539 3109 3761 3182 ἄπειροι

2083 3215 2309 3267 ἐκεῖνοι·
2346 3212 2408 3264 οὐ
2438 3210 2596 3281 μόνον
2624 3210 2733 3279 γάρ
2761 3211 2860 3279 τῆς
2900 3206 3009 3259 τῶν
3038 3205 3211 3273 λόγων
3249 3204 3605 3267 παιδεύσεως,
3624 3204 3764 3258 ἀλλὰ

2083 3310 2177 3363 καὶ
2197 3309 2367 3378 αὐτῆς
2393 3307 2491 3378 τῆς
2515 3306 2625 3359 τῶν
2647 3304 2990 3376 γραμμάτων
3047 3300 3339 3378 ἐμπειρίας
3392 3300 3550 3363 ἐκτὸς
3581 3296 3721 3372 ἦσαν
3743 3317 3758 3332 ⁶

2084 3404 2198 3459 ἀλλ’
2229 3403 2379 3474 ὅμως
2426 3404 2483 3455 ἐν
2513 3402 2694 3463 αὐτοῖς
2724 3397 2955 3461 τούτοις,
2984 3390 3063 3459 οἷς
3089 3395 3324 3466 μάλιστα
3359 3397 3392 3466 ή
3427 3395 3537 3449 τῶν
3586 3397 3763 3466 λόγων

2088 3500 2243 3571 ἰσχὺς
2280 3493 2707 3567 ἀναγκαίαεῖναι
2740 3495 2907 3556 δοκεῖ,
2947 3492 3085 3563 μετά
3135 3493 3405 3565 τοσαύτης
3443 3496 3763 3567 περιουσίας

2081 3599 2208 3660 τοὺς
2228 3599 2286 3650 ἐν
2319 3597 2456 3665 αὐτῇ
2476 3593 2811 3667 κρατοῦντας
2831 3591 3173 3663 παρήλασαν,
3190 3593 3265 3656 ὡς
3286 3593 3490 3647 παίδων
3519 3595 3764 3665 ἀνοήτων

2083 3691 2280 3756 αὐτοὺς
2310 3691 2542 3760 φανῆναι
2559 3690 2794 3760 χείρους.
2812 3688 2982 3741 Ὅταν
2996 3686 3105 3758 γὰρ
3125 3687 3186 3740 τὸ
3215 3688 3421 3741 πείθειν
3450 3689 3509 3740 ἐν
3539 3692 3651 3753 τοῖς
3671 3689 3763 3745 λό-

2084 3811 2201 3863 γοις
2229 3790 2287 3866 ᾖ,
2322 3792 2417 3845 καὶ
2431 3793 2480 3845 οί
2512 3790 2609 3861 μὲν
2641 3789 2917 3858 φιλόσοφοι
2960 3786 3094 3858 μηδέ
3131 3787 3249 3850 ἐνὸς
3280 3788 3646 3856 περιγίνονται
3671 3806 3765 3842 τυ-

2090 3890 2304 3962 ράννου,
2333 3890 2379 3941 οἱ
2428 3886 2485 3940 δέ
2530 3886 2883 3956 ἀγράμματοι
2932 3884 3028 3937 καὶ
3057 3881 3262 3936 ἰδιῶται
3295 3883 3394 3952 τὴν
3437 3883 3762 3954 οἰκουμένην

2086 3983 2489 4055 ἐπιστρέφωσιν
2527 3980 2768 4044 ἃπασαν,
2802 3978 3024 4048 εὔδηλον
3053 3979 3134 4031 ὃτι
3165 3977 3317 4050 ποιρά
3350 3977 3562 4041 τούτοις
3589 3975 3656 4031 τά
3683 3995 3763 4029 νι-

2086 4081 2326 4151 κητήρια
2356 4077 2453 4141 τῆς
2481 4075 2820 4145 σοφίαςὲστὶ,
2849 4076 2960 4137 τοῖς
2977 4074 3358 4145 ἀγραμμάτοις
3384 4073 3479 4126 καί⁸
3501 4070 3760 4135 ἰδιώταις,

2085 4179 2146 4231 οὐ
2170 4176 2299 4246 παρ’
2316 4173 2544 4236 ἐκείνοις
2558 4174 2672 4234 τοῖς
2691 4171 2758 4224 τὰ
2785 4171 3020 4240 ἑκάτερα
3041 4168 3485 4240 διηκριϐωκόσιν.
3518 4166 3703 4229 Οῦτως
3725 4168 3761 4235 ἡ

2085 4272 2253 4333 ὅντως
2292 4268 2453 4337 σοφία
2497 4267 2590 4320 καὶ
2614 4267 2647 4336 ἡ
2675 4264 2843 4327 ὅντως
2876 4264 3159 4327 παίδευσις
3182 4263 3335 4316 οὐδὲν
3371 4261 3559 4331 ἕτερόν
3588 4264 3758 4323 ἐστιν,

2086 4367 2202 4421 ἀλλ’
2232 4367 2264 4438 ἦ
2295 4369 2324 4421 ό
2350 4365 2444 4419 τοῦ
2470 4364 2605 4418 Θεοῦ
2637 4363 2815 4433 φόϐος.
2842 4363 2951 4415 Καὶ
2975 4363 3048 4431 μή
3085 4362 3150 4430 μέ
3169 4378 3253 4424 τις
3290 4359 3563 4430 νομιζέτω
3594 4375 3757 4428 νομο-

2087 4462 2261 4515 θετεῖν
2306 4460 2537 4532 ἀμαθεῖς
2570 4458 2697 4521 τοὺς
2738 4456 2930 4519 παῖδας
2969 4455 3211 4526 γίνεσθαι
3235 4472 3247 4484 ·
3282 4453 3398 4507 ἀλλ’
3433 4454 3583 4515 εἴτις
3619 4452 3760 4524 ὑπὲρ

2084 4559 2192 4613 τῶν
2204 4558 2516 4627 ἀναγκαίων
2548 4554 2776 4626 παρέχοι
2803 4553 3046 4624 θαρρεῖν,
3073 4551 3173 4604 οὐκ
3186 4550 3252 4604 ἀν
3272 4549 3497 4620 ἑλοίμην
3517 4547 3761 4602 κωλῦσαι

2086 4656 2180 4709 καὶ
2200 4654 2358 4707 τοῦτο
2377 4656 2441 4707 ἐκ
2452 4651 2767 4723 περιουσίας
2783 4650 2905 4717 γενέ
2915 4647 3056 4701 σθαι.
3079 4648 3291 4716 Ὠσπερ
3310 4644 3441 4717 γὰρ,
3470 4643 3577 4697 τῶν
3597 4644 3758 4715 θεμε-

2086 4751 2214 4804 λίων
2248 4749 2643 4819 σαλευομένων,
2678 4747 2773 4800 καὶ
2801 4745 2980 4813 πάσης
2995 4743 3095 4813 τῆς
3115 4742 3291 4804 οἰκίας
3319 4741 3415 4795 καὶ
3439 4740 3537 4811 τῆς
3555 4737 3757 4793 οἰκοδο-

2091 4848 2195 4918 μῆς
2228 4844 2641 4912 κινδυνευούσης
2704 4842 3066 4899 καταπεσεῖν,
3116 4838 3350 4908 ἐσχάτης
3415 4836 3601 4899 ἀνοίας
3661 4834 3757 4888 καὶ

2086 4940 2470 5011 παραπληξίας
2508 4939 2625 4993 ἐστὶ
2659 4937 2795 5009 πρὸς
2831 4936 2955 4998 τοὺς
2996 4934 3311 4998 κονιῶντας,
3341 4931 3477 4985 άλλά
3511 4931 3585 5001 μὴ
3619 4930 3758 5001 πρὸς

2084 5039 2208 5100 τοὺς
2229 5035 2642 5107 οἰκοδομοῦντας
2668 5033 2902 5103 τρέχειν·
2935 5030 3080 5085 οὕτω
3100 5030 3260 5084 πάλιν
3281 5029 3510 5098 ἀκαίρου
3532 5025 3757 5097 φιλονειο

2085 5126 2229 5187 κίας,
2249 5124 2356 5178 τῶν
2373 5124 2566 5193 τοίχων
2590 5120 2838 5175 ἑστώτων
2856 5117 3110 5187 ἀσφαλῶς
3136 5117 3227 5169 καὶ
3246 5115 3493 5187 βεϐαίως,
3520 5114 3756 5167 κωλύειν

2083 5211 2175 5264 τὸν
2206 5209 2524 5279 βουλόμενον
2554 5208 2759 5278 κονιᾷν.

2160 5295 2275 5368 [97]
2332 5296 2443 5349 Καὶ
2498 5296 2579 5348 δτι
2631 5294 2800 5347 ταῦτα
2862 5293 2970 5346 ἀπὸ
3006 5291 3183 5362 ψυχῆς
3227 5290 3398 5357 λέγω,
3458 5291 3602 5362 ὅπερ
3659 5289 3754 5342 ἐπὶ

2084 5385 2194 5438 τῶν
2237 5384 2412 5454 ἔργων
2452 5381 2832 5453 ἐπεδειξάμην.
2890 5380 3061 5433 ταῦτα
3103 5381 3230 5449 ὑμῖν
3270 5379 3599 5450 διηγήσομαι
3658 5377 3754 5431 καὶ

2087 5471 2203 5527 νῦν.
2242 5471 2381 5533 Νέος
2446 5487 2528 5532 τις
2569 5469 2763 5539 κομιδῇ
2808 5468 3057 5531 πλούσιος
3124 5467 3199 5519 ὢν
3257 5465 3570 5536 ἐπεδήμησε
3622 5481 3754 5518 ποτε

2084 5562 2151 5630 τῇ
2210 5558 2361 5611 πόλει
2393 5560 2460 5627 τῇ
2494 5557 2740 5628 ἡμετέρᾳ
2793 5557 2933 5610 κατά
2995 5555 3169 5623 λόγων
3227 5555 3509 5609 παίδευσιν
3561 5554 3754 5609 ἐκατέ-

2088 5664 2210 5718 ραν,
2268 5647 2367 5714 τήν
2415 5662 2476 5697 τε
2542 5644 2758 5697 Ἰταλῶν
2804 5646 2901 5714 τήν
2951 5661 3009 5696 τε
3042 5643 3330 5713 Ἐλλήνων.
3364 5639 3529 5707 Οὗτος
3578 5645 3607 5695 ό
3637 5642 3756 5707 νέος

2089 5731 2230 5804 εἶχεν
2260 5734 2655 5787 ἀκολουθοῦντα
2694 5731 3060 5801 παιδαγωγὸν,
3092 5731 3149 5785 ἐν
3188 5731 3345 5801 ἔργον
3368 5732 3559 5804 ἔχοντα
3586 5731 3759 5805 μόνον

2150 5856 2180 5897 (ι
2201 5856 2310 5909 Duo
2332 5870 2446 5908 mss.
2476 5858 2718 5923 φιλοσόφῳ
2743 5859 2827 5922 μὲν
2847 5859 2975 5914 ἀξιον
2995 5861 3026 5918 ἡ
3045 5858 3321 5921 εὐγλωττία.
