4116 6392
409 301 516 362 569

408 419 751 475 διαπλάττειν
788 418 953 473 αὐτοῦ
1009 418 1106 489 τὴν
1150 418 1349 490 ψυχήν.
1402 420 1590 490 Τούτῳ
1625 416 1936 490 προσελθὼν
1978 417 2088 485 ἐγὼ

411 502 493 576 τῷ
524 503 859 575 παιδαγωγῷ
893 503 1011 575 (καὶ
1033 504 1139 573 γὰρ
1162 502 1271 556 τῶν
1302 505 1360 555 ἐν
1397 504 1551 572 δρεσι
1584 499 1909 570 καθημένων
1932 499 2090 567 ἐτύγ-

417 605 582 658 χανεν
627 587 746 653 ῶν),
785 586 883 658 τὴν
935 586 1203 658 πρόφασιν
1250 587 1567 659 ἐπεχείρουν
1611 584 1900 657 μανθάνειν
1925 584 1993 638 δι’
2022 585 2089 654 ἢν

414 672 671 743 τοιαύτης
705 671 1106 742 ἐπειλημμένος
1145 669 1333 739 σοφίας
1368 671 1447 734 είς
1473 669 1564 724 τὸν
1596 668 1704 722 τῶν
1726 668 2090 737 παιδαγωγῶν

418 754 533 825 βίον
556 756 794 826 καθῆκεν
814 754 1022 808 ἑαυτόν.
1064 755 1126 807 '0
1156 753 1211 807 δέ
1246 751 1443 825 μικρὸν
1477 751 1679 822 ἔφησεν
1711 751 1888 823 ἐαυτῷ
1908 749 2092 805 λείπε-

416 837 546 892 σθαι
592 839 779 911 χρόνον
814 839 871 891 ἐν
898 837 1089 905 τούτῳ,
1128 838 1224 891 καὶ
1256 837 1318 889 τὸ
1354 837 1462 889 πᾶν
1490 836 1621 906 ἡμῖν
1653 833 1859 889 ἀνωθεν
1898 835 2090 906 διηγή-

420 939 569 976 σατο.
594 922 684 993 Τῷ
712 923 821 994 γὰρ
844 921 1040 992 παιδίῳ
1062 921 1260 991 τούτῳ,
1288 921 1444 991 φησὶ,
1468 920 1651 991 πατὴρ
1676 919 1774 989 μέν
1794 921 1909 972 ἐστι
1934 919 2094 989 σκλη-

420 1006 513 1076 ρὸς
555 1007 651 1060 καὶ
677 1007 909 1079 τραχὺς,
943 1007 1037 1060 καὶ
1059 1005 1193 1079 πρὸς
1219 1005 1288 1059 τὰ
1313 1005 1543 1073 βιωτικά
1570 1006 1874 1077 πράγματα
1894 1005 2093 1073 ἐπτοη-

420 1090 606 1160 μένος,
658 1096 840 1163 μήτηρ
883 1091 939 1144 δὲ
976 1090 1172 1161 μετρία
1201 1091 1296 1144 καὶ
1326 1089 1557 1163 σώφρων
1584 1091 1679 1143 καὶ
1707 1086 1974 1156 ἐπιεικὴς,
1996 1084 2092 1138 καὶ

413 1175 553 1246 πρὸς
568 1175 659 1229 τὸν
683 1174 909 1246 οὐρανὸν
942 1173 1423 1245 βλέπουσαημόνον.
1455 1174 1690 1235 Ἐκεῖνος
1714 1171 1815 1242 μὲν
1851 1165 1966 1231 οὖν,
1996 1168 2091 1223 ἀτε

413 1264 511 1320 καὶ
538 1262 595 1314 ἐν
624 1259 882 1330 πολέμοις
914 1257 1085 1311 πολλὰ
1114 1256 1519 1329 κατωρθωκὼς,
1551 1256 1799 1326 βούλεται
1846 1255 1938 1308 τδν
1975 1252 2091 1307 υίὸν

412 1351 508 1403 ἐπὶ
546 1346 644 1417 τὴν
675 1343 935 1415 πατρῴαν
959 1342 1113 1407 τάξιν
1142 1344 1391 1411 ἀγαγεῖν,
1416 1343 1450 1413 ή
1481 1342 1539 1395 δέ
1571 1343 1753 1413 μήτηρ
1785 1339 1957 1393 ταῦτα
1993 1338 2090 1410 μὲν

407 1434 537 1488 οὔτε
555 1430 825 1501 βούλεται,
838 1427 961 1479 οὐτε
978 1425 1256 1496 ἐπιθυμεῖ,
1276 1425 1412 1479 ἀλλά
1426 1425 1520 1479 καὶ
1549 1424 1751 1495 σφόδρα
1767 1422 2086 1493 6115675101-

411 1516 631 1587 εὖχεται
656 1514 714 1567 δὲ
747 1513 840 1567 καὶ
865 1510 1124 1581 ἐπιθυμεῖ
1155 1510 1407 1583 λαμπρὸν
1449 1510 1610 1563 αὐτὸν
1642 1510 1770 1563 ἰδεῖν
1791 1510 1950 1579 ἐντῇ
1979 1508 2090 1561 τῶν

415 1599 667 1670 μοναχῶν
694 1596 958 1669 πολιτείᾳ.
988 1596 1147 1649 Ἀλλά
1169 1594 1338 1649 ταῦτα
1360 1595 1457 1665 μὲν
1488 1594 1625 1665 πρὸς
1653 1595 1744 1647 τὸν
1775 1593 1987 1663 πατέρα
2011 1594 2089 1646 εἰ·

410 1689 535 1738 πεῖν
559 1686 660 1739 οὐκ
693 1683 989 1753 ἐτόλμησεν
1010 1697 1022 1711 ’
1054 1680 1306 1733 ἐδεδοίκει
1336 1679 1445 1749 γάρ
1486 1680 1560 1749 μή
1600 1695 1731 1732 ποτε
1770 1678 1903 1731 αὐτὸ
1929 1676 2089 1730 τοῦτο

410 1768 763 1839 ὑφορώμενος
783 1767 1009 1828 ἐκεῖνος,
1043 1762 1151 1834 πρὸ
1178 1762 1324 1833 ῶρας
1350 1762 1509 1816 αὐτὸν
1536 1762 1635 1833 ήδη
1667 1760 1946 1833 καταδήσῃ
1975 1764 2088 1824 τοῖς
2116 1790 2127 1798 ~

408 1852 504 1905 106
556 1851 673 1922 βίου
729 1849 1002 1921 σχοινίοις,
1050 1849 1145 1902 καὶ
1193 1846 1394 1917 ταύτης
1440 1846 1603 1901 αὐτὸν
1640 1847 1956 1915 ἀποστήσας
1988 1846 2087 1916 τῆς

411 1936 669 2005 σπουδῆς,
703 1935 796 1987 ἐπὶ
830 1933 927 2004 τὴν
959 1931 1135 2002 ζώνην
1164 1932 1382 2001 ἀγάγοι,
1414 1931 1511 1984 καὶ
1542 1930 1641 2000 τὴν
1668 1930 1727 1996 ἐξ
1753 1930 1969 2000 ἐκείνης
1998 1932 2088 2001 ρᾳ-

411 2018 613 2089 θυμίαν
640 2019 882 2076 ἃπασαν,
907 2017 1001 2069 καὶ
1029 2014 1285 2068 ἀδύνατον
1311 2011 1461 2084 αὐτῷ
1486 2012 1586 2083 τὴν
1622 2014 1759 2084 μετά
1788 2012 1962 2066 ταῦτα
1984 2030 2085 2066 κα-

407 2100 1057 2172 τασκευάσῃσδιόρθωσιν.
1099 2098 1323 2168 Ἑτέραν
1351 2096 1410 2150 δέ
1438 2113 1559 2150 τινα
1591 2096 1871 2167 συντίθησι
1906 2114 2086 2168 μηχα-

408 2185 545 2255 νήν’
600 2183 879 2236 καλέσασα
934 2182 1042 2253 γάρ
1091 2198 1159 2251 με
1212 2179 1372 2243 οἴκοι,
1409 2181 1505 2232 καὶ
1542 2178 1715 2232 ταῦτα
1756 2179 1933 2231 πάντα
1967 2195 2085 2232 κοι-

408 2266 724 2337 νωσαμένη,
759 2266 854 2318 καὶ
896 2265 991 2317 τοῦ
1035 2264 1249 2318 παιδίου
1301 2262 1543 2316 λαϐοῦσα
1580 2261 1678 2333 τὴν
1723 2260 1923 2328 δεξιὰν,
1965 2263 2086 2325 ταῖς

408 2352 570 2421 ἐμαῖς
599 2348 841 2420 ἐντίθησι
866 2348 1071 2418 χερσίν.
1114 2347 1203 2410 Ὠς
1228 2346 1284 2399 δὲ
1322 2345 1550 2418 ἠρώτων
1573 2346 1718 2408 τίνος
1744 2345 1930 2399 ἐνεκεν
1953 2342 2085 2398 ταῦ-

408 2453 478 2488 τα
517 2436 677 2497 ποιεῖ,
729 2434 857 2503 μίαν
904 2432 1106 2503 ταύτην
1160 2431 1345 2500 ἔλεγεν
1400 2428 1784 2484 ὑπολείπεσθαι
1838 2429 2085 2499 μηχανὴν

408 2520 543 2589 ἡμῖν
586 2518 722 2588 πρὸς
748 2517 847 2588 τὴν
880 2516 972 2570 τοῦ
1001 2516 1190 2580 παιδὸς
1222 2515 1518 2585 σωτηρίαν.
1568 2516 1617 2567 εί
1659 2512 1976 2584 βουληθείην
2026 2531 2084 2566 τε

409 2602 504 2656 καὶ
539 2601 875 2673 ἀνασχοίμην
896 2602 953 2653 ἐν
996 2598 1147 2664 τάξει
1181 2596 1530 2667 παιδαγωγοῦ
1558 2598 1620 2651 τὸ
1659 2598 1871 2652 παιδίον
1903 2598 2084 2652 λαϐὼν

408 2684 583 2738 ἐλθεῖν
612 2683 824 2737 ἐνθάδε·
855 2684 1064 2736 πείσειν
1093 2682 1202 2753 γὰρ
1245 2682 1414 2753 αὐτὴν
1455 2682 1547 2735 τὸν
1601 2682 1835 2753 πατέρα,
1880 2682 1956 2745 ὡς
1989 2682 2084 2736 καὶ

408 2768 499 2821 τὸν
553 2766 939 2838 στρατιωτικὸν
981 2765 1219 2836 ἑλομένῳ
1246 2765 1359 2834 βίον
1385 2766 1653 2836 χρήσιμος
1685 2764 1835 2834 αὐτῷ
1862 2765 1970 2817 τῶν
1993 2765 2083 2818 λό-

409 2868 523 2920 γων
558 2852 591 2921 ἡ
628 2848 928 2915 παίδευσις.
966 2849 1062 2900 Ἀν
1094 2844 1187 2902 οὖν
1225 2847 1383 2901 τοῦτο
1416 2848 1628 2919 ίσχῦσαι
1659 2847 1892 2918 δυνηθῶ.
1927 2848 2081 2918 φησι,

408 2933 724 3004 καταμόνας
762 2932 923 2985 αὐτὸν
958 2931 1096 3001 ἔχων
1125 2932 1311 2985 λοιπὸν
1357 2932 1449 2985 ἐπὶ
1481 2932 1583 3001 τῆς
1619 2931 1923 3004 ἀλλοτρίας,
1958 2930 2082 2985 οὔτε

410 3015 508 3069 τοῦ
540 3015 745 3087 πατρὸς
780 3014 1141 3085 ἐνοχλοῦντος,
1193 3014 1317 3068 οὐτε
1352 3014 1461 3069 τῶν
1503 3015 1719 3069 οἰκείων
1748 3016 1911 3080 τινὸς,
1944 3017 2085 3087 μετά

412 3099 613 3169 πολλῆς
674 3098 833 3152 αὐτὸν
870 3101 967 3169 τῆς
1029 3099 1274 3163 ἐξουσίας
1341 3099 1634 3154 διαπλάσαι
1692 3100 1892 3172 δυνήσῃ
1919 3143 1932 3165 ,
1988 3102 2082 3156 καὶ

412 3183 667 3253 καθάπερ
702 3186 758 3235 ἐν
804 3183 1153 3255 μοναστηρίῳ
1184 3183 1473 3252 διάγοντα,
1519 3184 1660 3238 οὓτω
1692 3187 1915 3256 ποιῆσαι
1961 3185 2079 3257 ζῇν.

424 3269 562 3321 Ἀλλ’
592 3268 875 3322 ἐπίνευσον
895 3268 989 3320 καὶ
1016 3268 1251 3337 ὑπόσχου
1280 3268 1344 3321 τὸ
1375 3269 1868 3340 συνυποκρίνασθαί
1898 3288 1987 3342 μοι
2022 3272 2083 3324 τὸ

410 3352 607 3422 δρᾶμα.
638 3352 753 3403 Οὐκ
771 3350 915 3403 ἐστιν
944 3350 1083 3422 ὑπὲρ
1104 3350 1209 3403 τῶν
1234 3350 1503 3421 τυχόντων
1527 3353 1556 3405 6
1583 3351 1740 3421 λόγος
1762 3354 1912 3424 ἐμοί·
1942 3355 2083 3426 ὑπὲρ

410 3436 511 3507 τῆς
541 3434 633 3487 τοῦ
673 3434 884 3487 παιδίου
923 3452 1023 3503 μου
1054 3433 1231 3505 ψυχῆς
1260 3436 1289 3487 6
1316 3434 1465 3503 ἀγὼν
1500 3436 1595 3489 καὶ
1629 3438 1657 3489 6
1696 3437 1959 3502 κίνδυνος.
1990 3440 2081 3513 Μὴ

410 3519 476 3590 δὴ
521 3518 767 3590 περιίδῃς
819 3518 910 3570 τὸν
954 3518 1169 3571 πάντων
1217 3520 1339 3589 ἐμοὶ
1384 3518 1636 3588 φίλτατον
1682 3521 2079 3589 κινδυνεύοντα,

411 3604 524 3656 ἀλλ’
552 3602 857 3675 ἐξάρπασον
899 3602 1059 3656 αὐτὸν
1095 3602 1196 3673 ἠδη
1228 3602 1336 3656 τῶν
1380 3604 1643 3657 πάντοθεν
1685 3608 2082 3677 περικειμένων

412 3686 561 3757 αὐτῷ
586 3688 798 3754 παγῶν,
828 3686 928 3755 τῆς
967 3684 1155 3756 ζάλης,
1192 3684 1285 3739 τοῦ
1329 3686 1641 3740 κλυδωνίου.
1686 3689 1748 3741 El
1782 3688 1838 3742 δὲ
1879 3690 1941 3743 οὐ
1989 3690 2080 3744 θέ-

411 3772 521 3837 λεις
567 3772 750 3826 δοῦναι
773 3771 871 3842 τὴν
900 3771 1080 3842 χάριν,
1120 3770 1209 3822 τὸν
1242 3769 1374 3822 Θεόν
1400 3770 1501 3839 ῆδη
1530 3770 1681 3822 καλῶ
1713 3772 1877 3841 μέσον
1900 3774 2077 3845 ήμῶν,

412 3858 507 3912 καὶ
547 3853 896 3926 μαρτύρομαι
920 3854 1001 3906 ὅτι
1035 3850 1146 3921 ἐγὼ
1180 3851 1277 3922 μὲν
1306 3852 1455 3905 οὐδὲν
1477 3853 1721 3907 ἐνέλιπον
1740 3855 1846 3908 τῶν
1876 3858 1956 3921 είς
1981 3858 2081 3927 τὴν

414 3938 685 4010 σωτηρίαν
722 3937 821 4009 τῆς
852 3936 1041 3989 τούτου
1083 3936 1259 4006 ψυχῆς
1288 3936 1549 4006 ἡκόντων,
1578 3936 1691 3990 ἀλλ’
1722 3939 1837 4009 εἰμὶ
1864 3941 2081 4012 καθαρά

411 4022 521 4075 ἀπὸ
555 4021 649 4075 τοῦ
685 4021 914 4089 αἵματος
945 4017 1039 4071 τοῦ
1072 4017 1280 4072 παιδίου
1309 4017 1527 4071 τούτου·
1579 4021 1627 4072 εί
1664 4020 1721 4073 δὲ
1752 4023 1988 4093 συμϐαίη
2027 4042 2078 4077 τι

412 4106 602 4160 παθεῖν
629 4105 809 4169 αὐτὸν,
835 4100 945 4157 οἷον
973 4102 1120 4166 εἰκὸς
1137 4102 1253 4156 νέον
1273 4102 1400 4156 δντα
1428 4104 1521 4156 καὶ
1552 4105 1608 4156 ἐν
1633 4105 1870 4180 τοσαύτῃ
1901 4106 2080 4171 ζῶντα

411 4193 591 4263 τρυφῇ
617 4190 709 4242 καὶ
740 4187 999 4259 ῥᾳθυμίᾳ,
1025 4186 1133 4239 ἀπὸ
1166 4184 1259 4239 σοῦ
1296 4186 1389 4239 καὶ
1423 4186 1531 4239 τῶν
1566 4187 1673 4240 σῶν
1704 4190 1903 4260 χειρῶν
1937 4193 2078 4247 κατά

410 4274 510 4345 τὴν
537 4274 751 4345 ἡμέραν
790 4271 1004 4340 ἐκείνην
1047 4269 1338 4341 ἐκζητήσει
1370 4270 1463 4323 τοῦ
1501 4271 1715 4325 παιδίου
1760 4273 1951 4328 τούτου
1979 4275 2078 4347 τὴν

409 4358 588 4429 ψυχὴν
615 4359 644 4410 ὁ
677 4357 829 4418 Θεός.
864 4353 1049 4408 Ταῦτα
1081 4355 1175 4408 καὶ
1196 4354 1266 4407 τὰ
1294 4354 1497 4408 τούτων
1532 4355 1755 4411 πλείονα
1780 4357 2080 4430 προσθεῖσα

413 4446 649 4515 ῥήματα.
682 4442 775 4493 καὶ
799 4435 1113 4509 δακρύσασα
1155 4437 1398 4509 σφοδρῶς
1429 4438 1523 4491 καὶ
1555 4438 1822 4505 ἐλεεινῶς,
1862 4440 2078 4495 ἔπεισεν

409 4522 765 4590 ἀναδέξασθαί
828 4539 894 4594 με
953 4521 1155 4592 ταύτην
1200 4521 1297 4591 τὴν
1348 4523 1748 4594 πραγματείαν,
1792 4526 1886 4578 καλ⁸
1937 4526 2076 4597 μετά

338 4628 346 4633 ·
408 4609 615 4663 τούτων
664 4604 937 4676 ἐξέπεμψε
1001 4604 1108 4657 τῶν
1162 4603 1406 4659 ἐντολῶν.
1440 4607 1550 4659 Kal
1589 4606 1651 4659 οὐ
1683 4607 1906 4677 γέγονεν
1936 4611 2071 4683 αὐτῇ

413 4694 637 4764 μάταιος
668 4692 701 4760 ἡ
738 4689 982 4759 μηχανή·
1029 4687 1140 4740 ἀλλ’
1196 4686 1368 4753 οῦτως
1424 4691 1482 4742 ὲν
1538 4690 1731 4762 βραχεῖ
1775 4692 1951 4764 χρόνῳ
1980 4692 2075 4745 τὸν

410 4776 527 4849 [98]
582 4774 745 4828 παῖδα
792 4771 979 4826 τοῦτον
1026 4772 1055 4822 6
1112 4775 1358 4840 γενναῖος
1413 4774 1619 4838 ἐκεῖνος
1684 4776 1914 4846 ἤσκησε,
1980 4777 2076 4829 καὶ

406 4858 657 4913 τοσοῦτον
679 4854 827 4925 αὐτῷ
853 4855 952 4923 τῆς
982 4852 1271 4924 ἐπιθυμίας
1300 4855 1502 4925 ταύτης
1542 4857 1714 4927 ἀνῆψε
1741 4857 1802 4911 τὸ
1840 4857 1969 4929 πῦρ,
1999 4858 2077 4919 ὡς

406 4942 601 5011 ἀθρόον
623 4940 839 4994 ἅπαντα
862 4939 1033 5009 ῥῖψαι,
1060 4939 1152 4991 καὶ
1181 4940 1274 4991 ἐπὶ
1306 4938 1404 5009 τὴν
1440 4939 1644 5010 ἔρημον
1686 4940 1936 5012 δραμεῖν,
1978 4942 2075 4994 καὶ

406 5028 594 5098 ἐτέρου
627 5022 830 5076 δεῖσθαι
853 5020 1068 5091 χαλινοῦ
1092 5021 1253 5075 πάλιν
1290 5022 1385 5075 τοῦ
1413 5023 1778 5093 δυνησομένου
1816 5026 1952 5097 πρὸς
1974 5027 2072 5098 τὴν

408 5110 718 5179 σύμμετρον
749 5105 909 5158 αὐτὸν
947 5105 1179 5174 ἄσκησιν
1221 5105 1329 5159 ἀπὸ
1355 5107 1455 5178 τῆς
1485 5109 1880 5179 ἐπιτεταμένης
1908 5127 2074 5178 μετα-

407 5191 638 5263 στρέψαι
672 5202 697 5229 κ
738 5188 971 5256 ἐκείνης.
1014 5188 1125 5242 Καὶ
1167 5188 1275 5259 γὰρ
1319 5185 1388 5261 ἦν
1441 5189 1579 5254 δέος,
1636 5191 1711 5261 μὴ
1761 5195 1826 5262 τῇ
1867 5192 2068 5265 σπουδῇ

402 5277 577 5348 ταύτῃ
612 5273 717 5345 πρὸ
744 5271 935 5343 καιροῦ
970 5272 1030 5325 τὸ
1059 5272 1242 5343 δρᾶμα
1276 5273 1651 5343 ἀποκαλύψας,
1679 5275 1772 5328 καὶ
1804 5278 1869 5346 τῇ
1903 5278 2073 5347 μητρὶ

404 5363 501 5418 καὶ
530 5358 610 5429 τῷ
635 5353 986 5425 παιδαγωγῷ,
1030 5357 1124 5409 καὶ
1156 5358 1267 5419 τοῖς
1306 5357 1577 5427 πανταχοῦ
1619 5362 1870 5428 μοναχοῖς
1916 5360 2072 5413 πόλε-

408 5461 509 5516 μον
537 5440 726 5512 ἐγείρῃ
764 5437 1015 5509 χαλεπόν.
1054 5438 1117 5491 El
1150 5438 1259 5509 7&9
1294 5438 1488 5509 ᾔσθετο
1519 5438 1723 5511 ταύτης
1766 5442 1866 5510 τῆς
1894 5444 2071 5514 φυγῆς

403 5527 433 5578 6
470 5523 675 5594 πατὴρ,
716 5522 817 5574 οὐκ
856 5520 922 5574 ἂν
954 5520 1162 5592 ἀπέστη
1205 5521 1383 5575 πάντα
1415 5522 1602 5583 κινῶν,
1629 5522 1767 5577 ῶστε
1799 5524 2069 5580 ἀπελάσαι

400 5609 530 5670 τοὺς
567 5607 758 5671 ἁγίους
790 5603 1050 5669 ἐκείνους,
1093 5606 1214 5675 οὐχί
1244 5605 1370 5671 τοὺς
1409 5606 1845 5677 ὑποδεξαμένους
1878 5610 2065 5680 μόνον,

402 5687 539 5741 ἀλλά
568 5688 660 5741 καὶ¹
690 5689 815 5750 τοὺς
855 5687 1047 5750 ἄλλους
1073 5686 1340 5751 ἅπαντας.
1377 5687 1579 5741 Τοῦτον
1608 5690 1787 5743 τοίνυν
1827 5692 1938 5758 ἐγὼ
1978 5695 2068 5748 τὸν

401 5772 567 5825 παῖδα
612 5771 813 5837 λαϐὼν,
845 5771 1136 5825 καὶταῦτα
1169 5773 1263 5825 καὶ
1296 5772 1365 5826 1&
1387 5772 1593 5827 τούτων
1619 5773 1839 5829 πλείονα
1869 5777 2059 5841 εἰπὼν,

463 5894 493 5928 ⁸
513 5893 595 5945 Slc
613 5895 709 5946 duo
729 5909 842 5947 mss.
869 5896 998 5947 Edili
1023 5909 1143 5946 vero
1175 5896 1489 5962 ἀποστρέψαι,
1512 5896 1671 5948 ωτιιυς
1693 5901 1963 5950 commode.

1188 300 1572 366 S..JOANNIS
1607 298 2106 358 CHRYSOSTOMI
2142 300 2467 359 ARCHIEP.
2500 301 3050 362 CONSTANTINOP.

3764 308 3894 365 370

2195 418 2299 490 τὴν
2331 419 2432 489 μὲν
2467 419 2761 491 ἐπιθυμίαν
2802 421 2903 493 τῆς
2928 422 3245 493 φιλοσοφίας
3280 423 3485 497 ταύτης
3516 425 3546 466 δ
3585 425 3748 480 εἴασα
3776 425 3895 497 μέ-

2198 506 2333 565 νειν,
2369 502 2462 556 καὶ
2492 502 2743 556 ἐπέτεινα
2780 502 2837 555 δὲ
2870 503 3051 571 πλέον,
3071 506 3170 576 τήν
3197 506 3255 559 δέ
3285 506 3438 561 πόλιν
3466 509 3635 561 οἰκεῖν
3659 507 3893 579 ἠξίουν,

2195 587 2293 639 καὶ
2322 586 2424 655 τῆς
2448 586 2556 641 τῶν
2584 586 2756 656 λόγων
2779 586 2998 658 ἔχεσθαι
3034 590 3267 660 σπουδῆς
3284 608 3298 621 ·
3330 590 3471 645 οῦτω
3499 592 3606 663 γὰρ
3628 592 3724 645 καὶ
3745 592 3897 654 τοὺς

2195 668 2491 741 ἡλικιώτας
2512 670 2811 742 ὠφελήσειν
2829 670 2899 725 τά
2921 672 3173 742 μέγιστα,
3198 674 3402 727 καὶτὸν
3427 674 3638 744 πατέρα
3657 674 3891 745 λήσειν.

2207 756 2530 823 Ἀναγκαῖον
2583 754 2641 807 δὲ
2684 753 2842 808 τοῦτο
2892 751 3031 808 εἶναι
3087 755 3357 826 ἐνόμιζον,
3421 757 3483 810 ού
3527 758 3635 811 τῶν
3696 758 3894 826 ἀγίων

2198 838 2356 907 μόνον
2402 838 2588 892 ἕνεκεν
2614 838 2859 902 ἐκείνων,
2884 839 3004 892 οὐδὲ
3030 839 3128 909 τῆς
3163 841 3387 912 μητρὸς,
3424 841 3546 895 οὐδέ
3578 841 3677 896 τοῦ
3710 841 3896 895 παιδ-

2199 921 2417 991 ιγωγοῦ
2444 963 2456 985 ,
2514 921 2649 975 ἀλλά
2698 922 2794 976 καὶ
2845 922 3008 977 αὐτοῦ
3065 922 3158 976 τοῦ
3209 924 3414 988 παιδός.
3471 925 3559 978 Ἐν
3590 927 3732 997 ἀρχῇ
3779 925 3892 996 μὲν

2195 1005 2304 1077 γὰρ
2336 1003 2660 1075 ἐπιθέμενον
2710 1004 2858 1075 αὐτῷ
2903 1016 2925 1045 ο
2966 1005 3059 1059 τὸν
3109 1006 3337 1078 πατέρα,
3392 1007 3488 1060 καὶ
3530 1006 3893 1062 διασαλεύειν

2195 1087 2343 1149 εἰκὸς
2370 1082 2438 1157 ἦν
2464 1086 2534 1139 τά
2561 1087 2660 1157 τῆς
2692 1087 3007 1158 φιλοσοφίας
3052 1089 3215 1159 φυτά,
3262 1090 3449 1144 ἁπαλά
3493 1108 3552 1144 τε
3598 1091 3728 1145 ὄντα
3781 1092 3891 1145 καὶ

2194 1169 2319 1242 ἄρτι
2353 1169 2609 1224 τεθέντα*
2639 1172 2687 1225 εί
2718 1170 2775 1224 δέ
2802 1172 2994 1242 χρόνος
3017 1173 3310 1243 ἐγγένηται
3348 1173 3533 1238 πολὺς,
3580 1175 3676 1228 καὶ
3706 1173 3890 1246 ῥιζω-

2193 1254 2317 1327 θείη
2370 1256 2574 1321 καλῶς,
2618 1258 2826 1330 σφόδρα
2861 1257 3128 1329 ἐθάρρουν
3170 1258 3252 1311 ὅτι
3291 1258 3393 1311 οὐκ
3430 1257 3497 1311 ἂν
3540 1258 3646 1312 οὐδ’
3689 1258 3887 1312 ὁτιοῦν

2193 1339 2419 1409 γένηται
2452 1340 2740 1412 δυνήσεται
2784 1341 3138 1412 παραϐλάψαι
3189 1342 3281 1395 τὸν
3325 1341 3440 1395 υἱὸν
3475 1343 3716 1405 ἐκεῖνος·
3746 1342 3784 1395 ὃ
3814 1342 3885 1413 δὴ

2192 1425 2286 1478 καὶ
2311 1425 2524 1494 γέγονε,
2570 1426 2666 1481 καὶ
2696 1426 2757 1479 οὐ
2798 1426 3098 1498 διήμαρτον
3145 1426 3248 1496 τῆς
3302 1425 3536 1490 ἐλπίδος.
3589 1426 3719 1479 Ὅτε
3760 1426 3885 1497 γὰρ

2190 1509 2372 1580 πατὴρ
2420 1509 2585 1563 αὐτοῦ
2620 1509 2943 1580 προσϐαλὼν
2990 1509 3215 1583 ὕστερον
3262 1509 3456 1581 χρόνου
3508 1509 3885 1580 παρελθόντος

2190 1592 2408 1657 πολλοῦ,
2451 1594 2545 1647 καὶ
2572 1593 2713 1664 μετά
2751 1595 2987 1666 σφοδρᾶς
3024 1594 3273 1657 ἐνσείσας
3313 1595 3414 1664 τῆς
3444 1592 3642 1665 ῥύμης,
3675 1595 3738 1646 οὐ
3774 1594 3886 1664 μό-

2188 1692 2277 1728 νον
2308 1677 2408 1730 οὐκ
2432 1676 2607 1730 ἐκλινέ
2647 1694 2700 1730 τι
2730 1679 2831 1748 τῆς
2868 1678 3175 1749 οἰκοδομῆς,
3217 1677 3352 1731 ἀλλά
3382 1677 3477 1731 καὶ
3511 1677 3881 1748 ίσχυροτέραν

2187 1759 2439 1829 ἀπέφηνε
2458 1777 2472 1791 ·
2510 1759 2618 1814 τῶν
2655 1778 2714 1815 τε
2739 1762 3161 1832 συμφοιτώντων
3189 1760 3217 1801 ἀ
3245 1761 3395 1832 αὐτῷ
3423 1762 3605 1815 πολλοὶ
3625 1762 3881 1817 τοσαῦτα

2185 1841 2286 1910 τῆς
2320 1841 2537 1912 ὁμιλίας
2564 1842 2850 1897 ἀπώναντο
2876 1844 2977 1915 τῆς
3017 1844 3249 1910 ἐκείνου,
3283 1843 3361 1907 ὡς
3398 1843 3535 1912 πρὸς
3565 1842 3657 1895 τὸν
3701 1844 3879 1898 αὐτὸν

2187 1920 2340 1992 αὐτῷ
2405 1921 2565 1993 ζῆλον
2621 1923 2815 1977 ἐλθεῖν.
2868 1925 3047 1995 Ἐχων
3095 1923 3204 1995 γὰρ
3242 1924 3381 1977 οἶκοι
3435 1922 3730 1987 διαπαντὸς
3774 1923 3877 1977 τὸν

2191 2001 2545 2073 ρυθμίζοντα,
2605 2002 2853 2075 καθάπερ
2896 2002 3117 2074 ἄγαλμα
3148 2002 3387 2073 συνεχῶς
3440 2002 3716 2056 ἀπολαῦον
3762 2003 3877 2073 τῆς

2184 2080 2279 2134 τοῦ
2349 2082 2593 2150 τεχνίτου
2654 2083 2865 2156 χειρὸς,
2908 2081 3052 2136 οὓτω
3096 2082 3415 2154 προσθήκην
3470 2083 3591 2136 καθ’
3622 2083 3877 2154 ἑκάστην

2185 2159 2398 2231 ἡμέραν
2441 2160 2711 2232 ἐλάμϐανε
2757 2160 2852 2215 τοῦ
2885 2161 3028 2216 κατά
3057 2161 3236 2234 ψυχὴν
3271 2161 3522 2227 κάλλους.
3566 2164 3679 2216 Kal
3705 2163 3769 2216 16
3804 2165 3874 2235 δή

2185 2238 2515 2309 θαυμαστὸν,
2550 2239 2655 2307 ἔξω
2696 2240 2795 2312 μὲν
2824 2241 3167 2312 φαινόμενος,
3202 2241 3351 2294 οὐδὲν
3376 2241 3655 2314 διαφέρειν
3684 2242 3872 2297 ἐδόκει

2184 2319 2296 2372 τῶν
2324 2319 2533 2372 πολλῶν
2557 2336 2571 2349 ·
2608 2318 2731 2373 οὔτε
2762 2319 2870 2392 7&9
2896 2317 3029 2392 ἦθος
3059 2315 3205 2392 εἶχεν
3239 2322 3580 2393 ήγριωμένον
3607 2324 3704 2376 καὶ
3732 2340 3875 2376 κατ-

2183 2399 2446 2470 εσκληκδς
2467 2440 2481 2463 ,
2533 2397 2657 2453 οὐτε
2697 2398 3102 2472 ἐξηλλαγμένην
3171 2400 3381 2472 στολὴν,
3416 2401 3537 2473 ἀλλ’
3579 2397 3647 2473 ἦν
3683 2404 3871 2466 κοινὸς

2183 2479 2281 2532 καὶ
2303 2478 2383 2549 τῷ
2407 2480 2645 2550 σχήματι
2680 2480 2773 2533 καὶ
2804 2478 2881 2549 τῷ
2917 2471 3189 2550 βλέμματι
3220 2471 3423 2552 καιτῗί
3445 2471 3729 2553 φωνῇκαὶ
3748 2487 3869 2545 τοῖς

2181 2558 2364 2621 ἄλλοις
2389 2558 2614 2612 ἅπασιν.
2650 2559 2812 2613 Ὅθεν
2849 2560 2943 2614 καὶ
2976 2559 3205 2623 πολλοὺς
3243 2560 3351 2613 τῶν
3390 2560 3726 2631 ὁμιλούντων
3762 2564 3867 2615 αὐ-

2180 2638 2260 2710 τῷ
2289 2640 2421 2693 είσω
2467 2638 2580 2693 τῶν
2631 2639 2796 2693 αὐτοῦ
2840 2640 3071 2694 δικτύων
3116 2640 3357 2711 ἠδυνήθη
3401 2641 3607 2703 λαϐεῖν,
3654 2643 3867 2712 πολλὴν

2182 2717 2331 2771 ἔνδον
2368 2717 2506 2788 ἔχων
2545 2719 2998 2791 ἐγκεκρυμμένην
3024 2720 3123 2790 τὴν
3152 2720 3489 2789 φιλοσοφίαν.
3532 2721 3687 2775 Οἶκοι
3725 2721 3785 2776 δέ
3812 2724 3872 2777 ετ

2181 2815 2265 2861 τις
2288 2797 2453 2851 αὐτὸν
2486 2792 2646 2861 εἶδεν,
2679 2799 2929 2869 ἐνόμισεν
2957 2799 3022 2853 ἀν
3047 2816 3169 2853 τινα
3192 2796 3458 2853 εἶναιτῶν
3490 2802 3547 2854 ἐν
3570 2803 3683 2865 τοῖς
3706 2803 3863 2872 δρεσι

2181 2877 2541 2949 καθημένων·
2586 2879 2679 2932 καὶ
2720 2877 2830 2949 7&9
2881 2880 2915 2950 ή
2962 2877 3109 2931 οίκία
3165 2878 3315 2949 αὐτῷ
3364 2878 3503 2951 πρὸς
3565 2880 3862 2951 ἀκρίϐειαν

2184 2974 2423 3027 μοναστη
2433 2957 2550 3021 ρίου
2588 2959 2789 3022 παντὸς
2829 2958 3093 3020 διέκειτο,
3136 2958 3288 3013 οὐδὲν
3317 2958 3515 3030 ἔχουσα
3541 2959 3650 3013 τῶν
3686 2962 3860 3029 ἀναγ-

2181 3038 2352 3092 καίων
2382 3037 2563 3094 πλέον.
2608 3040 2719 3092 Kal
2744 3041 2773 3092 6
2802 3039 2991 3110 καιρὸς
3014 3039 3071 3092 δέ
3099 3037 3250 3109 αὐτῷ
3293 3040 3438 3103 ἅπας
3469 3041 3549 3103 είς
3582 3040 3683 3109 τήν
3730 3042 3861 3094 ἀνά-

2179 3135 2381 3185 γνωσιν
2420 3116 2530 3172 τῶν
2570 3118 2739 3186 ἁγίων
2767 3118 3088 3189 ἀνηλίσκετο
3122 3117 3342 3185 βιϐλίων
3387 3130 3449 3158 θ’
3493 3119 3588 3172 καὶ
3631 3118 3744 3189 7&9
3781 3119 3859 3173 ῶν

2180 3198 2307 3264 ὀξὺς
2349 3197 2646 3269 μαθήματα
2689 3196 3038 3268 προσλαϐεῖν,
3088 3200 3153 3268 τῇ
3197 3198 3297 3268 μέν
3332 3198 3532 3265 ἔξωθεν
3570 3199 3858 3254 παιδεύσει

2183 3276 2357 3347 βραχὺ
2389 3278 2488 3346 τῆς
2515 3277 2727 3347 ἡμέρας
2759 3276 3022 3347 ἀπένειμε
3066 3277 3262 3348 μέρος,
3294 3278 3353 3332 τὸ
3380 3278 3439 3330 δὲ
3476 3278 3664 3332 λοιπὸν
3710 3279 3859 3335 ἅπαν

2180 3357 2363 3428 εὐχαῖς
2384 3357 2626 3427 συνεχέσι
2653 3356 2748 3409 καὶ
2772 3356 2996 3426 βιϐλίοις
3035 3356 3280 3412 ἀνέκειτο
3315 3358 3500 3422 θείοις,
3534 3359 3628 3412 καὶ
3670 3360 3859 3424 ἄσιτος

2181 3436 2399 3491 ἃπασαν
2420 3436 2649 3489 διετέλει
2680 3437 2778 3506 τήν
2808 3436 3042 3507 ἡμέραν,
3071 3437 3269 3508 μᾶλλον
3300 3438 3358 3491 δὲ
3391 3439 3512 3493 οὐδέ
3541 3438 3695 3509 μίαν,
3733 3440 3855 3494 οὐδὲ

2178 3516 2273 3571 δύο
2318 3517 2497 3587 μόνον,
2538 3516 2673 3570 ἀλλά
2695 3516 2788 3569 καὶ
2814 3516 3050 3581 πλείους.
3078 3516 3183 3572 Kal
3212 3517 3405 3583 νύκτες
3424 3518 3482 3572 δὲ
3506 3519 3655 3591 αὐτῷ
3678 3520 3857 3574 ταῦτα

2183 3596 2499 3667 συνῄδεσαν,
2530 3596 2760 3665 δάκρυα.
2787 3596 2879 3648 καὶ
2912 3596 3097 3666 εὐχὰς,
3133 3599 3228 3651 καὶ
3271 3598 3371 3669 τὴν
3409 3598 3674 3670 τοιαύτην
3723 3600 3857 3653 ἀνά-

2179 3691 2399 3742 γνωσιν.
2433 3676 2612 3746 Ἀπερ
2632 3678 2763 3745 ήμῖν
2789 3674 3003 3751 ἀπάντα
3034 3675 3052 3713 τ
3078 3678 3107 3730 6
3140 3674 3257 3749 [99]
3291 3678 3636 3746 παιδαγωγὸς
3675 3679 3856 3751 λάθρα

2179 3755 2479 3823 ἀπήγγειλε
2498 3772 2513 3786 ·
2540 3755 2634 3808 καὶ
2667 3755 2776 3825 7&9
2807 3750 2875 3824 ἦν
2905 3754 3177 3826 ἀφόρητος
3214 3758 3243 3809 ό
3270 3759 3423 3820 παῖς,
3462 3757 3517 3810 εί
3548 3776 3601 3811 τι
3643 3750 3855 3813 τούτων

2179 3834 2375 3905 ᾔσθετό
2401 3850 2530 3887 ποτε
2555 3833 2851 3904 ἐξενεχθέν.
2881 3833 3074 3902 Ἔλεγε
3099 3835 3277 3888 τοίνυν
3299 3830 3472 3899 οὗτος,
3500 3837 3582 3891 ὅτι
3610 3841 3708 3892 καὶ
3734 3841 3854 3909 ίμά·

2177 3930 2291 3966 τιον
2332 3912 2480 3983 αὐτῷ
2516 3913 2625 3966 ἀπὸ
2668 3911 2870 3983 τριχῶν
2914 3914 3336 3975 κατεσκεύαστο,
3386 3916 3479 3969 καὶ
3535 3916 3712 3987 τούτῳ
3752 3919 3853 3982 τὰς

2176 3991 2378 4054 νύκτας
2408 3991 2745 4060 ἐγκαθεύδοι,
2767 3993 2934 4062 σοφήν
2957 4010 3077 4045 τινα
3103 3995 3351 4066 μηχανὴν
3373 3995 3468 4047 τοῦ
3509 3998 3723 4066 ταχέως
3771 3999 3855 4064 ἐξ·

2177 4070 2495 4125 ἀνίστασθαι
2522 4070 2724 4141 ταύτην
2750 4070 2943 4141 εὑρών.
2962 4073 3071 4125 Kal
3094 4073 3162 4126 1&
3184 4073 3316 4127 ἄλλα
3342 4074 3565 4146 δὲαύτῷ
3589 4076 3728 4146 πρὸς
3751 4079 3851 4147 τὴν

2178 4149 2462 4220 ἀκρίϐειαν
2501 4149 2609 4203 τῶν
2646 4150 2895 4220 μοναχῶν
2934 4152 3261 4221 ἀπήρτιστο,
3298 4155 3392 4206 καὶ
3436 4154 3530 4207 τὸν
3567 4155 3703 4209 Θεὸν
3734 4158 3852 4212 ἐδό-

2178 4228 2305 4308 ξαζε
2331 4229 2569 4299 συνεχῶς
2602 4230 2828 4308 ἐκεῖνος,
2865 4229 2956 4282 τὸν
2994 4229 3138 4284 οὕτω
3175 4230 3354 4302 κοῦφα
3390 4232 3491 4302 τῆς
3528 4234 3851 4308 φιλοσοφίας

2175 4306 2379 4388 ταύτης
2411 4308 2634 4388 ἐνθέντα
2670 4307 2820 4378 αὐτῷ
2848 4310 2915 4363 τά
2948 4311 3144 4380 πτερά.
3176 4312 3337 4366 Ὥστε
3368 4313 3422 4364 εί
3438 4314 3522 4375 τίς
3549 4331 3640 4384 μοι
3663 4306 3848 4388 ψυχὴν

2176 4386 2271 4439 καὶ
2297 4387 2411 4466 ,νῦν
2456 4387 2728 4466 ἐδείκνυε
2758 4388 3037 4459 τοιαύτην,
3076 4390 3171 4445 καὶ
3219 4391 3562 4460 παιδαγωγὸν
3610 4386 3845 4466 παρεῖχε

2174 4465 2433 4546 τοιοῦτον,
2484 4466 2580 4519 καὶ
2624 4465 2694 4520 τά
2742 4467 2874 4521 ἄλλα
2930 4470 3108 4522 πάντα
3160 4470 3361 4540 ὁμοίως
3416 4465 3844 4546 ιέπιμελεῖσθαιι

2176 4545 2560 4616 ἐπηγγείλατο,
2586 4547 2842 4617 μυριάκις
2873 4547 2937 4602 ἂν
2958 4548 3212 4619 ηὐξάμην
3240 4549 3397 4603 τοῦτο
3419 4550 3674 4618 γενέσθαι
3705 4545 3844 4623 μίλὲ

2175 4624 2264 4704 λον
2288 4624 2404 4704 τῶν
2448 4626 2862 4697 γεννησαμένιον
2899 4628 3098 4682 αὐτῶν.
3125 4625 3200 4682 Ἷί
3239 4629 3344 4700 γὰρ
3372 4629 3437 4683 ἂν
3473 4633 3608 4702 ἡμῖν
3639 4633 3672 4702 ἡ
3698 4633 3847 4704 θήρα

2173 4703 2373 4757 πλείων
2419 4704 2655 4772 ἐγένετο,
2690 4706 2784 4758 καὶ
2801 4706 2889 4761 διὰ
2918 4707 3011 4759 τὸν
3041 4707 3174 4778 βίον.
3201 4708 3295 4761 καὶ
3330 4709 3417 4762 διά
3463 4710 3560 4781 τὴν
3597 4703 3840 4781 ἡλικίαν,

2173 4783 2267 4835 καὶ
2295 4782 2382 4837 διά
2406 4783 2503 4855 τὴν
2536 4785 2733 4855 συνεχῆ
2758 4785 3059 4857 διατριϐὴν,
3092 4788 3201 4840 τῶν
3234 4788 3490 4841 τοιούτων
3526 4789 3844 4860 δυναμένων

2171 4862 2297 4924 τοὺς
2325 4862 2619 4933 ήλικιώτας
2644 4863 2837 4936 θηρᾷν.
2880 4865 3041 4919 Ἀλλά
3064 4866 3172 4938 7&9
3209 4868 3385 4931 οὐδείς
3420 4862 3568 4921 ἐστιν
3597 4871 3628 4922 6
3663 4872 3845 4925 ταῦτα

2172 4940 2610 5012 ὐποστησόμενος
2636 4940 2684 5009 Ι,
2713 4942 2838 4997 οὐδέ
2882 4948 3152 5016 ποιήσωψ
3186 4947 3286 4999 οὐκ
3324 4946 3473 5009 ὄντος
3511 4947 3588 5012 δὲ,
3635 4950 3840 5020 μυρίας

2236 5044 2264 5121 1’
2291 5044 2397 5121 ἓυο
2423 5058 2537 5121 ωςδ-
2573 5047 2849 5121 φιλεεῑοφίας
2869 5048 3214 5121 τςύῖης-Αεάἓεί
3247 5052 3712 5121 φιλρσοφέαςτεάεηςο

2236 5108 2396 5176 (pug
2413 5120 2552 5176 'mss.
2581 5108 3031 5176 E1:_10é9£_v0v_061_6y,
3058 5111 3208 5176 Savll.
3233 5108 3289 5176 élr
3310 5108 3489 5176 MOrél.
3506 5108 3691 5176 06116:
3715 5114 3840 5164 Infra

2170 5165 2323 5235 δεινῇ.
2352 5168 2603 5235 ἐθάρρουνκ
2627 5165 2901 5235 ὅτιςούκ-ἂνᾉ
2928 5165 3208 5235 οὐδ’ίᾼότιοῦν
3237 5175 3441 5235 γένηται.
3477 5165 3648 5224 Morel.
3669 5176 3774 5226 οὐδ’
3795 5178 3841 5226 εἰ

2167 5244 2213 5276 τι
2237 5228 2335 5291 οὖν,
2366 5228 2491 5277 "nos
2515 5231 2669 5278 codex
2697 5232 2768 5279 ὅτι
2801 5233 2857 5279 ἂν
2877 5233 2921 5291 ὅ,
2940 5250 2985 5281 τι
3005 5233 3102 5286 οὖν.
3126 5228 3258 5283 aliud
3282 5228 3355 5284 ὅτι
3372 5236 3452 5284 ἐὰν
3474 5235 3648 5286 ὁτιοῦν.

2216 5288 2258 5365 ’ἀ
2288 5291 2438 5339 Savil.
2462 5298 2515 5339 eL
2538 5306 2665 5342 unus
2685 5294 2792 5342 cod.
2818 5288 3167 5357 συμφοιτητῶν.
3195 5297 3365 5347 Morel.
3394 5303 3447 5347 et
3467 5300 3593 5348 alius
3630 5316 3838 5365 συμφοιο

2168 5367 2374 5399 τωντων.

2231 5414 2250 5434 ⁶
2269 5413 2382 5484 Duo
2405 5426 2520 5484 m_s_s.
2556 5414 2859 5484 ἀναλίσκεται
2888 5416 3079 5484 βίϐλων.
3111 5418 3221 5469 Mox
3253 5418 3403 5469 iidem
3424 5421 3664 5484 ἀπένειμε,
3692 5432 3747 5474 et
3764 5424 3841 5475 de

2170 5472 2341 5551 Safil?
2364 5476 2417 5522 in
2444 5474 2614 5551 Morel.
2635 5486 2806 5550 'aulem
2832 5472 3051 5551 ἀπένεμε.

2239 5534 2258 5573 ί
2291 5537 2394 5602 Duo
2416 5550 2530 5602 mss.
2564 5537 2843 5599 ἀνάγνωσιν.
2887 5534 3027 5602 Ἡμῖν
3067 5540 3119 5589 δὲ
3157 5541 3361 5590 ἅπαντα.
3387 5541 3538 5594 Savil.
3570 5548 3624 5593 et
3654 5544 3831 5596 Morel.

2166 5597 2286 5661 ἅπερ
2300 5599 2415 5661 ᾑμῖν
2434 5599 2632 5646 ἅπαντα.

2232 5660 2269 5729 δέ
2293 5660 2441 5708 Savil.
2466 5674 2545 5721 μοι
2578 5662 2733 5729 ψυχὴν
2751 5661 2831 5708 καὶ
2851 5660 2931 5729 νῦν
2957 5662 3168 5729 -ἐδείκνυ,
3192 5662 3364 5712 Morel.
3390 5681 3469 5727 μοι
3489 5668 3645 5729 ψυχὴν
3665 5671 3839 5727 καινὴν

2172 5721 2368 5787 ἐδείκνυ,
2394 5735 2520 5769 unus
2545 5721 2697 5787 codex
2725 5736 2804 5787 μοι
2829 5724 2909 5770 καὶ
2931 5721 3011 5787 νῦν
3025 5726 3195 5787 ψυχήν,

2236 5783 2260 5852 [ι
2291 5782 2395 5852 ηιιο
2417 5795 2536 5852 m_ss.
2555 5782 2962 5852 ὐποισχησρμενος,
2991 5782 3121 5852 \‘il
3136 5785 3407 5852 #elMonel.
3425 5790 3836 5852 ὐποστησὸμενος,

2176 5842 2489 5908 ίηῗιεοΜοιιςιι.
2514 5848 2573 5908 gl
2594 5842 2718 5893 aliu'é
2742 5842 2824 5908 τὸν
2850 5847 2983 5895 οὐδὲν
3014 5849 3183 5908 ἑαυτῷ.
3212 5850 3360 5899 Savil.
3387 5854 3438 5899 et
3459 5851 3585 5900 alius
3601 5842 3686 5900 τὸν
3724 5842 3839 5906 ούδῖ

2167 5907 2335 5954 ἑαυτῶ.
2369 5904 2494 5955 lnl'ra
2514 5904 2684 5956 Morel.
2710 5907 2929 5965 ἐκόλασε,
2950 5907 3033 5959 alii
3053 5904 3287 5961 κολάσω.
