4116 6392
369 302 478 357 ὗῖὶθ

369 417 520 472 Hunc
558 416 873 488 pmdagogus
910 415 1230 487 sequebatur
1267 429 1512 485 semper,
1555 412 1642 468 cui
1677 426 1781 467 una
1823 424 1948 464 cura

367 514 500 570 erat,
537 517 593 561 ut
617 509 734 577 ejus
761 509 990 562 animam
1022 507 1353 561 informaret.
1387 505 1537 559 llunc
1574 518 1673 574 ego
1700 502 1952 572 paedago-

365 613 488 669 gum
519 598 706 654 adiens
735 597 871 670 (erat
897 600 1038 652 enim
1060 615 1124 653 ex
1153 599 1216 652 iis
1240 599 1331 668 qui
1361 599 1412 651 in
1444 597 1715 651 montibus
1741 593 1950 650 reside-

366 691 568 765 bant),
598 709 814 749 causam
844 693 1086 748 ediscere
1113 693 1346 746 conabar
1369 707 1468 746 cur
1491 705 1613 745 cum
1643 686 1948 758 hujusmodi

364 786 678 854 sapientiam
726 785 999 855 professus
1042 793 1213 849 esset,
1252 784 1305 838 in
1347 783 1756 854 pzcdagogorum
1787 780 1946 834 vitam

365 878 598 946 scipsum
641 877 966 933 demisisset.
1009 877 1102 932 llle
1133 893 1260 932 vero
1302 876 1576 946 respondit
1611 874 1714 929 sibi
1760 889 1944 944 parum

363 970 619 1036 temporis
647 985 928 1039 superesse
967 971 1020 1024 in
1061 968 1363 1038 hujusmodi
1400 966 1576 1022 oflicio
1604 965 1907 1036 przestando
1927 1003 1948 1036 ,

361 1071 416 1114 et
437 1077 548 1116 rem
567 1063 727 1117 altius
745 1064 1028 1132 repetitam
1047 1063 1314 1118 enarravit
1339 1063 1510 1117 nobis.
1531 1063 1723 1124 Puero,
1752 1062 1940 1132 inquit,

363 1151 484 1208 huic
517 1162 666 1222 pater
693 1163 776 1210 est
799 1155 983 1222 durus,
1015 1157 1184 1222 ferox,
1217 1165 1272 1211 et
1301 1155 1481 1209 mundi
1511 1155 1669 1210 rebus
1696 1152 1940 1217 inhians;

361 1253 534 1300 mater
555 1255 729 1301 autem
758 1247 1018 1313 modesta,
1038 1258 1362 1318 temperans,
1391 1246 1553 1315 proba
1576 1257 1629 1301 et
1650 1245 1718 1301 ad
1747 1247 1938 1300 czelum

360 1345 563 1391 tantum
596 1339 910 1408 respiciens.
941 1339 1100 1394 Pater
1135 1340 1311 1410 itaque
1331 1381 1346 1404 ,
1379 1347 1560 1407 utpote
1585 1339 1675 1409 qui
1707 1340 1758 1393 in
1787 1340 1942 1394 bellis

357 1429 521 1482 multa
552 1428 760 1483 fortiter
783 1431 1028 1500 gesserit,
1060 1429 1225 1484 lilium
1256 1430 1368 1484 vult
1393 1431 1458 1484 ad
1493 1438 1769 1500 paternum
1797 1431 1941 1484 ordi-

357 1536 477 1575 nem
513 1520 808 1588 deducere;
839 1532 1010 1577 mater
1039 1537 1167 1578 vero
1194 1522 1243 1576 id
1271 1523 1491 1576 minime
1518 1530 1698 1592 optat,
1727 1521 1818 1575 sed
1845 1521 1940 1576 ad-

355 1613 571 1668 modum
603 1615 920 1685 deprecatur
947 1634 959 1668 :
992 1631 1054 1671 ac
1075 1617 1126 1670 in
1149 1615 1284 1670 votis
1307 1615 1463 1668 habet
1487 1623 1541 1668 et
1567 1615 1768 1682 expetit
1792 1616 1934 1668 illum

355 1707 406 1760 in
438 1707 818 1761 monachorum
845 1716 987 1762 statu
1009 1706 1285 1762 ﬂorentem
1312 1706 1511 1760 videre.
1536 1705 1733 1759 Verum
1765 1705 1814 1758 id
1842 1721 1938 1774 pa-

353 1801 420 1854 tri
448 1801 627 1855 diccre
661 1816 767 1854 non
795 1816 923 1856 ausa
963 1811 1044 1855 est
1065 1841 1080 1867 ,
1110 1801 1275 1855 verita
1308 1816 1372 1853 ne
1391 1841 1404 1862 ,
1434 1801 1478 1854 si
1510 1800 1560 1853 id
1589 1799 1674 1854 ille
1699 1798 1935 1853 subodo-

352 1906 578 1961 raretur,
608 1904 923 1964 prcemature
967 1895 1114 1948 illum
1157 1894 1337 1949 smculi
1371 1894 1596 1948 vinculis
1636 1893 1930 1964 obligaret,

351 1999 509 2058 atque
548 1989 615 2043 ab
657 1989 760 2043 hoc
788 1989 962 2042 studio
988 1987 1272 2042 abductum
1303 1986 1369 2041 ad
1409 1986 1639 2041 balteum
1679 1986 1934 2040 transfer-

348 2089 448 2142 ret,
478 2091 532 2136 et
556 2080 622 2134 ad
652 2095 863 2134 omnem
886 2095 1004 2149 qum
1031 2079 1153 2133 inde
1179 2079 1327 2148 sequi
1353 2079 1492 2132 solet
1516 2079 1636 2131 vita:
1658 2077 1932 2147 negligen-

348 2172 499 2238 tiam,
526 2173 595 2226 ita
612 2182 668 2226 ut
687 2181 868 2241 postea
887 2170 1158 2226 emendari
1182 2181 1232 2224 et
1254 2170 1320 2224 ad
1341 2170 1612 2224 meliorem
1640 2183 1698 2224 se
1725 2169 1927 2239 frugem

347 2267 586 2335 recipere
632 2282 737 2320 non
777 2265 965 2335 possit.
1009 2263 1324 2334 Hnjusmodi
1365 2263 1522 2334 igitur
1563 2270 1678 2317 arte
1727 2263 1926 2316 utitur:

346 2367 533 2412 evocat
559 2373 644 2413 me
670 2358 908 2422 domum,
945 2358 1153 2427 hocque
1174 2355 1434 2426 patefacto
1464 2354 1706 2418 consilio,
1732 2370 1928 2425 appre-

345 2449 564 2504 hensam
596 2451 743 2521 pueri
770 2451 1044 2505 dexteram
1074 2450 1317 2504 manibus
1347 2448 1507 2503 tradit
1535 2449 1688 2502 meis.
1716 2448 1798 2504 Me
1818 2449 1925 2503 sci-

342 2543 570 2597 scitante
591 2557 684 2596 cur
701 2542 801 2596 hoc
821 2541 1041 2608 faceret,
1066 2557 1246 2604 unam,
1269 2541 1458 2610 inquit,
1479 2539 1620 2595 hanc
1643 2554 1926 2611 superesse

341 2637 600 2689 rationem
629 2634 974 2702 procuranda:
1003 2634 1112 2688 ﬁlio
1135 2633 1342 2698 salutis,
1366 2632 1411 2686 si
1433 2632 1623 2687 vellem
1653 2631 1922 2702 paedagogi

339 2738 536 2784 statum
557 2744 836 2784 assumens
859 2729 951 2782 lilii
974 2744 1158 2783 curam
1178 2743 1412 2792 sumere,
1437 2736 1491 2782 et
1513 2729 1612 2782 huc
1632 2729 1886 2784 accedere
1908 2747 1922 2784 :

340 2835 398 2876 se
419 2822 559 2889 patri
591 2836 869 2876 suasuram
899 2836 1040 2883 esse,
1072 2821 1233 2875 etiam
1268 2820 1315 2874 ei
1343 2863 1357 2885 ,
1385 2821 1475 2890 qui
1505 2822 1744 2875 militiam
1776 2822 1925 2876 adire

339 2915 492 2976 velit,
528 2916 710 2969 utilem
740 2931 861 2970 esse
901 2916 1171 2969 literarum
1204 2915 1610 2969 institutionem.
1637 2914 1762 2968 llaec
1788 2930 1886 2983 ego
1906 2956 1920 2978 ,

339 3006 542 3073 inquit,
587 3008 631 3060 si
678 3007 890 3062 efficere
936 3015 1160 3076 potuero
1182 3048 1196 3069 ,
1225 3015 1280 3060 tu
1310 3021 1551 3060 seorsum
1580 3015 1633 3060 et
1668 3005 1720 3059 in
1749 3005 1919 3059 aliena

339 3099 519 3165 domo,
550 3099 634 3153 ubi
665 3113 762 3153 nec
793 3107 942 3167 pater
967 3113 1065 3152 nec
1094 3097 1430 3151 familiarium
1457 3096 1716 3166 quispiam
1741 3096 1922 3149 turbas

338 3205 556 3244 movere
585 3193 775 3260 possit,
805 3205 1012 3243 summa
1043 3189 1186 3242 illum
1221 3188 1473 3242 facultate
1510 3189 1739 3242 formare
1766 3199 1920 3256 pote-

337 3284 430 3345 ris,
458 3283 723 3350 vitamque
746 3281 861 3350 ejus
888 3283 956 3336 ita
985 3280 1254 3342 ordinare,
1272 3295 1333 3334 ac
1346 3280 1389 3334 si
1414 3280 1463 3333 in
1489 3280 1812 3334 monasterio
1827 3281 1918 3334 de-

336 3383 503 3442 geret.
532 3373 795 3428 Casterum
820 3389 992 3426 annue
1013 3372 1163 3436 mihi,
1184 3387 1245 3426 ac
1268 3372 1319 3424 in
1344 3381 1545 3438 partem
1568 3371 1921 3425 simulationis

336 3483 544 3522 mecum
570 3466 750 3520 venire
779 3481 844 3519 ne
871 3464 1134 3534 graveris.
1159 3463 1274 3517 Non
1309 3477 1469 3532 parva
1508 3477 1595 3515 res
1632 3463 1820 3531 agitur,
1853 3463 1919 3516 de

338 3561 427 3614 lilii
451 3561 623 3613 anima
646 3567 914 3612 certamen
940 3565 1023 3610 est
1047 3572 1109 3610 ac
1137 3556 1432 3625 periculum
1459 3573 1472 3608 :
1497 3570 1565 3609 ne
1585 3570 1808 3623 spernas
1829 3571 1918 3607 ca-

335 3653 604 3707 rissimum
631 3651 759 3704 mihi
781 3649 1021 3703 omnium
1048 3649 1456 3717 periclitantem,
1485 3647 1576 3702 sed
1600 3648 1746 3716 eripe
1769 3647 1915 3700 illum

335 3759 365 3795 a
396 3741 789 3810 circumpositis
815 3739 1047 3807 undique
1075 3739 1303 3808 laqueis,
1330 3754 1358 3791 a
1390 3746 1729 3806 tempestate,
1755 3754 1782 3790 a
1813 3736 1915 3791 llu-

335 3835 526 3889 ctilms.
551 3832 644 3887 Sin
675 3849 799 3886 vero
827 3840 879 3885 tu
905 3832 1128 3900 gratiam
1175 3841 1433 3897 praestare
1463 3828 1719 3891 nolueris,
1751 3830 1914 3881 Deum

335 3925 440 3992 jam
469 3926 522 3978 in
554 3923 785 3978 medium
813 3922 1042 3991 appello,
1071 3930 1366 3989 testemque
1393 3934 1526 3974 voco
1556 3935 1642 3974 me
1664 3919 1794 3973 nihil
1820 3935 1915 3973 eo-

336 4033 452 4069 rum
480 4015 746 4078 omisisse,
775 4029 890 4084 quae
913 4013 976 4066 ad
1007 4012 1163 4080 hujus
1192 4014 1382 4064 animae
1412 4013 1634 4065 salutem
1664 4026 1917 4065 necessa-

335 4109 412 4162 ria
439 4116 615 4172 erant,
647 4105 1003 4175 mundamque
1046 4119 1165 4158 esse
1199 4119 1228 4157 a
1257 4104 1514 4171 sanguine
1555 4103 1701 4171 pueri
1737 4103 1912 4171 hujus.

335 4200 486 4266 Quod
509 4200 550 4252 si
579 4198 704 4268 quid
736 4197 1016 4265 coptigerit
1041 4196 1186 4248 illum
1218 4195 1326 4264 pati
1357 4209 1542 4247 eorum
1564 4235 1578 4257 ,
1602 4209 1721 4264 qua:
1752 4209 1916 4262 puero

336 4293 387 4345 in
420 4291 578 4344 tantis
602 4289 810 4344 deliciis
836 4299 889 4341 et
919 4289 969 4340 in
997 4296 1138 4340 tanta
1166 4285 1485 4354 negligentia
1515 4285 1723 4338 vivente
1743 4326 1758 4348 ,
1786 4300 1916 4338 con-

334 4388 538 4454 tingere
561 4388 801 4451 possunt,
827 4379 922 4435 abs
951 4389 1002 4435 te
1028 4379 1114 4432 illa
1143 4378 1230 4431 die
1254 4377 1398 4445 pueri
1427 4375 1656 4429 animam
1685 4375 1917 4445 requiret

337 4476 496 4530 Deus.
522 4474 614 4528 His
643 4481 697 4528 et
725 4471 962 4542 pluribus
988 4470 1148 4524 etiam
1172 4468 1347 4523 verbis
1377 4467 1722 4537 compellans,
1755 4465 1917 4520 vehe-

333 4573 546 4620 menter
586 4578 649 4617 ac
693 4561 1072 4616 miserabiliter
1116 4559 1491 4629 illacrymans,
1526 4557 1654 4611 mihi
1699 4556 1911 4611 tandem

335 4656 632 4725 persuasit,
663 4662 720 4707 ut
749 4653 850 4706 hoc
875 4653 1142 4721 negotium
1184 4650 1508 4718 susciperem
1529 4690 1544 4714 ,
1574 4664 1636 4702 ac
1672 4664 1792 4702 cum
1832 4647 1915 4701 his

334 4748 599 4804 mandatis
625 4763 711 4802 me
732 4746 799 4800 ab
822 4761 880 4800 se
901 4745 1120 4799 dimisit.
1147 4743 1254 4798 Nec
1282 4758 1411 4796 vana
1437 4741 1508 4797 illi
1537 4740 1632 4796 fuit
1664 4742 1776 4796 lucc
1804 4757 1917 4795 ma-

334 4841 568 4897 chinatio
594 4858 607 4892 :
643 4841 712 4893 ita
745 4839 887 4892 enim
917 4837 1064 4892 brevi
1090 4851 1309 4904 puerum
1339 4836 1584 4904 egregius
1617 4833 1705 4888 ille
1733 4833 1914 4902 parda-

331 4947 497 5003 gogus
519 4930 776 4996 exercuit,
806 4938 1111 4998 tantumque
1136 4928 1187 4982 in
1210 4942 1276 4981 eo
1301 4927 1474 4996 ignem
1501 4925 1751 4980 desiderii
1773 4926 1916 4980 illius

333 5026 611 5089 accendit,
649 5036 704 5079 ut
728 5031 918 5079 cuncta
955 5021 1110 5075 simul
1137 5021 1407 5089 abjiceret,
1443 5029 1600 5088 atque
1640 5018 1694 5073 in
1727 5019 1913 5073 deser-

332 5133 443 5175 tum
468 5120 783 5189 aufugeret,
816 5116 1025 5186 alioque
1055 5129 1240 5169 rursus
1269 5113 1527 5182 indigeret
1563 5113 1740 5174 freno,
1773 5112 1912 5182 quod

333 5212 484 5266 illum
515 5227 544 5264 a
571 5208 971 5264 vehementiore
990 5207 1079 5261 illa
1103 5205 1483 5261 exercitatione
1506 5203 1570 5257 ad
1590 5202 1914 5258 moderatio-

333 5321 445 5359 rem
465 5303 783 5357 traduceret.
800 5299 1036 5367 Namque
1054 5295 1392 5352 metuendum
1415 5303 1549 5359 erat,
1570 5309 1635 5348 ne
1655 5303 1801 5348 tanto
1822 5294 1915 5348 illo

334 5397 512 5451 studio
533 5408 656 5450 ante
681 5404 888 5462 tempus
913 5393 1096 5445 drama
1130 5399 1295 5443 totum
1325 5388 1602 5449 revelaret,
1636 5397 1689 5440 et
1719 5389 1871 5440 matri
1897 5427 1912 5452 ,

335 5487 622 5555 pmdagogo
649 5497 808 5554 atque
831 5482 1078 5536 omnibus
1099 5480 1292 5549 ubique
1314 5479 1586 5534 monachis
1604 5479 1796 5533 bellum
1819 5495 1911 5532 cx-

333 5578 522 5631 citaret
566 5576 956 5646 gravissimum.
1002 5572 1132 5627 Nam
1174 5574 1217 5626 si
1264 5582 1416 5640 pater
1466 5571 1606 5624 illam
1659 5572 1916 5625 sensisset

333 5670 535 5740 fugam,
565 5684 850 5737 numquam
880 5666 1171 5722 destitisset
1212 5666 1389 5719 omnia
1422 5679 1665 5727 movere,
1703 5674 1760 5718 ut
1787 5679 1912 5717 san-

331 5769 446 5814 ctos
472 5761 587 5814 illos
611 5760 922 5828 expelleret,
959 5774 1063 5814 non
1088 5771 1180 5813 eos
1209 5765 1410 5812 tantum
1432 5797 1447 5824 ,
1479 5755 1568 5826 qui
1593 5753 1756 5809 lilium
1788 5770 1911 5810 sus-

1120 297 1480 356 ADVERSUS
1516 291 2064 355 OPl’UGNATORES
2103 293 2287 351 VITIE
2323 298 2620 357 MONAST.
2662 303 2790 359 LIB.
2831 305 2918 362 Ill.

3539 319 3643 378 570

2061 420 2348 477 ceperant,
2397 415 2490 470 sed
2533 416 2667 471 alios
2705 420 2864 475 etiam
2905 435 3113 478 omnes.
3144 424 3295 482 ﬂuue
3343 427 3502 500 igitur
3543 450 3642 501 ego

2059 515 2279 594 puerum
2295 520 2592 573 assumens,
2613 510 2725 566 haec
2748 521 2800 567 et
2827 514 2976 583 plura
2998 516 3266 587 loquutus,
3293 521 3642 594 philosOplii:e

2059 591 2214 662 hujus
2239 596 2560 654 desiderium
2603 603 2654 656 in
2695 618 2761 658 eo
2800 621 3015 662 manere.
3054 613 3306 679 permisi,
3336 613 3444 668 imo
3472 591 3640 689 magis

2059 685 2250 740 adauxi
2275 729 2290 753 ,
2325 689 2375 742 in
2404 691 2536 746 urbe
2569 705 2746 748 autem
2777 695 3016 754 habitare
3045 703 3293 771 rogabam
3317 747 3331 769 ,
3359 720 3421 760 ac
3451 685 3639 764 litera-

2055 789 2174 830 rum
2197 778 2384 834 studiis
2407 782 2608 839 haerere
2631 803 2645 839 ε
2676 787 2743 840 ita
2765 789 2907 842 enim
2930 799 2984 844 et
3010 795 3301 862 mqualibus
3325 798 3438 854 suis
3464 803 3637 856 maxi-

2055 882 2141 922 me
2169 870 2522 937 profuturum,
2566 885 2619 930 et
2658 893 2772 932 rem
2816 882 2952 948 patri
2998 883 3229 952 ignotam
3261 886 3393 943 fore.
3426 889 3483 944 Id
3511 907 3638 946 vero

2053 963 2412 1020 necessarium
2445 982 2563 1022 esse
2594 971 2837 1038 putabam
2865 1015 2880 1040 ,
2913 991 3018 1029 non
3050 978 3210 1033 modo
3238 992 3542 1038 sanctorum
3573 987 3637 1041 il-

2051 1049 2224 1106 lorum
2250 1069 2435 1121 causa,
2469 1075 2574 1114 non
2600 1063 2804 1129 matris,
2832 1080 2936 1118 non
2969 1067 3240 1140 pmdagogi
3274 1081 3475 1128 tantum
3500 1117 3515 1142 ,
3539 1079 3634 1132 scd

2051 1143 2190 1239 illius
2213 1149 2374 1202 etiam
2400 1153 2566 1218 pueri.
2591 1152 2644 1207 Si
2671 1155 2813 1209 enim
2843 1157 2992 1213 initio
3021 1161 3301 1218 institisset
3338 1177 3509 1236 pater,
3537 1185 3632 1239 pe-

2050 1237 2272 1292 riculum
2314 1250 2432 1294 erat
2467 1258 2534 1297 ne
2568 1244 2920 1316 pllilosOphitc
2946 1251 3156 1319 plantas
3185 1237 3635 1325 concuteretpte-

2049 1343 2204 1382 ncras
2248 1346 2457 1401 nempe,
2506 1349 2570 1390 ac
2617 1352 2786 1406 nuper
2834 1343 3054 1408 positas.
3100 1344 3193 1400 Sin
3233 1363 3361 1403 vero
3405 1353 3630 1408 multum

2049 1422 2302 1488 temporis
2333 1426 2664 1494 procederet,
2690 1439 2742 1484 et
2772 1432 2978 1487 radices
3009 1436 3173 1504 probe
3200 1439 3452 1505 mitteret,
3476 1448 3631 1502 valde

2044 1513 2397 1604 conlidebam,
2427 1518 2678 1587 quidquid
2709 1522 2919 1577 tandem
2948 1527 3302 1597 contingeret,
3334 1549 3625 1604 numquam

2044 1599 2277 1658 futurum
2320 1615 2378 1660 ut
2417 1618 2568 1677 pater
2607 1611 2770 1666 lilium
2814 1627 2992 1683 posset
3023 1618 3423 1692 hederezqnod
3467 1599 3627 1682 etiam

2043 1697 2260 1788 evenit,
2311 1715 2411 1754 uec
2453 1717 2538 1755 me
2583 1719 2707 1772 spes
2747 1722 2864 1761 mea
2895 1706 3101 1764 fefellit.
3134 1710 3267 1767 Cum
3306 1717 3446 1770 enim
3477 1729 3628 1788 pater

2041 1786 2156 1854 ejus
2189 1791 2528 1857 postmodum
2559 1795 2727 1850 multo
2752 1798 2937 1867 elapso
2965 1810 3203 1870 tempore
3229 1805 3373 1860 illum
3405 1786 3627 1867 adorans

2040 1891 2234 1946 magno
2278 1895 2398 1933 cum
2447 1882 2649 1951 impetu
2697 1886 2957 1954 irrueret,
3004 1907 3108 1945 non
3145 1895 3305 1950 modo
3341 1898 3623 1955 aedilicmm

2039 1972 2346 2028 nullatenus
2374 1986 2560 2032 nutare
2588 1977 2710 2033 fecit
2737 2021 2751 2045 ,
2794 1981 2887 2035 sed
2928 1983 3057 2037 illud
3091 1984 3296 2042 firmius
3325 2004 3446 2045 esse
3473 2009 3625 2047 mon-

2036 2064 2245 2119 stravit.
2275 2065 2771 2139 Condiscipulorum
2800 2083 2978 2129 autem
3009 2076 3217 2145 plurimi
3237 2096 3302 2134 ex
3323 2082 3465 2137 illius
3490 2100 3622 2139 con-

2034 2155 2203 2209 sortio
2226 2166 2426 2212 tantum
2451 2160 2813 2230 profecerunt,
2839 2175 2895 2218 ut
2918 2166 3158 2236 ejusdem
3183 2171 3406 2226 instituti
3433 2173 3622 2232 ﬁerent

2034 2247 2231 2300 annuli.
2280 2249 2413 2303 Cum
2463 2253 2604 2306 enim
2654 2253 2742 2309 ille
2783 2269 3000 2325 semper
3039 2257 3183 2314 domi
3230 2263 3621 2322 moderatorem

2034 2335 2274 2403 haberet,
2321 2355 2419 2394 ceu
2447 2351 2621 2396 statua
2648 2344 2850 2414 jugiter
2887 2363 3044 2401 manu
3089 2351 3308 2406 artificis
3352 2354 3622 2424 expolita,

2032 2447 2110 2488 SIC
2138 2437 2373 2506 quotidie
2401 2438 2592 2492 animze
2624 2440 3032 2508 pulchritudinis
3065 2444 3455 2503 incrementum
3483 2454 3624 2506 acci-

2031 2527 2226 2596 piebat.
2259 2527 2324 2582 Et
2351 2530 2490 2598 quod
2518 2531 2811 2586 mirabilius
2840 2543 2943 2597 est,
2971 2549 3092 2589 cum
3125 2536 3253 2591 foris
3279 2541 3619 2607 versabatur,

2031 2617 2163 2671 nihil
2185 2617 2399 2675 differre
2431 2621 2714 2677 videbatur
2739 2639 2768 2677 a
2791 2626 3002 2680 caeteris
3031 2645 3046 2682 :
3081 2644 3184 2682 non
3223 2631 3366 2685 enim
3405 2637 3619 2690 ru5ticis

2031 2719 2082 2762 et
2112 2710 2400 2778 incomptis
2429 2714 2669 2768 moribus
2689 2757 2703 2781 ,
2739 2730 2842 2770 non
2876 2727 3028 2772 veste
3058 2719 3309 2789 singulari
3339 2732 3488 2790 erat,
3522 2725 3617 2780 sed

2028 2801 2220 2856 similis
2249 2803 2367 2858 aliis
2394 2803 2578 2859 habitu
2601 2847 2614 2870 ,
2650 2817 2867 2876 aspectu
2888 2850 2903 2875 ,
2938 2825 3069 2864 voce
3093 2852 3107 2873 ,
3137 2814 3451 2884 czcterisque
3478 2827 3615 2874 erat.

2028 2895 2384 2962 Quamobrem
2413 2912 2476 2951 ex
2505 2899 2607 2953 sibi
2640 2898 2990 2954 familiaribus
3023 2903 3279 2971 plurimos
3307 2907 3492 2962 iisdem
3527 2925 3615 2965 re-

2029 2987 2170 3043 tibus
2211 2993 2385 3061 cepit,
2420 2992 2638 3046 multam
2688 2996 2962 3050 occultans
3010 2997 3328 3054 intrinsecus
3377 3001 3615 3070 philoso-

2028 3079 2224 3149 phiam.
2255 3083 2402 3136 l)omi
2432 3098 2556 3137 vero
2586 3083 2629 3137 si
2651 3085 2767 3152 quis
2797 3086 2942 3139 illum
2973 3087 3210 3150 vidisset,
3239 3098 3473 3158 putasset
3494 3109 3615 3149 esse

2026 3173 2308 3243 quemdam
2337 3190 2401 3228 ex
2433 3175 2517 3240 iis,
2541 3176 2627 3246 qui
2657 3176 2706 3230 in
2739 3178 3009 3232 montibus
3037 3179 3192 3234 sedes
3223 3181 3515 3238 haberent:
3537 3184 3613 3239 si-

2026 3265 2237 3334 quidem
2268 3266 2458 3320 domus
2484 3270 2599 3337 ejus
2625 3268 2691 3321 ad
2724 3271 3029 3325 monasterii
3061 3288 3300 3326 normam
3330 3276 3615 3330 ordinaba-

2029 3365 2132 3418 tur,
2154 3356 2240 3410 ubi
2260 3359 2770 3426 praeternccessaria
2791 3359 2919 3413 nihil
2945 3359 3150 3414 aderat.
3177 3362 3408 3432 Tempus
3430 3375 3608 3420 autem

2024 3461 2183 3502 omne
2214 3449 2440 3503 lectione
2471 3458 2774 3504 sanctorum
2806 3450 3064 3506 librorum
3100 3455 3442 3524 transigebat.
3475 3455 3607 3512 Cum

2024 3539 2165 3594 enim
2191 3541 2300 3595 acri
2331 3540 2394 3593 ad
2421 3541 2729 3612 disciplinas
2758 3543 2973 3612 ingenio
2997 3553 3176 3612 esset,
3209 3556 3448 3603 externa:
3486 3567 3611 3603 eru-

2022 3632 2208 3686 ditioni
2261 3632 2522 3686 modicam
2568 3633 2670 3687 diei
2716 3645 2918 3702 partem
2967 3636 3299 3704 insumebat,
3347 3640 3608 3711 reliquum

2023 3739 2150 3776 vero
2178 3724 2432 3793 temporis
2456 3724 2706 3793 precibus
2736 3723 3104 3794 frequentibus
3133 3729 3389 3800 librisque
3414 3733 3609 3788 divinis

2021 3813 2344 3882 deputabat,
2384 3829 2447 3867 ac
2485 3814 2600 3867 sine
2635 3813 2757 3868 cibo
2796 3825 2902 3868 tota
2943 3819 3318 3884 perseverabat
3348 3820 3468 3886 die;
3504 3823 3610 3876 imo

2023 3921 2122 3959 nec
2162 3921 2263 3959 una
2312 3914 2514 3959 tantum
2561 3905 2678 3968 die,
2726 3921 2900 3972 neque
2939 3907 3178 3975 duabus,
3209 3909 3300 3963 sed
3350 3913 3605 3980 pluribus.

2019 3995 2216 4051 Noctes
2245 4011 2404 4064 porro
2435 3997 2506 4050 illi
2532 3996 2722 4050 horum
2749 3998 2978 4052 conscia:
3007 4009 3161 4053 erant
3181 4041 3194 4063 ,
3227 4001 3607 4074 lacrymarum,

2021 4103 2237 4157 precum
2287 4088 2699 4158 hujus-modique
2738 4088 2984 4143 lectionis
3026 4107 3039 4143 :
3073 4105 3193 4160 qua:
3232 4094 3411 4146 omnia
3455 4096 3610 4151 nobis

2022 4179 2338 4248 pwdagogus
2381 4180 2516 4232 clam
2581 4182 2968 4235 annuntiabat:
3004 4197 3136 4251 puer
3179 4184 3319 4237 enim
3369 4185 3610 4256 indigna-

2022 4271 2176 4324 batur
2202 4271 2566 4335 vehementer,
2597 4272 2643 4324 si
2673 4272 2796 4341 quid
2824 4273 3123 4341 hujusmodi
3146 4274 3321 4330 efferri
3348 4291 3610 4348 cognoce-

2019 4373 2121 4418 ret.
2155 4364 2370 4418 Dicebat
2393 4379 2521 4432 ergo
2549 4365 2718 4432 ipsum
2747 4365 2846 4418 sibi
2875 4365 3104 4419 cilicium
3141 4367 3191 4420 in
3221 4380 3422 4422 veStcm
3452 4386 3607 4438 para-

2020 4457 2195 4523 visse,
2238 4457 2433 4527 illaque
2475 4474 2568 4526 per
2609 4471 2816 4512 noctem
2863 4459 2986 4512 dum
3031 4459 3289 4515 dormiret
3334 4462 3510 4528 indui,
3543 4479 3609 4518 eo

2020 4549 2225 4604 scilicet
2262 4550 2486 4604 consilio
2509 4590 2524 4612 ,
2569 4560 2624 4603 ut
2654 4550 2807 4604 citius
2838 4567 3124 4622 exs-argere
3157 4563 3340 4623 posset
3368 4571 3381 4605 :
3412 4555 3462 4607 in
3491 4557 3610 4610 aliis

2021 4656 2234 4710 quoque
2282 4641 2454 4710 ipsum
2509 4641 2892 4696 monachorum
2943 4643 3278 4713 disciplinam
3328 4644 3610 4714 diligenter

2019 4747 2256 4797 servare,
2287 4732 2485 4802 Deique
2512 4732 2817 4802 frequenter
2839 4733 3020 4787 Iaudes
3041 4735 3366 4804 persolvere,
3390 4739 3478 4806 qui
3507 4737 3608 4791 sibi

2021 4833 2128 4877 tam
2174 4824 2315 4877 leves
2357 4823 2709 4893 philosophiae
2752 4841 2952 4894 pennas
3000 4825 3298 4879 indidiSSct.
3341 4826 3523 4897 Itaque
3563 4830 3608 4882 si

2021 4919 2140 4987 quis
2165 4917 2292 4972 mihi
2325 4934 2468 4973 nunc
2495 4920 2728 4972 animum
2769 4920 2837 4972 ita
2869 4931 3236 4989 comparatum
3265 4921 3572 4975 ostenderet
3592 4962 3607 4985 .

2022 5012 2471 5083 predagogumqne
2496 5013 2723 5066 similem
2753 5012 3045 5081 przeberet,
3078 5013 3289 5081 aliaque
3328 5015 3506 5066 otnnia
3533 5015 3610 5067 si-

2021 5109 2218 5162 militer
2245 5123 2304 5162 se
2336 5107 2676 5174 polliceretur
2699 5115 3026 5169 curaturum,
3051 5106 3245 5160 millies
3271 5116 3511 5176 optarem
3539 5107 3610 5162 ita

2023 5202 2159 5267 fieri,
2189 5201 2348 5270 idque
2379 5201 2566 5270 magis,
2597 5215 2754 5269 quam
2784 5199 2881 5268 ipsi
2911 5208 3177 5268 parentes.
3201 5198 3288 5253 Sic
3318 5198 3460 5251 enim
3490 5213 3612 5266 pro-

2024 5294 2159 5349 fecto
2204 5293 2372 5362 majus
2417 5294 2620 5346 lucrum
2667 5291 2978 5354 accederet,
3029 5305 3150 5344 cum
3199 5299 3418 5359 possent
3462 5289 3611 5358 pueri

2025 5385 2362 5454 lmjusmodi,
2415 5399 2509 5452 per
2554 5385 2672 5436 vita:
2721 5383 3015 5448 rationem,
3049 5398 3144 5451 per
3175 5392 3385 5436 aetatem
3422 5397 3485 5435 ac
3513 5396 3609 5450 per

2022 5477 2143 5546 iuge
2174 5478 2501 5530 consortium
2533 5475 2766 5544 :equales
2794 5490 2921 5527 suos
2948 5475 3207 5528 inescare.
3237 5475 3306 5526 At
3331 5473 3510 5526 nullus
3527 5486 3612 5528 es:

2023 5571 2111 5639 qui
2135 5584 2195 5622 se
2221 5569 2288 5620 ita
2323 5566 2581 5621 facturum
2607 5567 2940 5638 polliceatur.
2967 5565 3097 5620 Cum
3136 5580 3265 5618 vero
3297 5565 3474 5617 nullus
3503 5563 3572 5615 sit
3593 5603 3608 5629 ,

2023 5673 2246 5713 summa:
2265 5657 2597 5713 crudelitatis
2622 5667 2764 5712 esset
2790 5673 2910 5712 eum
2933 5699 2947 5721 ,
2992 5659 3079 5731 qui
3123 5674 3187 5711 ne
3226 5656 3459 5725 seipsum
3491 5656 3610 5724 qui-

2029 5751 2149 5806 dem
2178 5748 2466 5806 defendere
2491 5752 2678 5820 possit,
2702 5750 2794 5806 scd
2815 5750 2992 5821 jaceat
3018 5750 3310 5808 innumeris
3331 5751 3610 5805 confossus
