4116 6392
524 313 624 369 37!

524 425 872 487 vulneribus,
921 422 1158 492 aliasque
1210 417 1529 473 inﬁrmiores
1569 414 1790 478 reddat,
1837 413 1889 467 in
1923 410 2099 466 medio

525 514 731 571 concidi
762 513 1089 584 permittere,
1121 523 1243 564 cum
1265 516 1536 579 oporteret
1559 519 1682 559 eum
1706 518 1736 558 e
1758 517 1931 573 pugna
1951 515 2099 555 sum-

524 620 762 662 movere.
789 604 1028 673 Namque
1059 599 1303 655 similiter
1329 597 1440 653 dux
1482 593 1776 666 puniendus
1813 601 1983 657 esset,
2009 590 2102 660 qui

526 711 761 768 pugnare
790 694 1027 749 valentes
1053 691 1250 746 milites
1269 705 1334 744 ex
1362 687 1544 759 praelio
1567 685 1875 748 abduceret,
1895 683 2103 737 saucios

526 799 700 843 autem
727 799 780 841 et
810 795 1124 856 prostratos,
1154 784 1243 854 qui
1269 782 1389 837 aliis
1419 778 1799 850 impedimento
1823 784 2023 837 essent,
2048 774 2099 827 in

524 878 701 934 medio
726 891 937 947 semper
956 876 1133 945 jacere
1156 874 1385 943 juberet.

597 972 684 1026 13.
731 969 922 1023 Verum
960 967 1081 1037 quia
1121 975 1394 1035 parentum
1442 960 1651 1030 plurimi
1699 959 1935 1021 instant,
1968 955 2102 1009 libe—

528 1077 724 1132 rosque
748 1075 874 1114 suos
904 1060 955 1113 in
983 1059 1152 1113 literis
1179 1059 1340 1110 vitam
1369 1070 1527 1120 agere
1555 1053 1774 1122 cupiunt
1799 1092 1814 1116 ,
1843 1065 1907 1103 ac
1935 1049 1978 1102 si
2006 1062 2103 1116 pro

531 1163 682 1207 certo
708 1151 939 1206 habeant
964 1150 1106 1219 ipsos
1134 1147 1200 1201 ad
1232 1148 1442 1202 culmen
1473 1143 1786 1213 eloquentiae
1817 1148 2101 1210 perventu-

524 1260 617 1300 ros
654 1261 667 1299 :
695 1242 793 1297 hac
823 1241 1037 1311 quidem
1066 1240 1135 1293 de
1171 1255 1232 1293 re
1271 1253 1340 1292 ne
1373 1220 1792 1298 contendamus,
1823 1247 1925 1285 neu
1953 1230 2101 1284 dica-

525 1352 644 1391 mus
672 1334 844 1405 ipsum
875 1350 902 1384 a
946 1347 1109 1401 scopo
1149 1332 1556 1390 aberraturum;
1608 1325 1701 1382 sed
1745 1322 2104 1379 concedamus

525 1442 648 1482 eum
685 1424 844 1480 studii
890 1424 969 1478 sui
1003 1422 1233 1478 fructum
1273 1418 1572 1489 lmjusmodi
1610 1426 2060 1485 consequuturum
2084 1456 2098 1478 ,

526 1526 583 1573 et
609 1516 676 1571 ad
706 1516 913 1571 culmen
942 1525 1224 1568 venturum
1246 1528 1386 1567 esse.
1404 1511 1483 1565 Sit
1500 1520 1677 1563 autem
1702 1504 1854 1560 nobis
1880 1507 2102 1560 duarum

525 1623 707 1665 rerum
737 1606 882 1678 optio
908 1623 924 1671 ;
952 1605 1039 1660 vel
1065 1606 1130 1658 ad
1154 1602 1545 1672 ludimagistros
1569 1599 1909 1670 proﬁciscens
1928 1594 2106 1649 erudi-

523 1701 723 1755 tionem
774 1698 984 1767 assequi
1030 1695 1353 1759 contendat,
1406 1692 1489 1747 vel
1532 1690 1873 1745 solitudinem
1918 1696 2103 1757 petens

525 1791 718 1845 animae
743 1789 1065 1859 prospiciat;
1094 1797 1213 1841 utro
1242 1786 1293 1839 in
1323 1784 1501 1839 studio
1543 1797 1656 1836 rem
1698 1780 1939 1835 obtinere
1966 1791 2103 1846 pra:-

525 1883 672 1936 stat?
700 1881 831 1935 Nam
871 1880 917 1934 si
959 1882 1009 1933 in
1058 1890 1281 1946 utroque
1317 1877 1619 1945 contingat,
1670 1871 1721 1925 id
1760 1886 1859 1941 ego
1896 1884 2107 1938 quoque

525 1973 685 2036 volo;
715 1972 795 2024 sin
824 1970 1136 2023 alterutrum
1164 1964 1563 2034 relinquendum
1585 1963 1691 2028 sit,
1721 1960 1862 2029 quod
1890 1968 2106 2027 pra‘sta-

525 2063 684 2119 bilius
704 2061 1003 2132 eligendum
1025 2069 1125 2114 est.
1152 2060 1319 2113 Etiam
1346 2099 1361 2122 ,
1387 2058 1667 2125 inquiunt,
1697 2052 1791 2107 sed
1814 2042 1915 2105 hoc
1935 2052 2104 2119 ipsum

523 2154 666 2209 unde
691 2152 842 2206 nobis
876 2160 1124 2205 constare
1152 2147 1381 2217 poterit,
1415 2160 1537 2200 eum
1565 2151 2026 2213 perseveraturum
2052 2153 2108 2195 et

524 2259 831 2300 mansurum
856 2283 871 2308 ,
903 2257 1001 2296 nec
1029 2241 1298 2310 lapsurum
1326 2236 1487 2293 esse?
1516 2235 1669 2289 multi
1699 2248 1927 2303 namque
1959 2230 2105 2285 deci-

533 2338 744 2394 derunt.
771 2338 839 2391 At
859 2334 1001 2389 unde
1024 2342 1272 2388 constare
1298 2338 1474 2400 potest
1499 2329 1642 2398 ipsos
1667 2342 1771 2379 non
1804 2338 2109 2394 persevera-

535 2442 681 2486 turos
709 2439 764 2485 et
792 2441 1073 2483 mansuros
1099 2423 1259 2480 esse?
1291 2423 1437 2478 Multi
1464 2435 1693 2490 namque
1723 2424 2104 2488 perseverant,

525 2532 581 2577 et
619 2520 830 2590 quidem
872 2518 1049 2587 plures
1094 2516 1157 2570 iis
1183 2556 1197 2577 ,
1232 2514 1321 2584 qui
1364 2512 1655 2568 decidunt:
1704 2511 1773 2563 ita
1818 2518 1874 2563 ut
1918 2507 2105 2561 horum

527 2625 688 2665 causa
719 2607 886 2677 magis
915 2603 1286 2661 conﬁdendum
1313 2605 1420 2667 sit,
1460 2617 1617 2671 quam
1664 2600 1873 2655 illorum
1917 2599 2110 2651 linteu-

523 2700 674 2756 dum.
704 2697 812 2753 Cur
837 2705 1011 2749 autem
1039 2711 1145 2749 non
1172 2694 1399 2761 idipsum
1435 2692 1575 2747 circa
1618 2690 1890 2744 literarum
1934 2686 2106 2741 studia

526 2790 760 2853 metuis,
805 2787 892 2842 ubi
934 2787 1162 2841 maxime
1202 2783 1494 2838 timendum
1527 2782 1645 2836 est?
1686 2778 1925 2848 Namque
1969 2776 2109 2847 apud

530 2878 823 2935 monachos
860 2877 1076 2948 quidem
1129 2891 1194 2930 ex
1239 2874 1417 2928 multis
1465 2872 1617 2942 pauci
1661 2870 1792 2941 lapsi
1834 2880 1999 2934 sunt,
2054 2869 2107 2922 in

531 2973 731 3028 scholis
785 2979 961 3025 autem
1009 2968 1303 3024 liberalium
1351 2967 1750 3034 disciplinarum
1806 2980 1871 3019 ex
1927 2962 2109 3017 multis

528 3063 682 3133 pauci
714 3062 953 3131 peritiam
976 3068 1351 3128 assequuntur.
1382 3056 1562 3126 Neque
1594 3055 1714 3109 inde
1742 3064 1943 3108 tantum
1974 3099 1988 3113 .
2012 3054 2108 3109 sed

526 3156 684 3208 ctiam
716 3153 895 3207 multis
925 3150 1040 3205 aliis
1061 3150 1127 3204 de
1153 3150 1329 3205 causis
1354 3149 1407 3202 in
1434 3148 1533 3202 hac
1561 3157 1710 3216 parte
1732 3146 1898 3216 magis
1921 3147 2112 3200 limen-

528 3244 655 3299 dum
691 3253 793 3299 est.
830 3242 1100 3312 Siquidem
1144 3250 1199 3294 et
1238 3241 1383 3310 pueri
1428 3241 1677 3293 obtusum
1716 3238 2026 3307 ingenium,
2058 3243 2112 3290 et

533 3335 905 3404 magistrorum
926 3331 1185 3402 imperitia
1205 3372 1221 3396 ,
1260 3339 1313 3384 et
1347 3330 1747 3399 pzcdagogorum
1768 3325 2108 3396 negligentia,

531 3437 587 3482 et
617 3426 781 3496 patris
808 3426 1029 3490 incuria,
1053 3440 1115 3478 ac
1135 3435 1439 3493 sumptuum
1462 3421 1827 3491 mercedisque
1846 3420 2108 3481 defectus,

531 3529 588 3573 ct
608 3533 812 3573 morum
834 3515 1210 3570 dissimilitudo
1227 3556 1241 3580 ,
1267 3524 1321 3568 et
1343 3512 1824 3580 condiscipulorum
1847 3511 2107 3580 nequitia,

530 3619 588 3664 et
625 3610 759 3663 livor
799 3608 1130 3675 invidiaque,
1168 3606 1376 3675 aliaque
1416 3606 1637 3673 plurima
1678 3604 1747 3657 ab
1783 3603 2148 3673 assequenda-

534 3700 640 3756 ﬁne
668 3698 966 3754 deturbant.
999 3697 1180 3766 Neque
1212 3697 1324 3749 hare
1364 3705 1563 3749 tantum
1590 3736 1603 3757 ,
1649 3693 1739 3748 sed
1782 3702 1903 3763 post
1940 3693 2111 3761 ipsum

532 3793 692 3847 etiam
721 3791 1009 3845 studiorum
1039 3789 1195 3843 ﬁnem
1239 3788 1340 3841 alia
1381 3799 1434 3841 et
1464 3788 1615 3857 plura
1649 3786 1859 3856 quidem
1891 3786 2114 3855 impedi-

534 3895 710 3938 menta
742 3892 1047 3936 occurrunt.
1091 3880 1374 3948 Postquam
1401 3879 1543 3933 enim
1575 3877 1836 3945 superatis
1866 3875 2114 3929 omnibus

535 3973 856 4042 clapsusque
882 3971 1120 4024 obicibus
1144 3968 1208 4022 ad
1234 3959 1404 4038 ipsum
1428 3966 1738 4021 eruditionis
1759 3966 1969 4019 culmen
1996 3980 2113 4034 per-

533 4065 779 4130 venerit,
821 4063 937 4117 alizc
977 4076 1185 4116 rursum
1224 4060 1427 4115 insidiae
1463 4071 1585 4113 sunt
1624 4058 1829 4128 posit:e.
1872 4058 2109 4128 Namque

538 4155 789 4225 principis
819 4154 997 4207 odium
1023 4193 1037 4215 ,
1068 4152 1394 4206 consortium
1425 4150 1622 4203 invidia
1648 4191 1661 4213 ,
1692 4160 1988 4217 temporum
2015 4149 2115 4202 dif-

540 4248 746 4303 ﬁcultas
767 4287 782 4309 ,
811 4245 1103 4298 amicormn
1131 4243 1305 4312 inopia
1331 4282 1345 4304 ,
1376 4234 1661 4311 paupertas
1684 4282 1699 4306 ,
1745 4245 1812 4293 ab
1858 4241 1973 4309 ipso
2012 4240 2116 4293 ﬁne

538 4350 907 4408 saepenumero
936 4334 1257 4388 excludunt.
1282 4332 1441 4401 Atqui
1479 4331 1617 4401 apud
1661 4331 1950 4385 monachos
1986 4331 2115 4384 nihil

536 4429 750 4490 simile;
778 4426 872 4481 sed
902 4441 1005 4480 una
1038 4433 1239 4477 tantum
1283 4438 1341 4476 re
1382 4437 1514 4491 opus
1551 4431 1632 4475 est
1656 4463 1671 4488 ,
1715 4422 1874 4475 nobili
1915 4423 2112 4476 scilicet

538 4529 699 4589 atque
724 4516 917 4573 eximia
946 4515 1255 4577 alacritate;
1288 4528 1406 4582 qua:
1434 4512 1477 4565 si
1503 4510 1767 4573 adfuerit,
1792 4511 1921 4565 nihil
1953 4513 2119 4581 impe-

546 4612 629 4664 dit
658 4609 942 4678 quominus
971 4606 1034 4659 ad
1068 4605 1224 4658 ﬁnem
1256 4603 1465 4657 virtutis
1492 4602 1845 4667 perveniatur.

616 4699 782 4765 Quam
815 4696 1147 4767 prwstabilior
1182 4694 1280 4746 vita
1321 4693 1682 4746 monachorum
1721 4694 1822 4746 vita
1861 4693 2114 4748 surculari.

539 4821 610 4834 -—
635 4789 911 4857 Quomodo
943 4788 1099 4855 igitur
1137 4801 1241 4838 non
1275 4785 1509 4854 iniquum
1549 4782 1743 4847 fuerit,
1786 4783 1874 4839 ubi
1901 4787 2116 4853 .optima

540 4899 665 4955 spes
690 4892 769 4936 est
790 4879 1068 4934 manifesta
1091 4887 1146 4932 et
1162 4879 1399 4946 proxima
1426 4918 1441 4942 ,
1465 4876 1749 4946 desperare
1771 4893 1833 4929 ac
1859 4886 2115 4942 tremere;

542 4973 630 5027 ubi
665 4987 792 5026 vero
831 4970 929 5023 alia
978 4983 1103 5037 spes
1140 4968 1404 5023 contraria
1431 5008 1445 5031 ,
1490 4966 1842 5020 remotissima
1891 4976 2010 5031 est,
2058 4983 2121 5022 ac

542 5062 722 5116 multis
752 5058 993 5114 obicibus
1020 5056 1351 5125 intercipitur
1373 5097 1387 5119 ,
1419 5071 1522 5108 non
1553 5055 1837 5125 desperare
1860 5098 1875 5120 ,
1905 5057 2012 5111 imo
2043 5059 2119 5112 rei

542 5153 697 5220 longe
742 5148 1067 5203 difﬁcillima:
1111 5146 1394 5200 maximam
1439 5145 1540 5199 sibi
1587 5161 1733 5215 spem
1773 5161 2115 5215 proponere:

539 5253 701 5313 atque
736 5243 788 5297 in
828 5242 1097 5295 literarum
1117 5239 1324 5303 studiis,
1344 5252 1447 5293 ncn
1472 5237 1637 5291 tristia
1659 5254 1775 5307 quae
1794 5237 2120 5308 frequentius

541 5335 790 5389 accidunt
812 5375 827 5397 ,
859 5332 951 5387 sed
971 5332 1107 5385 bona
1128 5346 1248 5401 qua:
1267 5345 1389 5384 raro
1409 5331 1721 5399 contingunt
1744 5331 2116 5396 considerare;

543 5430 686 5480 circa
714 5433 908 5477 statum
940 5435 1069 5476 vero
1108 5418 1490 5475 monachorum
1532 5418 1860 5474 contrarium
1904 5420 2077 5475 facere
2099 5463 2115 5488 ,

540 5521 598 5569 et
621 5513 708 5567 ubi
739 5526 860 5583 spes
888 5511 1147 5565 bonorum
1176 5509 1356 5563 multa:
1380 5517 1504 5563 sunt
1527 5550 1543 5575 ,
1571 5508 1635 5562 ad
1665 5508 1831 5562 tristia
1852 5510 2120 5578 respicere

542 5615 747 5660 Lautum
772 5621 787 5668 ;
820 5603 906 5659 ubi
932 5617 1060 5658 vero
1082 5601 1149 5657 de
1176 5601 1442 5656 contraria
1464 5615 1559 5669 spe
1584 5601 1756 5670 agitur
1779 5641 1795 5666 ,
1842 5616 1960 5669 qua:
1980 5601 2116 5655 bona

544 5707 666 5753 sunt
695 5706 895 5753 tantum
925 5694 1266 5751 considerare
1286 5691 1309 5745 ἵ
1328 5691 1657 5763 Quamquam
1680 5691 1787 5746 illic
1812 5690 2116 5762 frequenter

1251 305 1310 362 S.
1349 301 1625 360 JOANNIS
1660 290 2128 357 CllRYSOSTOMl
2168 295 2482 353 ARCHIEP.
2522 294 3058 355 CONSTANTINOP.

3675 293 3798 349 371

2207 410 2469 481 contingit
2488 451 2502 475 ,
2536 420 2595 465 ut
2619 426 2738 466 cum
2769 412 2944 465 omnia
2974 424 3093 480 qua:
3115 423 3435 466 concurrere
3462 408 3661 466 debent
3684 425 3800 480 pro

2205 510 2332 556 voto
2355 500 2712 570 contigerint,
2745 509 3062 570 praematura
3089 513 3234 554 mors
3256 498 3507 555 athletam
3549 508 3668 567 post
3708 501 3800 553 in-

2204 592 2384 649 ﬁnitos
2412 592 2635 648 sudores
2659 591 2894 646 nondum
2924 601 3233 645 coronatum
3259 589 3515 660 abripiat;
3548 592 3633 646 hic
3653 605 3803 646 vero

2204 684 2415 738 etiamsi
2453 684 2506 738 in
2553 683 2743 737 mediis
2784 682 3162 737 certaminibus
3201 682 3328 737 illud
3370 682 3609 748 accidat,
3655 693 3803 738 tunc

2206 776 2440 830 maxime
2468 774 2778 844 splendidus
2806 783 2861 829 et
2882 783 3167 828 coronatus
3187 773 3568 842 proﬁciscatur.
3598 775 3804 844 Itaque

2205 867 2253 920 si
2293 866 2525 921 futurum
2570 867 2799 931 metuis,
2842 866 2983 920 circa
3026 865 3297 919 literarum
3339 866 3509 919 studia
3551 867 3799 921 maxime

2206 957 2497 1011 timendum
2527 965 2609 1011 est
2636 998 2649 1019 ,
2679 956 2766 1010 ubi
2796 971 2866 1011 ne
2893 955 2958 1010 ad
2986 958 3267 1010 terminum
3294 957 3625 1024 perveniatur
3655 957 3796 1025 plu-

2209 1049 2343 1102 rima
2367 1057 2491 1101 sunt
2516 1047 2912 1117 impedimento.
2942 1046 3022 1101 Tu
3042 1061 3168 1101 vero
3198 1046 3303 1101 illic
3321 1045 3532 1116 quidem
3554 1047 3796 1114 resides,

2206 1140 2592 1210 dinturnasque
2620 1156 2798 1195 moras
2820 1141 3054 1196 sustines
3074 1181 3092 1207 ,
3120 1154 3224 1194 non
3251 1155 3313 1194 ea
3356 1156 3473 1210 qua:
3512 1141 3564 1195 in
3604 1140 3799 1196 medio

2210 1233 2377 1302 posita
2426 1242 2579 1298 sunt,
2625 1244 2865 1301 sumptus
2904 1246 3115 1302 nempe,
3169 1247 3469 1298 aerumnas,
3523 1232 3796 1288 incertum

2207 1333 2455 1378 eventum
2481 1364 2497 1389 ,
2526 1323 2620 1378 sed
2668 1322 2825 1377 ﬁnem
2868 1331 3072 1377 tantum
3119 1321 3445 1392 respiciens:
3490 1322 3573 1376 hic
3604 1332 3793 1377 autem

2207 1432 2328 1471 cum
2359 1416 2590 1471 nondum
2611 1415 2676 1469 ad
2700 1415 3017 1471 vestibulum
3038 1430 3172 1485 puer
3188 1415 3457 1485 ingressus
3484 1415 3580 1477 sit,
3608 1430 3795 1485 neque

2210 1506 2351 1560 hanc
2388 1505 2793 1575 pulcherrimam
2860 1505 3247 1575 philosophiam
3287 1505 3550 1575 attigerit,
3602 1507 3794 1562 statim

2210 1598 2363 1652 times
2388 1606 2444 1651 et
2471 1597 2701 1667 trepidas
2724 1638 2739 1663 ,
2763 1596 2871 1665 jam
2895 1596 3204 1666 desperatus
3224 1596 3569 1666 cogitationes
3587 1597 3794 1651 admit-

2210 1689 2317 1743 tis?
2344 1689 2503 1758 Atqui
2537 1689 2650 1759 ipse
2672 1689 2827 1758 paulo
2847 1699 2973 1743 ante
2992 1688 3208 1743 dicebas
3232 1705 3245 1741 :
3268 1687 3403 1754 Quid
3423 1689 3562 1742 enim
3580 1688 3604 1742 ?
3625 1689 3744 1743 isne
3767 1728 3791 1757 ,

2208 1781 2300 1850 qni
2329 1781 2511 1835 urbem
2541 1781 2721 1835 incolit
2745 1790 2799 1835 et
2826 1780 3040 1835 domum
3068 1822 3082 1846 ,
3113 1780 3335 1836 salutem
3384 1781 3632 1851 consequi
3677 1796 3790 1836 non

2208 1871 2426 1943 potest?
2457 1872 2595 1942 Ergo
2629 1870 2673 1926 si
2709 1886 2829 1926 cum
2858 1870 2990 1926 urbe
3015 1912 3029 1935 .
3077 1870 3239 1926 domo
3267 1880 3323 1927 et
3359 1886 3523 1926 uxore
3559 1872 3791 1926 salutem

2210 1961 2467 2030 consequi
2494 1971 2646 2030 potes
2670 2002 2686 2024 ,
2716 1962 2882 2015 multo
2912 1962 3080 2031 magis
3105 1962 3221 2016 sine
3250 1978 3415 2016 uxore
3438 1971 3492 2017 et
3529 1962 3650 2016 aliis
3687 1963 3793 2017 bu-

2204 2055 2460 2125 jusmodi.
2490 2054 2670 2125 Neque
2694 2055 2836 2109 enim
2864 2065 2948 2109 est
2971 2054 3206 2124 ejusdem
3236 2054 3469 2109 hominis
3496 2069 3637 2109 nunc
3663 2055 3792 2125 qui-

2210 2147 2332 2200 dem
2359 2144 2630 2201 conﬁdere
2653 2186 2666 2208 ,
2700 2145 2907 2199 etiamsi
2934 2145 3279 2200 smcularibus
3309 2145 3531 2215 negotiis
3557 2146 3793 2215 illigatus

2211 2239 2406 2304 fuerit,
2434 2255 2496 2295 ac
2516 2240 2561 2293 si
2593 2239 2694 2293 hoc
2717 2253 2928 2309 quoque
2969 2237 3129 2292 modo
3165 2238 3309 2293 salus
3334 2238 3531 2309 acquiri
3572 2238 3789 2308 possit:

2212 2349 2353 2388 nunc
2378 2348 2507 2387 vero
2535 2375 2549 2399 ,
2591 2332 2689 2387 etsi
2718 2332 2787 2386 ab
2808 2331 3055 2386 omnibus
3083 2332 3218 2387 liber
3242 2332 3471 2386 evaserit
3496 2373 3512 2398 ,
3555 2341 3795 2388 tremere

2210 2439 2274 2479 ac
2297 2434 2536 2478 metuere
2560 2463 2576 2490 ,
2606 2423 2754 2494 quasi
2781 2423 2899 2478 sine
2924 2422 3026 2477 illis
3054 2423 3217 2492 probe
3246 2423 3426 2477 vivere
3461 2437 3565 2478 non
3592 2425 3791 2492 possit.

2208 2516 2341 2572 Nam
2370 2515 2413 2570 si
2444 2516 2508 2579 is,
2536 2515 2624 2586 qni
2656 2514 2841 2569 urbem
2874 2515 3075 2579 incolit,
3108 2523 3288 2583 posset
3331 2515 3555 2569 salutem
3598 2516 3793 2570 nanci-

2211 2607 2285 2660 sci
2314 2650 2328 2671 ,
2356 2615 2413 2659 ut
2448 2606 2583 2660 dicis
2606 2646 2622 2672 ,
2667 2604 2835 2659 multo
2871 2603 3037 2672 magis
3066 2603 3157 2673 qui
3199 2604 3250 2658 in
3295 2602 3581 2658 solitudine
3618 2603 3789 2674 degit.

2211 2697 2346 2765 Quid
2371 2698 2527 2765 igitur
2550 2697 2643 2751 hic
2658 2712 2761 2750 non
2786 2710 2940 2765 posse
2963 2697 3117 2750 times
3138 2737 3154 2762 ,
3180 2710 3301 2749 cum
3320 2694 3429 2749 illic
3449 2709 3551 2748 non
3575 2696 3785 2758 timeas,

2214 2790 2301 2843 ubi
2333 2790 2510 2859 potius
2540 2787 2831 2843 timendum
2860 2787 3051 2842 esset?
3098 2854 3105 2863 .

2286 2884 2371 2937 Η.
2402 2880 2662 2944 Praecepta
2684 2880 2855 2933 eadem
2883 2878 3141 2957 monachis
3159 2887 3207 2932 et
3234 2876 3576 2931 strcularibus.
3605 2907 3679 2916 —
3701 2876 3792 2942 At,

2213 2972 2438 3042 inquies,
2471 2986 2573 3025 non
2602 2986 2698 3041 par
2741 2970 2943 3025 crimen
2990 2979 3071 3024 est
3122 2968 3430 3022 saecularem
3462 2981 3708 3036 peccare,
3737 2975 3795 3020 et

2212 3081 2334 3121 enm
2354 3064 2441 3134 qui
2472 3062 2636 3119 semel
2663 3076 2721 3117 se
2740 3061 2847 3115 Deo
2871 3059 3290 3116 consecraverit:
3314 3072 3483 3128 neque
3505 3056 3644 3112 enim
3674 3072 3796 3111 am-

2213 3157 2282 3212 bo
2307 3156 2374 3210 ab
2399 3154 2584 3210 eadem
2615 3151 2892 3207 altitudine
2917 3150 3113 3206 cadunt
3138 3165 3153 3214 ;
3180 3163 3343 3219 quare
3357 3163 3540 3205 eorum
3569 3149 3793 3202 vulnera

2215 3263 2319 3300 non
2347 3246 2567 3312 :cqnalia
2598 3253 2741 3299 sunt.
2775 3243 3021 3312 Teipsum
3051 3254 3267 3309 prorsus
3294 3237 3452 3301 fallis,
3476 3238 3520 3291 si
3550 3236 3651 3291 alia
3688 3254 3788 3306 pno

2216 3346 2295 3398 tas
2321 3351 2349 3390 a
2372 3334 2632 3395 sweulari,
2667 3334 2765 3387 alia
2797 3348 2827 3387 a
2850 3330 3110 3387 monacho
3124 3330 3281 3400 exigi.
3318 3330 3606 3384 Discrimen
3636 3329 3794 3398 quip-

2217 3442 2282 3497 pe
2312 3428 2448 3480 inter
2470 3426 2589 3479 illos
2617 3425 2714 3477 hoc
2739 3433 2839 3485 est,
2863 3423 3001 3491 quod
3030 3423 3163 3477 alius
3205 3422 3360 3476 ducat
3384 3435 3629 3483 uxorem,
3655 3421 3794 3475 alios

2217 3536 2321 3573 non
2352 3518 2529 3579 ducat,
2563 3533 2658 3585 pro
2686 3517 2801 3569 aliis
2832 3532 2959 3570 vero
2997 3516 3244 3569 omnibus
3272 3528 3606 3569 communem
3632 3515 3794 3568 ambo

2215 3610 2476 3664 rationem
2499 3607 2757 3663 reddituri
2774 3615 2921 3668 sunt.
2968 3605 3097 3660 Nam
3120 3607 3210 3675 qui
3255 3605 3497 3658 irascitur
3519 3602 3667 3657 fratri
3693 3617 3794 3657 suo

2216 3702 2331 3755 sine
2360 3715 2541 3764 causa,
2574 3700 2685 3753 sive
2737 3697 3005 3751 s:eeularis
3054 3696 3165 3749 sive
3195 3695 3484 3748 monachus
3503 3693 3593 3759 sit,
3622 3693 3792 3747 Deum

2216 3789 2461 3844 similiter
2503 3787 2721 3841 offendit
2751 3805 2764 3840 :
2794 3795 2849 3841 et
2876 3787 2962 3854 qui
3013 3786 3229 3854 respicit
3268 3784 3541 3838 mulierem
3569 3784 3636 3838 ad
3662 3798 3795 3837 con-

2216 3876 2595 3949 cupisrendum
2623 3892 2760 3941 eam,
2793 3876 3044 3929 utrolibet
3071 3875 3122 3928 in
3150 3883 3285 3927 statu
3307 3874 3395 3938 sit,
3424 3873 3610 3927 eadem
3640 3872 3796 3927 adul-

2219 3972 2332 4024 terii
2358 3970 2613 4039 plectetur
2640 3983 2822 4036 paena;
2865 3968 2972 4020 imo
2991 3982 3119 4021 vero
3153 3965 3198 4020 si
3246 3964 3370 4033 quid
3419 3964 3792 4018 ratiocinando

2217 4064 2414 4118 addere
2439 4062 2514 4115 fas
2543 4062 2632 4125 sit,
2661 4058 2931 4113 s:ecnlaris
2962 4058 3062 4112 hoc
3104 4072 3265 4127 agens
3292 4056 3466 4110 minus
3517 4057 3668 4109 venia
3711 4056 3795 4107 di~

2218 4170 2354 4224 guns
2373 4162 2471 4207 est.
2496 4151 2608 4206 Non
2639 4151 2780 4205 enim
2811 4165 2904 4218 par
2924 4149 3125 4202 facinus
3156 4155 3238 4202 est
3265 4161 3409 4211 eum,
3439 4146 3528 4214 qui
3568 4160 3797 4199 uxorem

2220 4246 2397 4310 habet,
2427 4255 2481 4299 et
2522 4243 2622 4297 hac
2649 4241 3011 4296 consolatione
3060 4239 3272 4303 fruitur,
3301 4238 3534 4291 mulieris
3558 4237 3798 4305 pulchri-

2222 4335 2401 4390 tudine
2423 4333 2629 4393 abduci.
2652 4332 2734 4386 vel
2757 4347 2876 4387 eum
2904 4331 2993 4400 qui
3013 4331 3114 4384 hoc
3138 4346 3349 4396 prorsus
3370 4329 3673 4383 destituitur
3700 4346 3802 4383 au-

2221 4426 2366 4492 xilio,
2390 4425 2568 4479 abillo
2592 4423 2728 4477 vinci
2748 4423 2906 4476 malo.
2941 4422 3141 4476 Rursus
3166 4422 3254 4491 qni
3280 4422 3442 4490 jnrat,
3460 4421 3512 4474 in
3541 4436 3798 4490 quocum-

2220 4534 2324 4588 que
2360 4527 2497 4572 statu
2518 4527 2777 4577 versetur,
2809 4516 2919 4585 pari
2942 4514 3099 4569 modo
3118 4514 3414 4567 damnatur.
3447 4512 3631 4583 Neque
3650 4513 3797 4567 enim

2220 4610 2462 4665 Christus
2491 4624 2612 4663 cum
2635 4609 2734 4661 hac
2770 4609 2837 4662 de
2881 4623 2939 4662 re
2968 4614 3221 4661 statueret
3246 4606 3521 4676 legemque
3546 4615 3795 4676 poneret,

2223 4700 2358 4753 hanc
2377 4699 2773 4753 distinctionem
2804 4696 2949 4762 fecit,
2987 4711 3156 4766 neque
3186 4696 3336 4760 dixit,
3373 4697 3428 4751 Si
3458 4697 3504 4750 is
3529 4698 3618 4766 qui
3654 4697 3801 4766 jnrat

2222 4788 2512 4855 monachus
2532 4789 2619 4854 sit,
2643 4804 2706 4843 ex
2727 4789 2954 4857 maligno
2972 4787 3429 4858 estjusjnrandum
3455 4804 3470 4853 ;
3502 4790 3546 4843 si
3567 4803 3674 4842 non
3688 4803 3799 4841 tuo-

2224 4881 2444 4945 naclms,
2494 4895 2600 4933 non
2639 4880 2763 4933 item
2797 4897 2809 4933 :
2839 4878 2931 4932 sed
2962 4878 3275 4947 simpliciter
3318 4879 3593 4949 semelque
3619 4881 3795 4932 omni-

2226 4972 2321 5024 bus
2342 4968 2642 5038 dixit:Ego
2664 4979 2831 5021 autem
2876 4968 2986 5020 dico
3028 4966 3184 5032 vobis,
3238 4983 3338 5021 non
3367 4967 3549 5037 jurare
3592 4969 3800 5023 omnino

2226 5057 2456 5127 (Matth.
2480 5059 2533 5113 5.
2566 5058 2635 5112 54
2663 5055 2704 5127 ).
2744 5056 3042 5124 lterumquc
3087 5072 3206 5111 cum
3258 5058 3349 5123 ait,
3390 5055 3479 5112 Vw
3520 5058 3798 5111 ridentibus

2225 5148 2370 5220 (Luc.
2404 5149 2454 5202 6.
2481 5148 2552 5203 25
2581 5146 2626 5218 ),
2654 5162 2758 5201 non
2790 5147 3010 5213 addidit,
3043 5148 3334 5211 monachis,
3353 5148 3447 5203 sed
3487 5148 3799 5217 simpliciter

2225 5241 2301 5292 sic
2326 5238 2570 5291 omnibus
2597 5236 2765 5305 legem
2795 5236 2928 5289 tulit.
2955 5234 3148 5306 Sicque
3192 5236 3317 5291 fecit
3362 5237 3521 5292 etiam
3571 5238 3623 5291 in
3680 5239 3800 5291 aliis

2224 5330 2468 5384 omnibus
2483 5329 2686 5398 magnis
2708 5327 3139 5398 mirabilibus-que
3163 5331 3460 5399 prmeeptis.
3487 5328 3621 5383 Cum
3647 5331 3794 5384 enim

2225 5427 2296 5476 ait
2325 5423 2343 5492 (
2372 5420 2555 5475 Matth.
2584 5421 2638 5477 5.
2662 5419 2794 5475 3-12
2819 5420 2859 5490 ),
2904 5419 3050 5475 Beati
3083 5436 3341 5492 pauperes
3384 5422 3592 5489 Spiritu,
3623 5422 3802 5490 lugen-

2229 5523 2333 5578 tes,
2364 5513 2538 5572 mites.
2569 5512 2867 5566 esurientes
2893 5519 2946 5566 et
2994 5511 3231 5566 sitientes
3276 5511 3555 5580 justitiam,
3586 5514 3797 5566 miseri-

2226 5602 2433 5667 cordes,
2469 5601 2651 5655 mundi
2681 5599 2862 5663 corde,
2911 5602 3133 5670 paciﬁci,
3190 5602 3276 5671 qui
3333 5603 3795 5671 persequutimm

2228 5693 2501 5764 patiuntur
2528 5698 2744 5761 propter
2782 5689 3061 5759 justitiam,
3088 5701 3141 5746 et
3163 5692 3251 5762 qui
3301 5690 3455 5746 fanda
3482 5701 3539 5748 et
3584 5689 3797 5746 infanda
