4116 6392
198 374 203 379 ἱ
274 294 370 349 571

261 408 543 480 ὠμότητος
568 407 633 462 ἂν
657 408 739 479 είη
763 406 853 460 τὸν
880 406 999 460 οὺδέ
1020 402 1197 473 ἐαυτῷ
1218 402 1513 473 δυνάμενον
1538 402 1759 473 ἀμῦναι,
1795 400 1928 453 ἀλλά

263 496 534 567 κείμενον,
579 497 673 550 καί
724 495 893 566 μυρία
945 494 1234 564 δεχόμενον
1281 491 1594 562 τραύματα,
1651 492 1744 544 καὶ
1804 489 1929 551 τοὺς

263 584 454 648 ἄλλους
503 584 924 653 ἀσθενεστέρους
986 581 1262 645 ποιοῦντα,
1310 580 1497 633 τοῦτον
1551 580 1609 631 ἐν
1648 577 1725 648 τῷ
1778 576 1931 647 μέσῳ

262 672 702 727 κατακόπτεσθαι
742 674 857 743 ἐᾷν,
890 672 1007 725 δέον
1037 671 1279 737 ἐξέλκειν
1313 669 1424 722 ἀπὸ
1450 668 1551 737 τῆς
1585 667 1784 737 μάχης.
1822 666 1931 718 Kal

264 761 373 830 γὰρ
402 761 497 814 καὶ
540 758 845 830 στρατηγὸν
892 758 1093 828 ὁμοίως
1132 758 1199 812 ἄν
1240 775 1323 820 τις
1364 756 1634 817 κολάσειε,
1673 754 1764 806 τὸν
1804 752 1931 815 τούς

263 867 323 903 τε
345 849 673 919 δυναμένους
703 849 959 917 πολεμεῖν
984 846 1266 914 ἀπάγοντα
1284 845 1382 914 τῆς
1405 842 1779 915 παρατάξεως,
1806 840 1932 904 τούς

263 955 323 991 τε
351 937 655 1009 τρωθέντας
689 938 782 990 καὶ
820 936 1126 1006 κειμένους,
1181 936 1274 988 καὶ
1321 934 1451 996 τοὺς
1497 932 1690 994 ἄλλους
1738 948 1931 983 συντα-

265 1027 564 1095 Γάσσοντας
603 1023 891 1077 κελεύοντα
948 1025 1162 1077 κεῖσθαι
1215 1021 1505 1084 διαπαντὸς
1553 1022 1611 1073 ἐν
1647 1019 1726 1090 τῷ
1762 1018 1928 1089 μέσῳ.

337 1120 425 1181 ιγ’.
446 1114 597 1166 Ἐπεὶ
616 1114 674 1166 δὲ
700 1112 885 1165 πολλοὶ
906 1112 1015 1165 τῶν
1035 1112 1308 1182 πατέρων,
1330 1112 1559 1173 ἕκαστος
1587 1109 1828 1177 ἔγκειται
1843 1108 1933 1160 τὸν

262 1202 376 1257 υἱὸν
406 1200 690 1270 ἐπιθυμῶν
722 1202 779 1254 ἐν
803 1200 985 1267 λόγοις
1012 1198 1191 1263 ζῶντα
1214 1201 1367 1270 ὁρᾷν,
1401 1198 1477 1261 ὡς
1504 1196 1747 1269 ἀκριϐῶς
1780 1195 1934 1259 εἰδὼς

258 1293 343 1346 ὅτι
381 1288 517 1361 πρὸς
545 1288 605 1341 τὸ
636 1287 789 1351 τέλος
831 1288 1047 1350 πάντως
1090 1288 1208 1358 ἥξει
1238 1287 1345 1341 τῶν
1374 1287 1713 1357 λόγων,ὐπέρ
1742 1285 1932 1338 τούτου

266 1378 365 1448 μὲν
392 1379 468 1448 μὴ
497 1377 909 1448 φιλονεικῶμεν,
947 1377 1081 1447 μηδέ
1113 1378 1195 1430 ὅτι
1235 1377 1665 1447 διαμαρτήσεται
1702 1387 1727 1415 ε
1764 1373 1935 1443 λέγω·

267 1483 387 1535 μεν,
416 1464 552 1517 ἀλλά
581 1463 761 1535 δῶμεν
787 1463 861 1535 τῷ
902 1464 1046 1534 λόγῳ
1084 1464 1178 1517 καὶ
1208 1464 1557 1535 περιέσεσθαι
1598 1462 1814 1525 πάντως
1838 1462 1933 1515 αὺ-

273 1554 353 1606 τὸν
384 1553 483 1622 τῆς
519 1553 776 1622 σπουδῆς,
812 1553 907 1606 καὶ
944 1553 1078 1623 πρὸς
1114 1552 1280 1622 ἀκρον
1314 1552 1623 1621 ἀφίξεσθαι.
1661 1552 1847 1604 Ἔστω
1874 1551 1934 1604 δέ

263 1643 474 1712 αἵρεσις
500 1643 632 1711 ήμῖν
656 1641 989 1711 προκειμένη
1012 1640 1195 1709 διπλῆ,
1227 1641 1319 1694 καὶ
1349 1643 1429 1704 εἱς
1457 1639 1804 1693 διδασκαλεῖα
1837 1639 1934 1709 μὲν

264 1729 485 1799 φοιτῶν,
523 1729 664 1800 ὑπὲρ
714 1728 813 1799 τῆς
856 1729 1143 1800 μαθήσεως
1184 1731 1355 1800 ἐχέτω
1391 1730 1481 1783 τὸν
1522 1728 1729 1797 ἀγῶνα,
1763 1730 1843 1792 είς
1877 1729 1935 1782 δὲ

262 1818 500 1889 ἐρημίας
548 1818 689 1890 ὑπὲρ
719 1818 820 1887 τῆς
850 1817 1061 1888 ψυχῆς⁸
1108 1818 1209 1871 ποῦ
1243 1819 1469 1889 βέλτιον,
1503 1818 1624 1871 εἰπέ
1656 1835 1765 1888 μοι,
1798 1834 1935 1888 κρα-

264 1910 413 1972 τεῖν;
450 1908 545 1959 Ἂν
580 1906 677 1977 μέν
708 1907 817 1976 γὰρ
855 1906 1194 1977 ἑκατέρωθεν
1236 1900 1530 1977 συμϐαίνῃ,
1563 1905 1718 1974 κάγὼ
1751 1905 1937 1975 βούλο-

268 2013 395 2066 μαι·
428 1996 493 2049 ἂν
517 1994 573 2047 δέ
600 1994 824 2068 θάτερον
854 1995 1133 2065 λείπηται,
1176 1994 1383 2065 βέλτιον
1424 1994 1639 2047 ἑλέσθαι
1667 1994 1726 2046 τὸ
1754 1996 1934 2064 κρεῖτ·

276 2101 376 2137 εον.
402 2082 531 2145 Ναὶ,
562 2084 746 2153 φησὶν,
776 2082 907 2137 αὐτὸ
929 2083 987 2136 δέ
1015 2082 1174 2137 τοῦτο
1216 2084 1379 2136 πόθεν
1415 2086 1545 2154 ήμῖν
1574 2082 1726 2136 ἔσται
1757 2083 1934 2153 δῆλον,

265 2170 348 2224 ὅτι
397 2172 653 2241 στήσεται
700 2173 795 2225 καὶ
827 2174 995 2242 μενεῖ,
1039 2173 1134 2225 καὶ
1173 2172 1234 2225 οὐ
1282 2175 1703 2243 μεταπεσεῖται;
1752 2171 1937 2225 πολλοὶ

278 2260 378 2331 γὰρ
399 2262 449 2314 οἱ
480 2261 758 2324 πεσόντες.
794 2262 963 2316 Πόθεν
986 2263 1145 2333 δῆλον
1177 2264 1257 2316 ὅτι
1282 2264 1346 2316 ού
1376 2264 1654 2334 στήσεται,
1685 2262 1805 2315 ούδέ
1838 2280 1936 2333 με-

272 2350 383 2412 vei;
440 2348 623 2402 πολλοὶ
682 2350 790 2422 γὰρ
844 2352 894 2403 οί
953 2352 1196 2414 στάντες,
1252 2351 1347 2405 καὶ¹
1395 2351 1506 2404 τῶν
1571 2351 1937 2404 πεπτωκότων

269 2435 518 2501 πλείους’
549 2438 690 2493 ὥστε
737 2440 827 2493 διά
859 2439 1083 2504 τούτους
1136 2441 1337 2510 μᾶλλον
1381 2440 1603 2512 θαρρεῖν
1650 2440 1776 2511 χρὴ,
1808 2440 1839 2508 ἢ
1870 2441 1935 2494 δι’

268 2525 510 2590 ἐκείνους
548 2526 849 2595 φοϐεῖσθαι.
894 2530 1051 2592 Τίνος
1082 2528 1139 2582 δὲ
1169 2529 1354 2583 ἕνεκεν
1382 2530 1476 2583 καὶ
1505 2530 1599 2583 ἐπὶ
1632 2530 1737 2583 τῶν
1765 2529 1938 2597 λόγων

269 2613 403 2666 αὐτὸ
425 2614 582 2669 τοῦτο
615 2616 675 2668 οὐ
702 2616 966 2681 δέδοικας,
1000 2616 1130 2671 ἔνθα
1162 2617 1396 2688 μάλιστα
1424 2616 1719 2671 δεδοικέναι
1740 2617 1935 2688 ἐχρῆν;

270 2702 431 2773 Παρά
460 2704 560 2773 μέν
591 2704 699 2775 γάρ
733 2708 844 2769 τοῖς
885 2707 1140 2776 μοναχοῖς
1168 2707 1233 2759 ἐκ
1263 2705 1471 2759 πολλῶν
1504 2706 1676 2775 ὀλίγοι
1706 2706 1939 2777 διήμαρ-

270 2807 393 2843 τονο
421 2792 479 2844 ἐν
510 2792 566 2846 δέ
590 2797 709 2857 ταῖς
740 2794 848 2847 τῶν
878 2795 1052 2863 λόγων
1082 2794 1383 2867 διατριϐαῖς
1410 2796 1517 2849 ἀπὸ
1542 2794 1750 2850 πολλῶν
1768 2797 1938 2865 ὀλίγοι

271 2882 662 2953 κατώρθωσαν.
700 2886 811 2939 Kal
840 2886 941 2939 οὐκ
971 2886 1081 2939 ἀπὸ
1104 2885 1310 2940 τούτων
1346 2886 1526 2957 μόνον,
1556 2887 1691 2941 ἀλλά
1720 2891 1812 2941 καὶ
1845 2889 1937 2958 ἀφ’

274 2974 479 3046 ἐτέρων
514 2975 775 3031 πλειόνων
806 2979 1029 3043 εἰκότως
1066 2980 1130 3033 ἄν
1163 2998 1246 3042 τις
1268 2980 1450 3034 ἐκεῖνα
1474 2982 1673 3051 μᾶλλον
1699 2983 1935 3052 φοϐοῖτο.

273 3070 385 3121 Kal
431 3070 540 3139 γὰρ
582 3068 769 3131 παιδὸς
822 3070 1012 3138 ἀφυῖα,
1061 3072 1155 3123 καὶ
1201 3072 1535 3127 διδασκάλων
1576 3075 1801 3144 ἀμαθία,
1848 3079 1940 3131 καὶ

274 3160 643 3228 παιδαγωγῶν
676 3160 937 3232 ῥᾳθυμία,
983 3163 1078 3215 καὶ
1121 3163 1325 3234 πατρὸς
1360 3164 1603 3233 ἀσχολία,
1639 3167 1733 3221 καὶ
1762 3168 1942 3221 δαπα-

272 3254 379 3308 νῶν
431 3256 525 3309 κα“ι
574 3254 782 3325 μισθῶν
839 3254 1108 3324 ἔλλειψις,
1158 3258 1251 3310 καὶ
1287 3259 1503 3329 τρόπων
1550 3260 1801 3332 διαφορὰ,
1847 3262 1940 3315 καὶ

276 3350 657 3421 συμφοιτητῶν
686 3350 850 3404 κακία
873 3351 968 3404 καὶ
997 3350 1188 3419 φθόνος
1224 3354 1318 3405 καὶ
1347 3352 1633 3423 βασκανία,
1659 3354 1810 3428 [100]
1847 3359 1941 3411 καὶ

274 3443 445 3496 πολλά
482 3442 645 3516 ἔτερα
668 3443 745 3513 τῷ
775 3442 917 3496 τέλει
947 3442 1287 3514 λυμαίνεται.
1321 3446 1431 3498 Kal
1466 3445 1526 3497 οὑ
1556 3444 1727 3499 ταῦτα
1762 3448 1938 3517 μόνον,

272 3538 408 3592 ἀλλά
436 3540 529 3593 καὶ
554 3540 691 3610 μετὰ
714 3540 775 3592 τὸ
792 3540 944 3604 τέλος
972 3540 1175 3594 τούτων
1197 3541 1359 3613 ἕτερα
1392 3543 1609 3597 πλείονα
1627 3559 1640 3573 ⁸
1676 3546 1802 3598 ὅταν
1833 3547 1941 3617 γὰρ

273 3633 486 3689 ᾶπαντα
517 3636 762 3707 ὑπερϐὰς
791 3636 925 3707 πρὸς
952 3637 1083 3690 αὐτὸ
1120 3637 1219 3707 τῆς
1243 3639 1488 3703 παιδείας
1544 3640 1603 3692 τὸ
1635 3640 1801 3711 ἀκρον
1838 3642 1941 3712 ἀφ-

277 3731 477 3801 ίκηται,
500 3732 689 3801 μηδενὶ
704 3732 907 3785 τούτων
932 3733 1362 3798 ὑποσκελισθεῖς,
1394 3734 1554 3805 ἐτέρα
1577 3734 1737 3789 πάλιν
1764 3740 1939 3791 κεῖται

274 3827 464 3897 ἐνέδρα
498 3829 632 3879 ἐκεῖ.
662 3828 774 3880 Kal
805 3828 913 3899 γάρ
957 3828 1217 3901 ἄρχοντος
1262 3832 1575 3902 δυσμένεια,
1618 3833 1713 3887 καὶ
1749 3834 1941 3903 φθόνος

272 3924 381 3977 τῶν
409 3923 735 3995 ὁμοτέχνων,
771 3925 865 3979 καὶ
901 3928 1107 3999 καιρῶν
1148 3928 1425 3994 δυσκολία,
1463 3931 1556 3984 καὶ
1599 3931 1767 3999 φίλων
1809 3932 1940 4002 ἐρη-

277 4020 397 4091 μία,
428 4023 519 4074 καὶ
549 4022 709 4074 πενία
752 4023 1014 4087 πολλάκις
1053 4025 1147 4078 τοῦ
1188 4027 1376 4091 τέλους
1414 4027 1754 4099 ἐξέκρουσεν.
1801 4028 1940 4081 Ἀλλ’

274 4119 375 4171 οὐκ
402 4118 615 4172 ἐπὶτῶν
637 4120 887 4191 μοναχῶν
910 4121 1102 4186 οὕτως,
1134 4122 1247 4176 ἀλλ’
1274 4124 1390 4188 ἐνὸς
1418 4125 1499 4178 δεῖ
1528 4125 1709 4195 μόνου,
1743 4125 1942 4197 προθυ-

282 4216 410 4287 μίας
437 4217 689 4285 γενναίας
719 4218 813 4271 καὶ
841 4219 1052 4289 ἀγαθῆς
1074 4235 1087 4248 °
1124 4221 1227 4274 κάν
1271 4221 1429 4275 τοῦτο
1468 4226 1665 4294 προσῇ,
1702 4224 1853 4277 οὐδὲν
1882 4226 1943 4278 τὸ

276 4314 484 4368 κωλύον
510 4316 645 4386 πρὸς
674 4316 733 4369 τὸ
762 4317 915 4380 τέλος
955 4316 1127 4370 ἐλθεῖν
1168 4318 1266 4390 τῆς
1300 4320 1520 4392 ἀρετῆς.

349 4431 473 4494 Πῶς
509 4427 601 4484 οῦν
623 4432 720 4484 ούκ
744 4432 947 4497 ἄδικον,
976 4432 1105 4487 ἔνθα
1145 4434 1242 4505 μὲν
1263 4434 1330 4487 τὰ
1362 4434 1471 4487 τῶν
1506 4436 1755 4507 χρηστῶν
1787 4438 1940 4491 ἐλπί-

275 4528 380 4581 δων
412 4528 547 4599 δῆλά
581 4529 640 4582 τέ
666 4531 782 4583 ἐστι
813 4530 904 4583 καὶ
936 4530 1207 4603 ἐγγύτερα
1253 4532 1650 4597 ἀπογινώσκειν
1701 4535 1793 4587 καὶ
1818 4536 1941 4605 τρέ-

278 4640 422 4693 μειν,
442 4624 569 4679 ἔνθα
585 4625 641 4679 δέ
656 4625 723 4679 τά
745 4626 851 4680 τῶν
867 4628 1124 4681 ἐναντίων
1143 4628 1473 4700 μακρότερα,
1495 4630 1589 4683 καὶ
1606 4630 1710 4683 ὑπὸ
1728 4631 1938 4686 πολλῶν
1968 4690 1971 4691 ν

276 4719 613 4790 κωλυμάτων
646 4722 1077 4794 ἀνακοπτόμενα,
1118 4726 1191 4797 μὴ
1223 4725 1652 4795 ἀπογινώσκειν,
1682 4729 1762 4791 είς
1790 4729 1844 4781 δέ
1874 4729 1943 4781 τά

275 4816 383 4869 τῶν
398 4817 674 4887 δυσχερῶν
699 4820 1007 4893 σαφέστερα
1028 4822 1057 4863 ι)
1073 4824 1167 4876 καὶ
1204 4822 1400 4893 μᾶλλον
1434 4824 1652 4877 πλείονα
1693 4824 1908 4896 θαρσεῖν
1924 4842 1937 4856 ·

277 4915 372 4969 καὶ
393 4915 484 4967 ἐπὶ
502 4915 598 4984 μὲν
614 4916 722 4971 τῶν
742 4917 934 4987 λόγων,
956 4921 1029 4991 μὴ
1060 4921 1193 4992 πρὸς
1211 4921 1278 4975 τά
1297 4920 1554 4985 πολλάκις
1577 4922 1941 4992 συμϐαίνοντα

274 5010 513 5082 λυπηρὰ,
540 5012 674 5067 ἀλλά
705 5016 839 5085 πρὸς
871 5016 937 5069 τὰ
962 5018 1202 5081 σπανίως
1230 5016 1545 5071 ἐκϐαίνοντα
1582 5018 1795 5087 χρηστά
1838 5021 1941 5087 ἀφ-

275 5109 441 5178 ορᾷνν
473 5109 564 5161 ἐπὶ
597 5109 653 5163 δέ
688 5110 795 5163 τῶν
832 5114 1077 5183 μοναχῶν
1113 5114 1421 5168 τούναντίον
1450 5116 1643 5176 ποιεῖν,
1683 5115 1775 5166 καὶ
1814 5112 1941 5167 ἔνθα

281 5198 377 5267 μὲν
406 5202 461 5253 αἱ
498 5200 604 5255 τῶν
645 5202 866 5271 ἀγαθῶν
912 5204 1123 5267 ἐλπίδες
1174 5205 1386 5269 πολλαὶ,
1429 5206 1563 5277 πρὸς
1604 5206 1674 5260 τά
1723 5208 1942 5283 λυπηρά

277 5293 586 5351 ἀποκλίνειν
614 5299 791 5369 μόνον,
831 5299 959 5353 ἔνθα
977 5300 1033 5352 δὲ
1058 5302 1116 5355 αἱ
1143 5301 1251 5354 τῶν
1273 5304 1547 5368 ἐναντίων,
1578 5303 1676 5367 τὰς
1700 5306 1943 5376 χρηστὰς

342 5503 366 5530 ³
388 5502 536 5572 Savil.
551 5510 601 5572 (³1
624 5519 747 5572 [mus
770 5508 1157 5572 διαμαρτήσεται.
1173 5509 1411 5558 Morelml
1430 5511 1554 5559 alius
1580 5512 1940 5572 διαμαρτήσετε.

345 5527 366 5530 -
391 5527 536 5552 .‘BVII.
551 5527 601 5551 ιιι
624 5527 747 5553 unus
770 5527 1157 5571 οιαμαρτησεται.
1174 5527 1344 5558 morel.
1358 5527 1411 5558 El.
1430 5527 1554 5559 allus
1580 5527 1724 5572 οιαμα
1814 5529 1940 5561 σετε.

278 5562 432 5639 Ρίιυῐρ
455 5574 559 5637 post
570 5567 1000 5639 διδασκλαλεῖαμιιὶί
1018 5572 1635 5639 διδασκάλουςηῐηίιδαλυηυξι
1658 5527 1811 5639 eqs;
1841 5592 1942 5636 φοι-

276 5632 617 5747 τῆς
639 5632 791 5691 ψυχῆς
826 5632 973 5693 ἐχέτω
1000 5634 1081 5680 τὸν
1120 5634 1298 5694 ἀγῶνα·
1331 5635 1395 5689 εἷς
1418 5635 1469 5681 δὲ
1489 5634 1681 5697 ἐρημίας
1703 5636 1819 5698 ὑπὲρ
1850 5632 1944 5694 ’τῆς

340 5746 497 5819 δευιιο
525 5763 634 5798 mss.
662 5754 767 5819 ἔνθα
803 5754 854 5801 δὲ
874 5755 933 5801 τὰ
957 5757 1220 5819 μακρότερα
1241 5757 1333 5804 ὑπὸ
1367 5756 1608 5804 τοσούτων
1632 5758 1682 5806 δὲ
1712 5760 1807 5805 τῶν
1829 5758 1942 5806 δυσ-

276 5812 430 5870 χερῶν
468 5812 823 5862 ἀνακοπτόμενα
863 5812 1173 5869 κωλύιιλὶτωνΣ
1216 5820 1274 5865 τά
1301 5819 1351 5865 δέ
1382 5821 1486 5866 ,τῶν
1521 5820 1761 5881 δυσχερῶν
1798 5822 1944 5881 σαφέ-

281 5888 425 5933 cupa

648 5962 919 6024 Ριιτιιοι.
969 5964 1082 6026 Gn.
1136 5964 1385 6026 XLVII.

1831 6025 1875 6056 Ρ.

1077 286 1441 344 ADV'ERSUS
1479 283 2031 341 OPPUGNATORES
2069 284 2252 341 ἪΤΑΞ
2292 285 2593 344 MONAST.
2629 288 2759 344 LIB.
2801 287 2889 345 111.

3592 293 3697 349 37!

2039 401 2451 469 ἀναλογίζεσθαι
2498 404 2697 473 μόνας;
2732 405 2925 458 Καίτοι
2953 421 3017 473 γε
3050 404 3166 459 ἐκεῖ
3204 404 3305 479 μὴν
3331 405 3457 460 ὅταν
3483 405 3699 463 ἅπαντα

2042 491 2269 564 συνέλθῃ
2296 493 2363 545 τὰ
2392 494 2673 561 ὀφείλοντα
2708 494 3055 564 συνδραμεῖν,
3099 492 3234 565 πρὸς
3266 494 3413 566 αὐτῷ
3436 496 3514 567 τῷ
3552 497 3698 551 τέλει

2038 577 2297 641 πολλάκις
2320 579 2545 643 θάνατος
2567 582 2741 652 ἄωρος
2774 580 3097 652 προσπεσὼν
3121 582 3428 652 ἀπήνεγκεν
3459 583 3701 653 ἀστεφάι

2038 686 2205 721 νωτον
2226 669 2318 722 τὸν
2350 668 2587 740 ἀθλητήν
2613 668 2751 739 μετά
2770 671 2896 732 τοὺς
2922 671 3148 741 μυρίους
3182 671 3409 741 ἱδρῶτας
3427 688 3439 700 α
3470 671 3703 726 ἐνταῦθα

2040 756 2097 809 δέ
2128 756 2230 810 κᾶν
2254 758 2311 809 ἐν
2348 757 2530 827 μέσοις
2556 759 2669 821 τοῖς
2698 756 2869 826 ἀγῶσι
2898 757 3053 810 τοῦτο
3083 758 3330 829 γένηται,
3362 758 3482 811 τότε
3503 759 3566 831 δὴ
3604 762 3704 830 μά-

2037 845 2193 896 λιστα
2212 842 2459 914 λαμπρὸς
2488 845 2580 897 καὶ
2614 844 3051 915 ἐστεφανωμένος
3078 845 3294 899 ἄπεισιν
3324 842 3496 909 οὗτος.
3539 849 3701 900 Ὥστε

2039 930 2170 982 εἰτὸ
2193 931 2383 1000 μέλλον
2415 932 2676 995 δέδοικας,
2710 932 2803 985 ἐπὶ
2833 931 2941 985 τῶν
2970 932 3142 1001 λόγων
3171 931 3465 986 δεδοικέναι
3501 934 3703 1003 μᾶλλον

2038 1015 2164 1083 ἔδει,
2194 1016 2323 1071 ἔνθα
2348 1018 2515 1071 πολλὰ
2540 1018 2608 1072 τά
2643 1019 2937 1090 κωλύματα
2966 1021 3100 1091 πρὸς
3119 1021 3179 1074 τὸ
3208 1021 3379 1090 πέρας
3403 1020 3592 1078 ἐλθεῖν.
3630 1023 3703 1076 Σὺ

2036 1107 2094 1160 δέ
2122 1110 2238 1161 ἐκεῖ
2278 1109 2375 1178 μὲν
2406 1108 2547 1181 κάοῃ
2586 1110 2772 1179 χρόνον
2820 1109 3104 1179 ἀναμένων
3157 1110 3380 1181 μακρὸν,
3424 1109 3519 1163 καὶ
3568 1109 3705 1182 πρὸς

2038 1195 2187 1249 ούδέν
2213 1196 2319 1249 τῶν
2341 1198 2399 1249 ἐν
2431 1197 2600 1267 μέσῳ,
2631 1197 2873 1267 δαπάνην
2912 1197 3054 1265 λέγω
3084 1198 3178 1249 καὶ
3204 1197 3575 1267 ταλαιπωρίαν
3611 1198 3706 1250 καὶ.

2038 1283 2099 1335 τὸ
2128 1284 2341 1354 ἄδηλον,
2374 1286 2510 1339 ἀλλά
2533 1286 2667 1356 πρὸς
2698 1284 2759 1337 τὸ
2799 1286 2951 1349 τέλος
2988 1284 3147 1355 μόνον
3178 1284 3349 1356 ὀρῶν·
3388 1284 3620 1337 ἐνταῦθα
3648 1284 3705 1337 δέ

2033 1370 2190 1424 οῦπω
2218 1373 2325 1425 τῶν
2350 1372 2638 1443 προθύρων
2684 1372 2777 1425 τοῦ
2840 1372 3026 1435 παιδὸς
3072 1372 3376 1435 ἐπιϐάντος,
3420 1371 3539 1424 οὐδὲ
3572 1371 3706 1440 ἀψα-

2043 1459 2204 1529 μένου
2249 1460 2349 1530 τῆς
2411 1461 2579 1531 καλῆς
2641 1461 2846 1531 ταύτης
2904 1460 3252 1528 φιλοσοφίας,
3315 1461 3562 1535 δέδοικας
3612 1460 3705 1511 καὶ

2040 1543 2261 1613 τρέμεις
2301 1542 2520 1607 εὐθέως,
2563 1545 2657 1597 καὶ
2682 1547 2763 1607 είς
2793 1545 3102 1613 ἀπόγνωσιν
3147 1543 3437 1615 ἐμϐάλλεις
3486 1543 3575 1596 τὸν
3614 1542 3703 1596 λο-

2040 1632 2271 1702 γισμόν;
2326 1634 2436 1685 Kal
2490 1632 2595 1704 μὴν
2656 1632 2819 1696 αὐτὸς
2865 1632 3170 1704 ἔμπροσθεν
3207 1633 3420 1700 ἔλεγες·
3455 1632 3519 1683 Τί
3565 1632 3703 1701 γάρς

2041 1714 2195 1768 πόλιν
2241 1726 2265 1754 ο
2302 1716 2553 1769 οἰκοῦντα
2598 1717 2693 1769 καὶ
2723 1717 2898 1771 οἰκίαν
2930 1717 3121 1787 ἔχοντα
3168 1716 3406 1783 σωθῆναι
3450 1716 3550 1769 οὐκ
3594 1715 3705 1781 Evn;

2042 1799 2251 1852 Οὐκοῦν
2274 1801 2322 1853 εί
2348 1801 2485 1870 μετά
2528 1801 2626 1871 τῆς
2676 1801 2901 1865 πόλεως,
2952 1802 3045 1853 καὶ
3086 1801 3184 1869 τῆς
3229 1800 3425 1863 οἰκίας,
3470 1798 3564 1851 καὶ
3607 1799 3708 1869 τῆς

2042 1888 2297 1955 γυναικὸς
2329 1889 2565 1960 σωθῆναι
2593 1889 2838 1953 δυνατὸν,
2883 1888 3063 1959 πολλῷ
3100 1888 3297 1959 μᾶλλον
3326 1890 3494 1959 χωρὶς
3518 1904 3707 1956 γυναι-

2043 1974 2136 2038 κὸς
2175 1976 2269 2029 καὶ
2309 1976 2419 2029 τῶν
2461 1977 2633 2031 ἄλλων
2678 1977 2901 2032 τούτων.
2943 1978 3016 2030 υύ
3060 1977 3168 2047 γάρ
3226 1979 3341 2029 ἐστι
3400 1976 3493 2027 τοῦ
3542 1973 3707 2028 αὑτοῦ

2044 2062 2137 2118 νῦν
2168 2064 2267 2134 μὲν
2296 2064 2544 2136 θαρρεῖν,
2583 2067 2678 2118 καὶ
2716 2069 2763 2120 εἰ
2806 2067 2865 2121 ἐν
2909 2068 3019 2129 τοῖς
3058 2065 3328 2136 βιωτικοῖς
3448 2062 3708 2133 πράγμα-

2045 2167 2130 2205 σιν
2170 2152 2531 2223 ἐνδεδεμένος,
2572 2154 2647 2217 ὼς
2674 2154 2901 2225 δυνατῆς
2921 2154 2947 2193 ἀ
2976 2154 3070 2208 καὶ
3100 2153 3243 2206 οὕτω
3282 2151 3382 2220 τῆς
3435 2151 3711 2222 σωτηρίας

2043 2237 2238 2310 οῦσηςο
2270 2240 2363 2293 νῦν
2405 2241 2482 2305 δέ,
2524 2241 2627 2295 κᾶν
2669 2243 2887 2296 πάντων
2939 2234 3441 2312 ἀπηλλαγμένοςῇ,
3482 2239 3708 2310 τρέμειν

2045 2328 2139 2381 καὶ
2167 2327 2484 2394 δεδοικέναι,
2506 2330 2581 2391 ὡς
2608 2330 2728 2383 οὐδὲ
2756 2330 2959 2383 τούτων
2987 2330 3155 2400 χωρὶς
3177 2328 3531 2399 εὐδοκιμῆσαι
3564 2328 3706 2382 ἐνόν.

2045 2416 2107 2468 Εἰ
2140 2415 2246 2486 γὰρ
2275 2416 2428 2469 πόλιν
2460 2416 2623 2469 οίκῶν
2647 2418 2877 2487 ήδύνατο
2912 2415 3200 2481 σώζεσθαι,
3236 2416 3308 2479 ὼς
3341 2416 3495 2485 ἔφης,
3529 2414 3709 2486 πολλῷ

2049 2503 2247 2573 μᾶλλον
2288 2502 2385 2574 τὴν
2432 2504 2666 2574 ἐρημίαν
2714 2504 3055 2559 καταλαϐών.
3097 2505 3220 2568 Πῶς
3259 2500 3351 2558 οῦν
3393 2504 3455 2556 τὸ
3511 2503 3709 2558 ἀδύνα-

2044 2614 2136 2649 τον
2178 2595 2410 2649 ἐνταῦθα
2453 2595 2716 2659 δέδοικας,
2761 2597 2877 2648 ἐκεῖ
2926 2595 3001 2666 μὴ
3034 2594 3291 2665 φοϐηθεὶς
3341 2594 3469 2647 ἔνθα
3506 2593 3710 2665 μᾶλλον

2045 2686 2249 2756 ἐχρῆνς

2120 2809 2281 2864 ιε’.ού
2296 2808 2403 2876 γάρ
2416 2808 2858 2879 ἐστι,φησὶν.ῖσον
2872 2805 3119 2877 βιωτικὸν
3133 2809 3261 2861 ὅντα
3275 2809 3361 2861 δια
3369 2807 3712 2878 μαρτεῖν,καὶ

2047 2896 2299 2961 καθάπαξ
2325 2896 2591 2950 ἀναθέντα
2624 2896 2811 2949 ἐαυτὸν
2843 2896 2920 2967 τῷ
2947 2896 3066 2966 Θεῷ
3084 2914 3097 2926 ·
3128 2898 3189 2948 οὐ
3217 2897 3324 2968 γάρ
3352 2897 3459 2949 ἀπὸ
3496 2896 3589 2949 τοῦ
3617 2897 3715 2948 αύ-

2045 2985 2139 3039 τοῦ
2168 2985 2335 3054 ὕψους
2362 2985 2658 3056 ἀμφότεροι
2683 2986 3135 3050 καταπίπτουσιν,
3161 2986 3281 3038 ὃθεν
3306 2986 3426 3038 οὐδὲ
3455 2986 3524 3037 τά
3545 2984 3713 3055 τραύ·

2051 3091 2195 3144 ματα
2216 3072 2367 3144 [101]
2396 3073 2577 3134 αὐτοῖς
2600 3072 2709 3127 ἴσα.
2732 3074 2944 3143 Σφόδρα
2964 3074 3177 3143 ἀπατᾷς
3200 3074 3391 3126 σαυτὸν
3419 3075 3513 3127 xal
3545 3073 3715 3141 σφάλ-

2046 3161 2178 3225 λεις,
2202 3164 2250 3215 εί
2276 3160 2409 3216 ἄλλα
2441 3162 2535 3231 μὲν
2556 3161 2655 3213 οίει
2682 3159 2771 3213 τὸν
2799 3160 3067 3230 βιωτικὸν,
3094 3161 3255 3232 ἓτερα
3281 3161 3337 3213 δέ
3363 3160 3711 3215 ἀπαιτεῖσθαι

2044 3250 2136 3302 τὸν
2182 3249 2410 3320 μοναχὸν
2433 3266 2446 3279 ·
2479 3250 2511 3319 ή
2539 3248 2646 3319 γὰρ
2671 3247 2903 3317 διαφορά
2931 3248 3137 3310 τούτοις
3170 3251 3226 3300 ἐν
3252 3249 3331 3319 τῷ
3354 3250 3599 3319 γαμῆσαι
3620 3251 3713 3303 καὶ

2052 3338 2148 3408 μὴ,
2169 3337 2278 3390 τῶν
2306 3338 2362 3389 δέ
2394 3336 2565 3390 ἄλλων
2601 3336 2783 3389 ’ἐνεκεν
2816 3335 3071 3388 ἁπάντων
3112 3337 3296 3399 κοινὰς
3330 3337 3587 3407 ὑπέχουσι
3614 3337 3714 3400 τάς

2047 3425 2294 3488 εὐθύνας.
2316 3426 2426 3478 Kal
2452 3425 2559 3495 γὰρ
2584 3427 2612 3477 6
2635 3423 2981 3494 ὀργιζόμενος
3013 3422 3089 3492 τῷ
3122 3422 3333 3492 ἀδελφῷ
3373 3424 3536 3477 αὐτοῦ
3567 3426 3711 3497 είκῆ,

2048 3511 2148 3565 κάν
2176 3528 2234 3564 τε
2259 3510 2529 3580 βιωτικὸς,
2557 3509 2659 3563 κάν
2692 3526 2750 3562 τε
2783 3509 3011 3579 μοναχὺς
3042 3506 3097 3583 ᾖ,
3128 3510 3205 3579 τῷ
3238 3509 3357 3579 Θεῷ
3384 3510 3717 3582 προσέκρου-

2050 3616 2139 3651 σεν
2160 3600 2386 3669 ὀμοίως’
2424 3598 2515 3650 καὶ
2540 3599 2568 3651 6
2596 3597 2807 3667 βλέπων
2840 3600 3073 3664 γυναῖκα
3108 3598 3243 3668 πρὸς
3279 3597 3340 3650 τὸ
3381 3597 3714 3669 ἐπιθυμῆσαι

2048 3686 2238 3755 αὐτῆς,
2269 3686 2334 3739 ἀν
2372 3702 2427 3737 τε
2466 3684 2621 3737 τοῦτο
2651 3684 2715 3737 ἀν
2745 3701 2803 3735 τε
2842 3685 3018 3736 ἐκεῖνο
3047 3685 3311 3758 τυγχάνῃ,
3340 3686 3539 3755 ὁμοίως
3576 3686 3716 3756 ὑπὲρ

2047 3772 2147 3842 τῆς
2180 3771 2421 3842 μοιχείας
2446 3772 2887 3842 τιμωρηθήσεται
2910 3771 3129 3841 ταύτης.
3160 3771 3221 3824 Εί
3259 3773 3314 3825 δέ
3350 3773 3454 3844 χρὴ
3485 3772 3580 3827 καὶ
3605 3774 3717 3827 ἀπὸ

2047 3858 2304 3929 λογισμοῦ
2335 3859 2668 3930 προσθεῖναι,
2695 3860 2723 3911 6
2749 3858 2998 3928 βιωτικὸς
3021 3859 3527 3931 ἀσυγγνωστότερος
3556 3859 3716 3914 τοῦτο

2049 3946 2268 3999 παθών·
2312 3947 2373 3999 ού
2398 3946 2506 4017 γάρ
2537 3945 2682 3998 ἐστιν
2720 3946 2830 3998 ἴσον
2859 3950 3090 4014 γυναῖκα
3128 3946 3337 4017 ἔχοντα,
3387 3950 3481 4000 καὶ
3522 3948 3711 4000 τοσαύ-

2048 4050 2147 4104 της
2188 4033 2529 4087 ἀπολαύοντα
2567 4033 2937 4103 παραμυθίας,
2972 4034 3157 4088 κάλλει
3208 4039 3575 4105 προσπταῖσαι
3612 4052 3711 4103 γυ⁹

2048 4121 2250 4185 ναικὸς,
2291 4122 2382 4174 καὶ
2404 4122 2620 4191 ἀπάσης
2638 4122 2841 4193 ταύτης
2864 4122 3306 4193 ἀπεστερημένον
3338 4122 3438 4191 τῆς
3467 4121 3715 4193 βοηθείας

2050 4208 2249 4261 ἀλῶναι
2272 4208 2348 4277 τῷ
2375 4206 2551 4278 δεινῷ.
2573 4208 2741 4262 Πάλιν
2760 4212 2788 4262 6
2810 4210 2998 4279 ὀμνὺς,
3022 4210 3086 4263 ἄν
3109 4227 3167 4262 τε
3193 4209 3348 4261 τοῦτο
3366 4208 3431 4262 ἀν
3453 4227 3513 4262 τε
3538 4212 3715 4263 ἐκεῖνο

2047 4291 2103 4369 ᾗ,
2130 4295 2328 4367 ὁμοίως
2357 4296 2789 4360 καταδικάζεται.
2822 4297 2955 4351 Οὐδὲ
3004 4297 3110 4367 γάρ
3133 4299 3160 4349 6
3180 4296 3431 4367 Χριστὸς,
3465 4297 3553 4349 ὅτε
3587 4300 3717 4367 περὶ

2046 4382 2249 4436 τούτων
2275 4382 2584 4436 διετάσσετο
2610 4384 2702 4436 xal
2730 4383 3054 4453 ἐνομοθέτει,
3074 4382 3262 4434 τοῦτον
3289 4384 3579 4453 ἐποιήσατο
3623 4384 3716 4437 τὸν
3792 4425 3797 4428 -

2047 4469 2342 4541 διορισμὸν,
2370 4471 2489 4524 οὐδὲ
2511 4467 2688 4524 εἶπεν·
2726 4470 2851 4523 Ἐἀν
2890 4470 2987 4538 μέν
3019 4470 3250 4540 μοναχὸς
3269 4473 3296 4523 ὁ
3327 4470 3540 4541 ὀμνύων
3564 4469 3619 4544 ᾗ,
3649 4475 3716 4527 ἐκ

2048 4559 2142 4612 τοῦ
2172 4558 2408 4628 πονηροῦ
2436 4561 2462 4609 6
2496 4558 2687 4627 ὅρκος’
2736 4557 2829 4610 ἐὰν
2873 4556 2928 4609 δέ
2965 4557 3038 4627 μή
3075 4558 3324 4628 μοναχὸς,
3353 4560 3565 4613 οὐκέτι·
3598 4561 3712 4615 ἀλλ’

2050 4646 2237 4709 ἁπλῶς
2299 4646 2391 4698 καὶ
2430 4643 2681 4708 καθάπαξ
2726 4645 2928 4699 ἅπασιν
2978 4646 3193 4714 ἔλεγεν·
3262 4647 3402 4717 Ἐγὼ
3449 4648 3518 4702 δὲ
3556 4650 3714 4722 ,λέγω

2047 4734 2211 4803 ὑμῖν,
2239 4733 2325 4801 μὴ
2360 4734 2574 4802 ὀμόσαι
2626 4733 2800 4798 ὅλως.
2838 4735 2948 4787 Kal
2995 4734 3155 4788 πάλιν
3183 4735 3373 4795 εἰπὼν,
3402 4739 3547 4793 Οὐαὶ
3589 4740 3714 4807 τοῖς

2047 4821 2326 4891 γελῶσιν,
2358 4822 2419 4874 οὐ
2463 4819 2765 4891 προσέθηκε
2790 4823 2913 4884 τοὺς
2941 4824 3224 4894 μοναχοὺς,
3256 4824 3368 4877 ἀλλ’
3393 4826 3577 4891 ἁπλῶς
3600 4831 3715 4881 ἐνο-

2052 4909 2345 4981 μοθέτησεν
2388 4908 2590 4961 ἅπασιν
2629 4907 2771 4961 οὕτω
2792 4927 2805 4940 ·
2861 4910 2953 4963 καὶ
2980 4912 3037 4962 ἐν
3067 4914 3181 4975 τοῖς
3207 4911 3387 4976 ἄλλοις
3418 4914 3475 4966 δὲ
3509 4915 3714 4968 ᾶπασιν

2048 4997 2219 5060 οὕτως
2248 4997 2469 5064 ἐποίησε
2498 4999 2609 5059 τοῖς
2634 4997 2887 5067 μεγάλοις
2916 4999 3009 5050 καὶ
3033 4998 3365 5068 θαυμαστοῖς
3398 5003 3715 5072 παραγγέλ-

2052 5101 2203 5155 μασι.
2228 5085 2337 5137 Kal
2368 5084 2477 5154 γάρ
2508 5084 2597 5137 ὅτε
2624 5084 2801 5152 λέγει’
2833 5086 3107 5156 Μακάριοι
3136 5089 3185 5139 οἱ
3216 5089 3421 5157 πτωχοὶ
3449 5090 3525 5159 τῷ
3553 5091 3716 5144 πνεύ-

2052 5196 2201 5249 ματι,
2231 5180 2280 5231 οί
2300 5177 2639 5241 πενθοῦντες,
2670 5181 2717 5231 οί
2746 5182 2956 5250 πραεῖς,
2987 5180 3036 5232 οἱ
3076 5181 3366 5244 πεινῶντες
3393 5183 3486 5235 καὶ
3516 5182 3713 5251 διψῶν-

2047 5285 2138 5330 τες
2165 5268 2261 5338 τὴν
2286 5268 2648 5339 δικαιοσύνην,
2671 5270 2720 5321 οί
2745 5268 3053 5341 ἐλεήμονες,
3078 5272 3126 5323 οἱ
3149 5271 3378 5343 καθαροὶ
3398 5276 3463 5343 τῇ
3492 5274 3711 5345 καρδία.

2048 5362 2097 5412 οἱ
2120 5362 2466 5432 εἰρηνοποιοί,
2489 5363 2537 5414 οἱ
2564 5362 2910 5432 δεδιωγμένοι
2939 5365 3122 5417 ἕνεκεν
3145 5364 3506 5433 δικαιοσύνης,
3534 5367 3583 5417 οἱ
3616 5369 3711 5420 καὶ

2052 5455 2189 5526 ρητά
2224 5457 2316 5508 καὶ
2342 5458 2556 5528 ἄρρητα
2593 5457 2833 5510 διἀύτὺν
2873 5459 3024 5530 παρὰ
3060 5460 3166 5513 τῶν
3206 5461 3403 5523 ἔξωθεν
3424 5462 3711 5524 ἀκούοντες

2111 5632 2309 5710 ’μάθετε
2332 5634 2412 5709 ⁸ξὸν
2439 5636 2528 5699 γὰρ
2550 5637 2701 5684 πόλιν.
2745 5636 2872 5686 Infra
2914 5640 3062 5688 iidem
3109 5642 3275 5699 πολλῷ
3322 5642 3499 5702 μᾶλλον
3528 5640 3711 5688 τούτων

2047 5710 2208 5804 κωξιξτ
2234 5711 2288 5764 οἳ)
2310 5712 2414 5758 γαρ·
3220 5768 3228 5777 .
3349 5766 3363 5782 ς

2052 5817 2072 5831 ι
2148 5819 2175 5831 μ
2199 5758 2311 5831 ἶινιι.
2335 5765 2387 5831 (ιιι
2413 5772 2537 5831 unas
2558 5764 2620 5814 ὡς
2645 5762 2861 5831 δυνατῇς,
2889 5762 3061 5831 Mprpl.
3091 5770 3144 5813 et
3166 5765 3369 5831 allUSAOU
3386 5767 3605 5831 δυνατῇ-ς.
3631 5762 3711 5831 In:

2050 5817 2119 5890 fr?
2146 5819 2293 5890 iidem
2321 5820 2646 5890 κάνυπάντων,
2673 5832 2724 5870 eL
2756 5817 2825 5870 sit
2852 5817 2973 5890 legi}
2996 5825 3260 5890 interpres.
3285 5827 3433 5876 Savil.
3458 5836 3509 5873 el
3536 5817 3705 5873 Morel.

2052 5882 2139 5927 κᾶν
2178 5881 2373 5930 τούτων.
2409 5881 2560 5931 Paulo
2592 5891 2701 5945 post
2724 5898 2848 5935 unus
2870 5881 3022 5936 c6dex
3062 5881 3422 5949 εὐδοκιμήσαιεν
3442 5889 3513 5937 ἄν·
3539 5890 3579 5937 εἰ
3601 5889 3707 5948 γάρ.

3162 5976 3238 6037 21
