4116 6392
342 411 520 469 κακά’
558 409 682 465 οὗτε
728 410 1005 483 βιωτικοῦ,
1033 412 1155 465 οὔτε
1199 412 1522 484 μονάζοντος
1565 412 1736 483 ὄνομα
1779 412 2013 485 τίθησιν,

346 498 461 554 ἀλλ’
488 498 595 553 ἀπὸ
624 500 722 571 τῆς
749 499 857 553 τῶν
884 498 1186 572 ἀνθρώπων
1205 501 1443 564 διανοίας
1464 495 1619 563 οὗτος
1646 501 2018 572 εἰσενήνεκται

344 588 376 641 6
393 587 688 659 διορισμός.
711 588 776 640 Δί
802 588 859 641 δὲ
885 588 1099 660 Γραφαλ⁵
1119 588 1270 642 οὐδὲν
1291 589 1439 642 ἰσασι
1461 588 1686 650 τούτων,
1710 588 1825 643 ἀλλ’
1845 588 2018 644 ἃπαν-

343 690 447 739 τας
469 674 564 728 τὸν
593 674 703 728 τῶν
736 675 985 747 μοναχῶν
1016 675 1294 747 βούλονται
1320 676 1434 747 βίον
1464 676 1584 748 ζῇν,
1608 675 1713 730 κᾶν
1756 679 2020 744 γυναῖκας

346 761 565 833 ἔχοντες
593 761 1123 833 τύχωσιν.Ἀκουσον
1151 763 1283 833 γοῦν
1317 764 1412 818 καὶ
1433 765 1462 818 ό
1499 764 1709 828 Παῦλος
1740 764 1794 817 τί
1821 779 2015 835 φησιν·

346 842 477 903 km;
499 849 556 903 δὲ
586 848 797 904 Παῦλον
832 850 991 917 είπω,
1026 851 1117 904 τὸν
1162 851 1397 923 Χριστὸν
1447 850 1590 920 λέγω
1630 850 1813 906 πάλιν.
1852 845 2018 915 Οὗτος

347 936 528 991 τοίνυν
557 937 886 991 ἐπιστέλλων
910 936 1218 1010 ἀνθρώποις
1246 941 1510 1008 γυναῖκας
1539 938 1723 1009 ἔχουσι
1763 937 1861 990 καὶ
1892 955 2021 991 παι-

347 1027 435 1080 δία
484 1028 766 1098 τρέφουσι,
809 1030 986 1082 πᾶσαν
1024 1028 1123 1100 τὴν
1168 1032 1281 1092 τοῖς
1333 1032 1586 1100 μοναχοῖς
1636 1033 2020 1102 προσήκουσαν

345 1113 635 1185 ἀκρίὸειαν
675 1116 871 1179 αὐτοὺς
901 1116 1140 1169 ἀπαιτεῖ.
1180 1117 1290 1187 Τὴν
1331 1116 1439 1187 γὰρ
1479 1117 1691 1188 τρυφὴν
1738 1115 2021 1169 ἐκκόπτων

346 1202 586 1269 ἃπασαν,
601 1204 695 1258 καὶ
721 1205 821 1277 τὴν
837 1207 895 1258 ἐν
918 1209 1033 1269 τοῖς
1063 1206 1318 1276 ἱματίοις,
1337 1205 1432 1259 καὶ
1446 1204 1546 1276 τὴν
1574 1207 1631 1258 ἐν
1659 1205 1771 1269 τοῖς
1794 1205 2022 1275 ἐδέσμα-

349 1307 422 1359 σι,
452 1291 626 1347 ταῦτα
672 1293 973 1347 ἐπιστέλλει
1021 1293 1091 1347 τὰ
1125 1296 1345 1367 ῥήματα
1369 1311 1382 1325 ·
1420 1293 1722 1361 Γυναῖκας
1747 1295 1816 1348 ὲν
1844 1310 2024 1347 κατα-

345 1378 545 1449 στολῇ
573 1383 805 1451 κοσμίῳ
821 1381 975 1451 μετὰ
995 1381 1203 1449 αἰδοῦς
1226 1383 1321 1437 καὶ
1347 1383 1750 1451 σωφροσύνης
1772 1381 2025 1451 κοσμεῖν

346 1467 584 1535 ἑαυτὰς,
606 1468 693 1538 μὴ
727 1470 797 1531 ὲν
822 1469 1186 1540 πλέγμασιν,
1217 1471 1256 1538 ἢ
1287 1466 1517 1539 χρυσῷ.
1553 1469 1592 1539 ἢ
1615 1470 2021 1540 μαργαρίταις,

344 1554 387 1624 ἢ
412 1555 705 1626 ίματισμῷ
731 1558 1086 1613 πολυτελεῖ*
1121 1559 1216 1612 καὶ
1251 1559 1513 1617 πάλιν.Ἡ
1543 1557 1612 1611 δὲ
1650 1556 2027 1612 σπαταλῶσα

349 1642 510 1704 ζῶσα
554 1645 834 1714 τέθνηκε·
890 1647 984 1700 καὶ
1035 1647 1219 1713 πάλιν,
1251 1648 1535 1713 Ἔχοντες
1587 1644 1656 1699 δὲ
1702 1645 2025 1715 διατροφὰς

347 1731 451 1786 καί
471 1734 890 1803 σκεπάσματα.
922 1736 1155 1801 τούτοις
1182 1735 1697 1803 ἀρκεσθησόμεθα.
1726 1733 1793 1787 Τί
1821 1733 2026 1786 τούτων

349 1819 502 1892 παρά
528 1821 639 1875 τῶν
665 1822 1005 1892 μοναζόντων
1032 1822 1193 1876 πλέον
1220 1822 1425 1894 ἀπαιτή
1435 1839 1578 1876 σειεν
1610 1821 1675 1876 ἄν
1701 1839 1819 1888 τις;
1850 1820 2027 1875 Γλώτ-

302 1918 303 1921 ‘
346 1925 448 1978 της
471 1908 528 1962 δὲ
559 1910 830 1964 παιδεύων
852 1913 1074 1982 κρατεῖν
1098 1911 1338 1983 ἐτέρους,
1368 1909 1616 1982 ἀκριϐεῖς
1647 1911 1809 1965 πάλιν
1843 1910 2026 1983 τίθησι

348 1996 568 2067 νόμους,
596 1998 691 2051 καὶ
734 1998 1008 2062 τοιούτους
1054 1999 1199 2062 οἴους
1238 1999 1334 2053 καὶ
1378 2001 1491 2063 τοῖς
1536 2002 1790 2070 μοναχοῖς
1830 1999 2027 2053 ἀνύσαι

347 2084 507 2155 ἔργον
532 2087 699 2141 ἐστίν.
726 2088 802 2140 Οὐ
840 2088 949 2158 γὰρ
990 2088 1325 2158 αἰσχρότητα
1348 2088 1446 2141 καὶ
1481 2088 1821 2159 μωρολογίαν
1843 2087 2022 2158 μόνον,

347 2172 485 2226 ἀλλά
522 2175 617 2228 καὶ
644 2175 1005 2246 εὐτραπελίαν
1048 2177 1291 2246 ἀναιρεῖ·
1314 2176 1374 2229 οὑ
1406 2174 1577 2245 θυμὸν
1609 2176 1702 2229 καὶ
1735 2176 1906 2248 ὀργὴν
1937 2177 2028 2229 καὶ⁸

348 2261 577 2332 πικρίαν
607 2263 786 2333 μόνον,
823 2263 960 2316 ἀλλά
988 2264 1081 2317 καὶ
1106 2264 1354 2335 κραυγὴν
1378 2264 1635 2317 ἐκκόπτει
1661 2262 1755 2317 τοῦ
1795 2263 1904 2318 τῶν
1938 2282 2028 2317 πι-

351 2348 493 2402 στῶν
525 2350 809 2422 στόματος.
849 2351 976 2417 Πᾶς
1017 2352 1147 2422 γὰρ,
1189 2352 1341 2422 φησὶ,
1373 2351 1561 2420 θυμὸς
1599 2351 1696 2404 καί
1741 2350 1886 2421 ὀργὴ
1930 2351 2029 2404 καί

349 2440 580 2511 κραυγὴ
614 2441 713 2495 καί
737 2441 1103 2513 ,ϐλασφημία
1138 2440 1371 2511 ἀρθήτω
1386 2442 1487 2512 ἀφ’
1518 2440 1685 2512 ὑμῶν
1711 2442 1834 2497 σὺν
1860 2441 2027 2513 πάσῃ

349 2525 704 2602 κακίᾳ.*Αρά
725 2546 807 2582 σοι
832 2530 1006 2602 μικρὰ
1027 2529 1197 2585 ταῦτα
1216 2525 1358 2584 εἶναι
1377 2530 1556 2595 δοκεῖς
1583 2529 1792 2585 Οὐκοῦν
1810 2530 2031 2600 ἀνάμει-

350 2634 461 2683 νον,
497 2618 592 2671 καὶ
622 2598 693 2671 τά
722 2598 902 2690 πολλῷ
934 2598 1168 2691 ⁷μείζονα
1196 2621 1403 2673 τούτων
1443 2621 1672 2695 ἀκούσῃ,
1708 2620 1745 2675 ἃ
1782 2598 2022 2691 περὶάθ-

350 2704 636 2770 εξικακίας
657 2704 1043 2761 διατάττεται*
1081 2708 1339 2762 πᾶσιν.’0
1374 2707 1567 2777 ἣλιος,
1599 2709 1757 2781 φησὶ,
1775 2707 1863 2778 μὴ
1903 2709 2028 2762 ἐπι-

350 2794 540 2850 δυέτω
565 2795 666 2849 ἐπὶ
690 2795 771 2862 τῷ
795 2798 1181 2868 παροργισμῷ
1206 2797 1358 2871 [102]
1391 2797 1578 2867 ὑμῶν.
1596 2796 1793 2868 Ὁρᾶτε
1825 2795 1910 2867 μή
1939 2815 2030 2864 τις

351 2883 546 2938 κακόν
572 2884 707 2938 ἀντὶ
733 2885 923 2940 κακοῦ
972 2903 1087 2939 τινι
1131 2886 1431 2941 ἀποδώσει
1451 2903 1465 2917 ·
1499 2886 1661 2941 ἀλλὰ
1684 2885 1943 2941 πάντοτε
1963 2888 2028 2941 τὸ

352 2971 577 3043 ἀγαθὸν
599 2971 840 3027 διώκετε
858 2973 955 3028 καὶ
972 2976 1059 3041 είς
1074 2975 1390 3042 ἀλλήλους
1411 2974 1511 3029 καί
1535 2977 1623 3041 εὶς
1651 2974 1901 3041 πάντας.
1920 2976 2030 3028 Καὶ

351 3059 545 3113 πάλιν
575 3059 670 3127 Μὴ
699 3060 846 3114 νικῶ
892 3061 1011 3116 ὑπὸ
1062 3061 1168 3116 τοῦ
1221 3061 1431 3127 κακοῦ,
1465 3062 1628 3116 ἀλλὰ
1653 3062 1794 3116 νίκα
1839 3063 1910 3115 ἐν
1956 3060 2032 3126 τῷ

352 3145 552 3215 ἀγαθῷ
591 3148 655 3201 τὸ
701 3150 907 3203 κακόν.
942 3145 1093 3213 Εἶδες
1134 3150 1272 3222 πρὸς
1301 3150 1472 3220 αὐτὴν
1498 3150 1597 3221 τὴν
1621 3150 1867 3222 κορυφὴν
1896 3150 2030 3203 ἀνα-

353 3234 644 3289 δαίνουσαν
683 3237 782 3306 τὴν
823 3240 922 3308 τῆς
964 3237 1279 3307 φιλοσοφίας
1305 3239 1399 3291 καὶ
1435 3238 1815 3310 μακροθυμίας
1849 3238 2033 3290 ἐπίτα-

354 3338 471 3388 σιν;
513 3321 779 3378 Ἀκουσον
812 3326 905 3378 καὶ
928 3326 1028 3378 ὅσα
1061 3325 1189 3395 περὶ
1214 3325 1436 3397 ἀγάπης
1460 3325 1801 3378 διατάττεται
1825 3324 1917 3378 τοῦ
1942 3342 2032 3378 κε-

355 3411 587 3483 φαλαίου
613 3411 722 3465 τῶν
752 3412 1003 3481 ἀγαθῶνο
1036 3412 1247 3483 ἐπάρας
1278 3412 1387 3484 γὰρ
1414 3411 1583 3483 αὐτὴν
1618 3411 1712 3466 καὶ
1735 3410 1806 3465 τά
1836 3430 2033 3484 κατορ-

354 3498 585 3572 θώματα
604 3500 775 3571 αὐτῆς
795 3499 984 3562 εἰπὼν,
1011 3499 1279 3571 ἐδήλωσεν
1297 3501 1380 3553 ὅτι
1406 3498 1613 3571 ταύτην
1636 3500 1860 3554 ἀπαιτεῖ
1882 3501 2034 3571 παρά

353 3589 464 3643 τῶν
496 3588 762 3660 βιωτικῶν
787 3590 852 3661 ἢν
890 3590 1042 3661 παρά
1078 3590 1187 3643 τῶν
1224 3588 1478 3661 μαθητῶν
1504 3591 1533 3642 6
1560 3590 2033 3661 Χριστός.Ὥσπερ

355 3678 465 3749 γὰρ
500 3678 529 3730 6
556 3677 748 3749 Σωτὴρ
774 3676 960 3732 τοῦτον
990 3677 1212 3748 ἔσχατον
1236 3678 1361 3747 ὅρον
1390 3677 1591 3747 ἔφησεν
1612 3678 1835 3749 ἀγάπης
1871 3674 2029 3741 εἶναι,

352 3769 420 3821 τὸ
444 3764 545 3837 τὴν
571 3765 746 3837 ψυχὴν
779 3765 942 3819 αὑτοῦ
966 3764 1139 3818 θεῖναι
1164 3764 1305 3835 ὑπὲρ
1332 3764 1440 3818 τῶν
1471 3765 1639 3833 φίλων
1672 3764 1861 3829 αὐτοῦ,
1890 3765 2033 3818 οὕτω

357 3854 452 3908 καὶ
477 3857 506 3907 6
538 3853 752 3916 Παῦλος
776 3853 835 3906 τὸ
869 3854 999 3906 αὐτὸ
1036 3852 1193 3906 τοῦτο
1231 3851 1447 3924 ᾐνίξατο
1483 3851 1682 3906 εἰπών·
1736 3854 1797 3907 Ἠ
1830 3853 2031 3922 ἀγάπη

355 3945 430 3996 οὐ
457 3941 615 4009 ζητεῖ
630 3942 702 3995 τὰ
721 3941 943 4010 ἑαυτῆς
962 3958 975 3972 ·
1003 3942 1096 3995 καὶ
1120 3939 1217 4011 τὴν
1242 3941 1498 4013 τοιαύτην
1520 3941 1961 3995 κελεύειδιώκειν
1982 3943 2029 3996 ι).

359 4031 523 4085 Ὥστε
547 4033 595 4084 εἰ
618 4032 711 4085 καὶ
734 4030 891 4083 τοῦτο
915 4030 1071 4100 μόνον
1093 4028 1299 4102 είρητο,
1326 4030 1508 4085 ἰκανὸν
1528 4032 1824 4103 τεκμήριον
1849 4026 1916 4102 ἦν
1939 4030 2032 4083 τοῦ

356 4121 427 4173 τὰ
458 4120 600 4173 αὐτά
640 4118 985 4173 ἀπαιτεῖσθαι
1018 4119 1142 4183 τοὺς
1191 4118 1476 4189 βιωτικοὺς
1524 4122 1637 4183 τοῖς
1686 4121 2033 4190 μοναχοίς.ὐ

357 4208 468 4279 γὰρ
492 4208 785 4278 σύνδεσμος
812 4208 902 4262 καὶ
927 4210 958 4279 ἡ
990 4208 1115 4279 ῥίζα
1132 4207 1235 4279 τῆς
1264 4206 1465 4279 πολλῆς
1488 4208 1690 4280 ἀρετῆς
1715 4208 1854 4279 αὕτη
1884 4210 1999 4262 ἐστί
2018 4224 2030 4237 ·

361 4298 475 4351 νυνὶ
503 4297 559 4349 δέ
584 4299 677 4350 καὶ
711 4297 853 4351 κατά
888 4296 1052 4368 μέρος
1073 4296 1242 4369 αὐτὴν
1279 4296 1482 4366 τίθησι.
1524 4296 1589 4349 Τί
1620 4297 1801 4349 τοίνυν
1850 4296 2035 4367 μεῖζον

355 4387 564 4457 ταύτης
589 4386 687 4455 τῆς
707 4386 1023 4454 φιλοσοφίας
1056 4385 1341 4456 ζητήσειεν
1370 4385 1435 4439 ἀν
1464 4402 1580 4450 τις;
1610 4387 1777 4439 Ὅταν
1808 4386 1917 4457 γὰρ
1942 4386 2035 4438 καὶ

355 4474 528 4546 ὀργῆς
550 4475 641 4527 καὶ
662 4473 834 4544 θυμοῦ
864 4474 957 4525 καὶ
981 4473 1251 4542 κραυγῆς,
1283 4473 1376 4526 κα)⁸
1396 4473 1695 4544 χρημάτων
1717 4474 2031 4544 ἐπιθυμίας,

358 4566 455 4618 καὶ
480 4564 733 4633 γαστρὸς.
765 4563 860 4616 καὶ
888 4561 1250 4626 πολυτελείας,
1282 4562 1375 4614 καὶ
1400 4561 1557 4632 δόξης
1577 4562 1759 4631 κενῆς,
1802 4564 1897 4615 καὶ
1926 4563 2036 4616 τῶν

357 4650 534 4704 ἄλλων
562 4652 669 4705 τῶν
704 4651 969 4721 βιωτικῶν
994 4650 1299 4722 ἀνωτέρους
1336 4646 1475 4703 εἶναι
1500 4649 1718 4722 κελεύῃ,
1754 4650 1846 4703 καὶ
1872 4649 2034 4721 μηδὲν

358 4739 536 4793 κοινὸν
578 4739 722 4810 ἔχειν
768 4740 904 4809 πρὸς
950 4738 1047 4808 τὴν
1085 4737 1212 4808 γῆν,
1244 4738 1371 4790 ὅταν
1432 4737 1728 4806 νεκρῶσαι
1774 4736 1842 4790 τά
1895 4738 2032 4809 μέλη

359 4828 693 4900 προστάττῃ.
712 4825 932 4897 εῦδηλον
957 4828 1039 4880 ὅτι
1068 4827 1169 4898 τὴν
1197 4826 1366 4897 αὐτὴν
1391 4829 1537 4896 ἡμᾶς
1564 4825 1847 4897 ἀκρίϐειαν
1869 4828 2025 4880 ἀπαι-

356 4918 461 4981 τεῖ,
486 4917 616 4983 ὅσην
642 4915 769 4979 τοὺς
804 4913 1051 4985 μαθητὰς
1077 4914 1106 4966 6
1126 4913 1381 4980 Χριστὸς,
1408 4914 1502 4966 καὶ
1530 4913 1667 4981 πρὸς
1688 4913 1756 4965 τά
1788 4914 2036 4985 ἁμαρτή-

363 5021 509 5075 ματα
537 5003 709 5067 οὕτως
742 4999 879 5057 εἶναι
912 5002 1157 5073 βούλεται
1188 5002 1435 5073 νεκροὺς,
1472 5001 1548 5065 ὼς
1569 5002 1697 5065 τοὺς
1737 5001 2035 5055 ἀποθανόν-

358 5109 460 5156 τας
484 5093 579 5145 καὶ
611 5091 883 5161 ταφέντας
919 5091 1041 5162 ἥδη.
1075 5087 1175 5143 Διά
1212 5089 1410 5142 τοῦτου
1441 5090 1550 5160 γάρ
1584 5105 1748 5160 φησιν
1773 5106 1786 5121 ·
1835 5090 1888 5141 '0
1923 5090 2035 5159 γὰρ

358 5179 679 5235 ἀποθανὼν
727 5179 1094 5233 δεδικαίωται
1140 5178 1255 5233 ἀπὸ
1299 5177 1410 5244 τῆς
1456 5178 1930 5246 άμαρτίας.Ἔστι
1976 5178 2033 5230 δὲ

355 5271 494 5323 ὅπου
538 5270 631 5322 καὶ
664 5261 745 5331 εἰς
781 5267 873 5321 τὸν
906 5266 1001 5320 τοῦ
1042 5266 1278 5336 Χριστοῦ
1312 5265 1473 5336 ζῆλον
1500 5265 1586 5319 διὰ
1620 5266 1719 5335 τῆς
1753 5266 2036 5337 παρακλή-

359 5379 499 5424 σεως
527 5361 675 5430 ἡμᾶς
699 5359 845 5427 ἄγει,
871 5357 991 5427 οὐχὶ
1017 5357 1154 5429 πρὸς
1179 5356 1271 5409 τὸν
1298 5355 1407 5408 τῶν
1442 5355 1699 5428 μαθητῶν
1723 5355 1899 5425 μόνον.
1926 5356 2035 5407 Καὶ

357 5450 468 5522 γὰρ
495 5450 625 5503 ὅταν
653 5447 872 5517 ἀγαπᾷν
896 5447 1155 5516 παραινῇ,
1184 5444 1393 5499 ἐκεῖθεν
1423 5444 1577 5514 φέρει
1607 5442 1676 5496 τά
1704 5442 2034 5512 ὑποδείγμα-

356 5555 447 5595 τα.
465 5537 575 5592 ,καὶ
603 5537 731 5590 ὅταν
756 5534 830 5606 μὴ
854 5536 1230 5605 μνησικακεῖν,
1252 5534 1346 5586 καὶ
1368 5534 1496 5587 ὅταν
1524 5530 2032 5603 μετριάζειν.”οταν

357 5621 450 5679 οὖν
485 5624 558 5695 μὴ
594 5624 861 5696 μοναχοὺς
903 5622 1082 5692 μόνον,
1112 5621 1245 5692 μηδὲ
1289 5624 1412 5685 τοὺς
1464 5620 1731 5693 μαθητὰς,
1763 5620 1898 5673 άλλά
1938 5621 2034 5673 καὶ

422 5742 445 5767 “
473 5740 549 5787 Sic
570 5739 718 5788 εει-ῆι.
746 5740 795 5786 in
821 5744 960 5785 lexlu
999 5743 1053 5785 et
1084 5736 1182 5785 duo
1201 5750 1316 5783 mﬁs.
1350 5735 1499 5785 εει-ει.
1523 5732 1573 5782 in
1595 5747 1755 5797 marg.
1779 5740 1833 5797 et
1855 5733 2028 5782 Morel.

358 5803 638 5861 διαλέγεται.
686 5800 795 5847 \on
829 5801 928 5849 duo
962 5813 1077 5848 mss.
1122 5805 1173 5846 et
1216 5799 1387 5848 Μοῐρ..
1437 5796 1865 5848 ἀποδώσειξΒὶω.
1908 5798 2030 5845 ἀπο-

359 5866 446 5916 δω,
471 5876 540 5909 ςιο
565 5868 615 5908 (τι
635 5861 783 5911 Savil.

424 5925 453 5965 b
478 5926 676 5971 Διώκειν
700 5929 843 5972 dcc-sl
865 5925 913 5972 in
945 5922 1134 5972 duobus
1160 5935 1273 5970 mss.

1124 298 1180 353 S.
1221 292 1503 354 JOANNIS
1544 296 2031 352 CllliYSOSTOMl
2068 297 2390 356 ARCIHEP.
2430 298 2987 359 CONSTANTINOP.

3693 304 3811 359 5η

2125 416 2286 470 αὑτὸν
2316 416 2601 488 μιμεῖσθαι
2628 416 2825 491 κελεύῃ
2853 417 2943 471 τὸν
2962 413 3215 488 Χριστδν,
3241 417 3337 472 καὶ
3358 420 3472 482 τοῖς
3503 413 3578 490 μὴ
3604 417 3816 491 ζηλοῦ-

2127 526 2180 561 σι
2229 509 2451 563 κόλασιν
2498 509 2680 581 τίθησι
2730 510 3014 580 μεγίστην,
3045 508 3206 564 πόθεν
3239 512 3415 564 ἐκεῖνο
3446 510 3630 582 μεῖζον
3662 511 3815 581 ἔφης

2124 597 2264 655 εἶναι
2301 602 2365 655 τὸ
2394 601 2557 673 ’ύψοςς
2590 602 2666 655 Τὸ
2694 602 2804 674 γὰρ
2825 601 2957 655 αὐτὸ
2996 601 3204 667 πάντας
3240 601 3558 674 ἀνθρώπους
3591 601 3817 673 ἀναδῆ-

2126 716 2214 752 ναι
2245 698 2327 751 δεῖ
2349 715 2362 729 ·
2399 699 2494 753 καὶ
2517 697 2579 751 τὸ
2607 700 2784 752 πᾶσαν
2807 698 3114 769 ἀνατρέψαν
3145 699 3245 768 τὴν
3268 699 3614 770 οἰκουμένην,
3639 697 3815 752 τοῦτό

2126 795 2392 857 ἐστιν,ὄτι
2419 793 2665 865 μείζονος
2700 794 2925 865 οίόμεθα
2959 795 3069 849 δεῖν
3098 793 3384 867 ἀκριϐείας
3409 794 3487 866 τῷ
3516 794 3819 866 μονάζοντι

2131 890 2298 961 μόνῳ,
2325 892 2436 954 τοῖς
2480 889 2538 943 δέ
2587 890 2791 954 λοιποῖς
2836 891 3037 957 ἐξεῖναι
3086 891 3346 963 ῥᾳθύμως
3404 889 3524 962 ζῇν.
3564 892 3638 946 Οὐ
3693 892 3820 963 γὰρ

2127 986 2295 1052 ἔστιν,
2316 987 2416 1041 οὐκ
2462 987 2629 1050 ἔστιν,
2669 987 2805 1042 ἀλλά
2850 990 2950 1061 τὴν
2995 990 3164 1060 αὐτὴν
3211 988 3612 1060 ἀπαιτούμεθα,
3641 990 3816 1060 φησὶ,

2128 1076 2331 1140 πάντες
2379 1076 2728 1147 φιλοσοφίανο
2758 1076 2852 1131 καὶ
2875 1077 3079 1149 σφόδρα
3100 1078 3264 1148 φαίην
3287 1076 3354 1131 ἂν
3379 1077 3575 1147 ἔγωγε,
3603 1077 3819 1148 μᾶλλον

2127 1165 2184 1220 δὲ
2223 1166 2323 1219 οὐκ
2367 1164 2498 1243 ἐγὼ,
2529 1167 2644 1220 ἀλλ’
2676 1167 2841 1230 αὐτὸς
2883 1170 2911 1220 6
2956 1166 3166 1238 μέλλων
3207 1165 3412 1238 κρίνειν
3445 1168 3615 1237 ἡμᾶς.
3648 1165 3715 1219 EE
3749 1165 3821 1219 δὲ

2130 1261 2429 1334 θαυμάζεις
2452 1263 2571 1318 ἔτιά
2602 1265 2698 1318 καὶ
2724 1264 3027 1337 διαπορεῖς,
3060 1265 3194 1335 φέρε
3216 1281 3298 1317 σοι
3321 1264 3486 1318 πάλιν
3511 1264 3611 1335 τὴν
3635 1263 3819 1335 ἀκοὴν

2131 1360 2238 1415 ἀπὸ
2263 1361 2374 1415 τῶν
2412 1361 2591 1416 αὐτῶν
2632 1362 2986 1434 ἀντλήσωμεν
3030 1362 3308 1434 ναμάτων,
3337 1361 3478 1416 ὥστε
3517 1379 3599 1415 σοι
3624 1361 3820 1415 τέλεον

2130 1458 2465 1530 ἐκπλυθῆναι
2490 1460 2594 1530 τῆς
2632 1460 2890 1524 ἀπιστίας
2932 1459 3030 1532 τὴν
3064 1460 3265 1514 κακίαν
3294 1459 3534 1514 ἃπασαν.
3578 1460 3822 1531 Ποιήσο-

2135 1574 2231 1629 μαι
2269 1556 2325 1610 δὲ
2370 1556 2469 1630 τὴν
2508 1557 2782 1624 ἀπόδειξιν
2822 1558 2931 1612 ἀπὸ
2956 1558 3065 1612 τῶν
3088 1557 3361 1612 κολάσεων
3388 1557 3499 1612 τῶν
3531 1557 3676 1611 κατά
3709 1555 3820 1628 τὴν

2131 1650 2347 1722 ἡμέραν
2394 1652 2629 1724 ἐκείνην.
2667 1652 2725 1706 Ὀ
2758 1652 3032 1716 πλούσιος,
3056 1651 3157 1705 οὐκ
3205 1649 3393 1722 ἐπειδὴ
3441 1649 3692 1722 μονάζων
3741 1644 3820 1720 ἦν

2131 1743 2302 1814 ὠμὸς,
2330 1742 2420 1796 διά
2454 1743 2615 1797 τοῦτο
2643 1743 2931 1808 ἐκολάζετο
2961 1742 3243 1815 μειζόνως,
3279 1742 3417 1809 ἀλλ’,
3442 1744 3491 1796 εί
3519 1743 3601 1796 δεῖ
3626 1759 3681 1796 τι
3715 1742 3820 1795 καὶ

2133 1839 2433 1911 ἐφευρόντα
2478 1841 2672 1906 εἰπεῖν,
2698 1838 2889 1910 ἐπειδὴ
2936 1837 3190 1909 βιωτικὺς
3228 1835 3325 1903 ὢν,
3373 1836 3467 1889 καὶ
3505 1836 3565 1888 ἐν
3593 1833 3819 1905 πλούτῳ

2135 1935 2243 2000 ζῶν
2272 1952 2368 1989 και
2401 1936 2458 1989 ἐν
2485 1935 2763 2008 πορφύρᾳ,
2801 1934 3077 2007 περιεώρα
3108 1934 3198 1987 τὸν
3222 1934 3471 2005 Λάζαρον
3503 1933 3562 1987 ὲν
3604 1932 3818 2004 ἐσχάτῃ

2134 2033 2315 2105 πενίᾳ.
2348 2034 2494 2106 Πλὴν
2531 2031 2657 2086 οὔτε
2686 2031 2846 2087 τοῦτο
2875 2031 2999 2085 οὔτε
3026 2033 3205 2086 ἐκεῖνο
3233 2030 3366 2102 ἐρῶ,
3396 2029 3512 2084 ἀλλ’
3538 2030 3619 2083 ὅτι
3649 2029 3820 2100 μόνον

2133 2131 2283 2202 ὠμὸς
2323 2126 2413 2202 ἦν,
2442 2128 2532 2184 διὰ
2557 2129 2716 2184 τοῦτο
2744 2130 2922 2184 ἔκειτο
2969 2130 3228 2201 μειζόνως
3262 2128 3622 2200 κολαζόμενος
3645 2130 3709 2182 ἐν
3736 2129 3820 2199 τῷ

2135 2228 2288 2299 πυρί.
2320 2228 2430 2282 Καὶ
2468 2230 2524 2282 αἰ
2555 2227 2817 2300 παρθένοι
2847 2228 2925 2291 δὲ,
2961 2226 3152 2296 ἐπειδὴ
3176 2228 3305 2298 περ)⁵
3348 2226 3449 2297 τὴν
3501 2225 3822 2295 φιλανθρω-

2136 2327 2266 2382 πίαν
2295 2327 2622 2399 ὑστέρησαν,
2644 2327 2733 2381 διὰ
2754 2326 2913 2380 τοῦτο
2941 2326 3300 2397 ἀπηλάθησαν
3327 2324 3434 2378 ἀπὸ
3463 2322 3559 2377 τοῦ
3587 2322 3820 2395 νυμφῶ-

2135 2443 2224 2490 νος
2246 2441 2259 2458 ’
2292 2426 2385 2481 καὶ
2431 2428 2481 2481 εί
2520 2428 2621 2498 χρή
2665 2443 2718 2479 τι
2769 2426 2865 2479 καὶ
2898 2424 3028 2498 παρ’
3056 2424 3263 2478 ἑαυτῶν
3310 2424 3507 2488 εἰπεῖν,
3533 2423 3595 2475 οὐ
3648 2422 3820 2493 μόνον

2136 2525 2328 2589 αύταῖς
2371 2524 2472 2577 οὐκ
2506 2524 2813 2577 ἐπετείνετο
2852 2521 3003 2595 [10⁸5]
3036 2521 3105 2575 τὰ
3132 2522 3233 2594 τῆς
3280 2520 3554 2584 κολάσεως
3587 2518 3676 2573 διά
3712 2519 3819 2589 τὴν

2138 2620 2459 2692 παρθενίαν,
2491 2620 2628 2674 ἀλλά
2653 2621 2794 2691 τάχα
2827 2620 2919 2673 καὶ
2954 2618 3286 2690 ἡμερωτέρα
3338 2617 3425 2670 διά
3453 2616 3654 2686 ταύτην
3692 2614 3821 2683 ἐγέ-

2138 2735 2279 2772 νετο.
2307 2719 2382 2787 Ού
2416 2717 2524 2789 γὰρ
2554 2718 2814 2789 ἥκουσαν,
2846 2717 3178 2785 Πορεύεσθε
3205 2717 3292 2780 είς
3319 2715 3379 2767 τὸ
3409 2711 3529 2783 πῦρ
3554 2712 3623 2766 τὸ
3650 2713 3821 2780 ἡτοι-

2132 2813 2448 2884 μασμένον
2483 2810 2563 2877 τῷ
2590 2811 2846 2876 διαϐόλῳ
2873 2810 2970 2864 καί
2995 2808 3117 2877 τοῖς
3140 2806 3419 2877 ἀγγέλοις
3441 2790 3648 2867 αὑτοῦ,
3676 2802 3819 2857 ἀλλὰ

2142 2911 2330 2983 μόνον’
2365 2912 2485 2964 Οὐκ
2527 2906 2659 2963 οἴδα
2698 2909 2873 2978 ὑμᾶς.
2912 2908 2973 2961 Εἰ
3020 2907 3077 2961 δὲ
3120 2905 3267 2975 λέγει
3316 2922 3401 2969 τις
3428 2902 3625 2956 ταυτὸν
3670 2896 3820 2955 εἶναι

2138 3008 2296 3062 τοῦτο
2342 3007 2554 3077 ἐκείνῳ,
2600 3005 2749 3060 οὐδὲν
2798 3004 3008 3076 ἀντερῶ
3028 3000 3070 3060 εξ
3109 3002 3182 3055 Τὸ
3228 3000 3335 3073 γὰρ
3382 2997 3819 3068 σπουδαζόμενόν

2143 3122 2230 3173 μοι
2260 3103 2428 3169 δεῖξαι
2463 3101 2577 3169 νῦν,
2602 3103 2681 3156 ὅτι
2714 3102 2813 3171 οὐχ
2848 3104 2876 3154 ὀ
2922 3099 3029 3153 τῶν
3072 3097 3321 3170 μοναχῶν
3364 3094 3477 3166 βίος
3503 3091 3821 3166 χαλεπωτέ-

2144 3218 2240 3271 ρας
2286 3202 2432 3253 ποιεῖ
2460 3198 2559 3263 τὰς
2585 3199 2854 3261 κολάσεις,
2877 3196 3016 3250 ἀλλὰ
3050 3195 3160 3249 τῶν
3207 3192 3388 3248 αὐτῶν
3416 3192 3554 3244 εἰσιν
3581 3187 3823 3242 ὑπεύθυο

2139 3313 2218 3349 νοι
2238 3295 2331 3348 καὶ
2357 3296 2405 3347 οί
2431 3293 2692 3365 βιωτικοὶ,
2724 3297 2795 3346 τὰ
2819 3290 2959 3346 αύτά
2991 3288 3396 3360 ἁμαρτάνοντες
3425 3285 3671 3348 ἐκείνοις.
3705 3284 3822 3337 Καὶ

2138 3394 2168 3444 6
2198 3391 2265 3445 τά
2297 3390 2516 3464 ῥυπαρά
2552 3388 2896 3461 ἐνδεδυμένος
2933 3386 3147 3458 ἰμάτια,
3186 3385 3281 3437 καὶ
3326 3386 3355 3437 6
3393 3382 3460 3436 τὰ
3488 3381 3725 3454 δηνάρια
3750 3381 3821 3435 τὰ

2139 3486 2333 3540 ἑκατὸν
2380 3482 2647 3545 ἀπαιτῶν,
2672 3484 2773 3536 οὐκ
2804 3480 2993 3553 ἐπειδὴ
3024 3478 3347 3551 μονάζοντες
3388 3472 3551 3547 ἦσαν,
3581 3475 3821 3545 ἔπασχον

2141 3581 2286 3653 άπερ
2314 3580 2579 3651 ἔπασχονο
2603 3578 2716 3633 ἀλλ’
2735 3581 2764 3632 ὁ
2795 3577 2893 3649 μὲν
2924 3576 3014 3630 διὰ
3044 3576 3143 3648 τὴν
3169 3573 3445 3646 πορνείαν,
3472 3577 3502 3626 6
3525 3572 3583 3626 δέ
3611 3570 3702 3624 διὰ
3721 3570 3823 3642 τὴν

2145 3676 2507 3749 μνησικακίαν
2533 3674 2830 3731 ἀπώλοντο.
2854 3673 2964 3727 Καὶ
2987 3673 3111 3735 τοὺς
3128 3670 3319 3735 ἄλλους
3343 3668 3400 3723 δὲ
3428 3670 3581 3731 εἴτις
3600 3666 3822 3720 ἐπέλθοι

2139 3774 2266 3838 τοὺς
2298 3773 2419 3827 τότε
2452 3770 2870 3843 κολαζομένους,
2909 3769 3017 3823 ἀπὸ
3053 3767 3162 3821 τῶν
3201 3765 3617 3837 ἁμαρτημάτων
3658 3763 3823 3834 μόνον

2141 3870 2329 3941 ὄψεται
2374 3871 2473 3942 τὴν
2496 3868 2764 3941 τιμωρίαν
2791 3868 3110 3939 ὑπέχοντας.
3137 3867 3253 3919 Οὐκ
3283 3866 3342 3916 ἐν
3377 3864 3498 3926 ταῖς
3522 3862 3824 3933 τιμωρίαις

2140 3969 2198 4022 δὲ
2222 3969 2401 4040 μόνον,
2425 3968 2561 4023 ἀλλά
2589 3970 2683 4022 καὶ
2708 3970 2767 4021 ἐν
2790 3968 2911 4029 ταῖς
2938 3962 3241 4026 νουθεσίαις
3260 3960 3419 4014 τοῦτο
3442 3959 3593 4030 εὖροι
3619 3976 3705 4023 τις
3728 3959 3822 4015 ἀν.

2143 4069 2255 4121 Καὶ
2288 4066 2417 4139 γὰρ,
2453 4066 2582 4119 ὅταν
2610 4064 2748 4138 λέγῃ
2770 4081 2785 4095 θ
2831 4061 3010 4117 Δεῦτε
3045 4059 3197 4129 πρός
3226 4073 3299 4127 με
3344 4055 3569 4122 πάντες
3615 4057 3671 4108 οί
3718 4071 3825 4108 κο-

2143 4163 2396 4230 πιῶντες
2423 4165 2523 4217 καί
2556 4159 3036 4233 πεφορτισμένοι,
3083 4153 3243 4226 κάγὼ
3263 4153 3597 4209 ἀναπαύσω
3625 4149 3820 4221 ὑμᾶς’

2142 4266 2322 4331 ἄρατε
2347 4260 2455 4315 τὸν
2486 4259 2663 4331 ζυγόν
2693 4276 2812 4329 μου
2844 4258 2934 4327 ἐφ’
2956 4255 3135 4326 ὑμᾶς,
3173 4253 3270 4308 καί
3292 4251 3513 4324 μάθετε
3548 4249 3650 4304 ἀπ’
3670 4249 3824 4318 ἐμοῦ

2144 4366 2233 4419 ὅτι
2259 4361 2447 4432 πρᾶός
2474 4363 2589 4430 εἰμι
2630 4359 2727 4414 καὶ
2769 4354 3052 4421 ταπεινὸς
3103 4351 3179 4421 τῇ
3226 4349 3460 4421 καρδίᾳ,
3497 4349 3597 4404 καί
3641 4347 3825 4416 εὑρή-

2143 4475 2283 4513 σετε
2303 4458 2652 4514 ἀνάπαυσιν
2681 4455 2810 4522 ταῖς
2842 4452 3069 4525 ψυχαῖς
3093 4448 3293 4520 ὑμῶν’
3324 4448 3387 4501 οὐ
3417 4448 3530 4509 τοῖς
3561 4445 3826 4516 μονάζου-

2146 4570 2197 4607 σι
2234 4552 2540 4621 διαλέγεται
2581 4550 2761 4621 μόνον,
2784 4547 2922 4603 ἀλλά
2948 4548 3044 4601 καὶ
3088 4545 3239 4617 πάσῃ
3282 4546 3349 4615 τῇ
3378 4541 3484 4596 τῶν
3513 4538 3820 4613 ἀνθρώπων

2144 4650 2325 4721 φύσει.
2357 4650 2467 4702 Καὶ
2510 4649 2639 4700 ὅταν
2675 4643 2873 4718 κελεύῃ
2910 4643 3000 4697 διά
3032 4642 3132 4713 τῆς
3170 4639 3365 4711 στενῆς
3391 4637 3598 4692 ὁδεύειν
3623 4635 3748 4690 ὁδοῦ
3772 4635 3816 4700 ί,

2143 4749 2204 4801 οὐ
2240 4748 2375 4819 πρὸς
2404 4748 2627 4810 τούτους
2660 4744 2933 4799 ἀποτείνει
2960 4742 3052 4795 τδν
3083 4740 3241 4809 λόγον
3274 4737 3486 4810 μόνους,
3516 4732 3655 4789 ἀλλὰ
3680 4734 3820 4805 πρὸς

2144 4844 2352 4908 πάντας
2388 4843 2737 4915 ἀνθρώπουςο
2781 4842 2875 4895 καὶ
2919 4841 3096 4911 μισεῖν
3128 4837 3186 4891 δὲ
3214 4837 3313 4908 τὴν
3336 4834 3515 4890 αὐτῶν
3543 4832 3721 4905 ψυχὴν
3760 4835 3817 4886 ἐν

2141 4938 2219 5009 τῷ
2249 4938 2439 5009 κόσμῳ
2463 4937 2655 5008 τούτῳ.
2684 4936 2777 4989 καὶ
2806 4935 2875 4987 τά
2912 4933 3046 4986 ἀλλα
3073 4931 3130 4985 δέ
3152 4930 3330 4985 πάντα
3358 4929 3427 4982 τά
3456 4925 3679 4981 τοιαῦτα
3704 4927 3817 4978 πάι

2145 5048 2228 5085 σιν
2257 5031 2518 5097 ἐπέταξεν
2540 5031 2935 5103 ὁμοίως.”οταν
2964 5028 3022 5082 δέ
3058 5028 3130 5099 μὴ
3161 5028 3294 5080 πᾶσι
3321 5022 3636 5093 διαλέγηται
3680 5021 3814 5092 μηδὲ

2142 5125 2425 5197 νομοθετῇ,
2458 5124 2615 5195 δῆλον
2657 5124 2788 5194 ἡμῖν
2830 5122 2962 5175 αὐτὸ
2998 5120 3300 5174 ποιεῖ.”οτε
3349 5116 3480 5186 γοῦν
3514 5115 3643 5185 περὶ
3668 5131 3815 5186 παρ-

2144 5218 2324 5281 θενίας
2366 5218 2569 5286 ἔλεγεν,
2613 5217 2929 5287 ἐπήγαγεν*
2969 5213 3023 5265 Ὁ
3067 5209 3402 5281 δυνάμενος
3451 5205 3664 5277 χωρεῖν
3701 5223 3815 5273 χωρ

2134 5314 2331 5381 ρείτω,
2352 5312 2476 5365 οὔτε
2499 5312 2580 5378 τὺ,
2616 5309 2757 5376 πᾶς,
2787 5306 3061 5380 προσθεὶς,
3086 5303 3210 5357 οὔτε
3240 5306 3298 5356 ὲν
3324 5300 3699 5371 ἐπιτάγματος
3717 5297 3814 5351 τά·

2142 5406 2222 5471 ξει
2250 5407 2408 5461 τοῦτο
2431 5404 2775 5475 εἰσενεγκὼν.
2806 5404 2963 5457 Οῦτω
2992 5402 3086 5455 καὶ
3129 5403 3158 5454 6
3198 5398 3435 5461 Παῦλος·
3467 5396 3558 5448 τὸν
3582 5393 3693 5464 γὰρ
3722 5394 3815 5444 Δι-

2141 5497 2407 5553 δάσκαλον
2440 5495 2777 5568 μιμούμενος
2805 5490 3080 5561 πανταχοῦ
3108 5488 3381 5558 φαίνεται,
3422 5484 3514 5538 καὶ
3559 5484 3640 5544 εἰς
3684 5478 3818 5534 ταύ-

2204 5606 2226 5635 °
2252 5603 2361 5654 Duo
2380 5616 2495 5651 mss.
2526 5601 2605 5650 διὰ
2635 5599 2848 5653 τούτους.
2891 5596 3047 5646 Paulo
3069 5599 3182 5656 post
3207 5597 3423 5656 unuse}
3444 5585 3598 5636 Savil.
3622 5587 3725 5656 ἔστι
3764 5585 3815 5633 δὲ

2141 5647 2684 5716 6120;.
2709 5661 2791 5708 καὶ
2811 5647 2923 5724 ὅταν
2954 5647 3273 5724 ἀνεξικακεῖνζ
3282 5653 3364 5701 καὶ
3398 5653 3509 5699 ὅταν
3524 5647 3814 5724 P396632.

2204 5710 2683 5778 avS’aV—ii‘lte—tiﬂorél.
2706 5721 2951 5784 θαυμάζεις
2979 5710 3129 5781 μένων
3147 5718 3233 5766 ἔτι.
3248 5710 3311 5764 ⁷1η
3333 5726 3447 5763 mss.
3476 5710 3633 5774 μένων
3650 5710 3814 5759 deest.

2141 5792 2250 5844 Mox
2276 5790 2425 5838 iidem
2451 5800 2565 5835 mss.
2592 5785 2949 5845 ἐναντλήσομεν.

2213 5865 2236 5892 e
2262 5853 2360 5900 Alii
2385 5850 2493 5898 οὐδὲ
2517 5849 2611 5910 ἐγὼ
2634 5847 2846 5911 ἀντερῷη
2942 5904 2984 5911 Α
3017 5902 3040 5911 ,

2215 5912 2233 5953 τ
2262 5914 2370 5964 Duo
2394 5926 2505 5965 mss.
2530 5904 2693 5968 στενῆς
2714 5904 2914 5973 βαδίζειν
2933 5904 3062 5954 ὁδοῦ.
