4116 6392
360 402 468 459 373

360 533 456 586 pro
483 517 599 584 ipso
625 516 692 571 ab
718 515 802 579 iis,
830 515 918 585 qui
944 513 1074 569 foris
1102 523 1245 578 sunt,
1276 513 1525 567 audiunt:
1560 530 1733 583 neque
1750 530 1917 568 saecu-

359 606 500 670 laris,
531 620 701 674 neque
730 604 973 659 monachi
994 619 1189 659 nomen
1208 605 1458 673 apponit;
1488 605 1581 659 sed
1608 607 1719 659 hazc
1734 606 1921 660 distiu-

356 695 461 750 etio
487 695 554 749 ab
581 695 849 749 hominum
878 705 1055 750 mente
1083 694 1295 749 inducta
1326 702 1424 750 est.
1462 695 1745 765 Scriptura:
1790 710 1921 752 vero

357 785 489 840 nihil
518 793 710 839 norunt
738 785 1057 854 lmjusmodi,
1085 786 1177 840 sed
1204 786 1386 840 volunt
1404 802 1587 843 omnes
1612 789 1770 841 vitam
1799 804 1919 844 mo-

356 875 645 928 nachorum
662 890 836 944 agere,
868 876 1027 930 etiam
1057 876 1100 931 si
1128 891 1319 930 uxores
1341 876 1586 930 habeant.
1612 878 1749 932 Audi
1776 879 1916 933 enim

354 963 479 1032 quid
509 964 649 1018 dicat
692 965 917 1028 Paulus;
946 981 1064 1019 cum
1122 965 1341 1020 Paulum
1392 966 1622 1035 profero,
1652 968 1917 1023 Christum

355 1056 473 1109 dico
494 1071 696 1109 rursus.
728 1056 823 1110 llic
840 1058 995 1127 igitur
1011 1073 1130 1111 cum
1156 1059 1450 1129 conjugatis
1474 1059 1774 1115 hominibus
1795 1064 1919 1116 scri-

355 1148 524 1214 beret,
557 1148 796 1218 ﬁliosque
843 1150 1212 1215 nutrientibus,
1256 1167 1466 1205 omnem
1511 1151 1578 1205 ab
1606 1152 1710 1207 illis
1735 1169 1917 1207 mona-

353 1243 537 1295 sticam
563 1240 885 1311 diligentiam
909 1244 1104 1311 exigit;
1133 1258 1252 1296 nam
1273 1243 1487 1297 delicias
1506 1259 1689 1298 omnes
1712 1246 1914 1313 penitus

354 1349 626 1398 resecans,
653 1346 758 1388 tum
789 1349 878 1388 eas
903 1350 1019 1404 quin
1043 1334 1109 1388 ad
1139 1344 1330 1399 vestes,
1361 1345 1468 1389 tum
1497 1352 1587 1390 eas
1611 1354 1725 1405 quae
1745 1338 1808 1391 ad
1838 1339 1916 1392 ci-

354 1425 450 1478 bos
475 1426 759 1493 pertinent,
793 1425 907 1479 htcc
932 1427 1006 1479 ait
1033 1444 1047 1476 :
1078 1426 1315 1479 Mulieres
1334 1428 1386 1479 in
1408 1426 1581 1480 habitu
1608 1437 1782 1481 ornato
1803 1445 1916 1480 cum

351 1515 644 1569 verecundia
662 1525 709 1568 et
733 1515 997 1569 sobrietate
1015 1527 1247 1570 ornantes
1274 1534 1355 1584 se,
1379 1527 1423 1570 et
1443 1534 1543 1571 non
1570 1519 1621 1571 in
1650 1520 1788 1571 tortis
1813 1521 1914 1571 cri-

352 1604 516 1669 nibus,
534 1616 775 1670 autauro,
797 1615 881 1659 aut
901 1606 1203 1676 margaritis,
1225 1607 1301 1660 vel
1321 1617 1448 1660 veste
1468 1609 1682 1677 pretiosa
1696 1607 1744 1679 (l
1758 1608 1911 1661 .Tim.

352 1696 404 1750 2.
440 1696 517 1765 9)
550 1712 565 1761 ;
592 1711 654 1750 ac
675 1712 904 1761 rursum,
937 1697 1063 1762 Qua:
1113 1708 1279 1751 autem
1323 1699 1375 1751 in
1421 1699 1612 1751 deliciis
1633 1709 1724 1765 est,
1750 1701 1915 1753 vivens

352 1796 548 1839 mortua
566 1796 638 1840 est
660 1786 734 1856 (1.
760 1785 890 1842 Tim.
923 1787 974 1841 5.
998 1787 1051 1857 6)
1080 1805 1095 1852 ;
1125 1788 1439 1857 iterumque,
1473 1788 1724 1843 Habentes
1751 1800 1915 1844 autem

350 1880 605 1944 alimenta,
632 1890 675 1932 et
703 1878 879 1949 quibus
900 1888 1140 1949 tegantur,
1166 1880 1244 1933 his
1272 1882 1488 1934 contenti
1506 1882 1661 1935 simus
1685 1882 1758 1952 (1.
1776 1882 1908 1937 Tim.

349 1971 402 2025 6.
424 1971 498 2043 8).
527 1970 661 2038 Quid
681 1972 905 2039 amplius
927 1981 1102 2040 posset
1117 1972 1305 2040 aliquis
1325 1987 1353 2023 a
1378 1973 1649 2027 monachis
1667 1975 1913 2043 exigere?

349 2064 480 2118 Cum
501 2071 675 2118 autem
693 2062 825 2116 alios
850 2061 916 2116 ad
938 2061 1164 2131 linguam
1191 2062 1563 2117 continendam
1591 2063 1910 2131 institueret,

347 2162 620 2209 accuratas
648 2168 857 2208 rursum
887 2152 1030 2222 leges
1070 2152 1255 2206 statuit
1281 2168 1294 2216 ;
1328 2152 1584 2223 talesque,
1641 2154 1823 2223 quales
1847 2170 1914 2209 ne

346 2246 446 2316 ipsi
476 2246 687 2316 quidem
716 2244 957 2299 monachi
980 2243 1130 2298 facile
1151 2244 1424 2313 impleant.
1444 2244 1557 2299 Non
1575 2246 1715 2299 enim
1740 2247 1912 2315 turpi-

348 2337 603 2396 tudinem,
628 2344 682 2389 et
708 2334 1090 2403 stultiloquium
1113 2342 1335 2397 tantum,
1365 2334 1457 2388 sed
1485 2335 1643 2389 etiam
1668 2336 1911 2389 scurrili-

346 2436 509 2481 tatem
533 2425 769 2480 eliminat
802 2442 815 2477 :
844 2438 948 2476 non
971 2422 1222 2487 furorem,
1264 2424 1397 2477 iram
1435 2434 1487 2477 et
1508 2424 1909 2479 amaritudinem

346 2516 535 2580 solum,
572 2514 667 2571 sed
717 2515 873 2569 etiam
904 2514 1188 2569 clamorem
1215 2513 1281 2568 ab
1305 2529 1398 2568 ore
1423 2514 1656 2568 ﬁdelium
1686 2525 1908 2570 resecat.

349 2607 545 2673 Omnis,
573 2606 761 2676 inquit,
792 2607 868 2657 ira
907 2615 952 2658 et
978 2606 1276 2675 indignatio,
1319 2614 1363 2658 et
1392 2604 1582 2659 clamor
1607 2615 1652 2658 et
1678 2606 1909 2675 blasphe-

346 2699 446 2750 mia
475 2696 682 2751 tollatur
708 2714 739 2749 a
762 2696 913 2761 vobis,
948 2712 1060 2748 cum
1081 2697 1217 2749 omni
1248 2695 1443 2749 malitia
1468 2695 1682 2768 (Ep/tes.
1713 2699 1765 2751 .l.
1791 2699 1904 2769 51).

344 2786 478 2840 Num
501 2788 613 2840 haac
641 2787 732 2841 tibi
760 2802 917 2855 parva
941 2786 1587 2855 videnturf'Atexspecta,
1618 2799 1671 2842 et
1691 2788 1773 2842 his
1797 2790 1911 2842 lon-

340 2894 408 2948 ge
429 2879 624 2947 majora
646 2879 847 2943 audies,
863 2894 980 2948 qua:
1000 2878 1067 2933 de
1092 2880 1350 2934 malorum
1375 2880 1647 2934 tolerantia
1665 2881 1910 2936 omnibus

341 2969 599 3037 prtecipit.
631 2968 747 3034 Sol,
795 2969 980 3038 inquit,
1032 2986 1128 3023 non
1177 2971 1371 3023 occidat
1412 2984 1565 3040 super
1596 2972 1910 3026 iracundiam

343 3069 552 3112 vestram
581 3059 599 3130 (
630 3057 892 3128 Ephesi.
941 3058 1066 3131 26).
1106 3058 1276 3114 Videte
1322 3078 1385 3115 ne
1425 3063 1535 3129 quis
1576 3061 1764 3117 malum
1819 3080 1909 3131 pro

340 3149 475 3203 malo
502 3150 732 3218 cuiquam
756 3149 931 3201 reddat
958 3165 978 3213 ;
1005 3150 1091 3204 sed
1111 3167 1304 3217 semper
1327 3152 1459 3220 quod
1484 3152 1667 3205 bonum
1709 3163 1783 3208 est
1825 3170 1908 3209 se—

338 3241 545 3293 ctamini
566 3242 616 3291 in
636 3241 861 3306 invicem,
886 3251 933 3293 et
953 3244 1005 3293 in
1024 3258 1191 3295 omnes
1216 3241 1471 3311 (LT/tess.
1488 3244 1635 3313 5.15)
1662 3262 1676 3298 :
1700 3260 1764 3300 ac
1790 3262 1908 3299 rur-

340 3346 477 3394 sum,
501 3328 624 3383 Νοιὶ
644 3331 771 3383 vinci
796 3347 827 3383 a
847 3330 1000 3396 mulo,
1024 3330 1111 3384 sed
1130 3332 1268 3384 vince
1286 3332 1338 3384 in
1365 3332 1491 3386 bono
1518 3332 1705 3387 malum
1730 3332 1903 3405 (Rom.

340 3423 427 3478 l9...
457 3423 521 3478 21
547 3425 590 3495 ).
624 3423 883 3479 Vidistine
900 3423 1247 3493 philosophiae
1275 3436 1330 3479 et
1357 3426 1768 3495 longanimitatt‘s
1796 3443 1908 3482 ma-

333 3516 660 3586 gnitudinem
678 3515 743 3569 ad
761 3530 1067 3585 supremum
1090 3517 1300 3571 culmen
1325 3518 1742 3573 ascendentem?
1769 3520 1905 3574 Audi

336 3607 460 3675 quid
487 3606 555 3660 de
583 3607 821 3673 caritate,
841 3622 958 3676 qua:
984 3616 1066 3661 est
1093 3615 1250 3675 caput
1276 3607 1557 3675 bonorum,
1585 3611 1857 3679 praecipiat
1887 3628 1901 3664 :

337 3706 611 3765 postquam
664 3696 805 3749 enim
858 3712 974 3750 eam
1025 3698 1327 3765 extulisset,
1381 3698 1600 3769 ejusque
1651 3702 1902 3769 praeclara

330 3796 479 3855 gesta
505 3795 791 3850 narrasset,
812 3786 1051 3841 eamdem
1078 3804 1135 3841 se
1155 3804 1183 3841 a
1206 3788 1545 3844 saecularibus
1561 3791 1774 3861 exigere
1799 3792 1897 3847 de-

332 3879 520 3944 clarat,
554 3894 712 3947 quam
750 3878 993 3933 Christus
1017 3895 1048 3934 a
1104 3879 1398 3951 discipulis.
1444 3882 1899 3949 Quemadmodum

333 3974 472 4026 enim
494 3970 734 4027 Christus
754 3982 1045 4028 extremum
1067 3977 1299 4031 caritatis
1326 3978 1606 4031 terminum
1630 3995 1747 4033 esse
1770 3979 1903 4035 dixit

332 4062 561 4115 animam
592 4078 739 4116 suam
791 4079 985 4131 ponere
1018 4080 1114 4134 pro
1142 4067 1326 4121 amicis
1354 4069 1481 4133 suis,
1528 4069 1605 4123 sic
1629 4079 1683 4123 et
1709 4070 1900 4126 Paulus

333 4150 557 4220 idipsum
584 4152 878 4206 subindicat
898 4154 981 4208 his
1010 4156 1186 4209 verbis
1211 4173 1223 4208 :
1247 4156 1442 4230 Caritas
1468 4174 1566 4211 non
1588 4161 1764 4228 quierit
1786 4178 1899 4230 quae

330 4258 422 4294 sua
442 4253 556 4295 sunt
580 4242 599 4313 (
623 4243 673 4296 1.
699 4241 817 4297 Cor.
838 4245 923 4298 15.
952 4243 1040 4315 5),
1096 4229 1276 4315 atque.
1296 4247 1597 4316 bujusmodi
1622 4229 1895 4306 caritatem

328 4332 520 4386 sectari
544 4334 559 4363 ¹
588 4333 754 4401 jubet.
784 4334 857 4386 lta
889 4336 1011 4388 utsi
1042 4334 1091 4388 id
1132 4338 1301 4391 solum
1342 4338 1539 4392 dictum
1577 4352 1748 4407 esset,
1779 4342 1894 4397 ido-

330 4438 487 4477 neum
518 4423 568 4477 id
594 4434 734 4479 esset
780 4437 1172 4495 argumentum,
1224 4431 1407 4484 eadem
1438 4433 1594 4501 ipsaa
1622 4436 1892 4490 saeculari-

329 4514 448 4581 bus,
476 4530 638 4584 quaca
666 4518 957 4584 monachis,
988 4521 1181 4589 requiri
1213 4522 1358 4575 :hsec
1400 4525 1593 4595 quippe
1613 4536 1693 4580 est
1714 4528 1894 4582 vincu-

327 4606 435 4658 lum
465 4616 516 4659 et
547 4606 695 4660 radix
745 4610 923 4662 multa:
954 4611 1196 4675 virtutis;
1239 4629 1380 4668 nunc
1408 4627 1585 4671 autem
1616 4619 1758 4673 illam
1788 4622 1891 4675 mi-

327 4698 547 4750 nutatim
590 4707 644 4751 et
674 4714 767 4768 per
810 4710 987 4768 partes
1018 4701 1202 4757 refert.
1234 4704 1369 4769 Quid
1400 4707 1558 4775 igitur
1584 4707 1682 4763 hac
1711 4710 1888 4779 philo-

322 4786 508 4855 stiphia
535 4788 704 4855 majus
729 4791 1066 4859 requiratur?
1091 4793 1223 4848 Cum
1250 4796 1390 4850 enim
1419 4798 1515 4864 ira,
1546 4802 1744 4867 furore,
1777 4804 1888 4857 cla-

324 4893 490 4943 more,
521 4881 862 4948 pecuniarum
908 4885 1214 4955 cupiditate,
1247 4890 1447 4945 ventris
1496 4892 1748 4962 ingluvie,
1770 4910 1885 4948 ma-

320 4970 640 5039 guilicentia,
663 4973 805 5027 inani
840 4974 1027 5045 gloria,
1072 4987 1126 5032 et
1178 4980 1337 5034 rebus
1384 4981 1504 5035 aliis
1546 4986 1887 5041 saecularibus

318 5062 620 5129 superiores
651 5080 745 5118 nos
774 5080 911 5131 esse,
935 5075 990 5121 et
1006 5069 1136 5122 nihil
1164 5085 1283 5124 cum
1314 5081 1456 5126 terra
1485 5089 1765 5130 commune
1787 5077 1883 5131 ha-

320 5153 443 5209 bere
471 5156 757 5225 praecipiat,
781 5172 899 5211 cum
945 5161 1181 5214 membra
1226 5173 1403 5217 nostra
1454 5167 1757 5234 morti/icore
1803 5169 1886 5239 ju-

321 5244 459 5311 beat,
486 5247 654 5315 palam
678 5258 758 5303 est
786 5265 948 5304 euma
970 5253 1123 5307 nobis
1149 5255 1386 5310 eamdem
1414 5258 1534 5312 vita:
1562 5260 1882 5330 diligentiam

318 5338 607 5404 requirere,
636 5356 791 5408 quam
821 5340 1062 5397 Christus
1082 5359 1112 5397 a
1137 5345 1433 5415 discipulis;
1464 5359 1621 5419 atque
1638 5368 1734 5407 nos
1761 5368 1882 5421 pec-

316 5429 447 5482 catis
474 5440 708 5485 mortuos
736 5447 854 5487 esse
885 5435 1040 5501 velle,
1071 5452 1134 5492 ae
1158 5436 1203 5491 si
1221 5436 1332 5506 jam
1387 5442 1577 5495 mortui
1613 5451 1665 5495 et
1690 5445 1879 5511 sepulti

315 5535 571 5575 essem-us.
628 5523 957 5595 QuaprOpter
1007 5528 1131 5581 dicit
1170 5546 1183 5582 :
1216 5528 1352 5583 Nam
1402 5533 1489 5603 qui
1537 5547 1760 5587 mortuus
1786 5546 1875 5603 est,

312 5610 617 5681 justifieatus
645 5627 714 5669 est
735 5634 767 5669 a
800 5621 1042 5691 peccatot
1070 5619 1219 5675 Rom.
1247 5622 1299 5677 6.
1330 5624 1360 5677 7
1386 5624 1427 5695 ).
1474 5625 1876 5699 Nonnumquam

378 5789 396 5819 ⁸
430 5795 593 5853 Deest,
612 5794 799 5856 sectari,
819 5797 869 5845 in
886 5796 1073 5847 duobus
1091 5806 1192 5849 Mss.

1095 399 1455 457 ADVERSUS
1491 400 2025 458 OPPUGNATORES
2063 403 2243 461 Ἦτῶ
2268 407 2558 464 MOPtAST.
2599 411 2725 466 LIB.
2767 413 2854 467 1H.

3484 425 3588 481 8η

2029 517 2151 570 item
2180 520 2246 573 ad
2275 520 2490 587 Christi,
2524 540 2622 579 nec
2650 537 2850 582 tantum
2880 531 2945 584 ad
2990 531 3387 604 discipulorum,
3416 541 3589 597 imita-

2028 609 2222 661 tionem
2253 625 2350 663 nos
2372 612 2626 669 hortatur.
2655 617 2860 672 Etenim
2888 637 3007 676 cum
3031 640 3127 679 nos
3155 626 3392 683 hortatur
3406 633 3472 687 ad
3497 648 3588 689 ca—

2024 697 2253 761 ritatem,
2287 702 2408 755 inde
2461 707 2623 758 sumit
2662 710 2921 777 exempla,
2973 716 3316 787 snniliterque
3370 736 3489 776 cum
3519 724 3585 779 ad

2024 786 2335 855 injuriarum
2377 791 2716 863 oblivionem,
2776 810 2931 869 atque
2980 804 3044 857 ad
3090 786 3423 868 modestiam.
3454 814 3585 872 Cum

2024 876 2200 945 itaque
2226 895 2329 933 non
2375 886 2663 940 monachos
2713 898 2911 944 tantum
2958 910 3022 948 ac
3070 896 3380 970 discipulos,
3409 906 3585 962 sedet

2023 968 2193 1035 ipsum
2225 972 2417 1028 imitari
2468 976 2733 1034 Christum
2759 982 2962 1051 jubeat,
3007 997 3062 1041 et
3102 968 3223 1044 non?
3258 968 3584 1056 imitantibus

2022 1063 2307 1116 maximum
2381 1078 2540 1133 ponat
2574 1072 2911 1140 supplicium,
2963 1094 3066 1147 qua
3119 1083 3332 1139 tandem
3377 1090 3584 1148 ratione

2021 1151 2153 1207 dicis
2178 1154 2321 1209 illam
2351 1172 2470 1213 esse
2513 1162 2681 1231 major
2717 1180 2766 1217 m
2811 1166 3184 1225 altitudinem?
3212 1175 3292 1230 Ad
3342 1183 3581 1239 eamdem

2021 1249 2159 1301 enim
2190 1251 2356 1319 ipsam
2388 1271 2575 1313 omnes
2622 1260 2864 1319 homines
2908 1271 3195 1327 ascendere
3252 1285 3496 1345 oportet:
3527 1290 3583 1335 et

2019 1339 2157 1405 quod
2186 1343 2487 1400 universum
2525 1352 2716 1407 evertit
2757 1356 2939 1410 orbem
2994 1360 3118 1415 illud
3163 1339 3432 1435 est,quod
3451 1371 3581 1424 solis

2019 1431 2291 1485 monachis
2317 1435 2403 1488 illa
2429 1436 2698 1508 diligentia
2726 1458 2858 1512 opus
2899 1464 3019 1503 esse
3048 1431 3323 1521 putemus,
3342 1462 3578 1516 caeteris-

2018 1537 2121 1589 que
2150 1524 2475 1596 negligenter
2519 1532 2697 1588 vivere
2727 1537 2903 1593 licere.
2937 1541 3050 1597 Non
3081 1545 3149 1598 ita
3193 1562 3339 1615 sane,
3370 1568 3477 1607 non
3509 1555 3578 1609 ita

2019 1622 2117 1711 est,
2142 1614 2237 1668 sed
2280 1617 2464 1711 eadem
2492 1622 2559 1676 ab
2592 1626 2838 1682 omnibus
2876 1630 3207 1704 philosophia
3252 1644 3536 1711 requiritur
3566 1666 3579 1700 :

2018 1702 2177 1772 idque
2211 1706 2550 1766 vehementer
2578 1716 2955 1775 afﬁrmaverim
2982 1742 2997 1787 ;
3022 1702 3127 1780 imo
3172 1744 3299 1785 vero
3326 1702 3429 1788 non
3456 1751 3573 1806 ego,

2017 1793 2111 1847 sed
2133 1796 2179 1849 is
2201 1798 2289 1865 qui
2314 1814 2411 1854 nos
2431 1802 2757 1870 judicaturus
2789 1820 2888 1864 est.
2939 1813 3031 1868 Sin
3065 1816 3237 1873 adhuc
3272 1793 3584 1882 mirarisve't

2018 1883 2209 1951 hmres,
2250 1902 2347 1957 age
2381 1907 2587 1948 rursum
2633 1912 2700 1953 ex
2740 1900 2926 1956 iisdem
2969 1908 3372 1977 scaturiginibus
3421 1929 3576 1972 aures

2016 1980 2135 2028 tuas
2167 1977 2505 2049 inundemus,
2535 1995 2594 2039 ut
2619 1989 2790 2043 omnis
2819 1992 3197 2053 incredulitatis
3222 2010 3321 2056 tuae
3350 2009 3581 2075 nequitia

2015 2065 2277 2122 abluatur.
2303 2070 2627 2129 Documenta
2668 2094 2795 2134 vero
2823 2096 3024 2138 sumam
3055 2102 3121 2142 ex
3164 2065 3451 2161 suppliciis.
3471 2097 3576 2153 diei

2016 2154 2174 2210 illius.
2207 2159 2362 2215 Dives
2398 2162 2514 2229 ille,
2547 2181 2651 2220 non
2678 2170 2817 2237 quod
2844 2175 3135 2232 monachus
3164 2154 3395 2239 crudelis
3416 2200 3577 2253 esset,

2016 2245 2135 2300 ideo
2152 2248 2516 2308 vehementius
2540 2258 2891 2328 cruciabatur,
2930 2266 3021 2319 sed
3047 2269 3090 2320 si
3119 2271 3243 2339 quid
3267 2290 3298 2326 a
3322 2275 3474 2331 nobis
3500 2245 3579 2332 in;

2013 2347 2224 2391 ventum
2244 2340 2383 2411 loqui
2408 2341 2486 2398 fas
2503 2345 2590 2411 sit,
2618 2349 2737 2416 quia
2775 2353 3040 2410 smcularis
3095 2373 3213 2412 cum
3236 2372 3398 2432 esset,
3422 2365 3473 2420 in
3502 2367 3580 2421 di-

2014 2429 2151 2481 vitiis
2180 2440 2235 2484 et
2253 2432 2306 2484 in
2334 2448 2561 2503 purpura
2584 2437 2802 2508 degens,
2829 2442 3085 2500 Lazarum
3112 2449 3162 2502 in
3184 2429 3419 2508 extrema
3446 2472 3576 2525 pau-

2014 2529 2218 2587 pertate
2243 2523 2505 2579 viventem
2532 2527 2792 2597 despexit.
2812 2532 3071 2590 Czeterum
3090 2555 3260 2611 neque
3286 2543 3385 2600 hoc
3405 2523 3576 2618 neque

2014 2611 2141 2665 illud
2172 2613 2363 2680 dicam,
2386 2618 2477 2671 sed
2495 2620 2665 2674 solum
2691 2624 2811 2692 quia
2833 2628 3065 2684 crudelis
3086 2642 3217 2698 erat,
3236 2635 3354 2690 ideo
3374 2611 3577 2709 majore

2013 2700 2149 2802 ignis
2191 2707 2448 2774 supplicio
2494 2712 2826 2779 puniebatur.
2879 2717 3122 2789 Virgines
3169 2742 3396 2797 quoque,
3453 2700 3578 2802 quia

2013 2789 2391 2849 humanitatem
2435 2800 2886 2872 posthabuerunt,
2921 2809 3037 2865 ideo
3064 2828 3094 2865 a
3139 2789 3575 2891 thalamo’sponsi

2012 2883 2236 2950 repulsae
2259 2896 2382 2940 sunt
2404 2905 2418 2951 ;
2448 2904 2509 2943 ac
2535 2892 2578 2944 si
2606 2893 2729 2962 quid
2749 2911 2779 2949 a
2800 2899 2951 2953 nobis
2973 2901 3099 2970 ipsis
3118 2904 3294 2962 dicere
3320 2883 3452 2979 opus
3472 2914 3571 2980 sit,

2013 2986 2115 3024 non
2145 2973 2315 3028 solum
2343 2976 2444 3029 illis
2465 2981 2727 3037 cruciatus
2757 3001 2863 3042 non
2909 2992 3047 3045 aucti
3094 3005 3235 3061 sunt,
3260 2973 3398 3067 quod
3427 2973 3574 3074 virgi-

2012 3061 2227 3116 nitatem
2279 3066 2585 3134 coluissent,
2629 3073 2724 3128 sed
2771 3077 3008 3135 mitiores
3042 3082 3161 3138 ideo
3198 3061 3428 3145 fuerunt.
3459 3061 3574 3153 Non

2011 3154 2150 3207 enim
2164 3156 2443 3214 audierunt
2472 3179 2485 3214 :
2510 3160 2590 3217 Ite
2630 3165 2682 3218 in
2719 3168 2883 3236 ignem
2937 3185 3169 3241 paratum
3196 3179 3393 3236 diabolo
3414 3195 3459 3238 et
3477 3203 3575 3240 an-

2008 3249 2131 3316 gelis
2180 3249 2289 3321 ejus
2320 3249 2545 3324 (Matth.
2593 3256 2679 3314 25.
2730 3263 2793 3317 41
2817 3262 2879 3335 )’;
2908 3266 3000 3319 sed
3044 3277 3269 3337 tantum,
3298 3274 3421 3331 Non
3464 3283 3576 3335 novi

2008 3352 2112 3392 vos.
2137 3339 2189 3394 Si
2208 3342 2326 3409 quis
2354 3360 2477 3399 vero
2498 3346 2638 3402 dicat
2670 3350 2770 3404 hoc
2790 3365 2843 3406 et
2874 3355 2996 3410 illud
3036 3358 3262 3429 idipsum
3283 3380 3421 3431 esse,
3445 3370 3574 3424 nihil

2009 3433 2329 3501 repugnabo.
2348 3434 2477 3489 Nam
2504 3441 2642 3508 quod
2672 3443 2794 3496 mihi
2820 3461 2957 3501 nunc
2990 3453 3270 3511 ostendere
3295 3459 3571 3532 incumbit,

2008 3520 2135 3575 illud
2162 3534 2263 3587 est,
2286 3527 2426 3594 quod
2456 3533 2835 3589 monachorum
2880 3540 2983 3593 vita
3012 3558 3114 3597 non
3138 3550 3378 3614 graviora
3405 3520 3571 3610 attra:

2009 3610 2098 3664 hat
2119 3615 2369 3682 supplicia
2395 3635 2408 3682 ;
2432 3620 2524 3673 sed
2547 3622 2684 3690 quod
2715 3627 2995 3682 szeculares
3011 3610 3195 3689 eadem
3239 3654 3449 3707 peccata
3473 3649 3570 3700 ad-

2006 3702 2274 3759 mittentes
2314 3707 2500 3762 iisdem
2550 3713 2657 3766 sint
2704 3718 2873 3783 pmnis
2928 3721 3162 3779 obnoxii.
3195 3702 3254 3783 ls—
3286 3732 3427 3787 enim
3479 3739 3572 3806 qui

2004 3793 2232 3849 sordidis
2251 3800 2485 3853 vestibus
2509 3803 2732 3858 amictus
2749 3816 2880 3872 erat,
2899 3820 2952 3865 et
2979 3813 3021 3866 is
3048 3817 3133 3884 qui
3162 3830 3372 3875 centum
3403 3793 3571 3880 deda-

2004 3883 2112 3935 rios
2137 3885 2395 3953 exigebat,
2416 3905 2519 3943 non
2549 3895 2687 3961 quod
2714 3900 2958 3955 monachi
2976 3883 3154 3961 essent
3179 3925 3239 3963 ea
3262 3914 3399 3980 passi
3426 3928 3568 3985 sunt,

2002 3991 2118 4043 qua:
2146 3979 2286 4046 passi
2333 3980 2664 4051 referuntur;
2711 3990 2804 4043 sed
2854 3994 2989 4048 alter
3037 3997 3107 4052 ob
3144 3998 3566 4075 fornicationem,

2002 4066 2139 4121 alter
2158 4069 2297 4137 quod
2322 4086 2428 4125 non
2457 4075 2823 4145 condonasset,
2855 4085 3143 4151 perierunt.
3188 4092 3255 4145 Et
3280 4095 3409 4150 alios
3430 4066 3565 4168 quo;

2000 4174 2101 4227 que
2129 4163 2391 4230 supplicio
2417 4174 2542 4221 tunc
2566 4168 2781 4226 allectos
2807 4176 2849 4228 si
2885 4178 3003 4245 quis
3044 4195 3340 4254 percurrat,
3370 4163 3562 4259 depre-

2003 4250 2199 4307 hendet
2227 4270 2319 4309 eos
2346 4267 2561 4326 propter
2590 4274 2805 4329 peceata
2859 4268 3028 4324 solum
3071 4289 3254 4342 poenas
3289 4250 3468 4335 luisse.
3506 4284 3563 4339 ld

2000 4356 2127 4396 vero
2153 4359 2255 4398 non
2278 4346 2330 4398 in
2361 4349 2631 4417 suppliciis
2661 4360 2885 4421 tantum,
2917 4360 3010 4414 sed
3040 4362 3091 4414 in
3118 4364 3565 4428 admonitionibus

1998 4449 2207 4504 quoque
2235 4439 2643 4498 animadvertas.
2676 4444 2805 4499 Nam
2847 4463 2963 4502 cum
2993 4450 3154 4507 dicit:
3198 4455 3367 4513 Venite
3393 4464 3459 4515 ad
3488 4481 3566 4519 me

1997 4540 2165 4578 omnes
2189 4528 2273 4594 qui
2295 4528 2531 4583 laboratis
2560 4543 2604 4584 et
2630 4537 2820 4587 onerati
2844 4539 2977 4605 estis,
3007 4550 3053 4594 et
3099 4559 3189 4613 ego
3214 4549 3434 4616 reﬁciam
3456 4569 3559 4608 vos.

2001 4613 2181 4669 Tollite
2189 4618 2375 4687 jugum
2402 4635 2565 4673 meum
2591 4640 2740 4692 super
2758 4640 2861 4692 vos,
2894 4640 2939 4682 et
2963 4632 3136 4687 discite
3162 4652 3192 4688 a
3219 4613 3296 4692 me
3319 4644 3436 4709 quia
3460 4648 3558 4698 mi-

1995 4705 2057 4757 tis
2080 4722 2189 4758 sum
2219 4718 2265 4760 et
2282 4708 2485 4763 humilis
2505 4713 2671 4777 corde,
2700 4724 2743 4768 et
2772 4717 3030 4774 invenietis
3056 4727 3270 4794 requiem
3293 4705 3556 4790 animabus

1992 4797 2164 4849 vestris
2197 4797 2402 4867 (Matth.
2430 4802 2517 4857 11.
2536 4803 2605 4858 28
2629 4804 2648 4876 )
2676 4821 2689 4870 ;
2720 4823 2824 4862 non
2850 4814 3122 4871 monachis
3150 4826 3350 4877 tantum
3380 4826 3554 4897 loqui-

1992 4896 2094 4949 tur,
2124 4889 2216 4942 sed
2242 4891 2334 4943 toti
2364 4890 2595 4947 humano
2634 4899 2835 4966 generi.
2883 4902 3121 4975 Cumque
3162 4909 3311 4980 jubet
3336 4929 3431 4984 per
3451 4889 3555 4973 an-

1991 4992 2193 5049 gustam
2218 4983 2463 5039 incedere
2487 4987 2645 5051 viam,
2677 5006 2780 5044 non
2838 4993 2956 5049 illos
3012 5000 3190 5066 modo,
3249 5006 3341 5059 sed
3370 5024 3558 5067 omnes

1991 5072 2233 5128 homines
2256 5076 2543 5146 alloquitur
2572 5098 2585 5133 :
2614 5092 2666 5135 et
2689 5085 2919 5140 animam
2968 5103 3115 5145 suam
3143 5095 3267 5149 odio
3291 5098 3485 5157 habere
3503 5105 3553 5160 in

1990 5166 2091 5221 hoc
2130 5170 2348 5237 mundo,
2376 5181 2427 5226 et
2456 5173 2647 5229 similia
2674 5180 2849 5232 omnia
2884 5185 3143 5239 universis
3190 5191 3387 5256 pariter
3413 5210 3551 5263 pra}-

1989 5261 2148 5327 cepit.
2176 5260 2307 5315 Cum
2352 5274 2528 5318 autem
2562 5282 2665 5321 non
2717 5272 2959 5328 omnibus
2994 5275 3223 5345 loquitur
3248 5284 3328 5337 vel
3382 5260 3551 5357 legem

1988 5348 2097 5415 dat,
2128 5351 2353 5421 idipsum
2384 5356 2534 5409 nobis
2558 5358 2730 5426 palam
2759 5361 2901 5418 facit.
2930 5364 3059 5420 Cum
3090 5369 3264 5440 itaque
3292 5375 3358 5430 de
3387 5348 3553 5449 vii-gi-

1987 5441 2151 5495 nitate
2194 5443 2515 5512 loqueretur,
2572 5448 2764 5515 intulit,
2792 5453 2893 5520 Qui
2937 5466 3097 5525 potest
3141 5478 3321 5531 capere
3359 5441 3525 5537 capiat

1989 5528 2008 5600 (
2041 5529 2224 5585 Matth.
2256 5533 2341 5587 l9.
2373 5534 2439 5587 is
2466 5535 2508 5603 ),
2533 5553 2701 5607 neque
2746 5542 2894 5609 illud,
2928 5548 3107 5615 onmis,
3142 5528 3545 5622 adjiciens,'ue-

1984 5636 2086 5689 que
2112 5622 2162 5676 id
2196 5624 2245 5677 in
2272 5629 2519 5696 praecepti
2544 5628 2710 5685 forma
2740 5642 2997 5692 statuens.
3021 5639 3107 5696 Sic
3130 5644 3287 5699 etiam
3310 5647 3500 5705 Paulus
3529 5669 3543 5704 :

1984 5726 2105 5766 nam
2135 5713 2438 5783 Magistrum
2468 5718 2660 5789 ubique
2704 5724 2898 5780 imitari
2940 5727 3368 5803 deprehenditur,
3384 5718 3543 5796 cum-

1979 5817 2085 5896 que
2111 5803 2163 5859 in
2191 5805 2329 5861 idem
2350 5821 2711 5881 argumentum
2736 5815 3024 5889 incidisset,
3052 5825 3223 5883 aiebat
3248 5849 3259 5883 :
3288 5830 3365 5887 De
3390 5834 3540 5901 virgi-
