4116 6392
523 386 628 443 ’575

523 505 672 558 nibus
695 511 863 558 «item
894 509 1197 574 praeceptum
1222 501 1430 556 Domini
1473 518 1574 556 non
1625 502 1873 573 trabea“.
1899 503 2012 558 Cor.
2037 507 2092 560 Ἰ.

515 595 589 650 25
609 600 649 664 ).
681 593 830 660 Quod
853 594 1008 663 igitur
1037 593 1412 648 etsaacularem
1429 603 1482 647 et
1509 594 1826 647 monachum
1857 594 1922 646 ad
1946 593 2085 648 idem

515 698 772 740 cacumen
799 685 1096 754 pertingere
1119 693 1379 753 oporteat,
1407 694 1460 738 et
1483 683 1624 754 quod
1655 694 1877 752 uterque
1911 685 2094 755 lapsus

517 775 704 830 eadem
728 777 948 830 vulnera
978 783 1290 844 accepturus
1316 776 1406 841 sit,
1458 790 1524 829 ne
1565 775 1851 829 admodum
1883 776 2097 844 quidem

514 869 909 923 contentiosum
955 876 1008 922 et
1053 867 1416 937 impudentem
1476 866 1732 936 deinceps
1777 877 2092 937 negaturum

513 968 660 1028 puto.

583 1053 670 1105 15.
701 1051 813 1105 Hoc
833 1060 1008 1106 autem
1052 1060 1235 1120 aperte
1263 1050 1647 1117 demonstrato,
1676 1067 1775 1122 age
1805 1052 1932 1108 illud
1959 1068 2096 1123 quo-

511 1161 614 1214 que
640 1144 988 1212 inquiramus,
1019 1145 1136 1215 quis
1176 1143 1382 1200 facilius
1426 1145 1670 1214 lapsurus
1697 1146 1786 1199 sit.
1823 1145 1982 1202 Certe
2009 1147 2097 1203 hic

511 1251 618 1288 non
665 1235 1047 1304 perquisitionc
1081 1251 1215 1304 0an
1245 1247 1366 1300 est;
1413 1237 1792 1290 continentiam
1833 1239 2030 1307 quippe
2051 1239 2094 1292 is

509 1329 599 1398 qui
621 1344 838 1382 uxorem
869 1329 1049 1394 habet,
1077 1328 1280 1384 facilius
1303 1328 1555 1395 servabit,
1581 1338 1764 1400 utpote
1790 1335 1875 1401 qui
1903 1331 2094 1385 solatio

511 1421 677 1475 multo
691 1419 893 1474 fruatur
917 1438 930 1473 :
957 1420 1006 1473 in
1034 1420 1250 1490 reliquis
1270 1429 1446 1473 autem
1478 1434 1581 1474 non
1613 1422 1682 1474 ita
1701 1421 1843 1475 clara
1869 1437 1956 1475 res
1982 1433 2086 1476 est.

507 1507 704 1565 Verum
737 1513 786 1564 in
831 1511 920 1564 illa
948 1526 1159 1580 quoque
1201 1526 1262 1564 re
1304 1511 1482 1579 plures
1512 1510 1750 1564 videmus
1771 1511 2088 1581 conjugato-

504 1620 621 1659 rum
652 1605 864 1668 cadere,
887 1620 1044 1675 quam
1083 1603 1487 1658 monachorum.
1527 1602 1708 1674 Neque
1751 1605 1892 1658 enim
1919 1613 1996 1657 tot
2023 1620 2088 1658 ex

504 1697 844 1750 monasteriis
875 1696 941 1749 ad
980 1695 1189 1764 nuptias
1241 1703 1536 1759 transeunt,
1560 1703 1688 1764 quot
1731 1709 1796 1749 ex
1823 1695 2086 1765 conjugali

504 1797 621 1841 toro
649 1789 713 1842 ad
739 1797 934 1842 scorta.
960 1787 1110 1855 Quod
1135 1787 1179 1840 si
1215 1787 1268 1840 in
1295 1786 1678 1840 certaminibus
1704 1787 1807 1839 illis
1826 1788 1923 1840 sibi
1961 1788 2087 1839 faci—

501 1878 640 1931 lihus
660 1894 825 1947 usque
846 1877 979 1931 adeo
1009 1878 1335 1946 frequentius
1363 1876 1575 1938 cadant,
1603 1875 1726 1946 quid
1750 1876 1803 1930 in
1830 1877 1945 1930 aliis
1967 1879 2084 1930 ani-

498 1971 571 2022 mi
620 1967 895 2023 affectibus
948 1968 1136 2022 facturi
1186 1977 1328 2035 sunt,
1379 1969 1464 2022 ubi
1523 1969 1692 2038 magis
1747 1972 2082 2038 exagitantur

495 2076 654 2130 quam
686 2059 930 2114 monachi
956 2060 979 2113 ?
1011 2058 1143 2113 Nam
1175 2059 1604 2128 concupiscentia
1636 2058 1848 2127 quidem
1872 2058 1969 2112 hos
1985 2074 2082 2112 ve-

498 2150 798 2206 hementius
819 2150 1078 2216 stimulat,
1111 2158 1296 2220 utpme
1326 2151 1413 2219 qui
1443 2151 1646 2203 nullum
1681 2148 1914 2204 habeant
1959 2166 2080 2203 cum

495 2241 808 2295 mulieribus
835 2239 1182 2295 consortium.
1237 2239 1465 2310 Reliqua
1493 2254 1621 2294 vero
1655 2239 1719 2292 ad
1757 2239 1854 2293 hos
1920 2254 2082 2308 prope

493 2331 752 2386 accedere
773 2340 1075 2401 nequeunt;
1107 2331 1226 2386 illos
1252 2342 1429 2385 autem
1460 2331 1726 2385 violenter
1742 2331 2074 2395 adoriuntur,

493 2431 550 2476 et
583 2438 614 2475 a
653 2423 828 2492 capite
854 2422 1205 2494 praecipitant.
1236 2421 1390 2489 Quod
1413 2423 1479 2487 si,
1511 2421 1597 2476 ubi
1621 2422 1922 2477 violentiori
1940 2422 2081 2477 bello

495 2527 811 2586 premuntur
841 2516 1110 2582 monachi,
1130 2515 1460 2584 frequentius
1486 2525 1758 2585 superant,
1793 2532 1951 2586 quam
1980 2517 2075 2578 illi,

491 2625 612 2664 cum
640 2609 832 2679 quibus
858 2609 1136 2663 remissius
1165 2609 1357 2680 agitur,
1400 2609 1572 2678 palam
1602 2618 1685 2663 est
1720 2624 1814 2664 eos
1840 2610 1892 2663 in
1913 2619 2078 2663 caete-

490 2700 586 2768 ris,
616 2701 703 2755 ubi
736 2716 840 2756 non
863 2701 1216 2771 exagitantur,
1240 2700 1462 2754 firmiter
1488 2702 1832 2757 constituros.
1866 2703 2072 2758 Etenim

492 2792 732 2860 pecunia:
751 2807 922 2857 amor,
971 2795 1204 2863 itemque
1263 2793 1691 2864 concupiscentia
1741 2794 2076 2863 deliciarum,

489 2886 760 2954 potentiae,
808 2887 1241 2956 reliquorumque
1279 2886 1514 2940 omnium
1541 2928 1556 2952 ,
1617 2886 1822 2941 facilius
1873 2887 1942 2942 ab
1970 2885 2074 2953 his,

488 2994 646 3047 quam
675 2995 704 3033 a
728 2980 1092 3043 sarcularibus,
1122 2979 1260 3033 vinci
1294 2980 1488 3034 so!ent.
1533 2979 1694 3047 Quasi
1749 2979 1800 3034 in
1832 2981 1946 3035 acie
1974 2979 2076 3050 igi-

489 3083 578 3128 tur
599 3084 759 3142 atque
785 3073 838 3127 in
874 3073 1056 3142 proelio
1088 3073 1223 3127 hanc
1252 3073 1378 3128 belli
1423 3083 1626 3143 partem
1672 3073 1928 3128 leviorem
1955 3089 2077 3128 esse

486 3166 746 3233 dicemus,
775 3179 881 3220 non
913 3167 965 3218 in
991 3180 1092 3234 qua
1155 3180 1291 3220 unus
1319 3180 1479 3234 super
1503 3166 1666 3219 alium
1691 3175 1742 3221 et
1773 3164 2077 3235 frequentes

487 3257 702 3321 cadunt,
735 3256 829 3311 sed
881 3257 934 3311 in
981 3272 1083 3328 qua
1115 3256 1265 3324 pauci
1293 3264 1347 3310 et
1377 3255 1482 3310 rari
1512 3272 1526 3308 :
1556 3257 1634 3310 sic
1659 3265 1713 3311 et
1740 3255 1806 3310 de
1835 3256 1918 3311 his
1947 3272 2075 3313 sen-

488 3349 707 3404 tentiam
731 3347 870 3403 ferre
895 3363 992 3417 par
1037 3356 1139 3402 est.
1181 3345 1455 3416 Siquidem
1489 3345 1767 3401 avaritiam
1809 3361 1915 3401 non
1960 3348 2072 3411 ille,

486 3442 576 3510 qui
604 3442 655 3494 in
684 3439 860 3494 medio
885 3454 1064 3494 rerum
1089 3447 1348 3493 versatur.
1393 3437 1488 3493 sed
1539 3438 1644 3504 hic,
1678 3438 1766 3507 qui
1795 3438 1846 3492 in
1875 3439 2074 3492 monti-

487 3532 589 3586 bus
615 3532 835 3592 residet,
870 3531 1074 3584 facilius
1125 3531 1420 3599 soperabzt.
1456 3529 1589 3584 Nam
1625 3530 1713 3585 ille
1739 3540 1885 3586 certe
1927 3531 2074 3584 nullo

488 3623 704 3693 negotio
729 3621 1008 3691 capietur:
1035 3621 1078 3675 is
1099 3636 1226 3675 vero
1253 3621 1342 3691 qui
1370 3621 1590 3674 avaritia
1621 3621 1927 3690 corripitur,
1953 3639 2073 3676 cum

487 3714 780 3770 idololatris
813 3703 1243 3768 adnumerandus
1281 3721 1386 3767 est.
1418 3713 1496 3766 Ac
1524 3713 1820 3768 monachus
1858 3713 2073 3783 quidem

485 3807 813 3878 propinquos
833 3814 888 3861 et
909 3805 1198 3860 familiares
1246 3819 1352 3858 non
1391 3803 1670 3875 despiciet,
1723 3806 1766 3859 si
1823 3806 2074 3874 pecunias

487 3899 702 3967 habeat,
734 3899 826 3954 sed
873 3898 1091 3969 largiter
1117 3898 1182 3952 iis
1220 3897 1338 3952 illas
1383 3897 1651 3962 effundet;
1686 3897 1774 3953 ille
1819 3913 1947 3952 vero
1969 3915 2074 3954 non

488 4002 698 4048 tantum
727 4006 823 4047 eos
850 3991 1132 4062 despiciet,
1167 4006 1349 4045 verum
1381 3990 1538 4045 etiam
1571 3989 1726 4046 lzedet
1744 4005 1850 4045 non
1873 3991 2070 4056 minus,

487 4103 645 4157 quam
675 4086 896 4141 alienos.
944 4083 1096 4152 Quod
1125 4084 1364 4154 profecto
1391 4082 1535 4137 aliud
1563 4081 1879 4138 idololatriae
1905 4099 2074 4154 genus

488 4190 572 4236 est
601 4180 764 4249 priori
792 4179 946 4247 longe
970 4177 1202 4248 gravius.
1232 4174 1437 4246 Ecquid
1466 4175 1569 4228 alia
1587 4175 1765 4229 omnia
1791 4189 2074 4231 recensere

484 4287 640 4342 opus,
671 4287 790 4341 qua:
810 4286 928 4325 cum
947 4285 976 4323 a
997 4267 1274 4324 monachis
1304 4267 1508 4320 facilius
1533 4273 1872 4336 superentur,
1900 4280 2072 4320 saecu-

491 4365 632 4419 lares
651 4377 770 4417 cum
795 4360 1132 4416 vehementia
1159 4358 1416 4428 dejiciunt
1438 4358 1460 4411 ?
1486 4356 1592 4412 Cur
1612 4373 1740 4429 ergo
1763 4373 1868 4411 non
1895 4357 2071 4421 times,

486 4470 585 4510 cur
601 4470 704 4508 non
731 4452 982 4521 trepidas,
1023 4450 1149 4506 dum
1184 4448 1322 4504 hanc
1345 4449 1506 4502 vitam
1550 4448 1685 4518 agis,
1718 4448 1854 4502 ubia
1882 4449 2072 4518 nequi-

487 4547 563 4602 tia
581 4545 688 4602 cito
708 4544 976 4614 capieris?
999 4542 1136 4598 Num
1183 4541 1275 4596 tibi
1304 4556 1524 4612 parvum
1561 4540 1689 4610 quid
1717 4540 1927 4596 videtur
1954 4556 2075 4596 esse

487 4637 790 4693 idololatria
816 4637 1006 4702 teneri,
1037 4645 1090 4690 et
1118 4633 1416 4689 infidelibus
1437 4633 1755 4688 deteriorem
1785 4649 1925 4702 esse,
1947 4634 2073 4688 Dei-

488 4745 592 4801 que
609 4729 883 4784 servitium
907 4727 1157 4797 operibus
1173 4726 1459 4796 abnegare,
1485 4740 1605 4796 qua:
1629 4724 1808 4778 omnia
1845 4724 2071 4790 facilius,

486 4839 645 4895 quam
673 4820 937 4881 monachi,
967 4819 1233 4889 patientur
1254 4817 1288 4872 ii
1320 4817 1410 4888 qui
1457 4816 1653 4871 smculo
1677 4815 1872 4870 addicti
1901 4825 2026 4870 sunt
2051 4815 2075 4866 Ἰ

489 4915 721 4970 Videsne
741 4914 880 4984 quod
899 4927 1044 4966 mera
1093 4910 1236 4966 lietio
1264 4918 1438 4964 metus
1473 4907 1576 4964 iste
1598 4907 1705 4962 sit?
1727 4906 1857 4961 Nam
1887 4907 1932 4961 si
1957 4922 2072 4961 me-

487 5007 745 5064 tuendum
774 5014 936 5070 esset,
992 5019 1097 5057 nou
1127 5003 1228 5057 illis
1254 5010 1397 5058 certe
1424 5001 1788 5059 metuendum.
1829 5001 1917 5070 qui
1947 5016 2074 5070 pro-

486 5100 652 5153 cellas
691 5098 914 5166 fugiunt,
961 5109 1058 5150 nec
1106 5095 1206 5148 illis
1247 5094 1338 5162 qui
1379 5092 1445 5146 ad
1489 5103 1698 5161 portum
1749 5090 2072 5157 festinant’,

491 5191 585 5246 sed
617 5191 702 5255 iis,
734 5190 824 5260 qui
872 5189 1101 5258 procella
1129 5197 1184 5241 et
1215 5195 1530 5254 tempestate
1573 5185 1861 5254 jactentur.
1910 5185 2074 5240 Citius

488 5285 633 5338 enim
657 5283 782 5337 hinc
798 5281 1068 5349 naufragia
1099 5279 1352 5344 timenda,
1379 5277 1521 5347 quod
1549 5277 1701 5347 plura
1721 5279 1829 5330 sint
1860 5286 2072 5346 pertur-

484 5374 684 5440 bantia,
711 5385 762 5442 et
786 5373 1061 5443 segniores
1089 5371 1145 5438 ii,
1170 5371 1260 5440 qui
1284 5370 1534 5424 resistere
1554 5367 1772 5424 debent.
1806 5367 1903 5421 Hic
1942 5382 2072 5422 vero

489 5484 596 5524 non
623 5478 698 5522 tot
741 5467 934 5522 fluctus
975 5465 1256 5528 habentur,
1318 5461 1413 5516 sed
1454 5477 1643 5531 magna
1699 5460 2069 5530 tranquillitas,

489 5563 764 5630 majorque
791 5558 1059 5628 diligentia
1085 5571 1294 5620 eorum,
1313 5569 1448 5625 quos
1463 5554 1720 5608 adversus
1751 5553 1838 5606 illa
1867 5567 2071 5623 pugna-

482 5668 543 5707 re
561 5660 788 5723 oportet.
839 5649 1196 5714 Quamobrem
1245 5661 1344 5700 nos
1387 5647 1440 5700 in
1493 5645 1760 5699 desertum
1812 5643 2071 5698 trahimus

484 5760 600 5809 eos,
633 5759 737 5797 non
766 5752 821 5796 ut
845 5753 1001 5794 sacco
1024 5738 1328 5801 induantur,
1358 5752 1462 5791 non
1489 5745 1547 5790 ut
1571 5735 1807 5790 cinerem
1833 5736 2074 5790 subster-

547 5858 564 5890 ⁸
589 5856 759 5917 Verba,
777 5866 862 5905 nec
883 5850 980 5905 illis
993 5849 1075 5916 qui
1093 5848 1156 5900 ad
1168 5853 1358 5914 portum
1380 5846 1620 5914 Ῑεδιὶηωιι,
1637 5846 1857 5898 ἱηΜοτυΙ.
1872 5846 2070 5898 desunt.

1227 384 1286 442 3.
1326 385 1604 444 JOANNIS
1632 386 2102 446 CHRYSOSTOMI
2143 389 2462 452 ARCHIEP.
2502 389 3043 446 CONSTANTINOP.

3683 393 3802 448 376

2211 517 2338 559 nant
2362 508 2376 537 ί
2407 516 2631 570 tantum,
2662 507 2754 561 sed
2785 509 2834 560 in
2865 507 3048 576 primis
3066 505 3258 561 utvitia
3299 505 3518 576 fugiant,
3555 507 3762 578 eligant.

2205 612 2308 662 que
2333 602 2599 652 virtutem.
2627 598 2764 666 Quid
2815 598 2976 669 igitur
3002 597 3024 650 Τ
3070 611 3331 652 omnesne
3365 598 3631 669 conjugati
3660 613 3764 671 per

2204 686 2409 741 ibunt?

2276 780 2558 836 Saeculares
2587 782 2770 852 majori
2796 797 2909 834 cum
2937 782 3227 852 difﬁcultate
3249 783 3374 836 salvi
3404 783 3552 852 ﬁunt.
3575 815 3645 824 —
3662 783 3785 839 Non

2203 871 2448 938 equidem
2472 872 2523 927 id
2560 873 2707 939 dico,
2739 874 2832 928 sed
2874 875 3165 944 majoribus
3211 891 3305 930 eos
3330 877 3597 932 laboribus
3616 878 3795 932 obno-

2205 963 2321 1017 xios
2348 977 2488 1027 esse,
2531 965 2575 1019 si
2600 967 2826 1020 salutem
2868 968 3123 1036 consequi
3167 969 3352 1034 velint,
3404 969 3560 1039 idque
3585 971 3655 1023 ob
3684 971 3798 1025 im-

2205 1056 2494 1112 minentem
2518 1061 2913 1114 necessitatem.
2939 1061 3068 1115 Nam
3098 1061 3142 1115 is
3169 1063 3258 1132 qui
3286 1063 3489 1119 solutus
3517 1074 3618 1130 est,
3653 1065 3796 1120 faci-

2203 1147 2306 1201 lius
2333 1158 2530 1215 curret,
2563 1166 2720 1219 quam
2746 1151 2790 1206 is
2816 1152 2904 1222 qui
2935 1161 3016 1206 est
3042 1153 3265 1207 vinculis
3293 1154 3600 1211 obstrictus.
3643 1158 3793 1229 Ergo

2201 1239 2492 1308 majoribus
2527 1241 2617 1296 ille
2661 1243 2894 1310 prmmiis
2932 1244 3237 1311 donabitur,
3296 1246 3790 1319 illustrioribusque

2199 1331 2458 1386 coronis?
2486 1332 2700 1388 Minime
2729 1350 2856 1388 vero
2889 1353 2902 1388 :
2935 1349 3058 1389 nam
3104 1335 3241 1390 hanc
3283 1337 3372 1392 ille
3409 1338 3506 1393 sibi
3540 1341 3787 1394 necessi-

2199 1430 2362 1476 tatem
2402 1424 2646 1494 imponit,
2688 1440 2808 1480 cum
2855 1426 3039 1482 liceret
3092 1444 3196 1482 non
3252 1429 3543 1497 imponere.
3591 1431 3789 1502 Itaque

2196 1514 2470 1581 quoniam,
2501 1523 2558 1569 ut
2586 1531 2614 1569 a
2646 1517 2802 1570 nobis
2818 1517 2963 1573 clare
2986 1519 3406 1573 demonstratum
3433 1529 3535 1585 est,
3584 1521 3784 1576 iisdem

2195 1618 2378 1658 sumus
2422 1604 2614 1660 officiis
2659 1607 2899 1674 obnoxii,
2951 1610 3143 1678 quibus
3177 1609 3442 1677 monachi,
3485 1611 3783 1676 faciliorem

2198 1711 2571 1762 percurramus
2603 1698 2767 1762 viam,
2797 1697 2862 1751 ad
2893 1713 3118 1769 eamque
3144 1701 3281 1754 filios
3305 1702 3670 1766 atlrahamus;
3711 1719 3784 1758 ne

2195 1786 2313 1840 illos
2336 1788 2731 1857 demergamus,
2761 1804 2895 1844 neve
2923 1790 3041 1844 illos
3056 1791 3122 1845 ad
3167 1791 3440 1857 barathra,
3494 1803 3551 1846 ut
3591 1793 3786 1848 hostes

2192 1888 2246 1932 et
2271 1879 2488 1946 inimici,
2507 1881 2916 1951 prmcipitemus.
2939 1881 3066 1939 Haec
3081 1883 3224 1937 enim
3241 1885 3282 1936 si
3303 1885 3389 1952 qui
3410 1885 3497 1938 alii
3517 1884 3778 1951 facerent,

2194 1987 2296 2026 non
2327 1973 2460 2028 adeo
2485 1989 2646 2044 grave
2673 1984 2836 2030 esset.
2859 1975 2992 2030 Cum
3022 1986 3198 2031 autem
3239 1977 3335 2045 ipsi
3364 1987 3631 2048 parentes,
3685 1981 3779 2049 qui

2189 2066 2522 2120 saecularium
2537 2083 2714 2121 rerum
2729 2067 2965 2122 omnium
2981 2069 3408 2137 experimentum
3431 2080 3777 2138 acceperunt,

2189 2158 2278 2226 qui
2304 2157 2559 2226 operibus
2577 2159 2706 2229 ipsis
2734 2159 3037 2214 didicerunt
3064 2158 3306 2230 frigidam
3339 2160 3620 2215 admodum
3651 2176 3780 2217 esse

2191 2249 2532 2317 prmsentium
2580 2265 2760 2305 rerum
2799 2251 3147 2320 voluptatem,
3197 2250 3333 2305 adeo
3371 2252 3657 2313 insaniant,
3719 2263 3779 2306 ut

2186 2339 2322 2392 alios
2352 2339 2416 2393 ad
2440 2339 2627 2394 eadem
2657 2341 2767 2410 ipsa
2795 2341 3127 2410 pertrahant,
3159 2342 3408 2411 quoniam
3433 2343 3528 2411 ipsi
3547 2342 3657 2411 jam
3690 2342 3779 2396 bis

2185 2428 2287 2482 frui
2315 2444 2409 2499 per
2437 2439 2646 2484 aetatem
2677 2432 3043 2500 prohibentur;
3071 2447 3191 2487 cum
3221 2442 3395 2488 tamen
3445 2434 3652 2503 seipsos
3699 2450 3770 2490 ex

2187 2522 2252 2575 iis
2275 2538 2394 2591 qua:
2426 2533 2833 2594 przecesserunt,
2871 2525 3112 2580 infelices
3157 2526 3446 2595 prmdicare
3472 2527 3770 2594 deberent;

2191 2613 2268 2668 illi
2293 2623 2498 2680 contra,
2528 2616 2812 2686 mortijam
2842 2618 3067 2686 proximi
3093 2626 3146 2672 et
3175 2618 3452 2688 tribunali,
3493 2621 3774 2690 patriisque

2187 2703 2288 2758 sibi
2319 2704 2609 2774 deputatis,
2628 2707 2760 2761 alios
2780 2716 2954 2762 tamen
2969 2708 3303 2778 praecipitent
3319 2724 3334 2773 ;
3353 2724 3469 2778 qua!
3483 2710 3588 2765 illis
3607 2726 3776 2766 exeu-

2183 2794 2321 2850 satio
2347 2796 2698 2866 relinquetur,
2729 2813 2849 2868 quae
2872 2799 3046 2864 venia,
3077 2813 3193 2868 quae
3223 2799 3623 2853 misericordia?
3649 2799 3771 2854 Non

2185 2894 2388 2940 tantum
2417 2887 2559 2941 enim
2588 2900 2924 2958 peccatorum
2949 2903 3164 2944 suorum
3186 2903 3373 2960 poenas
3397 2888 3616 2955 dabunt,
3671 2891 3770 2945 sed

2182 2977 2340 3032 etiam
2376 2993 2582 3045 eorum,
2614 2994 2732 3048 qua:
2750 2979 2890 3034 circa
2909 2979 3045 3036 filios
3066 2980 3178 3034 ausi
3197 2988 3342 3045 sunt,
3364 2981 3474 3035 sive
3499 2981 3616 3035 illos
3640 2997 3775 3052 sup-

2185 3070 2434 3142 plantare
2459 3072 2747 3140 potuerint,
2775 3072 2894 3126 sive
2916 3086 3022 3125 non
3056 3073 3344 3140 potuerint.

2255 3161 2343 3217 16.
2391 3161 2514 3216 Vere
2529 3174 2671 3234 pater
2688 3177 2762 3217 est
2776 3164 2861 3234 qui
2877 3164 2972 3233 ﬁlii
2991 3163 3203 3216 salutent
3221 3164 3528 3217 curat.—At
3545 3163 3774 3220 fortasse

2185 3254 2320 3311 filios
2339 3255 2570 3311 filiorum
2601 3255 2783 3310 videre
2825 3256 3040 3326 cupitis.
3069 3256 3135 3310 Et
3158 3255 3424 3326 quomodo
3446 3257 3594 3322 illud,
3639 3273 3767 3312 cum

2182 3363 2279 3402 vos
2300 3349 2534 3402 nondum
2574 3358 2755 3418 patres
2793 3349 2948 3404 sitis?
2999 3348 3183 3418 Neque
3213 3351 3354 3402 enim
3381 3359 3589 3419 patrem
3639 3349 3770 3405 facit

2181 3440 2453 3508 generatio
2482 3457 2496 3494 :
2541 3439 2682 3509 quod
2714 3440 2811 3508 ipsi
2851 3456 3062 3510 quoque
3093 3448 3340 3509 parentes
3389 3441 3634 3504 fatentur,
3669 3443 3761 3511 qui

2181 3544 2301 3583 cum
2342 3529 2481 3584 filios
2514 3530 2699 3586 vident
2731 3531 2783 3584 in
2827 3541 3123 3586 extremum
3166 3531 3414 3601 nequitia:
3459 3531 3765 3596 devenisse,

2181 3623 2332 3692 quasi
2357 3637 2463 3676 non
2501 3637 2628 3678 suos
2656 3623 2913 3692 abjiciunt
2936 3633 2989 3679 et
3015 3623 3263 3678 abdicant
3294 3641 3306 3676 :
3341 3638 3514 3693 neque
3549 3634 3765 3686 natura.

2183 3732 2354 3786 neque
2387 3716 2684 3787 generatio,
2717 3732 2890 3787 neque
2928 3717 3100 3771 simile
3135 3716 3405 3787 quidpiam
3443 3717 3586 3786 ipsos
3613 3715 3769 3770 enhi-

2183 3811 2310 3866 bere
2358 3819 2552 3880 potest.
2602 3809 2680 3865 Ne
2707 3810 2865 3880 igitur
2912 3818 3088 3880 patres
3135 3809 3418 3878 dignentur
3468 3807 3765 3862 existimari

2180 3918 2386 3965 eorum,
2411 3901 2602 3972 quibus
2619 3901 2910 3956 secundum
2942 3901 3289 3970 philosophia:
3317 3901 3577 3954 rationem
3602 3899 3767 3968 longe

2181 3993 2459 4056 inferiores
2474 4001 2598 4046 sunt
2615 4009 2628 4044 :
2653 3990 2746 4046 sed
2763 4007 2882 4045 cum
2903 3991 3022 4046 illos
3044 3992 3144 4045 hoc
3159 4005 3372 4060 quoque
3388 3989 3545 4044 modo
3561 4004 3763 4059 genue-

2186 4087 2315 4150 rint,
2342 4094 2468 4139 tunc
2488 4093 2709 4154 nepotes
2732 4083 2889 4138 etiam
2921 4092 3192 4153 qna-rant:
3229 4093 3352 4137 tunc
3380 4083 3520 4137 enim
3553 4093 3762 4136 tantum

2181 4178 2325 4246 ipsos
2344 4176 2527 4231 videre
2553 4185 2822 4246 poterunt.
2838 4175 2972 4230 Sunt
2991 4175 3132 4230 enim
3157 4176 3260 4229 illis
3273 4175 3386 4241 lilii,
3406 4183 3528 4228 sunt
3557 4175 3764 4244 utique,

2183 4266 2304 4320 Non
2335 4283 2396 4321 ea:
2415 4266 2767 4338 sanguinibus,
2809 4283 2967 4336 neque
3003 4282 3065 4320 ea:
3086 4266 3341 4319 voluntate
3366 4267 3552 4331 carnis,
3605 4283 3768 4336 neque

2180 4375 2243 4412 ea:
2262 4357 2518 4412 uoluntate
2538 4359 2650 4422 viri,
2674 4357 2762 4412 sed
2783 4374 2844 4411 ea:
2866 4357 2972 4411 Deo
2994 4359 3105 4426 ipso
3121 4358 3354 4426 generati
3374 4356 3550 4426 (loan.
3571 4359 3622 4412 l.
3648 4359 3763 4428 15).

2182 4449 2247 4504 l-li
2271 4465 2430 4518 porro
2461 4449 2554 4503 filii
2582 4464 2685 4504 nou
2736 4449 3076 4519 pecuniarum
3120 4464 3280 4504 causa
3321 4451 3518 4503 luctum
3564 4466 3765 4520 paren~

2183 4542 2322 4597 tibus
2345 4541 2620 4609 afferrent,
2675 4558 2783 4596 non
2813 4543 3137 4612 nuptiarum,
3179 4559 3283 4596 non
3327 4543 3544 4598 alterius
3586 4543 3768 4613 cujus-

2179 4650 2408 4706 cumque
2455 4635 2530 4688 rei
2571 4635 2762 4705 gratia,
2795 4633 2888 4688 sed
2934 4634 3051 4688 illos
3079 4635 3223 4688 omni
3265 4649 3387 4688 cura
3445 4635 3640 4688 liberos
3685 4634 3768 4688 di-

2181 4727 2394 4793 missos,
2419 4727 2605 4796 majori
2635 4727 2910 4794 voluptate
2939 4725 3196 4792 afliciunt,
3228 4741 3384 4796 quam
3413 4727 3456 4780 si
3483 4726 3582 4796 ipsi
3612 4736 3763 4780 natu-

2181 4819 2322 4874 rales
2347 4834 2530 4872 eorum
2562 4826 2738 4886 patres
2757 4825 2959 4871 essent.
2989 4815 3278 4871 Non'enim
3323 4815 3508 4870 eadem
3555 4817 3764 4870 ratione

2179 4912 2466 4984 gignuntur
2498 4926 2561 4965 ac
2587 4910 2911 4975 nutriuntur,
2959 4927 3060 4980 qua
3101 4911 3173 4964 illi
3200 4928 3214 4976 ;
3247 4911 3340 4964 sed
3371 4912 3538 4964 multo
3586 4912 3764 4964 excel-

2181 4992 2379 5057 lentius
2406 5017 2470 5057 ac
2495 5001 2861 5072 splendidius;
2894 5001 3242 5069 quamobrem
3274 5000 3476 5070 majore
3513 5012 3763 5071 parentes

2187 5095 2452 5164 voluptate
2490 5092 2746 5148 afficiunt.
2800 5093 2932 5147 lllud
2963 5102 3220 5163 przeterea
3245 5094 3510 5163 adjiciam,
3564 5096 3760 5148 mirum

2183 5203 2285 5241 non
2318 5202 2437 5243 esse
2457 5201 2570 5254 eos,
2599 5187 2688 5256 qui
2719 5187 3098 5242 resurrectioni
3129 5203 3233 5241 non
3278 5188 3524 5254 credunt,
3567 5188 3634 5241 de
3679 5188 3764 5240 his

2183 5281 2382 5351 lugere,
2407 5279 2602 5350 quippe
2619 5277 2810 5350 quibus
2827 5279 2942 5335 haec
2963 5280 3073 5333 sola
3090 5279 3421 5348 relinquatur
3445 5279 3764 5334 consolatio.

2181 5374 2249 5428 At
2289 5387 2388 5427 nos
2413 5371 2503 5441 qui
2520 5379 2745 5426 mortem
2773 5385 3020 5425 somnum
3065 5385 3183 5426 esse
3208 5380 3474 5439 putamus,
3500 5371 3588 5440 qui
3621 5385 3762 5436 prae-

2181 5463 2348 5516 sentia
2378 5461 2558 5516 omnia
2583 5461 2860 5531 deSpicere
2885 5461 3027 5516 docti
3053 5476 3260 5528 sumus,
3289 5477 3389 5530 qua
3423 5461 3636 5515 tandem
3657 5473 3761 5518 Vc-

2184 5554 2267 5607 nia
2295 5553 2439 5623 digni
2463 5552 2684 5618 erimus,
2716 5552 2762 5608 si
2789 5551 2856 5607 de
2884 5552 2966 5606 his
2989 5552 3279 5622 lugeamus,
3318 5552 3558 5620 filiosque
3577 5551 3771 5607 videre

2182 5647 2480 5716 cupiamus,
2504 5653 2662 5714 atque
2689 5645 2774 5699 hic
2793 5643 3117 5714 relinquere,
3149 5643 3288 5698 unde
3315 5644 3412 5713 ipsi
3433 5656 3773 5698 transmeare

2178 5783 2256 5898 su:
2275 5789 2418 5894 tHaec,
2445 5792 2537 5832 non
2560 5787 2613 5832 ut
2629 5779 2840 5831 cinerem
2861 5781 3179 5842 substernunt,
3203 5781 3255 5830 in
3281 5778 3446 5831 aerei.
3467 5787 3655 5830 tantum
3677 5779 3759 5830 de

2241 5857 2272 5894 Ἰ
2297 5879 2310 5894 .

2241 5857 2310 5894 Ill.
