4116 6392
277 341 383 398 575

271 565 396 601 νων
422 549 713 619 ἐπιταγὴν
751 551 969 619 Κυρίου
991 553 1102 605 οὐκ
1129 551 1396 621 ἐχω.”οτι
1430 552 1525 620 μὲν
1566 550 1660 606 οὖν
1691 554 1824 625 πρὸς
1850 553 1949 624 τὴν

274 634 397 708 ῐσην
442 637 643 706 φθάσαι
684 640 925 711 κορυφὴν
969 640 1064 693 κοιλ¹
1092 639 1182 693 τὸν
1211 639 1461 710 βιωτικδν
1498 642 1713 711 ἀνάγκη
1743 641 1835 695 καὶ
1857 641 1949 694 τὸν

276 725 530 796 μοναχὸν,
558 728 650 781 καὶ
694 729 776 781 δτι
803 728 873 781 τὰ
913 730 1051 782 αύτά
1089 728 1350 799 λήψονται
1377 729 1667 800 τραύματα
1691 731 1949 794 πεσόντες

272 814 591 886 ἀμφότεροι,
628 817 749 869 οὐδὲ
776 817 867 870 τὸν
909 817 1112 889 σφόδρα
1139 817 1440 887 φιλόνεικον
1473 819 1567 871 καὶ
1594 816 1949 889 ἀναίσχυντον

271 897 425 973 οἶμαι
452 903 635 957 λοιπὸν
669 906 937 977 ἀντερεῖν.

348 997 430 1043 ιε’.
484 991 686 1046 Τούτου
716 993 773 1045 δὲ
805 992 1215 1065 ἀποδειχθέντος
1244 994 1452 1063 σαφῶς,
1478 993 1610 1066 φέρε
1633 993 1698 1065 δὴ
1730 994 1948 1047 κάκεῖνο

275 1077 642 1150 ἐξετάσωμεν,
684 1080 768 1145 τίς
808 1080 1172 1153 εὐκολώτερον
1195 1084 1290 1136 καὶ
1334 1084 1462 1154 ῥᾷον
1487 1086 1763 1135 πεσεῖται·
1791 1081 1824 1153 ἢ
1856 1085 1945 1137 ἐν-

272 1166 448 1220 ταῦθα
471 1168 590 1221 ούδέ
629 1168 927 1235 ἐξετάσεως
972 1173 1102 1242 ἡμῖν
1140 1171 1239 1225 δεῖ.
1269 1169 1632 1241 Σωφροσύνην
1660 1170 1758 1241 μέν
1783 1171 1892 1243 γὰρ
1920 1174 1949 1225 6

271 1258 505 1322 γυναῖκα
530 1257 667 1327 ἔχων
693 1259 1028 1331 κατορθώσει
1057 1259 1276 1332 ῥᾳδίως,
1310 1261 1406 1315 ἆτε
1434 1262 1632 1332 πολλῆς
1661 1260 1947 1314 ἀπολαύων

268 1342 369 1411 τῆς
394 1344 774 1415 παραμυθίας·
805 1348 862 1400 ἐν
887 1347 943 1400 δὲ
972 1350 1086 1411 τοῖς
1117 1348 1297 1412 ἄλλοις
1333 1349 1394 1402 οὐ
1432 1349 1637 1421 σφόδρα
1674 1349 1944 1419 φαίνεται,

269 1430 409 1501 πλὴν
450 1432 585 1487 ἀλλά
618 1434 897 1488 κάνταῦθα
931 1435 1150 1499 πλείους
1187 1436 1252 1489 ἂν
1301 1436 1503 1505 ἴδοιμεν
1540 1437 1650 1491 τῶν
1694 1454 1945 1507 γεγαμη-

267 1520 463 1582 κότων,
498 1521 531 1594 ἢ
576 1522 685 1576 τῶν
726 1525 975 1595 μοναχῶν
1018 1526 1339 1591 πίπτοντας,
1366 1525 1505 1580 Οῦτε
1546 1525 1655 1596 γάρ
1702 1525 1947 1579 τοσοῦτοι

266 1609 403 1679 πρὸς
426 1609 517 1662 τὸν
541 1611 719 1682 γάμον
740 1613 847 1666 ἀπὸ
868 1613 977 1666 τῶν
1008 1614 1385 1685 μοναστηρίων
1435 1615 1797 1676 ἐκϐαίνουσιν,
1832 1615 1947 1668 ὅσοι

262 1697 403 1768 πρὸς
434 1700 639 1769 πόρνας
674 1701 783 1754 άπὸ
824 1702 921 1772 τῆς
952 1702 1116 1772 εὐνῆς
1157 1704 1472 1756 ἀνίστανται
1514 1702 1623 1756 τῶν
1648 1703 1942 1771 γυναικῶν,

265 1785 328 1837 Et
367 1784 424 1838 δέ
466 1787 601 1840 ὅπου
635 1786 834 1842 εὔκολα
878 1789 947 1842 τὰ
996 1790 1104 1843 τῶν
1139 1790 1530 1861 παλαισμάτων
1572 1793 1776 1858 αὐτοῖς,
1808 1791 1947 1862 μετά

264 1874 536 1945 τοσαύτης
574 1876 866 1930 πίπτουσιν
905 1878 1234 1950 ὑπερϐολῆς,
1267 1880 1321 1932 τί
1372 1880 1687 1950 ποιήσουσιν
1733 1882 1790 1933 ἐν
1834 1883 1948 1943 τοῖς

262 1960 445 2027 ἄλλοις
482 1964 735 2033 πάθεσιν,
778 1966 835 2017 ἐν
885 1961 967 2029 οἷς
1013 1968 1214 2037 μᾶλλον
1251 1967 1593 2037 ἐνοχλοῦνται
1632 1968 1740 2021 τῶν
1782 1985 1947 2039 μονα-

264 2050 413 2119 χῶν;
460 2052 525 2105 Ἠ
558 2053 655 2122 μὲν
679 2053 789 2127 γάρ
830 2053 1098 2125 ἐπιθυμία
1142 2052 1357 2120 τούτοις
1408 2056 1766 2128 σφοδρότερον
1796 2055 1947 2108 ἐπει-

267 2155 372 2203 σιν,
399 2138 495 2193 ἅτε
523 2142 621 2211 τὴν
657 2143 795 2213 πρὸς
826 2146 1091 2211 γυναῖκας
1124 2145 1226 2197 ούκ
1264 2145 1477 2215 ἔχουσιν
1504 2146 1718 2216 ὁμιλίαν
1737 2163 1751 2177 ·
1791 2146 1861 2199 τά
1889 2146 1946 2199 δέ

264 2227 399 2282 ἄλλα
437 2229 643 2284 τούτων
679 2232 778 2302 μὲν
807 2234 927 2287 ούδέ
980 2234 1149 2304 ἐγγὺς
1177 2234 1433 2303 γενέσθαι
1459 2235 1662 2291 δύναιτ’
1688 2235 1778 2299 ἂν,
1803 2236 1945 2288 ἐκεί-

178 2368 186 2374 .
262 2334 387 2381 νους
413 2316 469 2371 δὲ
505 2319 646 2373 κατά
679 2319 879 2391 κράτος
909 2320 1124 2375 ἐλαύνει
1155 2325 1248 2377 καὶ
1291 2324 1383 2375 ἐπὶ
1430 2324 1671 2395 κεφαλὴν
1699 2323 1850 2377 ὠθεῖ.
1882 2324 1944 2377 Εἰ

264 2402 319 2455 δὲ
348 2405 405 2457 ἐν
437 2399 518 2469 οἷς
555 2407 912 2478 σφοδρότερον
931 2422 955 2449 α
987 2412 1015 2462 6
1044 2411 1279 2482 πόλεμος
1310 2415 1453 2477 πνεῖ,
1490 2412 1692 2483 μᾶλλον
1734 2411 1840 2466 τῶν
1867 2415 1943 2485 μὴ

263 2490 419 2546 τοῦτο
464 2497 782 2565 πασχόντων
831 2498 1141 2570 κρατοῦσιν,
1201 2500 1424 2573 εὔδηλον
1465 2504 1547 2556 ὄτι
1590 2502 1770 2575 πολλῷ
1814 2505 1944 2575 ῥᾷον

261 2580 467 2637 τούτων
490 2586 546 2635 ἐν
576 2588 689 2647 τοῖς
720 2587 918 2654 ἄλλοις,
950 2591 1008 2643 ἐν
1050 2586 1132 2655 οἷς
1165 2591 1267 2645 οὐκ
1310 2591 1671 2663 ἐνοχλοῦνται,
1719 2595 1944 2665 στήσον-

262 2686 375 2725 ται.
404 2672 515 2724 Καὶ
548 2673 655 2745 γάρ
682 2673 832 2748 [104]
857 2679 1155 2749 χρημάτων
1188 2679 1347 2751 ἔρως,
1384 2681 1479 2734 καὶ
1514 2680 1725 2753 τρυφῆς
1753 2682 1937 2735 ἐπιθυ-

267 2758 367 2826 μία
394 2760 488 2811 καὶ
524 2761 843 2826 δυναστείας
871 2766 965 2817 καὶ
995 2764 1103 2819 τῶν
1133 2765 1307 2821 ἄλλων
1339 2766 1615 2832 ἁπάντων,
1646 2765 1943 2820 εὐκολώτε-

268 2863 361 2916 ρον
410 2848 514 2901 ύπὺ
559 2849 764 2903 τούτων
810 2852 845 2924 ἢ
894 2852 1002 2907 τῶν
1051 2852 1319 2924 βιωτικῶν
1368 2855 1629 2911 ἀνύεσθαι
1676 2856 1940 2923 πέφυκεν.

266 2933 480 3009 Ὠσπερ
511 2933 604 2992 οῦν
651 2940 710 2991 ἐν
745 2942 1050 3012 παρατάξει
1087 2944 1182 2995 καὶ
1216 2943 1365 3017 μάχῃ
1396 2944 1556 2997 τοῦτο
1581 2942 1677 2998 τοῦ
1705 2943 1941 3013 πολέμου

263 3021 325 3076 τὸ
364 3024 529 3095 μέρος
563 3028 889 3098 κουφότερον
912 3025 1052 3084 εἶναι
1080 3032 1350 3103 φήσομεν,
1371 3032 1469 3102 οὐχ
1493 3032 1613 3085 ὅθεν
1651 3031 1941 3103 ἐπάλληλοι

265 3111 362 3163 καὶ
404 3117 646 3183 συνεχεῖς
684 3114 972 3170 πίπτουσιν
1007 3120 1055 3171 οἱ
1095 3120 1301 3191 νεκροὶ,
1345 3119 1461 3174 ἀλλ’
1489 3120 1611 3176 ὅθεν
1638 3120 1808 3189 ὀλίγοι
1848 3120 1943 3174 καὶ

262 3199 507 3264 σπάνιοι,
534 3201 676 3257 οῦτω
704 3205 945 3277 καὶπερὶ
973 3207 1178 3261 τούτων
1197 3208 1529 3279 ψηφίζεσθαι
1552 3212 1678 3281 χρή.
1701 3210 1811 3263 Καὶ
1834 3207 1943 3281 γάρ

268 3287 581 3355 πλεονεξίας
607 3295 704 3363 οὑχ
735 3293 765 3345 6
795 3296 1165 3366 στρεφόμενος
1194 3298 1251 3349 ἐν
1279 3297 1356 3368 τῷ
1399 3298 1571 3368 μέσῳ,
1612 3298 1727 3352 ἀλλ’
1753 3300 1782 3350 6
1810 3296 1945 3351 καθ-

266 3376 466 3446 ήμενος
487 3380 544 3430 ἐν
571 3382 682 3444 τοῖς
711 3380 894 3452 ὄρεσιν
921 3383 1284 3457 εὐκολώτερον
1316 3386 1600 3456 περιέσται
1620 3403 1634 3417 ο
1664 3386 1785 3440 ἐπεὶ
1808 3389 1945 3440 ἐκεῖ-

266 3464 357 3528 νός
388 3482 450 3534 γε
500 3468 593 3520 καὶ
627 3468 896 3525 ἁλώσεται
937 3473 1154 3543 ῥᾳδίως,
1191 3475 1387 3529 ἁλόντα
1413 3476 1470 3529 δὲ
1492 3476 1773 3548 πλεονεξίᾳ
1806 3478 1945 3548 μετὰ

265 3554 375 3636 τῶν
403 3555 803 3628 είδωλολατρῶν
826 3561 1175 3632 ἀριθμεῖσθαι
1198 3564 1431 3636 ἀνάγκη.
1450 3567 1561 3620 Καὶ
1588 3566 1697 3619 τῶν
1728 3568 1945 3620 οἰκείων

266 3633 422 3708 οὗτος
469 3646 566 3714 μὲν
613 3647 711 3717 οὐχ
747 3649 1032 3719 αἱρήσεται
1079 3651 1373 3724 ὑπεριδεῖν,
1401 3633 1472 3707 ἀν
1515 3653 1614 3728 ἔχη
1662 3656 1941 3727 χρήματα,

268 3731 382 3783 ἀλλ’
414 3734 649 3798 εὐκόλως
677 3737 860 3801 αὐτοῖς
889 3738 1067 3793 πάντα
1091 3742 1413 3812 προήσεται,
1439 3744 1646 3807 ἐκεῖνος
1678 3744 1735 3797 δὲ
1772 3744 1833 3796 ού
1857 3762 1947 3797 πε-

272 3819 518 3890 ριόψεται
550 3825 708 3893 μόνον
731 3826 947 3891 αὐτοὺς,
972 3829 1107 3882 ἀλλά
1135 3831 1229 3884 καὶ
1248 3831 1494 3903 ἀδικήσει
1518 3834 1627 3886 τῶν
1650 3833 1946 3904 ἀλλοτρίων

271 3909 368 3978 οὐχ
396 3904 557 3980 ἦττον
576 3928 590 3941 ·
622 3912 777 3967 τοῦτο
800 3914 855 3968 δέ
875 3916 1037 3971 πάλιν
1060 3916 1247 3989 ἕτερος
1281 3920 1725 3993 είδωλολατρείας
1745 3922 1947 3993 τρόπος

271 3996 364 4049 τοῦ
388 3998 651 4070 προτέρου
684 4002 963 4071 χαλεπώτε
973 4022 1081 4075 ρος.
1110 4008 1220 4061 Καὶ
1248 4009 1301 4061 τί
1324 4009 1406 4062 δεῖ
1426 4009 1492 4062 τὰ
1515 4010 1651 4064 ἄλλα
1672 4011 1847 4066 πάντα
1867 4010 1948 4063 λέ-

271 4100 411 4153 γειν,
455 4087 523 4140 τά
554 4091 666 4151 τοῖς
698 4092 987 4160 μονάζουσι
1025 4095 1122 4166 μὲν
1156 4096 1285 4150 ὄντα
1322 4098 1790 4167 εύκαταγώνιστα,
1820 4102 1947 4164 τοὺς

272 4171 329 4226 δὲ
365 4174 652 4244 βιωτικοὺς
688 4179 826 4249 μετά
855 4181 1053 4254 πολλῆς
1089 4183 1498 4240 καταϐάλλοντα
1522 4187 1623 4257 τῆς
1654 4188 1950 4260 σφοδρότη-

271 4281 394 4329 τος;
430 4266 551 4330 Πῶς
586 4262 678 4321 οὖν
699 4270 758 4321 οὐ
781 4269 1044 4335 δέδοικας,
1069 4273 1189 4326 ούδέ
1215 4274 1437 4344 τρέμεις
1465 4276 1559 4328 ἐπὶ
1585 4277 1773 4331 τοῦτον
1800 4278 1948 4347 ἄγων

273 4353 365 4407 τὸν
396 4353 586 4424 βίονδ,
616 4356 737 4409 ὅθεν
787 4358 1061 4430 ἁλώσιμος
1097 4360 1250 4415 ἔσται
1285 4364 1351 4433 τῇ
1387 4363 1554 4435 κακίᾳ
1606 4365 1847 4435 ταχέως;
1877 4368 1949 4421 Ἦ

279 4443 474 4514 μικρὸν
514 4440 652 4498 εἷναί
692 4463 773 4499 σοι
807 4447 956 4500 δοκεῖ
986 4448 1418 4522 εἰδωλολατρεία,
1451 4456 1543 4505 καὶ
1573 4452 1633 4505 τὸ
1674 4453 1782 4506 τῶν
1820 4455 1947 4507 ἀπί-

279 4547 417 4584 στων
463 4528 600 4586 εἶναι
630 4535 815 4606 χείρω,
840 4537 935 4590 καὶ
963 4538 1022 4590 τὸ
1046 4538 1139 4591 τοῦ
1160 4538 1294 4593 Θεοῦ
1320 4539 1417 4610 τὴν
1438 4540 1679 4595 δουλείαν
1722 4542 1808 4597 διὰ
1839 4544 1949 4598 τῶν

276 4618 452 4689 ἔργων
494 4621 841 4692 ἐξόμνυσθαι,
878 4626 1019 4698 άπερ
1042 4626 1257 4681 ἅπαντα
1284 4629 1561 4683 πείσονται
1586 4630 1951 4704 εὐκολώτερον

275 4706 385 4760 τῶν
409 4709 654 4779 μοναχῶν
684 4714 731 4764 οἱ
762 4712 838 4782 τῷ
872 4713 970 4784 βίῳ
1005 4715 1448 4789 προσδεδεμένοι;
1498 4718 1658 4790 Ὁρᾷς
1699 4720 1781 4772 ὅτι
1819 4723 1951 4794 σκῆο

276 4795 369 4865 ψις
400 4798 429 4849 6
463 4798 626 4867 φόϐος
663 4801 844 4869 ἐστίν;
878 4803 941 4856 EE
973 4803 1081 4875 γὰρ
1109 4804 1404 4860 δεδοικέναι
1449 4808 1637 4879 ἐχρῆν,
1669 4810 1766 4879 οὐχ
1808 4809 1951 4881 ὑπὲρ

276 4884 385 4937 τῶν
423 4886 490 4939 τά
529 4887 793 4967 κλυδώνλια
834 4893 1160 4959 φευγόντων,
1190 4894 1309 4947 ούδέ
1336 4894 1476 4967 ὑπὲρ
1499 4896 1604 4950 τῶν
1625 4898 1719 4950 ἐπὶ
1748 4896 1839 4951 τὸν
1868 4898 1949 4950 λι-

279 4974 416 5043 μένα
461 4963 798 5031 σπευδόντων
817 4989 863 5042 ο,
910 4980 1024 5032 ἀλλ’
1049 4982 1185 5054 ὑπὲρ
1228 4982 1336 5035 τῶν
1380 4985 1439 5036 ἐν
1484 4984 1715 5053 χειμῶνι
1746 4987 1841 5039 καὶ
1884 4989 1950 5057 τῇ

282 5062 417 5135 ζάλῃ
449 5066 945 5138 κλυδωνιζομένων.
979 5068 1287 5141 Ταχύτερον
1325 5071 1433 5143 γὰρ
1478 5073 1687 5126 ἐκεῖθεν
1720 5072 1790 5127 τά
1821 5090 1951 5127 ναυ-

280 5154 435 5223 άγια,
465 5154 544 5225 τῷ
575 5156 671 5209 καὶ
699 5157 919 5211 πλείονα
943 5154 1082 5212 εἴναι
1114 5159 1183 5213 τά
1209 5160 1550 5230 ἐνοχλοῦντα,
1587 5164 1680 5215 καὶ
1712 5161 1953 5235 ῥᾳθυμο-

277 5244 469 5317 τέρους
510 5246 636 5311 τοὺς
683 5247 821 5317 πρὸς
843 5248 1015 5301 ταῦτα
1042 5249 1330 5320 στήσεσθαι
1362 5250 1671 5320 μέλλοντας.
1690 5252 1954 5308 Ἐνταῦθα

277 5330 335 5384 δὲ
384 5331 509 5385 οῦτε
540 5333 780 5387 τοσαῦτα
813 5336 883 5389 τά
908 5334 1147 5405 κύματα,
1193 5337 1286 5389 καὶ
1324 5336 1493 5406 πολλὴ
1527 5338 1560 5407 ἡ
1595 5336 1830 5409 γαλήνη,
1860 5341 1953 5393 καὶ

277 5420 312 5489 ἡ
354 5421 557 5491 σπουδὴ
605 5422 803 5492 μείζων
832 5423 942 5476 τῶν
988 5424 1124 5495 πρὸς
1170 5422 1342 5477 ταῦτα
1395 5425 1811 5495 μαχησομένων.
1854 5428 1953 5482 Διά

276 5506 435 5562 τοῦτο
472 5512 564 5562 καὶ
598 5513 758 5581 ἡμεῖς
792 5512 884 5564 ἐπὶ
909 5511 1009 5583 τὴν
1038 5511 1242 5584 ἔρημον
1268 5512 1518 5583 ἕλκομεν,
1547 5516 1647 5585 οὐχ
1687 5515 1773 5567 ἴνα
1819 5517 1953 5571 σάκ-

279 5611 376 5648 κον
404 5597 590 5661 ἁπλῶς
638 5598 1058 5671 περιόάλωνται,
1104 5600 1226 5653 ούδέ
1275 5600 1363 5653 ἵνα
1404 5599 1560 5655 κλοιά
1595 5602 1942 5672 περιθῶνται,

321 5736 369 5811 ’⁸
396 5737 499 5811 Ali‘i-
523 5742 848 5809 σφοδρότερος,
874 5745 1031 5793 minus
1051 5744 1323 5794 commode.
1349 5744 1476 5794 Infra
1495 5743 1578 5794 alii
1601 5751 1773 5808 τροφῆς
1797 5747 1953 5794 έπιθψ

319 5815 385 5849 ια.
420 5802 503 5849 alll
524 5811 714 5849 τουωῆε.

280 5816 385 5861 μια,
420 5816 503 5849 am
524 5816 714 5866 τρυφῆς.

341 5861 371 5931 ιδ
395 5863 678 5931 έηὼτοεὶυε
698 5868 907 5919 Camald.
936 5870 1060 5931 legit
1080 5870 1196 5918 υἱόν.

347 5928 367 5953 η
400 5924 531 5996 ﬂare,
554 5928 664 5976 οὐδὲ
707 5932 823 5996 ὑπὲρ
846 5934 940 5981 τῶν
967 5924 1041 5983 ἐπὶ
1064 5933 1145 5981 τὸν
1167 5932 1333 5995 λιμένα
1358 5932 1676 5994 σπευδόντων,
1698 5931 1877 5985 desunt
1901 5934 1954 5992 ir;

284 5983 458 6038 Morel.
480 5996 684 6041 tantum.

1072 345 1442 404 ADVERSUS
1482 344 2039 405 OPPUGNATORES
2080 349 2264 406 Ἣτῶ
2304 350 2606 409 MONAST.
2644 350 2775 411 LIB.
2815 351 2903 408 III.

276 477 371 529 την
401 459 658 554 ἐμπεσὼν
687 462 787 533 τὴν
817 461 1093 528 ὑπόθεσιν,
1123 463 1305 533 ἔλεγε·
1334 463 1474 533 Περὶ
1500 463 1568 517 δὲ
1593 464 1713 517 τῶν
1734 465 1949 533 παρθέ-
1982 508 2006 554 λ

3629 354 3736 411 πο

2058 465 2164 518 οὐδ’
2188 467 2274 520 ἵνα
2298 468 2488 522 σποδὸν
2520 468 3058 541 ὑποστορέσωνταιά,
3085 468 3200 523 ἀλλ’
3236 468 3324 524 ἵνα
3362 467 3469 543 πρὸ
3505 486 3612 524 οων
3638 470 3731 525 ἄλε-

2057 553 2163 608 λων
2203 555 2458 611 ἁπάντων
2491 557 2704 627 φύγωσι
2744 558 2844 629 μὲν
2874 558 3096 623 κακίαν,
3133 559 3359 613 ἕλωνται
3408 557 3465 611 δέ
3505 559 3737 630 ἀρετήν.

2056 642 2122 694 Τί
2168 638 2294 710 οὗν;
2341 647 2388 699 οἱ
2442 646 2840 717 γεγαμηκότες,
2890 647 3077 719 φησιν,
3123 645 3449 700 ἀπολοῦνται
3493 647 3727 710 πάντες;

2057 731 2129 785 Οὐ
2178 732 2336 786 τοῦτο
2374 734 2538 802 λέγω,
2570 734 2684 788 ἀλλ’
2714 735 2796 788 ὅτι
2839 734 3102 805 μειζόνων
3127 734 3407 804 δεήσονται
3432 734 3632 801 πόνων,
3683 737 3739 788 εί

2058 819 2300 890 μέλλοιεν
2348 821 2635 886 σώζεσθαι,
2671 822 2759 877 διὰ
2806 822 2904 894 τὴν
2949 822 3255 877 ἐνεστῶσαν
3306 825 3582 895 ἀνάγκην·
3635 824 3733 877 τοῦ

2054 906 2164 979 γὰρ
2214 908 2496 980 δεδεμένου
2545 912 2745 981 μᾶλλον
2777 914 2805 965 6
2846 910 3137 982 λελυμένος
3182 911 3488 982 δραμεῖται.
3522 912 3735 967 υύκοῦν

2056 997 2149 1048 καὶ
2173 996 2393 1052 πλείονα
2420 1000 2530 1065 ἕξει
2553 1001 2645 1067 τὸν
2672 999 2884 1071 μισθὸν,
2907 1001 3002 1053 καὶ
3022 1000 3437 1073 λαμπροτέρους
3456 1002 3581 1065 τοὺς
3610 1018 3726 1055 στε-

2056 1084 2291 1153 φάνουςὲ
2336 1086 2632 1159 Οὑδαμῶς³
2678 1090 2856 1160 ἐαυτῷ
2894 1090 3003 1161 γὰρ
3048 1089 3253 1161 ταύτην
3291 1089 3604 1161 περιτίθησι
3632 1090 3731 1159 τὴν

2056 1175 2322 1244 ἀνάγκην,
2357 1176 2476 1242 ἐξὸν
2509 1178 2583 1248 μὴ
2611 1177 3128 1249 περιθεῖναι.”Ωστε,
3166 1178 3353 1251 ἐπειδὴ
3384 1178 3571 1246 σαφῶς
3596 1179 3731 1248 ἡμῖν

2056 1261 2428 1317 ἀποδέδεικται
2451 1264 2534 1316 ὅτι
2562 1263 2672 1318 τῶν
2702 1263 2884 1318 αὐτῶν
2914 1268 3083 1336 ἐσμεν
3110 1265 3398 1319 ὑπεύθυνοι
3425 1267 3536 1328 τοῖς
3562 1282 3730 1335 μονα-

2055 1350 2192 1417 χοίς,
2238 1350 2330 1403 ἐπὶ
2376 1350 2476 1420 τὴν
2514 1350 2887 1421 εύκολωτέραν
2931 1351 3215 1424 τρέχωμεν
3262 1351 3401 1417 ὁδὸν,
3456 1351 3549 1404 καὶ
3606 1351 3731 1413 τοὺς

2056 1437 2205 1500 υἱοὺς
2240 1438 2333 1491 ἐπὶ
2369 1437 2573 1507 ταύτην
2613 1438 2883 1510 ἕλκωμεν,
2923 1438 3060 1494 ἀλλά
3090 1439 3180 1511 -μὴ
3227 1440 3730 1509 καταποντίζωμεν.

2060 1529 2196 1600 μηδέ
2243 1530 2323 1592 είς
2364 1529 2433 1583 τά
2475 1530 2575 1600 τῆς
2605 1532 2805 1595 κακίας
2862 1530 3111 1601 ἕλκωμεν
3159 1530 3428 1603 βάραθρα,
3478 1529 3731 1600 καθάπερ

2055 1615 2241 1687 ἐχθροὶ
2294 1618 2389 1670 καὶ
2440 1617 2707 1689 πολέμιοι.
2744 1618 2928 1672 Ταῦτα
2986 1619 3094 1690 γάρ
3138 1620 3187 1672 εἰ
3240 1620 3338 1689 μὲν
3388 1617 3539 1672 ἄλλοι
3588 1618 3732 1681 τινὲς

2055 1703 2291 1767 ἐποίουν,
2325 1705 2425 1757 οὐκ
2454 1700 2522 1776 ἦν
2555 1704 2697 1758 οὕτω
2731 1705 2930 1759 δεινόν’
2964 1706 3091 1760 ὅταν
3137 1705 3195 1759 δὲ
3238 1707 3286 1758 οί
3320 1705 3731 1774 γεγεννηκότες,

2055 1795 2104 1846 οἱ
2126 1792 2235 1845 τῶν
2261 1792 2528 1863 βιωτικῶν
2550 1796 2744 1863 πεῖραν
2760 1794 3042 1865 εἰληφότες
3068 1793 3304 1857 πάντων,
3328 1795 3377 1846 οἱ
3399 1792 3485 1846 διά
3511 1792 3617 1847 τῶν
3642 1791 3733 1859 έρ-

2055 1898 2167 1949 γων
2195 1881 2461 1951 μαθόντες
2495 1880 2674 1935 αὐτῶν
2695 1882 2777 1934 ὅτι
2805 1880 2990 1953 ψυχρὰ
3008 1880 3115 1934 τῶν
3141 1880 3423 1952 παρόντων
3467 1879 3731 1950 πραγμά-

2053 1986 2162 2021 των
2194 1971 2227 2040 ή
2260 1968 2440 2039 ἡδονὴ,
2461 1968 2602 2021 οὕτω
2635 1968 2951 2039 μαίνωνται,
2980 1968 3054 2027 ὡς
3086 1968 3308 2039 ἐτέρους
3333 1968 3426 2020 ἐπὶ
3452 1966 3625 2020 ταῦτα
3652 1966 3734 2019 ἐλ-

2055 2074 2193 2120 κειν,
2224 2056 2415 2127 ἐπειδὴ
2440 2056 2623 2109 λοιπὸν
2646 2056 2750 2109 ὑπὸ
2782 2055 2881 2125 τῆς
2902 2056 3118 2127 ἡλικίας
3160 2056 3313 2109 αὐτοὶ
3361 2052 3729 2108 κεκώλυνταιτ

2056 2142 2209 2215 [105]
2253 2142 2347 2197 καὶ
2374 2143 2491 2196 δέον
2518 2144 2745 2206 ἑαυτοὺς
2778 2143 2873 2195 ἐπὶ
2915 2145 3028 2206 τοῖς
3071 2143 3355 2214 προτέροις
3398 2140 3732 2207 ταλανίζειν,

2052 2233 2100 2285 οί
2138 2232 2195 2284 δὲ
2227 2233 2322 2285 καὶ
2351 2232 2571 2302 ἐτέρους
2603 2230 2951 2301 ἐμϐάλλουσι,
2980 2231 3076 2284 καὶ
3105 2230 3277 2284 ταῦτα
3310 2229 3478 2298 ἐγγὺς
3498 2228 3733 2294 ἑστῶτες

2052 2318 2235 2372 λοιπὸν
2268 2319 2367 2390 τῆς
2387 2317 2664 2389 τελευτῆς,
2682 2316 2890 2372 καὶτοῦ
2915 2316 3289 2389 δικαστηρίου,
3320 2318 3414 2370 καὶ
3437 2315 3544 2369 τῶν
3574 2315 3737 2369 εύθυο

2053 2408 2160 2461 νῶν
2194 2408 2439 2470 ἐκείνων,
2475 2407 2605 2460 ποία
2646 2407 2830 2470 αὐτοῖς
2873 2404 3139 2475 ἀπολογία
3186 2405 3554 2475 λελείψεταιο,
3604 2405 3735 2458 ποία

2054 2494 2375 2567 συγγνώμη,
2413 2498 2565 2559 ποῖος
2594 2495 2771 2561 ἐλεος;
2806 2497 2880 2549 Ού
2924 2495 3033 2568 γὰρ
3079 2495 3140 2566 δὴ
3186 2494 3345 2566 μόνον
3375 2493 3486 2569 τῶν
3516 2493 3734 2547 οίκείων

2051 2584 2465 2656 ἁμαρτημάτων
2504 2582 2732 2637 δώσουσι
2766 2582 2941 2655 δίκην,
2966 2582 3102 2637 ἀλλά
3136 2583 3231 2637 καὶ⁵
3270 2581 3381 2635 τῶν
3421 2583 3535 2645 τοῖς
3576 2580 3734 2633 παισὶ

2052 2672 2488 2745 τετολμημένων,
2512 2671 2577 2725 ἀν
2598 2689 2656 2725 τε
2683 2670 2949 2743 δυνηθῶσι
2972 2672 3099 2735 τοὺς
3116 2672 3264 2734 υἱοὺς
3304 2670 3322 2709 τ
3351 2668 3729 2734 ύποσκελίσαι,

2052 2758 2116 2812 ἄν
2140 2776 2199 2812 τε
2229 2761 2325 2830 μή.

2125 2847 2404 2917 quam
2418 2830 2612 2911 παῖδας
2624 2848 2753 2912 ἴσως
2768 2846 3081 2918 ἐπιθυμεῖτε
3096 2845 3299 2900 παίδων
3314 2844 3577 2900 ἱδεῖν.Καὶ
3591 2843 3731 2907 πῶς,

2051 2936 2203 2990 οὔπω
2239 2938 2518 3009 γενόμενοι
2545 2938 2777 3009 πατέρες
2803 2936 2991 3001 αύτοί;
3027 2933 3102 2988 Ού
3147 2933 3255 3006 γὰρ
3280 2932 3342 3004 δὴ
3382 2934 3442 2985 τὸ
3472 2932 3731 3002 γεννῆσαι

2052 3026 2265 3096 πατέρα
2300 3028 2469 3078 ποιεῖ’
2503 3026 2597 3079 καὶ
2627 3024 2784 3077 τοῦτο
2822 3021 2976 3077 αὐτοὶ
2999 3024 3048 3075 οί
3080 3020 3468 3092 γεγεννηκότες
3502 3035 3732 3090 συνομο-

2051 3115 2341 3187 λογήσαιεν
2372 3115 2459 3177 ὃν,
2496 3114 2545 3166 οἳ
2578 3113 2705 3175 τοὺς
2738 3112 2872 3174 υἱεῖς
2896 3112 3024 3164 ὅταν
3053 3109 3235 3163 ἴδωσιν
3265 3111 3344 3171 είς
3372 3107 3601 3178 ἔσχατον
3636 3122 3734 3162 κα-

2052 3206 2175 3268 κίας
2227 3203 2568 3267 ἐλαύνοντας,
2598 3202 2675 3265 ὡς
2704 3203 2803 3255 οὐκ
2836 3202 2995 3264 ὄντας
3048 3200 3226 3253 αὐτῶν
3266 3198 3588 3253 ἐκὸάλλουσι
3634 3198 3731 3252 καὶ

2051 3293 2497 3363 ἀπαλλοτριοῦσι,
2549 3291 2643 3344 καὶ
2688 3289 2811 3344 οὔτε
2858 3287 3054 3359 φύσις,
3107 3287 3230 3342 οῦτε
3277 3286 3559 3355 γέννησις,
3604 3284 3731 3339 οὔτε

2052 3381 2180 3436 ἄλλο
2217 3381 2325 3434 τῶν
2361 3379 2617 3433 τοιούτων
2658 3378 2808 3432 οῦδέν
2850 3378 3145 3447 κατασχεῖν
3178 3376 3377 3438 αὐτοὺς
3417 3374 3616 3427 δύναιτ’
3643 3374 3729 3427 ἄν.

2052 3470 2142 3542 Μὴ
2176 3469 2356 3522 τοίνυν
2390 3468 2527 3539 μηδέ
2558 3467 2792 3539 πατέρες
2822 3464 3193 3530 ἀξιούσθωσαν
3226 3458 3364 3517 εἶναι
3398 3463 3448 3514 οἱ
3478 3460 3729 3524 τοιοῦτοι,

2053 3552 2128 3612 ὧν
2164 3557 2298 3611 πολὺ
2333 3558 2474 3611 κατὰ
2499 3558 2588 3611 τὸν
2614 3556 2715 3626 τῆς
2742 3554 3061 3625 φιλοσοφίας
3082 3552 3357 3607 λείπονται
3392 3552 3549 3620 λόγον
3570 3566 3583 3580 ·
3617 3551 3731 3604 ἀλλ’

2054 3647 2273 3701 ἐπειδάν
2311 3646 2509 3709 αὐτοὺς
2538 3643 2727 3699 τοῦτον
2757 3644 2849 3697 τὸν
2891 3642 3092 3715 τρόπον
3121 3643 3444 3712 γεννήσωσι,
3484 3639 3608 3705 τότε
3640 3640 3735 3694 καὶ

2053 3734 2179 3799 τοὺς
2217 3734 2474 3803 ἐκγόνους
2503 3731 2868 3803 ζητείτωσαν·
2907 3730 3028 3783 τότε
3075 3728 3185 3801 γὰρ
3232 3729 3428 3792 αὐτοὺς
3458 3728 3553 3781 καὶ
3603 3726 3733 3779 [δεῖν

2053 3821 2368 3893 δυνήσονται
2416 3820 2595 3892 μόνον.
2627 3819 2748 3873 Εἰσὶ
2790 3819 2896 3889 γὰρ
2938 3817 3121 3881 αὐτοῖς
3165 3815 3373 3880 παῖδες,
3424 3814 3583 3877 εἰσιν,
3619 3814 3735 3867 οὐκ

2050 3909 2123 3973 ἐξ
2151 3908 2434 3980 αἱμάτων,
2462 3908 2605 3963 οὐδὲ
2636 3908 2704 3961 ὲκ
2730 3905 3064 3976 θελήματος
3102 3904 3349 3972 σαρκὸς,
3375 3901 3518 3956 οὐδὲ
3544 3902 3613 3955 ἐκ
3642 3903 3735 3956 θε-

2054 3997 2323 4067 λήματος
2377 3996 2631 4065 ἀνδρὸς,
2672 3995 2811 4050 ἀλλ’
2856 3993 2926 4059 ἐξ
2983 3991 3150 4047 αὐτοῦ
3207 3989 3561 4062 γεννηθέντες
3624 3986 3733 4043 τοῦ

2058 4084 2228 4140 Θεοῦ.
2260 4075 2423 4137 Οὗτοι
2472 4084 2523 4136 οἱ
2567 4082 2755 4147 παῖδες
2806 4082 2903 4151 οὐχ
2953 4079 3093 4152 ύπέρ
3142 4077 3440 4150 χρημάτων
3492 4074 3735 4143 ἀναγκά-

2056 4172 2207 4236 ζουσι
2262 4171 2559 4226 κόπτεσθαι
2614 4170 2739 4235 τοὺς
2796 4169 3059 4242 πατέρας,
3086 4169 3187 4239 οὐχ
3216 4168 3356 4239 ὑπὲρ
3404 4164 3606 4236 γάμου,
3632 4164 3732 4233 οὐχ

2058 4261 2197 4331 ὑπὲρ
2249 4260 2409 4315 ἄλλου
2475 4258 2619 4323 τινὸς
2679 4259 2943 4320 τοιούτου,
2980 4255 3115 4310 ἀλλά
3156 4254 3337 4326 πάσης
3394 4253 3589 4317 αὐτοὺς
3633 4251 3733 4320 τῆς

2058 4349 2335 4421 φροντίδος
2376 4348 2585 4412 ἀτελεῖς
2617 4348 2870 4418 ἀφέντες,
2904 4347 3011 4400 τῶν
3041 4343 3286 4414 φυσικῶν
3323 4342 3575 4414 πατέρων
3615 4338 3735 4411 μείὲ

2058 4439 2171 4503 ξονι
2212 4438 2541 4511 παρέχουσιν
2579 4438 2851 4509 ἐντρυφᾷν
2890 4435 3072 4505 ἡδονῇ.
3097 4434 3173 4487 UO
3215 4432 3323 4504 γάρ
3368 4431 3460 4485 ἐπὶ
3494 4432 3605 4493 τοῖς
3634 4429 3733 4483 αύ-

2057 4530 2169 4589 τοῖς
2222 4526 2497 4579 τίκτονταί
2554 4541 2613 4577 τε
2670 4524 2764 4577 καὶ
2816 4522 3107 4593 τρέφονται
3133 4563 3147 4585 ,
3197 4516 3392 4590 οἷσπερ
3448 4518 3687 4595 κάκεῖνοι
3715 4558 3732 4579 ,

2059 4613 2173 4667 ἀλλ’
2204 4614 2300 4667 ἐπὶ¹
2333 4612 2513 4683 πολλῷ
2540 4610 2750 4683 μείζοσι
2781 4610 2873 4663 καὶ
2900 4608 3303 4680 λαμπροτέροις
3322 4625 3336 4639 ο
3361 4606 3443 4661 διὸ
3475 4606 3571 4660 καὶ
3593 4604 3732 4675 μᾶλ-

2058 4705 2149 4759 λον
2170 4704 2297 4767 τοὺς
2319 4702 2717 4772 γεγεννηκότας
2761 4699 3129 4772 εὐφραίνουσι.
3189 4700 3375 4769 Χωρὶς
3418 4696 3478 4749 δὲ
3521 4696 3729 4749 τούτων

2061 4796 2279 4849 κάκεῖνο
2294 4793 2503 4864 εἴποιμι
2524 4791 2610 4855 ἂν,
2627 4793 2708 4845 ὅτι
2723 4792 2849 4853 τοὺς
2873 4790 2970 4860 μὲν
2986 4787 3401 4849 διαπιστοῦντας
3418 4788 3483 4857 τῇ
3500 4785 3735 4839 ἀναστά-

2062 4901 2144 4936 σει
2175 4882 2326 4936 ούδέν
2353 4880 2578 4943 ἀπεικὸς
2612 4878 2753 4950 ὑπὲρ
2783 4878 2986 4932 τούτων
3026 4876 3265 4948 θρηνεῖν,
3300 4875 3396 4928 ἃτε
3429 4873 3494 4945 δὴ
3526 4873 3731 4944 ταύτης

2064 4976 2232 5045 μόνης
2274 4969 2744 5041 καταλειπομένης
2791 4970 2891 5039 τῆς
2942 4964 3298 5036 παραμυθίας
3344 4963 3557 5026 αὐτοῖς’
3599 4961 3731 5016 οίδὲ

2060 5064 2150 5118 τὸν
2176 5062 2403 5117 θάνατον
2434 5060 2599 5113 ῦπνον
2628 5056 2944 5129 ἡγούμενοι,
2985 5056 3080 5110 καὶ
3107 5053 3487 5123 παιδευόμενοι
3511 5051 3621 5104 τῶν
3643 5052 3731 5104 ὲν-

2059 5151 2233 5206 ταῦθα
2264 5150 2479 5205 πάντων
2510 5149 2890 5216 καταφρονεῖν,
2916 5144 3060 5207 τίνος
3086 5143 3153 5198 ἂν
3178 5142 3371 5213 εἴημεν
3402 5138 3729 5210 συγγνώμης

2060 5240 2199 5305 ἄξιοι
2220 5237 2543 5310 θρηνοῦντες
2564 5235 2705 5307 ὑπὲρ
2731 5234 2958 5295 τούτων,
2983 5233 3079 5285 καὶ
3108 5230 3302 5293 παῖδας
3348 5227 3730 5299 ἐπιζητοῦντες

2064 5328 2190 5381 ἰδεῖν
2232 5326 2328 5380 καὶ
2349 5324 2667 5380 καταλιπεῖν
2688 5322 2897 5387 ἐνθάδε,
2923 5321 3045 5375 ὅθεν
3066 5318 3351 5389 ἀποπηδᾷν
3376 5315 3730 5387 ἐπειγόμεθα,

2062 5419 2155 5471 καὶ
2188 5416 2422 5471 ἐνταῦθα
2465 5416 2617 5479 ὄντες
2658 5414 3018 5483 στενάζομεν;
3070 5411 3183 5464 Καὶ
3223 5407 3398 5463 ταῦτα
3443 5408 3543 5479 μὲν
3601 5408 3733 5479 ἡμῖν

2062 5507 2200 5578 πρὸς
2222 5507 2347 5569 τοὺς
2384 5503 2931 5575 πνευματικωτέρους
2972 5503 3206 5572 εἴρηται.
3233 5500 3296 5553 Εἰ
3346 5498 3405 5552 δέ
3447 5514 3593 5561 τινες
3624 5493 3734 5549 εἶεν

2063 5594 2449 5664 φιλοσώματοι,
2475 5594 2569 5646 καὶ
2593 5591 2795 5663 σφόδρα
2815 5590 2893 5662 τῷ
2918 5592 3144 5660 παρόντι
3174 5585 3586 5659 προσηλωμένοι
3612 5584 3731 5657 βίῳ,

2126 5812 2154 5851 (ι
2178 5813 2307 5869 Hac,
2330 5813 2430 5861 οὐδ’
2461 5813 2537 5859 ἵνα
2581 5811 2757 5860 σποδὸν
2797 5809 3230 5873 ὑποστορέσωνται,
3277 5806 3459 5855 desunt
3482 5805 3530 5852 in
3556 5801 3729 5853 Ποτει-

2065 5880 2269 5924 tantum.
2298 5874 2404 5924 Duo
2425 5888 2539 5923 mss.
2566 5874 3013 5935 περιστορέσωνται.

2127 5941 2149 5965 ε
2171 5936 2252 5984 Sic
2274 5936 2405 5985 hpne
2433 5937 2569 5985 editi.
2597 5926 2776 5984 Montf.‘
2792 5942 2844 5983 el.
2867 5935 2964 5981 duo
2988 5946 3104 5981 mss.
3124 5926 3515 5993 λείψεταιεβοιτ.

2122 6000 2143 6039 ί
2170 6000 2290 6057 Τοὺς
2332 5998 2473 6056 υἱούς.
2504 5999 2583 6049 Sic
2626 5999 2773 6051 Savil.
2802 6002 2849 6048 et
2872 5997 2968 6048 duo
2995 6009 3131 6057 mss.,
3156 5991 3324 6050 αὐτούς
3348 5991 3523 6044 Morel.
