4116 6392
389 331 497 390 377

384 451 562 504 ἐκεῖνο
580 447 645 504 ἀν
676 446 885 519 εἴποιμι
903 448 1037 520 πρὸς
1058 450 1274 514 αὐτοὺς,
1305 452 1388 504 ὅτι
1421 451 1634 524 πρῶτον
1662 453 1876 524 ἄδηλον,
1897 453 2055 506 είκαὶ

385 538 571 602 παῖδες
593 538 810 608 ἕψονται
843 538 921 608 τῷ
967 539 1131 609 γάμῳ
1163 538 1382 616 πάντως
1401 555 1413 567 ·
1439 538 1709 610 δεύτερον,
1737 541 1818 594 ὃτι
1842 540 1936 593 καὶ
1961 557 2076 609 γε-,
2101 529 2104 534 ’

384 626 624 697 νομένων
654 626 854 696 μείζων
875 629 907 697 ή
925 627 1157 697 ἀθυμία·
1191 628 1250 680 οὐ
1268 629 1376 698 γὰρ
1401 627 1669 698 τοσαύτην
1696 629 2058 700 καρπούμεθα

386 714 745 785 εὐφροσύνην,
771 713 1092 785 ὃσηνλύπην
1113 714 1222 767 ἀπὺ
1247 717 1347 786 τῆς
1380 715 1754 787 καθημερινῆς
1781 715 2057 788 φροντίδος

386 801 608 870 καὶτῆς
647 801 886 868 ἀγωνίας
915 801 1141 854 καὶτῶν
1195 801 1375 870 φόϐων
1419 802 1528 854 τῶν
1571 803 1640 855 δι’
1671 803 1888 866 αὐτούς.
1948 803 2058 856 Καὶ

382 889 528 951 τίνι,
581 890 713 959 φησὶ
735 931 749 953 ,
785 888 1180 960 καταλείψομεν
1217 891 1342 952 τούς
1383 890 1587 960 ἀγροὺς
1627 890 1845 953 καὶτὰς
1879 891 2057 955 οἰκίας

382 978 477 1028 καὶ
518 977 586 1029 τά
625 975 931 1046 ἀνδράποδα
961 976 1055 1029 καὶ
1105 977 1167 1029 τὸ
1201 977 1422 1048 χρυσίον
1444 994 1458 1041 ;
1481 979 1576 1030 καὶ
1601 976 1708 1047 γάρ
1759 978 1853 1031 καὶ
1885 977 2056 1032 ταῦτα

382 1063 567 1116 ἀκούω
585 1062 922 1134 θρηνούντων
957 1062 1157 1117 αὐτῶν.
1191 1064 1281 1133 Τῷ
1311 1063 1405 1117 καὶ
1437 1065 1542 1135 πρὸ
1568 1064 1774 1117 τούτων
1807 1064 2054 1135 μέλλοντι

381 1150 815 1222 κληρονομήσειν
843 1151 985 1203 αύτά
1003 1192 1018 1213 ,
1047 1153 1144 1204 καὶ
1177 1151 1416 1222 τοσούτῳ
1446 1150 1644 1222 μᾶλλον
1670 1150 1765 1204 νῦν
1791 1152 1824 1222 ἢ
1861 1153 2055 1222 πρότε-

386 1253 498 1308 ρον,
533 1239 642 1307 ὅσῳ
692 1239 786 1292 καὶ
833 1237 1008 1308 φύλαξ
1060 1241 1152 1293 καὶ
1196 1238 1386 1310 κύριος
1428 1240 1832 1310 ἀσφαλέστερος
1878 1240 2055 1294 αὐτῶν

381 1326 535 1380 ἔσται
559 1327 672 1381 νῦν.
703 1328 835 1380 Τότε
862 1328 962 1398 μὲν
985 1329 1094 1396 γάρ
1133 1327 1304 1381 πολλά
1325 1323 1392 1398 ἦν
1415 1329 1596 1391 αὐτοῖς
1626 1328 1693 1380 τὰ
1722 1329 2044 1398 λυμαινόμε-

382 1435 448 1472 να
468 1435 482 1448 ·
509 1419 603 1471 καὶ
630 1419 736 1490 γάρ
765 1422 944 1490 σῆτες,
978 1419 1069 1473 καὶ
1095 1419 1286 1489 χρόνος
1319 1419 1549 1489 μακρὸς.
1581 1419 1675 1471 καὶ
1701 1417 1928 1491 λῃσταὶ,
1961 1421 2056 1472 καὶ

384 1508 736 1577 συκοφάνται,
767 1508 860 1559 καὶ
895 1507 1186 1577 βάσκανοι,
1223 1509 1318 1559 καὶ
1347 1506 1407 1558 τὸ
1441 1505 1534 1558 τοῦ
1591 1505 1878 1575 μέλλοντος
1920 1506 2052 1576 ἄδη-

381 1594 505 1658 λον,
548 1595 642 1648 καὶ
685 1596 745 1646 τὸ
773 1594 880 1647 τῶν
924 1593 1227 1666 ἀνθρώπων
1263 1606 1288 1634 α
1316 1593 1744 1664 εὐμετάϐλητον,
1773 1593 1867 1646 καὶ
1904 1593 2054 1657 τέλος

335 1696 341 1702 ’
381 1683 410 1734 6
439 1681 686 1747 θάνατος,
719 1683 812 1734 καὶ
850 1681 956 1734 τῶν
986 1682 1306 1752 χρημάτων,
1340 1681 1435 1734 καὶ
1466 1680 1576 1733 τῶν
1604 1681 1896 1750 κτημάτων
1933 1681 2055 1734 τού-

379 1786 488 1822 των
516 1768 888 1839 ἀπεστέρησεν
919 1767 984 1822 ἂν
1021 1770 1111 1821 τὸν
1147 1769 1292 1820 υἱόν·
1332 1767 1450 1821 νυνὶ
1489 1767 1547 1820 δέ
1591 1767 1808 1819 πάντων
1851 1766 2054 1820 τούτων

377 1857 637 1928 ἀνωτέρω
671 1857 760 1909 τὸν
787 1855 1014 1909 πλοῦτον
1061 1856 1316 1918 ἀπέθετο,
1347 1854 1510 1908 τόπον
1536 1854 1686 1926 Ῐ106]
1731 1853 1907 1927 εὑρὼν
1929 1854 2056 1908 ἀσυ-

378 1943 471 1995 λον
489 1985 503 2007 ,
542 1945 636 1998 καὶ
663 1939 723 1998 οῦ
749 1943 938 2014 μηδενὶ
975 1943 1082 1995 τῶν
1109 1943 1412 2014 εἰρημένων
1439 1942 1694 2013 ἐπιϐῆναι
1724 1942 1900 2012 θέμις.
1933 1943 2056 1994 Τοι-

376 2029 536 2085 οῦτον
572 2032 680 2103 γάρ
713 2031 910 2103 χωρίον
947 2033 974 2083 ὁ
1002 2031 1248 2101 οὐρανὸς,
1291 2032 1440 2104 πάσῃ
1477 2031 1574 2100 μέν
1614 2029 1812 2092 ἄϐατος
1837 2029 1912 2081 ὢν
1941 2030 2056 2082 ἐπι-

380 2118 566 2190 ϐουλῇ,
604 2119 783 2190 πάσης
811 2119 866 2172 δέ
893 2119 1263 2190 εὐφορώτερος
1284 2121 1407 2190 γῆς,
1437 2119 1529 2172 καὶ
1551 2117 1688 2188 μετά
1727 2117 1927 2188 πολλῆς
1954 2117 2053 2187 τῆς

379 2205 639 2274 ἀφθονίας
667 2207 774 2260 τῶν
799 2208 856 2260 ἐν
885 2207 1029 2276 αὐτῴ
1051 2206 1318 2260 τεθέντων
1337 2224 1440 2278 χρη
1452 2206 1635 2276 μάτων
1669 2205 1924 2275 παρέχων
1940 2207 2054 2267 τοῖς

379 2295 919 2366 παρακαταθεμένοις
968 2295 1210 2364 ἀμᾶσθαι
1244 2297 1370 2358 τούς
1416 2294 1682 2366 καρπούς.
1721 2295 1884 2346 Ὥστε
1932 2292 2052 2362 οὐχὶ

381 2383 475 2436 νῦν
490 2383 660 2437 ταῦτα
689 2383 796 2436 ἔδει
823 2385 850 2424 δ
877 2384 1078 2452 λέγειν,
1105 2384 1218 2438 ἀλλ’
1241 2387 1289 2437 εί
1313 2384 1562 2454 βιωτικὸν
1583 2383 1806 2454 ἔμελλεν
1834 2383 2052 2437 ἔσεσθαι

378 2473 441 2525 τὸ
477 2472 707 2538 παιδίον,
743 2473 866 2526 τότε
920 2473 1161 2546 θρηνεῖν,
1213 2475 1307 2527 καί¹
1339 2473 1510 2528 ταῦτα
1539 2472 1904 2542 φθέγγεσθαι·
1933 2472 2051 2524 Τίνι

379 2559 506 2623 τούς
535 2559 738 2630 ἀγροὺς
756 2558 1192 2630 καταλείπωμεν,
1209 2559 1311 2612 τίνι
1345 2560 1406 2612 τὸ
1422 2560 1782 2630 χρυσίον,τίνι
1804 2559 1870 2612 τὰ
1890 2559 2052 2612 λοιπὰ

381 2648 636 2719 χρήματα
656 2665 670 2712 ς

467 2735 580 2789 Νῦν
639 2737 748 2805 γὰρ
807 2739 1043 2808 τοσαύτη
1101 2738 1201 2807 τῆς
1257 2737 1577 2810 κυριότητος
1632 2739 1666 2807 ὴ
1722 2732 2049 2807 περιουσία,

380 2825 458 2888 ὼς
507 2826 640 2897 μηδέ
677 2826 815 2896 μετά
860 2827 958 2898 τὴν
991 2827 1238 2881 ἐντεῦθεν
1286 2828 1593 2897 ἀποδημίαν
1635 2828 1920 2880 ἐκπίπτειν
1953 2826 2051 2895 τῆς

381 2915 696 2980 δεσποτείας
717 2916 914 2980 αὐτῶν,
934 2917 1069 2970 ἀλλά
1091 2918 1210 2970 τότε
1230 2916 1462 2987 μάλιστα
1483 2916 1579 2969 τοῦ
1603 2917 1826 2987 κέρδους
1874 2915 2050 2969 αὐτῶν

381 3003 696 3068 ἀπολαύειν,
714 3006 840 3059 ὅταν
863 3006 1110 3061 ἐντεῦθεν
1143 3006 1484 3077 ἀπέλθωμεν.
1517 3007 1579 3058 Εἰ
1605 3006 1661 3058 δέ
1685 3007 1775 3058 καὶ
1817 3006 2050 3059 ἐνταῦθα

385 3091 563 3161 βούλει
597 3094 786 3164 κύριον
815 3095 944 3148 ὄντα
977 3095 1125 3157 ἰδεῖν,
1157 3095 1251 3147 καὶ
1279 3094 1436 3147 τοῦτο
1460 3092 1537 3164 τῷ
1563 3092 1780 3164 μοναχῷ
1821 3093 2046 3163 μᾶλλον,

380 3180 416 3252 ἦ
449 3180 524 3250 τῷ
551 3181 791 3253 βιωτικῷ
814 3183 1110 3253 συμϐαῖνον
1145 3181 1241 3236 ἴδοι
1267 3199 1349 3244 τις
1373 3182 1457 3236 ἄν.
1491 3180 1587 3243 Τίς
1614 3182 1740 3252 γάρ,
1773 3181 1893 3234 εἰπέ
1939 3199 2048 3250 μοι,

385 3269 751 3341 κυριώτερος;
781 3272 810 3323 ό
841 3270 1094 3323 δαπανῶν
1133 3269 1228 3322 καὶ
1254 3269 1428 3331 διδοὺς
1458 3269 1594 3339 μετά
1615 3268 1796 3333 ἀδείας
1826 3268 2048 3338 πολλῆς.

381 3359 416 3428 ἢ
449 3361 477 3412 6
508 3359 640 3430 μηδὲ
666 3359 906 3429 ἅψασθαι
936 3358 1147 3426 τολμῶν
1177 3357 1282 3410 ὐπὸ
1301 3357 1400 3427 τῆς
1431 3355 1734 3425 φειδωλίας,
1751 3356 1887 3411 ἀλλά
1922 3374 2053 3409 κατ-

384 3447 625 3519 ορύττων
681 3448 841 3512 αὐτὰ,
877 3451 973 3503 καὶ
1013 3449 1088 3512 ὡς
1117 3448 1413 3520 ἀλλοτρίων
1440 3449 1776 3518 ἀπεχόμενος
1814 3447 1923 3501 τῶν
1957 3449 2052 3500 αὐ-

384 3536 510 3602 τοῦ;
555 3539 586 3590 6
620 3537 797 3609 μάτην
833 3538 1138 3590 ἀναλίσκων
1169 3537 1262 3590 καὶ
1292 3537 1436 3608 εἰκῆ,
1480 3537 1567 3606 ἦό
1617 3535 1845 3599 δεόντως
1895 3536 2053 3589 τοῦτο

385 3625 586 3692 ποιῶν;
609 3628 638 3680 6
655 3627 892 3697 σπείρων
914 3625 1011 3698 τὴν
1043 3628 1166 3696 γῆν,
1196 3625 1229 3696 ἢ
1261 3627 1288 3678 6
1307 3625 1464 3678 τοῦτο
1486 3625 1850 3696 ἐργαζόμενος
1880 3627 1936 3677 ἐν
1964 3625 2054 3678 οὐ-

390 3713 571 3784 ρανῷ;
603 3715 632 3767 6
674 3714 748 3784 μὴ
795 3715 973 3768 πάντα
1002 3711 1450 3784 συγχωρούμενος
1489 3712 1558 3765 τά
1599 3712 1793 3766 ἐαυτοῦ
1829 3712 2049 3778 διδόναι,

387 3796 465 3866 οἷς
491 3801 557 3855 ἂν
585 3801 782 3862 ἐθέλοι,
812 3802 846 3873 ἢ
879 3804 908 3856 6
941 3802 1156 3856 πάντων
1183 3801 1598 3871 ἀπηλλαγμένος
1629 3799 1735 3853 τῶν
1763 3800 2054 3854 ἀπαιτούν-

385 3906 495 3944 των
520 3889 618 3953 τὰς
643 3889 896 3953 τοιαύτας
928 3889 1316 3960 συνεισφοράς;
1348 3885 1683 3956 Γεωργοῦντι
1711 3887 1806 3957 μὲν
1835 3887 1943 3958 γὰρ
1959 3888 2053 3941 καὶ

385 3976 896 4048 πραγματευομένῳ
935 3976 1117 4030 πολλοὶ
1153 3975 1488 4045 πανταχόθεν
1521 3974 1838 4042 ἐφίστανται
1865 3985 1888 4014 ο
1917 4014 1930 4039 ,
1965 3975 2054 4044 φό-

391 4081 518 4134 ρους
566 4064 963 4132 ἀναγκάζοντες
995 4062 1362 4126 κατατιθέναι,
1418 4061 1511 4114 καὶ
1550 4059 1611 4112 τὸ
1665 4061 1855 4114 ἐαυτοῦ
1889 4062 2051 4133 μέρος

386 4153 619 4216 ἕκαστος
646 4151 1029 4214 ἀπαιτοῦντες·
1062 4149 1140 4221 τῷ
1171 4149 1228 4202 δέ
1267 4150 1345 4214 είς
1391 4149 1517 4210 τοὺς
1562 4147 1847 4218 δεομένους
1875 4148 2054 4202 ἀναλί-

391 4255 542 4291 σκειν
592 4236 946 4307 ἐπιθυμοῦντι
999 4236 1174 4299 οὐδεὶς
1235 4234 1531 4304 οὐδαμόθεν
1585 4238 1831 4303 φανεῖται
1883 4230 2054 4288 ταῦτα

385 4324 651 4378 ἀπειλῶν·
687 4324 826 4376 ῶστε
857 4324 950 4376 καὶ
977 4322 1211 4375 ἐνταῦθα
1247 4323 1576 4393 κυριώτερος
1609 4314 1762 4385 οὗτός
1786 4324 1954 4376 ἐστιν.
1983 4324 2053 4374 Ἢ

387 4411 454 4465 ἂν
487 4411 586 4482 μέν
615 4411 841 4483 πόρναις
865 4409 1132 4482 ἀναλίσκῃ
1162 4409 1253 4462 καὶ
1276 4408 1474 4480 γαστρὶ
1496 4409 1588 4462 καὶ
1610 4408 1928 4479 παρασίτοις
1962 4411 2055 4462 καὶ

387 4497 607 4563 κόλαξι,
643 4499 736 4551 καὶ
763 4495 1100 4568 καταισχύνῃ
1126 4495 1224 4564 τὴν
1263 4493 1457 4548 ἑαυτοῦ
1489 4494 1665 4560 δόξαν,
1693 4495 1785 4547 καὶ
1812 4494 2054 4570 ἀπολλύῃ

386 4586 488 4656 τὴν
528 4583 821 4655 σωτηρίαν,
857 4583 950 4636 καὶ
982 4581 1380 4649 καταγέλαστος
1403 4581 1640 4651 γίνηται,
1672 4581 1860 4652 κύριον
1891 4582 2054 4635 αὐτὸν

387 4669 526 4728 εἶναι
556 4673 662 4743 φῂς
701 4671 807 4724 τῶν
829 4671 1233 4740 δαπανωμένων
1253 4687 1266 4701 ·
1301 4669 1366 4722 ἂν
1394 4670 1449 4723 δὲ
1482 4673 1560 4732 εἰς
1573 4669 1729 4736 δόξαν
1749 4671 1848 4741 τὴν
1878 4670 2053 4740 ἀληθῆ

389 4761 483 4815 καὶ
514 4759 779 4829 ὠφέλειαν
821 4760 914 4811 καὶ
956 4758 1016 4810 τὸ
1038 4757 1115 4828 τῷ
1148 4756 1267 4826 Θεῷ
1305 4755 1496 4810 δοκοῦν
1528 4757 1668 4827 μετά
1696 4757 1892 4829 πολλῆς
1915 4758 2055 4811 αὐτά

387 4848 601 4916 δαπανᾷ
631 4847 730 4916 τῆς
755 4846 1040 4908 συνέσεως,
1069 4845 1284 4910 οὐκέτι;
1311 4845 1518 4898 Οὐκοῦν
1547 4845 1732 4915 ὅμοιον
1785 4849 2052 4917 ποιήσεις,

386 4933 576 5005 ῶσπερ
601 4933 666 4987 ἂν
700 4933 747 4986 εἰ
768 4934 846 4995 είς
879 4933 973 5003 μὲν
1002 4933 1219 5002 ὀχετοὺς
1258 4930 1487 5002 ἀμαρῶν
1511 4933 1650 5003 ὁρῶν
1693 4950 1813 4986 τινα
1847 4933 2052 5004 ἐμϐάλ-

387 5019 549 5074 λοντα
595 5022 662 5072 τά
701 5018 913 5081 ἐαυτοῦ,
947 5017 1132 5088 κύριος
1170 5018 1275 5089 φῂς
1308 5013 1466 5080 εἶναι,
1497 5020 1576 5080 είς
1599 5017 1655 5070 δὲ
1681 5019 1867 5088 χρείας
1887 5021 2052 5088 ἀναγ-

386 5108 551 5171 καίας
578 5106 735 5160 τοῦτο
768 5105 1044 5170 ποιοῦντα,
1080 5106 1155 5167 ὡς
1183 5107 1282 5158 οὐκ
1331 5105 1520 5174 έχοντα
1561 5105 1670 5157 τῶν
1704 5105 2055 5176 ἀναλισκομέ-

388 5214 493 5251 νων
534 5195 778 5260 ἐξουσίαν
805 5194 1039 5264 θρηνεῖς.
1089 5195 1306 5248 Μᾶλλον
1331 5193 1387 5245 δέ
1417 5194 1477 5246 οὐ
1515 5197 1626 5257 τοῖς
1659 5194 1843 5258 ἁπλῶς
1882 5196 2055 5249 δαπα-

387 5284 669 5355 νωμένοις,
701 5282 836 5336 ἀλλά
877 5283 970 5336 καὶ
997 5284 1109 5346 τοῖς
1143 5283 1236 5335 ἐπὶ
1266 5282 1420 5353 κακῷ
1452 5283 1558 5335 τῶν
1589 5282 1782 5335 ἐαυτοῦ
1802 5284 2053 5351 κεφαλῶν

387 5371 512 5434 τούς
539 5369 811 5434 τοιούτους
844 5370 1210 5441 παραϐάλλειν
1237 5369 1265 5409 ἀ
1309 5372 1436 5442 χρή.
1468 5371 1703 5424 Ἑκεῖναι
1739 5371 1838 5441 μὲν
1867 5372 1975 5443 γὰρ
1998 5374 2052 5425 αἱ

388 5460 622 5516 δαπάναι
656 5459 1035 5531 λαμπρότερον
1056 5461 1149 5513 καὶ
1182 5461 1556 5533 εὐπορώτερον
1596 5462 1690 5515 καὶ
1724 5461 2054 5532 ἀσφαλέστε-

449 5616 644 5682 ‘_Uuu§
661 5617 756 5682 τῶν
776 5615 1092 5682 ἀνθρωπίνων,
1119 5616 1203 5665 alii
1223 5619 1317 5666 τῶν
1349 5618 1620 5682 ἀνθρώπων.
1649 5617 1776 5668 Infra
1800 5620 1896 5668 duo
1932 5633 2048 5668 mss.

385 5676 590 5726 πλοῦτον
611 5678 815 5735 ἀνέθετο,
845 5675 966 5724 editi
991 5679 1204 5727 ἀπέθετο.

448 5738 746 5807 ESicﬂunus
786 5739 942 5786 codex
992 5748 1045 5788 et
1081 5740 1229 5789 Savil.
1266 5741 1500 5793 Ediderat
1543 5742 1712 5793 Montl‘.
1737 5742 1817 5792 νῦν
1847 5745 1933 5792 οὐκ
1959 5746 2050 5792 ἔδει

387 5799 554 5848 ταῦτα.
581 5798 714 5846 Enrr.

453 5865 476 5923 ξ
504 5859 597 5923 ᾼΙὶἱ
618 5861 906 5923 πολλαχόθεν
938 5863 1288 5919 ἐπιστήσονται.

451 5919 482 5964 ⁸
505 5921 614 5972 Duo
638 5934 751 5974 mss.
772 5919 882 5978 τοὺς
907 5925 1033 5981 υἱοὺς
1052 5926 1386 5988 παραϐάλλων.

1175 334 1233 390 S.
1271 331 1556 391 JOANNIS
1595 334 2092 394 CHRYSOSTOMI
2128 333 2452 393 ARCHIEP.
2493 331 3044 391 CONSTANTINOP.

3732 331 3851 388 378

2166 470 2257 524 ρον
2298 451 2574 515 ποιοῦσιν,
2601 443 2762 505 αὗται
2801 451 2857 503 δέ
2873 451 2972 503 οὐκ
3016 448 3239 518 αἰσχρὸν
3289 450 3447 519 μόνον
3481 447 3599 502 οὐδέ
3620 449 3814 502 ἐπονεί

2159 539 2360 604 διστον,
2393 537 2529 592 ἀλλά
2573 539 2666 592 καὶ
2737 537 3013 600 ἀπωλείας
3046 535 3344 590 ὑπεύθυνον
3391 536 3577 606 τρόπῳ
3644 537 3840 592 παντί.

2231 623 2390 690 ιζ’.Τί
2415 625 2522 689 δαὶ,
2549 625 2688 696 μετά
2710 625 2908 696 γάμον,
2929 624 3181 695 (mat,le
3205 623 3522 690 παῖδας,οὐκ
3534 625 3611 677 ἔνι
3628 623 3846 696 ταύτης

2158 713 2512 767 ἐπιλαϐέσθαι
2553 714 2653 784 τῆς
2697 713 3016 783 φιλοσοφίας
3051 713 3107 765 ἐν
3134 711 3282 783 αὐτῷ
3308 711 3386 782 τῷ
3423 714 3569 784 γήρα
3608 714 3843 784 γενόμε⁸

2157 820 2246 856 νον
2271 821 2284 868 ;
2315 804 2424 858 Καὶ
2444 804 2526 867 τίς
2548 806 2678 875 ἡμῖν
2699 804 3053 874 ἐγγυήσεται,
3088 801 3302 874 πρῶτον
3333 802 3450 872 μὲν,
3469 803 3548 856 ὅτι
3575 805 3658 866 είς
3678 802 3842 873 ἔσχα-

2157 908 2247 944 τον
2261 891 2464 962 ἥξομεν
2489 891 2558 961 γῆ
2568 908 2684 961 ρας,
2708 891 2959 960 δεύτερον
2983 890 3060 948 δέ.
3086 891 3169 942 ὃτι
3196 888 3440 952 ἐλθόντες
3463 891 3679 954 πάντως
3703 891 3843 944 ταύ-

2157 997 2257 1051 την
2282 979 2646 1052 διατηροῦμεν
2669 979 2766 1050 τὴν
2793 978 3052 1049 γνώμην;
3085 977 3222 1032 Οὔτε
3272 977 3382 1048 γὰρ
3410 979 3506 1048 τῆς
3531 981 3586 1031 ἐν
3615 981 3684 1049 τῇ
3719 979 3838 1050 ζωῇ

2158 1067 2333 1138 κύριοι
2381 1067 2720 1137 προθεσμίας
2747 1067 2941 1136 ἐσμέν·
2985 1065 3259 1119 καὶτοῦτο
3293 1064 3613 1118 ἐπαίδευσεν
3631 1069 3660 1121 6
3683 1066 3838 1119 Παῦ-

2156 1154 2244 1216 λος
2275 1155 2449 1223 λέγων
2485 1166 2509 1193 θ
2527 1173 2542 1186 ·
2585 1155 2645 1209 Ἠ
2664 1153 2854 1223 ἡμέρα
2875 1153 3118 1222 Κυρίου,
3150 1154 3231 1218 ὡς
3250 1152 3514 1220 κλέπτης
3542 1154 3836 1215 ἐννυκτι,

2156 1242 2344 1308 οὕτως
2384 1243 2651 1312 ἔρχεται·
2705 1241 2828 1294 οὐτε
2883 1242 2977 1293 ἐπὶ
3022 1241 3123 1311 τῆς
3180 1241 3352 1310 αὐτῆς
3401 1241 3489 1293 ἀεὶ
3524 1241 3840 1312 προθυμίας

2161 1328 2308 1399 μένει
2331 1329 2398 1382 τά
2429 1329 2536 1382 τῶν
2565 1328 2840 1399 λογισμῶν
2872 1331 3023 1399 ἡμῖν.
3069 1329 3179 1382 Καὶ
3225 1327 3315 1381 διὰ
3346 1327 3502 1381 τοῦτο
3546 1327 3711 1397 σοφός
3750 1345 3840 1391 τις

2158 1419 2414 1487 παραινεῖ
2452 1417 2656 1485 λέγων·
2697 1416 2793 1484 Μὴ
2819 1415 3078 1485 ἀνάμενε
3125 1417 3484 1484 ἐπιστρέψαι
3536 1417 3690 1484 πρὸς
3723 1418 3841 1469 Κύ-

2149 1521 2304 1572 ριον,
2341 1504 2492 1572 μηδὲ
2509 1502 2856 1558 ἀναϐάλλου
2884 1505 3110 1572 ἡμέραν
3131 1504 3200 1569 ἐξ
3223 1504 3465 1572 ἡμέρας,
3494 1505 3568 1574 μή
3605 1521 3740 1557 ποτε
3761 1505 3841 1566 ὡς

2161 1591 2373 1662 μέλλεις
2426 1592 2748 1663 ἐκτριϐήσῃ,
2798 1592 2897 1645 καὶ
2940 1592 3010 1644 ἐν
3041 1591 3224 1660 καιρῷ
3258 1589 3408 1663 [107]
3459 1591 3840 1659 ἐκδικήσεως

2154 1678 2358 1748 ἐξολῇ.
2389 1679 2531 1732 Εἱδέ
2562 1681 2656 1732 καί¹
2692 1679 2857 1750 μηδὲν
2886 1679 3089 1733 τούτων
3120 1681 3314 1750 ἄδηλον
3365 1676 3452 1750 ἦν,
3487 1679 3607 1733 οὐδὲ
3655 1680 3842 1744 οὔτως

2156 1766 2551 1820 ἀναϐάλλεσθαι
2581 1766 2686 1840 ἔδει
2709 1768 2834 1830 τοὺς
2875 1768 3031 1830 υἱεῖς,
3064 1767 3184 1820 οὐδέ
3223 1767 3494 1837 τοσαύτην
3532 1769 3840 1840 γινομένην

2154 1855 2353 1927 ζημίαν
2377 1857 2663 1928 περιορᾷν.
2695 1856 2806 1908 Καὶ¹
2841 1856 2948 1927 γὰρ
2985 1857 3082 1926 τῆς
3114 1856 3349 1927 ἐσχάτης
3372 1856 3596 1924 ἀλογίας
3626 1856 3697 1910 ἂν
3720 1858 3838 1927 εἰη,

2152 1945 2281 1998 ὅταν
2309 1945 2409 2014 μὲν
2435 1944 2621 2013 δέηταί
2648 1942 2901 2014 βοηθείας
2941 1946 2969 1997 6
2997 1943 3114 2007 νέος
3151 1945 3195 2006 ί,
3228 1946 3322 1997 καὶ
3353 1945 3583 2015 σφοδρὸς
3623 1946 3655 1997 6
3705 1948 3840 2000 ἀντ⁸

2153 2031 2463 2100 ἀγωνιστὴς
2495 2031 2795 2100 ἐφεστήκῃ,
2816 2030 3059 2082 κελεύειν
3086 2033 3200 2093 τοῖς
3220 2030 3312 2084 τοῦ
3341 2031 3455 2101 βίου
3485 2031 3840 2103 ἐμφύρεσθαι

2153 2118 2493 2187 πράγμασιν,
2546 2116 2686 2170 ὥστε
2734 2116 2988 2185 γενέσθαι
3020 2117 3369 2188 εὐχείρωτον·
3403 2119 3531 2170 ὅταν
3571 2118 3627 2170 δέ
3685 2119 3834 2191 λάϐῃ

2157 2205 2326 2276 μυρία
2345 2205 2656 2276 τραύματα,
2675 2204 2770 2256 καὶ
2797 2203 2932 2275 μηδέ
2953 2205 3013 2256 τὺ
3029 2203 3188 2274 τυχὸν
3204 2204 3301 2277 ἔχῃ
3321 2205 3484 2276 μέρος
3507 2205 3682 2274 ὑγιὲς,
3705 2207 3834 2259 τότε

2153 2291 2499 2355 καθοπλίξειν
2528 2292 2624 2344 καὶ
2657 2290 2945 2363 διεγείρειν
2974 2291 3224 2362 κείμενον
3250 2292 3350 2362 ήδη
3397 2293 3490 2344 καὶ
3523 2292 3831 2364 ἐξησθενη-

2153 2379 2304 2432 κὸτα.
2339 2379 2466 2443 Ναὶ,
2494 2379 2655 2449 φησί·
2685 2379 2806 2432 τότε
2840 2379 2950 2450 γὰρ
2976 2377 3195 2442 εὔκολος
3219 2381 3252 2450 ή
3279 2379 3445 2450 πάλη,
3472 2379 3593 2432 τότε
3619 2381 3775 2451 ῥᾴων
3796 2385 3832 2452 ἡ

2155 2468 2326 2538 μάχη,
2356 2465 2463 2520 τῶν
2504 2465 2812 2536 ἐπιθυμιῶν
2851 2466 3200 2520 σϐεσθεισῶν.
3233 2467 3367 2520 Ποία
3399 2467 3572 2538 μάχη,
3608 2468 3833 2532 οὐδενὸς

2151 2554 2302 2616 ὄντος
2334 2555 2465 2624 ἡμῖν
2494 2553 2586 2606 τοῦ
2618 2553 3014 2620 πυκτεύοντος;
3042 2553 3143 2608 Διά
3163 2555 3273 2626 γάρ
3301 2555 3457 2609 τοῦτο
3483 2556 3602 2609 οὐδὲ
3621 2558 3674 2609 οἱ
3709 2558 3835 2610 στέ-

2152 2658 2311 2709 φανοι
2347 2641 2590 2711 λαμπροὶ
2622 2641 2808 2694 λοιπὸν
2848 2641 3082 2696 ἔσονται.
3120 2642 3422 2712 Μακάριος
3454 2643 3561 2715 γὰρ
3613 2644 3686 2710 ὃς
3717 2640 3832 2713 ἦρε

2152 2727 2329 2798 ζυγὸν
2374 2731 2400 2768 ε
2442 2729 2512 2782 ἐκ
2562 2730 2846 2796 νεότητος
2869 2729 3087 2784 αὐτοῦ·
3113 2731 3420 2784 καθίσει-αι
3444 2731 3594 2784 κατὰ
3603 2731 3828 2800 μόνας,

2152 2816 2250 2868 καὶ
2275 2815 2668 2882 σιωπήσεται.
2699 2809 2868 2880 Οὗτος
2899 2816 3106 2888 μυρίων
3147 2817 3386 2872 ἐπαίνων
3411 2818 3557 2882 ἄξιος
3586 2818 3685 2872 καὶ
3721 2835 3831 2888 μα-

2152 2906 2435 2978 καρισμῶν
2465 2906 2561 2958 καὶ
2593 2904 2901 2976 εὐφημιῶν,
2932 2907 2961 2958 ὁ
2991 2903 3322 2975 μαινομένην
3352 2905 3583 2975 χαλινῶν
3597 2905 3701 2975 τὴν
3722 2905 3827 2974 φύο

2154 3009 2256 3057 σιν,
2285 2993 2378 3046 καὶ
2403 2994 2461 3046 ἐν
2485 2993 2622 3064 αὐτῇ
2640 2992 2734 3046 τοῦ
2761 2991 3027 3062 χειμῶνος
3041 2995 3108 3063 τῇ
3132 2994 3282 3064 ἀκμῇ
3305 2992 3584 3056 διασώζων
3611 2993 3674 3046 τὸ
3699 2993 3828 3048 σκά-

2153 3097 2272 3150 φος.
2321 3079 2469 3152 Πλὴν
2493 3079 2628 3132 ἀλλά
2666 3078 2832 3150 μηδὲν
2860 3079 2999 3150 ὐπέρ
3019 3078 3228 3133 ’τούτων
3262 3079 3673 3150 φιλονεικῶμεν,
3708 3080 3824 3132 ἀλλ’

2153 3168 2293 3222 ἔστω
2326 3168 2470 3239 μάχη
2512 3168 2607 3222 καὶ
2642 3167 2787 3233 τότε,
2826 3169 2874 3220 εί
2928 3167 3126 3237 βούλει.
3164 3167 3306 3221 Ἀλλ’
3337 3170 3384 3220 εί
3424 3169 3521 3238 μέν
3555 3169 3640 3237 ἐφ’
3691 3170 3826 3238 ἡμῖν

2154 3256 2318 3310 ἔκειθ’
2353 3259 2382 3309 6
2424 3255 2518 3310 τοῦ
2559 3256 2767 3324 ἀγῶνος
2797 3257 3006 3327 καιρὸς,
3038 3255 3219 3319 καλῶς
3257 3258 3463 3309 ἐκεῖνον
3483 3256 3826 3326 ἀνεμένομεν

2154 3340 2245 3394 τὸν
2276 3341 2489 3412 χρόνον·
2517 3342 2567 3392 εἰ
2600 3340 2656 3392 δὲ
2713 3340 2890 3392 πάντα
2916 3340 3009 3392 τὸν
3042 3341 3284 3412 παρόντα
3312 3340 3422 3410 βίον
3459 3339 3826 3408 ἀγωνίζεσθαι

2155 3425 2292 3495 χρὴ,
2311 3427 2375 3477 ἐκ
2390 3422 2613 3494 πρώτης
2644 3422 2862 3492 ἡλικίας
2885 3422 3188 3493 ἀρξάμενον
3211 3422 3410 3485 εὐθέως
3429 3464 3443 3487 ,
3466 3423 3558 3474 καὶ
3590 3421 3826 3491 δεκαετῆ

2154 3508 2410 3576 γεγονότα
2434 3507 2560 3575 (καὶ
2585 3504 2694 3576 γάρ
2713 3504 2774 3568 ἐξ
2795 3505 3010 3565 ἐκείνης
3036 3503 3246 3574 ἀνάγκη
3293 3505 3387 3574 τῆς
3413 3503 3629 3573 ήλικίας
3650 3505 3825 3556 ἀπαι-

2152 3591 2360 3644 τεῖσθαι
2380 3591 2489 3643 τῶν
2522 3591 2933 3660 ἁμαρτημάτων
2961 3586 3221 3652 εὐθύνας,
3243 3591 3337 3641 καὶ
3367 3587 3585 3658 δηλοῦσι
3620 3585 3690 3639 τὰ
3720 3604 3826 3639 κα-

2153 3673 2499 3744 ταϐρωθέντα
2545 3672 2649 3725 ὑπὸ
2694 3671 2802 3725 τῶν
2830 3671 3050 3743 ἄρκτων
3102 3671 3289 3725 παιδία
3331 3672 3423 3724 ἐπὶ
3455 3673 3566 3734 τοῖς
3603 3674 3683 3732 είς
3731 3670 3828 3722 τὸν

2165 3756 2464 3811 Ἐλισσαῖον
2497 3754 2946 3826 σκώμμασι),καὶ
2975 3753 3072 3808 νῦν
3106 3757 3170 3807 ἐκ
3192 3753 3394 3825 ταύτης
3433 3753 3683 3807 παλαίειν
3714 3753 3825 3822 χρὴ

2153 3847 2249 3916 τῆς
2267 3845 2502 3916 ἡλικίας,
2528 3845 2585 3894 ἐν
2610 3837 2752 3915 καὶ
2766 3842 3068 3912 ἐφέστηκεν
3092 3844 3120 3895 6
3136 3841 3367 3912 πόλεμος
3393 3841 3626 3911 χαλεπὸν
3642 3840 3827 3893 πνέων

2154 3928 2274 3982 καθ’
2303 3927 2478 3998 ήμῶν,
2503 3925 2665 3978 πόθεν
2687 3920 2778 3979 οῦν
2808 3926 2871 3978 σὺ
2899 3926 2990 3978 τὸν
3023 3927 3212 3995 καιρὸν
3233 3927 3440 3978 ἐκεῖνον
3473 3925 3582 3986 τοῖς
3613 3921 3827 3990 ἀγῶσιν

2154 4011 2384 4082 ὁρίζεις;
2411 4010 2472 4060 Ei
2505 4007 2602 4078 μὲν
2625 4007 2734 4078 γάρ
2748 4008 2842 4061 καὶ
2857 4007 2932 4076 τῷ
2958 4007 3188 4076 διαϐόλῳ
3207 4007 3393 4078 κύριος
3413 4003 3480 4077 ἧς
3512 4007 3828 4058 ἐπιτάττειν

2157 4096 2232 4166 μὴ
2279 4091 2583 4147 ἐπικεῖσθαι
2634 4091 2766 4161 μηδέ
2799 4092 3108 4156 πυκτεύειν,
3139 4089 3281 4161 εἶχεν
3313 4090 3376 4144 ἄν
3400 4091 3522 4144 τινά
3552 4107 3633 4142 σοι
3661 4090 3827 4158 λόγον

2155 4179 2291 4249 α’ύτη
2315 4179 2348 4248 ή
2379 4176 2699 4247 παραίνεσις
2719 4191 2730 4202 ·
2765 4176 2814 4226 εί
2840 4175 2898 4226 δὲ
2927 4177 3132 4227 ἐκεῖνον
3152 4174 3310 4243 ἀφεὶς
3331 4171 3693 4242 ἀγωνίζεσθαι
3727 4173 3830 4225 καὶ

2152 4264 2395 4326 τύπτειν,
2425 4262 2548 4332 ἐμοὶ
2571 4260 2879 4330 νομοθετεῖς
2906 4257 3229 4329 ἡσυχάζειν,
3265 4257 3464 4326 μᾶλλον
3492 4256 3547 4308 δὲ
3574 4256 3667 4308 καὶ
3690 4257 3832 4308 ὐπο-

2155 4345 2568 4398 κατακλίνεσθαι
2605 4343 2834 4409 ἐκόντα,
2869 4345 2927 4395 τί
2979 4340 3182 4408 ταύτης
3211 4340 3312 4409 τῆς
3344 4340 3604 4410 ἐπηρείας
3638 4342 3831 4410 χεῖρον

2154 4429 2350 4496 γένοιτ’
2373 4427 2460 4494 ἂν,
2489 4426 2584 4480 τοῦ
2610 4425 2869 4497 πολεμίου
2904 4423 3254 4496 μαινομένου,
3289 4423 3380 4475 τὸν
3416 4422 3831 4492 πολεμούμενον

2154 4510 2496 4579 ἀφοπλίζειν,
2533 4510 2626 4562 καὶ
2655 4510 2797 4562 οὕτω
2838 4511 2959 4572 ταῖς
2981 4509 3192 4561 ἐκείνου
3229 4507 3385 4577 χερσὶ
3424 4505 3827 4574 παραδιδόναι;

2155 4596 2292 4658 Νέος
2330 4594 2445 4646 ἐστὶ
2475 4593 2566 4645 καὶ
2591 4591 2824 4661 ἀσθενής
2841 4607 2854 4654 ;
2873 4589 3066 4642 οὐκοῦν
3088 4587 3177 4641 διὰ
3191 4587 3349 4640 τοῦτο
3371 4587 3613 4650 πλείονος
3639 4587 3832 4656 ἀσφα-

2153 4678 2302 4740 λείας
2324 4677 2524 4730 δεῖται·
2554 4673 2853 4742 ἀσφαλείας
2869 4673 2924 4725 δὲ
2947 4671 3218 4742 δεόμενος,
3242 4671 3336 4723 καὶ
3355 4669 3671 4740 ἐπιμελείας
3697 4669 3833 4743 δεή-

2155 4778 2308 4813 σεται
2335 4758 2595 4820 πλείονος.
2622 4756 2726 4810 Τὸν
2750 4757 2806 4810 δὲ
2829 4755 3066 4808 τοιοῦτον
3097 4758 3154 4808 ἐν
3181 4754 3392 4825 γαλήνῃ
3413 4753 3703 4816 διαπαντὸς
3729 4757 3832 4806 καὶ

2155 4842 2353 4914 ἡσυχίᾳ
2377 4839 2517 4894 εἶναι
2548 4841 2649 4902 δεῖ,
2669 4841 2768 4893 οὐκ
2784 4841 2862 4902 εἰς
2895 4839 3194 4908 πράγματα
3217 4837 3580 4908 ἐμϐάλλεσθαι
3610 4836 3663 4899 1³,
3697 4836 3831 4890 οὐδέ

2155 4927 2213 4977 ἐν
2241 4925 2318 4995 τῷ
2364 4925 2514 4994 μέσῳ
2549 4922 2908 4993 στρέφεσθαι,
2949 4920 3078 4974 ἔνθα
3121 4919 3286 4984 πολὺς
3325 4919 3621 4990 ὀ’θόρυϐος
3661 4919 3762 4971 καὶ
3792 4923 3828 4989 ἡ

2153 5008 2385 5078 ταραχή.
2423 5007 2495 5059 Σύ
2516 5006 2574 5059 δὲ
2603 5001 2683 5068 οἷς
2727 5007 2757 5057 ὁ
2791 5006 3024 5074 πόλεμος
3061 5003 3438 5075 χαλεπώτερος
3477 5005 3571 5056 καλ⁵
3599 5003 3691 5055 διά
3721 5003 3830 5072 τὴν

2154 5091 2365 5161 ἠλικίαν
2400 5103 2445 5156 ι,
2473 5091 2566 5143 καὶ
2594 5089 2682 5143 διὰ
2705 5089 2803 5158 τὴν
2829 5088 3133 5151 ἀσθένειαν,
3166 5089 3258 5140 καὶ
3301 5087 3389 5140 διὰ
3416 5085 3512 5156 τὴν
3538 5087 3828 5157 ἀπειρίαν,

2216 5245 2236 5266 ⁸
2273 5244 2378 5292 Duo
2400 5255 2513 5290 mss.
2544 5246 2596 5289 et
2619 5241 2770 5289 Savil.
2793 5241 3067 5303 ἐπαίδευσεν
3087 5243 3114 5289 6
3132 5241 3335 5303 Χριστὸς
3353 5241 3519 5300 λέγων.
3545 5238 3672 5303 Infra
3686 5240 3831 5289 locus

2154 5303 2486 5354 Ecclesiastici
2507 5304 2652 5352 aliter
2665 5305 2798 5364 jacet
2823 5305 2874 5351 in
2895 5302 3042 5351 editis
3060 5301 3187 5352 LXX
3203 5304 3526 5364 interpretum
3551 5308 3604 5349 et
3625 5301 3677 5348 in
3703 5303 3831 5351 γυιο

2153 5373 2375 5477 8³ίῦίὴιο
2396 5440 2514 5506 [οἷς.
2537 5428 2564 5474 ὁ
2583 5426 2700 5486 νέος,
2723 5431 2775 5476 et
2797 5427 2869 5475 sic
2897 5424 3021 5488 legit
3041 5427 3306 5486 interpres.
3333 5421 3466 5474 Editi
3496 5425 3523 5472 6
3550 5423 3665 5479 υἱός.
3691 5423 3819 5475 Ibid.

2153 5505 2253 5592 un:
2258 5505 2416 5601 5631030
2421 5506 2554 5610 €36»;
2579 5549 2737 5613 βαρύν.
2766 5547 2882 5613 Ibid.
2907 5549 3004 5613 diuo
3026 5547 3331 5613 πιδειμυρίων
3354 5547 3601 5613 θαυμάτων
3632 5547 3804 5605 ἄξιος..

2154 5609 2707 5686 εὐφημίαςλςαυιρρὺξι
2738 5611 2820 5683 alii
2863 5612 2955 5658 ὐπὸ
2972 5613 3067 5658 τῶν
3090 5609 3265 5672 ἄρχων.
3296 5609 3420 5657 Infra
3445 5610 3595 5658 Savil.
3621 5617 3677 5657 et
3700 5623 3810 5662 ms.

2152 5674 2375 5740 χαλεπόν,
2403 5674 2574 5723 Morel.
2599 5674 2834 5734 χαλεπῶς.
3525 5734 3531 5740 .

2214 5737 2241 5774 ll
2267 5738 2350 5786 Sic
2369 5742 2504 5783 recte
2528 5735 2679 5783 Saxil.
2695 5748 2757 5782 ex
2778 5747 2876 5795 quo
2895 5732 3184 5794 scripturam
3210 5731 3575 5788 Montfaucomi,
3590 5732 3816 5784 axem.-

2155 5802 2279 5853 σθαι,
2302 5795 2622 5846 correximus.
2649 5795 2783 5845 Ευιτ.

2217 5863 2231 5899 i
2263 5861 2408 5910 Savil.
2438 5865 2492 5906 et
2518 5858 2672 5906 Morel
2716 5860 2826 5917 post
2854 5856 3040 5914 ἡλικίαν
3064 5857 3135 5905 sic
3169 5855 3369 5911 habent.
3409 5855 3487 5901 καὶ
3526 5855 3603 5903 διὰ
3624 5855 3706 5902 τὸν
3736 5854 3816 5906 θό-

2150 5925 2308 5985 ρυϐον,
2331 5935 2440 5983 ηυδε
2463 5921 2512 5970 in
2537 5933 2650 5970 mss.
2673 5919 2872 5981 desunt,
2902 5931 2992 5967 nec
3015 5917 3071 5968 ab
3101 5920 3376 5980 interprete
3400 5918 3526 5966 lecta
3556 5923 3689 5966 sunt.
