4116 6392
374 433 478 487 ΞΠ

371 637 584 706 quidem
613 639 680 693 ad
705 654 819 705 eos,
852 642 940 711 qui
964 642 1351 712 spiritualiores
1380 657 1523 712 sunt,
1555 649 1692 703 dicta
1719 652 1842 703 sint.
1890 650 1944 704 Si

369 731 456 798 qui
490 746 618 785 vero
643 733 749 785 sint
782 736 1021 803 corporis
1080 748 1341 804 amantes,
1389 749 1547 808 atque
1587 742 1710 795 huic
1750 745 1946 797 saeculo

366 822 578 889 penitus
608 823 823 888 addicti,
885 825 950 879 iis
981 826 1107 880 illud
1151 827 1402 895 dixerim,
1456 834 1627 899 primo
1674 834 1940 888 incertum

367 927 486 965 esse
511 928 576 967 an
605 930 669 968 ex
700 916 1041 972 matrimonio
1074 919 1166 972 lilii
1193 921 1626 992 sintsequuturi;
1682 925 1939 989 secundo,

360 1004 409 1056 si
434 1014 736 1072 nascantur,
768 1008 1020 1076 majorem
1067 1024 1188 1065 esse
1225 1014 1469 1066 maeroris
1519 1028 1775 1067 causam:
1834 1032 1938 1068 non

358 1098 500 1150 enim
532 1106 733 1153 tantum
762 1100 981 1166 ltetitize,
1007 1113 1261 1171 quantum
1287 1106 1530 1160 mceroris
1558 1107 1865 1174 accipimus,
1910 1124 1938 1160 a

358 1188 664 1256 quotidiana
683 1192 821 1246 circa
847 1208 942 1247 eos
967 1195 1343 1263 sollicitudine,
1372 1198 1639 1253 anxietate
1651 1210 1702 1254 et
1726 1201 1935 1255 timore.

357 1279 423 1334 Et
449 1282 555 1345 cui,
588 1282 757 1351 dices,
791 1284 1156 1354 relinquemus
1182 1303 1357 1356 agros,
1414 1290 1620 1355 domos,
1671 1307 1855 1346 servos
1883 1305 1938 1348 et

356 1372 581 1427 aurum?
607 1390 727 1427 nam
753 1386 807 1429 et
835 1376 949 1431 bare
976 1393 1187 1447 quoque
1213 1380 1331 1433 illos
1357 1392 1742 1451 conquerentes
1756 1383 1932 1438 audio.

354 1463 415 1516 Ei
446 1465 706 1533 profecto,
735 1469 823 1536 qui
851 1468 965 1522 lucc
991 1479 1144 1523 antea
1176 1471 1495 1527 hereditario
1520 1474 1638 1542 jure
1660 1490 1935 1543 possessu-

350 1569 441 1608 rus
467 1566 601 1621 erat,
626 1574 872 1627 nuncque
902 1568 1046 1613 tanto
1067 1562 1255 1631 magis,
1304 1578 1463 1632 quam
1518 1565 1682 1633 prius,
1731 1578 1931 1635 quanto

351 1651 543 1702 horutn
562 1651 724 1704 tutior
742 1662 920 1706 custos
946 1662 999 1707 et
1028 1653 1274 1710 dominus
1297 1655 1502 1710 futurus
1524 1667 1624 1710 est.
1642 1657 1766 1711 Ηωο
1789 1659 1928 1713 enim

347 1749 501 1793 antea
521 1742 681 1794 multa
711 1744 1139 1811 peswmdabant,
1177 1746 1347 1809 linem,
1374 1747 1678 1801 diuturnum
1717 1759 1929 1817 tempus

354 1831 509 1897 edax,
543 1832 711 1899 fures,
742 1836 1104 1906 sycophantm,
1162 1837 1343 1904 invidi,
1397 1839 1558 1892 futuri
1588 1840 1924 1907 incertitudo,

351 1920 700 1978 humanarum
751 1943 928 1981 rerum
956 1928 1293 1995 instabilitas,
1350 1947 1493 1985 mors
1547 1932 1756 1987 tandem
1807 1935 1918 2003 ipsa

343 2024 395 2067 et
422 2017 660 2083 pecuniis
684 2028 737 2071 et
760 2020 1189 2087 possessionibus
1210 2022 1324 2076 istis
1351 2022 1516 2076 filium
1547 2032 1691 2079 tuum
1721 2026 1925 2094 privas-

342 2117 463 2160 set:
524 2125 665 2163 nunc
719 2126 847 2164 vero
897 2113 1145 2166 omnibus
1199 2112 1316 2167 istis
1368 2116 1672 2183 superiores
1713 2115 1923 2172 divitias

341 2203 601 2269 reposuit,
632 2203 750 2257 loco
778 2204 1064 2259 inviolabili
1084 2216 1318 2274 reperto,
1348 2207 1412 2260 ad
1438 2223 1595 2277 quem
1618 2209 1747 2263 nulli
1774 2226 1916 2278 pra:-

339 2293 598 2347 dictarunt
622 2295 847 2363 pestium
870 2295 1044 2350 aditus
1095 2311 1215 2350 esse
1256 2306 1448 2366 potest.
1496 2299 1545 2352 Is
1594 2315 1721 2353 vero
1772 2300 1920 2355 locus

337 2384 524 2436 ctelum
553 2395 654 2447 est,
685 2386 844 2440 nullis
872 2387 1078 2441 insidiis
1125 2389 1384 2456 pervium,
1427 2390 1571 2443 omni
1603 2400 1757 2445 terra:
1802 2393 1918 2447 solo

336 2477 583 2543 feracius,
609 2488 767 2548 atque
791 2479 987 2549 ingenti
1028 2496 1149 2534 cum
1195 2481 1399 2536 faenore
1422 2481 1784 2553 depositarum
1816 2499 1913 2553 pe-

332 2570 605 2624 cuniarum
634 2570 836 2626 fructus
861 2572 1137 2627 metendos
1162 2574 1404 2642 praebens
1434 2574 1500 2629 iis
1520 2574 1608 2644 qui
1638 2575 1779 2644 ipsas
1816 2576 1911 2631 de-

331 2661 626 2728 posuerint.
658 2661 773 2716 Non
803 2663 963 2733 igitur
991 2679 1053 2718 ea
1082 2664 1243 2718 verba
1267 2664 1489 2719 dicenda
1520 2675 1696 2733 erant,
1727 2666 1823 2723 sed
1867 2668 1911 2723 si

329 2751 474 2807 filius
501 2756 774 2809 sazcularis
812 2772 932 2810 esse
957 2756 1250 2823 maluisset,
1308 2766 1433 2811 tunc
1486 2756 1720 2812 ﬂendum
1774 2769 1907 2827 erat,

328 2852 452 2898 tunc
476 2845 756 2901 dicendum
789 2865 803 2901 :
833 2847 931 2902 Cui
959 2863 1115 2917 agros
1142 2848 1525 2918 relinquemus,
1557 2851 1641 2904 cui
1690 2866 1905 2918 aurum,

326 2936 408 2989 cui
431 2937 680 3001 pecunias
712 2939 979 3007 reliquas?

397 3029 498 3095 Qui
525 3047 761 3099 pecunias
788 3032 1001 3102 largitur
1018 3072 1034 3095 ,
1069 3032 1231 3085 verius
1256 3048 1508 3103 possessor
1525 3042 1617 3096 est,
1640 3050 1790 3105 quant
1818 3037 1909 3102 qui

323 3124 565 3177 recondit.
588 3154 655 3164 —
686 3125 837 3180 Nunc
860 3135 1035 3180 autem
1069 3134 1212 3180 tanta
1239 3127 1590 3196 possessionis
1610 3137 1665 3183 et
1686 3128 1904 3183 dominii

322 3216 475 3282 copia
503 3225 605 3281 est,
635 3226 693 3269 ut
719 3233 783 3271 ne
812 3226 930 3285 post
964 3217 1167 3271 obitum
1197 3217 1407 3286 quidem
1430 3218 1519 3271 illa
1543 3218 1780 3283 excidat;
1812 3221 1904 3274 sed

321 3316 446 3360 tunc
475 3308 702 3362 maxime
731 3324 913 3363 eorum
944 3309 1092 3361 lucro
1130 3308 1333 3362 fruatur
1363 3324 1482 3362 cum
1511 3308 1633 3363 hinc
1657 3325 1903 3365 excesse-

319 3404 504 3454 rimus.
538 3402 687 3466 Quod
728 3402 770 3454 si
818 3401 901 3455 hic
946 3416 1154 3470 quoque
1194 3416 1377 3455 eorum
1405 3401 1675 3455 dominum
1701 3412 1754 3457 et
1781 3418 1905 3471 pos-

318 3508 581 3545 sess-orem
612 3494 789 3545 videre
832 3493 1033 3560 cupias,
1081 3492 1129 3545 id
1163 3508 1371 3562 quoque
1415 3494 1674 3548 monacho
1715 3496 1898 3564 tnagiS.

316 3605 472 3656 quam
499 3586 737 3641 sreeulari
775 3586 1062 3654 continget.
1092 3584 1221 3651 Quis
1247 3585 1409 3647 enim,
1443 3584 1528 3638 die
1552 3585 1700 3648 mihi,
1726 3588 1900 3653 potius

317 3679 561 3732 dominus
591 3686 689 3743 est,
724 3678 836 3730 isne
866 3676 953 3744 qui
991 3690 1177 3743 magna
1206 3690 1324 3729 cum
1366 3674 1610 3727 libertate
1641 3674 1902 3745 impendit

316 3780 369 3824 et
399 3771 635 3839 largitur,
672 3785 737 3822 an
767 3768 810 3821 is
833 3767 921 3834 qui
951 3782 1059 3833 pra:
1087 3765 1305 3818 avaritia
1345 3780 1411 3818 ne
1438 3764 1743 3833 contingere
1783 3765 1901 3833 qui-

315 3865 435 3919 dem
466 3864 640 3927 audet,
674 3860 767 3915 sed
794 3858 1009 3912 suffodit
1051 3872 1134 3920 ca,
1174 3855 1241 3909 ab
1288 3855 1456 3923 iisque
1502 3854 1732 3907 abstinet
1772 3864 1899 3907 tant-

314 3971 472 4025 quam
499 3952 597 4006 sibi
624 3951 846 4005 alienis?
867 3948 955 4018 qui
970 3948 1058 4001 illa
1076 3947 1301 4000 inaniter
1319 3961 1380 3999 ac
1396 3955 1595 3999 temere
1617 3945 1894 4013 impendit,

262 4050 263 4053 “
314 4068 381 4103 an
414 4048 501 4119 qui
531 4046 584 4100 id
618 4044 995 4099 convenienter
1024 4040 1161 4111 agit?
1188 4039 1274 4109 qui
1303 4039 1528 4093 seminat
1555 4038 1609 4092 in
1643 4045 1804 4100 terra,
1827 4054 1894 4091 an

240 5928 269 5961 θ’

313 4142 403 4211 qui
431 4141 482 4193 in
507 4137 680 4192 εαξιοῖ
714 4134 798 4189 cui
827 4149 921 4187 sua
963 4132 1138 4186 omnia
1178 4130 1370 4200 quibus
1412 4130 1638 4183 voluerit
1676 4144 1897 4197 erogare

314 4248 419 4286 non
462 4228 802 4299 permittitur,
847 4241 912 4278 an
950 4224 1038 4293 qui
1068 4224 1135 4277 ab
1175 4219 1707 4287 omnibusejusmodi
1734 4220 1897 4273 vecti-

312 4324 444 4393 galia
490 4321 821 4390 exigentibus
868 4317 1000 4370 liber
1029 4313 1227 4368 evasit?
1279 4311 1539 4381 Agricolae
1575 4325 1804 4380 namque
1840 4319 1897 4365 et

312 4411 623 4483 negotiatori
656 4409 803 4463 multi
837 4407 1066 4473 undique
1093 4411 1217 4456 sunt
1244 4402 1439 4456 tributa
1472 4400 1775 4504 persolvere
1800 4416 1893 4454 co-

311 4518 512 4575 gentes,
552 4516 604 4558 et
641 4516 789 4555 suam
819 4500 1014 4569 quique
1056 4505 1259 4565 partem
1300 4502 1597 4561 repetentes
1634 4510 1647 4545 :
1691 4500 1738 4547 ei
1767 4508 1893 4546 vero

309 4599 399 4668 qui
424 4596 603 4666 egenis
632 4609 726 4649 sua
756 4606 975 4661 erogare
999 4588 1163 4657 cupit,
1193 4602 1348 4640 nemo
1376 4584 1495 4637 talia
1521 4583 1889 4645 comminatur,

310 4693 381 4746 ita
406 4701 463 4745 ut
490 4691 575 4744 hic
603 4689 779 4759 potius
816 4699 1030 4741 suormn
1060 4680 1305 4735 dominus
1347 4678 1435 4733 sit.
1484 4682 1564 4729 An
1595 4691 1719 4729 vero
1746 4691 1886 4738 eum,

308 4787 398 4855 qui
439 4781 825 4844 meretricibus,
855 4776 1049 4837 ventri,
1080 4773 1347 4844 parasitis,
1378 4769 1736 4825 adulatoribus
1781 4770 1892 4823 haec

309 4876 551 4939 effundit,
577 4872 798 4941 gloriam
834 4884 983 4924 suam
1016 4868 1067 4920 in
1100 4863 1439 4935 ignominiam
1462 4861 1638 4925 vertit,
1666 4860 1889 4914 salutem

308 4968 504 5023 amittit
547 4979 711 5035 seque
746 4959 1091 5016 deridendum
1140 4957 1403 5026 pr0pinat,
1433 4953 1705 5008 dominum
1744 4951 1890 5006 dicas

307 5074 492 5115 eorum
519 5073 635 5127 qua:
665 5055 742 5109 sic
768 5050 1056 5121 impendit;
1089 5049 1131 5101 si
1161 5058 1336 5101 autem
1367 5045 1432 5098 ad
1460 5060 1641 5099 veram
1666 5043 1887 5112 gloriam

310 5154 712 5218 utilitatemque,
758 5143 1046 5199 secundum
1098 5141 1187 5195 Dei
1232 5139 1504 5208 placitum,
1550 5151 1670 5190 cum
1723 5134 1886 5187 multa

308 5243 584 5314 prudentia
606 5240 691 5293 illa
720 5235 1001 5306 expendat,
1032 5248 1138 5287 non
1168 5232 1293 5285 item
1319 5229 1502 5283 dicas?
1527 5228 1716 5281 Annon
1748 5223 1886 5278 idem

308 5335 457 5399 facis,
487 5349 553 5387 ac
598 5332 643 5387 si
682 5328 982 5400 quempiam
1026 5323 1349 5394 perspiciens
1379 5321 1429 5373 in
1470 5318 1807 5389 aqumductus
1835 5322 1889 5369 et

307 5427 522 5480 canales
548 5439 640 5478 sua
688 5420 979 5484 effundere,
1023 5430 1206 5470 eorum
1246 5413 1516 5467 dominum
1556 5424 1675 5464 esse
1711 5408 1884 5471 dicas;

306 5519 386 5571 sin
429 5531 557 5571 vero
598 5512 913 5568 necessariis
954 5509 1137 5562 usibus
1181 5502 1504 5573 impendere,
1559 5515 1680 5554 eum
1738 5499 1887 5567 quasi

306 5622 657 5678 rxpensarum
702 5602 995 5675 dominium
1040 5614 1144 5652 non
1191 5596 1473 5649 habentem
1512 5590 1730 5691 lugeas?
1775 5589 1888 5691 lino

307 5715 432 5754 vero
473 5713 575 5751 non
628 5696 693 5750 iis
724 5693 813 5762 qui
845 5703 1043 5747 temere
1092 5688 1396 5750 absumunt,
1435 5682 1530 5738 sed
1569 5682 1655 5745 iis,
1700 5682 1789 5748 qui
1831 5682 1883 5732 in

305 5791 493 5859 capitis
511 5790 589 5843 sui
611 5786 895 5858 perniciem
923 5783 974 5838 id
994 5782 1207 5843 faciunt,
1226 5780 1312 5834 isti
1338 5780 1353 5811 ί
1381 5770 1882 5847 comparandisunt.

369 5904 386 5934 ¹
422 5908 645 5953 θυοδιεε.
680 5913 783 5962 pro,
816 5889 1261 5959 isti,habent,fiiii.

1116 440 1474 499 ADVERSUS
1500 444 2044 505 orrucxnomss
2086 452 2271 510 \’lT.-E
2301 457 2593 514 noxasr.
2626 461 2754 516 LIB.
2797 464 2881 519 ιιι.

373 546 709 615 festinamus,
740 548 831 607 υἰέ
855 565 975 605 cum
1003 551 1191 619 simus,
1243 554 1672 625 ingetniscitnus?
1728 560 1795 613 Et
1835 560 1950 615 lucc

3528 479 3628 532 378

2057 564 2163 619 illa:
2208 584 2432 639 namque
2478 589 2723 642 expensa:
2768 578 3070 649 clariorem,
3126 583 3533 654 opulentiorem,
3568 603 3619 645 et

2056 655 2301 709 tutiorem
2354 660 2553 714 faciunt
2606 666 2903 733 hominem;
2955 668 3038 725 ha:
3084 688 3209 727 vero
3259 693 3363 732 non
3418 691 3620 751 turpem

2052 745 2231 810 modo,
2263 757 2319 801 et
2347 753 2630 818 opprobrio
2673 755 2909 826 dignum,
2945 760 3038 816 sed
3062 761 3381 821 damnationi
3408 745 3622 839 prorsus

2053 837 2363 892 obnoxium.

2125 930 2208 997 l7.
2238 931 2371 996 Quid
2412 950 2559 1003 ergo,
2601 937 2825 1007 inquies,
2871 957 3046 997 annon
3086 956 3202 1013 post
3231 952 3617 1009 matrimonium

2047 1032 2108 1070 ac
2133 1032 2405 1089 susceptos
2434 1024 2628 1080 liberos
2656 1029 2835 1082 licebit
2864 1030 3003 1085 hanc
3029 1033 3414 1106 philosophiam
3450 1044 3502 1096 in
3538 1060 3616 1098 se-

2048 1118 2258 1164 nectute
2286 1114 2567 1179 amplecti?
2610 1119 2679 1170 At
2724 1121 2841 1188 quis
2883 1123 3036 1177 nobis
3080 1126 3405 1193 polliceatur,
3449 1135 3618 1201 primo

2045 1200 2255 1266 quidem
2301 1219 2399 1258 nos
2448 1206 2512 1259 ad
2551 1219 2839 1264 extremam
2879 1226 3203 1271 senectutem
3236 1200 3613 1289 perventuros;

2042 1291 2296 1357 secundo,
2325 1294 2368 1346 si
2411 1295 2478 1350 ad
2514 1312 2631 1352 eam
2675 1303 3061 1371 perveniamus,
3114 1310 3353 1365 eamdem
3404 1329 3615 1381 prorsus

2040 1393 2270 1438 mentem
2318 1398 2623 1445 servaturos
2660 1395 3028 1466 esse?Neque
3074 1401 3216 1456 enim
3258 1407 3535 1472 pfiL‘SlilUli
3562 1410 3612 1465 in

2039 1476 2144 1526 vita
2190 1480 2443 1546 temporis
2480 1481 2683 1536 domini
2718 1499 2901 1541 sumus
2924 1505 2937 1540 :
2963 1489 3119 1559 idque
3142 1492 3320 1547 docuit
3355 1512 3450 1550 nos
3475 1499 3611 1553 Pau-

2037 1563 2119 1619 lus
2143 1567 2294 1621 ‘cum
2313 1569 2444 1624 dixit
2476 1590 2488 1625 :
2514 1572 2632 1627 Dies
2655 1574 2876 1645 Domini,
2904 1580 3031 1632 sicut
3058 1584 3143 1651 fur
3166 1584 3217 1637 in
3247 1597 3405 1654 nocte,
3427 1590 3498 1642 ita
3528 1606 3608 1644 ve-

2036 1656 2136 1709 niet
2163 1658 2239 1723 (1.
2266 1657 2444 1713 Thess.
2480 1663 2531 1717 5.
2558 1664 2616 1735 2)
2644 1682 2857 1736 :neque
2892 1686 3078 1726 rursus
3107 1674 3158 1727 in
3188 1677 3371 1731 eadem
3402 1694 3608 1750 semper

2033 1748 2305 1805 alacritate
2347 1757 2598 1824 propositi
2627 1761 2974 1827 cogitationes
3014 1777 3210 1820 nostra:
3248 1748 3604 1838 persevera—nt.

2032 1841 2364 1913 Quapropter
2401 1848 2608 1915 sapiens
2634 1852 2844 1919 quidam
2882 1855 3131 1911 admonet
3166 1859 3247 1912 his
3276 1862 3449 1916 verbis
3478 1882 3491 1916 :
3524 1864 3606 1919 Ne

2030 1935 2197 1988 tardes
2240 1940 2457 1991 converti
2514 1941 2581 1993 ad
2610 1941 2901 2011 Dominum,
2948 1958 2993 2001 et
3036 1966 3097 2001 ne
3124 1950 3331 2017 di/feras
3368 1955 3429 2007 de
3455 1957 3535 2009 die
3555 1959 3605 2011 iu

2029 2023 2157 2076 diem
2180 2025 2361 2093 (Ereti.
2392 2029 2443 2082 5.
2476 2032 2545 2084 δ’
2575 2035 2615 2100 ),
2648 2048 2713 2087 ne
2742 2032 2898 2100 forte,
2939 2037 3062 2091 dum
3094 2049 3149 2092 tu
3192 2057 3392 2096 moram
3441 2046 3603 2100 trabis

2027 2117 2336 2181 conteraris,
2387 2129 2440 2172 et
2487 2120 2537 2173 iit
2583 2131 2820 2191 tempore
2867 2127 3080 2182 ultionis
3127 2145 3336 2199 pereas.
3382 2133 3602 2193 Etiamsi

2026 2220 2153 2259 vero
2178 2222 2361 2262 eorum
2394 2210 2523 2265 nihil
2569 2225 2711 2268 esset
2748 2215 3029 2285 inccrtmn,
3071 2236 3137 2274 ne
3183 2222 3261 2276 sic
3296 2224 3509 2292 quidem
3535 2227 3599 2281 li-

2021 2296 2180 2352 beros
2209 2312 2416 2356 uestros
2460 2306 2652 2359 morari
2696 2307 3030 2377 deberemus,
3072 2328 3244 2382 neque
3275 2326 3473 2370 tantum
3507 2318 3597 2373 de-

2023 2388 2330 2445 trimentum
2366 2396 2647 2465 negligere.
2677 2397 2807 2452 Nam
2834 2411 3084 2457 extremae
3122 2405 3401 2461 dementiae
3429 2420 3590 2475 esset,

2014 2474 2263 2546 juvenem
2292 2483 2529 2539 3auxilio
2575 2498 2842 2557 egentem,
2899 2491 3204 2549 adversario
3250 2499 3594 2556 vehementer

2018 2571 2267 2640 instante,
2289 2575 2478 2643 jubere
2508 2580 2818 2635 satularibus
2859 2582 3098 2654 imtnergi
3120 2588 3297 2655 rebus,
3325 2590 3393 2642 ita
3422 2603 3476 2644 ut
3501 2608 3592 2645 su-

2017 2676 2202 2735 peratu
2250 2668 2419 2724 facilis
2465 2673 2746 2737 evaderet;
2796 2686 3072 2746 postquam
3118 2690 3294 2736 autem
3330 2686 3592 2739 sexcentis

2015 2759 2323 2813 vulneribus
2361 2762 2640 2817 confossus
2675 2767 2818 2821 nulla
2854 2784 2918 2822 ex
2959 2778 3112 2837 parte
3148 2787 3309 2826 sanus
3334 2783 3437 2841 est,
3466 2786 3591 2829 tunc

2013 2862 2220 2904 armare
2249 2851 2396 2905 illum
2424 2865 2477 2907 et
2519 2856 2750 2911 excitare
2786 2857 3049 2926 jacentem
3091 2861 3482 2935 infirmumque.
3512 2867 3586 2921 lta

2012 2955 2161 3007 sane,
2190 2943 2432 3013 inquies;
2467 2956 2589 3002 tunc
2630 2951 2770 3003 enim
2812 2951 2944 3006 levis
2971 2970 3144 3024 pugna
3181 2958 3304 3023 erit,
3334 2959 3591 3031 facileque

2011 3044 2300 3100 certamen,
2324 3037 2432 3105 jam
2462 3040 2721 3094 exstincta
2751 3045 3199 3113 concupiscentia.
3230 3049 3357 3115 Qua:
3395 3068 3583 3123 pugna,

2010 3140 2128 3179 cum
2157 3127 2329 3182 nulius
2353 3130 2492 3184 adsit
2515 3142 2700 3187 contra
2747 3150 2844 3189 nos
2876 3138 3051 3206 pugil?
3092 3138 3216 3193 ldeo
3245 3156 3343 3196 nec
3374 3158 3588 3199 coronae
3664 3168 3673 3189 ι

2015 3228 2140 3273 tunc
2184 3220 2415 3275 illustres
2442 3233 2601 3277 erunt
2632 3242 2644 3276 :
2676 3224 2860 3279 Beatus
2896 3229 3038 3282 enim
3083 3231 3169 3299 qui
3204 3235 3471 3299 portaverit
3495 3237 3586 3305 ju-

2006 3326 2126 3377 gum
2157 3309 2178 3339 "
2206 3312 2269 3363 ab
2308 3313 2641 3367 adolescentia
2681 3332 2813 3381 sua;
2851 3319 3035 3372 sedebit
3063 3321 3335 3389 solitarius,
3378 3334 3424 3377 et
3450 3336 3582 3380 tace-

2006 3400 2076 3451 bit
2104 3399 2315 3468 (Tltren.
2351 3405 2402 3457 5.
2431 3405 2545 3474 ‘27).
2580 3407 2674 3460 llic
2716 3410 2983 3464 sexcentis
3011 3412 3248 3467 laudibus
3289 3415 3499 3485 dignus,
3530 3429 3585 3473 et

2008 3490 2417 3549 beatitudinibus
2459 3508 2511 3550 et
2553 3501 2852 3567 prteconiis,
2904 3504 2991 3571 qui
3039 3504 3297 3560 furentem
3337 3519 3580 3566 naturam

2005 3583 2211 3647 framat,
2248 3595 2301 3639 et
2328 3588 2379 3639 in
2408 3589 2515 3656 ipsa
2549 3593 2876 3657 tempestatis
2907 3594 2955 3646 vi
2983 3596 3230 3665 scapham
3260 3600 3438 3669 eripit.
3473 3602 3580 3658 Ve-

1996 3680 2116 3719 rum
2166 3684 2233 3723 ne
2272 3686 2437 3741 super
2467 3675 2549 3729 his
2591 3678 2753 3733 rebus
2810 3684 3237 3748 centendamus,
3286 3690 3560 3745 conceda-

1994 3770 2223 3826 inusque
2273 3762 2317 3814 si
2366 3763 2447 3818 vis
2496 3772 2627 3821 tunc
2673 3769 2835 3822 etiam
2886 3772 3085 3826 bellum
3134 3792 3255 3831 esse
3291 3778 3554 3839 futurum.

1996 3846 2137 3901 Sane
2177 3851 2221 3903 si
2268 3868 2435 3919 penes
2482 3872 2582 3912 nos
2637 3870 2781 3913 esset
2827 3870 3041 3932 tempus
3084 3870 3398 3926 certaminis
3448 3884 3559 3927 sta-

1993 3945 2183 4004 tuere,
2225 3942 2349 4011 jure
2392 3955 2603 4015 tempus
2644 3950 2777 4005 illud
2818 3963 3136 4023 exspectare
3184 3960 3417 4017 liceret:
3472 3965 3558 4019 sin

1990 4048 2121 4086 vero
2150 4049 2245 4102 per
2277 4044 2444 4090 totam
2468 4041 2630 4095 vitam
2655 4045 2814 4100 nobis
2842 4048 3210 4104 dimicandum
3235 4062 3340 4118 est,
3365 4072 3561 4126 nempe

1992 4123 2061 4177 ab
2107 4126 2325 4183 ineunte
2359 4141 2549 4197 aetate,
2600 4134 2715 4189 sive
2746 4156 2775 4189 a
2821 4137 3085 4196 decennio
3126 4146 3219 4212 (ex
3255 4161 3317 4199 ea
3356 4123 3562 4219 quiple

1990 4222 2148 4269 aetate
2190 4225 2540 4285 peccatorum
2591 4227 2855 4281 rationem
2907 4230 3173 4285 reddituri
3229 4250 3451 4301 sumus,
3500 4250 3559 4294 ω

1990 4306 2165 4373 palam
2200 4306 2407 4364 faciunt
2431 4317 2584 4381 pueri
2610 4316 2717 4381 illi,
2750 4320 2843 4388 qui
2874 4323 3019 4389 quod
3049 4322 3285 4379 Eliseum
3328 4329 3561 4387 irridere

1991 4398 2111 4451 ausi
2148 4411 2364 4467 essent,
2396 4406 2463 4458 ab
2494 4408 2639 4462 ursis
2669 4411 2909 4468 devorati
2955 4416 3151 4485 sunt),
3203 4427 3258 4472 et
3302 4437 3447 4477 nunc
3492 4440 3559 4479 ex

1991 4487 2083 4542 illa
2123 4500 2281 4547 mtate
2323 4498 2682 4563 praeliandum
2714 4513 2829 4567 est,
2866 4520 2972 4573 qua
3027 4507 3228 4562 bellum
3269 4512 3557 4569 adversum

1991 4593 2093 4636 nos
2137 4584 2521 4651 gravissimum
2576 4590 2865 4647 imminet:
2907 4611 3013 4664 qua
3067 4602 3281 4657 ratione
3326 4612 3382 4657 tu
3425 4612 3562 4661 tem-

1990 4686 2094 4740 pus
2160 4679 2556 4734 certaminibus
2604 4686 2941 4741 constituis?
2995 4688 3206 4746 Etenim
3263 4693 3309 4747 si
3364 4696 3419 4749 in
3466 4708 3559 4752 tua

1990 4773 2255 4833 potestate
2303 4781 2448 4823 esset
2502 4772 2716 4827 diabolo
2766 4778 3058 4847 przecipere
3107 4792 3163 4837 ut
3211 4800 3320 4839 non
3362 4788 3563 4841 irrum-

1992 4876 2159 4935 peret,
2195 4864 2273 4917 vel
2297 4879 2523 4934 pugnam
2564 4866 2939 4926 committeret,
2984 4864 3098 4918 haec
3143 4874 3231 4919 tua
3274 4866 3564 4921 admonitio

1993 4955 2182 5009 rationi
2204 4970 2310 5008 non
2348 4954 2546 5009 absona
2580 4969 2698 5008 esse
2722 4954 3018 5019 videretur;
3050 4954 3131 5008 sin
3158 4964 3334 5010 autem
3365 4971 3429 5009 ex
3458 4973 3561 5009 una

1995 5055 2142 5114 parte
2179 5046 2348 5115 ipsum
2378 5060 2613 5114 pugnare
2658 5044 2837 5098 sinens
2887 5054 2943 5098 et
2987 5044 3107 5098 telis
3151 5044 3428 5113 impetere,
3480 5062 3565 5099 me

1988 5138 2173 5207 jubeas
2196 5137 2469 5206 quiescere
2489 5178 2503 5201 ,
2535 5135 2643 5189 imo
2681 5145 2869 5204 sponte
2897 5137 3241 5189 succumbere
3260 5176 3274 5200 ,
3303 5135 3428 5204 quid
3465 5135 3562 5189 hoc

1991 5232 2185 5286 damno
2202 5230 2431 5285 deterius
2456 5228 2633 5294 fuerit,
2665 5227 2872 5282 furente
2897 5228 3143 5280 nimirum
3176 5227 3411 5291 inimico,
3438 5243 3556 5281 eum

1990 5324 2077 5392 qui
2104 5323 2370 5391 impetitur
2392 5321 2553 5374 armis
2582 5335 2775 5373 exuere
2794 5360 2808 5383 ,
2834 5329 2888 5373 et
2915 5318 2991 5373 sic
3025 5319 3078 5372 in
3108 5318 3223 5386 ejus
3244 5334 3429 5371 manus
3460 5328 3555 5371 tra-

1991 5414 2151 5468 dere?
2174 5412 2391 5467 Juvenis
2406 5420 2556 5465 estet
2580 5411 2856 5464 infirmus?
2877 5408 3101 5478 ideoque
3121 5408 3306 5478 majori
3324 5410 3547 5465 cautiont

2052 5638 2069 5657 ι
2105 5638 2207 5678 Duo
2227 5634 2331 5677 uss.
2360 5634 2411 5675 et
2431 5624 2569 5675 Savil.
2588 5624 2787 5680 habent,
2810 5624 3041 5675 Christus.

2054 5696 2074 5724 ι
2104 5699 2255 5739 focus
2275 5688 2588 5737 Eoclesiastici
2610 5686 2750 5736 aliter
2768 5687 2970 5748 jaceLin
2993 5687 3137 5737 Editis
3172 5693 3283 5735 Lxx
3320 5692 3562 5748 interpre-

1990 5762 2091 5805 tum
2115 5753 2233 5801 etin
2254 5751 2467 5817 Vulgata.
2634 5816 2639 5817 ί
2674 5810 2703 5817 __
2731 5811 2740 5817 _
2795 5805 2857 5817 Μ

2052 5819 2074 5847 ³
2107 5822 2205 5863 Duo
2222 5805 2603 5872 Mss.,'juveuem.
2628 5810 2761 5871 aditi,
2783 5805 2956 5872 ﬁlium.

2057 5883 2078 5910 δ
2112 5883 2255 5936 Unus,
2269 5875 2444 5937 jugum
2464 5884 2625 5936 grave.
