4116 6392
296 390 405 449 573

296 511 390 563 καὶ
407 506 492 563 διὰ
520 510 619 581 τὴν
640 510 703 564 ἐν
724 512 872 582 μέσῳ
890 511 1235 585 διαστροφὴν,
1264 516 1483 582 τούτους
1512 521 1589 583 ὼς
1616 522 1715 591 ήδη
1740 538 1951 592 κατωρ-

297 605 537 671 θωκότας
563 609 656 661 καί
684 608 1005 679 γενομένους
1031 612 1279 682 ἰσχυροὺς
1316 615 1393 676 είς
1432 615 1597 685 μέσον
1636 615 1832 682 ἕλκεις,
1862 618 1953 669 καὶ

1065 397 1431 456 ΑΒῩΕΒΞῌΞ
1466 402 2020 463 OPPUCNATORES
2064 406 2244 463 VszE
2285 406 2592 464 MONAST.
2633 407 2762 464 LIB.
2803 407 2897 466 Ill.

3611 408 3727 464 580

2056 523 2250 586 αὐτοὺς
2272 561 2287 586 ,
2324 524 2415 577 καὶ
2444 523 2639 595 τέχνην
2671 522 2935 594 βάναυσόν
2959 539 3078 576 τινα
3102 522 3141 593 ἢ
3172 522 3264 576 καὶ
3298 522 3491 594 ἑτέραν
3520 525 3722 593 φαυλο-

2054 610 2219 679 τέραν
2259 609 2548 679 μανθάνειν
2582 611 2862 681 μέλλουσιν
2915 610 3111 663 ἄϐατον
3145 610 3463 663 καθιστάναι
3497 612 3595 682 τὴν
3642 615 3723 665 οἰ-

293 703 395 755 οὐκ
413 705 507 774 ἐᾷς
532 704 863 768 ἀπελθόντας
898 707 1269 776 γυμνάζεσθαε
1296 710 1389 763 ἐπει
1418 712 1517 782 τῆς
1539 714 1773 783 ἐρημίας
1795 753 1809 778 ,
1846 715 2025 777 ὤσηΝ
2054 698 2211 762 κίαν,
2244 699 2300 750 ἐν
2338 698 2656 751 διδασκάλου
2710 698 2855 768 οἰκίᾳ
2885 699 2979 751 καὶ
3027 699 3254 768 ἀριστᾷν
3300 699 3394 751 καὶ
3440 699 3729 753 καθεύδειν

293 814 400 869 περ
432 799 497 852 ἂν
525 803 578 854 εῖ
598 818 680 864 τις
702 802 790 854 τὸν
822 802 920 871 μὲν
949 803 1119 873 μυρία
1157 805 1453 876 δυνάμενον
1489 809 1684 878 στῆσαι
1716 811 1952 881 τρόπαια

293 895 491 970 κελεύῃ
514 898 581 950 τά
621 897 891 968 πολεμικά
919 901 1149 970 μελετᾷν
1182 901 1267 970 ἐφ’
1298 904 1555 973 ήσυχίας,
1589 904 1683 960 τὸν
1715 906 1773 959 δὲ
1793 907 1951 959 ἀπει-

294 1011 388 1063 ρον
415 996 507 1047 ml
534 994 652 1046 ούδέ
680 996 759 1057 εἰς
778 995 957 1066 μάχην
986 996 1303 1067 παρακύψαι
1330 998 1646 1070 δυνάμενον,
1676 1001 1861 1055 τοῦτον
1882 1004 1949 1056 δι’

292 1093 422 1146 αὐτὸ
451 1092 606 1145 τοῦτο
633 1094 690 1144 ὲν
717 1095 782 1163 τῇ
813 1094 960 1165 μάχῃ
987 1094 1310 1165 στρέφεσθαι
1332 1096 1614 1169 νομοθετῇ,
1633 1100 1707 1162 ὡς
1722 1100 1951 1154 δυσκατ-

290 1190 527 1260 όρθωτον
556 1190 615 1243 τὺ
638 1192 869 1261 πρᾶγμα
884 1192 1058 1256 τοῦτο,
1078 1192 1297 1262 μείζονα
1312 1194 1379 1247 τά
1399 1195 1696 1266 κωλύματα
1712 1210 1739 1237 ε
1756 1198 1946 1263 τιθείς.

291 1286 432 1356 Πρὸς
455 1287 513 1340 δὲ
541 1286 747 1350 τούτοις
781 1289 1000 1340 κάκεῖνο
1046 1288 1240 1343 εἰδέναι
1277 1291 1380 1361 χρὴ
1404 1330 1419 1354 ,
1449 1292 1531 1343 ὅτι
1562 1293 1664 1345 οὐκ
1689 1293 1767 1347 ένι
1814 1296 1950 1365 μετὰ

290 1384 468 1453 γάμον
500 1384 686 1455 κύριον
714 1385 907 1438 ἑαυτοῦ
936 1380 1095 1449 εἶναι,
1124 1385 1240 1437 ἀλλ’
1275 1388 1488 1459 ἀνάγκη
1519 1390 1663 1442 δυοῖν
1698 1390 1947 1463 θάτερον,

286 1482 331 1552 ἢ
352 1482 638 1544 διαπαντὸς
656 1480 865 1551 ὁμιλεῖν
893 1484 958 1552 τῇ
989 1482 1236 1550 γυναικὶ,
1262 1483 1329 1537 ἂν
1356 1485 1539 1555 ἐκείνη
1565 1486 1723 1539 τοῦτο
1753 1488 1948 1559 βούλη-

289 1598 398 1644 ται,
413 1579 561 1653 [108]
578 1581 609 1652 ἦ
629 1580 954 1651 βουλομένης
970 1581 1393 1651 ἐγκρατεύεσθαι
1406 1584 1715 1639 ἀποστάντα
1734 1588 1948 1658 μοιχείᾳ

289 1678 625 1731 ἁλίσκεσθαι.
650 1679 716 1731 Τί
732 1678 811 1731 δεῖ
826 1677 1005 1746 λέγειν
1019 1678 1119 1741 τὰς
1148 1678 1310 1743 ἄλλας
1328 1681 1570 1748 ἀνάγκας
1594 1682 1702 1735 τῶν
1720 1683 1946 1749 παίδων,

288 1776 386 1847 τῆς
416 1776 590 1839 οἰκίας
617 1776 714 1839 τὰς
751 1776 1051 1847 φροντίδας,
1100 1778 1157 1830 αἶ
1190 1779 1371 1831 πᾶσαν
1419 1778 1727 1849 προθυμίαν
1764 1781 1947 1834 ἱκαναὶ

287 1870 577 1943 ἀμϐλῦναι,
597 1872 687 1927 καὶ
718 1871 915 1942 πολλὴν
936 1873 1034 1943 τῆς
1066 1872 1243 1944 ψυχῆς
1264 1875 1663 1929 κατασκεδάσαι
1698 1877 1904 1948 νάρκην
1929 1893 1943 1943 ;

367 1973 436 2037 ιη’
495 1967 585 2019 Διὸ
608 1966 831 2037 βέλτιον,
859 1967 1045 2039 κύριον
1071 1970 1199 2022 ὅντα
1222 1971 1313 2023 καὶ
1329 1969 1615 2041 λελυμένον
1644 1973 1709 2024 ἐκ
1724 1970 1945 2042 πρώτης

294 2063 528 2128 ὁπλίζειν
567 2064 663 2134 τῆς
708 2064 945 2135 ἡλικίας,
985 2066 1045 2118 ού
1076 2067 1182 2119 τῶν
1209 2067 1513 2138 εἰρημένων
1543 2069 1728 2120 ’ἐνεκεν
1765 2070 1944 2139 μόνον,

286 2159 424 2212 ἀλλά
444 2162 536 2213 καὶ
566 2160 657 2212 τοῦ
691 2161 1022 2232 ῥηθήσεσθαι
1054 2161 1333 2232 μέλλοντος
1348 2164 1445 2234 ούχ
1466 2160 1626 2236 ἦττον
1656 2165 1688 2236 ἢ
1716 2165 1942 2221 τούτων,

300 2254 357 2307 'U
382 2256 479 2325 μὲν
505 2255 613 2327 γάρ
651 2257 787 2326 πρὸς
808 2255 884 2326 τῷ
910 2256 1053 2309 τέλει
1075 2259 1169 2311 τοῦ
1201 2258 1315 2329 βίου
1342 2261 1438 2331 τῆς
1462 2260 1776 2331 φιλοσοφίας
1804 2261 1946 2330 ἀψά-

289 2368 447 2421 μενος
470 2351 674 2423 ταύτης
693 2394 707 2417 ,
753 2354 930 2407 πάντα
957 2354 1236 2409 ἀναλίσκει
1258 2356 1350 2409 τὸν
1390 2358 1600 2427 χρόνον,
1626 2358 1712 2411 ἴνα
1745 2344 1954 2431 δυνηθῇ

284 2448 353 2501 τά
380 2448 647 2519 γενόμενα
672 2450 813 2503 κατά
850 2450 948 2521 τὴν
977 2450 1287 2522 ἔμπροσθεν
1320 2452 1535 2522 ἡλικίαν
1570 2454 1948 2525 ἁμαρτήματα

283 2545 682 2615 ἀπονίψασθαι,
707 2549 801 2601 καὶ
827 2552 975 2602 πᾶσα
994 2551 1073 2613 εἰς
1110 2549 1267 2603 τοῦτο
1303 2553 1341 2620 ἡ
1373 2551 1576 2621 σπουδή
1605 2552 1945 2607 δαπανᾶταιο

286 2648 379 2699 καὶ
409 2647 530 2700 ούδέ
561 2646 702 2700 οὔτω
745 2646 999 2712 πολλάκις
1036 2648 1217 2719 ἀρκεῖ,
1243 2648 1357 2702 ἀλλ’
1387 2650 1687 2720 ἀπέρχεται
1717 2652 1947 2721 λείψανα

281 2743 392 2799 τῶν
424 2744 650 2815 πληγῶν
673 2744 812 2814 έχων
832 2761 844 2774 ο
868 2748 896 2798 ό
928 2744 985 2798 δέ
1018 2748 1084 2798 ἐκ
1115 2745 1336 2817 πρώτης
1361 2746 1576 2816 ἡλικίας
1601 2748 1948 2820 ἀποδυσάμε-

286 2842 504 2906 νος,ούκ
531 2844 609 2903 εἰς
633 2842 788 2895 τούτο
812 2841 1023 2912 δαπανᾷ
1040 2842 1128 2895 τὸν
1140 2843 1351 2912 χρόνον,
1375 2842 1496 2895 ούδέ
1524 2842 1758 2914 κάθηται
1782 2845 1947 2916 τραύ-

288 2954 431 3006 ματα
472 2938 809 3008 θεραπεύων,
836 2938 947 2991 ἀλλ’
988 2941 1051 2992 ἐκ
1081 2940 1377 3011 προοιμίων
1406 2940 1671 3010 λαμϐάνει
1707 2941 1777 2994 τὰ
1810 2942 1945 3013 βρα-

285 3033 432 3085 ϐεἰαο
475 3036 711 3105 κάκείνῳ
746 3036 843 3106 μὲν
868 3035 1149 3106 ἀγαπητὸν
1172 3036 1269 3101 τὰς
1306 3037 1473 3107 ἥττας
1496 3036 1946 3107 ἀναμαχέσασθαι

284 3132 485 3198 πάσας,
507 3128 661 3193 οὗτος
690 3132 746 3183 δέ
775 3133 838 3184 ἐκ
869 3132 1113 3201 βαλϐῖδος
1144 3134 1315 3204 αὐτῆς
1343 3134 1579 3205 τρόπαια
1612 3134 1812 3205 ἵστησι,
1853 3136 1947 3187 ml

284 3228 438 3291 νίκας
488 3230 746 3281 συνάπτει
773 3230 951 3292 νίκαις
969 3246 983 3259 ·
1037 3229 1286 3301 καθάπερ
1332 3248 1415 3294 τις
1435 3231 1857 3302 Ὀλυμπιονίκης
1881 3233 1946 3284 ἐκ

284 3325 505 3396 πρώτης
524 3324 736 3397 ἡλικίας
759 3324 825 3378 δι’
848 3327 1198 3396 ἀναρρήσεων
1213 3327 1305 3379 ἐπὶ
1328 3328 1389 3379 τὸ
1410 3329 1585 3398 γῆρας
1605 3328 1822 3394 ὁδεύων,
1851 3328 1944 3382 οὔ·

282 3441 391 3487 τως
422 3424 638 3478 ἄπεισιν
672 3426 818 3489 ἐκεῖ,
874 3423 1088 3494 μυρίοις
1124 3423 1222 3494 τὴν
1265 3426 1505 3496 κεφαλήν
1540 3426 1946 3497 ἀναδησάμενος

284 3521 584 3588 στεφάνοις.
613 3521 786 3574 Τίνων
806 3517 899 3574 οὖν
924 3520 1101 3589 βούλει
1135 3517 1271 3573 εἰναι
1296 3522 1387 3573 τὸν
1419 3522 1532 3574 υἰόν
1556 3540 1570 3587 ;
1603 3521 1710 3574 τῶν
1730 3523 1819 3575 διὰ
1846 3524 1945 3595 τὴν

284 3616 483 3687 πολλὴν
516 3618 825 3689 παρρησίαν
865 3618 959 3669 καὶ
999 3617 1135 3687 πρὸς
1168 3616 1367 3679 αὐτοὺς
1406 3617 1533 3679 τοὺς
1573 3616 1945 3689 ἀρχαγγέλους

282 3714 595 3783 ἀντιϐλέψαι
611 3714 941 3785 δυναμένων,
960 3713 995 3783 ἧ
1010 3714 1231 3765 ἐκείνων
1247 3712 1355 3767 τῶν
1382 3714 1519 3784 μετά
1544 3713 1758 3765 πάντων
1777 3712 1944 3766 ἑστώ-

282 3826 411 3874 των,
433 3812 527 3863 καὶ
545 3810 641 3881 τὴν
664 3810 895 3879 ἐσχάτην
913 3791 1221 3879 τηρούντων
1236 3808 1387 3873 τάξιν
1409 3826 1422 3872 ;
1442 3809 1551 3880 Τήν
1580 3810 1814 3880 ἐσχάτην
1837 3810 1945 3881 γὰρ

283 3906 539 3977 λήψονται
570 3908 805 3971 πάντως,
830 3906 925 3958 ml
951 3905 1173 3977 ταύτην,
1197 3907 1323 3959 ὅταν
1354 3905 1625 3976 δυνηθῶσι
1671 3905 1848 3959 πάντα
1878 3907 1946 3960 τά

286 4004 579 4074 κωλύματα
605 4004 919 4073 διαδραμεῖν
938 4044 951 4068 ,
978 4003 1120 4072 ειπερ
1153 4003 1180 4042 δ
1209 4002 1683 4073 ἀπηριθμησάμην
1708 4003 1820 4068 νύν,
1852 4003 1946 4055 ml

288 4104 423 4173 μήτε
454 4102 628 4172 ἄωρος
656 4102 1055 4173 προαναρπάσῃ
1073 4102 1299 4163 θάνατος
1324 4139 1339 4163 ,
1377 4101 1514 4169 μήτε
1556 4100 1660 4152 ὑπὸ
1689 4100 1944 4168 γυναικὸς

284 4201 598 4255 κωλυθῶσιν
629 4200 871 4270 ὕστερον,
905 4201 1041 4269 μήτε
1082 4198 1317 4252 τοσαῦτα
1350 4197 1641 4268 τραύματα
1685 4198 1939 4265 λάϐωσιν,

283 4298 359 4360 ὼς
385 4299 457 4369 μή
495 4296 786 4368 δυνηθῆναι
816 4297 998 4359 αὐτοῖς
1031 4296 1121 4349 τὸν
1156 4294 1252 4348 τοῦ
1281 4297 1466 4366 γήρως
1495 4295 1725 4365 ἀρκέσαι
1753 4296 1943 4365 χρόνον

284 4396 418 4465 πρὸς
440 4396 538 4466 τὴν
559 4394 853 4466 θεραπείαν
884 4393 1124 4456 ἐκείνων,
1141 4394 1240 4463 τήν
1266 4409 1325 4444 τε
1348 4392 1574 4463 γνώμην
1610 4393 1808 4463 μένωσι
1832 4394 1944 4446 δια-

282 4492 482 4555 παντὸς
508 4510 573 4562 τη
583 4491 799 4562 ρούντες
818 4490 1037 4561 βεϐαίαν
1055 4492 1147 4543 καὶ
1165 4490 1441 4558 ἀκίνητον.
1462 4490 1629 4542 Ὅταν
1646 4490 1753 4561 γὰρ
1773 4489 1943 4544 ταῦτα

283 4589 462 4642 πάντα
498 4588 744 4657 συνέλθῃ,
773 4587 895 4639 τότε
926 4585 1078 4655 μόλις
1113 4587 1171 4637 ἐν
1198 4588 1311 4648 τοῖς
1339 4584 1588 4655 ἐσχάτοις
1608 4586 1939 4651 τετάξονται.

282 4684 502 4737 Τούτων
531 4682 623 4737 οὖν
648 4684 825 4754 βούλει
860 4682 999 4737 εὶναι
1032 4684 1122 4736 τὸν
1153 4684 1267 4735 υἱὸν
1289 4724 1302 4743 ,
1332 4683 1365 4753 ἦ
1390 4683 1497 4735 τῶν
1522 4685 1579 4736 ἐν
1599 4683 1676 4753 τῷ
1708 4681 1945 4754 μετώπῳ

279 4783 380 4852 τῆς
409 4784 685 4852 φάλαγγος
713 4782 1037 4853 λαμπόντων
1057 4798 1072 4847 ;
1096 4783 1203 4834 Καὶ
1226 4781 1307 4843 τίς
1334 4779 1495 4844 οὓτω,
1528 4781 1709 4851 φησὶν,
1740 4780 1941 4847 ἄθλιος,

281 4880 354 4943 ὡς
371 4882 552 4933 ἐκεῖνα
571 4879 787 4950 μᾶλλον,
810 4879 844 4949 ἦ
858 4878 1031 4932 ταῦτα
1052 4876 1408 4941 συνεύξασθαι
1420 4880 1533 4940 τοῖς
1549 4877 1734 4930 παισίν
1754 4876 1947 4942 ;“Αλλά

283 4978 571 5049 συνήθειαν
597 4978 857 5049 ἐπιζητού
866 4994 984 5047 μεν,
1005 4976 1098 5030 ml
1118 4978 1212 5029 συν
1243 4978 1373 5046 ἡμῖν
1389 4976 1582 5038 αὐτοὺς
1598 4970 1735 5028 εἶναι
1756 4975 1942 5046 βουλό-

282 5075 443 5145 μεθα.
460 5074 629 5127 Τοῦτο
646 5075 739 5127 καί
754 5075 913 5135 αὐτὸς
934 5074 1213 5143 βούλομαι,
1229 5074 1321 5128 καὶ
1339 5073 1367 5124 ύ
1376 5072 1490 5142 μῶν
1505 5073 1602 5142 οὺχ
1616 5068 1775 5146 ἦττον
1789 5071 1942 5141 εὔχο-

284 5191 381 5243 μαι
410 5173 517 5225 τῶν
538 5173 977 5243 γεννησαμένων,
1002 5174 1080 5235 εἰς
1103 5172 1201 5243 τὴν
1226 5171 1484 5241 πατρῴαν
1513 5172 1709 5235 αύτούς
1725 5173 1942 5225 ἐπανελ-

278 5269 392 5322 θεῖν
410 5270 606 5334 οἰκίαν,
635 5272 728 5322 καὶ
749 5269 855 5322 τῶν
873 5269 1136 5340 τροφείων
1166 5267 1454 5321 ἀποδοῦναι
1470 5268 1568 5329 τάς
1597 5268 1850 5338 ἀμοιϐάς,
1867 5263 1941 5323 ὧν

280 5367 400 5429 ἴσας
424 5368 523 5419 ούκ
548 5366 613 5419 ἀν
640 5366 847 5437 εὕροιεν
878 5366 1070 5436 ἐτέρας
1088 5382 1100 5394 ·
1132 5364 1267 5418 ἀλλά
1292 5363 1365 5435 μὴ
1397 5364 1487 5417 νῦν
1515 5374 1537 5401 ε
1570 5364 1764 5427 αὐτοὺς
1785 5366 1942 5420 τοῦτο

276 5460 613 5531 ἀπαιτῶμεν.
665 5464 786 5526 Πῶς
837 5463 943 5533 γάρ
982 5464 1079 5515 οὐκ
1135 5463 1332 5516 ἄτοπον
1385 5462 1478 5514 ἐπὶ
1534 5460 1711 5529 λόγοις
1765 5462 1793 5501 ἀ
1846 5465 1941 5533 μὲν

279 5562 595 5631 πέμποντας
622 5603 637 5627 ,
674 5563 839 5617 πολὺν
892 5563 1081 5635 χρόνον
1131 5565 1222 5615 καὶ
1255 5562 1351 5634 τῆς
1391 5562 1643 5633 πατρίδος
1681 5561 1942 5632 ἐξορίζειν

340 5699 366 5762 ξι
390 5698 496 5762 Duo
516 5715 629 5749 mss.
652 5702 712 5750 τὰ
733 5702 937 5762 κύματα,
963 5702 1123 5749 minus
1144 5705 1298 5750 recte.

341 5759 370 5827 ξι
391 5761 543 5827 ξαγίι.
588 5759 827 5827 διαδράναι
851 5766 986 5825 άπερ.

342 5824 362 5852 ε
388 5824 467 5873 διο
488 5831 623 5873 recte
646 5824 816 5885 Szivil.,
841 5824 977 5881 cujus
996 5826 1283 5886 scripturam
1308 5826 1602 5886 recepimus.
1632 5824 1831 5886 Mor-eL,
1854 5828 1938 5874 mi-

277 5898 370 5949 nus
395 5894 549 5945 recte,
566 5894 786 5949 quamvis
810 5888 983 5935 eodem
1006 5885 1155 5935 senéu
1172 5924 1183 5945 .
1206 5888 1328 5935 ἀλλὰ
1356 5885 1446 5947 μὴν
1468 5888 1521 5934 ού
1550 5885 1649 5934 νῦν.
1680 5887 1813 5934 Ευιτ.

337 5947 364 5987 d
392 5947 609 6015 [lativum
652 5952 989 6015 rescripsimus
1028 5962 1055 5993 ρ
1098 5951 1295 6000 Savilio.
1328 5949 1605 6013 Legebalur
1632 5951 1706 5997 ἐπὶ
1750 5949 1931 6015 λόγους.

281 6012 384 6061 Mox
411 6012 506 6059 duo
533 6024 644 6061 mu.
667 6014 925 6074 πέμποντα.
951 6010 1083 6059 low.

2054 782 2373 847 κελεύοντας
2394 801 2406 813 ·
2442 784 2667 847 τούτους
2704 785 2761 837 δέ
2802 785 2900 837 οὐκ
2936 784 3022 837 ἐπ’
3068 783 3402 857 ἀνθρώπειον
3434 787 3729 853 μέλλοντας

2053 868 2307 939 ἔρχεσθαι
2362 870 2590 941 μάθημα
2617 911 2631 935 ,
2682 872 2795 925 ἀλλ’
2830 875 2922 926 ἐπὶ
2957 874 3054 943 τὴν
3086 874 3334 944 οὐράνιον
3378 874 3717 942 φιλοσοφίαν,

2053 954 2253 1018 εὐθέως
2293 958 2551 1024 ἀφέλκειν
2576 996 2591 1020 ,
2616 959 2746 1029 πρὶν
2769 958 2802 1030 ἢ
2829 959 3085 1026 γενέσθαι
3114 961 3249 1029 ὅπερ
3278 960 3574 1030 εὐχόμεθας
3610 962 3731 1015 Καὶ

2053 1043 2261 1109 σχοῖνον
2300 1042 2396 1111 μέν
2422 1060 2504 1106 τις
2536 1046 2836 1114 τεταμένην
2863 1045 3160 1115 διατρέχειν
3188 1045 3563 1115 διδασκόμενος
3582 1086 3594 1106 ,
3624 1062 3723 1096 πο-

2051 1127 2147 1181 λὺν
2180 1129 2367 1199 χρόνον
2395 1132 2765 1203 ἀποστήσεται
2786 1133 2893 1185 τῶν
2920 1132 3106 1194 αὐτοῦ,
3125 1135 3248 1196 τοὺς
3270 1133 3327 1185 δέ
3353 1132 3720 1202 μανθάνοντας

2051 1215 2161 1267 ἀπὸ
2196 1217 2294 1286 τῆς
2318 1217 2419 1287 γῆς
2446 1218 2704 1271 πέτεσθαι
2743 1230 2766 1257 ο
2798 1221 2876 1282 εἰς
2905 1219 2997 1272 τὸν
3033 1219 3259 1289 οὐρανὸν
3284 1258 3298 1283 ,
3330 1218 3722 1285 συγκατακλεί-

2054 1319 2218 1372 σομεν
2249 1306 2362 1366 τοῖς
2404 1304 2654 1372 γονεῦσι;
2686 1307 2796 1358 Καὶ
2840 1306 2891 1358 τί
2924 1304 3126 1375 ταύτης
3157 1306 3256 1375 τῆς
3290 1305 3511 1373 ἀλογίας
3538 1307 3727 1374 χεῖρον

2050 1390 2245 1458 γένοιτ’
2291 1393 2390 1457 ἆν;
2426 1394 2537 1463 Ούχ
2561 1394 2722 1464 ὁρᾶτε
2745 1395 2869 1455 τοὺς
2903 1394 3179 1465 γεωργοὺς
3202 1432 3217 1458 ,
3250 1395 3354 1457 ὅτι,
3378 1393 3481 1445 κᾶν
3515 1392 3729 1463 σφόδρα

2050 1478 2376 1546 ἐπείγωνται
2424 1480 2529 1533 τῶν
2589 1480 2764 1533 πόνων
2824 1480 3007 1533 λαϐεῖν
3058 1478 3207 1552 [109]
3255 1482 3379 1543 τοὺς
3437 1480 3717 1550 καρποὺς,

2050 1566 2264 1639 ἀώρους
2289 1570 2487 1632 αὐτοὺς
2530 1570 2629 1623 οὐκ
2672 1570 2737 1623 ἂν
2770 1571 3087 1640 ἀνάσχοιντο
3127 1571 3397 1642 τρυγῆσαί
3432 1587 3600 1635 ποτε;

2130 1657 2222 1727 Μὴ
2250 1659 2431 1711 τοίνυν
2452 1658 2583 1729 μηδὲ
2613 1661 2771 1729 ἡμεῖς
2808 1658 2913 1727 πρὸ
2944 1658 3091 1729 ὧρας
3133 1660 3434 1730 ἀπάγωμεν
3458 1661 3555 1729 τῆς
3577 1660 3717 1713 κατά

2049 1742 2146 1814 τήν
2177 1744 2411 1813 ἐρημίαν
2438 1746 2719 1817 διατριϐῆς
2747 1748 2871 1809 τοὺς
2909 1747 3209 1810 υἰοὺς,ἀλλ’
3250 1749 3498 1818 ἐάσωμεν
3536 1748 3719 1811 αὐτοῖς

2050 1832 2362 1903 ἐμπαγῆναι
2389 1832 2455 1885 τά
2484 1834 2776 1904 μαθήματα
2800 1873 2827 1899 ,.
2848 1835 2940 1886 ml
2980 1834 3271 1904 ῥιζωθῆναι
3301 1834 3368 1887 τά
3406 1836 3578 1903 φυτά*
3615 1836 3721 1887 κᾶν

2049 1921 2181 1975 δέκα
2204 1963 2219 1987 ,
2247 1923 2347 1976 κᾶν
2376 1923 2577 1976 εἴκοσιν
2604 1924 2696 1994 ἐτη
2728 1923 3021 1995 τρέφεσθαι
3067 1923 3261 1987 αὐτοὺς
3287 1927 3344 1977 ἐν
3373 1926 3729 1995 μοναστηρίῳΔ

2050 2009 2164 2082 δέῃ,
2200 2010 2274 2081 μὴ
2304 2010 2675 2082 θορυϐώμεθα,
2709 2012 2843 2083 μηδέ
2864 2012 3145 2081 ἀλύωμεψ
3173 2013 3282 2082 ὅσῳ
3306 2011 3414 2083 γὰρ
3444 2011 3508 2065 ἂν
3546 2014 3710 2067 ἐνδιαο

2049 2097 2214 2170 τρίϐῃ
2259 2098 2336 2167 τῷ
2374 2100 2658 2169 γυμνασίῳ
2696 2098 2889 2163 πλέον,
2928 2098 3167 2167 τοσούτῳ
3201 2098 3420 2151 πλείονα
3461 2101 3730 2169 κτήσεται

2048 2187 2147 2256 τὴν
2182 2186 2352 2255 ἰσχύν.
2393 2187 2607 2240 Μᾶλλον
2633 2188 2711 2249 δὲ,
2746 2189 2794 2240 εἰ
2823 2187 3001 2250 δοκεῖ,
3039 2188 3174 2258 μηδέ
3208 2188 3397 2258 χρόνον
3424 2187 3716 2260 όρίζωμεν,

2051 2273 2163 2325 ἀλλ’
2199 2275 2324 2345 ὅρος
2368 2276 2573 2337 ἐκεῖνος
2611 2273 2750 2327 ἔστω
2799 2274 2958 2345 μόνος
2995 2277 3023 2327 ό
3051 2274 3187 2343 πρὸς
3232 2274 3330 2346 τὴν
3360 2276 3542 2345 ἀκμήν
3570 2276 3731 2343 ἄγων

2048 2364 2173 2425 τοὺς
2231 2365 2288 2415 ἐν
2341 2362 2487 2433 αύτῷ
2539 2363 2902 2432 φυτευθέντας
2952 2363 3357 2435 καρποὺς,καὶ
3389 2362 3507 2415 τότε
3559 2366 3719 2417 ἐπαν-

2049 2449 2290 2521 ερχέσθω
2321 2450 2428 2501 ἀπὸ
2456 2450 2551 2520 τῆς
2587 2451 2833 2522 ἐρήμου,
2861 2449 3122 2520 πρότερον
3171 2448 3229 2501 δὲ
3285 2450 3382 2519 μή.
3441 2449 3572 2501 Ούδέ
3607 2449 3714 2520 γάρ

2051 2537 2200 2590 ἔσται
2228 2554 2278 2589 τι
2312 2537 2472 2590 πλέον
2499 2537 2606 2590 ἀπὸ
2642 2538 2741 2607 τῆς
2774 2536 3073 2606 ταχύτητος
3101 2538 3231 2607 ἡμῖν
3255 2536 3458 2604 ταύτης
3477 2575 3491 2599 ,
3535 2536 3649 2588 ἀλλ’
3680 2537 3721 2605 ἦ

2052 2625 2113 2678 τὸ
2145 2626 2411 2696 μηδέποτε
2441 2625 2601 2678 αὑτὸν
2634 2625 2884 2694 γενέσθαι
2921 2624 3149 2695 ὥριμον.
3199 2625 3258 2678 '0
3287 2624 3396 2695 γὰρ
3436 2624 3540 2695 πρὸ
3567 2624 3714 2695 ῶρας

2050 2712 2150 2781 τῆς
2178 2714 2238 2764 ἐν
2283 2717 2349 2783 τῇ
2404 2713 2529 2786 ῥίζῃ
2556 2714 2759 2785 τροφῆς
2788 2713 3181 2782 ἀποστερηθεὶς
3199 2752 3213 2775 ,
3254 2714 3373 2765 ούδέ
3398 2712 3491 2765 τοῦ
3524 2712 3721 2783 καιροῦ

2053 2802 2493 2872 παραγενομένου
2540 2804 2809 2872 χρήσιμος
2858 2801 3007 2854 ἔσται
3056 2801 3242 2854 λοιπόν
3270 2818 3283 2831 ·
3315 2802 3452 2871 ὅπερ
3506 2801 3592 2854 ἵνα
3642 2801 3727 2872 μὴ.

2048 2888 2304 2959 γένηται,
2356 2889 2706 2961 καρτερῶμεν
2732 2888 2823 2940 τὸν
2852 2889 3158 2959 χωρισμόνο
3197 2887 3291 2942 ml
3323 2888 3397 2959 μὴ
3431 2888 3587 2957 μόνον
3639 2888 3725 2958 μὴ,

2048 2976 2480 3045 κατεπείγωμεν,
2513 2976 2647 3029 ἀλλά
2673 2978 2765 3029 ml
2797 2973 3188 3046 βουλομένους(
3226 2975 3398 3029 ἐλθεῖν
3432 2976 3537 3047 πρὸ
3567 2975 3717 3046 ὥρας

2048 3061 2362 3132 κωλύωμεν.
2410 3062 2786 3132 Ἀπαρτισθείς
2834 3064 2932 3131 μὲν
2968 3062 3078 3134 γὰρ
3117 3062 3293 3115 κοινὸν
3341 3061 3493 3115 ἔσται
3528 3061 3718 3132 κέρδος

2049 3149 2144 3201 καὶ
2192 3150 2358 3217 πατρὶ
2406 3151 2501 3202 καὶ
2557 3149 2721 3219 μητρὶ
2757 3150 2849 3202 καὶ
2886 3150 3032 3221 οἰκίᾳ
3072 3150 3166 3203 καὶ
3207 3149 3481 3203 πόλεικαὶ
3530 3149 3672 3202 ἔθνει
3698 3166 3712 3178 ·

2049 3237 2298 3291 ἀτελέστε
2307 3254 2397 3307 ρος
2427 3237 2483 3289 δέ
2516 3237 2974 3307 παραγενόμενος,
3011 3237 3413 3306 καταγέλαστος
3444 3236 3593 3289 ἔσται
3624 3237 3717 3289 καὶ

2051 3326 2441 3388 ἐπονείδιστος,
2474 3326 2568 3377 ml
2597 3324 2774 3394 ἐαυτῴ
2801 3324 2894 3377 ml
2925 3328 3037 3387 τοῖς
3061 3324 3241 3388 ἀλλοις
3270 3324 3585 3394 ἐπιϐλαϐἡς.
3623 3325 3719 3394 Μὴ

2049 3412 2112 3482 δή
2138 3412 2403 3482 τοσαύτην
2426 3410 2783 3482 ἐργαζώμεθα
2802 3412 3025 3482 ζημίαν.
3048 3412 3157 3465 Καὶ
3174 3412 3285 3483 γὰρ
3306 3414 3383 3475 εἰς
3408 3412 3725 3483 ἀποδημίαν

2050 3501 2361 3570 πέμποντες
2388 3538 2405 3563 ,
2459 3500 2579 3552 τότε
2638 3498 2933 3569 βουλόμεθα
2976 3500 3100 3563 τοὺς
3155 3501 3305 3563 υἱοὺς
3364 3499 3490 3552 ἰδεῖν
3523 3539 3538 3563 ,
3590 3500 3718 3553 ὅταν

2051 3588 2189 3657 ὑπὲρ
2221 3580 2295 3639 ὧν
2332 3586 2431 3656 τὴν
2463 3586 2770 3657 ἀποδημίαν
2811 3588 3134 3656 πεποίηνται
3170 3585 3592 3659 κατωρθωκότες
3621 3586 3719 3639 τύ-

2049 3694 2217 3746 χωσιν
2237 3693 2250 3708 ο
2281 3675 2347 3729 ἀν
2395 3692 2455 3727 τε
2500 3675 2607 3745 πρὸ
2636 3676 2823 3728 τούτου
2871 3676 3285 3746 παραγένωνται
3311 3714 3326 3739 ,
3357 3676 3417 3726 ού
3450 3673 3718 3745 τοσαύτην

2048 3766 2157 3819 ἀπὸ
2200 3765 2299 3834 τῆς
2336 3764 2627 3834 ἐπιδημίας
2654 3764 3002 3835 λαμϐάνομεν
3043 3765 3141 3834 τὴν
3170 3763 3360 3834 ἡδονὴν
3385 3802 3400 3826 ,
3449 3764 3579 3833 ὅσην
3610 3764 3719 3816 ἀπὸ

2047 3854 2141 3907 τοῦ
2195 3855 2369 3923 μάτην
2419 3852 2730 3906 ἐπανελθεῖν
2777 3852 2877 3924 τὴν
2922 3853 3158 3921 ἀθυμίαν
3205 3856 3251 3907 ε.
3301 3854 3426 3916 Πῶς
3474 3849 3566 3905 οὖν
3618 3853 3719 3905 οὐκ

2048 3940 2284 4011 ἐσχάτης
2318 3938 2573 4009 βλακείας
2590 3938 2855 4009 τοσαύτην
2892 3942 3003 4003 τοῖς
3042 3942 3429 4010 πνευματικοῖς
3472 3940 3545 4010 μὴ
3576 3955 3718 4008 παρ-

2049 4029 2191 4099 έχειν
2243 4028 2511 4098 σπουδὴν,
2557 4030 2689 4097 ὅσην
2732 4027 3151 4096 ἐπιδεικνύμεθα
3192 4028 3319 4095 περί¹
3354 4028 3421 4079 τὰ
3466 4026 3713 4095 βιωτικά,

2051 4117 2165 4170 ἀλλ’
2195 4117 2310 4168 ἐκεῖ
2346 4116 2442 4185 μὲν
2484 4114 2625 4168 οὕτω
2659 4113 2959 4182 φιλοσόφως
3004 4114 3189 4184 φέρειν
3233 4115 3341 4168 τῶν
3388 4115 3594 4168 παίδων
3626 4113 3717 4166 τὸν

2050 4200 2327 4270 χωρισμὸν
2352 4237 2367 4261 ,
2401 4198 2476 4261 ὡς
2521 4199 2614 4251 καὶ
2651 4197 2902 4267 εὔχεσθαι
2954 4198 3275 4268 ἐπιταθῆναι
3309 4197 3498 4251 τοῦτον
3520 4241 3534 4263 ,
3588 4197 3718 4250 ὅταν

2052 4288 2191 4357 ὑπέρ
2222 4304 2365 4349 τινος
2391 4286 2615 4356 γένηται
2645 4286 2914 4358 χρησίμου
2936 4326 2950 4347 ,
2985 4285 3215 4339 ἐνταῦθα
3260 4287 3315 4339 δέ
3355 4285 3496 4339 οὕτω
3544 4284 3721 4355 μαλα-

2048 4372 2292 4437 κίζεσθαι
2328 4374 2421 4425 ml
2450 4372 2823 4426 κατακλᾶσθαι
2854 4374 2989 4443 πρός
3019 4374 3116 4444 τὴν
3139 4372 3469 4442 ἀποδημίαν,
3505 4371 3581 4434 ὡς
3609 4373 3732 4435 τοῖς

2052 4460 2326 4531 μεγίστοις
2372 4459 2724 4529 λυμαίνεσθαι
2752 4458 2781 4497 h
2828 4460 2913 4513 διὰ
2949 4460 3045 4530 τὴν
3090 4459 3453 4530 μικροψυχίαν
3515 4458 3720 4527 ταύτην

2050 4549 2275 4618 ἀγαθοῖς
2299 4589 2313 4609 ,
2345 4550 2438 4602 ml
2488 4548 2660 4601 ταῦτα
2696 4550 2946 4612 πλείονας
2987 4549 3340 4619 παραμυθίας
3369 4547 3592 4618 ἔχοντας
3613 4586 3627 4609 ,
3657 4547 3722 4598 ού

2052 4639 2213 4707 μόνον
2256 4637 2316 4688 τὸ
2364 4635 2499 4706 πρὸς
2544 4635 2764 4706 μείζονα
2797 4636 2991 4698 αὐτοὺς
3025 4634 3433 4699 ἀποδύσασθαι,
3465 4634 3558 4687 καὶ
3586 4632 3721 4685 πάν-

2046 4742 2153 4788 τως
2184 4722 2559 4786 ἐπιτεύξεσθαι
2590 4723 2683 4775 τοῦ
2725 4722 2909 4787 τέλους
2929 4762 2944 4785 ,
2989 4723 3085 4775 ml
3131 4723 3293 4793 μηδὲν
3326 4718 3465 4776 εἶναι
3512 4722 3572 4775 τὸ
3605 4721 3731 4775 δια-ι

2048 4814 2246 4867 κόπτον
2272 4811 2368 4875 τὰς
2395 4811 2632 4875 ἐλπίδας,
2656 4810 2790 4864 ἀλλά
2819 4812 2913 4863 καὶ
2942 4811 3077 4881 πρὸς
3106 4811 3268 4863 αὐτὸν
3294 4810 3383 4863 τὸν
3404 4808 3721 4881 χωρισμόν;

2060 4902 2148 4954 Ἐν
2181 4899 2457 4970 ἀποδημίᾳ
2495 4900 2591 4970 μὲν
2641 4900 2749 4970 γάρ
2786 4896 2904 4952 οὖσι
2960 4900 3144 4969 μακρᾷ
3194 4899 3293 4952 ούκ
3341 4898 3558 4951 εὔκολον
3588 4914 3723 4966 συγ-

2047 4990 2322 5060 γίνεσθαι,
2356 4991 2448 5043 καὶ
2490 4989 2702 5059 μάλισθ’
2731 4991 2858 5045 ὅταν
2883 4989 3252 5062 γεγηρακότες
3277 4988 3509 5060 τύχωσιν
3541 4990 3713 5057 οἰ-γο-

2046 5081 2157 5141 νεῖς
2175 5096 2187 5107 ·
2223 5076 2455 5131 ἐνταῦθα
2481 5078 2537 5131 δέ
2562 5077 2641 5131 ἕνι
2663 5078 2898 5148 συνεχῶς
2926 5078 3061 5149 πρὸς
3088 5078 3282 5140 αὐτοὺς
3304 5078 3530 5129 ἀνιέναι.
3545 5076 3722 5129 Τοῦτο

2046 5167 2109 5237 δή
2153 5168 2246 5219 καὶ
2287 5166 2529 5236 ποιῶμεν
2553 5205 2568 5229 ,
2616 5167 2744 5220 ὅταν
2776 5168 2958 5229 αύτοίς
2999 5166 3224 5237 μηδέπω
3253 5161 3535 5236 δυνατὸνῇ
3579 5166 3727 5236 πρὸς⁷

2046 5255 2193 5323 ἡμᾶς
2238 5253 2447 5306 ἐλθεῖν·
2516 5255 2668 5307 αὐτοὶ
2721 5253 3025 5323 βαδίζωμεν
3089 5255 3225 5325 πρὸς
3277 5255 3558 5317 ἐκείνους,
3620 5254 3729 5307 καί

2048 5342 2429 5411 συγγινώμεθα
2468 5344 2562 5395 καὶ
2591 5342 2986 5413 διαλεγώμεθα.
3044 5344 3203 5411 Μέγα
3236 5345 3367 5414 ἡμῖν
3412 5346 3477 5396 ἐκ
3526 5342 3725 5397 τούτου·

2047 5431 2140 5483 ml
2165 5431 2350 5502 κέρδος
2382 5431 2534 5483 ἕσται
2558 5432 2651 5484 ml
2683 5431 2865 5501 ἡδονή.
2891 5433 2966 5485 Ού
2992 5432 3100 5503 γάρ
3129 5432 3236 5485 ἀπὸ
3270 5433 3369 5503 τῆς
3398 5431 3572 5501 ὅψεως
3606 5430 3718 5483 τῶν

2106 5586 2134 5651 '_
2153 5585 2415 5651 Unusgcod.
2438 5588 2687 5651 πέτασθαι.
2713 5587 2821 5637 Mox
2854 5589 2950 5637 duo
2973 5589 3112 5637 codd.
3139 5590 3495 5651 συγκλείσομεν.
3524 5586 3630 5635 Mox
3658 5587 3709 5635 in

2045 5646 2217 5709 'isdem
2238 5648 2394 5709 χεῖρον
2420 5648 2580 5695 deest.

2112 5706 2130 5775 ζ
2156 5706 2504 5775 δῇοεείνῇιλλει
2541 5722 2655 5758 mss.
2690 5710 2861 5761 Morel.
2898 5713 3276 5775 βουλευομένους.
3304 5710 3431 5760 Infra
3469 5723 3568 5760 ouo
3590 5722 3713 5760 mss.

2047 5770 2122 5816 ιιαί
2143 5770 2276 5817 πόλει
2300 5772 2380 5817 καί
2403 5772 2567 5819 ἔθνεσι.

2080 5833 2133 5899 ηε
2155 5832 2235 5899 _Sic
2254 5845 2366 5879 mss.
2394 5839 2441 5879 el
2472 5833 2624 5899 ξ-ιινὶιἰ
2649 5834 2895 5899 in‘lexlu,
2918 5842 3065 5897 alque
3088 5836 3154 5884 ita
3176 5835 3300 5899 legit
3327 5835 3591 5897 interpres.
3619 5835 3714 5884 Sa-

2048 5891 2129 5955 vil.
2158 5895 2204 5940 in
2226 5907 2375 5955 marg.
2403 5900 2456 5941 et
2475 5894 2646 5943 Morel.
2673 5896 2757 5951 τὴν
2790 5891 2973 5955 ζημίαν.

2108 5953 2135 5990 ⁸³
2158 5953 2254 6019 Alii
2276 5953 2582 6019 λυμήνασθαι.
2612 5956 2734 6003 Infra
2775 5953 2870 6007 dub
2914 5973 3021 6009 mss.
3052 5959 3105 6008 οὗ
3148 5959 3288 6019 μόνον
3317 5956 3401 6006 τοῖ’)
3425 5958 3538 6017 πρός
3582 5955 3723 6007 Ibid,

2046 6015 2193 6079 aliqui
2228 6018 2397 6073 παντὸς
2420 6017 2754 6074 ἐπιτεύξασθαι.
