4116 6392
272 314 382 376 381

264 431 654 507 ἀγαπωμένων
682 434 842 507 μόνον
869 435 1097 491 παιδίων
1126 436 1618 509 εὐφρανθησόμεθα
1638 478 1652 503 ,
1694 438 1832 493 ἀλλά
1858 440 1955 493 καὶ

268 521 424 575 αυτοὶ
444 520 514 576 τά
545 522 777 594 μέγιστα
824 524 1248 595 καρπωσάμενοι
1277 524 1415 596 πρὸς
1453 525 1553 595 τὴν
1580 524 1759 579 οἰκίαν
1789 528 1957 580 ἐπαν-

270 610 497 682 ήξομεν,
556 612 817 678 πολλάκις
850 612 906 666 δὲ
934 614 1118 678 αὐτοῖς
1145 627 1169 654 ι
1204 615 1300 668 καὶ
1340 615 1774 686 παραμενοῦμεν
1811 616 1960 672 ἁλόν-

273 713 366 763 τες
397 698 474 771 τῷ
498 700 600 771 τῆς
624 700 939 771 φιλοσοφίας
965 700 1147 773 ἔρωτι.
1168 702 1301 755 Τότε
1333 698 1427 756 οῦν
1456 702 1653 767 αὐτοὺς
1680 704 1953 775 καλῶμεν,

275 786 407 840 ὅταν
435 788 645 859 ἰσχυροὶ
663 787 946 857 γένωνται,
977 789 1071 842 καὶ
1100 790 1318 861 ἐτέρους
1339 785 1440 843 οἶοί
1464 808 1523 844 τε
1546 786 1679 846 ὦσιν
1704 792 1955 861 ὠφελεῖν

274 873 400 927 τότε
447 874 645 939 αὐτοὺς
677 875 924 946 ἕλκωμεν
972 876 1131 946 μόνον
1159 918 1173 942 ,
1210 876 1351 931 ὥστε
1397 877 1577 931 κοινὸν
1618 877 1872 946 γενέσθαι
1898 879 1960 932 τὸ

273 960 395 1032 φῶς
416 1002 431 1026 ,
464 960 605 1016 ὥστε
631 965 725 1018 ἐπὶ
762 963 862 1034 τῆς
888 964 1111 1034 λυχνίας
1136 964 1360 1035 τεθῆναι
1394 965 1484 1018 τὸν
1521 965 1711 1035 λύχνον
1734 968 1779 1020 b.
1824 967 1961 1020 Τότε

272 1048 476 1120 ϐψεσθε
523 1051 684 1104 τίνων
735 1052 835 1122 μὲν
886 1052 1090 1106 παίδων
1129 1055 1365 1126 πατέρες
1409 1055 1600 1126 ὑμεῖς,
1637 1056 1798 1109 τίνων
1823 1055 1878 1108 δὲ
1911 1056 1962 1108 οἰ

275 1137 710 1209 μακαριζόμενοι
756 1141 888 1212 παρ’
924 1140 1079 1212 ὑμῶν
1107 1156 1119 1169 ·
1153 1141 1274 1194 τότε
1307 1141 1521 1195 εἴσεσθε
1557 1141 1709 1215 [MO]
1750 1143 1849 1214 τῆς
1873 1160 1962 1213 φι-

279 1225 536 1295 λοσοφίας
559 1227 630 1280 τά
657 1227 847 1299 κέρδη,
865 1229 994 1282 ὅταν
1025 1229 1400 1300 θεραπεύωσιν
1430 1229 1751 1302 ἀνθρώπους
1769 1232 1964 1285 ἀνίατα

279 1314 574 1379 νοσοῦντας
623 1318 944 1388 νοσήματα,
994 1318 1121 1372 ὅταν
1183 1318 1259 1383 ὡς
1309 1318 1595 1391 εὐεργέται
1650 1319 1821 1373 κοινοὶ
1868 1320 1965 1373 καὶ

279 1404 586 1474 προστάται
620 1405 716 1458 καί
750 1405 995 1477 σωτῆρες
1032 1404 1515 1477 άνακηρύττωνται
1536 1449 1549 1468 ,
1595 1408 1724 1461 ὅταν
1755 1407 1830 1471 ὡς
1861 1408 1965 1478 ἆγ-

280 1492 429 1559 γελοι
458 1495 571 1556 τοῖς
621 1493 713 1547 ἐπὶ
758 1496 861 1564 γῆς
916 1492 1222 1565 ἀνθρώποις
1278 1495 1795 1566 συμπεριπολῶσινλ,
1837 1495 1968 1549 ὅταν

283 1578 436 1649 παρὰ
466 1579 685 1633 πάντων
716 1579 1132 1633 ἀποϐλέπωνται
1153 1595 1166 1609 ’
1204 1580 1404 1651 μᾶλλον
1433 1581 1489 1635 δέ
1516 1582 1659 1653 ὅπερ
1692 1580 1759 1635 ἂν
1800 1582 1969 1635 εῖπω⁹

278 1681 386 1735 μεν
406 1706 418 1728 ,
449 1666 600 1720 οὐδὲν
631 1667 872 1720 τοιοῦτον
893 1709 909 1731 ,
952 1662 1065 1721 οἷον
1098 1679 1122 1707 ε
1165 1669 1257 1721 ἐπὶ
1306 1669 1405 1739 τῆς
1443 1669 1639 1741 πείρας
1676 1668 1848 1737 αὐτῆς
1874 1669 1969 1722 καὶ

282 1752 392 1806 τῶν
445 1754 789 1824 πραγμάτων
846 1753 995 1807 ἐστιν
1028 1754 1174 1808 ἰδεῖν.
1210 1753 1398 1809 Ταῦτα
1437 1755 1532 1808 καί
1569 1755 1697 1819 τοὺς
1746 1753 1971 1825 νομοθέ-

283 1857 383 1904 τας
411 1840 517 1894 ἔδει
551 1845 757 1908 ποιεῖν,
789 1843 913 1895 εἴτι
944 1843 1052 1896 τῶν
1082 1841 1310 1896 δεόντων
1339 1843 1578 1911 ἐγίνετο,
1609 1845 1709 1896 οὐκ
1742 1843 1967 1915 ἀνδράσι

285 1928 597 1998 γενομένοις
623 1933 733 1993 τοῖς
761 1932 901 1993 νέοις
924 1930 1381 1984 ἐπανατείνασθαι
1405 1930 1603 2001 φόϐους
1628 1973 1643 1997 ,
1680 1929 1818 1984 ἀλλά
1844 1934 1971 1985 παῖ-

285 2016 383 2079 δας
413 2016 573 2082 δντας
602 2016 887 2089 ῥυθμίζειν
926 2019 1020 2072 καὶ
1056 2018 1438 2071 διαπλάττεινυ
1475 2020 1570 2072 καὶ
1607 2020 1707 2072 οὐκ
1748 2018 1814 2072 ἂν
1859 2019 1970 2072 τῶν

291 2103 433 2174 μετά
458 2104 630 2158 ταῦτα
668 2106 886 2176 ἐδέησεν
930 2105 1190 2159 ἀπειλῶν.
1239 2107 1376 2160 Νυνὶ
1420 2107 1481 2160 δὲ
1526 2107 1693 2160 ταυτδ
1738 2108 1968 2176 γίνεται,

287 2191 478 2264 ὥσπερ
502 2192 569 2247 ἂν
604 2192 770 2257 εἴτις
804 2195 985 2266 ἰατρὸς
1025 2193 1337 2248 ἀσθενοῦντι
1370 2195 1468 2266 μὲν
1488 2194 1567 2265 τῷ
1597 2196 1858 2264 κάμνοντι
1894 2196 1971 2268 μὴ

286 2280 424 2354 λέγῃ
463 2281 667 2352 μηδὲν,
708 2284 844 2354 μήτε
896 2283 1150 2356 δεικνύῃ,
1198 2282 1266 2337 δι’
1321 2277 1397 2337 ὧν
1454 2284 1750 2347 ἁπαλλάξοι
1792 2281 1821 2322 ἀ
1872 2286 1973 2355 τῆς

288 2368 482 2432 νόσου,
513 2369 866 2444 διαφθαρέντι
895 2371 953 2425 δὲ
986 2373 1081 2426 καὶ
1108 2372 1342 2436 ἀνιάτως
1384 2372 1559 2443 ἔχοντι
1595 2374 1820 2444 μυρίους
1848 2373 1971 2445 τιθῇ

289 2456 491 2529 νόμους
532 2458 736 2513 λοιπόν.
777 2460 888 2514 Καὶ
938 2462 1048 2532 γάρ
1094 2462 1143 2514 οἰ
1195 2458 1486 2531 νομοθέται
1529 2460 1650 2513 τότε
1696 2460 1973 2529 παιδαγω-

289 2543 480 2615 γοῦσιν
530 2546 711 2618 ἡμᾶς,
746 2547 877 2601 ὅταν
909 2548 1333 2619 διαστραφέντες
1364 2545 1637 2618 τύχωμεν.
1692 2546 1830 2601 Ἀλλ’
1875 2547 1975 2618 οὐχ

290 2633 323 2685 ι
364 2631 575 2697 Παῦλος
603 2632 807 2702 οὔτως,
836 2634 952 2689 ἀλλ’
1001 2634 1063 2700 εξ
1112 2635 1291 2707 ἀρχῆς
1340 2636 1436 2689 καὶ
1474 2637 1532 2688 ὲν
1565 2633 1755 2708 ἡλικίᾳ
1780 2635 1983 2710 πρώτη

290 2722 420 2787 τοὺς
444 2722 792 2789 διδασκάλους
826 2726 1009 2790 αὐτοῖς
1038 2727 1291 2799 ἐφίστησι
1334 2727 1432 2797 τῆς
1479 2727 1713 2797 ἀρετῆς,
1749 2729 1977 2783 κωλύων

292 2809 669 2864 ἐπεισελθεῖνε⁵
695 2813 794 2883 τὴν
824 2815 1042 2867 κακίαν.
1077 2813 1225 2885 Αὕτη
1257 2814 1366 2885 γάρ
1400 2813 1597 2884 ἀρίστη
1633 2814 1974 2881 διδασκαλία,

293 2897 358 2951 οὐ
385 2936 402 2963 ,
447 2900 909 2971 συγχωρήσαντας
974 2903 1236 2973 πρότερον
1287 2902 1669 2972 περιγενέσθαι
1722 2903 1820 2975 τὴν
1875 2922 1976 2957 πο-

295 2984 494 3058 νηρίαν
519 3026 534 3051 ,
576 2985 802 3059 ὕστερον
854 2987 1040 3059 ζητεῖν
1069 2991 1217 3052 ὅπως
1250 2990 1421 3061 αὐτὴν
1456 2989 1829 3062 ἐξελάσωμεν,
1861 2992 1976 3045 ἀλλ’

296 3073 513 3128 ἅπαντα
546 3079 717 3129 ποιεῖν
746 3077 841 3130 καὶ
887 3075 1413 3148 πραγματεύεσθαι,
1439 3076 1581 3130 ὥστε
1611 3077 1809 3132 ἄϐατον
1837 3078 1979 3150 αὐτῇ

296 3162 550 3231 γενέσθαι
599 3165 696 3236 τὴν
737 3164 897 3234 φύσιν
938 3164 1039 3236 τὴν
1089 3165 1390 3236 ἡμετέραν.
1437 3165 1530 3217 Διὸ
1574 3164 1859 3236 παραινῶ,
1902 3165 1978 3237 μὴ

301 3251 461 3322 μόνον
491 3252 712 3324 ἐτέρους
756 3253 1115 3324 βουλομένους
1153 3251 1311 3306 τοῦτο
1338 3256 1510 3306 ποιεῖν
1544 3253 1809 3319 κωλύειν,
1843 3255 1982 3309 ἀλλὰ

297 3339 394 3391 καὶ
418 3340 615 3403 αὐτοὺς
647 3340 1238 3410 συναντιλαμϐάνεσθαι
1263 3383 1279 3407 ,
1304 3341 1400 3395 καὶ
1430 3340 1623 3406 σώζειν
1647 3342 1709 3395 τὸ
1743 3343 1976 3414 σκάφος,

298 3428 394 3481 καί
423 3430 862 3500 παρασκευάζειν
894 3430 952 3495 ἐξ
995 3431 1181 3501 οὐρίας
1215 3431 1388 3485 πλεῖν.
1423 3432 1531 3484 Καὶ
1561 3431 1672 3503 γάρ
1702 3433 1750 3485 εἰ
1777 3431 1980 3503 ταύτην

297 3510 443 3587 ἦμεν
472 3518 671 3582 πάντες
703 3517 1089 3588 ἀναδεξάμενοι
1134 3518 1232 3590 τὴν
1274 3516 1536 3589 γνώμην,
1586 3520 1681 3573 καί⁵
1722 3519 1829 3591 πρὸ
1872 3520 1981 3573 τῶν

299 3605 477 3661 ἄλλων
508 3608 765 3661 ἁπάντων
812 3609 891 3671 εἰς
936 3609 1138 3679 ἀρετὴν
1167 3610 1364 3672 αὐτοὺς
1413 3610 1648 3681 ἤγομεν,
1692 3610 1850 3663 τοῦτο
1883 3611 1982 3681 μὲν

301 3692 461 3764 ἔργον
481 3734 495 3758 ,
535 3694 604 3748 τά
652 3694 710 3748 δὲ
742 3693 877 3749 ἄλλα
919 3695 1232 3765 νομίζοντες
1263 3698 1514 3770 πάρεργα
1542 3693 1682 3750 εἶναι
1701 3737 1714 3761 ,
1745 3698 1982 3751 τοσαῦτα

302 3780 529 3851 ἔμελλεν
572 3777 709 3835 εἶναι
746 3784 814 3836 τά
843 3782 1060 3850 ἀγαθά,
1090 3784 1191 3837 ὅσα
1224 3783 1318 3837 νῦν
1375 3785 1473 3856 μὲν
1511 3785 1684 3855 λέγων
1728 3788 1821 3841 καὶ
1850 3787 1982 3840 ἀλα-

303 3867 618 3932 ζονεύεσθαι
642 3869 800 3935 δόξω.
840 3872 978 3925 Εἰδέ
1010 3873 1153 3926 θέλοι
1176 3891 1261 3938 τις
1290 3873 1501 3943 μαθεῖν,
1540 3874 1633 3928 ἐπὶ
1659 3875 1767 3927 τῶν
1810 3875 1984 3945 ἔργων

302 3956 511 4011 εἵσεται
549 3958 729 4022 καλῶς
748 3999 762 4023 ,
787 3962 882 4013 καὶ
906 3960 1104 4032 πολλὴν
1155 3961 1252 4032 μὲν
1285 3964 1416 4032 ἡμῖν
1447 3962 1770 4034 ὁμολογήσει
1799 3965 1982 4036 χάριν,

305 4045 507 4118 πολλὴν
544 4046 600 4100 δὲ
635 4047 741 4117 πρὸ
768 4048 927 4119 ἡμῶν
960 4048 1038 4119 τῷ
1082 4050 1229 4120 Θεῷ,
1278 4050 1683 4120 βλαστάνουσαν
1716 4053 1858 4123 ὀρῶν
1892 4053 1985 4105 ἐπὶ

304 4136 405 4205 τῆς
436 4134 541 4205 γῆς
576 4135 674 4207 τὴν
706 4137 766 4190 ἐν
800 4137 1048 4206 οὐρανοῖς
1082 4138 1357 4192 πολιτείαν
1377 4178 1392 4204 ,
1433 4142 1529 4192 καὶ
1555 4141 1682 4205 τοὺς
1715 4141 1823 4195 τῶν
1855 4141 1986 4211 μελ-

302 4219 501 4277 λόντων
547 4223 805 4293 ἀγαθῶν,
858 4226 949 4281 καὶ
982 4226 1109 4289 τοὺς
1143 4226 1242 4298 τῆς
1275 4227 1624 4291 ἀναστάσεως
1660 4227 1853 4296 λόγους
1898 4231 1987 4282 ἐνο

302 4309 496 4364 τεῦθεν
521 4311 620 4383 ήδη
644 4311 1039 4383 πιστουμένους
1055 4353 1070 4377 ,
1091 4315 1185 4368 καὶ
1215 4317 1344 4385 παρ’
1361 4316 1543 4379 αὐτοῖς
1575 4319 1688 4381 τοῖς
1716 4317 1983 4382 ἀπίστοις.

378 4398 465 4454 ιθ’.
506 4400 612 4453 Καὶ
642 4401 724 4453 ὅτι
752 4400 814 4453 ού
841 4400 1051 4470 κόμπος
1086 4401 1259 4457 ταῦτα
1282 4403 1441 4474 δῆλον
1467 4404 1700 4458 ἐκεῖθεν·
1728 4406 1855 4458 ὃταν
1879 4406 1987 4478 γάρ

306 4486 492 4550 αὐτοῖς
546 4487 645 4558 τὴν
691 4487 965 4543 πολιτείαν
1025 4489 1274 4563 λέγωμεν
1325 4490 1435 4545 τῶν
1482 4493 1541 4545 ἐν
1595 4494 1717 4556 ταῖς
1762 4494 1989 4564 ἐρήμοις

306 4572 498 4637 ὄντων,
527 4573 664 4647 πρὸς
691 4575 790 4646 μὲν
814 4577 1020 4646 ταύτην
1042 4577 1194 4631 οὐδὲν
1219 4578 1431 4649 ἔχουσιν
1457 4565 1754 4645 ἀντειπεῖν,
1772 4580 1989 4635 δοκοῦσι

305 4662 365 4716 δὲ
405 4664 777 4737 ἰσχυρίζεσθαι
823 4669 918 4721 καὶ
966 4669 1290 4738 φιλονεικεῖν
1333 4673 1399 4742 τῇ
1433 4671 1541 4726 τῶν
1571 4672 1991 4744 κατορθούντων

307 4751 601 4825 ὀλιγότητι.
634 4755 697 4807 Εἰ
716 4754 773 4809 δὲ
797 4756 856 4809 ἐν
892 4760 1014 4820 ταῖς
1039 4757 1226 4811 πόλεσι
1258 4758 1349 4811 τὸν
1376 4758 1587 4830 καρπὸν
1612 4761 1991 4833 ἐφυτεύσαμεν

306 4839 500 4896 τοῦτον
526 4880 542 4904 ,
597 4843 692 4896 καὶ
741 4842 906 4914 νόμον
955 4844 1078 4898 τινὰ
1116 4847 1210 4898 καὶ
1260 4846 1434 4918 ἀρχὴν
1485 4848 1556 4901 τά
1597 4849 1698 4919 τῆς
1742 4849 1991 4916 εὐταξίας

307 4926 471 4982 ἔλαϐε
488 4971 505 4997 ,
533 4932 631 4985 καὶ
675 4932 803 4996 τοὺς
831 4934 1030 4998 παῖδας
1058 4935 1165 5007 πρὸ
1192 4934 1301 4989 τῶν
1329 4935 1504 4989 ἄλλων
1543 4937 1797 4991 ἁπάντων
1830 4940 1989 4993 ἐπαι-

307 5016 536 5090 δεύομεν
573 5019 761 5089 φίλους
798 5016 937 5075 εἶναι
965 5021 1044 5092 τῷ
1070 5022 1222 5093 Θεῷ,
1263 5022 1358 5076 καὶ
1393 5024 1463 5077 τά
1511 5024 1857 5095 πνευματικά
1887 5026 1993 5079 ἐδι-

308 5107 584 5178 δάσκομεν
622 5109 925 5180 μαθήματα
958 5112 1079 5164 ἀντὶ
1098 5111 1208 5165 τῶν
1227 5110 1404 5165 ἀλλων
1430 5113 1527 5166 καί¹
1549 5112 1656 5185 πρὸ
1684 5113 1793 5166 τῶν
1818 5114 1993 5169 ἄλλων

310 5196 568 5252 ἁπάντων
590 5237 604 5259 ,
647 5197 825 5252 πάντα
854 5197 920 5252 ἂν
946 5198 1267 5271 ἀπεπήδησε
1308 5199 1380 5254 τά
1416 5200 1635 5272 λυπηρά
1670 5200 1718 5264 ί,
1750 5202 1844 5256 καὶ
1893 5221 1994 5274 μυ-

310 5284 446 5356 ρίων
472 5283 768 5356 ἀπηλλάγη
793 5285 981 5338 κακῶν
1018 5288 1047 5340 ὁ
1079 5286 1194 5358 βίος
1225 5291 1254 5341 ὀ
1283 5287 1474 5361 παρὼν
1493 5329 1508 5353 ,
1542 5290 1636 5343 καὶ
1668 5289 1696 5342 ὃ
1726 5291 1853 5360 περί
1895 5292 1992 5361 τῆς

313 5372 615 5446 μελλούσης
635 5373 852 5444 λέγεται
880 5374 1056 5447 ζωῆς,
1076 5376 1158 5431 ὅτι
1180 5377 1391 5449 ἀπέδρα
1415 5377 1574 5451 ὀδύνη
1605 5379 1699 5432 καὶ
1724 5379 1870 5450 λύπη
1898 5381 1994 5433 καὶ

373 5514 400 5575 9
419 5513 532 5566 Duo
549 5529 668 5567 mss.
689 5516 880 5575 αὐτούς.

337 5638 341 5643 Α
368 5573 540 5646 1⁵])οο
564 5592 682 5630 mss.
716 5586 771 5629 et.
792 5573 941 5646 Sam.
969 5576 1023 5646 in
1055 5583 1199 5646 textu
1217 5582 1406 5640 τεθῆναι
1427 5580 1508 5630 τὸν
1532 5580 1717 5646 λύχνον.
1747 5581 1916 5631 Morel.
1941 5587 1995 5631 et

310 5638 464 5705 Sayil.
492 5641 544 5690 in
567 5654 722 5705 marg.
747 5644 939 5705 τεθῆναι
967 5642 1160 5705 τὸᾼφῶς.

375 5704 400 5768 ξ
425 5703 536 5768 Quo
557 5702 920 5753 ωεεῖτοιοῦτον
943 5702 1141 5768 ἐροῦμεν
1165 5705 1281 5753 οἷον.

374 5760 403 5801 ά
432 5763 548 5829 Quo
578 5779 694 5815 mss.
718 5773 772 5816 et
789 5767 904 5817 Sav.
928 5760 985 5829 in:
1006 5760 1143 5829 mhrg
1161 5767 1494 5829 ἀπαλλάξεται.

379 5834 404 5896 ξ
426 5824 512 5896 ξξο
541 5839 717 5876 omnes
737 5834 920 5889 praeter
942 5824 1404 5896 ﬂorefquﬂhapeg
1426 5829 1648 5896 ἐπελθεῖν.

380 5885 403 5928 ε
429 5885 512 5951 Sig
532 5900 707 5937 omnes
726 5885 912 5949 ρτωιθι·
945 5890 1117 5939 Morel.
1157 5885 1242 5950 Elui
1286 5891 1360 5938 sic
1383 5889 1551 5951 habet,
1584 5891 1806 5940 ἁπάντων
1839 5890 1989 5942 ταῦτα

319 5946 642 6011 ἐπαιδεύομεν.
662 5946 816 5999 πάντα
832 5952 890 5999 ἂν
914 5946 1191 6011 ἀπεπήδησέ
1210 5952 1270 6000 τά
1288 5952 1496 6016 λυπηρά.

1062 317 1122 378 S.
1163 314 1452 379 JOANNIS
1489 319 1987 381 CHRYSOSTOMI
2039 317 2361 378 ARCHIEP.
2404 315 2961 378 CONSTANTINOP.

2063 438 2365 510 στεναγμὸς
2384 479 2400 504 ,
2431 415 2680 491 ἐντεῦθεν
2709 435 2773 491 ἂν
2812 433 3257 508 ἐκαρπωσάμεθα
3285 433 3499 500 πάντες.
3533 435 3598 489 Εἰ
3635 432 3805 505 γᾶρ

2064 529 2202 598 μήτε
2223 526 2552 598 χρημάτων,
2600 526 2737 596 μήτε
2765 524 2923 595 δόξης
2970 523 3110 595 ἔρως
3157 524 3304 595 ἡμᾶς
3330 523 3501 594 εἰσῄει
3544 522 3787 592 κενῆς,

2064 618 2201 687 μήτε
2226 615 2455 671 θάνατον
2485 615 2798 686 ἐδεδίειμεν,
2833 613 2909 685 μὴ
2944 613 3134 667 πενίαν
3155 652 3171 676 ,
3221 612 3383 685 μὴτὸ
3415 611 3599 676 κακῶς
3631 628 3789 666 πα.-

2061 703 2174 757 θεῖν
2204 704 2409 775 βλάϐην
2436 702 2717 775 ἡγούμεθα
2738 743 2754 768 ,
2810 702 2947 756 ἀλλά
2978 702 3073 756 καὶ
3112 701 3301 771 κέρδος
3335 701 3588 772 μέγιστον
3612 743 3629 765 ,
3672 698 3803 771 μὴ,

2060 791 2495 863 ἀπεχθάνεσθαι,
2528 790 2603 863 μὴ
2635 792 2813 861 μισεῖν
2835 789 2947 861 ᾔδει
2957 806 3076 860 μεν,
3095 787 3204 842 οὔτ’
3231 789 3295 843 ἂν
3323 790 3426 843 ὑπὸ
3448 790 3556 843 τῶν
3590 788 3786 842 ἰδίων

2062 877 2283 943 παθῶν,
2307 876 2425 931 οὔτ’
2448 878 2515 931 ἂν
2547 878 2651 931 ὑπὸ
2673 876 2781 931 τῶν
2808 876 3103 948 ἀλλοτρίων
3133 875 3549 948 ἐπολεμήθημέν
3583 890 3779 935 ποτε,

2063 966 2179 1020 ἀλλ’
2208 966 2386 1020 αὐτῶν
2429 964 2841 1035 τῶνγάγγέλωνη
2867 964 3033 1033 ἐγγὺς
3067 964 3132 1017 ἂν
3186 963 3253 1017 τδ
3287 963 3397 1018 τῶν
3438 962 3783 1035 ἀνθρώπων

2062 1054 2280 1122 ἐγένετο
2300 1054 2476 1122 γένος.
2514 1034 2663 1126 [hi]
2699 1053 2809 1106 Καὶ
2853 1051 2937 1115 τίς
2974 1050 3277 1123 ἀνθρώπων
3311 1051 3484 1105 ταῦτα
3526 1034 3779 1119 κατὼρι

2065 1141 2230 1205 θωσε,
2266 1142 2459 1213 φησίν;
2487 1142 2726 1205 Εἰκότως
2755 1142 3006 1204 ἀπιστεῖς
3033 1180 3046 1202 ,
3081 1140 3175 1194 άτε
3215 1141 3273 1193 ἐν
3307 1139 3525 1193 πόλεσιν
3552 1138 3769 1203 οἰκῶν,

2067 1229 2164 1282 καὶ
2192 1232 2314 1294 ταῖς
2354 1228 2528 1292 θείαις
2571 1228 2775 1299 βίϐλοις
2822 1228 2929 1298 οὐχ
2961 1224 3285 1299 ὡμιληκώς·
3316 1228 3365 1281 εἰ
3408 1226 3464 1280 δὲ
3499 1227 3593 1281 καί
3615 1226 3770 1290 τοὺς

2066 1316 2125 1370 ἐν
2148 1320 2271 1380 ταῖς
2320 1318 2546 1388 ἐρήμοις
2587 1316 2774 1380 ὂντας,
2806 1316 2900 1370 καὶ
2938 1316 3066 1378 τοὺς
3093 1317 3150 1368 ἐν
3180 1316 3300 1378 ταῖς
3346 1315 3771 1384 πνευματικαῖς

2069 1403 2272 1475 βίϐλοις
2314 1406 2638 1476 γενομένους
2679 1403 2846 1458 πάλαι
2874 1402 3135 1472 ἐγνώκεις
3157 1441 3173 1465 ,
3205 1402 3405 1474 ἔμαθες
3438 1402 3504 1456 ἀν
3533 1402 3620 1455 ὅτι
3648 1402 3786 1454 καὶ-
3814 1413 3819 1416 ’

2066 1494 2116 1546 οἱ
2148 1493 2375 1564 μοναχοί
2398 1533 2414 1556 ,
2454 1493 2550 1548 καὶ
2581 1494 2637 1545 οἱ
2668 1492 2773 1565 πρὸ
2813 1492 3018 1545 τούτων
3062 1491 3385 1554 ἀπόστολοι,
3413 1491 3508 1545 καί¹
3537 1490 3591 1544 οἱ
3637 1487 3769 1561 πρὸ

2068 1580 2294 1636 ἐκείνων
2332 1582 2531 1637 δίκαιοι
2575 1581 2715 1654 μετά
2749 1580 3033 1654 ἀκριϐείας
3061 1574 3279 1652 ἀπάσης
3302 1580 3401 1651 τὴν
3427 1578 3761 1648 φιλοσοφίαν

2068 1668 2412 1736 ἐπεδείξαντο
2442 1670 2665 1742 ταύτην.
2689 1672 2813 1725 Ἵνα
2833 1670 2891 1723 δέ
2919 1687 2999 1723 σοι
3024 1668 3099 1741 μὴ
3127 1668 3536 1739 φιλονεικῶμεν,
3563 1667 3761 1738 δῶμεν

2067 1758 2178 1813 τῶν
2214 1759 2482 1833 δευτέρων
2517 1759 2550 1832 ἢ
2599 1760 2799 1834 τρίτων
2826 1761 2919 1814 ἀπ’
2961 1761 3183 1815 ἐκείνων
3211 1759 3464 1829 γενέσθαι
3509 1758 3605 1811 τὸν
3634 1758 3761 1810 υἱὸν

2067 1841 2161 1894 τὸν
2193 1843 2319 1896 σόν-⁸
2360 1844 2481 1897 ούδέ
2525 1844 2634 1915 γάρ
2680 1843 2825 1897 οὕτω
2865 1843 3077 1915 μικρῶν
3109 1841 3473 1896 ἀπολαύσεται
3505 1839 3761 1908 ἀγαθῶν.

2071 1929 2146 1982 Οὐ
2172 1929 2363 1999 φθάνει
2397 1932 2532 2002 πρὸς
2555 1932 2760 2003 Πέτρον
2787 1930 2961 1984 ἐλθεῖν
2987 1972 3002 1994 ,
3030 1930 3154 1985 ούδέ
3203 1929 3413 1984 Παῦλον
3434 1969 3448 1992 ,
3482 1927 3598 1982 ἀλλ’
3629 1925 3763 1981 οὐδὲ

2070 2018 2326 2086 γενέσθαι
2354 2020 2535 2075 αὐτῶν
2563 2018 2730 2090 ἐγγύς
2750 2037 2764 2051 ·
2788 2019 2876 2075 διὰ
2900 2018 3057 2073 τοῦτο
3080 2015 3173 2073 οὖν
3201 2018 3365 2072 αὐτὸν
3386 2019 3481 2072 καὶ
3499 2016 3605 2089 τῆς
3632 2016 3789 2087 μετ⁹’

2072 2106 2314 2171 ἐκείνους
2339 2109 2781 2180 ἀποστερήσομεν
2802 2108 3002 2179 τιμῆς;
3026 2107 3234 2161 Ταυτδν
3257 2106 3365 2178 γάρ
3387 2108 3558 2168 ποιεῖς
3577 2103 3764 2158 ταῦτα

2073 2193 2281 2265 λέγων,
2324 2197 2400 2259 ὡς
2439 2197 2505 2250 ἂν
2546 2198 2595 2249 εἰ
2622 2196 2838 2264 ἐλεγεςο
2863 2195 3083 2266 Ἐπειδὴ
3115 2194 3260 2249 λίθον
3288 2194 3468 2264 τίμιον
3495 2192 3763 2263 γενέσθαι

2072 2283 2173 2336 οὐκ
2198 2283 2298 2345 ἔνι,
2329 2283 2539 2355 μενέτω
2572 2283 2787 2356 σίδηρος
2809 2281 2907 2347 ῶν,
2939 2283 3037 2337 καὶ
3065 2284 3201 2355 μήτε
3228 2282 3466 2353 ἄργυρος
3485 2280 3761 2349 γενέσθω,

2078 2374 2215 2444 μήτε
2269 2373 2488 2445 χρυσός.

2154 2462 2255 2514 Διά
2311 2461 2366 2513 τί
2432 2462 2541 2534 γάρ
2599 2462 2685 2533 μὴ,
2725 2460 2834 2516 ’καὶ
2892 2464 2949 2516 ἐν
3016 2464 3129 2525 τοῖς
3194 2460 3389 2526 ἔξωθεν
3461 2460 3781 2532 πράγμασι.

2074 2548 2265 2603 τοῦτον
2307 2548 2453 2621 ἔχεις
2486 2550 2579 2603 τὸν
2628 2548 2910 2622 λογισμὸν,
2941 2549 3077 2604 ἀλλά
3123 2549 3216 2603 τὸν
3250 2550 3491 2603 ἐναντίον
3539 2550 3783 2621 τούτῳ;.

2076 2637 2186 2691 Καὶ
2251 2635 2362 2708 γάρ
2425 2637 2519 2690 ἐπί
2568 2636 2742 2706 λόγων
2813 2637 3052 2708 μάθησιν
3108 2637 3340 2707 πέμπων
3393 2638 3456 2701 ⁸,
3502 2637 3563 2689 ού
3619 2636 3765 2690 πάν-
3872 2661 3877 2664 ’

2074 2739 2182 2787 τως
2222 2724 2384 2780 αύτὸν
2434 2724 2527 2777 ἐπὶ
2575 2727 2687 2788 τοῖς
2738 2723 2928 2797 ἄκροις
2976 2722 3201 2794 ὗψεσθαι
3254 2723 3586 2795 προσδοκᾷς,
3636 2722 3785 2778 in"

2076 2812 2227 2883 ὅμως
2275 2812 2337 2865 ού
2380 2811 2469 2867 διὰ
2502 2810 2674 2867 ταῦτα
2724 2812 2960 2881 ἀπάγετς
2990 2812 3088 2882 τῆς
3136 2812 3265 2883 περὶ
3292 2810 3463 2864 ταῦτα
3493 2811 3761 2881 σπουδῆς,

2077 2898 2215 2952 ἀλλά
2256 2899 2434 2953 πάντα
2466 2898 2696 2971 πληροῖς
2738 2900 2808 2955 τά
2839 2900 2991 2972 παρά
3034 2899 3264 2961 σαυτοῦ,
3306 2898 3586 2968 ἀγαπητὸν
3617 2893 3775 2951 εἶναι

2078 2987 2334 3058 νομίζων,
2360 2988 2425 3042 ἂν
2452 2988 2701 3059 πέμπτον
2733 2988 2767 3059 ἢ
2795 2988 3020 3042 δέκατον
3048 2986 3156 3040 ἀπὸ
3176 2986 3285 3039 τῶν
3310 2985 3541 3057 πρώτων
3572 3002 3636 3038 συ
3645 2985 3761 3056 μϐῇ

2077 3078 2331 3144 γενέσθαι
2356 3077 2448 3130 τὸν
2474 3077 2591 3130 υἱὸν
2627 3079 2686 3131 ἐν
2719 3080 2787 3149 τῇ
2825 3076 2934 3130 τῶν
2972 3076 3145 3145 λόγων
3176 3074 3426 3146 δυνάμει.
3459 3068 3571 3128 Καὶ
3598 3074 3766 3145 βασι-

2078 3165 2161 3219 λεῖ
2186 3166 2244 3219 δὲ
2277 3165 2663 3239 στρατεύοντες
2687 3166 2715 3206 ιι
2749 3164 2878 3229 τοὺς
2910 3166 3048 3228 υἱεῖς
3072 3163 3132 3217 οὐ
3163 3163 3381 3226 πάντως
3409 3162 3501 3215 ἐπὶ
3536 3161 3629 3214 τὸν
3651 3162 3785 3214 τῶνλ

2080 3255 2342 3326 ὑπάρχων
2382 3256 2579 3319 αὐτοὺς
2618 3253 2986 3326 ἀναϐήσεσθαι
3019 3251 3357 3324 προσδοκᾶτε
3391 3250 3611 3323 θρόνον·
3645 3250 3766 3304 ἀλλ’

2079 3343 2228 3414 ὅμως
2282 3342 2342 3395 ού
2383 3341 2760 3396 διακελεύεσθε
2810 3341 2969 3395 λῦσαι
3008 3341 3109 3411 τὴν
3162 3339 3369 3409 ζώνην,
3418 3338 3452 3410 ἤ
3491 3338 3627 3410 μηδὲ
3662 3338 3785 3409 τῆνα

2079 3431 2253 3501 ἀρχὴν
2298 3430 2555 3501 ἐπιϐῆναι
2586 3430 2694 3484 τῶν
2748 3430 3034 3500 βασιλείων
3063 3470 3077 3493 ,
3118 3428 3256 3483 ἀλλά
3287 3428 3462 3481 πάντα
3499 3445 3770 3499 πραγμα-

2079 3518 2341 3583 τεύεσθε,
2395 3518 2472 3582 ὡς
2516 3516 2784 3589 μηδέποτε
2833 3517 3030 3580 αὐτοὺς
3073 3518 3172 3588 τῆς
3219 3516 3430 3569 ἐκεῖθεν
3479 3514 3785 3586 διατριϐῆς-

2082 3607 2335 3661 ἐκπεσεῖν
2361 3645 2376 3669 ,
2433 3608 2622 3677 ἀρκεῖν
2676 3603 2970 3677 ἡγούμενοι
3024 3604 3085 3657 τὸ
3143 3604 3235 3658 καί
3291 3604 3349 3657 ἐν
3402 3605 3515 3666 τοῖς
3574 3602 3771 3674 μέσοις

2081 3693 2518 3765 ἀριθμουμένους
2550 3694 2700 3764 όρᾷν.
2748 3692 2907 3755 Τίνος
2955 3688 3048 3746 οὖν
3096 3692 3283 3745 ἕνεκεν
3323 3692 3443 3744 ἐκεῖ
3487 3688 3626 3768 μὲν..
3661 3688 3770 3743 κᾶν

2087 3781 2162 3855 μὴ
2193 3781 2301 3835 τῶν
2339 3781 2598 3852 μειζόνων
2630 3781 2723 3852 ἐξῇ
2750 3779 3012 3833 λαϐέσθαι
3032 3820 3046 3844 ,
3083 3780 3232 3850 ὅμως
3277 3779 3419 3851 ὑπὲρ
3463 3777 3572 3829 τῶν
3605 3776 3771 3830 ἐλατ-

2082 3869 2252 3922 τόνων
2280 3868 2544 3922 κόπτεσθε
2574 3868 2669 3922 καὶ
2698 3866 3132 3939 ταλαιπωρεῖσθε
3163 3906 3176 3929 ,
3214 3867 3317 3919 κάν
3349 3864 3560 3928 τούτοις
3599 3864 3793 3918 πάλινο

2085 3957 2185 4027 τῆς
2213 3956 2425 4019 ἐλπίδος
2455 3954 2621 4026 οὕσης
2653 3955 2878 4028 ἀδήλου,
2916 3954 3146 4009 ἐνταῦθα
3178 3954 3235 4007 δὲ
3267 3955 3476 4007 ὀκνεῖτε
3507 3953 3600 4006 καὶ
3633 3954 3775 4006 ἀνα-

2085 4043 2306 4109 δύεσθε;
2353 4045 2474 4098 Ὅτι
2512 4043 2735 4097 ἐκείνων
2772 4044 2871 4114 μὲν
2906 4041 3106 4113 πολλὴν
3135 4041 3288 4112 ἔχετε
3316 4039 3416 4111 τὴν
3443 4040 3770 4111 ἐπιθυμίαν,

2086 4132 2291 4188 τούτων
2317 4133 2374 4187 δέ
2402 4132 2522 4186 οὐδὲ
2556 4131 2815 4204 βραχεῖαν
2842 4148 2858 4163 ο
2892 4131 3014 4186 εἶτα
3038 4131 3417 4202 αἰσχυνόμενοι
3445 4129 3602 4185 τοῦτο
3630 4132 3777 4200 ὁμο-

2087 4220 2315 4290 λογῆσαι
2368 4219 2597 4291 σκήψεις
2633 4219 2963 4288 ἐπενοήσατε
2998 4219 3092 4272 καὶ
3127 4218 3461 4290 προφάσειςο
3490 4217 3568 4281 ὠς
3620 4219 3676 4270 εῖ
3708 4235 3783 4286 γε

2088 4309 2303 4381 ἀληθῶς
2331 4307 2638 4373 ἐϐούλεσθε,
2663 4308 2815 4362 οὐδὲν
2843 4308 2908 4363 ἂν
2943 4308 3088 4379 ὑμᾶς
3119 4306 3325 4361 τούτων
3357 4306 3622 4361 ἐκώλυσε.
3656 4308 3778 4361 Καὶ

2089 4398 2195 4470 γάρ
2225 4398 2396 4461 οὕτως
2423 4397 2535 4469 ἔχει
2562 4413 2574 4425 ’
2602 4397 2724 4450 ὅτου
2762 4414 2846 4461 τις
2874 4397 2940 4451 ἂν
2986 4397 3128 4469 ἐρῶν
3175 4396 3315 4468 τύχῃ
3352 4398 3622 4467 γνησίως,
3662 4397 3787 4450 κᾶν

2092 4488 2169 4560 μὴ
2212 4485 2307 4540 τοῦ
2339 4487 2539 4549 παντὸς
2564 4526 2578 4546 .
2613 4485 2747 4557 μηδέ
2787 4485 2883 4539 τοῦ
2934 4486 3195 4541 ἀνωτάτω
3247 4486 3637 4558 περιγένηται,
3671 4486 3775 4540 τοῦ

2089 4577 2220 4646 γοῦν
2250 4577 2416 4647 μέσου
2436 4618 2451 4642 ,
2495 4575 2695 4647 μᾶλλον
2716 4575 2773 4628 δέ
2798 4576 2892 4628 καί
2917 4574 3011 4629 τοῦ
3041 4576 3157 4646 μετ’
3179 4577 3384 4629 ἐκεῖνον
3416 4574 3677 4647 μυριάκις
3706 4576 3777 4630 ἂν

2091 4666 2266 4720 ἓλοιτο
2311 4667 2612 4737 ἐπιτυχεῖν.
2646 4667 2758 4720 Καὶ
2785 4666 2895 4738 γάρ
2941 4666 2971 4718 ό
3022 4666 3257 4736 φίλοινος
3311 4668 3402 4720 καὶ
3451 4666 3791 4737 φιλοπότης,

2093 4753 2196 4809 κάν
2256 4753 2331 4825 μὴ
2356 4752 2448 4807 τὸν
2481 4753 2614 4825 ἡδὺν
2645 4753 2741 4808 καὶ
2777 4752 3076 4822 ἀνθοσμίαν
3106 4753 3199 4825 ἐξῇ
3229 4752 3413 4807 λαϐεῖν
3440 4749 3583 4807 οἶνον
3601 4794 3618 4819 ,
3647 4754 3780 4808 οὐδὲ

2092 4841 2187 4894 τοῦ
2213 4840 2545 4911 φαυλοτάτου
2575 4841 2980 4913 καταφρονήσει
3028 4841 3157 4894 ποτέ
3184 4858 3198 4872 ·
3230 4840 3326 4895 καὶ
3363 4842 3391 4893 ὁ
3424 4840 3778 4912 φιλοχρήμα-

2092 4947 2183 4994 τος
2209 4930 2408 4992 πάλιν,
2437 4928 2539 4983 κᾶν
2573 4928 2648 4999 μὴ
2684 4929 2865 4992 λίθους
2894 4928 3141 5000 τιμίους,
3184 4929 3322 5001 μηδὲ
3358 4928 3580 5000 χρυσίον
3605 4969 3621 4993 ,
3654 4929 3791 4983 ἀλλ’“

2093 5017 2356 5090 ἀργύριον
2379 5017 2527 5088 αὐτῷ
2548 5034 2634 5081 τις
2661 5018 2897 5089 παρέχῃ,
2929 5017 3132 5088 πολλὴν
3158 5018 3361 5071 εἴσεται
3390 5017 3568 5091 χάριν.
3589 5018 3635 5069 Τ
3635 5017 3784 5072 οιοῦ-

2094 5123 2184 5159 τον
2211 5105 2318 5177 γάρ
2351 5107 2384 5177 ἡ
2414 5105 2679 5174 ἐπιθυμία
2704 5146 2720 5170 ,
2767 5106 3088 5177 τυραννικόν
3120 5122 3173 5158 τι
3210 5107 3441 5177 πρᾶγμα
3469 5107 3563 5160 καὶ
3585 5106 3793 5161 ἰκανὸν-

2095 5197 2280 5247 πεῖσαι
2324 5192 2504 5246 πάντα
2557 5192 2648 5246 τὸν
2695 5192 2927 5257 ἁλόντα,
2964 5192 3120 5265 ὑπὲρ¹
3165 5192 3385 5247 ὁτουοῦν
3422 5193 3519 5247 καὶ
3572 5194 3780 5249 παθεῖν

2094 5284 2190 5336 καί
2219 5284 2540 5353 ὑπομεῖναι·
2594 5281 2735 5336 ὥστε
2776 5283 2827 5335 εἰ
2862 5284 2937 5354 μὴ
2983 5283 3184 5353 σκῆψις
3212 5282 3385 5336 ταῦτα
3425 5282 3495 5336 τὰ
3548 5283 3782 5355 ῥήματα

2093 5369 2183 5445 ἦν,
2214 5372 2584 5443 συμπράττειν
2617 5372 2786 5443 ἐχρῆν
2812 5373 2907 5426 καὶ
2944 5375 3260 5443 συμπονεῖν.
3299 5371 3406 5426 Τοῦ
3442 5372 3551 5443 γὰρ
3578 5371 3777 5426 ἐπιθυ-

2099 5460 2325 5534 μοῦντός
2344 5479 2398 5514 τι
2419 5460 2675 5529 γενέσθαι
2707 5460 2768 5514 οὐ
2794 5461 2854 5513 τὸ
2884 5460 3137 5529 γενέσθαι
3172 5460 3403 5514 κωλύειν
3431 5462 3601 5524 ἐστὶν,
3633 5460 3784 5518 ἀλλ-ι

2093 5552 2155 5605 τὸ
2186 5549 2367 5604 πάντα
2415 5550 2591 5602 ποιεῖν
2635 5548 2783 5611 ὅπως
2819 5547 2885 5603 ἂν
2915 5547 3144 5617 γένοιτο.
3178 5549 3290 5603 Καὶ
3320 5549 3428 5623 γάρ
3466 5550 3518 5603 οἰ
3554 5550 3783 5604 καθιέν-

2095 5657 2187 5703 τες
2245 5640 2327 5703 εἰς
2372 5639 2500 5702 τοὺς
2565 5636 2967 5708 Ὀλυμπιακοὺς
3005 5637 3227 5705 ἀγῶνας
3251 5678 3266 5703 ,
3321 5637 3524 5702 εἰδότες
3571 5641 3658 5692 ὅτι
3714 5641 3783 5693 ἐν

2159 5763 2185 5801 ⁸
2209 5760 2318 5812 Duo
2339 5774 2454 5825 mss.
2480 5761 2723 5825 μαθήμασι
2741 5776 2891 5822 πεμπ.
2916 5758 3027 5809 Mox
3062 5771 3190 5825 ypus
3202 5759 3623 5825 ﬁupmcﬁ‘yacom.
3646 5758 3788 5812 Ioh

2096 5836 2271 5937 ἓωὲιὲε
2290 5820 2504 5885 πέμπτον
2524 5825 2554 5881 ἦ
2600 5820 2815 5882 δέκατον,
2843 5826 3025 5885 prater
3062 5820 3238 5871 Morel.
3277 5820 3363 5885 ιιιιὶ
3382 5820 3534 5872 habet
3551 5822 3787 5881 nimim

2129 5905 2154 5936 ν
2231 5901 2393 5934 κατον.

2129 5905 2154 5936 ν
2177 5901 2393 5936 οεκατον.

2167 5948 2195 5990 h
2218 5946 2569 6016 Στρατεύοντες.
2598 5945 2884 6011 Legendum
2916 5946 3112 6001 videtur
3131 5944 3484 6010 στρατεύοντάς.
3509 5943 3646 5997 Eous.
