4116 6392
308 387 409 444 381

306 498 571 570 proﬁcisci
595 507 847 571 poterunt
875 499 1059 570 :ipsos
1077 500 1351 566 adeamus,
1376 501 1586 556 illorum
1609 499 1884 557 consortio

308 602 362 645 et
386 591 653 661 colloquio
675 590 934 645 fruamur.
966 591 1098 645 Hinc
1120 592 1273 647 nobis
1299 592 1486 663 ingens
1510 592 1736 658 lucrum,
1767 606 1885 645 ma-

308 697 517 750 gnaque
544 682 790 750 voluptas
828 681 1017 736 aderit.
1048 682 1163 737 Non
1193 685 1336 738 enim
1365 694 1651 753 conspectu
1682 693 1888 738 tantum

309 774 704 827 carissimorum
734 773 959 827 ﬁliorum
985 775 1311 841 laetabimur;
1344 778 1438 832 sed
1470 778 1568 847 ipsi
1597 780 1887 832 maximum

312 867 487 935 adepti
534 866 785 933 fructum,
832 867 1050 923 domum
1090 869 1383 924 redibimus
1415 888 1429 923 :
1464 886 1700 939 ρει-δωρεά
1730 870 1889 924 etiam

313 973 432 1010 cum
463 958 569 1011 illis
592 959 945 1019 manebimus.
974 960 1321 1029 philosophia:
1348 977 1530 1016 amore
1554 963 1716 1031 capti.
1745 962 1894 1015 Tunc

314 1048 475 1117 igitur
499 1049 618 1103 illos
639 1065 971 1113 revocemus,
997 1066 1116 1104 cum
1141 1052 1280 1105 vires
1310 1053 1446 1105 nacti
1469 1061 1643 1112 erunt.
1671 1052 1895 1121 aliisque

317 1137 571 1207 prodesse
619 1147 866 1208 poterunt
916 1160 929 1195 :
981 1150 1105 1195 tunc
1154 1142 1270 1195 illos
1318 1142 1674 1206 retrahamus,
1726 1144 1793 1195 ita
1840 1151 1897 1193 ut

318 1230 615 1285 communis
637 1231 724 1284 lux
752 1230 861 1295 ﬁat,
890 1242 942 1285 et
969 1232 1182 1286 lucerna
1208 1243 1436 1301 ponatur
1457 1248 1613 1302 supra
1641 1231 1895 1286 candela-

319 1320 494 1374 brum.
542 1321 689 1376 Tunc
737 1322 984 1376 videbitis
1028 1338 1379 1393 quorumnam
1435 1324 1666 1378 ﬁliorum
1721 1331 1899 1393 patres

319 1413 458 1477 sitis,
490 1427 787 1481 quorumve
833 1413 889 1479 ii,
932 1429 1066 1483 quos
1114 1430 1255 1469 nunc
1294 1414 1481 1470 beatos
1522 1414 1697 1469 dicitis
1736 1422 1901 1468 :tunc

322 1506 672 1575 philosophia:
701 1506 848 1560 lucra
877 1506 1156 1571 videbitis,
1191 1521 1313 1561 cum
1362 1507 1684 1561 insanabiles
1725 1506 1901 1560 homi-

326 1614 450 1651 num
480 1599 694 1659 morbos
719 1599 1044 1665 curaverint,
1073 1614 1195 1653 eum
1224 1609 1282 1653 ut
1310 1599 1536 1655 beneﬁci
1568 1614 1899 1664 communes,

326 1690 533 1759 patroni
565 1697 620 1743 et
647 1700 949 1744 servatores
990 1690 1440 1759 prmdicabuntur,
1472 1706 1592 1744 cum
1638 1699 1694 1744 ut
1730 1691 1903 1759 angeli

328 1795 447 1833 cum
478 1779 777 1834 hominibus
804 1780 855 1834 in
888 1782 1042 1835 terris
1068 1782 1368 1836 conversati
1399 1780 1615 1846 fuerint,
1647 1797 1766 1835 cum
1792 1796 1908 1833 om-

329 1870 475 1924 nium
500 1871 742 1925 obtutum
772 1872 823 1925 in
863 1886 922 1925 se
950 1873 1316 1927 converterint
1348 1890 1359 1924 :
1393 1873 1499 1926 imo
1524 1872 1720 1941 potius,
1758 1888 1906 1941 qua:-

331 1980 559 2034 cumque
588 1964 897 2031 dixerimus,
927 1964 1059 2019 nihil
1106 1966 1211 2019 tale
1240 1965 1495 2020 exhibere
1530 1975 1723 2035 potest,
1753 1966 1910 2035 quale

334 2057 446 2124 ipsa
477 2058 804 2125 experientia
836 2066 890 2111 et
918 2058 1170 2127 operibus
1204 2058 1385 2113 videre
1411 2068 1510 2113 est.
1542 2058 1665 2112 Htec
1697 2058 1908 2126 legisla-

335 2148 539 2201 toribus
560 2149 799 2203 facienda
820 2158 993 2212 erant,
1019 2150 1061 2203 si
1083 2151 1154 2203 uti
1178 2152 1525 2205 conveniebat
1550 2160 1723 2205 actum
1748 2160 1911 2215 esset,

335 2254 527 2309 nempe
556 2250 614 2294 ut
642 2255 745 2294 nou
773 2241 1055 2309 juvenibus
1080 2242 1314 2295 virorum
1344 2251 1553 2295 aetatem
1591 2242 1797 2313 adeptis
1842 2241 1908 2293 ti-

337 2344 513 2385 mores
531 2333 855 2397 incuterent;
876 2332 970 2386 sed
992 2347 1105 2396 eos,
1128 2331 1252 2385 dum
1276 2334 1426 2402 pueri
1446 2342 1616 2395 erant,
1637 2334 1916 2387 instituere

338 2430 394 2474 et
422 2422 708 2478 informare
731 2438 865 2493 opus
892 2432 1040 2487 erat,
1073 2440 1171 2481 nec
1200 2434 1380 2494 postea
1410 2426 1569 2479 minae
1595 2425 1915 2480 adhibendae

342 2511 583 2568 fuissent.
611 2514 761 2571 Nunc
786 2527 961 2571 autem
990 2518 1089 2572 hoc
1112 2518 1283 2587 ipsum
1306 2517 1497 2587 agitur,
1521 2531 1583 2570 ac
1600 2513 1645 2569 si
1670 2518 1789 2586 quis
1809 2532 1920 2569 me-

340 2604 492 2659 dicus
529 2609 804 2675 aegrotanti
853 2608 983 2662 nihil
1029 2609 1188 2675 dicat,
1216 2625 1317 2664 nec
1344 2609 1593 2666 ostendat
1611 2628 1718 2680 quo
1764 2618 1921 2677 pacto

342 2696 608 2751 curandus
637 2700 707 2752 sit
727 2700 966 2762 morbus.
988 2700 1259 2769 deplorata
1282 2709 1461 2755 autem
1483 2699 1808 2764 valetudine,
1836 2698 1919 2751 in-

343 2802 591 2841 numeras
618 2789 978 2843 remediorum
1011 2792 1153 2860 leges
1180 2800 1397 2845 statuat.
1429 2790 1558 2845 Nam
1590 2790 1922 2860 legislatures

345 2889 470 2933 tunc
510 2895 608 2933 nos
651 2882 926 2936 instituere
955 2883 1355 2951 aggrediuntur,
1395 2898 1516 2937 cum
1550 2883 1657 2951 jam
1691 2882 1923 2951 perversi

346 2984 549 3024 sumus.
575 2971 677 3025 Sed
702 2987 807 3026 non
836 2974 904 3026 ita
926 2973 1140 3039 Paulus,
1165 2990 1347 3028 verum
1368 2975 1435 3028 ab
1461 2974 1609 3027 initio
1629 2982 1685 3027 et
1704 2988 1731 3026 a
1754 2974 1923 3042 prima

347 3069 503 3115 :etate
549 3062 830 3131 magistros
867 3063 969 3116 illis
998 3064 1204 3117 virtutis
1247 3064 1486 3133 praeﬁcit.
1531 3064 1670 3117 vitiis
1711 3078 1923 3115 omnem

348 3152 548 3204 aditum
592 3152 971 3207 iutercludeus.
1014 3153 1139 3207 llzec
1177 3154 1373 3223 quippe
1412 3154 1609 3223 Optima
1650 3164 1733 3208 est
1770 3153 1929 3206 disci—

351 3244 515 3311 plina,
545 3260 650 3297 non
680 3246 822 3313 prius
854 3245 978 3298 vitia
1006 3246 1268 3299 dominari
1298 3245 1472 3298 sinere
1502 3253 1554 3299 et
1580 3254 1760 3313 postea
1786 3259 1927 3312 qua:-

350 3350 492 3402 rere,
520 3352 626 3405 quo
646 3347 804 3406 pacto
834 3338 921 3391 illa
949 3338 1211 3393 eliminari
1250 3338 1481 3407 possint,
1511 3337 1607 3391 sed
1636 3338 1815 3390 omnia
1848 3336 1928 3388 fa-

351 3442 475 3480 cere
502 3437 660 3497 atque
687 3428 883 3493 moliri,
905 3436 961 3481 ut
990 3438 1175 3482 natura
1207 3440 1383 3482 nostra
1416 3428 1667 3497 nequitia:
1698 3428 1766 3480 sit
1791 3429 1933 3480 iuac-

353 3534 522 3573 cessa.
557 3520 913 3588 Quamobrem
960 3522 1165 3586 hortor,
1212 3537 1315 3575 non
1362 3520 1521 3575 modo
1562 3521 1700 3585 illos,
1745 3521 1833 3589 qui
1880 3517 1929 3571 id

354 3610 527 3666 facere
570 3613 782 3677 vellent,
814 3613 1084 3678 cohibere,
1129 3613 1222 3668 sed
1261 3615 1419 3668 etiam
1458 3614 1602 3682 ipsos
1641 3614 1931 3680 suscipere,

357 3704 607 3773 scapham
639 3705 869 3773 eripere,
897 3715 950 3758 et
979 3719 1265 3773 procurare
1304 3714 1360 3757 ut
1386 3704 1621 3757 secundo
1646 3711 1806 3757 vento
1836 3717 1933 3755 na-

356 3797 585 3865 vigetur.
618 3796 826 3849 Etenim
850 3797 893 3849 si
926 3796 1064 3848 hanc
1090 3810 1279 3850 omnes
1305 3795 1624 3849 sententiam
1649 3794 1938 3862 amplecte-

360 3902 558 3949 remur,
583 3893 637 3939 et
662 3887 779 3939 aliis
810 3887 1125 3954 posthabitis
1154 3887 1219 3940 ad
1249 3888 1495 3941 virtutem
1527 3901 1620 3940 eos
1649 3886 1940 3938 deducere-

362 3991 499 4035 mus,
532 3976 633 4029 hoc
668 3978 840 4030 solum
868 3993 1045 4045 operae
1082 3979 1331 4045 pretium,
1372 3987 1564 4031 cmtera
1595 3992 1721 4031 vero
1761 3978 1936 4029 omnia

364 4066 625 4120 adscititia
670 4082 791 4122 esse
832 4068 1169 4132 arbitrantes,
1219 4080 1360 4122 tanta
1406 4070 1528 4122 hinc
1571 4069 1944 4139 contingerent

367 4161 526 4225 bona,
550 4172 745 4229 quanta
772 4163 814 4215 si
847 4179 986 4217 nunc
1012 4165 1215 4226 dicam,
1240 4164 1492 4232 jactautis
1520 4179 1667 4218 more
1690 4164 1831 4233 loqui
1860 4164 1943 4216 vi-

366 4253 516 4309 dear.
541 4254 595 4309 Si
622 4256 737 4324 quis
764 4266 939 4309 autem
968 4257 1104 4309 scire
1130 4257 1327 4323 CUjlial,
1353 4272 1414 4310 ex
1442 4257 1598 4310 rebus
1625 4257 1752 4325 ipsis
1782 4258 1945 4326 probe

368 4354 675 4415 cognoscet,
722 4347 1070 4415 ingentesque
1118 4348 1270 4401 nobis
1308 4348 1505 4416 gratias
1546 4347 1781 4411 habebit,
1832 4349 1947 4401 lon-

368 4454 538 4509 geque
564 4440 793 4508 majores
824 4440 949 4505 Deo,
974 4456 1092 4492 eum
1121 4440 1307 4493 viderit
1328 4440 1489 4493 vitam
1513 4441 1656 4493 illam
1678 4442 1945 4494 caelestem

372 4534 425 4586 in
456 4542 598 4587 terra
625 4534 1033 4603 germinantem,
1058 4533 1460 4602 doctrinamque
1490 4532 1556 4586 de
1578 4532 1765 4585 futuris
1794 4533 1948 4586 bonis

373 4636 436 4677 ac
480 4624 547 4679 de
591 4624 980 4679 resurrectione
1023 4623 1105 4677 vel
1143 4623 1282 4693 apud
1327 4624 1472 4692 ipsos
1518 4623 1758 4676 inﬁdeles
1806 4622 1953 4678 obti-
2012 4633 2017 4641 ‘

374 4725 610 4774 ﬂentem.

448 4810 535 4866 l9.
568 4810 717 4879 Quod
743 4817 916 4865 autem
942 4810 1053 4864 haec
1082 4810 1469 4879 noujactautia:
1492 4811 1651 4864 verba
1673 4810 1798 4872 sint,
1826 4808 1953 4863 inde

378 4901 633 4971 liquidum
679 4912 794 4963 est,
837 4899 979 4970 quod
1020 4916 1138 4954 cum
1172 4901 1298 4969 ipsis
1328 4902 1487 4955 vitam
1528 4916 1712 4955 eorum
1733 4943 1748 4966 ,
1780 4902 1869 4969 qui
1900 4902 1954 4953 in

378 4993 607 5048 desertis
635 5003 937 5057 versantur,
979 5008 1321 5057 enarramus,
1372 4993 1438 5045 ad
1483 4992 1596 5046 lucc
1642 4992 1770 5045 nihil
1815 4991 1955 5061 quod

381 5086 632 5155 objiciunt
652 5084 865 5146 habent,
897 5083 987 5138 sed
1012 5084 1213 5138 fortiter
1240 5092 1534 5153 repugnant
1560 5092 1614 5137 et
1633 5082 1959 5137 contendunt

383 5181 521 5232 circa
548 5178 866 5247 paucitatem
890 5192 1093 5239 eorum,
1118 5177 1204 5245 qui
1235 5177 1303 5229 ita
1328 5175 1560 5245 perfecte
1581 5190 1639 5229 se
1662 5185 1870 5245 gerunt.
1900 5175 1957 5229 Si

389 5287 511 5325 vero
556 5271 607 5323 in
648 5269 866 5323 urbibus
910 5268 1050 5321 hunc
1079 5267 1307 5321 fructum
1348 5283 1682 5335 sereremus,
1718 5268 1963 5336 bonaque

386 5364 663 5435 disciplina
695 5372 748 5418 et
767 5364 934 5432 legem
958 5372 1009 5416 et
1036 5364 1241 5416 initium
1263 5363 1548 5432 acciperet,
1576 5362 1816 5431 ﬁliosque
1838 5372 1964 5415 ante

388 5458 563 5509 omnia
590 5470 930 5510 moueremus
956 5466 1012 5509 ut
1040 5455 1152 5509 Deo
1190 5455 1345 5508 amici
1379 5453 1599 5519 ﬁerent,
1632 5454 1964 5522 spirituales—

390 5565 492 5616 que
511 5547 819 5617 disciplinas
850 5547 962 5601 vice
985 5546 1219 5599 omnium
1246 5554 1299 5599 et
1318 5554 1441 5598 ante
1460 5559 1647 5598 omnes
1666 5544 1797 5597 alias
1822 5544 1967 5613 ipsos

393 5642 737 5705 duceremus,
783 5640 953 5694 tristia
999 5648 1186 5694 cuncta
1230 5638 1610 5702 abscederent,
1646 5638 1970 5691 innumeris-

396 5748 497 5803 que
521 5733 675 5787 malis
699 5734 805 5788 vita
833 5748 1071 5805 prtesens
1094 5729 1409 5801 eriperetur,
1436 5746 1497 5785 ac
1518 5730 1659 5801 quod
1692 5729 1759 5784 de
1798 5728 1970 5783 futura

404 5828 611 5893 licitur,
639 5843 832 5899 nempe
858 5826 1125 5898 aufugisse
1149 5826 1406 5891 dolorem,
1440 5825 1705 5879 tristitiam
1728 5831 1782 5878 et
1804 5824 1971 5893 gemi-

1050 385 1409 447 ADVERSUS
1442 386 1989 446 OPPUGNATORES
2027 390 2211 448 VITE
2248 389 2541 449 MONAST.
2582 389 2711 447 LIB.
2753 390 2840 446 lll.

3464 394 3569 450 383

1991 510 2099 558 tum
2120 547 2135 570 ,
2166 503 2289 559 hinc
2317 505 2498 575 utique
2534 518 2983 573 consequeremur
3005 520 3209 561 omnes.
3239 503 3368 561 Nam
3394 508 3438 562 si
3465 524 3564 565 nec

1991 596 2369 664 pecuniarum,
2413 612 2512 651 nec
2551 598 2721 651 inanis
2750 597 2930 665 gloria:
2954 596 3145 666 cupido
3186 614 3284 651 nos
3327 608 3565 665 teneret,

1991 702 2164 757 neque
2193 697 2415 741 mortem
2458 688 2762 742 timeremus
2784 729 2799 750 ,
2842 703 3016 757 neque
3042 698 3402 758 paupertatem
3423 727 3438 752 ,
3472 702 3572 743 nec

1992 794 2257 832 avrumnas
2290 779 2539 832 damnum
2582 778 2985 843 arbitraremur,
3027 778 3119 831 sed
3153 780 3355 831 lucrum
3399 776 3574 831 maxi-

1994 886 2160 931 mum,
2193 884 2299 921 non
2327 869 2622 931 inimicitia,
2656 883 2760 922 non
2790 867 2913 921 odio
2941 869 3184 936 persequi
3215 868 3552 922 novissemus

1996 977 2100 1014 nou
2123 962 2347 1029 prepriis
2366 977 2636 1028 umquam,
2655 976 2759 1014 non
2787 961 2973 1015 alienis
2994 961 3153 1013 animi
3176 960 3574 1027 mgritudinibus

1996 1068 2438 1122 expugnaremur,
2473 1053 2567 1108 sed
2613 1053 2897 1108 humanum
2942 1068 3109 1123 genus
3147 1054 3349 1122 angelis
3392 1053 3575 1121 proxi-

1998 1161 2142 1197 mum
2169 1154 2331 1199 esset.
2364 1144 2554 1214 Ecquis
2582 1144 2873 1208 hominum,
2907 1145 3131 1214 inquies,
3164 1146 3299 1197 hanc
3326 1158 3437 1197 rem
3470 1152 3577 1195 tam

2001 1236 2253 1304 praeclare
2280 1235 2483 1304 gessit?
2510 1234 2637 1289 Jure
2668 1251 2770 1288 non
2802 1235 2996 1301 credis,
3030 1246 3213 1303 utp0te
3239 1236 3325 1303 qui
3354 1234 3404 1286 in
3431 1232 3581 1286 urbi-

2002 1326 2099 1381 bus
2129 1326 2353 1391 habites,
2381 1335 2435 1381 et
2455 1327 2663 1381 divinos
2691 1327 2854 1382 libros
2878 1342 2983 1379 non
3014 1326 3221 1395 legeris.
3244 1324 3397 1390 Quod
3422 1324 3465 1377 si
3488 1338 3582 1376 eos

2002 1417 2094 1486 qui
2124 1418 2174 1471 in
2202 1417 2428 1473 desertis
2457 1426 2756 1481 versantur,
2790 1426 2845 1472 et
2876 1432 2969 1471 eos
2996 1418 3085 1487 qui
3132 1417 3182 1469 in
3222 1415 3585 1485 spiritualibus

2006 1508 2155 1561 libris
2184 1517 2547 1563 memorantur
2571 1522 2777 1572 nosses,
2809 1507 3085 1561 didicisses
3111 1507 3289 1574 utique
3313 1513 3367 1559 et
3395 1518 3583 1558 mona-

2005 1600 2136 1652 chos
2159 1607 2212 1654 et
2237 1601 2404 1668 prius,
2432 1614 2588 1669 quam
2621 1600 2729 1662 illi,
2760 1598 3047 1668 apostolos,
3080 1606 3189 1652 tum
3217 1595 3585 1664 ctiamjustos,

2007 1693 2094 1759 qui
2135 1693 2405 1761 apostolos
2445 1698 2865 1760 prrecesseruut,
2911 1704 3115 1743 summa
3159 1704 3281 1743 eum
3317 1686 3586 1755 diligentia

2010 1784 2146 1836 hanc
2190 1782 2355 1849 ipsam
2400 1782 2787 1850 philosorihiam
2828 1779 3153 1835 exhibuisse.
3199 1778 3436 1832 Vitandze
3461 1792 3589 1846 ergo

2011 1874 2117 1927 litis
2146 1888 2302 1927 causa
2323 1914 2338 1937 ,
2384 1873 2574 1926 demus
2615 1872 2779 1924 ﬁlium
2820 1880 2968 1925 tuum
2996 1869 3229 1924 secundo
3269 1869 3494 1923 tertiove
3523 1867 3592 1920 ab

2013 1966 2117 2018 illis
2142 1964 2308 2033 gradu
2335 1963 2565 2017 futurum
2594 1981 2607 2018 :
2637 1978 2743 2018 non
2762 1962 2965 2031 exiguis
2986 1972 3159 2015 tamen
3186 1959 3390 2014 fruetur
3414 1959 3587 2013 bonis.
3630 1989 3637 1997 -

2012 2057 2127 2111 Non
2158 2058 2225 2110 ad
2258 2057 2501 2123 Petrum,
2548 2072 2653 2110 non
2698 2056 2763 2109 ad
2794 2055 3014 2109 Paulum
3046 2055 3300 2122 attinget,
3344 2052 3451 2105 imo
3493 2066 3592 2105 nec

2014 2152 2258 2222 proxime
2282 2151 2347 2204 ad
2369 2166 2463 2205 eos
2484 2150 2733 2215 accedet;
2763 2165 2887 2202 num
2916 2148 3036 2203 ideo
3059 2148 3204 2200 illum
3229 2162 3259 2200 a
3282 2144 3594 2215 posterioris

2015 2244 2209 2315 gradus
2235 2243 2437 2297 honore
2464 2242 2822 2309 privabimus?
2851 2240 3080 2308 ldipsqu
3112 2238 3240 2292 facis
3263 2236 3380 2291 hrcc
3414 2235 3596 2305 profe~

2020 2350 2171 2401 rens,
2199 2349 2263 2389 ac
2294 2336 2336 2387 si
2369 2334 2437 2387 ita
2469 2333 2761 2402 loquereris
2785 2350 2798 2386 :
2827 2332 2960 2399 Quia
2987 2346 3089 2384 non
3123 2337 3297 2400 potest
3322 2328 3433 2382 ﬁeri
3462 2326 3597 2395 lapis

2020 2428 2284 2497 pretiosus
2303 2466 2319 2491 ,
2350 2435 2562 2479 maneat
2586 2424 2782 2479 ferrum
2804 2464 2820 2491 ,
2848 2438 2948 2477 nec
2982 2431 3255 2492 argentum
3286 2434 3383 2474 nec
3408 2433 3596 2471 aurum

2021 2518 2300 2572 efﬁciatur.

2094 2607 2217 2661 Non
2260 2624 2429 2661 omnes
2466 2622 2752 2677 supremum
2792 2604 2986 2659 virtutis
3028 2604 3284 2675 fastigium
3322 2618 3600 2673 assequun-

2024 2708 2126 2752 tur.
2156 2726 2230 2738 —-
2255 2698 2365 2752 Cur
2390 2698 2441 2751 in
2486 2698 2720 2752 externis
2758 2696 2917 2750 rebus
2948 2710 3051 2749 non
3092 2695 3282 2749 eodem
3313 2695 3475 2748 uteris
3517 2709 3605 2748 ra-

2026 2791 2263 2855 tiocinio,
2301 2790 2396 2845 scd
2424 2804 2640 2858 prorsus
2678 2788 2983 2843 contrario?
3008 2787 3139 2841 Nam
3174 2801 3293 2840 cum
3333 2785 3399 2839 ad
3428 2785 3603 2838 litera-

2026 2900 2143 2939 rum
2167 2885 2497 2953 disciplinam
2525 2884 2708 2944 mittis,
2733 2897 2842 2937 non
2868 2881 3014 2935 illum
3039 2879 3104 2933 ad
3128 2894 3433 2948 supremum
3458 2875 3607 2930 fasti-

2028 2977 2170 3045 gium
2201 2991 2318 3029 esse
2344 2989 2685 3029 ascensurum
2713 2982 2991 3041 exspectas
3011 3013 3026 3036 ,
3064 2985 3161 3025 nec
3189 2980 3361 3025 tamen
3390 2968 3510 3023 ideo
3540 2968 3608 3021 ab

2030 3067 2132 3119 hoc
2170 3066 2345 3119 studio
2392 3064 2654 3129 retrahis,
2702 3063 2795 3117 sed
2826 3064 3003 3116 omnia
3047 3078 3165 3131 quze
3195 3075 3361 3130 penes
3407 3068 3458 3113 te
3484 3066 3610 3112 sunt

2031 3168 2282 3229 prmstas,
2318 3157 2555 3226 satisque
2578 3170 2698 3209 esse
2729 3162 2880 3224 putas
2908 3154 2951 3206 si
2991 3153 3054 3207 ad
3087 3154 3329 3221 quintum
3357 3150 3440 3204 vel
3462 3150 3610 3203 deci-

2036 3269 2176 3305 mum
2206 3267 2234 3304 a
2266 3252 2437 3318 primo
2463 3249 2780 3319 eloquentia:
2818 3247 3039 3316 gradum
3086 3246 3221 3298 lilius
3246 3254 3366 3297 tuus
3403 3242 3608 3310 pertin-

2034 3358 2161 3411 gere
2201 3343 2387 3410 pussit.
2428 3340 2667 3408 Cumque
2691 3338 2781 3390 ﬁlii
2810 3337 2970 3391 vestri
3003 3334 3314 3404 Imperatori
3346 3333 3612 3396 militant,

2038 3450 2141 3489 nun
2170 3449 2383 3499 semper
2401 3432 2466 3485 ad
2495 3430 2861 3500 praefectorum
2884 3426 3104 3496 gradmu
3131 3426 3274 3494 ipsos
3298 3437 3615 3478 ascensurus

2038 3541 2157 3581 esse
2196 3524 2422 3594 putatis,
2464 3537 2561 3575 nec
2602 3531 2775 3573 tamen
2813 3518 3009 3586 jubetis
3034 3516 3303 3586 deponere
3348 3512 3614 3569 balteum.

2040 3633 2210 3685 neque
2239 3616 2303 3667 ad
2336 3615 2493 3683 regia:
2521 3611 2701 3665 limina
2728 3609 2981 3664 accedere
3007 3607 3299 3675 prohibetis
3320 3648 3335 3671 ,
3360 3604 3454 3659 sed
3484 3603 3615 3657 nihil

2043 3728 2147 3763 non
2171 3709 2346 3777 agitis,
2375 3721 2430 3760 ut
2458 3722 2524 3760 ne
2554 3706 2661 3758 illic
2687 3704 2889 3758 versari
2916 3716 3162 3771 umquam
3193 3699 3458 3762 desinant,
3488 3697 3618 3752 satis

2043 3818 2163 3855 esse
2193 3810 2459 3869 putantes,
2492 3799 2533 3850 si
2564 3813 2658 3850 eos
2686 3797 2861 3850 medio
2886 3796 2937 3849 in
2967 3795 3084 3847 loco
3111 3792 3298 3862 positis
3324 3804 3619 3845 connume-

2046 3892 2151 3946 rari
2193 3892 2434 3945 videatis.
2480 3890 2616 3956 Quid
2644 3902 2818 3942 causa:
2848 3895 2929 3939 est
2966 3886 3141 3953 igitur,
3170 3882 3309 3953 quod
3352 3881 3460 3935 illic
3500 3880 3622 3950 qui-

2046 3985 2190 4039 dem.
2221 3983 2429 4036 etiamsi
2457 3983 2657 4048 majora
2688 3976 2945 4047 consequi
2974 3991 3081 4030 non
3116 3975 3290 4037 liceat,
3320 3989 3417 4043 pro
3445 3973 3620 4025 miuo-

2049 4078 2196 4129 rlhus
2225 4085 2398 4126 tamen
2428 4070 2773 4141 assequendis
2799 4068 3083 4130 laboratis,
3117 4067 3215 4121 etsi
3250 4080 3345 4135 pro
3369 4064 3450 4118 his
3487 4078 3625 4133 quo-

2048 4182 2151 4235 que
2177 4181 2300 4234 spes
2327 4166 2395 4217 sit
2419 4163 2576 4217 dubia
2596 4205 2611 4226 ,
2645 4163 2729 4216 hic
2758 4176 2884 4214 vero
2913 4173 3102 4227 segnes
3132 4158 3259 4212 estis
3278 4171 3341 4210 ac
3366 4155 3631 4210 delicitis?

2050 4262 2179 4327 Quia
2210 4275 2403 4327 nempe
2443 4258 2656 4310 illorum
2686 4270 2877 4324 magno
2902 4252 3168 4307 desiderio
3206 4249 3499 4310 tenemini,
3533 4248 3633 4300 ho-

2052 4368 2168 4405 rum
2198 4365 2324 4404 vero
2354 4364 2419 4403 ue
2447 4362 2698 4418 perquam
2726 4344 2946 4398 minimo
2971 4362 2984 4397 :
3013 4342 3207 4397 deinde
3234 4341 3355 4408 quia
3385 4339 3435 4391 id
3464 4341 3639 4393 conti-

2056 4444 2153 4497 teri
2183 4441 2496 4497 erubescitis
2514 4479 2530 4505 ,
2574 4437 2884 4493 occasiones
2909 4443 2965 4489 et
3001 4434 3252 4488 obtentus
3281 4430 3594 4499 excogitatis
3621 4448 3634 4481 :

2058 4536 2235 4602 itaque
2262 4534 2306 4587 si
2336 4531 2463 4585 illud
2482 4532 2635 4599 plane
2666 4528 2893 4589 velletis,
2924 4526 3053 4579 nihil
3075 4539 3260 4580 eorum
3293 4523 3443 4577 vobis
3470 4522 3642 4590 impr-

2056 4625 2293 4678 dimento
2322 4631 2484 4677 esset.
2514 4620 2589 4674 Ita
2616 4619 2757 4674 enim
2785 4633 2870 4672 res
2897 4632 2955 4671 se
2993 4616 3154 4670 habet
3178 4632 3190 4665 :
3222 4614 3267 4670 si
3294 4614 3413 4683 quis
3440 4612 3638 4682 aliquid

2058 4731 2184 4770 vere
2221 4723 2394 4775 amet,
2441 4713 2565 4766 licet
2603 4727 2709 4765 non
2738 4719 2935 4771 totum,
2968 4721 3067 4762 nec
3092 4720 3355 4760 summum
3384 4703 3641 4772 consequi

2061 4809 2247 4878 possit,
2276 4807 2357 4861 vel
2387 4805 2615 4859 medium
2636 4845 2651 4869 ,
2680 4802 2761 4857 vel
2788 4800 3009 4871 gradum
3034 4799 3194 4854 etiam
3226 4799 3381 4866 longe
3410 4795 3637 4850 inferio-

2062 4918 2173 4955 rem
2206 4896 2445 4953 nancisci
2475 4902 2735 4965 per0ptat.
2764 4893 2896 4946 Nam
2921 4894 3011 4961 qui
3039 4891 3161 4944 vino
3184 4899 3239 4944 et
3266 4888 3471 4959 poculis
3493 4886 3647 4941 dedi-

2065 5003 2149 5046 tus
2178 5001 2259 5046 est
2279 5033 2293 5055 ,
2322 4991 2530 5045 etiamsi
2560 4989 2816 5056 Optimum
2845 4996 2899 5039 et
2926 4984 3300 5038 suavissimum
3327 4982 3507 5034 viuum
3552 4980 3649 5033 ha-

2066 5087 2191 5140 bere
2212 5099 2315 5137 non
2345 5082 2539 5145 valeat,
2559 5096 2626 5133 ne
2650 5079 2698 5132 id
2720 5078 2932 5147 quidem
2955 5076 3095 5146 quod
3118 5076 3273 5128 vilius
3292 5085 3375 5128 est
3396 5088 3647 5140 umquam

2066 5187 2393 5232 contemnet.
2427 5175 2656 5229 Rursum
2683 5188 2872 5226 avarus
2892 5213 2905 5234 ,
2940 5170 3146 5224 etiamsi
3176 5182 3273 5222 nec
3298 5166 3501 5233 lapides
3531 5182 3652 5234 pro—

2070 5272 2274 5335 tiosos,
2315 5282 2418 5322 nec
2458 5281 2679 5327 aurum,
2709 5263 2802 5318 sed
2847 5270 3125 5332 argentum
3171 5258 3506 5314 solummodo
3536 5259 3653 5326 quis

2072 5363 2334 5433 praebeat,
2378 5374 2614 5414 summas
2657 5357 2730 5410 illi
2759 5357 2955 5425 gratias
3000 5354 3235 5408 habebit.
3266 5352 3413 5407 Talis
3458 5366 3543 5404 res
3573 5359 3657 5403 est

2071 5452 2530 5522 concupiscentia,
2559 5449 2694 5503 adeo
2734 5446 3037 5513 tyrannica,
3086 5454 3144 5499 ut
3171 5444 3254 5507 ei,
3287 5458 3445 5513 quem
3486 5441 3653 5494 semel

2073 5547 2304 5615 ceperit,
2332 5544 2509 5598 omnia
2545 5542 2651 5611 pati
2681 5548 2736 5594 et
2772 5538 3039 5594 sustinere
3064 5537 3321 5591 suadeat:
3356 5536 3426 5588 ita
3458 5543 3514 5587 ut
3543 5534 3655 5586 hsce

2074 5637 2267 5700 verba,
2298 5636 2343 5690 si
2370 5650 2476 5688 non
2512 5633 2759 5688 simulate
2785 5640 2988 5684 tantum
3020 5627 3438 5699 prmtendautur,
3476 5636 3657 5693 postu-

2078 5729 2185 5783 lcut
2213 5735 2270 5780 ut
2294 5726 2413 5794 quis
2437 5734 2755 5794 coopcretur
2791 5732 2845 5777 et
2874 5722 3111 5777 laborem
3155 5719 3329 5773 adeat.
3362 5718 3491 5786 Ejus
3515 5717 3657 5771 enim

2080 5829 2181 5886 est,
2220 5819 2310 5891 qui
2335 5818 2531 5889 aliquid
2557 5817 2902 5887 concupiscit,
2931 5830 3035 5870 non
3079 5812 3340 5885 impedire
3374 5809 3661 5880 quominus
