4116 6392
417 372 526 428 883

419 492 543 556 ﬁat,
573 489 668 547 sed
696 491 882 580 ut\ﬁat
909 492 1087 548 omnia
1117 491 1315 548 moliri.
1343 490 1556 545 Etenim
1596 491 1686 558 qui
1725 489 1793 545 ad
1817 487 1974 558 Olym

419 582 537 652 pica
564 583 857 637 certamina
889 581 1240 648 descendunt,
1269 580 1372 637 etsi
1391 583 1564 637 sciant
1587 597 1747 636 unum
1769 596 1832 635 ex
1859 587 2002 634 tanta

417 673 759 728 multitudine
787 677 1045 728 victorem
1075 675 1211 741 fore,
1245 674 1488 728 laborant
1525 683 1702 729 tamen
1731 681 1892 742 atque
1918 671 2000 724 fa-

417 764 650 833 tigantur
675 783 687 818 :
715 766 925 819 tametsi
953 765 1038 820 hic
1055 775 1214 836 atque
1241 767 1345 821 illic
1364 780 1469 820 non
1493 781 1589 836 par
1609 766 1744 820 ratio
1769 772 1870 830 est,
1894 779 1999 817 non

415 856 591 909 solum
624 856 693 911 ob
718 859 1070 912 certaminum
1094 858 1275 923 ﬁnem,
1300 859 1394 913 sed
1418 860 1578 914 etiam
1605 859 1746 928 quod
1775 857 1882 912 illic
1909 871 2002 910 ne-

415 961 570 1000 cesse
593 947 662 1001 sit
691 963 853 1002 unum
882 949 1154 1004 dumtaxat
1195 961 1512 1005 coronatum
1549 951 1695 1006 abire
1716 992 1731 1018 ,
1763 949 1850 1004 hic
1875 963 2001 1003 vero

419 1037 774 1103 praecellentia
806 1047 861 1093 et
886 1038 1107 1094 inferior
1131 1041 1368 1096 conditio
1397 1057 1502 1096 non
1545 1041 1596 1095 in
1621 1056 1687 1095 eo
1715 1039 1830 1094 sita:
1856 1039 1998 1106 sint,

417 1127 558 1196 quod
587 1128 724 1183 alter
747 1146 852 1184 non
895 1142 1204 1200 coronatus,
1233 1134 1368 1188 alter
1395 1143 1682 1188 coronatus
1708 1130 1998 1197 abscedat,

417 1219 514 1274 sed
553 1222 694 1290 quod
718 1222 853 1277 alius
879 1224 1295 1293 splendidiorem
1315 1265 1330 1290 ,
1371 1226 1506 1280 alius
1545 1225 1803 1279 minorem
1830 1223 2003 1278 accla-

419 1311 705 1365 mationem
729 1313 984 1378 obtineat,
1020 1314 1114 1370 sed
1147 1324 1323 1370 tamen
1352 1331 1540 1371 omnes
1563 1316 1873 1370 sortiantur.
1900 1314 1996 1368 De-

419 1406 580 1472 nique
609 1403 652 1456 si
681 1403 940 1460 vellemus
964 1421 992 1460 a
1024 1408 1282 1478 principio
1307 1407 1594 1462 informare
1621 1408 1778 1469 ﬁlios,
1803 1416 1856 1462 et
1879 1407 2005 1462 edn-

418 1508 543 1549 care
566 1495 902 1564 cupientibus
925 1499 1154 1562 tradere,
1179 1500 1293 1554 ﬁeri
1319 1513 1448 1556 sane
1470 1510 1651 1570 posset
1674 1509 1732 1554 ut
1751 1500 1803 1554 in
1832 1498 2002 1568 primo

416 1595 714 1640 castrorum
748 1598 952 1643 starent
988 1590 1210 1655 ordine;
1253 1607 1424 1662 neque
1453 1593 1596 1648 enim
1641 1593 1781 1647 Deus
1803 1601 2002 1646 tantam

418 1681 581 1734 animi
619 1681 980 1749 alacritatem,
1031 1693 1232 1738 tantum
1273 1685 1508 1740 studium
1553 1695 1864 1755 sperneret,
1909 1685 2003 1740 sed

419 1787 633 1826 manum
658 1773 971 1842 porrigeret,
1006 1775 1326 1845 imaginiquc
1351 1774 1641 1830 formanda:
1663 1791 1880 1844 operam
1904 1773 2003 1829 da-

419 1871 542 1917 ret:
571 1863 660 1916 illa
687 1879 814 1917 vero
843 1874 1102 1932 operante
1146 1882 1338 1931 manu,
1387 1866 1501 1922 ﬁeri
1545 1869 1732 1938 nequit
1777 1875 1835 1922 ιιι
1875 1867 2003 1937 quid

419 1963 687 2018 gestorum
703 1957 947 2020 excidat;
977 1958 1083 2011 imo
1103 1958 1216 2012 ﬁeri
1235 1961 1416 2028 nequit
1433 1969 1490 2013 ut
1505 1959 1573 2014 ad
1593 1960 1803 2015 culmen
1825 1961 2008 2030 splen-

419 2045 566 2100 doris
592 2057 646 2100 et
671 2048 854 2116 gloria:
877 2065 983 2104 non
1013 2051 1370 2119 perveniatur,
1401 2051 1444 2105 si
1475 2051 1633 2106 modo
1653 2068 1738 2116 ea,
1768 2067 1886 2122 qua:
1909 2066 2006 2122 pe-

420 2152 519 2191 nes
541 2152 636 2192 nos
661 2149 804 2204 sunt,
832 2151 1203 2209 sequerentur.
1227 2141 1360 2196 Nam
1376 2143 1419 2196 si
1447 2143 1698 2199 mulieres
1717 2159 1746 2197 a
1771 2145 1880 2198 Deo
1907 2145 2008 2198 im-

421 2238 633 2296 petrare
675 2240 993 2299 potuerunt,
1040 2242 1095 2286 ut
1121 2235 1219 2288 sibi
1247 2233 1314 2288 ad
1352 2234 1639 2289 liberorum
1680 2250 1864 2289 curam
1893 2237 2012 2306 epi-

422 2318 699 2384 tularetur,
735 2323 900 2376 multo
937 2325 1105 2394 magis
1145 2340 1278 2389 nos,
1309 2324 1352 2378 si
1380 2325 1642 2393 velimus,
1672 2325 1723 2380 id
1753 2327 2010 2396 consequi

424 2412 737 2478 poterimus.
771 2414 916 2469 Alias
939 2416 1183 2485 quidem,
1215 2433 1283 2471 ne
1310 2417 1518 2488 longius
1544 2427 1792 2472 excurrat
1815 2420 2006 2484 oratio,

425 2504 823 2570 praetermittam
845 2545 860 2570 ,
903 2522 965 2560 ac
997 2508 1120 2562 licet
1147 2509 1341 2562 multas
1369 2509 1712 2578 proferendas
1747 2510 2005 2578 habeam,

425 2609 584 2648 unam
611 2604 814 2650 tantttm
840 2601 1294 2654 commemorabo.

495 2684 584 2738 20.
639 2689 796 2740 Anna:
825 2699 870 2740 et
902 2688 1155 2744 Samuelis
1195 2692 1425 2745 historia.
1461 2723 1532 2732 —
1559 2694 1712 2747 Anna
1762 2692 2006 2764 quaedam

423 2783 560 2840 erat,
589 2776 773 2832 Judaca
816 2781 1040 2846 mulier;
1071 2785 1185 2837 haec
1215 2783 1380 2838 ﬁlium
1411 2786 1614 2854 peperit
1639 2801 1824 2852 unum,
1853 2801 2010 2840 cum-

424 2883 528 2936 que
555 2884 662 2923 non
709 2882 953 2939 speraret
990 2889 1051 2930 sc
1087 2875 1248 2930 alium
1293 2877 1582 2944 parituram
1629 2893 1784 2945 esse;
1813 2881 2010 2951 quippe

424 2972 544 3026 quae
564 2958 702 3014 hunc
724 2961 809 3015 vix
827 2973 1049 3033 postque
1064 2965 1254 3020 multas
1272 2966 1534 3039 lacrymas
1553 2969 1870 3038 peperisset,
1889 2987 2010 3025 nam

424 3049 622 3104 sterilis
665 3060 780 3107 erat
811 3070 825 3104 :
857 3054 1044 3110 videns
1087 3059 1336 3112 aemulam
1383 3076 1533 3115 suam
1595 3062 1696 3117 sibi
1745 3062 1869 3119 ideo
1907 3065 2015 3119 fre-

423 3149 650 3208 quenter
679 3143 1042 3213 insultantem,
1084 3164 1414 3220 nequaquam
1456 3151 1508 3206 id
1556 3152 1703 3221 fecit,
1733 3155 1883 3228 quod,
1918 3172 2014 3212 vos

425 3231 601 3300 agitis,
647 3234 744 3288 sed
788 3248 1093 3307 susceptum
1131 3240 1330 3306 ﬁlium,
1379 3243 1471 3298 illo
1520 3254 1724 3302 tmitum
1774 3257 2014 3318 tempore

426 3324 565 3395 apud
613 3342 670 3380 se
701 3329 938 3396 retinuit,
983 3347 1090 3402 quo
1136 3350 1360 3391 necesse
1403 3347 1520 3392 erat
1549 3349 1604 3392 ut
1634 3339 2011 3397 ablactaretur.

426 3415 558 3469 Cum
589 3427 764 3473 autem
803 3420 939 3476 lacte
967 3425 1196 3494 amplius
1225 3442 1332 3482 non
1371 3438 1572 3498 egeret,
1603 3443 1872 3502 sumptum
1901 3443 2015 3489 sta-

429 3507 524 3560 tim
552 3508 742 3564 obtulit
782 3511 913 3581 Dco,
945 3531 1044 3570 nec
1091 3517 1224 3572 utin
1255 3529 1530 3588 paternam
1566 3525 1772 3578 veniret
1797 3524 2015 3580 domum

432 3601 636 3668 rogavit
660 3618 930 3673 umquam,
958 3607 1054 3662 sed
1077 3623 1290 3679 semper
1313 3611 1364 3666 in
1385 3613 1584 3682 templo
1611 3615 1701 3670 Dei
1723 3616 1808 3671 ille
1835 3632 2016 3671 mora-

431 3690 606 3746 batur.
639 3695 693 3748 Si
721 3698 934 3764 quando
962 3699 1106 3754 illum
1136 3701 1314 3758 videre
1340 3714 1580 3774 cuperet,
1612 3714 1794 3776 utpote
1824 3718 2012 3773 mater,

430 3799 539 3840 non
567 3789 822 3843 evocabat
849 3790 914 3844 ad
939 3807 998 3846 se
1029 3808 1273 3862 puerum,
1303 3797 1398 3851 sed
1426 3797 1490 3850 ad
1523 3798 1670 3852 illum
1698 3815 1820 3854 cum
1865 3810 2018 3870 patre

432 3878 773 3945 ascendebat,
804 3882 872 3935 ab
903 3883 992 3937 illo
1033 3885 1326 3949 abstinens,
1359 3887 1479 3956 quia
1513 3888 1564 3942 in
1594 3889 1793 3943 donum
1821 3905 2017 3945 conse-

431 3980 612 4025 cratus
639 3981 772 4026 erat.
817 3974 1070 4045 Adeoque
1095 3989 1343 4033 strenuus
1372 3989 1428 4034 et
1462 3996 1684 4051 magnus
1708 3982 2018 4037 adolescens

432 4064 620 4128 evasit,
650 4074 706 4117 nt
754 4065 917 4120 Deum
957 4068 1024 4122 ab
1073 4068 1412 4126 llehra’ornm
1441 4083 1601 4142 gente
1647 4073 1716 4127 ob
1755 4074 1859 4128 late
1887 4074 2021 4128 etfu-

433 4169 547 4208 sant
594 4155 826 4224 ipsorum
873 4160 1161 4227 nequitiam
1201 4177 1471 4228 aversum,
1505 4181 1610 4218 non
1640 4166 1852 4218 oracula
1899 4165 2020 4222 fun-

434 4245 669 4310 dentem,
695 4263 796 4304 ncc
814 4250 1073 4305 visionem
1101 4253 1259 4306 ullam
1285 4256 1632 4323 prazbentem,
1651 4272 1743 4326 per
1766 4258 2018 4311 virtutem

433 4353 586 4394 suam
614 4343 926 4408 attraheret,
956 4353 1011 4397 et
1039 4344 1350 4412 impetraret
1379 4349 1445 4402 ab
1486 4363 1552 4402 eo
1582 4357 1638 4402 ut
1669 4349 1855 4404 eadem
1903 4349 2019 4418 ipsa

437 4432 696 4500 praeberet
723 4449 841 4502 quae
883 4444 1062 4497 antea,
1091 4446 1147 4490 et
1190 4437 1520 4506 prophetiam
1562 4455 1681 4509 qua:
1717 4440 2021 4496 avolaverat

435 4524 760 4580 restitueret.
783 4525 910 4581 llaec
931 4537 1105 4582 autem
1127 4530 1319 4599 potuit,
1351 4547 1453 4584 non
1477 4542 1681 4586 matura
1704 4533 1814 4602 jam
1838 4543 2015 4598 aetate,

435 4615 530 4668 sed
573 4633 694 4670 cum
730 4618 904 4673 adhuc
953 4622 1202 4689 puerulus
1229 4633 1412 4676 esset:
1448 4622 1570 4677 Non
1597 4625 1730 4677 enim
1771 4634 1906 4689 erat,
1939 4626 2022 4679 in-

435 4709 570 4778 quit,
597 4708 720 4762 visio
741 4710 1071 4782 distinguens,
1097 4723 1144 4767 et
1165 4715 1366 4767 verbum
1383 4715 1651 4784 pretiosum
1676 4726 1783 4768 erat
1804 4718 1872 4786 (1.
1888 4715 2016 4788 Reg.

438 4801 492 4855 5.
526 4803 599 4875 l).
637 4803 880 4857 Attamen
909 4807 1009 4858 hoc
1038 4805 1090 4858 in
1108 4821 1287 4860 rerum
1311 4815 1476 4872 statu,
1495 4807 1634 4862 Dcus
1659 4808 1732 4862 illi
1765 4807 2019 4879 frequen-

439 4905 522 4950 ter
563 4897 776 4952 oracula
819 4897 1096 4952 reddebat.
1128 4898 1357 4954 Tantum
1387 4902 1593 4955 confert
1618 4901 1966 4957 emolumenti
2001 4944 2017 4970 ,

440 4988 548 5043 Deo
578 5004 789 5058 semper
813 5005 931 5059 qua:
969 4989 1304 5061 possidemus
1329 4994 1646 5060 concedere,
1677 5004 1730 5048 et
1755 5010 1783 5048 a
1815 4996 2021 5050 cunctis

438 5083 748 5148 abscedere,
795 5099 899 5138 non
924 5099 954 5137 a
982 5086 1222 5155 pecuniis
1265 5093 1468 5139 tantum
1509 5095 1564 5141 et
1599 5103 1626 5138 a
1675 5088 2024 5154 possessioni-

440 5173 562 5240 bus,
587 5174 683 5228 setl
719 5176 786 5229 ab
829 5175 956 5244 ipsis
996 5176 1136 5229 ﬁliis.
1170 5175 1298 5229 Nam
1328 5177 1372 5230 si
1417 5176 1518 5231 hoc
1542 5177 1594 5230 in
1620 5179 1794 5232 anima
1841 5187 2020 5232 nostra

441 5261 616 5318 facere
636 5264 903 5333 jubemur,
936 5265 1102 5320 multo
1143 5267 1310 5335 magis
1339 5267 1391 5320 in
1420 5269 1628 5321 caeteris
1671 5267 1936 5323 omnibus.
1967 5267 2022 5323 ld

440 5356 638 5426 quippe
663 5357 930 5412 Abraham
952 5357 1248 5426 patriarcha
1271 5357 1414 5423 fecit,
1445 5359 1550 5412 imo
1570 5357 1840 5428 quidpiam
1858 5359 2022 5414 multo

440 5448 614 5516 majus
647 5465 660 5501 :
692 5448 811 5503 ideo
838 5465 958 5502 cum
987 5450 1144 5519 longe
1171 5449 1360 5520 majori
1404 5449 1572 5519 gloria
1603 5450 1768 5504 lilium
1797 5452 2018 5519 recepit.

442 5539 591 5594 'l‘unc
617 5539 760 5593 enim
790 5541 1022 5594 maxime
1048 5539 1186 5595 ﬁlios
1217 5539 1471 5595 habemus
1496 5549 1727 5607 nostros,
1756 5556 1876 5596 cum
1903 5542 2022 5597 illos

443 5630 670 5685 Domino
730 5631 1006 5686 tradimus.
1062 5630 1243 5702 Longe
1290 5631 1486 5702 quippe
1543 5633 1732 5688 melius
1787 5632 1852 5687 iis
1899 5633 2020 5701 ille,

440 5739 599 5792 quant
647 5741 762 5788 nos,
817 5724 1050 5794 prmerit,
1094 5725 1217 5794 quia
1271 5725 1528 5794 majorem
1577 5725 1788 5780 illorum
1839 5721 2023 5781 Curam

441 5815 595 5884 (terit.
640 5815 826 5874 Nonne
869 5815 920 5871 id
960 5815 1148 5872 videtis
1186 5816 1241 5873 in
1270 5815 1490 5872 divitum
1529 5832 1742 5888 quoque
1778 5816 2022 5873 domibus

1162 373 1221 430 S.
1260 372 1538 430 JOANNIS
1575 368 2049 431 CHRYSOSTOMI
2087 365 2405 426 ABCHIEP.
2444 367 2985 427 CONSTANTINOP.

3589 366 3719 424 335

2109 484 2270 538 ﬁeri?
2300 483 2510 540 Etenim
2551 486 2623 541 ibi
2665 500 2779 550 eos,
2809 486 2897 556 qui
2944 483 3126 540 inﬁmo
3159 483 3279 540 loco
3304 498 3424 538 cum
3453 481 3722 552 patribus

2105 587 2399 642 morantur,
2448 593 2553 633 non
2597 593 2764 650 usque
2809 578 2946 634 adeo
2989 578 3226 633 illustres
3269 577 3468 641 videas,
3516 591 3715 644 neque

2105 677 2248 722 tanta
2293 677 2556 738 potestate
2585 671 2837 740 praeditos
2866 685 2882 725 :
2914 671 2947 724 ii
2978 678 3176 735 autem,
3218 684 3354 740 quos
3379 668 3580 724 domini
3606 666 3714 722 sui

2101 775 2135 816 ο
2162 763 2469 831 parentibus
2497 763 2851 828 abduxerunt,
2894 777 3097 831 suoque
3127 761 3422 816 ministerio
3461 761 3707 830 deputa-

2105 862 2229 907 runt
2269 851 2686 924 facultatumque
2728 853 2981 910 custodes
3022 853 3407 908 constituerunt
3433 895 3447 917 ,
3499 851 3709 920 majori

2102 942 2440 1000 dominorum
2481 945 2850 1000 benevolentia
2898 946 3206 1014 potiuntur,
3252 945 3342 999 ﬁdi
3387 945 3702 1010 habentur,

2104 1045 2356 1107 tantoque
2409 1039 2683 1094 conservis
2732 1039 2986 1093 clariores
3031 1046 3191 1102 sunt,
3241 1048 3440 1108 quanto
3487 1037 3705 1092 domini

2103 1127 2428 1184 domesticis.
2477 1129 2629 1198 Quod
2671 1131 2715 1186 si
2765 1130 3012 1184 homines
3057 1129 3331 1184 ministros
3374 1143 3499 1183 suos
3543 1139 3704 1184 tanta

2106 1219 2429 1287 benignitate
2457 1231 2509 1274 ct
2538 1221 2904 1276 benevolentia
2933 1229 3346 1290 prosequuntur,
3381 1220 3546 1274 multo
3578 1235 3705 1274 tua-

2103 1313 2185 1382 gis
2228 1312 2431 1367 inﬁnita
2482 1313 2571 1367 illa
2618 1313 2860 1380 bonitas,
2893 1314 3052 1368 Deus.
3098 1315 3347 1369 Sinamus
3377 1312 3532 1382 igitur
3575 1312 3708 1366 illos

2107 1402 2439 1468 ministrare,
2487 1419 2592 1458 non
2623 1403 2674 1458 in
2723 1403 2982 1474 templum
3027 1403 3357 1459 adducentes
3385 1413 3442 1456 ut
3467 1402 3705 1458 Samue-

2107 1494 2232 1561 lem,
2260 1495 2354 1549 sed
2383 1496 2434 1548 in
2463 1498 2630 1566 ipsum
2657 1495 2852 1551 caelum
2877 1511 2997 1550 cum
3024 1496 3228 1566 angelis
3247 1504 3441 1550 etcum
3467 1496 3705 1549 archan-

2106 1586 2260 1655 gelis.
2290 1587 2442 1654 Quod
2471 1589 2614 1641 enim
2663 1603 2786 1642 cum
2817 1588 2922 1642 illis
2963 1587 3315 1642 ministraturi
3345 1587 3452 1640 sint
3475 1597 3529 1641 et
3573 1601 3700 1640 ser-

2109 1682 2264 1735 vituri
2296 1683 2353 1747 ii,
2383 1683 2471 1752 qui
2499 1681 2639 1738 hanc
2681 1682 3070 1752 philosophiam
3100 1690 3472 1750 susceperunt;
3503 1681 3706 1749 cuique

2110 1774 2282 1842 palam
2327 1783 2409 1829 est
2438 1791 2452 1829 :
2482 1775 2572 1828 ubi
2618 1789 2724 1829 non
2771 1775 2870 1828 sibi
2919 1782 3154 1837 tantum,
3201 1772 3296 1827 sed
3343 1771 3494 1826 vobis
3535 1772 3705 1826 etiam

2111 1864 2295 1935 majori
2326 1882 2444 1920 cmn
2477 1867 2668 1922 ﬁducia
2705 1868 3049 1936 prospicient.
3082 1865 3216 1920 Nam
3260 1869 3304 1919 si
3335 1863 3552 1935 quidam
3603 1879 3708 1932 pa-

2110 1967 2319 2012 rentum
2371 1960 2538 2028 gratia
2592 1960 2846 2014 nonnulla
2897 1958 3265 2014 consolatione
3322 1959 3474 2028 potiti
3537 1967 3706 2024 sunt,

2111 2050 2280 2105 multo
2311 2051 2360 2104 id
2391 2053 2558 2121 magis
2581 2051 2804 2105 ﬁliortnn
2827 2065 2986 2105 causa
3013 2060 3259 2119 parentes
3283 2057 3703 2118 consequentur.

2113 2141 2222 2197 Illic
2245 2144 2387 2196 enim
2421 2153 2628 2197 naturae
2673 2153 2872 2196 tantam
2899 2141 2987 2211 jus
3015 2141 3219 2206 aderat,
3250 2139 3336 2194 hic
3361 2141 3523 2194 etiam
3565 2139 3709 2194 edu-

2111 2236 2357 2299 cationis,
2389 2236 2531 2306 quod
2576 2235 2743 2288 multo
2791 2233 2962 2304 majus
2987 2235 3107 2302 jure
3153 2241 3355 2286 natura:
3385 2242 3485 2286 est.
3529 2233 3710 2300 Atque

2114 2330 2215 2384 hoc
2242 2331 2393 2384 vobis
2416 2340 2698 2399 utrumque
2720 2344 2788 2382 ex
2813 2328 3006 2382 divinis
3031 2325 3318 2396 Scripturis
3345 2326 3702 2379 conlirmabo.

2113 2420 2399 2475 Ezechiam
2427 2422 2568 2475 enim
2599 2423 2796 2474 virtute
2827 2421 3128 2488 pietateque
3175 2417 3452 2487 praeditum
3483 2418 3659 2470 virum
3685 2457 3709 2484 ,

2114 2528 2234 2566 cum
2263 2523 2468 2567 tantam
2495 2529 2557 2568 ex
2588 2513 2748 2567 rebus
2772 2512 2936 2582 gestis
2965 2511 3209 2564 liduciam
3239 2526 3343 2563 non
3374 2508 3618 2576 haberet,
3650 2519 3711 2564 ut

2115 2614 2295 2672 posset
2334 2613 2516 2659 contra
2548 2613 2652 2658 tam
2699 2603 2886 2674 ingens
2932 2602 3221 2671 periculum
3269 2601 3584 2666 consistere,
3635 2600 3712 2654 ob

2117 2699 2283 2766 patris
2310 2698 2556 2752 virtutem
2586 2707 2918 2751 servaturum
2950 2710 3008 2749 se
3039 2694 3166 2748 dicit
3193 2694 3328 2748 Deus
3361 2711 3375 2748 :
3407 2691 3711 2764 Prolegmu,

2114 2789 2318 2858 inquit,
2351 2789 2597 2842 civitatem
2640 2788 2792 2852 hanc,
2830 2796 2886 2840 ut
2924 2801 3113 2840 servem
3138 2801 3250 2838 eam
3295 2793 3499 2854 prapter
3532 2801 3629 2848 me,
3659 2793 3714 2836 es

2115 2892 2320 2953 propter
2345 2881 2511 2935 David
2551 2897 2764 2948 puerum
2789 2895 2956 2934 meum
2981 2879 3061 2948 (4.
3087 2876 3217 2950 Reg.
3250 2877 3339 2933 19.
3367 2878 3475 2948 54).
3511 2876 3715 2932 Paulus

2114 2985 2292 3030 autem
2341 2973 2409 3029 de
2466 2974 2773 3044 parentibus
2824 2972 3106 3026 Timotheo
3155 2969 3396 3025 scribens
3451 2969 3711 3025 dicebat:

2117 3066 2462 3123 Salvabuntur
2499 3076 2665 3120 autem
2710 3082 2798 3132 per
2827 3066 3049 3134 ﬁliorum
3086 3063 3476 3135 generationem,
3514 3065 3559 3117 si
3588 3080 3715 3134 pcr-

2116 3161 2392 3214 manserint
2435 3161 2490 3215 in
2518 3159 2638 3228 ﬁde,
2681 3167 2728 3214 et
2765 3159 3053 3225 dilectione,
3091 3167 3139 3210 et
3168 3157 3568 3225 sanctiﬁcatione
3593 3172 3714 3209 cum

2116 3252 2380 3309 sobrietate
2406 3251 2484 3320 (1.
2517 3250 2648 3305 Tim.
2677 3251 2734 3305 2.
2767 3251 2879 3320 15).
2905 3249 3006 3305 Job
3032 3264 3265 3319 quoque,
3289 3258 3344 3302 ut
3365 3263 3427 3302 ex
3459 3247 3577 3300 aliis
3597 3247 3718 3300 lau—

2117 3345 2258 3399 davit
2285 3345 2580 3412 Scriptura,
2614 3357 2808 3412 nempe
2832 3340 2972 3412 quod
2998 3340 3194 3409 justus,
3227 3355 3386 3395 verax
3415 3347 3470 3393 et
3495 3338 3716 3408 religio-

2117 3452 2209 3492 sus
2249 3453 2373 3505 erga
2403 3437 2571 3490 Deum
2615 3442 2782 3501 esset,
2831 3436 2911 3489 sic
2952 3433 3112 3488 etiam
3155 3448 3220 3487 ex
3258 3431 3486 3486 ﬁliorum
3528 3445 3658 3484 cura
3695 3450 3711 3484 :

2119 3546 2236 3599 qum
2265 3530 2316 3583 in
2347 3531 2446 3583 hoc
2469 3529 2572 3582 sita
2601 3537 2736 3592 erat,
2768 3542 2872 3581 non
2900 3525 3040 3595 quod
3067 3539 3254 3579 aurum
3278 3524 3405 3592 ipsis
3425 3538 3717 3577 coacerva-

2119 3631 2220 3682 ret,
2252 3638 2354 3674 non
2383 3619 2522 3690 quod
2550 3619 2812 3689 gloriosos
2839 3627 2894 3671 et
2937 3616 3172 3669 illustres
3201 3614 3430 3674 faceret;
3483 3612 3576 3666 sed
3603 3628 3714 3682 qua

2123 3714 2174 3768 in
2210 3715 2311 3768 re?
2339 3713 2476 3767 Audi
2520 3711 2849 3777 Scripturam
2887 3709 3152 3763 dicentem
3182 3725 3195 3761 :
3225 3705 3350 3760 Cum
3380 3705 3718 3760 consummati

2120 3821 2280 3858 essent
2301 3804 2405 3856 dies
2431 3803 2639 3856 convivii
2664 3801 2888 3860 illorum,
2922 3799 3146 3852 mittebat
3175 3797 3294 3863 Job,
3324 3807 3371 3852 et
3409 3796 3717 3868 puriﬁcabat

2120 3909 2224 3957 eos,
2255 3908 2559 3964 surgensque
2602 3907 2749 3944 mane
2773 3889 3012 3957 offerebat
3041 3907 3132 3958 pro
3155 3889 3258 3942 illis
3299 3889 3606 3956 sacri/icium
3628 3904 3719 3941 se-

2119 3984 2340 4038 cundum
2371 4000 2632 4038 numerum
2655 4000 2848 4048 eorum,
2876 3991 2922 4035 et
2949 3981 3160 4035 vitulum
3182 3997 3336 4034 unum
3367 3997 3458 4050 pro
3484 3990 3718 4049 peccato,

2123 4094 2214 4145 pro
2244 4078 2506 4130 animabus
2553 4092 2745 4130 eorum.
2786 4073 2998 4128 Dicebat
3023 4074 3155 4127 enim
3181 4073 3282 4126 Job
3327 4073 3378 4125 in
3407 4071 3556 4124 corde
3595 4087 3720 4137 suo,

2122 4167 2207 4222 Ne
2226 4171 2356 4240 forte
2384 4169 2480 4237 ﬁlii
2505 4169 2598 4221 mei
2625 4168 2678 4221 in
2705 4177 2868 4221 mente
2894 4183 2990 4222 sua
3026 4166 3158 4220 male
3183 4165 3508 4236 cogitaverim
3533 4165 3721 4218 adver-

2120 4279 2209 4316 sus
2230 4261 2392 4314 Deum
2421 4259 2539 4332 (Job
2569 4262 2620 4317 l.
2651 4259 2731 4330 5).
2780 4259 2914 4314 Num
2941 4274 3043 4327 qua
3070 4257 3222 4312 vobis
3243 4257 3347 4311 erit
3371 4256 3582 4310 demunt
3620 4271 3726 4310 ex-

2121 4352 2345 4419 cusatio,
2379 4351 2502 4406 talia
2539 4350 2901 4405 audentibus?
2924 4349 3057 4404 Nam
3096 4349 3140 4402 si
3175 4348 3284 4414 ille,
3314 4349 3401 4417 qui
3443 4356 3565 4401 ante
3592 4362 3724 4416 gra-

2123 4447 2271 4511 tiam,
2302 4454 2425 4500 ante
2449 4444 2643 4515 legem,
2676 4445 2764 4514 qui
2792 4443 2934 4498 nulla
2958 4443 3188 4497 imbutus
3216 4439 3388 4495 fuerat
3407 4439 3716 4509 disciplina,

2124 4546 2322 4589 tantam
2351 4534 2576 4589 ﬁliorum
2605 4550 2786 4588 curam
2827 4532 3072 4600 gesserit,
3102 4540 3160 4586 ut
3187 4546 3282 4600 pro
3307 4530 3528 4586 occultis
3553 4531 3719 4585 etiam

2123 4627 2355 4695 peccatis
2385 4632 2640 4679 tremeret
2671 4642 2684 4679 :
2717 4625 2837 4694 quis
2867 4641 2964 4679 nos
3006 4633 3358 4678 excusaturus
3403 4632 3506 4688 est,
3539 4623 3628 4692 qni
3661 4623 3717 4677 in

2121 4719 2290 4788 gratia
2343 4731 2566 4783 sumus,
2616 4717 2705 4786 qui
2756 4725 2834 4770 tot
2884 4715 3132 4771 doctores
3181 4716 3321 4771 nacti
3367 4729 3580 4780 sumus,
3639 4724 3720 4769 tot

2123 4809 2369 4879 exempla
2400 4810 2678 4874 habentes,
2729 4817 2807 4864 tot
2837 4808 3250 4871 admonitiones,
3282 4807 3372 4879 qui
3402 4823 3508 4861 non
3550 4807 3718 4861 tnodo

2124 4915 2222 4971 pro
2248 4901 2464 4956 incertis
2485 4915 2587 4954 non
2623 4901 2891 4967 timemus,
2923 4899 3018 4955 sed
3059 4900 3217 4953 etiam
3243 4908 3387 4952 certa
3414 4900 3720 4952 contemni-

2126 5007 2264 5060 mus,
2313 5007 2413 5048 nec
2457 4992 2847 5046 contemnimus
2898 5001 3122 5054 tantum,
3172 4991 3265 5046 sed
3320 5006 3416 5045 eos
3458 4991 3546 5060 qui
3600 4990 3719 5046 haec

2123 5086 2408 5141 emendare
2425 5087 2609 5140 volunt
2636 5085 2913 5155 pellimus?
2942 5084 3206 5139 Abraham
3229 5099 3460 5154 quoque,
3489 5095 3545 5136 ut
3564 5083 3719 5152 prius

2125 5177 2261 5244 dixi,
2293 5193 2412 5232 cum
2442 5176 2562 5232 aliis
2600 5177 2855 5245 pr:eclare
2887 5177 3074 5247 gestis,
3103 5175 3207 5230 hoc
3234 5190 3448 5246 quoeue
3472 5174 3716 5245 splendi-

2125 5270 2251 5326 dum
2284 5269 2486 5324 facinus
2515 5268 2702 5323 edidit.

2196 5361 2285 5415 21.
2315 5359 2604 5416 Cohortatio
2628 5361 2696 5412 ad
2721 5367 2948 5428 parentes
2967 5400 2982 5424 ,
3004 5367 3059 5412 ut
3085 5356 3221 5426 ﬁlios
3259 5357 3329 5410 ad
3365 5357 3596 5429 pietatem
3627 5358 3714 5411 in-

2127 5457 2362 5524 formem.
2390 5482 2461 5492 —
2486 5451 2652 5506 Tanta
2683 5451 2840 5521 igitur
2863 5450 3105 5520 exempla
3143 5449 3400 5505 habentes
3420 5493 3435 5516 ,
3465 5465 3719 5519 paremus

2129 5545 2240 5598 Deo
2267 5542 2494 5598 famulos
2513 5585 2528 5608 ,
2557 5542 2919 5611 probatosqne
2946 5541 3238 5596 ministros.
3264 5539 3398 5595 Nam
3437 5541 3480 5595 si
3512 5541 3556 5593 is
3580 5582 3595 5605 ,
3624 5542 3718 5611 qui

2128 5633 2355 5688 athletas
2381 5632 2682 5688 civitatibus
2719 5631 2832 5696 alit,
2864 5630 3168 5698 militesque
3195 5631 3571 5701 regiexercet,
3602 5646 3720 5683 ma-

2128 5741 2234 5796 gno
2258 5724 2543 5780 donabitur
2572 5724 2794 5786 honore,
2824 5731 3080 5791 Quantum
3110 5737 3207 5776 nos
3227 5721 3426 5776 donum
3450 5730 3712 5789 acceptu-

2139 5830 2228 5873 ros
2255 5831 2374 5873 esse
2402 5831 2496 5887 par
2523 5825 2626 5880 est,
2658 5814 2746 5885 qui
2769 5821 2876 5868 tam
2905 5821 3172 5882 strenuos,
3201 5820 3374 5869 tantos
3409 5811 3553 5868 viros
3607 5811 3722 5868 imo
