4116 6392
262 323 372 380 585

259 437 462 530 ⁸πλήθει
492 439 731 530 τοσούτῳ
779 446 859 510 εἰς
885 446 982 501 ἕνα
1028 449 1097 501 τά
1128 450 1223 521 τῆς
1263 451 1420 525 νίκης
1465 459 1856 530 περιστήσεται
1885 473 1935 526 ει,

257 526 418 597 ὅμως
467 529 756 585 κόπτονται
811 536 904 587 καὶ
947 536 1375 608 ταλαιπωροῦσι.
1428 526 1621 597 Καίτοι
1673 526 1736 614 γε
1797 547 1941 601 οὐδέν

259 616 415 670 ἐστιν
447 617 562 671 ίσον
591 620 824 675 ἐνταῦθα
859 624 1051 689 κάκεῖ,
1085 625 1143 678 ού
1183 626 1343 696 μόνον
1375 628 1464 683 διὰ
1487 631 1548 684 τὸ
1577 632 1688 686 τῶν
1715 633 1942 704 ἀγώνων

255 703 456 770 τέλος,
491 706 604 760 ἀλλ’
627 709 709 761 ὅτι
752 710 966 782 ἀνάγκη
1003 715 1120 766 ἐκεῖ
1171 718 1584 786 στεφανωθέντα
1640 722 1800 793 μόνον
1846 724 1942 778 ἕνα

259 793 524 883 ἀπελθεῖν
545 813 558 826 ·
610 796 846 883 ἐνταῦθα
893 799 950 852 δέ
982 801 1082 854 οὑκ
1117 804 1173 856 ἐν
1201 804 1411 868 τούτοις
1444 809 1477 878 ἡ
1506 809 1747 881 ὑπεροχὴ
1778 813 1871 866 καὶ
1905 816 1938 883 ή

261 880 589 970 ἐλάττωσις,
628 882 776 957 [HQ]
804 889 861 938 ἐν
887 888 964 959 τῷ
988 889 1078 942 τὸν
1113 891 1210 961 μὲν
1241 893 1622 962 ἀστεφάνωτον
1649 880 1938 970 ἀναχωρῆέ

262 985 394 1036 σαι,
423 969 519 1058 τὸν
562 971 620 1024 δέ
665 973 1109 1046 ἐστεφανωμένον
1135 1018 1151 1043 ,
1180 979 1295 1032 ἀλλ’
1327 983 1385 1035 ἐν
1415 982 1492 1054 τῷ
1533 983 1624 1037 τὸν
1656 969 1941 1058 μὲνηλαμ-

262 1055 568 1128 προτέρας,
611 1059 703 1112 τὸν
735 1060 792 1113 δὲ
825 1061 1106 1128 ἐλάττονος
1153 1070 1336 1138 τυχεῖν
1376 1070 1475 1141 τῆς
1527 1055 1936 1145 ἀνακηρύξεως,

261 1147 476 1236 πάντας
525 1149 580 1204 δὲ
634 1151 785 1220 ὅμως
830 1157 1033 1224 τυχεῖν.
1080 1157 1258 1221 Ὄλως
1295 1158 1380 1225 δὲ,
1413 1164 1572 1233 εἴπερ
1607 1164 1939 1236 ἐϐουλόμεθα

259 1234 361 1287 καὶ
405 1234 465 1299 ἐξ
519 1237 694 1308 ἀρχῆς
715 1239 1057 1295 διαπλάττειν
1084 1245 1209 1307 τοὺς
1238 1247 1463 1315 παῖδας,
1499 1249 1591 1303 καὶ
1619 1253 1730 1314 τοῖς
1755 1234 1938 1322 βουλο-

258 1324 450 1393 μένοις
489 1325 772 1397 ῥυθμίζειν
808 1329 1185 1400 παραδιδόναι,
1225 1335 1326 1387 οὑκ
1376 1330 1444 1407 ἦν
1489 1337 1715 1402 ἀπεικὸς
1743 1341 1940 1405 αὐτοὺς

259 1412 322 1464 ἐν
380 1415 446 1483 τῇ
483 1412 673 1485 πρώτῃ
725 1417 915 1485 στῆναι
973 1418 1126 1483 τάξει
1158 1421 1253 1473 τοῦ
1295 1425 1694 1494 στρατοπέδουο
1729 1428 1789 1479 ού
1831 1429 1938 1500 γάρ

261 1499 334 1552 ἂν
364 1502 630 1570 περιεῖδεν
667 1503 696 1555 0
741 1503 872 1568 Θεὸς
904 1506 1172 1579 τοσαύτην
1209 1509 1516 1583 προθυμίαν
1551 1513 1646 1566 καὶ
1681 1499 1936 1585 σπουδὴν,

259 1587 380 1639 ἀλλ’
428 1588 704 1642 ἐπέδωκεν
752 1591 818 1644 ἂν
867 1592 966 1664 τὴν
1008 1594 1172 1648 αὑτοῦ
1231 1600 1423 1670 χεῖρα,
1481 1601 1575 1653 καὶ
1622 1601 1799 1672 ἥψατο
1842 1604 1936 1656 τοῦ

259 1676 579 1748 ἀγάλματος
606 1695 617 1706 ·
645 1679 861 1750 ἐκείνης
889 1681 944 1734 δὲ
969 1684 1342 1758 ἐργαζομένης
1371 1689 1470 1758 τῆς
1495 1691 1696 1761 χειρὸς,
1722 1693 1939 1763 ἀμήχα-

259 1781 356 1816 νον
383 1766 658 1820 διαπεσεῖν
707 1786 760 1821 τι
807 1770 915 1822 τῶν
955 1772 1284 1842 γινομένων,
1333 1776 1534 1846 μᾶλλον
1569 1778 1627 1831 δὲ
1657 1781 1938 1851 ἀμήχανον

265 1853 344 1924 μὴ
399 1853 537 1924 πρὸς
582 1855 750 1926 ἀκρον
798 1855 1181 1929 λαμπρότητος
1229 1862 1324 1915 καὶ
1355 1863 1512 1934 δόξης
1537 1865 1741 1931 ἐλθεῖν,
1778 1869 1938 1939 μόνον

261 1942 313 1991 εἰ
343 1939 412 1992 τὰ
453 1942 583 2012 παρ’
615 1942 771 2014 ήμῶν
793 1943 995 1999 ἕποιτο.
1033 1947 1094 2000 Εἰ
1126 1947 1236 2020 γὰρ
1274 1954 1529 2018 γυναῖκες
1555 1953 1783 2024 ἴσχυσαν
1814 1959 1938 2009 πεῖ-

264 2043 356 2079 σαι
395 2027 560 2094 Θεὸν,
593 2030 1004 2100 συνεφάψασθαι
1032 2033 1059 2073 ι)
1087 2036 1278 2100 αὑταῖς
1311 2037 1410 2107 τῆς
1437 2039 1546 2092 τῶν
1577 2041 1786 2096 παίδων
1817 2043 1940 2096 ὲπι-

265 2115 490 2186 μελείας
514 2157 528 2179 ,
571 2118 749 2188 πολλῴ
807 2120 1008 2190 μᾶλλον
1049 2125 1210 2194 ἡμεῖς
1236 2167 1252 2191 ,
1291 2125 1356 2179 ἂν
1414 2127 1685 2200 ἐθέλωμεν
1711 2171 1726 2194 ,
1779 2131 1938 2186 τοῦτο

260 2204 626 2292 δυνησόμεθα.
657 2208 768 2272 Τὰς
797 2209 896 2279 μὲν
921 2207 1014 2264 οὖν
1040 2211 1227 2277 ἄλλας,
1256 2213 1396 2268 ὥστε
1430 2216 1506 2288 μὴ
1538 2219 1745 2291 μακρὸν
1782 2222 1939 2292 ποιῆ-

267 2308 357 2343 σαι
405 2291 495 2345 τὸν
541 2293 734 2362 λόγον,
791 2297 1045 2369 παρήσω,
1106 2299 1284 2354 καίτοι
1334 2301 1534 2367 πολλὰς
1568 2304 1706 2375 ἔχων
1739 2291 1937 2375 εἰπεῖν,

266 2382 398 2451 μιᾶς
431 2381 486 2434 δὲ
528 2383 688 2452 μόνον
726 2386 1229 2458 ἐπιμνησθήσομαι.

336 2477 400 2522 κ’.
439 2472 603 2524 Ἀννα
633 2490 716 2536 τις
735 2469 804 2545 ἦν
845 2476 1073 2530 Ἰουδαία
1109 2479 1269 2550 γυνή·
1299 2478 1438 2552 αὕτη
1469 2482 1691 2553 ήἈννα
1728 2485 1938 2540 παιδίον

261 2553 448 2610 ἔτεκεν
479 2557 558 2623 ἒν,
589 2560 683 2611 καὶ
710 2561 772 2612 ού
793 2561 1151 2632 προσδοκῶσα
1184 2563 1434 2630 τέξεσθαι
1465 2569 1650 2640 ἕτερον
1669 2587 1683 2600 ·
1709 2572 1802 2624 καὶ
1830 2572 1940 2644 γάρ

265 2643 360 2695 καὶ
384 2642 543 2697 τοῦτο
571 2645 723 2716 μόλις
745 2647 840 2700 καὶ
873 2648 1012 2718 μετά
1043 2649 1254 2703 πολλῶν
1290 2650 1449 2706 ἔλαϐε
1483 2665 1504 2691 ο
1530 2655 1640 2708 τῶν
1662 2642 1936 2726 δακρύων·

264 2731 457 2802 στείρα
497 2732 606 2805 γὰρ
655 2729 744 2805 ἦν.
805 2735 1018 2806 Ὀρῶσα
1063 2737 1121 2790 δὲ
1168 2738 1267 2810 τὴν
1309 2739 1592 2812 ἀντίζηλον
1635 2745 1806 2816 αὐτῆς
1852 2745 1941 2800 διὰ

262 2819 421 2872 τοῦτο
443 2821 704 2884 πολλάκις
743 2823 1182 2894 ἐπεμϐαίνουσαν
1212 2828 1373 2899 αὑτῇ.
1408 2830 1526 2884 ούδέ
1560 2831 1734 2898 οὑτως
1769 2833 1940 2889 ἔπαθέ

260 2922 315 2956 τι
351 2905 590 2959 τοιοῦτον
627 2902 738 2960 οἷον
771 2908 944 2979 ὑμεῖς,
977 2909 1092 2963 ἀλλ’
1129 2913 1314 2984 ἐπειδὴ
1343 2915 1434 2969 τὸν
1462 2916 1574 2970 υἱὸν
1619 2917 1772 2988 ἔσχεν
1801 2921 1942 2972 ἐκεῖ-

265 3011 374 3056 νον,
406 2994 657 3049 τοσοῦτον
693 2995 843 3048 εἴασε
880 2999 1008 3068 παρ’
1043 3000 1205 3071 ἑαυτῇ
1242 3005 1419 3071 μεῖναι
1452 3005 1665 3075 χρόνον,
1692 3007 1816 3060 ὅσον
1843 3026 1943 3078 γα-

263 3081 770 3153 λακτοτροφηθῆναι
815 3085 919 3138 ἔδει
959 3086 1138 3155 μόνον.
1181 3089 1395 3162 Ἐπειδὴ
1427 3092 1484 3144 δὲ
1516 3093 1699 3146 οὑκέτι
1738 3095 1940 3166 ταύτης

264 3169 436 3220 ἐδεῖτο
478 3168 576 3237 τῆς
612 3170 838 3240 τροφῆς,
869 3170 1106 3226 λαϐοῦσα
1137 3175 1299 3230 αὑτὸν
1343 3177 1544 3242 εὐθέως
1593 3181 1825 3252 ἀνέθηκε
1863 3182 1942 3253 τῷ

265 3255 421 3326 Θεῷ,
457 3258 552 3310 καὶ
603 3258 704 3328 τῆς
750 3259 1009 3331 πατρῴας
1052 3262 1234 3316 οὑκέτι
1275 3266 1533 3336 ἐπιϐῆναι
1570 3270 1942 3339 παρεκάλεσεν

264 3346 460 3410 οἰκίας,
490 3348 604 3400 ἀλλ’
628 3345 760 3418 ᾧκει
795 3347 1084 3412 διαπαντὸς
1109 3352 1166 3403 ἐν
1194 3351 1269 3422 τῷ
1299 3352 1413 3423 ναῷ
1440 3354 1533 3407 τοῦ
1571 3355 1703 3408 Θεοῦ
1727 3373 1742 3386 ο
1775 3358 1866 3410 καὶ
1893 3359 1947 3410 εί

265 3451 395 3487 ποτε
428 3434 590 3488 αὑτὸν
619 3435 746 3489 ἰδεῖν
778 3435 1150 3507 ἐπεθύμησεν,
1182 3435 1270 3492 οἶα
1311 3439 1374 3513 δὴ
1421 3443 1636 3514 μήτηρ,
1677 3445 1777 3496 οὑκ
1811 3445 1941 3499 ἐκά-

264 3521 347 3576 λει
396 3524 529 3594 παρ’
575 3524 776 3596 ἑαυτὴν
803 3523 832 3564 ἀ
862 3524 923 3578 τὸ
962 3527 1196 3589 παιδίον,
1236 3527 1351 3580 ἀλλ’
1383 3530 1523 3602 αὑτὴ
1562 3531 1696 3596 πρὸς
1735 3533 1941 3586 ἐκεῖνον

265 3608 512 3662 ἀνέϐαινε
553 3608 691 3681 μετά
731 3609 826 3664 τοῦ
865 3612 1092 3682 πατρὸς,
1127 3613 1377 3686 καθάπερ
1405 3616 1557 3680 όντος
1594 3619 1943 3690 ἀναθήματος

266 3697 576 3770 ἀπεχομένη
602 3698 806 3753 λοιπόν.
842 3700 954 3753 Καὶ
988 3701 1129 3754 οὑτω
1171 3708 1414 3770 γενναῖος
1442 3707 1534 3758 καὶ
1571 3707 1743 3776 μέγας
1767 3709 1795 3760 ό
1821 3726 1944 3761 νεα-

266 3787 384 3850 νίας
411 3788 626 3856 ἐγένετο
650 3790 877 3853 ἐκεῖνος,
908 3789 984 3853 ὼς
1012 3790 1103 3842 τὸν
1140 3791 1271 3844 θεὸν
1297 3794 1716 3864 ἀποστραφέντα
1740 3797 1800 3850 τὸ
1835 3798 1944 3851 τῶν

279 3875 543 3945 Ἑϐραίων
572 3875 728 3942 γένος
765 3875 851 3929 διά
887 3877 986 3947 τὴν
1023 3880 1473 3952 κατακεχυμένην
1507 3883 1726 3950 κακίαν,
1749 3885 1844 3938 καὶ
1880 3885 1941 3937 οὑ

267 3960 482 4034 χρῶντα
526 3963 728 4029 αὐτοῖς,
768 3965 888 4018 οὑδὲ
928 3963 1049 4035 ὄψιν
1095 3967 1213 4020 τινὰ
1251 3968 1511 4035 φαίνοντα
1553 3969 1769 4038 λοιπὸν,
1821 3975 1944 4027 ἐπι-

270 4055 580 4109 σπάσασθαι
615 4055 777 4110 πάλιν
807 4056 894 4110 διὰ
925 4058 1023 4127 τῆς
1058 4058 1259 4129 ἀρετῆς
1279 4099 1294 4125 ,
1325 4062 1420 4114 καὶ
1463 4065 1644 4118 πεῖσαι
1686 4066 1944 4137 παρέχειν

266 4143 332 4197 τὰ
366 4142 525 4204 αὑτά,
555 4144 698 4214 ἆπερ
727 4144 818 4198 καὶ
863 4145 1149 4217 πρότερον,
1179 4149 1273 4200 καὶ
1310 4149 1409 4219 τὴν
1436 4153 1773 4222 προφητείαν
1805 4155 1943 4207 ἀπο-

269 4228 480 4280 πτᾶσαν
523 4226 960 4280 ἀνακαλέσασθαι
1008 4228 1185 4282 πάλιν.
1220 4230 1328 4282 Καὶ
1366 4230 1540 4284 ταῦτα
1584 4233 1800 4304 ἴσχυσεν
1843 4236 1942 4289 οὑκ

269 4310 352 4378 ἐφ’
407 4309 624 4380 ἡλικίας
662 4310 954 4380 γενόμενος
982 4351 997 4374 ,
1033 4310 1149 4362 ἀλλ’
1190 4311 1270 4363 ἔτι
1322 4313 1534 4366 παιδίον
1583 4314 1658 4369 ὢν
1711 4319 1938 4388 μικρόν·

263 4395 383 4446 Οὐκ
408 4389 487 4462 ἦν
520 4393 651 4461 γὰρ,
681 4393 866 4463 φησὶν,
902 4393 1112 4461 ὅρασις
1143 4393 1613 4461 διαστέλλουσα,
1651 4401 1749 4453 καὶ
1777 4401 1944 4471 ῥῆμα

267 4476 460 4544 τίμιον
502 4473 602 4547 ἦν.
663 4476 803 4528 Ἀλλ’
853 4477 1003 4546 ὅμως
1042 4477 1136 4530 καὶ
1187 4479 1392 4533 τούτων
1438 4483 1695 4536 τοιούτων
1739 4484 1939 4549 ὄντων,

270 4558 401 4630 ἔχρα
434 4559 584 4629 αὑτῷ
627 4557 865 4629 συνεχῶς
915 4562 942 4612 0
987 4559 1139 4642 Θεὸς.
1168 4561 1430 4616 Τοσοῦτόν
1465 4566 1581 4618 ἐστι
1627 4566 1816 4636 κέρδος
1856 4567 1944 4620 ἀεὶ

269 4647 373 4701 τῶν
404 4648 621 4701 οἰκείων
663 4649 1014 4718 παραχωρεῖν
1048 4649 1341 4720 κτημάτων
1383 4652 1554 4723 αὐτῷ,
1593 4655 1686 4708 καὶ
1723 4655 1942 4708 πάντων

269 4735 578 4802 ἐξίστασθαι
606 4736 725 4806 οὐχὶ
759 4737 1057 4807 χρημάτων
1092 4737 1273 4808 μόνον,
1305 4739 1424 4792 οὑδὲ
1459 4741 1774 4812 κτημάτων,
1807 4743 1944 4796 ἀλλά

271 4826 363 4878 καὶ
387 4824 496 4878 τῶν
531 4825 738 4878 τέκνων
765 4823 961 4877 αὑτῶν.
995 4826 1056 4878 Εἰ
1091 4825 1196 4896 γὰρ
1224 4826 1317 4878 ἐπὶ
1346 4827 1446 4895 τῆς
1465 4830 1741 4901 ἡμετέρας
1764 4829 1942 4902 ψυχῆς

271 4914 604 4986 κελευόμεθα
631 4912 790 4967 τοῦτο
819 4917 1011 4977 ποιεῖν,
1049 4914 1228 4987 πολλῷ
1273 4916 1471 4987 μᾶλλον
1505 4917 1732 4971 ἐπὶτῶν
1767 4919 1941 4977 ἄλλων

269 5004 540 5058 ἁπάντων.
558 5003 728 5056 Τοῦτο
747 5001 856 5074 γὰρ
876 5003 971 5056 καὶ
991 5005 1018 5057 0
1035 5003 1378 5076 πατριάρχης
1399 5005 1654 5076 ἐποίησεν
1670 5006 1938 5080 Ἀϐραὰμ,

274 5090 469 5160 μᾶλλον
506 5089 564 5143 δὲ
605 5090 784 5163 πολλῴ
822 5090 1034 5163 μεῖζονο
1071 5090 1150 5143 διὸ
1193 5091 1288 5144 καὶ
1323 5091 1462 5162 μετά
1504 5091 1747 5158 πλείονος
1783 5095 1941 5165 δόξης

272 5180 504 5234 ἀπέλαϐε
562 5181 654 5235 τὸν
701 5181 837 5234 υἱόν.
891 5182 1001 5234 Καὶ
1039 5180 1148 5250 γάρ
1190 5181 1310 5232 τότε
1357 5181 1591 5250 μάλιστα
1636 5182 1832 5254 ἔχομεν
1873 5186 1941 5240 τά

270 5269 508 5342 ἡμέτερα
556 5270 775 5332 παιδία,
825 5271 953 5324 ὅταν
1003 5269 1141 5322 αὐτὰ
1177 5268 1256 5339 τῷ
1293 5271 1539 5344 Δεσπότῃ
1587 5273 1937 5345 παραδῶμεν.

273 5355 453 5428 Πολλῷ
477 5357 587 5431 γὰρ
621 5358 885 5429 μειζόνως
912 5357 1091 5411 αὑτῶν
1113 5359 1318 5420 ἐκεῖνος
1347 5360 1735 5428 προστήσεται,
1753 5361 1940 5434 ἐπειδὴ

275 5446 362 5498 καὶ
397 5447 658 5518 μειζόνως
680 5447 920 5520 κήδεται.
951 5448 1063 5518 Ούχ
1090 5449 1250 5516 όρᾶτε
1278 5445 1370 5498 καὶ
1393 5449 1449 5500 ἐν
1472 5451 1591 5512 ταῖς
1610 5449 1810 5514 οἰκίαις
1832 5451 1941 5506 τῶν

333 5579 360 5643 _‘
383 5579 550 5643 Mprel.
577 5586 629 5628 et
653 5595 778 5629 unus
800 5581 906 5643 βοά,
930 5579 1412 5643 παραστήσεται.ρίἱί
1431 5581 1784 5643 περιστήσεται.

331 5641 360 5680 b
387 5641 469 5690 sic
493 5644 642 5690 Savil.
668 5651 720 5691 ει
746 5642 889 5698 alius.
918 5639 1073 5704 magis
1093 5643 1279 5690 Grece.
1307 5639 1506 5700 Μοηι[.,’
1523 5641 1696 5690 Morel.
1733 5649 1786 5692 et
1813 5655 1941 5692 unus

275 5704 376 5750 end.
399 5705 761 5762 συνεφάψεσθαι.
786 5705 928 5754 Eon.

338 5765 359 5796 ‘
386 5766 420 5811 Α
434 5764 484 5813 lii
509 5763 654 5816 ἔτεκε.
673 5766 796 5815 Inﬁ'a
820 5779 992 5815 omnes
1009 5765 1121 5817 ,οὑδέ
1141 5763 1290 5818 οὕτως
1311 5765 1449 5813 ἔπαθέ
1470 5782 1534 5826 τι,
1561 5773 1742 5827 praeter
1763 5766 1935 5815 Morel.

278 5829 322 5874 In
341 5838 438 5887 qun
456 5828 599 5876 deest
621 5829 786 5884 οὕτως.

302 5885 568 6003 ofﬁﬂorel.
605 5891 720 5954 πρὸς
761 5892 946 5951 ἑαυτήν,
988 5889 1139 5940 Savil.
1186 5889 1294 5950 παρ’
1319 5889 1506 5949 ἑαυτήν,
1550 5889 1648 5938 duo
1679 5903 1791 5938 mss.
1832 5891 1944 5952 παρ’

337 5979 351 5997 .
389 5967 428 5997 ν.

275 5964 428 5998 ιντιν.

1085 331 1457 393 ADVERSUS
1495 335 2060 400 OPPUGNATORES
2099 342 2286 398 ἭΤᾹΞ
2327 342 2628 400 MONAST.
2673 341 2800 400 LIB.
2843 342 2935 400 Ill.

3610 344 3718 400 38‘

2053 462 2426 517 πλουτούντων
2466 460 2639 514 ταῦτα
2677 460 2970 530 γινόμενα;
3007 458 3116 514 Καὶ
3150 458 3257 531 γάρ
3289 459 3407 512 ἐκεῖ
3448 459 3573 522 τοὺς
3619 460 3720 531 μὲν

2051 551 2201 605 κάτω
2247 551 2384 621 μετὰ
2418 550 2526 602 τῶν
2570 549 2824 621 πατέρων
2856 547 3172 612 οἰκοῦντας,
3219 548 3315 618 οὑχ
3354 545 3524 610 οὑτως
3553 549 3724 610 δντως

2051 635 2333 710 λαμπροὺς
2363 637 2508 690 ἔστιν
2541 637 2686 702 ἰδεῖν,
2711 635 2860 708 [115]
2883 635 3003 689 οὑδέ
3033 634 3300 706 τοσαύτην
3320 634 3538 705 ἔχοντας
3565 634 3722 687 δύνα·

2053 744 2143 798 μιν
2164 743 2178 756 ’
2210 727 2368 790 ὅσους
2392 725 2435 778 δ’
2470 725 2535 778 ἂν
2570 724 2680 777 τῶν
2717 725 2920 793 γονέων
2947 724 3356 794 ἀποστήσαντες
3384 723 3432 775 οἱ
3469 721 3721 774 δεσπόται

2057 814 2448 884 προσνείμωσιν
2493 812 2671 866 αὑτῶν
2719 815 2785 884 τῇ
2827 811 3073 884 διακονίᾳ
3111 812 3204 864 καὶ
3251 814 3318 882 τῇ
3362 810 3575 880 φυλακῇ
3612 809 3722 862 τῶν

2060 907 2337 978 ταμιείων,
2376 899 2523 959 οὗτοι
2553 905 2617 976 δὴ
2645 904 2739 958 καὶ
2768 903 2980 968 εὐνοίας
3006 903 3335 957 ἀπολαύουσι
3364 902 3604 964 πλείονος
3628 903 3723 954 καὶ

2054 995 2378 1068 παρρησίας,
2411 994 2506 1047 καὶ
2543 992 2797 1045 τοσοῦτον
2835 992 2942 1045 τῶν
2988 991 3290 1062 ὁμοδούλων
3324 991 3431 1043 εἰσ)¹
3469 989 3724 1060 λαμπρό-

2045 1100 2220 1153 τεροι,
2264 1083 2388 1136 ὅσον
2438 1081 2546 1133 τῶν
2586 1078 2811 1132 οἰκετῶν
2856 1080 2906 1132 οἱ
2941 1078 3216 1132 δεσπόται.
3255 1079 3318 1132 Εἰ
3353 1078 3409 1130 δὲ
3444 1077 3723 1149 ἄνθρωποι

2047 1171 2173 1240 περὶ
2207 1170 2329 1232 τοὺς
2364 1167 2811 1238 διακονουμένους
2840 1165 3012 1229 οὕτως
3046 1166 3154 1218 εἰσὶ
3184 1165 3410 1237 χρηστοὶ
3437 1167 3530 1219 καὶ
3553 1165 3720 1230 εὖνοι,

2048 1257 2226 1328 πολλῷ
2259 1257 2456 1328 μᾶλλον
2495 1258 2528 1326 ή
2560 1257 2785 1325 ἄπειρος
2817 1253 3110 1324 ἀγαθότης,
3137 1253 3284 1306 τοῦτ’
3313 1253 3480 1316 ἐστιν,
3513 1256 3541 1306 0
3567 1254 3740 1317 Θεός..

2057 1346 2266 1417 Ἐῶμεν
2300 1358 2322 1384 ο
2342 1346 2522 1398 τοίνυν
2549 1344 2745 1406 αὑτοὺς
2768 1343 3081 1413 ὑπηρετεῖν,
3102 1341 3202 1394 οὑκ
3232 1342 3313 1405 είς
3341 1341 3467 1396 ναὸν
3499 1342 3726 1410 ἄγοντες

2045 1434 2297 1506 καθάπερ
2321 1433 2412 1488 τὸν
2443 1431 2716 1504 Σαμουὴλ,
2750 1429 2865 1484 ἀλλ’
2901 1432 2980 1493 εἰς
3014 1429 3177 1482 αὑτὸν
3201 1431 3293 1482 τὸν
3323 1428 3549 1499 οὐρανὸν
3584 1431 3724 1500 μετά

2043 1522 2152 1576 τῶν
2203 1523 2482 1592 ἀγγέλων,
2531 1519 2669 1590 μετὰ
2713 1519 2823 1571 τῶν
2871 1517 3246 1589 ἀρχαγγέλων.
3287 1517 3410 1570 Ὀτι
3445 1517 3555 1588 γὰρ
3606 1519 3724 1588 μετ’

2045 1608 2265 1662 ἐκείνων
2317 1607 2730 1677 διακονήσονται
2779 1604 2996 1668 πάντως
3044 1605 3137 1657 καὶ
3182 1605 3617 1674 ὑπηρετήσουσιν
3673 1605 3724 1656 οἱ

2042 1698 2248 1769 ταύτης
2293 1695 2683 1766 ἐπειλημμένοι
2726 1695 2826 1765 τῆς
2855 1693 3176 1762 φιλοσοφίας
3213 1692 3376 1745 παντί
3418 1709 3522 1744 που
3565 1691 3725 1763 δῆλόν

2043 1787 2180 1840 ἐστι.
2229 1785 2338 1838 Καὶ
2393 1786 2492 1855 οὑχ
2545 1781 2753 1836 ἑαυτῶν
2811 1783 3006 1852 μόνον,
3061 1780 3197 1834 ἀλλά
3254 1781 3348 1832 καὶ
3389 1778 3546 1850 ὑμῶν
3583 1779 3724 1850 μετά

2046 1878 2289 1941 πλείονος
2315 1877 2714 1946 προστήσονται
2745 1874 2847 1944 τῆς
2872 1873 3209 1946 παρρησίας.
3239 1871 3302 1924 Εἰ
3330 1870 3440 1941 γάρ
3465 1887 3612 1934 τινες
3635 1870 3725 1923 διά

2045 1967 2288 2037 πατέρας
2341 1962 2697 2035 παραμυθίας
2729 1961 2918 2032 ἔτυχόν
2952 1977 3131 2025 τινος,
3171 1958 3351 2030 πολλῷ
3404 1957 3602 2029 μᾶλλον
3634 1957 3723 2011 διὰ

2043 2055 2238 2119 παῖδας
2276 2053 2534 2125 πατέρες.
2575 2052 2724 2104 Ἐκεῖ
2766 2049 2865 2120 μὲν
2907 2049 3016 2120 γὰρ
3057 2049 3118 2100 τὸ
3164 2048 3262 2118 τῆς
3307 2046 3522 2116 φύσεως
3562 2045 3723 2116 μόνον

2041 2143 2318 2212 δικαίωμα
2349 2137 2434 2214 ἦν,
2461 2137 2694 2194 ἐνταῦθα
2730 2137 2787 2192 δὲ
2821 2138 2918 2191 καὶ
2949 2139 3008 2190 τὸ
3035 2137 3134 2207 τῆς
3163 2135 3474 2206 ἀνατροφῆς
3493 2174 3506 2195 ,
3541 2131 3723 2204 πολλῷ

2040 2234 2142 2302 τῆς
2181 2232 2397 2302 φύσεως
2437 2231 2621 2301 μεῖζον
2660 2229 2738 2282 ὃν.
2769 2228 2880 2282 Καὶ
2919 2227 3092 2281 ταῦτα
3129 2227 3258 2297 ὑμῖν
3299 2224 3586 2296 ἀμφότερα
3613 2222 3724 2276 ἀπὸ

2040 2321 2148 2374 τῶν
2189 2321 2349 2374 θείων
2385 2316 2726 2387 πιστὼσομαι
2759 2315 3012 2386 Γραφῶν.
3045 2315 3148 2368 Τὸν
3192 2313 3301 2384 γάρ
3336 2311 3585 2377 Ἐζεκίαν
3632 2312 3722 2362 ἐν·

2045 2410 2236 2482 ἀρετον
2275 2409 2372 2480 μὲν
2408 2407 2536 2460 ὄντα
2572 2407 2666 2460 καὶ
2712 2404 2946 2474 εὐσεϐῆ,
3002 2404 3102 2456 οὑκ
3133 2402 3324 2472 ἔχοντα
3350 2398 3408 2453 δέ
3451 2397 3723 2467 τοσαύτην

2044 2497 2357 2568 παρρησίαν
2421 2494 2528 2549 ἀπὸ
2580 2493 2688 2546 τῶν
2737 2491 3200 2562 κατορθωμάτων,
3244 2488 3389 2542 ὥστε
3439 2488 3535 2541 καὶ
3583 2485 3723 2556 πρὸς

2042 2587 2295 2642 τοσοῦτον
2335 2585 2578 2639 κίνδυνον
2617 2581 2806 2652 στῆναι
2828 2622 2840 2640 .
2875 2581 2982 2634 ἀπὸ
3025 2579 3126 2648 τῆς
3169 2577 3264 2631 τοῦ
3299 2575 3505 2649 πατρὸς
3551 2572 3722 2645 ἔφησε

2043 2675 2237 2742 σώζειν
2269 2674 2468 2744 ἀρετῆς
2492 2674 2520 2725 0
2557 2670 2710 2733 Θεός.
2741 2665 3108 2737 Ὑπερασπιῶ
3136 2666 3263 2735 γὰρ,
3290 2665 3445 2736 φησὶ,
3469 2661 3582 2731 τῆς
3610 2662 3724 2714 πό-

2040 2767 2192 2830 λεως
2247 2763 2471 2828 ταύτης
2538 2758 2644 2812 τοῦ
2692 2756 2889 2810 σῶσαι
2940 2753 3137 2822 αὐτὴν
3172 2752 3246 2806 δι’
3294 2750 3438 2822 ἐμὲ,
3483 2749 3582 2804 καί
3622 2748 3725 2802 διὰ

2039 2851 2223 2906 Δαυῒδ
2261 2851 2369 2903 τὸν
2407 2846 2589 2901 παῖδά
2624 2863 2764 2915 μου.
2809 2845 2919 2897 Καὶ
2959 2841 3210 2914 Τιμοθέῳ
3260 2840 3317 2893 δὲ
3362 2840 3490 2913 περὶ
3520 2837 3723 2908 γονέων

2043 2937 2370 2991 ἐπιστέλλων
2397 2935 2581 3002 έλεγεν
2614 2935 2642 2985 0
2672 2930 2904 2994 Παῦλος,
2944 2930 3025 2983 ὅτι
3062 2927 3447 2996 Σωθήσονται
3477 2927 3573 2979 διὰ
3613 2924 3725 2990 τῆς

2043 3023 2451 3093 τεκνογονίας,
2491 3020 2601 3073 ἐὰν
2634 3018 2927 3088 μείνωσιν
2952 3017 3021 3069 έν
3049 3015 3250 3068 πίστει
3274 3012 3373 3066 καὶ
3398 3011 3598 3080 ἀγάπῃ
3624 3008 3725 3060 καὶ

2042 3113 2315 3186 ἁγιασμῷ
2356 3111 2508 3182 μετά
2540 3111 2967 3180 σωφροσύνης.
2999 3107 3110 3160 Καὶ
3141 3105 3233 3158 τὸν
3285 3103 3405 3157 Ἰὼϐ
3445 3102 3501 3154 δὲ
3531 3099 3722 3170 ὥσπερ

2043 3201 2152 3255 ἀπὸ
2193 3199 2302 3253 τῶν
2335 3197 2511 3252 ἄλλων
2541 3197 2801 3268 ἐπῄνεσεν
2833 3196 2867 3266 ὴ
2905 3191 3118 3265 Γραφὴ,
3148 3186 3258 3245 οἷον
3291 3190 3374 3243 ὅτι
3396 3187 3602 3251 δίκαιος
3629 3188 3725 3240 καὶ

2043 3289 2296 3361 ἀληθινὸς
2331 3289 2426 3341 καὶ
2456 3285 2711 3357 θεοσεϐὴς
2744 3281 2834 3356 ἦν,
2869 3283 3010 3336 οῦτω
3034 3281 3130 3336 καὶ
3162 3279 3272 3335 ἀπὸ
3293 3279 3392 3349 τῆς
3433 3277 3564 3349 περὶ
3594 3276 3724 3339 τοὺς

2043 3380 2239 3444 παῖδας
2292 3377 2627 3449 ἐπιμελείας.
2683 3375 2835 3445 Α’ὑτη
2879 3374 2935 3427 δὲ
2984 3368 3052 3442 ἦν
3105 3372 3166 3424 οὑ
3213 3369 3414 3443 χρυσὸν
3470 3368 3723 3436 συνάγειν

2043 3469 2249 3531 αὐτοῖς,
2277 3466 2396 3519 οὐδὲ
2441 3464 2720 3530 ἐπιδόξους
2758 3464 2933 3516 ποιεῖν
2978 3461 3070 3514 καὶ
3104 3459 3410 3529 λαμπροὺς,
3456 3454 3594 3508 ἀλλὰ
3632 3456 3720 3517 τίς

2049 3558 2313 3610 ’Ἄκουσον
2351 3555 2452 3624 τῆς
2489 3552 2713 3624 Γραφῆς
2743 3548 3040 3621 λεγούσης·
3075 3547 3262 3600 Ὅταν
3283 3541 3726 3608 συνετελέσθη-

2044 3661 2165 3698 σαν
2194 3645 2250 3697 ui.
2292 3641 2501 3710 ἡμέραι
2538 3639 2644 3692 τοῦ
2675 3639 2863 3692 πότου
2895 3634 3114 3696 αὐτῶν,
3149 3634 3531 3689 ἀπέστελλεν
3581 3628 3722 3693 Ἰὼϐ,

2046 3733 2144 3786 καὶ
2181 3727 2524 3797 ἐκαθάριζεν
2563 3725 2819 3792 αὐτοὺς,
2867 3724 2965 3777 καί
3010 3720 3411 3789 ἀνιστάμενος
3452 3716 3533 3783 τῷ
3575 3717 3726 3785 πρωϊ

2045 3817 2378 3888 προσέφερε
2424 3813 2557 3884 περὶ
2607 3811 2806 3867 αὐτῶν
2849 3812 3072 3867 θυσίαν
3111 3809 3262 3863 κατὰ
3318 3807 3426 3862 τόν
3475 3804 3726 3874 ἀριθμὸν

2046 3907 2264 3971 αὐτῶν,
2303 3906 2401 3960 καί
2453 3905 2694 3974 μόσχον
2739 3902 2849 3955 ἕνα
2885 3900 3018 3968 περί
3064 3899 3355 3968 ἁμαρτίας
3403 3895 3556 3963 ὑπὲρ
3606 3893 3727 3945 τῶν

2046 3997 2264 4068 ψυχῶν
2289 3994 2514 4049 αὐτῶν·
2548 3992 2721 4061 ἔλεγε
2763 3991 2872 4061 γὰρ
2915 3990 3046 4044 Ἰὼό
3067 3989 3138 4041 ἐν
3167 3985 3244 4054 τῇ
3272 3984 3486 4053 καρδίᾳ
3515 3981 3723 4045 αὐτοῦ,

2049 4086 2143 4154 Μή
2176 4097 2320 4137 ποτε
2353 4085 2406 4134 οι
2439 4080 2558 4134 υἱοί
2582 4097 2699 4148 μου
2728 4077 2798 4131 ἐν
2834 4074 2909 4144 τῇ
2935 4074 3168 4141 διανοίᾳ
3198 4073 3398 4128 αὐτῶν
3429 4069 3584 4123 κακὰ
3629 4069 3729 4121 ἑν-

2045 4173 2315 4239 ενόησαν
2359 4169 2508 4237 πρὸς
2555 4167 2722 4221 Θεόν.
2761 4161 2908 4236 Ἀρα
2951 4162 3104 4216 ἕσται
3151 4177 3236 4223 τις
3288 4160 3422 4229 ἡμῖν
3461 4155 3726 4223 ἀπολογία

2047 4260 2232 4314 λοιπδν
2264 4257 2487 4309 τοιαῦτα
2524 4252 2827 4324 τολμῶσιν;
2869 4252 2930 4304 Et
2981 4249 3091 4321 γὰρ
3132 4249 3160 4300 0
3205 4246 3309 4317 πρὸ
3343 4245 3442 4314 τῆς
3481 4243 3722 4313 χάριτος,

2046 4350 2075 4400 0
2102 4346 2209 4418 πρὸ
2242 4343 2336 4398 τοῦ
2369 4342 2566 4412 νόμου,
2600 4342 2629 4392 0
2675 4338 2947 4410 μηδεμιᾶς
2989 4333 3304 4396 ἀπολαύσας
3341 4328 3724 4418 διδασκαλίας,

2044 4416 2315 4504 τοσαύτην
2355 4431 2462 4484 τῶν
2496 4428 2701 4482 παίδων
2740 4428 2976 4478 ἐποιεῖτο
3017 4421 3297 4494 πρόνοιαν,
3341 4419 3418 4482 ὡς
3457 4419 3554 4471 καὶ
3584 4416 3727 4487 ὑπὲρ

2045 4522 2156 4577 τῶν
2211 4520 2420 4592 ἀδήλων
2471 4517 2695 4590 τρέμειν
2745 4513 3188 4585 ἁμαρτημάτων,
3231 4510 3312 4572 τίς
3373 4508 3522 4579 ἡμᾶς
3581 4505 3727 4570 ἐξαι-

2049 4612 2272 4684 ρήσεται
2316 4607 2502 4660 λοιπὸν
2553 4605 2678 4667 τοὺς
2728 4605 2786 4655 ἐν
2833 4604 2899 4672 τῇ
2936 4602 3142 4671 χάριτι,
3179 4599 3305 4660 τοὺς
3335 4598 3430 4650 καὶ
3457 4593 3726 4648 τοσούτων

2045 4681 2381 4750 διδασκάλων
2446 4688 2851 4760 τετυχηκότας,
2896 4687 3023 4749 τοὺς
3077 4684 3300 4737 τοιαῦτα
3354 4681 3726 4751 ὑποδείγματα

2045 4785 2267 4856 ἔχοντας
2314 4781 2410 4836 καὶ
2443 4777 2714 4841 τοσαύτας
2742 4775 3120 4849 παραινέσεις,
3147 4774 3208 4826 οὑ
3242 4772 3404 4842 μόνον
3445 4770 3586 4840 ὑπὲρ
3617 4769 3726 4821 τῶν

2045 4871 2255 4944 ἀδήλων
2308 4870 2370 4922 οὑ
2401 4866 2707 4930 δεδοικότας
2727 4906 2742 4929 ,
2792 4864 2927 4918 ἀλλά
2957 4863 3051 4916 καὶ
3078 4862 3188 4915 τῶν
3228 4861 3403 4931 δήλων
3450 4873 3725 4929 καταφρο-

2046 4960 2294 5024 νοῦντας,
2324 4957 2419 5011 καὶ
2467 4957 2526 5008 οὑ
2558 4952 3033 5024 καταφρονοῦντας
3063 4951 3245 5020 μόνον,
3281 4947 3418 5002 ἀλλά
3459 4947 3554 5000 καὶ
3599 4946 3726 5008 τοὺς

2048 5047 2399 5121 βουλομένους
2427 5042 2567 5096 αὑτά
2588 5040 2834 5113 διορθοῦν
2853 5038 3174 5099 ἐλαύνοντας
3194 5055 3208 5103 ;
3227 5037 3336 5090 Καὶ
3356 5037 3448 5088 τὸν
3472 5033 3728 5106 Ἀϐραὰμ

2043 5139 2121 5203 δέ,
2151 5135 2402 5204 καθάπερ
2438 5131 2608 5202 ἔφθην
2645 5128 2847 5194 εἰπὼν,
2887 5128 3026 5199 μετὰ
3070 5126 3179 5180 τῶν
3221 5123 3397 5180 ἄλλων
3445 5121 3726 5195 κατορθω-

2048 5227 2233 5300 μάτων
2269 5225 2364 5277 καὶ
2394 5221 2554 5275 τοῦτο
2583 5219 2834 5290 λαμπρὸν
2864 5217 3057 5270 ἐποίει.

2114 5309 2477 5368 κα’.Τοσαῦτα
2493 5305 2585 5363 οὖν
2601 5308 2814 5379 ἔχοντες
2831 5299 3729 5375 ὑποδείγματα,κατασκευάζωμεν

2043 5403 2124 5475 τῷ
2153 5401 2271 5471 Θεῷ
2309 5398 2618 5459 διακόνους,
2664 5397 2761 5449 καὶ
2800 5394 3148 5465 λειτουργοὺς
3198 5391 3478 5462 δοκίμους.
3512 5389 3576 5441 Εἰ
3607 5387 3727 5475 ⁸γὰρ

2045 5473 2284 5560 ἀθλητάς
2331 5504 2413 5550 τις
2458 5485 2645 5538 πόλεσι
2677 5483 2924 5554 τρέφων,
2956 5482 2989 5552 ἢ
3041 5479 3377 5553 στρατιώτας
3413 5473 3726 5548 βασιλεῦσιν

2044 5579 2250 5642 ἀσκῶν,
2296 5575 2508 5647 μεγάλῃ
2554 5572 2919 5644 τιμηθήσεται
2960 5573 3131 5642 τιμῇ,
3169 5571 3342 5635 πόσην
3387 5568 3535 5638 ἡμᾶς
3578 5565 3728 5629 εἰκὸς

2044 5669 2228 5723 λαϐεῖν
2273 5664 2515 5737 δωρεὰν,
2552 5662 2695 5716 οὕτω
2727 5660 3007 5730 γενναίους
3047 5661 3140 5713 καὶ
3175 5657 3443 5730 μεγάλους
3491 5655 3727 5726 ἄνδρας,

2050 5755 2249 5829 μᾶλλον
2279 5753 2335 5806 δὲ
2361 5750 2622 5821 ἀγγέλους
2647 5749 2725 5820 τῷ
2748 5748 2866 5818 Θεῷ
2896 5749 3197 5820 τρέφοντας
3218 5763 3232 5812 ;
3257 5742 3408 5818 [Mai]
3429 5743 3611 5799 Πάντα
3631 5737 3727 5797 οὖν

2115 5950 2132 5970 ⁸
2153 5949 2251 5998 Alii
2279 5947 2452 6008 δῶμεν,
2477 5944 2559 5994 alii
2583 5945 2753 6005 θῶμεν,
2784 5945 2865 5992 alii
2890 5945 3055 6000 ἐῶμεν.
