4116 6392
337 325 444 384 585

339 443 690 515 πράττωμεν,
715 443 856 500 ὥστε
876 447 1062 511 αὐτοῖς
1083 448 1302 518 ἀφεῖναι
1323 451 1414 504 τὸν
1438 453 1534 522 τῆς
1557 455 1835 521 εὐσεϐείας
1858 459 2022 513 πλοῦ-

340 548 455 596 τον,
486 532 578 585 τὸν
613 533 865 603 μένοντα,
893 536 986 587 καὶ
1016 537 1519 608 συναποδημοῦντα,
1547 544 1640 596 καὶ
1665 545 1766 597 οὐκ
1789 547 2022 602 ἐνταῦθα

338 621 527 691 μόνον,
551 621 688 675 ἀλλὰ
731 624 824 676 καὶ
851 626 966 676 ἐκεῖ
998 625 1230 694 μέγιστα
1265 627 1454 698 ὀνῆσαι
1484 631 1799 703 δυνάμενον.
1833 636 1890 688 '0
1923 637 2021 707 μὲν

341 710 451 780 γὰρ
497 709 750 780 βιωτικὸς
808 710 930 765 οὕτε
965 716 1507 786 συμμεταστήσεται,
1552 723 1646 774 καὶ
1692 722 1922 777 ἐνταῦθα
1966 725 2023 778 δὲ

341 798 755 867 προαπολεῖται,
795 799 1045 865 καὶτοὺς
1090 801 1313 873 ἔχοντας
1357 806 1620 872 πολλάκις
1656 811 2018 881 προσαπολεῖ-

337 878 496 947 οὗτος
535 885 593 938 δὲ
617 887 712 939 καὶ
749 886 980 941 ἐνταῦθα
1032 890 1193 943 κάκεῖ
1219 891 1436 961 βέϐαιος
1477 893 1662 957 ἔσται,
1701 878 1796 949 καὶ
1835 897 2022 969 διατη-

343 972 500 1042 ρήσει
534 973 673 1042 μετὰ
699 975 900 1043 πολλῆς
939 977 1237 1048 ἀσφαλείας
1263 981 1386 1044 τοὺς
1433 983 1804 1053 κεκτημένους
1838 986 2018 1040 αὐτόν.

340 1061 452 1114 Καὶ
503 1061 611 1132 γὰρ
639 1061 811 1127 οὕτως
848 1064 996 1134 ἔχει’
1035 1069 1062 1119 6
1092 1067 1190 1136 μὲν
1216 1067 1284 1120 τὰ
1318 1070 1374 1120 ἐν
1402 1071 1468 1138 τῇ
1503 1072 1573 1140 γῇ
1606 1071 1887 1142 προτιμῶν
1912 1073 2023 1126 τῶν

340 1149 758 1218 πνευματικῶν,
804 1153 1074 1206 κάκείνων
1120 1157 1430 1209 ἐκπεσεῖται
1467 1159 1562 1210 καὶ
1607 1159 1839 1213 τούτων·
1883 1163 1911 1214 6
1967 1161 2023 1214 δὲ

338 1236 448 1290 τῶν
472 1238 740 1308 οὐρανίων
778 1240 1080 1310 ἐπιθυμῶν,
1104 1244 1326 1296 καὶτῶν
1357 1244 1448 1297 ἐπὶ
1474 1248 1577 1316 γῆς
1605 1247 1854 1312 τεύξεται
1887 1250 2023 1301 πάν-

337 1340 469 1387 τως.
520 1327 634 1378 Οὐκ
685 1327 816 1396 ἐμὸς
849 1322 998 1393 οὗτος
1059 1333 1086 1383 6
1128 1331 1319 1398 λόγος,
1357 1333 1470 1386 ἀλλ’
1500 1334 1665 1389 αὐτοῦ
1705 1335 1799 1388 τοῦ
1851 1337 2022 1390 ταῦτα

339 1417 644 1484 παρασχεῖν
667 1415 952 1485 μέλλοντος
970 1419 1177 1490 Κυρίου
1202 1432 1250 1472 ει.
1283 1420 1524 1489 Ζητεῖτε
1551 1423 1687 1494 γάρ,
1712 1425 1865 1495 φησὶ,
1908 1424 2024 1492 τὴν

333 1501 667 1565 ,βασιλείαν
720 1505 828 1558 τοῦ
875 1507 1046 1570 Θεοῦ,
1074 1507 1174 1561 καὶ
1214 1509 1405 1563 ταῦτα
1461 1510 1658 1564 πάντα
1689 1513 2020 1581 προστεθή-

340 1603 512 1642 σεται
570 1590 732 1659 ὺμῖν.
785 1593 850 1645 Τί
895 1594 1101 1666 ταύτης
1139 1597 1252 1650 ἴσον
1307 1597 1498 1665 γένοιτ1
1557 1598 1622 1651 ἂν
1672 1602 1771 1670 τῆς
1824 1601 2019 1671 τιμῆς;

339 1677 618 1748 Φρόντιζε,
655 1680 841 1749 φησιν,
875 1683 1016 1754 ὑπὲρ
1045 1685 1153 1738 τῶν
1197 1688 1600 1756 πνευματικῶν,
1629 1689 1754 1757 ἐμοὶ
1797 1689 1853 1742 δὲ
1886 1691 2023 1759 ἄφες

341 1765 522 1820 πάντα
545 1765 615 1818 τά
639 1766 728 1820 σά.
747 1769 959 1840 ’Ὠσπερ
989 1769 1054 1823 ἂν
1086 1772 1139 1825 εί
1159 1789 1244 1836 τις
1275 1775 1458 1846 πατὴρ
1480 1776 1828 1847 φιλόστοργος
1847 1779 2024 1842 οἰκίας
2068 1819 2070 1821 ›

340 1855 662 1925 ἐπιμέλειαν
723 1857 819 1909 καὶ
867 1858 1095 1912 οἰκετῶν
1151 1863 1486 1932 προστασίαν
1543 1865 1636 1917 καὶ¹
1693 1865 1800 1919 τῶν
1849 1866 2022 1920 ἄλλων

341 1941 599 1996 ἁπάντων
631 1944 1083 2015 μεταχειρίζοιτο,
1115 1948 1192 2018 τῷ
1223 1950 1375 2003 παιδὶ
1409 1951 1696 2024 φιλοσοφίᾳ
1729 1954 1864 2024 μόνῃ
1902 1971 2023 2024 σχο-

339 2029 524 2094 λάζειν
571 2033 859 2103 παραινοίη
885 2033 912 2072 ιδ
944 2051 956 2063 ·
993 2033 1137 2087 οὕτω
1170 2036 1234 2106 δὴ
1283 2038 1376 2090 καὶ
1431 2039 1460 2092 6
1498 2040 1649 2104 Θεός.
1701 2041 2022 2112 Πειθώμεθα

339 2118 522 2171 τοίνυν
541 2157 556 2182 ,
584 2119 679 2172 καὶ
725 2121 978 2192 ζητῶμεν
1016 2123 1116 2194 τὴν
1156 2123 1427 2193 βασιλείαν
1452 2127 1547 2179 τοῦ
1573 2127 1730 2193 Θεοῦ,
1762 2131 1854 2183 καὶ
1881 2129 2023 2184 οὓτω

342 2206 622 2278 πανταχοῦ
662 2208 790 2272 τούς
834 2227 892 2263 τε
934 2212 1126 2275 παῖδας
1153 2212 1405 2284 δοκίμους
1431 2215 1695 2286 ὀψόμεθα,
1737 2219 1829 2270 καὶ
1870 2219 2023 2272 αὐτοὶ

346 2297 464 2365 μετ’
498 2296 722 2350 ἐκείνων
761 2298 998 2369 ἐσόμεθα
1022 2299 1287 2373 λαμπροὶ,
1317 2305 1411 2356 καὶ
1442 2305 1550 2358 τῶν
1581 2307 1862 2377 παρόντων
1890 2311 2025 2362 ἀποο

341 2381 690 2452 λαυσόμεθα,
741 2385 807 2438 ἂν
861 2387 970 2440 τῶν
1012 2387 1312 2458 μελλόντων
1365 2391 1460 2446 καί
1501 2393 1767 2464 οὐρανίων
1810 2396 2023 2468 ἐρῶμεν

347 2471 528 2540 μόνον.
558 2472 742 2526 Ταῦτα
772 2473 1114 2545 πειθομένοις
1138 2477 1236 2548 μὲν
1275 2480 1400 2549 ὑμῖν
1442 2480 1614 2550 μέγαν
1644 2483 1778 2536 οἴσει
1808 2485 1900 2537 τὸν
1935 2504 2024 2556 μι-

345 2557 492 2623 σθὸν,
525 2560 864 2630 ἀντιλέγουσι
916 2563 973 2616 δὲ
1007 2558 1103 2617 καὶ
1145 2565 1432 2620 ἀπειθοῦσι
1488 2569 1874 2644 χαλεπωτέραν
1924 2577 2024 2645 τὴν

343 2647 639 2718 τιμωρίαν.
680 2651 756 2703 Οὐ
789 2651 898 2722 γὰρ
927 2651 1006 2705 ἔνι
1044 2660 1378 2723 καταφυγεῖν
1434 2660 1514 2720 εἰς
1551 2660 1867 2729 ἀπολογίαν,
1903 2665 2025 2716 οὐδὲ

345 2734 519 2787 εἰπεῖν
547 2737 626 2789 ὅτι
655 2738 684 2790 6
705 2737 876 2791 ταῦτα
904 2739 1168 2794 διδάσκων
1204 2743 1376 2805 οὐδεὶς
1407 2738 1496 2813 ἦν.
1528 2745 1779 2800 Μάλιστα
1812 2750 1910 2819 μὲν
1932 2747 2025 2805 οῦν

347 2822 440 2875 καὶ
469 2824 576 2894 πρὸ
615 2826 722 2880 τῶν
750 2829 1032 2900 ἡμετέρων
1065 2830 1238 2900 λόγων
1270 2834 1303 2903 ἡ
1349 2833 1612 2903 ἀπολογία
1654 2836 1790 2909 αῦτη
1823 2838 2026 2911 ἀνῄρη⁹

343 2928 427 2976 το,
461 2911 561 2982 τῆς
607 2931 666 2967 τε
715 2916 932 2985 φύσεως
964 2917 1195 2989 ἐχούσης
1226 2921 1451 2991 ἀκριϐὲς
1492 2923 1554 2975 :6
1606 2928 1885 2997 κριτήριον
1917 2927 2026 2983 τῶν

345 2999 560 3065 καλῶν,
597 3005 820 3058 καὶτῶν
848 3006 910 3058 οὐ
940 3007 1215 3074 τοιούτων,
1250 3013 1349 3081 τῆς
1379 3027 1439 3062 τε
1473 3010 1790 3083 φιλοσοφίας
1822 3016 2027 3088 ταύτης

348 3091 624 3160 πανταχοῦ
650 3093 1041 3165 προκειμένης,
1064 3095 1172 3149 τῶν
1205 3114 1264 3149 τε
1295 3099 1353 3151 ἐν
1380 3097 1458 3168 τῷ
1493 3099 1590 3170 βίῳ
1619 3101 1800 3155 κακῶν
1829 3104 2026 3157 ἱκανῶν

346 3178 514 3232 ὄντων
549 3182 643 3233 καὶ
695 3184 823 3246 τούς
869 3185 1071 3256 σφόδρα
1109 3187 1351 3259 ἐρῶντας
1386 3190 1553 3243 αὐτοῦ
1586 3192 1722 3263 πρὸς
1761 3193 1859 3265 τὴν
1898 3197 2025 3267 ἐρη-

351 3266 480 3335 μίαν
507 3268 720 3323 ἐλάσαι.
749 3273 858 3325 Καὶ
890 3273 1167 3342 σιγώντων
1203 3279 1300 3347 μὲν
1337 3273 1453 3346 οῦν,
1486 3280 1623 3353 ὅπερ
1651 3281 1807 3352 ἔφην,
1834 3284 1901 3338 τά
1928 3266 2027 3356 τῆς

348 3353 643 3425 ἀπολογίας
672 3359 934 3432 ἀνῄρητο,
959 3363 1077 3416 νυνὶ
1106 3363 1164 3415 δὲ
1196 3365 1374 3436 πολλῷ
1413 3366 1571 3420 πλέον
1597 3369 1733 3439 μετά
1757 3373 1884 3435 τοὺς
1924 3353 2028 3443 μα-

348 3443 516 3512 κρούς
534 3445 725 3514 λόγους
754 3448 996 3514 τούτους,
1021 3451 1115 3503 καὶ
1140 3450 1238 3524 τὴν
1268 3452 1533 3524 τοσαύτην
1564 3456 1905 3526 παραίνεσιν,
1929 3460 2026 3528 τήν

348 3549 410 3585 τε
433 3533 541 3586 ἀπὸ
567 3534 674 3586 τῶν
703 3538 1064 3608 πραγμάτων,
1089 3541 1188 3610 τήν
1211 3557 1268 3593 τε
1299 3543 1634 3613 σαφεστέραν
1661 3545 1760 3616 τὴν
1786 3546 1892 3598 άπὸ
1919 3547 2027 3601 τῶν

351 3620 508 3674 θείων
539 3622 788 3694 Γραφῶν.
820 3625 929 3678 Καὶ
955 3628 1005 3679 εί
1046 3627 1144 3697 μὲν
1168 3624 1236 3698 ἦν
1259 3629 1396 3682 οἴκοι
1423 3630 1684 3700 μένοντας
1712 3634 1786 3704 μὴ
1805 3633 2030 3704 διαφθα-

354 3710 512 3780 ρῆναι
538 3711 744 3777 τέλεον,
781 3714 916 3768 ἀλλὰ
941 3714 1039 3787 τὴν
1068 3717 1199 3785 γοῦν
1230 3719 1466 3789 ἐσχάτην
1517 3720 1670 3785 τάξιν
1713 3722 1813 3793 τῆς
1851 3741 2028 3795 σωτη-

355 3799 478 3868 ρίας
525 3799 746 3871 λαχεῖν,
786 3803 1018 3873 μάλιστα
1062 3807 1160 3876 μὲν
1191 3808 1312 3860 οὐδέ
1356 3806 1528 3872 οὔτως
1558 3808 1624 3862 ἂν
1665 3810 1764 3881 τὴν
1809 3811 2028 3866 κόλασιν

350 3887 701 3960 διεφύγομεν,
728 3892 854 3954 τοὺς
884 3893 976 3946 ἐπὶ
1012 3893 1125 3963 βίον
1171 3895 1560 3966 ἀκριϐέστερον
1601 3897 1837 3967 βαδίζειν
1879 3902 2027 3953 ἐπει-

351 3976 617 4046 γομένους
668 3978 999 4046 κωλύοντες,
1035 3983 1129 4034 καὶ
1170 3985 1228 4034 ἐν
1270 3986 1381 4046 τοῖς
1425 3983 1842 4056 βιωτικωτέροις
1900 4005 2029 4042 κατε-

352 4062 570 4132 έχοντες
602 4064 739 4135 πρὸς
768 4065 858 4118 τὸν
886 4067 1112 4138 οὐρανὸν
1134 4069 1334 4139 πτῆναι
1365 4071 1753 4142 ἐπειγομένους
1771 4087 1784 4101 ’
1819 4074 1944 4127 ὅταν
1972 4075 2028 4128 δὲ

355 4151 491 4221 μηδὲ
523 4151 682 4206 τοῦτο
719 4153 836 4225 ἐξῇ,
877 4154 991 4207 ἀλλ’
1028 4156 1239 4228 ἀνάγκη
1288 4158 1506 4224 πάντως
1552 4161 1886 4228 ἀπολέσθαι,
1936 4166 2028 4217 καὶ

353 4241 482 4310 περὶ
535 4239 644 4293 τῶν
716 4243 962 4312 ἐσχάτων
1016 4245 1045 4295 ὁ
1101 4245 1343 4308 κίνδυνος
1395 4243 1466 4320 ᾗ,
1527 4248 1649 4302 τίνα
1700 4250 2028 4323 συγγνώμην

351 4324 562 4396 ἕξομεν,
599 4329 719 4381 τίνα
743 4328 801 4381 δὲ
836 4330 1127 4400 ἀπολογίαν
1147 4370 1163 4398 ,
1192 4334 1252 4385 οὐ
1287 4335 1444 4404 μόνον
1469 4335 1576 4388 τῶν
1607 4337 1822 4390 οἰκείων
1845 4340 2027 4411 ἁμαρο

351 4415 633 4486 τημάτων,
675 4416 810 4470 ἀλλὰ
853 4419 946 4472 καὶ
973 4421 1082 4474 τῶν
1119 4421 1259 4490 μετὰ
1287 4422 1461 4475 ταῦτα
1492 4426 1603 4487 τοῖς
1636 4427 1820 4479 παισὶν
1844 4428 2028 4498 ἀμαρ-

351 4504 663 4575 τανομένων
695 4505 794 4570 τὰς
823 4507 1052 4572 εὐθύνας
1095 4511 1178 4579 ἐφ’
1220 4512 1445 4574 ἐαυτοὺς
1486 4511 1732 4576 ἕλκοντες
1782 4514 2030 4583 χαλεπω-

353 4592 549 4662 τέρας;
591 4594 665 4646 Οὐ
712 4593 821 4667 γὰρ
850 4595 1024 4660 οὕτως
1070 4597 1312 4662 ἐκείνους
1353 4595 1505 4669 οἶμαι
1548 4600 2028 4672 τιμωρηθήσεσθαι

354 4681 493 4750 ὑπὲρ
531 4674 606 4735 ὧν
658 4681 724 4735 ἂν
771 4683 1043 4738 πταίσωσι
1082 4688 1220 4756 μετά
1265 4687 1473 4752 ταῦτα,
1513 4690 1594 4750 είς
1636 4690 1698 4742 :6
1741 4689 2029 4744 κλυδώνιον
2103 4747 2105 4749 ,

353 4768 512 4823 τοῦτο
544 4772 1025 4837 κατασπασθέντες
1047 4813 1061 4837 ,
1095 4775 1171 4839 ὡς
1198 4777 1342 4845 ὑμᾶς
1374 4777 1500 4834 τοὺς
1527 4776 1624 4848 τὴν
1657 4776 1901 4849 ἀνάγκην
1933 4780 2031 4832 αὐ-

352 4859 463 4920 τοῖς
475 4860 909 4929 περιστήσαντας
929 4860 1229 4931 ταύτην.Εί
1251 4864 1357 4935 γὰρ
1376 4875 1398 4902 ο
1413 4863 1490 4935 τῷ
1515 4864 1611 4918 ἕνα
1633 4865 2031 4930 σκανδαλίζοντι

355 4949 625 5022 συμφέρει
649 4950 788 5020 μετά
805 4951 978 5023 μύλης
1004 4957 1502 5026 καταποντισθῆναι
1524 4957 1601 5020 εἰς
1615 4956 1712 5029 τὴν
1734 4957 2028 5025 θάλασσαν,

352 5038 468 5099 τοῖς
499 5037 599 5108 τὴν
626 5038 885 5111 ὠμότητα
914 5041 1120 5113 ταύτην
1155 5044 1247 5097 καὶ
1279 5045 1541 5116 ἀπήνειαν
1573 5047 1652 5108 είς
1680 5046 1804 5109 τούς
1837 5047 2032 5113 παῖδας

355 5124 787 5197 ενδεικνυμένοις
820 5129 950 5183 ποία
995 5132 1238 5203 τιμωρία
1280 5133 1503 5204 ἀρκέσει
1537 5135 1630 5186 καὶ
1662 5133 1910 5202 κόλασις;
1943 5137 2034 5190 Διὸ

355 5213 662 5283 παρακαλῶ
704 5216 1028 5286 καθυφεῖναι
1075 5220 1175 5290 τῆς
1227 5220 1588 5290 φιλονεικίας,
1635 5223 1730 5275 καὶ
1781 5223 2032 5292 γενέσθαι

354 5302 662 5372 φιλοσόφων
683 5305 887 5359 παίδων
908 5307 1173 5379 πατέρας.
1195 5308 1328 5361 Οὐδὲ
1344 5308 1452 5380 γάρ
1473 5309 1648 5362 ἐκεῖνο
1668 5309 1815 5363 ἔστιν
1836 5311 2030 5376 εἰπεῖν,

354 5391 493 5463 ὅπερ
524 5390 676 5465 [115]
719 5393 902 5448 ἀκούω
933 5395 1159 5460 πολλοὺς
1210 5397 1642 5468 σκηπτομένους.
1676 5397 1740 5460 Τί
1781 5397 1838 5451 δὲ
1875 5398 2034 5452 τοῦτό

419 5515 444 5543 ³
468 5514 641 5566 Morel.
670 5518 932 5584 παρασχεῖν
952 5520 1201 5584 μέλλοντος
1226 5520 1421 5584 Κυρίου,
1443 5521 1526 5570 alii
1545 5520 1808 5584 παρασχεῖν
1837 5521 2031 5584 Κυρίου.

359 5577 963 5701 ἕαοιλοιηιιρεβὲσιζέίαν
978 5582 1075 5630 τῶν
1106 5577 1337 5646 οὐρανῶν,
1363 5577 1545 5644 praeter
1569 5577 1745 5631 M'ore'l'.
1770 5583 1855 5644 qui
1879 5577 2030 5632 h'abe:

423 5655 472 5686 σι
504 5657 603 5688 ειαν
624 5658 710 5690 του
778 5657 876 5690 εου.

423 5655 603 5688 σιΑειαν
624 5658 710 5690 του
733 5655 876 5690 υεου.

423 5701 450 5740 b
475 5703 918 5777 Μετακεψῑςωτωτ
944 5705 1214 5777 παραινοίη.
1243 5705 1437 5777 Hor-urg
1458 5703 1719 5754 verborum
1739 5705 2032 5777 altgrulrup

359 5763 408 5808 in
433 5763 699 5825 partiuiijio'
728 5766 996 5827 legendum
1017 5763 1105 5816 'sic
1131 5782 1144 5816 :
1173 5767 1599 5831 μεταχειρίζοιτο...
1622 5767 1881 5826 παραινῶν,
1915 5767 1996 5815 vel
2019 5781 2032 5815 ς

361 5826 852 5878 μεταχειριζόμενος...
880 5829 1130 5878 παραινοίη
1173 5829 1309 5878 Εοιτ.

361 5840 483 5886 μετα
500 5839 852 5888 ,ειριζομενοςω
880 5839 1130 5892 παραινοίη
1177 5839 1309 5878 bon.

428 5886 451 5915 ο
477 5839 558 5933 gn:
593 5901 764 5934 omnes
789 5899 969 5951 pnuer
991 5891 1161 5940 Morel.
1187 5892 1273 5953 qui
1318 5890 1467 5942 habet
1490 5891 1648 5948 αυτοῖς
1679 5890 1853 5950 ταύτην
1881 5891 2030 5940 ἐπιθε-

366 5955 545 6010 μὶνσδς.
589 5952 640 5995 ιιι
661 5956 764 6012 γάρ.

1121 335 1178 388 ὃ.
1220 335 1504 392 δΟΑΝΝΙὸ
1538 337 2026 399 CHRYSOSTOMI

2129 346 2398 404 RCHIEP.
2441 307 2994 411 CONSTANTI’NOP.

3695 359 3838 419 386

2122 467 2306 530 ἐστιν,
2349 466 2807 534 Ἀδυνατοῦντας,
2847 473 3013 543 φησὶν
3037 513 3052 537 ,
3105 473 3308 540 εἰδότες
3366 477 3502 548 πρὸς
3546 477 3608 532 τδ
3645 480 3839 542 τέλος

2122 554 2315 622 ἐλθεῖν,
2359 559 2715 632 ἐκωλύσαμεν
2755 563 2843 618 διά
2901 565 3081 619 τοῦτο.
3138 569 3201 621 Εἰ
3252 570 3360 640 γάρ
3399 571 3491 623 καὶ
3544 573 3832 644 προῄδεις

2120 648 2279 702 τοῦτο
2313 651 2521 721 σαφῶς,
2556 653 2654 706 καὶ
2681 656 2756 727 μὴ
2789 659 3091 729 στοχασμὸς
3124 660 3184 712 τὸ
3215 663 3447 733 πρᾶγμα
3481 658 3576 735 ἦν’
3614 665 3833 718 πολλοὶ

2122 742 2232 812 γὰρ
2257 743 2350 795 καὶ
2382 742 2491 796 τῶν
2520 748 2802 803 πεσεῖσθαι
2833 751 3313 821 προσδοκηθέντων
3353 754 3586 828 ἔστησαν
3606 774 3620 787 ⁸
3660 757 3833 829 πλὴν

2122 833 2236 886 ἀλλ’
2259 836 2307 887 εἰ
2337 835 2431 888 καὶ
2457 837 2661 908 σφόδρα
2687 839 2965 910 προῄδεις,
2981 841 3103 894 οὐδὲ
3126 843 3300 907 οὓτως
3319 845 3480 901 αὐτὸν
3510 847 3832 901 καθέλκειν

2123 929 2311 1000 ἐχρῆν.
2336 930 2470 984 Οὐδέ
2497 931 2627 1004 γὰρ,
2651 935 2704 986 εί
2729 951 2881 998 τινας
2911 936 3129 989 πίπτειν
3163 937 3457 1008 μέλλοντας
3491 939 3766 1003 λαϐόντες
3792 940 3829 980 τι

2123 1025 2606 1097 ὐποσκελίσαιμεν,
2633 1029 2976 1099 άρκεῖτοῦτο
3003 1033 3139 1102 πρὸς
3172 1033 3470 1102 ἀπολογίαν
3497 1037 3652 1105 ἡμῖν,
3684 1035 3828 1088 ἀλλ’

2122 1118 2254 1170 αὐτό
2280 1118 2343 1189 δὴ
2378 1120 2536 1172 τοῦτο
2581 1123 2675 1173 καὶ
2712 1123 2946 1192 μάλιστά
2985 1127 3100 1178 ἐστι
3148 1125 3209 1178 τὸ
3238 1126 3596 1190 καταδικάζον
3629 1130 3821 1199 ἡμᾶς.

2122 1210 2221 1264 Διά
2247 1209 2299 1263 τί
2321 1211 2429 1282 γὰρ
2465 1213 2538 1283 μὴ
2573 1215 2957 1286 συνεχώρησας
2989 1217 3088 1288 τῆς
3112 1217 3319 1271 ἐκείνου
3349 1208 3623 1290 ῥᾳθυμίας
3646 1219 3826 1286 γενέ-

2125 1303 2250 1357 σθαι
2279 1305 2339 1356 :6
2374 1306 2595 1375 πτῶμα,
2621 1307 2756 1360 ἀλλὰ
2780 1308 3066 1378 προλαϐὼν
3108 1312 3364 1382 ἥρπασας
3403 1311 3499 1382 τὴν
3529 1313 3824 1383 ἁμαρτίαν

2125 1395 2220 1446 καὶ
2248 1395 2309 1448 τὸ
2339 1397 2446 1451 πᾶν
2470 1398 2676 1467 ἤγαγες
2695 1401 2788 1453 ἐπὶ
2809 1400 2908 1472 τὴν
2931 1401 3027 1472 σὴν
3055 1403 3324 1473 κεφαλήν;
3349 1405 3562 1458 Μᾶλλον
3583 1403 3641 1457 δὲ
3685 1403 3824 1455 οὐδὲ

2127 1489 2476 1560 συγχωρῆσαι
2511 1492 2709 1562 ἐχρῆνο
2739 1493 2828 1546 διά
2852 1495 2905 1547 τί
2937 1495 3046 1567 γάρ
3081 1495 3156 1565 μὴ
3181 1497 3357 1549 πάντα
3394 1495 3632 1567 ἔπραξας
3666 1497 3822 1566 ὑπὲρ

2123 1580 2217 1633 τοῦ
2256 1582 2331 1652 μὴ
2362 1587 2548 1636 πεσεῖν
2571 1585 2664 1637 τὸν
2700 1586 2843 1650 υίόν;
2869 1587 3054 1652 Ὥστε,
3078 1588 3265 1660 ἐπειδὴ
3291 1587 3524 1658 μάλιστα
3553 1588 3703 1658 ᾔδεις
3724 1591 3820 1641 ὅτι

2126 1677 2394 1740 πεσεῖται,
2420 1675 2508 1729 διά
2535 1676 2694 1730 τοῦτο
2725 1678 2958 1749 μάλιστα
2985 1681 3255 1752 τιμωρίας
3279 1682 3344 1735 ἂν
3370 1678 3479 1756 ᾗςο
3509 1681 3677 1746 ἄξιος.
3703 1683 3820 1736 Τὸν

2125 1768 2233 1839 γὰρ
2257 1768 2416 1822 τοῦτο
2451 1769 2739 1840 προειδότα
2771 1772 2891 1842 οὐχὶ
2918 1772 3297 1838 καταϐάλλειν,
3326 1773 3460 1826 άλλά
3493 1779 3652 1844 χεῖρα
3685 1774 3822 1845 ὁρέω

2125 1883 2240 1934 γειν
2282 1863 2420 1936 χρὴ,
2456 1866 2550 1918 καὶ
2597 1866 2821 1935 μείζονα
2859 1867 3229 1921 ἐνδείκνυσθαι
3262 1868 3361 1940 τὴν
3396 1867 3628 1937 σπουδὴν
3666 1866 3821 1937 ὑπὲρ

2123 1959 2218 2011 τοῦ
2263 1960 2355 2012 τὸν
2403 1959 2664 2030 μέλλοντα
2697 1960 2914 2016 πίπτειν
2942 1961 3132 2032 στῆναι
3163 1963 3446 2031 γενναίως,
3477 1962 3576 2014 εἴτ’
3610 1960 3817 2031 ἔμελλε

2126 2053 2440 2124 στήσεσθαι,
2476 2053 2587 2107 εἴτε
2629 2057 2724 2125 μή.
2764 2055 2846 2108 Τὰ
2879 2055 2988 2127 γάρ
3032 2055 3188 2126 ἡμῶν
3220 2055 3435 2110 ἅπαντα
3463 2053 3817 2124 πληροῦσθαι

2122 2146 2222 2210 δεῖ,
2256 2146 2357 2200 κᾶν
2379 2147 2560 2219 ἐτεροι
2597 2149 2761 2220 μηδὲν
2797 2148 3033 2225 μέλλωσι
3065 2148 3409 2218 καρποῦσθαι
3457 2151 3588 2220 παρ’
3621 2148 3813 2218 ἡμῶν.

2124 2241 2281 2305 Τίνος
2312 2241 2518 2307 ἕνεκεν,
2555 2242 2646 2296 καὶ
2685 2242 2772 2295 διὰ
2810 2243 2892 2307 τί;
2919 2243 3038 2296 Ἵνα
3069 2243 3264 2314 μηκέτι
3303 2242 3438 2314 πρὸς
3464 2243 3629 2313 ἡμᾶς,
3671 2241 3817 2294 ἀλλά

2127 2333 2262 2404 πρὸς
2303 2333 2544 2398 ἐκείνους
2577 2337 2605 2388 ὁ
2635 2333 2794 2403 λόγος
2891 2334 2969 2406 τῷ
3001 2335 3138 2404 Θεῷ.
3177 2336 3352 2406 Ὅπερ
3383 2334 3474 2388 καὶ
3504 2335 3665 2396 αὐτὸς
3695 2334 3816 2386 ἕλε-

2124 2442 2219 2493 γεν
2262 2426 2508 2495 ἐγκαλῶν
2558 2427 2634 2498 τῷ
2677 2427 2841 2499 μηδὲν
2880 2431 2961 2492 είς
3009 2429 3068 2481 τὸ
3111 2429 3375 2482 τάλαντον
3421 2425 3813 2499 ἐργασαμένῳ.

2128 2517 2285 2571 Ἔδει
2331 2518 2442 2588 γάρ
2489 2535 2594 2583 σε,
2637 2521 2802 2590 φησὶ,
2839 2520 3200 2574 καταϐαλεῖν
3248 2520 3314 2572 τὸ
3361 2519 3644 2589 ἀργύριόν
3685 2534 3811 2586 μου

2124 2609 2248 2675 τοῖς
2279 2611 2645 2679 τραπεζῖταις
2670 2611 2688 2649 ί
2714 2629 2726 2642 ·
2771 2613 2932 2681 κάγὼ
2967 2611 3160 2665 ἐλθὼν
3191 2611 3340 2681 μετὰ
3373 2611 3550 2664 τόκου
3582 2608 3659 2661 ἂν
3695 2609 3816 2662 ἀπ·-

2123 2703 2326 2771 ᾐτησα
2366 2704 2533 2758 αὐτό.
2567 2703 2889 2776 Πειθώμεθα
2923 2706 3100 2758 τοίνυν
3127 2704 3204 2775 τῷ
3236 2704 3409 2757 ταῦτα
3432 2703 3808 2774 παραινοῦντι,

2125 2795 2214 2849 ἴνα
2247 2797 2342 2849 καὶ
2382 2797 2480 2868 τὴν
2519 2798 2790 2870 τιμωρίαν
2829 2798 3177 2868 ἐκφύγωμεν.
3229 2798 3304 2849 Οὐ
3346 2797 3454 2868 γὰρ
3484 2797 3546 2867 δὴ
3588 2797 3685 2851 καὶ
3713 2795 3812 2849 τόν

2125 2889 2258 2943 Θεὸν
2303 2889 2440 2961 μετά
2495 2891 2603 2944 τῶν
2650 2891 2950 2963 ἀνθρώπων
2991 2891 3457 2962 παραλογίσασθαι
3504 2891 3807 2962 δυνάμεθα,

2126 2983 2216 3034 τὸν
2243 2982 2549 3053 ἐρευνῶντα
2570 2983 2667 3046 τάς
2697 2984 2924 3054 καρδίας
2948 2985 3042 3038 καὶ
3067 2985 3245 3038 πάντα
3273 2987 3350 3046 εἰς
3383 2985 3544 3054 μέσον
3578 2985 3808 3052 ἄγοντα,

2128 3077 2222 3130 καὶ
2253 3077 2528 3146 πανταχοῦ
2556 3078 2655 3148 τῆς
2685 3077 2792 3131 τῶν
2821 3078 3028 3132 παίδων
3057 3077 3387 3142 ὑπευθύνους
3415 3078 3668 3132 ποιοῦντα
3702 3095 3810 3132 σω-

2127 3171 2321 3240 τηρίας
2352 3175 2520 3241 ἡμᾶς.
2556 3174 2620 3226 Εί
2655 3172 2763 3243 γάρ
2795 3175 2823 3226 6
2853 3171 2926 3243 μὴ
2956 3170 3274 3225 καταϐαλὼν
3325 3171 3384 3223 τὸ
3419 3171 3682 3244 ἀργύριον
3717 3189 3810 3225 το-

2131 3265 2332 3335 σαύτην
2358 3265 2524 3319 ἔδωκε
2557 3265 2732 3337 δίκην,
2755 3267 2783 3318 6
2817 3266 2910 3319 καὶ
2936 3267 3062 3327 τοὺς
3088 3263 3414 3320 καταϐαλεῖν
3445 3263 3812 3334 βουλομένους

2130 3358 2356 3412 κωλύων
2389 3359 2442 3412 τί
2493 3361 2777 3424 πείσεται;
2815 3358 2949 3412 Οὐδὲ
2991 3358 3100 3429 γάρ
3152 3356 3657 3411 κατακυλισθέντων
3698 3357 3811 3411 τῶν

2131 3452 2335 3505 παίδων
2365 3453 2444 3516 είς
2463 3451 2532 3506 τά
2555 3452 2647 3505 τοῦ
2680 3451 2796 3522 βίου
2827 3451 3126 3522 πράγματα
3150 3451 3216 3503 ἐκ
3241 3450 3338 3518 τῆς
3365 3449 3640 3521 ἡμετέρας
3666 3467 3814 3520 συμ-

2130 3545 2348 3609 ϐουλίας
2369 3587 2383 3611 ,
2416 3546 2552 3599 ἀλλά
2594 3547 2688 3598 καὶ
2712 3545 2974 3612 γενναίως
2999 3543 3337 3612 ἐνεγκάντων
3356 3541 3454 3613 τὴν
3477 3541 3808 3612 προσϐολὴν,

2130 3641 2223 3693 καὶ
2252 3641 2320 3695 τὰ
2338 3641 2439 3711 ὅρη
2460 3638 2874 3693 καταλαϐόντων
2901 3637 3084 3702 πάλιν,
3107 3638 3140 3708 ἡ
3166 3637 3304 3708 αὐτὴ
3327 3637 3563 3690 κείσεται
3586 3635 3813 3698 κόλασις

2127 3737 2242 3799 τοῖς
2275 3734 2604 3788 διακωλῦσαι
2641 3732 2976 3804 βουληθεῖσιν
2993 3741 3015 3777 8
3039 3729 3475 3800 αὐτούς.“Ωσπερ
3495 3727 3604 3800 γάρ
3619 3729 3647 3780 6
3667 3728 3811 3798 πρὸς

2130 3828 2446 3899 φιλοσοφίαν
2479 3827 2650 3896 ἄγων,
2681 3826 2745 3880 ἄν
2777 3843 2836 3878 τε
2872 3824 3058 3897 πείσῃ,
3091 3823 3156 3877 ἄν
3196 3841 3257 3876 τε
3298 3822 3372 3894 μὴ
3409 3821 3590 3891 πείσῃ,
3624 3823 3811 3893 ἀπηρ-

2128 3921 2380 3992 τισμένον
2416 3921 2530 3990 έχει
2552 3920 2644 3973 τὸν
2673 3917 2864 3990 μισθὸν
2894 3918 2989 3989 (τὸ
3015 3916 3124 3988 γάρ
3148 3915 3313 3971 αὐτοῦ
3342 3917 3449 3969 πᾶν
3476 3915 3770 3987 ἐποίησεν)
3792 3934 3806 3947 ·

2127 4015 2270 4067 οὕτω
2314 4013 2408 4067 καὶ
2449 4015 2476 4065 6
2509 4013 2818 4084 διαφθεῖραι
2853 4009 3154 4081 βουληθεὶς,
3191 4009 3255 4063 ἄν
3283 4026 3342 4062 τε
3375 4009 3499 4082 ἕλῃ,
3531 4010 3596 4063 ἄν
3628 4026 3686 4061 τε
3730 4012 3809 4081 μὴ

2127 4105 2244 4173 ἐλῃ,
2277 4105 2372 4175 τὴν
2409 4104 2578 4175 αὐτὴν
2616 4103 2983 4174 ὐποστήσεται
3018 4101 3174 4172 δίκην
3197 4118 3209 4130 ·
3258 4101 3318 4154 τὸ
3356 4101 3464 4173 γάρ
3497 4103 3660 4156 αὐτοῦ
3695 4105 3810 4156 πᾶν

2129 4201 2222 4252 καὶ
2251 4196 2403 4262 οὗτος
2425 4198 2764 4270 ἐπλήρωσεν.
2783 4198 2946 4250 Ὥστε
2972 4197 3073 4252 κᾶν
3101 4196 3265 4268 μηδὲν
3298 4196 3552 4268 ίσχύσητε
3583 4196 3722 4267 πρὸς
3749 4197 3811 4250 τὸ

2131 4291 2481 4345 ὐποσκελίσαι
2522 4291 2615 4344 καὶ
2645 4289 2890 4343 καθελεῖν
2923 4288 2991 4342 τά
3029 4291 3252 4358 γενναῖα
3292 4289 3400 4343 τῶν
3435 4287 3640 4341 παίδων
3673 4304 3811 4358 φρο-

2131 4384 2348 4454 νήματα
2365 4424 2378 4448 ,
2408 4383 2508 4453 τῆς
2535 4381 2666 4451 γοῦν
2694 4382 3084 4452 ἐπιχειρήσεως
3121 4379 3288 4450 μόνης
3314 4379 3579 4450 τοσαύτην
3603 4377 3810 4432 δώσετε

2132 4481 2320 4550 δίκην,
2367 4479 2498 4547 ὅσην
2539 4477 2588 4529 οί
2629 4474 2946 4538 καθελόντες
2995 4472 3202 4527 ἐκεῖθεν
3257 4471 3473 4534 αὐτούς.
3509 4470 3675 4525 Ταῦτ’
3712 4468 3812 4526 οὖν

2133 4573 2485 4644 ἐννοήσαντες
2516 4569 2729 4624 ἅπαντα
2752 4607 2768 4632 ,
2817 4568 2911 4621 καὶ
2947 4565 3044 4628 τὰς
3076 4565 3302 4637 σκήψεις
3335 4565 3568 4634 ἀφέντες
3600 4566 3810 4630 πάσας,

2134 4665 2524 4734 σπουδάσωμεν
2561 4661 2822 4730 γενναίων
2852 4659 3056 4713 παίδων
3103 4658 3359 4727 γενέσθαι
3398 4658 3654 4732 πατέρες,
3687 4678 3812 4732 χρι-

2135 4760 2411 4830 στοφόρων
2437 4755 2708 4825 οἰκοδόμοι
2729 4753 2981 4822 γενέσθαι
3011 4751 3174 4816 ναῶν,
3193 4751 3438 4824 ἀθλητῶν
3465 4754 3811 4826 ἐπουρανίων

2133 4852 2478 4924 ἐπιμεληταὶ,
2503 4848 2834 4917 ἀλείφοντες,
2851 4845 3156 4919 ὀρθοῦντες,
3192 4846 3454 4901 πάντοθεν
3474 4849 3812 4920 ἐργάζεσθαι

2130 4948 2229 5019 τὴν
2259 4946 2526 5016 ὠφέλειαν
2556 4943 2758 5007 αὐτῶν,
2792 4942 2879 4995 ἵνα
2900 4942 2994 4995 καὶ
3025 4940 3133 4994 τῶν
3160 4941 3440 5012 στεφάνων
3471 4943 3656 5009 αὐτοῖς
3688 4947 3813 5000 ἐκεῖ

2133 5042 2568 5112 κοινωνήσωμεν.
2596 5039 2693 5091 “Av
2735 5037 2792 5090 δὲ
2827 5035 3196 5106 φιλονεικῆτε,
3229 5037 3278 5089 οἱ
3325 5036 3515 5101 παῖδες
3553 5037 3684 5107 μὲν,
3738 5041 3808 5094 ἂν

2131 5129 2232 5190 ὦσι
2271 5137 2544 5205 γενναῖοι,
2589 5133 2684 5186 καὶ
2716 5131 2957 5185 ἀκόντων
2981 5131 3010 5182 ὐ
3019 5128 3134 5201 μῶν
3156 5129 3248 5184 ἐπὶ
3267 5129 3469 5201 ταύτην
3489 5129 3680 5202 ἥξουσι
3706 5132 3810 5204 τὴν

2133 5229 2471 5299 φιλοσοφίαν,
2497 5226 2592 5280 καὶ
2621 5224 2837 5278 πάντων
2867 5221 3262 5276 ἀπολαύσονται
3279 5221 3388 5276 τῶν
3412 5221 3653 5292 ἀγαθῶν,
3675 5224 3812 5294 ὑμῖν

2132 5321 2188 5377 δὲ
2217 5319 2497 5390 περιέσται
2525 5317 2585 5370 :6
2611 5315 2814 5387 μυρίαν
2846 5315 3067 5368 κόλασιν
3095 5315 3310 5377 ἑαυτοῖς
3333 5316 3678 5383 συναγαγεῖν,
3711 5314 3812 5369 καὶ

2139 5414 2251 5466 τότε
2285 5409 2571 5465 ἐπαινέσαι
2604 5409 2675 5461 τά
2718 5408 2846 5479 παρ’
2877 5408 3035 5479 ἡμῶν
3069 5408 3351 5480 εἰρημένα,
3391 5407 3480 5460 ὅτε
3507 5406 3615 5460 τῶν
3642 5407 3812 5460 ἐπαί-

2133 5522 2238 5558 νων
2267 5502 2456 5572 δφελος
2485 5503 2612 5571 ὑμῖν
2641 5499 2811 5553 οὐδέν.

2195 5695 2222 5734 d
2248 5697 2383 5760 Unus
2403 5694 2736 5760 προλαϐόντες.

2202 5757 2452 5824 ῗιβεθάί
2475 5757 2751 5824 εέης·Ε⁰¹ἷ;
3183 5815 3196 5824 .
3237 5818 3251 5824 -
3343 5811 3352 5823 .
3414 5823 3431 5824 κ
3557 5813 3595 5824 -,

2206 5819 2224 5858 ί
2257 5808 2426 5869 Μοῖθι.
2444 5808 2549 5875 τοῖς
2559 5808 2869 5885 τραπεζίταις,
2891 5813 2974 5885 alii
2993 5815 3257 5885 οηιιιεδιέπῖ
3283 5811 3389 5865 τοὺς
3409 5813 3699 5872 τραπεζίτας.
3726 5808 3812 5860 ιιιι

2141 5884 2205 5933 fra
2216 5885 2328 5950 idgo
2349 5896 2461 5930 mss.
2481 5876 2893 5950 παραλογίσασθαι
2910 5876 3227 5950 ¹διψησὸμειὺα-
3347 5916 3349 5918 .

2203 5949 2228 5988 ⁸
2258 5945 2364 5996 Duo
2385 5957 2495 5993 mss.
2521 5937 2831 6004 βουληθεῖσιν.
2850 5937 2980 5987 Εόὶιὶ
3002 5937 3314 5998 βουλομένοις.
