4116 6392
349 334 456 392 58!:

346 473 521 543 potius
549 486 768 545 angelos
798 477 909 531 Deo
933 476 1166 532 alimus?
1189 477 1377 533 Omnia
1405 495 1530 551 erga
1560 480 1839 549 faciamus,
1871 492 1925 538 et

344 564 448 619 illis
468 566 680 634 pietatis
706 582 835 636 opes
863 568 1246 637 relinquamus,
1280 587 1397 640 qua:
1420 581 1655 638 manent,
1685 582 1740 627 et
1766 589 1925 629 exce-

344 657 532 711 dentes
559 674 588 712 e
619 660 720 712 vita
750 661 1098 728 comitantur;
1126 677 1243 731 qua:
1264 678 1368 717 non
1394 663 1445 717 in
1474 665 1572 718 hac
1594 666 1702 718 vita
1725 665 1918 729 solum,

336 745 435 800 sed
464 747 621 801 etiam
654 748 760 803 illic
781 751 1007 805 maxime
1029 752 1182 805 nobis
1208 753 1513 821 proderunt.
1540 753 1671 808 Nam
1699 756 1924 809 saacula-

340 850 428 891 res
457 836 651 893 divitiae
701 840 1023 896 excedentes
1063 858 1095 897 e
1138 843 1245 895 vita
1288 859 1391 897 non
1434 845 1778 911 comitantur,
1812 847 1920 899 imo

338 930 426 985 hic
450 939 578 986 ante
602 948 699 987 nos
741 944 1000 1005 pereunt,
1040 952 1104 992 ac
1145 952 1287 1006 srepe
1318 953 1655 1007 possessores
1693 940 1919 1008 perdunt

332 1037 462 1076 suos
493 1039 507 1076 :
540 1023 654 1079 hmc
680 1038 807 1078 vero
839 1034 891 1080 et
918 1027 1003 1082 hic
1030 1038 1083 1082 et
1110 1028 1213 1083 illic
1243 1027 1408 1082 ﬁrmas
1439 1037 1612 1092 erunt,
1645 1037 1700 1082 et
1728 1044 1916 1099 magna

334 1128 456 1166 cum
487 1115 771 1170 securitate
812 1119 1145 1187 possidentes
1171 1135 1229 1174 se
1254 1121 1664 1175 conservabunt.
1711 1122 1915 1175 Etenim

330 1218 420 1257 res
444 1203 511 1256 ita
543 1220 601 1259 se
629 1205 785 1261 habet
815 1225 827 1262 :
859 1210 946 1277 qui
980 1219 1188 1265 terrena
1216 1211 1580 1280 spiritualibus
1605 1210 1839 1280 prmfert,
1863 1222 1918 1267 et

335 1295 416 1346 his
456 1306 509 1349 et
551 1299 653 1351 illis
694 1300 939 1368 excidet;
989 1303 1077 1373 qui
1118 1318 1245 1358 vero
1285 1305 1514 1359 ezelestia
1562 1308 1913 1375 concupiscit,

335 1388 559 1439 terrenis
579 1391 737 1443 etiam
761 1393 1012 1460 potietur.
1035 1393 1151 1448 Non
1180 1410 1299 1449 mea
1320 1404 1444 1449 sunt
1470 1395 1585 1450 haec
1610 1396 1792 1462 verba,
1820 1398 1915 1453 sed

330 1477 469 1546 ejus,
508 1481 595 1548 qui
629 1480 743 1536 hmc
773 1485 1088 1552 praebiturus
1113 1494 1216 1552 est,
1257 1487 1463 1540 Domini
1494 1503 1508 1538 :
1543 1485 1793 1552 Quas-ite,
1830 1490 1914 1542 in-

329 1572 461 1637 quit,
505 1587 718 1637 regitum
776 1572 876 1629 Dei
905 1577 944 1641 ⁸,
973 1586 1017 1629 et
1074 1578 1182 1630 Itwc
1221 1579 1389 1631 omnia
1426 1580 1730 1649 adjicientur
1776 1581 1913 1633 vobis

330 1659 538 1727 (Matth.
564 1663 617 1716 6.
642 1664 755 1733 55).
775 1664 909 1732 Quid
931 1667 1051 1721 huic
1067 1667 1255 1723 honori
1273 1685 1367 1739 par
1383 1686 1501 1726 esse
1525 1672 1692 1741 possit
1708 1674 1732 1727 ?
1748 1671 1908 1738 Cura,

327 1751 515 1821 inquit,
544 1754 833 1823 spiritualia
856 1798 870 1822 ,
903 1757 1033 1811 mihi
1072 1774 1198 1813 vero
1222 1762 1398 1815 omnia
1443 1772 1529 1818 tua
1581 1767 1807 1823 dimitte.
1833 1774 1911 1826 Ac

325 1843 368 1897 si
393 1846 511 1913 quis
538 1855 684 1915 pater
705 1847 797 1900 ﬁlii
823 1863 1027 1913 amans,
1052 1851 1244 1907 domus
1264 1869 1467 1921 curam,
1491 1857 1906 1916 domesticorum

323 1936 557 2005 regimen
594 1938 924 2010 aliorumque
968 1943 1202 1997 omnium
1245 1946 1343 2001 sibi
1373 1962 1696 2017 assumeret,
1744 1954 1906 2009 ﬁlium

320 2041 470 2092 vero,
501 2037 556 2081 ut
599 2029 687 2083 uni
712 2031 1059 2101 philosophia:
1101 2045 1330 2102 vacaret,
1368 2041 1680 2097 admoneret
1710 2062 1722 2098 :
1749 2046 1825 2099 sic
1854 2056 1908 2101 et

324 2100 460 2171 Deus
482 2119 622 2173 facit.
647 2120 850 2177 Morem
894 2100 1070 2194 itaque
1110 2144 1376 2196 geramus,
1406 2141 1460 2185 et
1489 2148 1787 2202 quarramus
1817 2153 1904 2191 re-

316 2226 476 2279 gnum
508 2213 617 2275 Dei,
646 2224 701 2267 et
727 2216 804 2269 sic
838 2216 993 2285 plane
1030 2221 1167 2273 ﬁlios
1202 2232 1414 2277 nostros
1442 2228 1726 2294 pra-claros
1754 2229 1904 2284 vide-

318 2301 511 2368 bimus,
539 2321 740 2375 nosque
767 2324 887 2362 cum
920 2310 1024 2364 illis
1051 2312 1310 2380 splendidi
1339 2318 1558 2383 erimus,
1585 2335 1645 2373 ac
1670 2338 1903 2389 pt-zesen-

317 2393 455 2447 tibus
484 2396 741 2462 fruemur,
787 2401 832 2453 si
860 2400 1031 2455 futura
1058 2412 1111 2457 et
1135 2406 1368 2461 caelestia
1408 2418 1609 2465 tantum
1638 2430 1896 2471 amemus.

316 2484 440 2539 Haec
466 2488 958 2559 obtemperantibus
984 2494 1135 2549 vobis
1162 2512 1405 2568 magnam
1444 2501 1667 2557 aﬂ'erent
1697 2522 1901 2562 merce-

312 2578 432 2632 dem
456 2596 470 2643 ;
500 2585 912 2651 repugnantibus
936 2596 1113 2641 autem
1135 2597 1191 2644 et
1211 2605 1315 2645 non
1343 2607 1547 2648 morem
1568 2599 1895 2667 gerentibus,

310 2673 522 2739 gravius
562 2676 903 2744 supplicium.
937 2678 1119 2749 Neque
1148 2683 1290 2736 enim
1330 2683 1455 2740 licet
1489 2687 1554 2741 ad
1595 2692 1897 2745 excusatio-

311 2778 433 2818 nem
459 2764 744 2836 confugere
771 2784 833 2823 ae
854 2770 1052 2835 dicere,
1083 2771 1270 2828 Nullus
1305 2786 1436 2842 erat,
1467 2778 1554 2848 qui
1592 2779 1707 2835 hrec
1731 2781 1895 2837 doce-

306 2864 410 2908 ret.
440 2854 596 2910 Certe
620 2867 903 2928 antequam
927 2878 1022 2915 nos
1054 2862 1169 2917 hzec
1211 2865 1531 2933 diceremus,
1562 2868 1675 2924 htee
1704 2870 1893 2926 defen-

309 2944 389 2996 sio
415 2945 618 2999 sublata
658 2957 793 3013 erat,
840 2951 1037 3021 quippe
1076 2954 1331 3023 eumipsa
1362 2967 1549 3012 natura
1589 2972 1890 3016 accuratam

309 3034 503 3090 habeat
531 3037 665 3092 bona
692 3056 718 3089 a
748 3042 900 3094 malis
933 3043 1267 3100 discernendi
1296 3049 1401 3102 vim
1430 3060 1481 3104 et
1511 3049 1624 3105 haec
1653 3054 1891 3122 philoso-

298 3125 427 3195 phia
456 3127 651 3196 ubique
697 3132 963 3198 proposita
1007 3135 1093 3197 sit,
1128 3135 1391 3207 hujusque
1434 3140 1554 3195 vita:
1595 3144 1733 3197 mala
1762 3147 1892 3200 satis

306 3216 413 3274 sint
432 3217 496 3276 ad
518 3219 631 3291 ejus
647 3232 911 3277 amatores
936 3226 986 3278 in
1008 3226 1347 3282 solitudinem
1372 3230 1649 3301 fugandos.
1670 3236 1888 3292 Etiamsi

307 3309 468 3380 igitur
499 3324 816 3383 taceremus,
846 3328 906 3373 ut
929 3319 1058 3386 dixi,
1084 3319 1257 3379 omnis
1284 3324 1556 3383 excusatio
1579 3325 1784 3382 sublata
1806 3345 1890 3381 es-

305 3413 405 3455 set.
437 3406 502 3457 At
531 3408 697 3461 multo
728 3411 894 3479 magis
920 3428 1060 3467 nunc
1086 3424 1207 3483 post
1229 3418 1325 3471 hos
1351 3418 1486 3474 adeo
1510 3424 1745 3491 prolixos
1771 3426 1885 3480 edi-

303 3503 385 3549 tos
416 3495 601 3563 libros,
640 3510 944 3572 tantamque
976 3506 1428 3579 admonitionem,
1474 3523 1582 3567 tum
1623 3532 1688 3570 ex
1728 3520 1886 3574 rebus

302 3588 451 3657 ipsis,
491 3601 621 3658 tum,
653 3611 770 3663 quae
796 3598 957 3651 etiam
988 3600 1180 3655 clarior
1207 3613 1307 3669 est,
1342 3620 1403 3659 ex
1435 3606 1628 3663 divinis
1649 3609 1885 3680 Scriptu-

299 3681 394 3735 ris.
424 3683 501 3736 Ac
541 3687 747 3739 etiamsi
792 3689 934 3743 domi
972 3703 1249 3749 manentes
1289 3710 1503 3765 possent
1544 3717 1646 3755 non
1677 3705 1884 3772 penitus

299 3772 497 3839 perire,
532 3775 624 3829 sed
652 3789 943 3834 extremam
980 3785 1165 3839 salutis
1198 3796 1398 3843 sortem
1424 3790 1644 3861 adipisci
1672 3836 1683 3855 ,
1714 3810 1781 3847 ne
1806 3796 1884 3851 sic

297 3864 509 3933 quidem
540 3883 723 3935 poenas
751 3871 983 3943 eﬁ‘ugere
1010 3891 1309 3946 possemus,
1340 3882 1383 3935 si
1413 3898 1508 3937 eos
1543 3886 1631 3953 qui
1663 3886 1727 3940 ad
1756 3887 1879 3940 dili-

294 3958 588 4024 gentiorem
620 3962 779 4016 vitam
819 3966 1130 4023 festinarent
1177 3972 1601 4043 prohiberemus,
1640 3988 1799 4048 atque
1828 3979 1879 4034 in

296 4047 640 4104 smcularibus
683 4054 843 4109 rebus
886 4057 1242 4117 detineretnus
1304 4079 1420 4129 eos,
1465 4067 1553 4136 qui
1595 4067 1648 4121 in
1689 4069 1877 4123 caelum

295 4139 507 4194 avolare
535 4145 806 4211 gestirent.
853 4147 982 4202 Cum
1021 4162 1197 4207 autem
1242 4155 1293 4208 id
1323 4156 1436 4211 ﬁeri
1480 4170 1739 4229 nequeat,
1784 4165 1876 4217 se:

293 4233 512 4287 omnino
557 4238 882 4303 pereundum
920 4255 1040 4296 esse
1068 4254 1294 4312 constet,
1325 4262 1387 4301 ac
1414 4248 1481 4303 de
1507 4254 1757 4307 extremis
1787 4270 1880 4322 pe-

292 4324 622 4391 riculumsit,
642 4342 799 4397 quam
820 4331 1031 4385 tandem
1050 4336 1282 4404 veniam,
1301 4354 1457 4408 quam
1477 4347 1875 4401 excusationem

295 4414 524 4471 habituri
550 4418 735 4483 simus,
768 4423 811 4475 si
841 4440 944 4477 non
976 4426 1134 4479 modo
1166 4431 1506 4498 propriorum
1538 4446 1873 4502 peccatorum

289 4508 385 4562 sed
416 4524 601 4564 eorum
633 4514 791 4567 etiam
817 4532 934 4585 qua:
976 4529 1154 4588 postea
1188 4522 1282 4575 ﬁlii
1316 4522 1646 4591 admiserint,
1692 4544 1875 4598 parmis

291 4599 341 4650 in
369 4615 466 4654 nos
498 4602 639 4669 ipsos
686 4607 1026 4674 gravissimas
1064 4613 1479 4680 pertrahamus?
1514 4617 1699 4689 Neque
1731 4623 1872 4675 enim

288 4702 415 4759 puto
456 4693 579 4749 illos
619 4705 721 4750 tam
762 4715 947 4768 graves
992 4702 1211 4760 daturos
1249 4722 1369 4762 esse
1418 4725 1602 4778 ptenas
1648 4728 1746 4783 pro
1787 4715 1870 4782 iis,

286 4798 407 4849 quae
434 4795 615 4853 postea
642 4789 961 4859 deliquerint
996 4793 1048 4847 in
1078 4795 1171 4849 hos
1199 4796 1391 4852 ﬂuctus
1412 4804 1678 4868 pertracti,
1713 4820 1871 4872 quam

284 4888 400 4939 vos,
427 4878 514 4945 qui
545 4878 596 4931 in
629 4879 762 4934 hanc
792 4882 912 4937 illos
949 4888 1321 4943 necessitatem
1350 4892 1645 4947 induxistis.
1671 4894 1803 4950 Nam
1826 4898 1871 4950 si

284 4969 356 5033 ei,
380 4972 468 5040 qui
496 4989 657 5026 unum
702 4977 1164 5045 scandalizaverit,
1196 4997 1315 5035 cum
1346 4983 1485 5038 mola
1518 4989 1569 5038 in
1599 5004 1745 5043 mare
1772 4991 1867 5042 de-

212 5052 217 5057 ’
284 5065 450 5133 mergi
476 5066 690 5135 expedit
720 5086 731 5121 :
763 5086 880 5137 quae
906 5072 1121 5126 tandem
1150 5088 1305 5142 paena
1326 5118 1339 5140 ,
1372 5079 1463 5148 qui
1490 5082 1756 5135 cruciatus
1783 5098 1869 5136 sa-

282 5155 352 5208 tis
376 5168 535 5210 erunt
573 5158 697 5225 illis,
744 5163 831 5230 qui
863 5164 1124 5219 saevitiam
1159 5177 1355 5222 tantam
1388 5180 1442 5224 et
1483 5172 1865 5227 immanitatem

282 5245 335 5299 in
361 5248 556 5302 liberos
592 5254 834 5321 proprios
877 5256 1204 5312 ostendunt?
1237 5259 1516 5326 Quocirca,
1550 5279 1698 5333 rogo,
1733 5260 1866 5319 con-

280 5338 573 5394 tetttioucm
601 5344 902 5411 remittatis,
926 5344 1148 5418 sitisqué
1172 5349 1609 5422 phi1050phorum
1636 5356 1865 5411 ﬁliorum

345 5494 729 5575 ξηξζτρὶξςᾳηιιηι
756 5500 860 5563 Dei,
884 5514 1073 5566 omnes,
1115 5512 1294 5567 prater
1339 5507 1504 5560 Morel.
1542 5510 1743 5575 habent,
1784 5526 1867 5563 re-

279 5564 425 5617 gnum
444 5558 689 5611 (telorum.

1094 340 1451 399 ADVERSUS
1488 341 2035 403 OPPUGNATORES
2073 348 2258 405 VITAE
2297 348 2589 412 MONAST.
2630 356 2756 413 LIB.
2798 357 2881 415 lll.

3521 373 3625 431 588

2040 496 2238 557 patres.
2268 490 2452 562 Neque
2479 493 2532 548 id
2559 494 2848 552 dicendum
2877 508 2981 567 est,
3012 502 3153 572 quod
3178 505 3373 562 multos
3398 520 3629 579 praeten-

2034 579 2160 635 derc
2186 582 2365 637 audio.
2386 584 2523 652 Quid
2552 588 2680 643 illud
2706 590 2826 645 est?
2850 592 2983 646 Cum
3004 595 3325 664 videremus,
3352 601 3618 672 inquiunt,

2028 668 2150 725 illos
2177 673 2242 726 ad
2271 674 2428 729 ﬁnem
2459 681 2738 746 pervenire
2779 696 2883 736 non
2921 699 3097 754 posse,
3134 687 3255 743 ideo
3286 692 3405 746 illos
3425 668 3588 763 probi

2028 762 2266 822 buimus.
2294 770 2513 827 Etiamsi
2532 780 2674 828 enim
2694 774 2743 828 id
2764 775 2908 830 clare
2926 779 3282 850 prmvidisses,
3304 801 3408 841 non
3436 800 3616 849 autem

2030 857 2383 926 conjectando
2412 864 2584 919 solum
2610 883 2625 933 ;
2654 869 2804 923 multi
2831 872 2992 940 enim,
3016 876 3104 944 qui
3128 877 3323 947 lapsuri
3352 882 3619 950 putaban-

1994 966 1997 967 '
2025 957 2131 1017 tur,
2157 960 2438 1020 steterunt;
2457 957 2523 1021 si,
2548 960 2784 1029 inquam,
2807 963 2932 1018 illud
2956 976 3131 1021 certos
3146 973 3525 1041 prtescivisses,
3551 993 3620 1031 ne

2024 1042 2103 1095 sic
2133 1044 2346 1112 quidem
2378 1048 2523 1102 illum
2553 1051 2827 1108 retrahere
2853 1058 3111 1124 oportuit.
3161 1059 3343 1132 Neque
3370 1066 3535 1129 enim,
3570 1069 3613 1121 si

2025 1137 2304 1204 quospiam
2324 1139 2390 1193 ad
2412 1141 2613 1209 lapsum
2637 1160 2851 1213 pronos,
2873 1160 3115 1220 arreptos
3138 1156 3615 1225 prmcipitaremus,

2025 1225 2076 1279 id
2104 1228 2256 1281 nobis
2279 1230 2345 1284 ad
2372 1236 2768 1291 excusationem
2796 1241 2923 1295 satis
2948 1252 3110 1309 esset,
3140 1246 3235 1300 sed
3260 1246 3486 1317 idipsum
3512 1266 3613 1307 nos

2025 1316 2077 1371 in
2129 1320 2311 1387 primis
2364 1324 2767 1382 condemnaret.
2816 1329 2924 1384 Cur
2968 1335 3109 1387 enim
3162 1352 3266 1390 non
3322 1340 3608 1408 permisisti

2022 1422 2079 1465 ut
2095 1428 2161 1467 ex
2187 1415 2329 1469 illius
2348 1419 2571 1486 segnitie
2587 1420 2767 1490 lapsus
2791 1425 3142 1495 contingeret,
3159 1429 3250 1483 sed
3274 1445 3605 1499 prmvertens

2021 1516 2298 1573 peccatum
2329 1509 2455 1564 illud
2474 1514 2717 1581 rapuisti,
2742 1525 3017 1586 totumque
3046 1519 3097 1572 in
3123 1533 3281 1592 caput
3307 1534 3453 1579 tuum
3480 1542 3609 1582 con-

2014 1597 2234 1667 jecisti?
2260 1602 2466 1667 lmo,ut
2495 1605 2547 1658 id
2576 1608 2730 1662 fieret
2756 1625 2861 1663 non
2890 1613 3305 1681 permittendum
3335 1628 3449 1673 erat
3469 1636 3482 1672 :
3506 1635 3605 1676 cur

2020 1691 2162 1744 enim
2178 1709 2282 1747 non
2298 1697 2472 1749 omnia
2500 1697 2693 1766 fecisti,
2714 1710 2769 1755 ut
2789 1719 2855 1757 ne
2876 1714 3054 1759 rueret
3070 1706 3244 1762 ﬁlius?
3263 1708 3444 1780 Itaque
3458 1714 3603 1782 quod

2017 1782 2184 1837 scires
2202 1784 2460 1840 ruiturum
2494 1789 2638 1843 illum
2670 1806 2810 1859 esse,
2844 1793 2965 1849 ideo
2982 1798 3212 1853 maxime
3233 1802 3493 1870 supplicio
3510 1805 3596 1858 di-

2015 1887 2149 1941 gnus
2192 1890 2271 1928 es.
2316 1876 2447 1931 Nam
2496 1896 2616 1934 eum
2652 1883 2739 1951 qui
2768 1884 2818 1937 id
2862 1888 3150 1953 praevidet,
3198 1905 3304 1944 non
3356 1895 3603 1965 praccipi-

2016 1976 2149 2034 tare,
2194 1972 2288 2025 sed
2336 1990 2550 2030 manum
2605 1980 2877 2050 porrigere
2925 1994 3177 2053 oportet,
3234 1990 3599 2063 majoremque

2014 2061 2423 2119 sollicitudinem
2452 2066 2704 2124 exhibere
2734 2111 2750 2136 ,
2786 2080 2841 2126 ut
2863 2076 2952 2143 qui
2984 2075 3228 2144 lapsurus
3255 2090 3354 2147 est,
3388 2061 3598 2139 fortiter

2012 2152 2288 2217 consistat,
2321 2156 2434 2211 sive
2476 2159 2688 2214 tandem
2730 2170 2873 2219 stare
2914 2168 3100 2234 possit,
3131 2170 3241 2223 sive
3273 2188 3375 2225 non
3406 2176 3591 2242 possit.

2012 2241 2141 2295 Nam
2168 2260 2284 2311 qua:
2322 2262 2485 2314 penes
2514 2266 2610 2305 nos
2636 2263 2789 2308 erant
2817 2258 2996 2310 omnia
3044 2262 3259 2330 exsequi
3288 2268 3588 2333 oportebat,

2010 2336 2219 2391 etiamsi
2266 2339 2357 2392 alii
2401 2341 2534 2396 nihil
2561 2344 2684 2399 inde
2710 2346 2843 2402 lucri
2870 2355 3250 2421 consequuturi
3279 2368 3450 2411 erant.
3482 2360 3591 2414 (iur

2010 2428 2143 2494 hoc,
2172 2438 2227 2483 et
2253 2434 2454 2500 quare?
2487 2434 2553 2490 Ut
2598 2453 2704 2493 non
2748 2455 2779 2493 a
2810 2442 2983 2507 nobis,
3029 2445 3122 2498 sed
3152 2446 3219 2500 ab
3258 2447 3363 2502 illis
3395 2452 3529 2505 ratio
3555 2468 3588 2507 a

2008 2518 2117 2573 Deo
2146 2533 2501 2591 expeteretur.
2523 2526 2674 2593 Quod
2695 2542 2749 2585 et
2777 2536 2889 2600 ipse
2925 2535 3005 2597 ei,
3032 2537 3120 2604 qui
3150 2538 3347 2615 talento
3363 2555 3586 2611 accepto

2006 2612 2133 2667 nihil
2166 2614 2402 2672 lucratus
2437 2628 2553 2674 erat
2581 2663 2596 2686 ,
2637 2624 3203 2697 eXprobrans'dicebat
3240 2648 3254 2684 :
3288 2612 3583 2701 Oportebat

2001 2705 2137 2757 enim
2169 2716 2233 2772 te,
2264 2708 2465 2778 inquit,
2506 2713 2770 2782 pecuniam
2794 2718 3100 2775 committere
3140 2722 3511 2791 nummulariis,
3541 2736 3587 2780 et

2002 2811 2091 2864 ego
2129 2798 2326 2851 veniens
2365 2817 2477 2853 cum
2503 2819 2657 2856 usura
2686 2806 2956 2876 exegissem
2980 2806 3581 2887 illam(Matt/z.25.‘l7).

2000 2886 2441 2958 Obtcmperemus
2486 2894 2642 2962 igitur
2690 2894 2805 2951 haec
2835 2901 3109 2963 monenti,
3142 2910 3201 2955 ut
3266 2886 3584 2974 supplicium

1999 2977 2334 3048 effugiemus.
2362 2982 2544 3053 Neque
2571 2985 2712 3039 enim
2740 2988 2905 3043 Deum
2934 3031 2949 3054 ,
2981 3005 3102 3045 cum
3150 2992 3453 3051 hominibus
3481 2997 3583 3053 fal-

1999 3070 2110 3125 lere
2137 3074 2450 3141 poterimus,
2478 3079 2569 3146 qui
2595 3089 2866 3134 scrutatur
2894 3085 3076 3149 corila,
3106 3095 3158 3139 et
3185 3089 3361 3141 omnia
3384 3091 3436 3143 in
3464 3107 3581 3145 mc-

1998 3159 2144 3214 dium
2176 3163 2304 3231 agit,
2325 3167 2416 3233 qui
2450 3166 2648 3235 ubique
2688 3170 2848 3223 etiam
2880 3171 2947 3227 de
2976 3175 3202 3228 ﬁliorum
3224 3179 3392 3232 salute
3420 3182 3582 3235 ratio-

1998 3265 2121 3305 nem
2170 3267 2199 3305 a
2231 3255 2390 3308 nobis
2423 3260 2646 3325 expetit.
2681 3258 2736 3312 Si
2764 3263 2905 3315 enim
2948 3264 3011 3323 is,
3039 3266 3129 3334 qui
3166 3270 3443 3336 pecuniam
3472 3288 3580 3327 non

1993 3340 2332 3409 deposuerat,
2366 3352 2539 3400 tantas
2576 3363 2761 3418 poenas
2790 3351 2957 3417 dedit,
2988 3355 3077 3421 qui
3103 3355 3378 3431 deponere.
3395 3362 3582 3416 volen-

1996 3450 2074 3495 tes
2105 3434 2326 3512 impedit
2358 3486 2372 3512 ,
2417 3453 2544 3518 quid
2572 3446 2843 3519 patietur?
2869 3455 2984 3511 Non
3032 3460 3202 3515 solum
3247 3465 3387 3519 enim
3414 3471 3457 3521 si
3486 3469 3577 3525 ﬁlii

1994 3546 2179 3589 nostro
2207 3540 2433 3594 consilio
2467 3542 2518 3595 in
2550 3546 2824 3601 smcularia
2859 3552 3064 3619 negotia
3088 3553 3453 3623 devolvantur.
3482 3563 3576 3617 sed

1991 3626 2149 3679 etiam
2179 3628 2223 3681 si
2253 3629 2506 3697 impetum
2535 3643 2775 3690 nostrum
2800 3639 3007 3695 fortiter
3035 3642 3265 3701 ferentes
3286 3687 3302 3711 ,
3334 3652 3401 3703 ad
3423 3667 3578 3705 mon-

1992 3725 2070 3771 tes
2116 3734 2174 3773 se
2225 3722 2525 3791 recipiant,
2574 3726 2712 3781 idem
2759 3732 3075 3800 supplicium
3116 3737 3355 3793 imminet
3399 3743 3462 3796 iis
3485 3746 3575 3814 qui

1990 3810 2134 3878 ipsos
2184 3812 2444 3883 impedire
2487 3818 2773 3876 voluerint.
2822 3822 3282 3891 Quemadmodum
3312 3834 3455 3887 enim
3482 3810 3574 3905 qui

1987 3900 2051 3953 ad
2083 3903 2472 3974 philosophiam
2504 3908 2768 3977 hortatur,
2802 3915 2914 3969 sive
2944 3919 3282 3986 persuadeat,
3303 3925 3414 3979 sive
3442 3900 3570 3992 non,

1988 3996 2281 4062 perfectam
2311 4000 2612 4055 mercedem
2644 4002 2802 4058 habet
2834 4006 2977 4077 (nam
3007 4019 3172 4065 totum
3196 4013 3244 4067 id
3269 4013 3571 4086 fecit,quod

1986 4101 2150 4156 penes
2178 4105 2235 4143 se
2261 4090 2444 4159 erat),
2476 4094 2552 4147 sic
2581 4105 2636 4148 et
2673 4098 2761 4167 qui
2789 4099 3020 4166 aliquem
3062 4104 3291 4171 perdere
3322 4108 3569 4175 voluerit,

1986 4180 2097 4235 sive
2125 4182 2357 4249 heserit,
2402 4187 2516 4241 sive
2555 4204 2661 4242 non
2694 4191 2917 4259 hcserit,
2965 4195 3152 4249 eodem
3191 4199 3446 4267 supplicio
3477 4217 3572 4271 pu-

1986 4274 2195 4341 nietur;
2229 4293 2348 4330 nam
2377 4279 2516 4348 quod
2559 4284 2729 4351 potuit
2780 4293 2944 4338 totum
2972 4287 3231 4355 implevit.
3267 4291 3444 4361 Itaque
3469 4295 3570 4349 etsi

1983 4365 2110 4418 nihil
2142 4371 2419 4435 potueritis
2444 4370 2509 4425 ad
2560 4388 2851 4440 generosos
2897 4376 3125 4432 ﬁliorum
3180 4383 3385 4436 animos
3428 4383 3568 4453 deji-

1982 4457 2201 4511 ciendos
2233 4469 2286 4512 et
2315 4460 2701 4518 subvertendos
2721 4508 2735 4529 ,
2773 4476 2994 4521 conatus
3019 4471 3207 4524 saltem
3246 4474 3406 4528 vestri
3452 4485 3568 4529 tan-

1984 4560 2064 4605 tas
2103 4567 2285 4621 pmnas
2307 4554 2533 4619 dabitis,
2559 4570 2782 4627 quantas
2812 4563 2898 4631 qui
2938 4564 3277 4634 dejecissent.
3306 4569 3431 4624 lltcc
3468 4572 3567 4634 ἰπὶ-

1982 4652 2070 4699 tur
2092 4648 2341 4703 universa
2382 4650 2693 4719 cogitantes,
2729 4655 2908 4708 missis
2937 4658 3363 4716 cavillationibus
3387 4648 3562 4719 omni-

1979 4734 2079 4789 bus
2105 4744 2137 4800 ,‘
2173 4738 2482 4794 Studeamus
2506 4757 2887 4811 generosorum
2939 4745 3164 4802 ﬁliorum
3206 4759 3385 4819 patres
3410 4769 3561 4819 esse,

1978 4825 2413 4883 Christiferorum
2436 4832 2742 4889 conditores
2770 4837 3113 4906 templorum,
3129 4841 3449 4899 athletarum
3466 4861 3567 4903 cte-

1978 4917 2187 4973 lestium
2220 4931 2516 4985 curatores,
2548 4935 2831 4995 tingentes,
2861 4929 3146 4997 erigentes,
3169 4933 3401 5003 undique
3417 4951 3565 4991 com-

1978 5012 2151 5066 modis
2178 5014 2388 5068 illorum
2417 5017 2781 5080 consulentes,
2814 5029 2871 5073 ut
2912 5022 3022 5077 illic
3064 5039 3383 5080 coronarum
3428 5042 3561 5082 con-

1974 5113 2148 5157 sortes
2174 5105 2488 5160 efﬁciamur.
2538 5106 2629 5163 Sin
2656 5120 2833 5164 autem
2874 5115 3284 5182 contenderitis,
3326 5117 3416 5172 ﬁlii
3438 5123 3559 5190 qui-

1973 5194 2116 5261 dem,
2141 5195 2184 5249 si
2216 5195 2527 5254 fortitudine
2556 5201 2787 5265 valeant,
2821 5204 2905 5257 vel
2934 5204 3113 5261 invitis
3148 5209 3300 5264 vobis
3326 5210 3391 5263 ad
3423 5211 3561 5266 hanc

1972 5288 2284 5356 pervenient
2311 5290 2725 5361 philosoplnam,
2756 5295 3128 5368 universisque
3170 5298 3415 5356 fruentur
3461 5305 3530 5361 bo

1972 5379 2094 5446 nis;
2125 5382 2276 5435 vobis
2308 5393 2484 5437 autem
2532 5383 2583 5438 id
2622 5387 2926 5457 continget,
2960 5398 3015 5441 ut
3061 5391 3379 5447 immensum
3407 5395 3558 5449 vobis

1971 5475 2264 5529 cruciatqu
2295 5478 2616 5546 congeratis,
2650 5488 2882 5549 tuncque
2906 5481 3046 5535 dicta
3072 5494 3254 5538 nostra
3287 5484 3555 5553 laudetis,

1968 5580 2089 5621 cum
2118 5585 2188 5623 ex
2218 5568 2283 5625 iis
2313 5568 2558 5626 laudibus
2585 5570 2713 5625 nihil
2748 5573 2992 5628 utilitatis
3018 5576 3291 5646 percipere
3317 5577 3517 5633 licebit.
