4116 6392
575 317 676 374 581

1328 309 1385 365 S.
1413 307 1698 366 IOANNIS
1729 307 2214 366 CHRYSOSTO’MI
2250 307 2565 366 ARCHIEP.
2608 303 3155 366 CONSTANTINOP.

1602 727 1776 804 [116]
1815 726 1898 788 IN
1939 726 2292 801 SEQUENS
2329 725 2808 791 OPUSCULUM

634 964 752 1020 lam
781 980 968 1034 supra,
995 963 1236 1028 libro-tt,
1268 977 1421 1016 num.
1458 960 1514 1027 6,
1557 960 1983 1032 Chrysostomus
2030 976 2150 1014 mo-

563 1072 806 1125 nachum
841 1086 964 1124 cum
995 1083 1123 1140 rege
1155 1066 1239 1122 vel
1269 1067 1600 1137 imperatore
1633 1074 2031 1136 comparatum,
2057 1065 2148 1119 illo

565 1175 990 1230 fortunatiorem
1013 1183 1067 1229 et
1088 1173 1449 1244 potentiorem
1473 1186 1592 1226 esse
1612 1171 1880 1242 probavit.
1909 1170 2149 1241 Idipsum
2186 1186 2190 1192 ·

566 1289 752 1336 autem
785 1280 838 1334 in
871 1280 975 1334 hoc
1013 1277 1278 1348 opusculo
1324 1285 1442 1332 toto
1480 1283 1908 1343 commonstrat;
1955 1291 2152 1346 nempe

563 1402 695 1442 eum
726 1386 820 1456 qui
848 1383 1238 1456 philosophia,
1267 1384 1349 1438 sic
1377 1383 1522 1438 enim
1562 1380 1764 1452 passim
1795 1380 2156 1437 monasticam

2254 960 2420 1014 vitam
2453 960 2708 1031 appellat,
2732 960 2825 1014 dat
2848 975 3092 1031 operam,
3117 977 3246 1033 rege
3273 963 3521 1018 ditiorem
3551 972 3605 1020 et
3635 976 3857 1036 poten-

2255 1069 2447 1123 tiorem
2473 1083 2614 1132 esse,
2663 1068 2717 1122 in
2756 1069 2898 1124 bello
2929 1069 3231 1136 fortiorem,
3276 1071 3589 1126 hominibus
3637 1072 3853 1127 deme.

2257 1172 2443 1228 rendis
2467 1189 2531 1228 ac
2552 1173 2814 1228 beneﬁcio
2831 1174 3093 1230 ornandis
3117 1177 3403 1246 aptiorem,
3429 1177 3488 1232 in
3519 1177 3667 1232 obitu
3697 1177 3853 1231 bea-

2254 1278 2474 1334 tiorem.
2492 1278 2630 1333 Cum
2655 1279 2819 1350 igitur
2846 1279 3087 1348 ejusdem
3119 1281 3421 1352 argumenti
3457 1283 3528 1337 sit
3551 1281 3640 1337 hic
3665 1282 3849 1336 libel-

2267 1381 2354 1436 lus
2412 1390 2577 1452 atque
2613 1391 2727 1437 tres
2760 1382 3004 1452 priores,
3048 1390 3351 1454 opportune
3387 1394 3511 1456 post
3551 1385 3677 1441 illos
3713 1402 3844 1441 una

558 1967 1006 2026 COMPARATIO
1044 1966 1448 2030 POTENTUE,
1491 1965 1898 2021 DIVITiARUM
1940 1965 2030 2020 ET
2070 1965 2578 2023 EXCELLENTIE
2634 1965 2870 2030 REGIS,
2910 1965 3055 2020 CUM
3097 1964 3430 2024 MONACHO
3470 1967 3537 2022 IN
3577 1967 3832 2024 VERIS-

1361 2056 1523 2111 SIMA
1563 2056 1652 2111 ET
1681 2056 2102 2113 CHRISTIANA
2147 2057 2619 2113 PHILOSOPHIA
2665 2056 3031 2112 VIVENTE‘.

653 2407 704 2458 1.
737 2405 847 2474 Ego
874 2419 993 2458 cum
1032 2405 1239 2459 intuear
1263 2421 1328 2460 ex
1371 2405 1672 2460 hominibus
1701 2406 2002 2475 complures
2027 2423 2146 2476 qum

581 2495 717 2549 bona
755 2508 874 2570 esse
913 2494 1178 2556 videntur,
1207 2510 1268 2550 ea
1299 2496 1484 2564 majori
1511 2505 1566 2550 et
1609 2511 1790 2551 amore
1833 2507 1885 2551 et
1913 2498 2144 2551 admira-

579 2586 723 2639 tione
766 2584 994 2652 sectari,
1023 2601 1179 2656 quam
1225 2603 1344 2657 qua!
1372 2598 1556 2641 natura
1605 2603 1668 2641 ac
1705 2589 1980 2644 verissime
2007 2590 2144 2644 bona

576 2685 700 2731 sunt
729 2691 745 2729 :
774 2677 1130 2731 necessarium
1157 2691 1276 2732 esse
1300 2693 1442 2744 reor,
1463 2678 1608 2735 brevi
1632 2681 1873 2736 oratione
1889 2681 1954 2736 de
1987 2683 2144 2736 utris-

575 2783 683 2838 que
707 2767 794 2823 hic
821 2783 976 2839 agere
995 2809 1013 2837 ,
1043 2779 1096 2825 et
1124 2785 1442 2840 componere
1470 2771 1608 2827 inter
1631 2786 1689 2827 se
1722 2781 1832 2827 tum
1853 2789 1970 2844 qua:
1989 2773 2144 2844 vulgo

576 2859 837 2929 neglectui
863 2869 1020 2925 sunt,
1058 2869 1166 2915 tum
1202 2877 1320 2931 quae
1366 2877 1555 2932 magno
1581 2864 1830 2918 mortales
1855 2863 2029 2919 studio
2053 2880 2142 2918 se-

577 2961 831 3021 quuntur,
855 2961 913 3004 ut
937 2960 1284 3022 utrorumque
1307 2951 1658 3008 diﬂ'erentiam
1681 2955 1874 3020 edocti,
1905 2955 1994 3010 illa
2015 2956 2142 3026 qni—

575 3042 696 3096 dem
727 3052 784 3096 ut
811 3043 946 3097 seria
973 3059 1036 3098 ac
1059 3043 1307 3097 salutaria
1335 3045 1506 3114 magni
1534 3044 1804 3108 faciamus.
1826 3045 1940 3101 haec
1963 3056 2140 3101 autem

577 3141 844 3202 tamquam
867 3132 1015 3187 nihili
1034 3134 1340 3189 :estimanda
1366 3144 1708 3191 contemnere
1733 3135 2017 3191 discamus.
2046 3137 2143 3206 Igi-

581 3234 666 3280 tur
691 3241 1011 3296 magnopere
1053 3235 1370 3296 expetuntur
1394 3227 1590 3282 divitim
1614 3268 1629 3293 ,
1664 3229 1986 3298 principatus
2004 3270 2020 3295 ,
2046 3231 2143 3282 im-

580 3318 805 3387 perium,
835 3318 1003 3386 gloria
1024 3361 1038 3384 ,
1067 3334 1131 3374 ac
1174 3319 1356 3374 beatos
1380 3320 1592 3390 quidem
1623 3321 1813 3391 vulgus
1843 3335 1936 3375 eos
1961 3321 2136 3383 ducit,

579 3409 668 3478 qui
711 3410 945 3480 gentium
972 3411 1237 3480 principes
1266 3422 1388 3465 sunt
1410 3451 1426 3478 ,
1453 3413 1542 3481 qui
1572 3411 1862 3481 Splendidis
1888 3413 2144 3468 vehiculis

577 3498 839 3564 feruntur,
861 3500 949 3570 qui
975 3517 1273 3569 praeconum
1304 3501 1591 3556 clamorem
1620 3517 1682 3556 ac
1705 3503 2006 3557 satellitium
2031 3517 2142 3557 ma-

573 3605 735 3660 gnum
763 3604 1137 3661 assequuntur.
1166 3593 1360 3647 Contra
1389 3593 1878 3663 philosophantium
1908 3595 2013 3648 vita
2041 3636 2056 3660 ,
2088 3603 2143 3649 et

571 3699 753 3738 eorum
780 3685 866 3754 qui
893 3687 1240 3741 monasticam
1271 3687 1564 3742 institutum
1585 3688 1924 3756 delegerunt,
1953 3686 2137 3757 despi-

573 3777 760 3832 cabilis
784 3786 867 3831 est
895 3793 908 3830 :
933 3787 1093 3846 atque
1119 3777 1194 3832 illi
1223 3777 1433 3848 quidem
1467 3777 1592 3832 dum
1614 3780 1753 3834 foras
1776 3779 2138 3848 prodeunt,ad

569 3883 690 3922 sese
727 3868 1055 3922 contuendos
1083 3869 1332 3937 populum
1362 3869 1532 3938 ipsum
1577 3879 1893 3924 convertunt
1919 3886 1931 3922 :
1962 3870 2014 3923 hi
2039 3885 2139 3924 au-

570 3966 676 4012 tem
701 3957 865 4011 sicubi
901 3958 1260 4026 apparuerint,
1291 3959 1484 4012 nullius
1507 3960 1711 4025 oculos,
1742 3970 1832 4013 aut
1861 3969 2003 4014 certe
2021 3976 2142 4029 per-

571 4063 856 4115 paucorum
883 4089 896 4111 ,
928 4049 994 4102 ad
1023 4049 1102 4102 sui
1132 4049 1488 4118 spectaculum
1515 4050 1730 4104 trahunt
1763 4069 1775 4104 :
1805 4060 1858 4105 et
1883 4066 2136 4121 praeterea

571 4137 762 4192 horum
791 4138 965 4191 nullus
994 4139 1184 4194 similis
1221 4155 1340 4194 esse
1368 4142 1742 4208 concupiscat,
1776 4142 1981 4196 illorum
2011 4159 2138 4199 vero

568 4246 774 4286 omnes.
825 4231 1154 4301 Quamquam
1185 4233 1535 4301 principatum
1565 4248 1823 4302 querere.
1847 4235 2016 4302 gentis
2041 4235 2138 4288 ali-

568 4321 718 4390 cujus
749 4321 971 4391 imperio
994 4322 1174 4390 potiri,
1191 4322 1411 4376 arduum
1431 4339 1559 4377 sane
1583 4338 1645 4378 ac
1663 4338 1818 4393 supra
1845 4325 2134 4396 vulgarium

569 4409 842 4464 hominum
869 4411 1028 4474 vires,
1061 4425 1123 4464 ac
1160 4427 1384 4480 quorum
1413 4412 1619 4467 animos
1644 4413 1847 4482 imperii
1879 4429 2028 4469 amor
2056 4415 2137 4469 in-

569 4503 751 4568 cessit,
785 4503 848 4556 iis
903 4517 1088 4572 magna
1131 4505 1352 4573 pecunia
1400 4519 1574 4573 opus:
1616 4506 1958 4560 monasticam
2010 4523 2137 4560 vero

569 4591 731 4645 vitam
775 4593 998 4662 eligere,
1041 4592 1136 4647 Dei
1183 4594 1345 4648 cultui
1391 4595 1550 4648 vitam
1605 4610 1753 4650 suam
1810 4598 2132 4669 mancipare,

566 4696 715 4750 mque
733 4681 978 4735 omnibus
1004 4682 1237 4751 proclive
1263 4697 1324 4737 ac
1341 4681 1514 4738 facile.
1535 4684 1684 4739 Adde
1708 4687 1848 4755 quod
1876 4688 2136 4757 principao

563 4781 650 4826 tus
689 4773 959 4842 possessio
987 4788 1090 4826 una
1126 4788 1248 4827 cum
1279 4773 1383 4828 vita
1428 4774 1529 4828 hac
1553 4775 1786 4842 desinit,
1813 4793 1910 4833 seu
1951 4783 2129 4834 verius

564 4861 770 4927 dicam,
819 4862 968 4915 vivos
1015 4863 1141 4916 item
1192 4863 1273 4917 sui
1329 4873 1594 4920 amatores
1641 4865 1879 4921 destituit
1918 4885 1930 4920 :
1976 4878 2135 4938 atque

570 4955 731 5008 etiam
779 4952 969 5007 multos
1022 4953 1076 5007 in
1104 4954 1429 5021 periculum,
1475 4957 1556 5010 vel
1602 4965 1746 5010 certe
1787 4973 2027 5027 magnam
2082 4960 2133 5013 in

565 5044 910 5114 ignominiam
931 5044 1182 5114 conjecit.
1214 5047 1284 5099 At
1311 5047 1596 5102 monastica
1623 5047 1726 5100 vita
1751 5048 1924 5117 justos
1947 5051 2029 5104 hic
2044 5050 2136 5104 bo-

562 5135 648 5188 nis
673 5136 850 5188 multis
890 5149 1010 5188 cum
1051 5135 1362 5204 repleverit,
1395 5151 1426 5191 a
1475 5137 1594 5191 vita:
1633 5139 1774 5192 exitu
1812 5148 2028 5194 ornatos
2071 5156 2134 5195 ac

564 5224 757 5280 hilares
785 5224 852 5279 ad
904 5224 997 5280 Dei
1052 5234 1106 5280 et
1135 5225 1303 5280 Patris
1348 5228 1369 5258 ³
1402 5227 1631 5282 tribunal
1674 5229 1838 5295 ducit,
1867 5246 1972 5300 quo
2002 5240 2135 5286 tem-

562 5330 691 5376 pore
719 5332 902 5372 eorum
929 5318 1017 5387 qui
1047 5319 1269 5387 imperio
1299 5318 1457 5373 functi
1485 5319 1680 5376 fuerint
1709 5322 1898 5376 bonam
1926 5333 2130 5393 partem

562 5422 781 5478 magnas
810 5419 1141 5476 peccatorum
1173 5410 1226 5466 in
1269 5411 1374 5465 vita
1399 5411 1748 5469 admissorum
1777 5431 1959 5485 [cenas
1989 5416 2131 5472 luere

623 5629 641 5661 ¹
676 5628 848 5678 (ἷίιΙΙτηεΙ
869 5644 975 5680 cum
998 5629 1104 5680 cod.
1129 5629 1318 5680 coislin.
1343 5630 1454 5682 242.

620 5689 647 5725 ⁸
674 5690 1031 5754 misimJtttbet,
1050 5700 1138 5742 De:
1158 5698 1202 5741 et
1224 5691 1488 5744 Saluatoris.

2251 2413 2450 2468 videas.
2485 2417 2595 2485 Age
2621 2415 2796 2484 itaque
2822 2413 3158 2469 conferentes
3188 2423 3328 2468 mter
3362 2427 3419 2468 se
3443 2421 3552 2466 tum
3579 2412 3824 2482 philoso-

2253 2505 2391 2575 phia:
2421 2507 2576 2572 bona,
2610 2515 2722 2562 tum
2755 2522 2816 2563 ea
2847 2521 2967 2578 qua:
3015 2507 3067 2560 in
3114 2505 3214 2561 hac
3247 2507 3355 2560 vita
3402 2505 3730 2575 principatus
3755 2521 3824 2560 ac

2247 2599 2430 2669 gloria:
2459 2599 2596 2654 bona
2626 2614 2744 2654 esse
2761 2599 3023 2665 videntur,
3049 2607 3391 2668 utrorumque
3413 2599 3672 2652 bonorum
3702 2597 3821 2651 dis-

2250 2693 2577 2760 crepantiam
2616 2691 2980 2761 perdiscamus
3017 2709 3031 2744 :
3061 2691 3138 2745 sic
3165 2691 3306 2745 enim
3334 2690 3522 2744 collata
3547 2689 3821 2758 apertiora

2248 2780 2377 2836 ﬁent
2405 2799 2420 2836 :
2449 2783 2573 2852 quin
2600 2782 2796 2852 potius,
2828 2782 2872 2836 si
2903 2781 3105 2851 placet,
3156 2781 3326 2850 ipsum
3373 2780 3626 2834 bonorum
3669 2777 3822 2832 fasti-

2246 2873 2392 2942 gium
2421 2889 2638 2943 regnum
2669 2873 2923 2943 intelligo,
2938 2887 3058 2927 cum
3076 2871 3404 2942 philosophia
3420 2879 3813 2939 comparantes,

2248 2964 2522 3034 utriusque
2543 2966 2891 3035 possessionis
2919 2967 3117 3020 fructus
3133 2964 3569 3032 contemplemur,
3583 2961 3818 3030 diligen-

2247 3064 2332 3110 ter
2356 3055 2532 3111 edocti
2557 3097 2572 3120 ,
2620 3056 2811 3126 quibus
2839 3069 3022 3110 rursus
3051 3053 3397 3123 philosophus
3427 3052 3668 3121 imperet.
3699 3051 3816 3105 Rex

2246 3146 2408 3216 igitur
2433 3146 2662 3212 urbium,
2690 3146 2986 3215 regionum,
3010 3153 3118 3198 tum
3147 3143 3426 3198 multarum
3455 3141 3686 3210 gentium
3710 3142 3815 3194 im-

2247 3239 2450 3306 perium
2473 3238 2630 3307 gerit,
2659 3236 2940 3306 magistros
2983 3236 3202 3288 militum
3227 3275 3240 3297 ,
3270 3231 3547 3303 prmfectos
3567 3273 3581 3295 ,
3603 3231 3815 3285 exerci-

2247 3336 2352 3392 tus,
2372 3327 2610 3397 populos,
2628 3337 2865 3392 senatus,
2897 3340 2994 3379 suo
3022 3327 3177 3379 unius
3201 3334 3329 3378 nutu
3351 3337 3537 3393 regens
3566 3339 3580 3352 ο
3608 3330 3663 3375 at
3685 3337 3819 3375 vero

2245 3419 2334 3487 qui
2381 3433 2439 3474 se
2469 3420 2583 3488 ipse
2610 3427 2777 3472 totum
2805 3418 2915 3472 Deo
2937 3416 3100 3479 dedit,
3115 3415 3503 3484 solitariamque
3520 3421 3683 3468 Vitam
3703 3413 3815 3467 ele-

2244 3511 2363 3580 git,
2413 3509 2535 3573 iraa,
2586 3508 2832 3571 invidiae,
2861 3508 3130 3570 avaritiaz,
3163 3506 3452 3576 voluptati,
3495 3503 3818 3573 ueterisque

2244 3601 2406 3655 animi
2438 3598 2637 3654 morbis
2661 3600 2906 3668 imperat,
2925 3597 3135 3652 assidue
3157 3596 3430 3666 speculans
3455 3609 3516 3650 ac
3543 3593 3814 3648 meditans

2244 3705 2527 3760 quemnam
2578 3690 2630 3743 in
2679 3688 2894 3743 modum
2929 3703 3032 3742 non
3059 3688 3392 3752 committat,
3420 3693 3478 3740 ut
3505 3700 3656 3739 suum
3694 3687 3815 3738 ani-

2243 3795 2387 3834 mum
2426 3779 2692 3834 obscoenis
2733 3777 3013 3832 affectibus
3061 3777 3323 3846 subjiciat,
3368 3790 3469 3830 neu
3498 3790 3694 3829 amara:
3722 3785 3814 3846 ty-

2243 3870 2449 3924 rannidi
2505 3870 2642 3923 ratio
2688 3868 2980 3936 inserviat,
3046 3866 3140 3922 sed
3193 3880 3347 3936 supra
3398 3880 3487 3920 res
3547 3863 3815 3919 humanas

2242 3977 2430 4016 omnes
2460 3960 2834 4030 cogitationem
2885 3973 3099 4028 semper
3125 3968 3355 4013 erectam
3383 3957 3590 4021 habeat,
3623 3956 3717 4010 Dei
3745 3957 3818 4009 ti-

2245 4067 2446 4106 morem
2487 4051 2649 4105 animi
2687 4050 2886 4105 morbis
2933 4049 3245 4118 prteficiens.
3288 4047 3599 4116 Hujusmodi
3645 4046 3815 4114 igitur

2244 4142 2523 4211 imperium
2553 4157 2668 4208 rex,
2703 4140 3004 4210 hujusmodi
3050 4140 3175 4194 item
3223 4138 3572 4208 principatum
3616 4151 3813 4190 mona-

2239 4233 2374 4286 chus
2411 4232 2634 4302 adeptus
2655 4240 2771 4286 est:
2803 4239 2861 4286 ut
2883 4231 3078 4300 justius
3100 4229 3312 4298 quidem
3343 4228 3484 4282 hunc
3508 4241 3686 4297 regem
3715 4243 3812 4281 vo—

2239 4339 2348 4388 ces,
2382 4339 2536 4392 quam
2563 4337 2684 4378 eum
2717 4322 2806 4392 qui
2836 4337 3064 4391 purpura
3101 4320 3315 4375 indutus
3337 4335 3401 4374 ac
3425 4334 3620 4374 corona
3645 4335 3810 4374 orna-

2241 4423 2324 4470 tus
2348 4415 2688 4484 splendescit,
2722 4415 2914 4469 throno
2949 4415 2999 4468 in
3029 4428 3192 4467 aureo
3219 4411 3429 4467 sedens.

2307 4505 2364 4558 2.
2392 4505 2515 4572 Qui;
2539 4507 2735 4558 demum
2758 4520 2870 4558 vere
2886 4521 2976 4557 rex
2999 4503 3260 4556 dicendus.
3285 4531 3358 4542 —-
3373 4501 3504 4556 Nam
3524 4501 3570 4555 is
3590 4501 3808 4556 demum

2239 4609 2364 4649 vere
2387 4610 2480 4648 rex
2510 4603 2610 4658 est,
2639 4592 2728 4663 qui
2759 4593 2914 4657 iram,
2946 4593 3036 4662 qui
3065 4592 3334 4657 invidiam,
3362 4591 3451 4661 qui
3476 4591 3805 4659 voluptatem

2237 4685 2489 4740 cohibens
2508 4726 2524 4752 ,
2551 4685 2728 4739 omnia
2753 4683 2851 4738 sub
2880 4684 2969 4738 Dei
3011 4684 3124 4753 lege
3159 4684 3286 4752 agit,
3315 4692 3543 4737 mentem
3581 4683 3806 4737 liberam

2237 4790 2494 4839 servans,
2541 4790 2712 4845 neque
2754 4774 2960 4845 patiens
3004 4774 3330 4842 voluptatum
3385 4771 3809 4826 dominationem

2239 4868 2416 4920 animo
2441 4881 2538 4921 suo
2573 4867 2896 4935 imperitare.
2932 4864 3113 4918 Talem
3159 4863 3401 4933 equidem
3429 4878 3606 4932 regem
3634 4863 3808 4918 libens

2236 4957 2471 5014 viderem
2493 4967 2547 5013 et
2570 4967 2748 5023 terrae,
2775 4966 2830 5012 et
2861 4957 3016 5023 mari,
3041 4964 3098 5010 et
3129 4954 3449 5020 civitatibus,
3489 4963 3544 5008 et
3572 4955 3804 5024 populis,

2235 5060 2290 5106 et
2332 5050 2652 5104 exercitibus
2706 5050 2825 5119 jura
2877 5047 3111 5104 dantem.
3162 5046 3411 5115 Quisquis
3454 5044 3593 5100 enim
3637 5046 3805 5098 animi

2234 5139 2507 5195 affectibus
2549 5140 2806 5194 rationem
2849 5139 3156 5207 magistram
3196 5135 3512 5205 prmfecerit,
3552 5134 3597 5187 is
3637 5149 3807 5202 parvo

2233 5230 2517 5284 admodum
2543 5230 2754 5299 negotio
2779 5238 2834 5284 et
2851 5229 3153 5284 hominibus
3179 5243 3282 5283 una
3305 5241 3424 5281 cum
3451 5225 3642 5278 divinis
3668 5225 3806 5294 legi-

2233 5321 2332 5376 bus
2377 5322 2570 5390 prmtlci
2620 5321 2806 5390 possit,
2851 5331 2910 5375 ut
2935 5320 3188 5375 eumdem
3237 5319 3402 5390 patris
3443 5317 3560 5371 loco
3602 5315 3805 5369 subditi

2234 5411 2481 5477 habeant,
2512 5427 2629 5466 cum
2656 5411 2799 5466 omni
2825 5411 3228 5467 mansuetudine
3250 5408 3552 5465 civitatibus
3573 5421 3805 5460 consue-

2233 5504 2426 5559 tudinis
2453 5518 2561 5557 suae
2602 5503 2808 5572 c0piam
2852 5501 3148 5556 facientem.
3187 5499 3288 5567 Qui
3329 5513 3456 5554 vero
3498 5497 3804 5552 hominibus

2233 5597 2494 5661 imperare
2519 5609 2637 5648 cum
2667 5593 2936 5657 videatur,
2964 5594 3058 5647 ira:
3081 5602 3255 5646 tamen
3273 5632 3288 5655 ,
3317 5589 3613 5649 ambitioni,
3644 5590 3804 5641 volu-

2233 5686 2463 5759 ptatibus
2504 5686 2687 5753 servit,
2729 5685 2816 5741 hic
2863 5686 3087 5755 primum
3127 5682 3350 5739 subditis
3391 5681 3500 5735 suis
3545 5679 3804 5735 ridiculus
