4116 6392
439 341 546 398 $89
1213 337 1268 394 S.
1312 336 1596 392 JUANNIS
1631 328 2110 390 CIIRYSOSTOMI
2169 325 2488 383 ARCHIEP.
2527 325 3076 384 CONSTANTINOP.
3757 329 3896 388 590

436 459 571 526 ξειεν
607 459 673 512 ἂν
711 459 820 520 τοῖς
845 456 1187 530 ἀρχομένοις,
1212 456 1294 508 ὅτι
1321 453 1581 522 στέφανον
1632 451 1730 522 μὲν
1763 451 1918 520 φορεῖ
1947 445 2088 500 λιθο-
2197 445 2406 517 ἀνάγκη
2439 447 2530 500 καὶ
2556 447 2740 518 χρυσῷ
2769 446 3223 514 καλλωπίζεσθαι,
3245 447 3520 520 τράπεζάν
3536 467 3595 502 τε
3626 468 3902 523 παρατι-

435 553 686 626 ιιόλλητον
729 556 822 607 καὶ
853 554 1108 626 χρυσοῦν,
1135 551 1452 623 σωφροσύνῃ
1479 551 1535 603 δὲ
1568 551 1667 603 οὐκ
1701 548 2090 618 ἐστεφάνωται,
2194 542 2378 596 θεσθαι
2405 543 2683 614 λαμπρὰν,
2734 545 2828 598 καὶ
2873 544 3109 616 χρῆσθαι
3137 546 3428 614 συσσίτοις,
3457 547 3520 600 εἴ
3537 549 3635 618 μὲν
3669 549 3900 620 ἄφρων

436 656 522 707 καὶ
548 653 822 724 ἁλουργίδι
860 653 956 724 μὲν
977 653 1095 706 ὅλον
1127 651 1189 704 τὸ
1208 651 1366 721 σῶμα
1393 651 1698 720 λάμπεται,
1716 647 1813 719 τὴν
1845 646 1901 698 δέ
1916 645 2094 716 ψυχὴν
2194 638 2300 710 εἴη,
2328 641 2426 711 τῆς
2450 641 2642 694 ἑαυτοῦ
2660 642 2858 705 κακίας
2881 642 3073 708 ἀξίοις.
3098 645 3146 696 εἰ
3165 642 3220 695 δὲ
3236 643 3359 696 νοῦν
3381 644 3494 714 ἔχοι
3523 647 3618 699 καὶ
3647 663 3902 718 σωφρο-

435 750 735 820 ἀκόσμητον
764 749 896 820 ἔχει.
917 751 1142 802 Ἔπειτα
1155 748 1211 800 δὲ
1226 748 1344 801 οὐδέ
1365 749 1510 810 ὅπως
1539 744 1977 816 μεταχειρίσαιτο
1997 743 2094 811 τὴν
2193 738 2330 807 νοίη,
2367 740 2622 808 χρηστοῖς
2667 738 2795 802 ῐσως
2832 739 2928 793 καὶ
2968 739 3232 804 δικαίοις,
3268 741 3402 795 πολὺ
3430 742 3485 795 δὲ
3512 742 3900 813 λειπομένοις

434 843 604 916 ἀρχὴν
633 845 984 915 ἐπιστήσεται
1007 861 1020 873 .
1067 845 1096 896 ὁ
1119 842 1227 913 γὰρ
1257 841 1452 896 ἑαυτοῦ
1493 840 1568 911 μὴ
1604 838 1854 910 δυνηθεὶς
1883 839 2090 909 ἄρχειν,
2135 839 2140 844 ’
2192 834 2290 905 τῆς
2317 834 2536 888 ἐκείνων
2558 835 2776 906 ἀρετῆς.
2796 835 2952 890 Οὐτω
2989 837 3093 891 κᾶν
3137 838 3398 911 φιλοσοφῇ
3440 839 3722 909 βασιλεὺς,
3749 839 3897 893 οὐδὲ

437 943 550 1007 πῶς
583 942 652 997 ἂν
695 943 914 1014 ἐτέρους
953 943 1204 1015 δυνηθείη
1248 941 1596 996 κατευθύνειν
1635 943 1748 1004 τοῖς
1789 940 2003 1010 νόμοις;
2030 940 2093 993 Εἰ
2194 933 2337 986 κατά
2373 933 2566 1005 μικρὸν
2609 934 2776 1003 ἐγγὺς
2808 934 2979 988 ἐλθεῖν
3009 936 3108 1007 τῆς
3142 935 3235 990 τοῦ
3277 939 3598 1008 μονάξοντος
3627 940 3898 993 καλοκα-

2193 1030 2828 1100 γαθίαςδυνήσεται.Καὶ
2861 1032 2968 1104 γὰρ
2996 1036 3052 1087 ἐν
3069 1035 3398 1106 ὁδοιπορίαις
3428 1035 3597 1107 βαρύς
3614 1038 3738 1090 ἐστι
3763 1041 3896 1098 τοῖς

2194 1127 2476 1197 ὑπηκόοις,
2511 1129 2605 1182 καὶ
2638 1128 2794 1183 πόλιν
2841 1129 3026 1196 οἰκῶν,
3053 1132 3147 1185 καὶ
3180 1134 3402 1204 εἰρήνης
3431 1135 3750 1197 ἀπολαύων,
3777 1137 3891 1190 καὶ

2194 1224 2443 1296 πολέμων
2474 1226 2802 1297 ἁπτόμενος,
2856 1227 3055 1299 φόρους
3095 1246 3154 1281 τε
3192 1228 3345 1302 [119]
3379 1233 3885 1303 εἰσπραττόμενος,

2193 1323 2288 1376 καὶ
2322 1322 2705 1394 στρατεύματα
2742 1325 3092 1397 συγκροτῶν,
3128 1328 3221 1380 καὶ
3258 1329 3642 1398 αἰχμαλώτους
3689 1332 3881 1398 ἄγων,

2194 1419 2287 1472 καὶ
2316 1419 2501 1484 νικῶν,
2541 1422 2636 1476 καὶ
2670 1421 3010 1493 ήττώμενοςο
3039 1423 3351 1496 ἡττώμενος
3382 1426 3480 1496 μὲν
3516 1423 3624 1498 γὰρ
3647 1428 3766 1481 τῶν
3795 1432 3882 1482 οῖ-

2193 1517 2359 1572 κείων
2391 1519 2576 1574 κακῶν
2624 1520 3004 1592 ἀναπίμπλησι
3031 1523 3159 1586 τοὺς
3203 1524 3560 1595 ἀρχομένους.
3597 1527 3777 1579 νικῶν
3813 1528 3876 1580 δὲ

2193 1617 2466 1690 ἀφόρητος
2510 1618 2742 1686 γίνεται,
2778 1618 3254 1691 καλλωπιζόμενός
3284 1638 3344 1674 τε
3394 1624 3508 1686 τοῖς
3554 1625 3874 1694 τροπαίοις,

2195 1713 2291 1766 καὶ
2316 1713 2461 1784 μέγα
2487 1715 2718 1786 φρονῶν,
2750 1717 2972 1781 καὶτοῖς
3001 1718 3358 1788 στρατιώταις
3383 1720 3642 1790 παρέχων
3677 1721 3876 1776 ἄδειαν

2197 1810 2487 1882 ἁρπάζειν,
2525 1813 2712 1882 συλᾷν,
2738 1815 2866 1877 τοὺς
2895 1813 3204 1885 ὁδοιπόρους
3230 1815 3454 1878 ἀδικεῖν,
3472 1816 3570 1880 τὰς
3593 1818 3790 1883 πόλεις
3817 1823 3875 1873 ἐν

2195 1910 2262 1979 τῇ
2293 1908 2534 1980 καθέδρᾳ
2556 1909 2882 1980 πολιορκεῖν,
2905 1910 3006 1974 τάς
3021 1910 3128 1964 τῶν
3145 1913 3389 1984 πενήτων
3412 1914 3633 1986 πορθεῖν
3663 1918 3871 1981 οἰκίας,

2195 2007 2323 2069 τοὺς
2347 2006 2779 2080 ὑποδεξαμένους
2799 2009 3220 2081 εἰσπράττεσθαι
3244 2011 3365 2066 καθ’
3382 2013 3618 2085 ἑκάστην
3648 2016 3874 2086 ἡμέραν

2197 2103 2233 2159 ά
2261 2105 2450 2177 μηδεὶς
2469 2107 2750 2179 ἐπιτρέπει
2794 2109 2976 2178 νόμος,
3003 2109 3093 2162 ἐπὶ
3119 2109 3386 2182 προφάσει
3411 2112 3551 2175 τινὸς
3585 2113 3750 2178 ἔθους
3781 2119 3875 2184 ἀρ-

2197 2203 2350 2275 χαίου
2381 2205 2698 2276 παρανόμου
2737 2223 2797 2259 τε
2853 2207 2946 2260 καὶ
2989 2208 3196 2263 ἀδίκου.
3221 2209 3330 2262 Kal
3359 2209 3450 2263 τὸν
3485 2211 3582 2280 μὲν
3609 2213 3872 2267 πλούσιον

2199 2300 2430 2371 ἔϐλαψεν
2460 2303 2614 2356 οὐδὲν
2640 2306 2668 2357 6
2699 2303 2949 2374 βασιλεὺς
2967 2307 3078 2368 τοῖς
3108 2306 3372 2370 τοιούτοις
3395 2310 3604 2370 κακοῖς,
3638 2309 3741 2378 τὴν
3779 2329 3875 2363 πε-

433 1041 488 1095 δέ
514 1040 693 1112 βούλει
714 1040 815 1093 καὶ
841 1040 932 1093 τὸν
975 1039 1209 1111 πόλεμον
1245 1039 1523 1109 ἑκατέρων
1549 1039 1696 1096 ἰδεῖν.
1723 1037 1975 1107 εὑρήσεις
2003 1034 2094 1088 τὸν

437 1138 535 1210 μὲν
570 1136 786 1208 δαίμοσι
813 1137 1131 1208 ’μαχόμενον
1157 1137 1251 1190 καὶ
1279 1135 1582 1207 κρατοῦντα
1620 1134 1714 1188 καὶ
1738 1132 1972 1186 νικῶντα
1999 1131 2094 1186 καὶ

435 1235 538 1289 ὑπὸ
557 1235 651 1290 τοῦ
683 1234 920 1306 Χριστοῦ
958 1234 1384 1306 στεφανούμενον
1409 1250 1422 1262 ⁸
1464 1233 1603 1306 μετά
1643 1233 1749 1303 γὰρ
1797 1233 1896 1300 τῆς
1945 1228 2094 1292 θείας

434 1331 608 1404 ῥοπῆς
636 1332 729 1384 ἐπὶ
748 1330 840 1384 τὸν
862 1330 1097 1402 πόλεμον
1141 1331 1380 1402 ἔρχεται,
1408 1329 1680 1401 οὐρανίοις
1706 1325 2093 1397 πεφραγμένος

432 1426 635 1490 ὅπλοις,
677 1425 818 1478 ὥστε
862 1426 1072 1497 ἀνάγκη
1106 1425 1295 1479 τούτου
1328 1424 1580 1492 γενέσθαι
1608 1421 1760 1494 [118]
1785 1421 1846 1474 τὸ
1869 1420 2088 1492 κράτος·

431 1523 520 1578 τὸν
537 1523 594 1577 δέ
611 1522 834 1594 βασιλέα
865 1522 1163 1596 βαρϐάροις
1195 1522 1524 1594 μαχόμενον.
1557 1522 1704 1591 ’Όσῳ
1747 1519 1805 1573 δέ
1846 1517 1954 1572 τῶν
1996 1519 2092 1572 άν-

432 1622 460 1675 θ
469 1622 664 1694 ρώπων
701 1624 750 1676 οἰ
789 1622 1041 1694 δαίμονες
1057 1620 1440 1692 φοϐερώτεροι,
1465 1619 1700 1689 τοσούτῳ
1720 1616 2094 1688 λαμπρότερος

431 1719 459 1771 6
487 1717 690 1772 τούτων
724 1718 940 1790 κρατῶν
971 1717 1066 1771 τοῦ
1107 1717 1366 1780 νικῶντος
1400 1715 1661 1778 ἐκείνους.
1692 1715 1755 1767 Εἰ
1785 1713 1841 1766 δέ
1873 1713 1968 1766 καὶ
1995 1712 2092 1782 τὴν

431 1814 610 1867 αἰτίαν
631 1815 789 1869 ἐκατέ
799 1832 892 1886 ρου
914 1813 1147 1884 πολέμου
1161 1813 1495 1884 καταμαθεῖν
1517 1811 1852 1882 βουληθείης,
1876 1809 2008 1862 πολὺ
2034 1809 2096 1862 τὸ

430 1911 530 1963 οὐκ
561 1911 675 1964 ἴσον
703 1923 728 1952 α
758 1911 1031 1982 εὑρήσεις.
1063 1911 1120 1964 Ὁ
1144 1910 1242 1981 μέν
1265 1909 1372 1981 γὰρ
1397 1909 1536 1980 ὑπὲρ
1565 1906 1846 1970 εὐσεϐείας
1873 1907 1968 1960 καὶ
1998 1905 2096 1976 τῆς

436 2005 532 2060 τοῦ
566 2005 700 2058 Θεοῦ
720 2006 973 2077 λατρείας
999 2006 1223 2077 πολεμεῖ
1244 2007 1354 2069 τοῖς
1377 2004 1642 2074 δαίμοσιν,
1669 2003 1702 2075 ἢ
1724 2003 1906 2065 πόλεις
1937 2001 1968 2072 ἢ
1995 1999 2096 2054 κώ-

436 2117 542 2171 μας
572 2103 634 2154 ἐκ
659 2101 757 2171 τῆς
774 2101 980 2171 πλάνης
1012 2098 1316 2171 ἐξαρπάσαι
1347 2099 1547 2152 ποθῶν·
1566 2099 1594 2151 6
1621 2099 1676 2152 δὲ
1710 2097 1939 2168 μάχεται
1971 2093 2097 2167 βαρ-

433 2196 622 2268 ϐάροις
653 2198 794 2268 ὑπὲρ
817 2199 994 2252 τόπων
1023 2197 1056 2269 ἢ
1089 2197 1276 2269 δρωνῆ
1304 2195 1602 2269 χρημάτων
1635 2192 2042 2266 άρπασθέντων,
2060 2190 2095 2262 ἢ

434 2291 746 2360 πλεονεξίας
770 2295 864 2346 καὶ
888 2291 1087 2364 ἔρωτος
1110 2293 1284 2364 ἀρχῆς
1318 2292 1504 2346 ἀδίκου
1545 2288 1971 2362 παρακαλούσης
2003 2287 2098 2341 ἐπὶ

433 2387 531 2459 τὴν
564 2388 744 2459 μάχην
764 2404 778 2419 ο
802 2386 929 2441 ἔνθα
955 2387 1019 2459 δὴ
1047 2387 1234 2441 πολλοὶ
1269 2386 1527 2450 πολλάκις
1546 2385 1803 2456 βασιλεῖς,
1837 2383 1945 2437 τῶν
1976 2399 2099 2454 μει-

390 2541 394 2545 _
435 2482 605 2547 ζόνων
641 2482 1093 2554 ἐπιθυμήσαντες,
1127 2484 1222 2537 καὶ
1254 2483 1322 2536 τά
1362 2483 1606 2554 παρόντα
1644 2478 2094 2553 προσαπώλεσαν.

447 2577 510 2630 Ἡ
537 2577 640 2645 μὲν
662 2573 755 2630 οὖν
781 2577 924 2649 ἀρχὴ
953 2578 1045 2631 καί⁹
1063 2579 1112 2630 οἰ
1143 2577 1366 2648 πόλεμοι
1387 2576 1640 2631 τοσοῦτον
1659 2575 1901 2647 ἀλλήλων
1921 2571 2100 2642 διαφέ-

430 2693 630 2748 ροντας
653 2675 860 2741 ἔδειξαν
885 2676 980 2730 τόν
1015 2693 1075 2730 τε
1105 2675 1349 2747 βασιλέα,
1398 2676 1493 2729 καὶ
1526 2675 1617 2728 τὸν
1641 2672 2011 2728 ἐσπουδακότα
2031 2672 2097 2740 τῇ

433 2771 530 2824 τοῦ
552 2770 686 2825 Θεοῦ
720 2771 945 2844 λατρεία
965 2773 1154 2844 συζῇνο
1179 2772 1333 2843 γνοίη
1359 2771 1405 2824 δ’
1426 2765 1490 2826 ἄν
1522 2787 1606 2834 τις
1623 2769 1816 2833 αὐτοὺς
1835 2767 2097 2841 ἀκριϐῶς,

434 2869 528 2922 τὸν
547 2868 660 2940 βίον
675 2869 935 2941 ἐκατέρου
950 2867 1171 2933 καὶτὰς
1199 2869 1425 2939 πράξεις
1442 2867 1538 2932 τὰς
1562 2867 1691 2939 παρ’
1723 2865 1933 2937 ἡμέραν
1971 2880 2099 2917 σκο-

438 2965 579 3018 πῶν.
595 2964 759 3037 Εὐροι
775 2965 882 3036 γάρ
920 2964 987 3019 ἂν
1011 2964 1087 3028 ὡς
1109 2965 1323 3036 ἀληθῶς
1341 2964 1432 3018 τὸν
1461 2964 1558 3034 μὲν
1583 2962 1870 3034 ὁμιλοῦντα
1892 2961 2102 3031 προφή-

437 3077 580 3128 ταις,
608 3062 702 3115 καὶ
717 3065 784 3134 τῇ
812 3060 906 3116 τοῦ
930 3061 1140 3115 Παύλου
1163 3062 1322 3132 σοφίᾳ
1337 3060 1433 3132 τὴν
1461 3059 1638 3132 ψυχὴν
1673 3059 2097 3124 καλλωπίζοντα,

438 3159 532 3210 καὶ
561 3157 953 3229 μεταπηδῶντα
983 3159 1217 3229 συνεχῶς
1245 3157 1354 3211 ἀπὸ
1383 3156 1479 3228 μὲν
1502 3156 1744 3220 Μωσέως
1770 3156 1905 3229 πρὸς
1938 3155 2101 3208 Ἦσα-

432 3256 547 3317 ἲαν,
579 3256 686 3309 ἀπὸ
722 3256 780 3310 δέ
813 3255 1004 3310 τούτου
1049 3257 1184 3328 πρὸς
1221 3256 1492 3327 Ἰωάννην,
1525 3255 1631 3308 ἀπὸ
1658 3255 1715 3308 δέ
1749 3254 1939 3308 τούτου
1964 3253 2102 3326 πρὸς

438 3351 645 3425 ἕτερον·
675 3351 1014 3423 τὸνβασιλέα
1033 3353 1088 3406 δὲ
1111 3351 1346 3423 συνεχῶς
1367 3350 1656 3422 ὁμιλοῦντα
1683 3349 1991 3424 ταξιάρχοις
2011 3354 2102 3406 καὶ

439 3449 704 3522 ὑπάρχοις
757 3450 852 3503 καὶ
883 3449 1230 3520 δορυφόροις·
1261 3445 1343 3513 οἷς
1391 3449 1449 3502 δέ
1491 3465 1577 3512 τις
1622 3448 1799 3519 ὁμιλεῖ
1840 3448 2098 3520 συνεχῶς,

440 3543 650 3607 τούτοις
697 3544 1055 3614 άφομοιοῦται
1099 3543 1162 3597 τὸ
1204 3540 1351 3614 ἦθος.
1403 3543 1612 3596 Οὐκοῦν
1650 3545 1678 3596 ὁ
1723 3543 1820 3613 μὲν
1856 3543 2102 3614 μονάζων

441 3640 578 3712 πρὸς
612 3641 681 3695 τά
703 3640 809 3693 τῶν
839 3640 1152 3694 ἀποστόλων
1172 3641 1265 3694 καῖ⁹
1302 3640 1596 3712 προφητῶν
1628 3640 1737 3711 νήθη
1770 3640 2102 3695 ἐκτυποῦται

439 3737 540 3808 τὴν
569 3735 812 3809 γνώμην,
849 3739 888 3789 ὁ
908 3736 1242 3806 δὲ’βασιλεὺς
1265 3736 1402 3808 πρὸς
1433 3736 1502 3790 τὰ
1532 3737 1639 3791 τῶν
1664 3737 1984 3809 στρατηγῶν
2009 3738 2104 3791 καὶ

439 3833 754 3906 δορυφόρων
777 3836 871 3890 καί
889 3835 1268 3899 ὑπασπιστῶν,
1280 3834 1579 3906 ἀνθρώπων
1595 3835 1724 3906 οἴνῳ
1744 3835 2103 3890 δουλευόντων

442 3930 533 3981 καὶ
569 3930 781 4000 ἡδοναῖς
810 3929 1204 4002 χαριζομένων,
1227 3931 1319 3988 καὶ
1348 3932 1407 3985 τὸ
1433 3931 1592 3985 πλέον
1618 3932 1719 4002 τῆς
1754 3932 1969 4004 ήμέρας
1989 3932 2103 3986 δια-

439 4023 734 4096 τριϐόντων
764 4027 821 4080 ἐν
850 4027 1018 4098 πότῳ,
1058 4027 1212 4080 οὐδὲν
1242 4028 1455 4100 καίριον
1481 4027 1514 4097 ἢ
1541 4027 1702 4081 καλὸν
1734 4027 1822 4081 διὰ
1845 4029 1934 4082 τὸν
1961 4025 2103 4082 οἶνον

441 4121 836 4192 ἐπισταμένων.
877 4123 1059 4189 Οῦτως
1084 4124 1190 4196 ἄρα
1222 4126 1315 4178 καὶ
1337 4123 1426 4178 διά
1448 4123 1603 4178 τοῦτο
1629 4124 1718 4179 τὸν
1751 4126 1958 4197 μονήρη
1990 4125 2102 4196 βίον

441 4219 711 4289 προσήκει
731 4221 1052 4292 μακαρίζειν
1086 4221 1285 4292 μᾶλλον
1312 4221 1346 4292 ἢ
1368 4221 1459 4275 τὸν
1479 4223 1536 4275 ἐν
1568 4221 1854 4294 δυναστεία
1881 4221 1976 4276 καὶ
2004 4222 2100 4294 βα-

445 4313 618 4386 σιλεία
640 4315 731 4368 καὶ
766 4317 1082 4388 σκήπτροις.

511 4416 584 4478 γ’.
616 4411 681 4463 Εἰ
715 4411 772 4464 δέ
801 4413 895 4466 καὶ
934 4413 1035 4483 τῆς
1056 4415 1247 4479 νυκτὸς
1273 4414 1364 4468 τὸν
1385 4415 1575 4487 χρόνον
1602 4413 1872 4480 ἐξετάζειν
1909 4414 2102 4487 βουλη-

443 4505 687 4578 θείημεν,
736 4507 829 4562 τὸν
855 4511 1086 4581 μοναχὸν
1117 4512 1214 4582 μὲν
1231 4509 1474 4583 ὀψόμεθα
1499 4513 1564 4582 τῇ
1594 4509 1686 4564 τοῦ
1715 4509 1849 4565 Θεοῦ
1877 4511 2102 4582 λατρεία

441 4606 536 4658 καὶ
553 4608 671 4670 ταῖς
696 4606 885 4677 εὐχαῖς
907 4608 1298 4679 κοσμούμενον,
1331 4608 1465 4661 πολὺ
1487 4608 1747 4680 πρότερον
1768 4608 1962 4680 ᾄδοντα
1993 4607 2101 4662 τῶν

440 4701 687 4774 ὀρνίθων,
721 4703 971 4773 ἀγγέλοις
995 4704 1436 4774 συμϐιοτεύοντα,
1455 4704 1573 4776 Θεῷ
1595 4704 1974 4772 συλλαλοῦντα,
1991 4705 2100 4760 τῶν

440 4798 708 4868 οὐρανίων
734 4800 955 4869 ἀγαθῶν
1002 4801 1374 4855 ἀπολαύονταο
1403 4802 1494 4855 τὸν
1550 4802 1607 4855 δὲ
1645 4801 1858 4864 πολλοῖς
1893 4801 2101 4856 ἔθνεσιν

440 4893 780 4965 ἐφεστηκότα
808 4897 901 4950 καὶ
915 4897 1107 4969 δήμοις
1123 4899 1218 4953 καὶ
1244 4898 1643 4972 στρατοπέδοις,
1672 4903 1766 4955 καὶ
1784 4901 1983 4972 πολλῆς
2001 4901 2100 4972 μὲν

437 4991 564 5061 γῆς,
589 4992 792 5063 πολλῆς
813 4993 868 5046 δὲ
896 4994 1133 5066 ἄρχοντα
1147 4995 1437 5067 θαλάττης,
1471 4996 1563 5048 ἐπὶ
1588 4997 1687 5068 τῆς
1701 4996 1888 5068 κλίνης
1907 4997 2102 5052 ἀνατε-

437 5090 674 5159 ταμένον
719 5090 815 5146 καὶ
853 5091 1136 5162 ῥέγχοντα.
1176 5093 1288 5146 Καὶ
1318 5093 1524 5156 ἐκεῖνος
1556 5093 1652 5163 μὲν
1691 5092 1798 5164 γὰρ
1825 5094 2100 5158 τοσούτοις

437 5185 693 5258 τρέφεται
744 5187 950 5253 σιτίοις,
979 5189 1080 5241 ὅσα
1119 5189 1221 5242 οὐκ
1259 5188 1325 5242 ἂν
1365 5189 1688 5260 ἀπαιτήσειε
1737 5189 1828 5242 τὸν
1866 5191 2100 5261 μοναχὸν

439 5281 606 5334 ὑπνον
634 5280 800 5351 βαθύν
818 5298 832 5312 ⁸
856 5281 948 5336 τὸν
973 5283 1031 5336 δέ
1067 5285 1102 5355 ἡ
1143 5284 1321 5357 τρυφὴ
1354 5283 1732 5355 κατακοιμίζει
1773 5287 1911 5339 καὶὸ
1938 5286 2098 5349 πότος

442 5377 635 5448 μέχρις
653 5378 866 5449 ἡμέρας
881 5379 1053 5449 αὐτῆς
1085 5381 1143 5434 ἐν
1167 5382 1232 5452 τῇ
1269 5379 1426 5454 κλίνῃ
1461 5381 1725 5450 κατέχων.
1745 5380 1901 5434 Ἐστι
1920 5381 2098 5436 τοίνυν

433 5476 514 5547 τῷ
528 5476 624 5547 μὲν
646 5475 862 5547 μοναχῷ
875 5478 968 5530 καὶ
982 5479 1260 5550 ἀμπεχόνη
1274 5479 1366 5532 καὶ
1378 5477 1622 5549 τράπεζα
1640 5477 1852 5548 μετρία,
1866 5485 1960 5531 καὶ
1978 5478 2039 5530 σύ
2048 5495 2098 5530 σ-

436 5593 574 5631 σιτοι
589 5577 690 5648 τῆς
715 5576 883 5648 αὐτῆς
903 5576 1101 5648 ἀρετῆς
1127 5576 1382 5649 ἀθληταίο
1405 5576 1496 5630 τὸν
1513 5575 1735 5647 βασιλέα
1758 5576 1814 5630 δὲ
1847 5575 2018 5640 λίθοις
2035 5593 2095 5628 τε

496 5757 522 5785 ³
540 5753 685 5806 Coisl.
710 5755 775 5830 τὸ.
803 5755 979 5830 timor.
1009 5755 1122 5830 sax.
1141 5755 1269 5830 παρὰ
1289 5755 1409 5830 πολύ
1428 5755 1516 5830 οὐχ
1548 5756 1759 5830 εὑρήσεις
1776 5754 1834 5830 τὸ
1854 5754 1980 5830 ἴσον,
2005 5765 2092 5825 ρο,

436 5817 548 5864 dom
569 5831 730 5864 sum].
759 5818 880 5865 Infra
909 5817 1054 5867 Coisl.
1080 5816 1286 5878 δαίμοσι·
1315 5819 1394 5863 καὶ
1431 5816 1588 5872 πόλεις
1605 5816 1861 5870 ’σπουδάζει
1893 5816 1974 5862 καὶ
1992 5817 2092 5862 κώ-

437 5895 525 5940 ,ιας
544 5879 620 5927 καὶ
641 5879 790 5941 ψυχὰς
811 5879 1094 5942 ἀνθρωπίνας
1126 5879 1178 5926 ἐκ
1194 5880 1288 5925 τῶν
1312 5885 1394 5936 τῆς
1414 5880 1492 5925 πλ.
1522 5879 1583 5934 ἐξ.
1609 5879 1784 5927 παθῶν.

2199 2398 2316 2452 νίαν
2347 2400 2404 2454 δὲ
2434 2401 2935 2474 ἐκάκωσεν,ῶσπερ
2980 2403 3054 2464 ὼς
3084 2401 3300 2472 άληθῶς
3334 2405 3724 2475 αἰσχυνόμενος
3742 2410 3876 2470 τοὺς

2199 2500 2483 2572 εὐπόρους.
2511 2500 2586 2553 Οὐ
2617 2499 2771 2570 μὴνμὸ
2795 2516 2858 2567 γε
2882 2501 3112 2570 μοναχὸς
3140 2499 3334 2566 οὕτως,
3360 2501 3599 2572 ἀλλ’ἆμα
3612 2521 3670 2555 τε
3682 2502 3874 2573 ὤφθη.

2199 2597 2293 2651 καί
2325 2596 2591 2651 πλουσίων
2616 2596 2709 2650 καὶ
2742 2597 2986 2668 πενήτων
3019 2597 3178 2667 χάριν
3197 2597 3317 2651 τινὰ
3341 2598 3580 2668 κομίζων
3603 2595 3738 2670 ἦλθε
3777 2602 3878 2653 καὶ

2198 2695 2410 2760 τούτοις
2433 2695 2704 2758 κάκείνοις
2720 2694 2944 2766 ὁμοίως.
2969 2695 3170 2766 ίματίῳ
3215 2695 3316 2766 μὲν
3345 2696 3424 2748 ἐνὶ
3445 2697 3511 2749 δι’
3542 2696 3695 2760 ἔτους
3724 2700 3879 2769 χρώ-

2204 2809 2382 2863 μενος,
2409 2792 2551 2864 ὕδωρ
2575 2791 2632 2846 δέ
2661 2793 2832 2846 πίνων
2877 2790 3049 2862 ἥδιον,
3078 2792 3110 2864 ἢ
3141 2791 3450 2862 θαυμαστὸν
3487 2787 3628 2846 οἶνον
3662 2795 3872 2862 ἕτεροι·

2200 2890 2341 2962 ὐπέρ
2377 2889 2570 2944 ἐαυτοῦ
2600 2890 2698 2961 μὲν
2729 2888 3007 2961 οὐδεμίαν,
3037 2887 3159 2943 οὐτε
3180 2889 3400 2962 μικράν,
3427 2889 3546 2943 οὐτε
3579 2892 3752 2962 μείζω
3775 2895 3877 2962 χά-

2205 3006 2290 3059 ριν
2319 2989 2470 3060 παρὰ
2501 2989 2610 3043 τῶν
2649 2988 2921 3042 πλουσίων
2955 2987 3144 3050 αἰτῶν,
3193 2987 3333 3059 ὑπὲρ
3369 2987 3425 3040 δὲ
3467 2987 3576 3041 τῶν
3605 2991 3664 3041 ἐν
3691 2991 3876 3061 ἐνδείᾳ

2201 3086 2402 3150 πολλάς
2433 3103 2494 3139 τε
2552 3087 2646 3140 καὶ
2679 3087 2940 3156 συνεχεῖς,
2964 3085 3292 3156 ἀμφοτέροις
3314 3084 3718 3151 λυσιτελούσας,
3756 3091 3874 3151 τοῖς

2200 3200 2260 3236 τε
2305 3183 2625 3254 παρέχουσι,
2651 3181 2746 3235 καὶ
2769 3183 2882 3244 τοῖς
2901 3181 3221 3252 κομίζεσθαι
3247 3179 3546 3252 μέλλουσιν.
3582 3181 3741 3236 Ούτω
3764 3201 3876 3237 κοι-

2201 3281 2291 3344 νός
2312 3282 2458 3334 ἐστιν
2485 3279 2666 3350 ἰατρὸς
2693 3277 2786 3332 καὶ
2815 3277 3084 3331 πλουσίων
3108 3277 3203 3330 καὶ
3224 3277 3473 3347 πενήτων
3500 3277 3724 3348 ὁμοίως.
3740 3281 3875 3346 τοὺς

2206 3379 2301 3449 μὲν
2322 3376 2732 3447 ἁμαρτημάτων
2757 3373 3056 3446 ἐλευθερῶν
3085 3373 3173 3428 διά
3198 3374 3297 3444 τῆς
3321 3373 3529 3445 ἀγαθῆς
3561 3375 3876 3442 νουθεσίας,

2202 3477 2313 3539 τοῖς
2334 3475 2390 3528 δὲ
2424 3474 2566 3527 λύων
2592 3471 2688 3544 τὴν
2745 3471 2972 3526 ἔνδειαν.
3024 3471 3287 3535 Βασιλεὺς
3311 3471 3370 3525 δὲ
3391 3473 3490 3533 τάς
3515 3489 3576 3524 τε
3607 3475 3880 3546 εἰσφορὰς

2203 3571 2537 3644 κουφοτέρας
2552 3567 2687 3626 εἶναι
2709 3569 3105 3636 κελεύων,τοὺς
3129 3568 3418 3633 πλουσίους
3437 3569 3657 3639 μᾶλλον,
3705 3573 3739 3642 ἢ
3775 3575 3880 3644 τὴν

2203 3673 2392 3728 πενίαν
2419 3672 2700 3743 ὠφέλησε*
2741 3670 2834 3724 καί⁵
2856 3668 2926 3723 τὰ
2956 3667 3172 3722 ἐναντία
3202 3666 3391 3732 ποιῶν,
3415 3667 3541 3730 τούς
3573 3669 3749 3740 μικρά
3778 3688 3881 3723 κε-

2204 3769 2506 3841 κτημένους
2529 3767 2747 3838 ἔϐλαψε.
2783 3767 2886 3819 Τὸν
2921 3764 3018 3836 μὲν
3040 3765 3148 3835 γὰρ
3163 3762 3418 3816 πλούσιον
3442 3764 3598 3832 όλίγα
3633 3765 3703 3818 ἂν
3742 3767 3877 3836 βλά-

2202 3867 2352 3937 ψειεν
2391 3868 2424 3938 ή
2455 3865 2762 3936 χαλεπότης
2799 3864 2908 3917 τῶν
2948 3863 3238 3933 εἰσφορῶν,
3268 3860 3368 3925 τὰς
3393 3861 3450 3915 δὲ
3472 3861 3581 3914 τῶν
3619 3865 3879 3933 πενήτων

2202 3965 2377 4028 οἰκίας
2405 3963 2553 4017 ὥσπε
2561 3981 2593 4034 ρ
2610 3963 2942 4034 χειμάρρους
2955 3959 3281 4032 παρασύρει,
3303 3960 3547 4031 οἰμωγῆς
3566 3961 3880 4030 πιμπλῶσα

2201 4064 2298 4128 τὰς
2317 4063 2527 4135 κώμας,
2547 4063 2640 4117 καὶ
2656 4061 2778 4116 οὐτε
2798 4061 2976 4134 γῆρας
2995 4061 3227 4116 ἐλεεινὸν
3238 4062 3354 4125 τοῖς
3385 4062 3684 4132 εἰσπραττο
3691 4064 3825 4134 μένο
3834 4082 3880 4127 ις

2201 4165 2328 4228 τοὺς
2369 4163 2586 4234 φόρους,
2623 4161 2746 4216 οὐτε
2777 4161 2974 4233 χηρεία
2997 4160 3290 4230 γυναικῶν,
3323 4161 3423 4214 οὐκ
3451 4162 3694 4230 ὀρφανία
3745 4164 3878 4215 παί-

2104 4329 2109 4336 ,
2201 4261 2488 4327 δων,ἀλλά
2523 4259 2842 4332 κωμάζουσι
2884 4257 3064 4312 πάντα
3117 4257 3209 4312 τὸν
3245 4258 3457 4329 χρόνον,
3505 4260 3676 4313 κοινοί
3729 4280 3880 4326 τινες

2108 4368 2111 4388 τ
2203 4360 2452 4431 πολέμιοι
2479 4359 2580 4429 τῆς
2608 4356 2812 4428 χώρας,
2843 4357 2986 4427 άπερ
3041 4356 3142 4408 οὐκ
3184 4355 3473 4427 ἐξήνεγκεν
3510 4358 3542 4427 ἡ
3574 4359 3667 4428 γῆ.
3698 4361 3879 4416 ταῦτα

2203 4459 2328 4522 τοὺς
2354 4455 2634 4528 γεωργοὺς
2657 4455 3126 4526 εἰσπραττόμενοι.

2271 4594 2333 4648 δ’.
2353 4593 2489 4663 Φέρε
2506 4591 2569 4662 δὴ
2579 4592 2799 4644 κάκεῖνο
2816 4589 3177 4660 ἐξετάσωμεν,
3196 4587 3251 4642 τί
3279 4587 3377 4660 μὲν
3408 4592 3436 4644 ὁ
3474 4591 3792 4662 μοναχὸς,τί
3815 4594 3872 4646 δὲ

2201 4690 2230 4742 6
2261 4689 2509 4760 βασιλεὺς
2556 4691 2668 4753 τοῖς
2695 4687 2956 4760 ὑπηκόοις
2982 4685 3286 4758 χαρίζεται.
3327 4689 3534 4742 Οὐκοῦν
3557 4689 3586 4741 ὁ
3615 4691 3714 4756 μὲν
3744 4708 3873 4760 χρυ.

2203 4785 2314 4850 σὸν,
2337 4785 2757 4854 ὁδέπνεύματος
2783 4783 2940 4853 χάριν
2959 4799 2973 4813 ο
3003 4783 3096 4836 καὶ
3129 4782 3159 4835 6
3189 4783 3290 4852 μὲν
3316 4783 3469 4836 ἔλυσε
3499 4784 3713 4845 πενίαν,
3742 4786 3871 4837 ὅταν

2156 4884 2172 4900 ’
2269 4885 2520 4960 χρηστὸς,
2554 4888 2582 4939 ὁ
2607 4885 2664 4938 δὲ
2688 4886 2716 4926 δ
2747 4884 2926 4955 ψυχὰς
2971 4884 3410 4957 τυραννουμένας
3445 4886 3549 4939 ὑπὸ
3594 4887 3869 4958 δαιμόνων

2198 4987 2540 5058 ἠλευθέρωσε
2559 4987 2678 5050 ταῖς
2700 4988 3046 5057 προσευχαῖς.
3086 4987 3207 5038 Κᾶν
3230 4985 3407 5057 συμϐῇ
3438 5004 3559 5040 τινα
3586 4988 3869 5052 τοιαύταις

2201 5089 2554 5162 χειμάζεσθαι
2575 5086 3004 5159 συμφοραῖς,τὺν
3023 5086 3249 5158 βασιλέα
3266 5088 3362 5158 μὲν
3377 5087 3565 5159 ὥσπερ
3587 5090 3655 5142 τά
3680 5090 3867 5160 ἀψυχα

2201 5195 2555 5267 παρέρχεται,
2574 5194 2665 5246 ἐπὶ
2686 5192 2741 5245 δὲ
2773 5191 2873 5262 τὴν
2903 5191 3010 5245 τῶν
3038 5191 3284 5261 μοναχῶν
3305 5190 3478 5244 οἰκίαν
3505 5192 3863 5262 καταφεύγει,

2199 5297 2388 5370 ὥσπερ
2413 5299 2441 5352 ὁ
2460 5297 2621 5350 λύκον
2643 5294 2984 5365 ὑποφεύγων,
2999 5295 3357 5365 καταφεύγων
3375 5295 3431 5349 δὲ
3459 5296 3546 5349 ἐπ’
3568 5297 3743 5369 ἄνδρα
3770 5300 3867 5370 θη-

2201 5402 2394 5474 ρευτὴν
2419 5401 2570 5472 ξίφος
2595 5403 2652 5454 ἐν
2684 5402 2748 5471 τῇ
2783 5400 2927 5470 χειρὶ
2954 5398 3205 5471 φέροντα·
3230 5400 3366 5470 ὅπερ
3391 5399 3498 5469 γὰρ
3521 5399 3597 5469 τῷ
3621 5399 3862 5472 θηρευτῇ

2197 5504 2368 5574 ξίφος,
2391 5503 2548 5558 τοῦτο
2565 5502 2839 5574 προσευχὴ
2867 5501 2945 5571 τῷ
2977 5499 3280 5571 μονάζοντι.
3313 5498 3389 5555 Οὐ
3414 5499 3521 5572 γὰρ
3545 5500 3686 5554 οὕτω
3703 5503 3863 5572 φοϐε-

2197 5605 2288 5673 ρὸν
2314 5609 2424 5670 τοῖς
2449 5604 2632 5668 λύκοις
2663 5603 2724 5658 τὸ
2765 5603 2935 5671 ξίφος,
2953 5602 3028 5666 ὡς
3060 5605 3171 5665 τοῖς
3196 5603 3441 5673 δαίμοσιν
3474 5604 3528 5656 αξ
3559 5619 3728 5655 guno.-
3767 5602 3854 5636 ..ι-ε

2259 5868 2286 5908 δ
2312 5868 2508 5921 Coislin.
2535 5867 2646 5914 ὅταν
2668 5867 2766 5930 δῴη
2791 5866 2981 5928 χρυσόν·
3007 5867 3032 5913 ὁ
3053 5865 3104 5914 δέ
