  <div class='ocr_page' id='page_1' title='image "/cluster/home/n/w/nwhite01/storage/ocr_20150623/47/nnc1.0046978321/350.png"; bbox 0 0 4116 6392; ppageno 0'>
   <div class='ocr_carea' id='block_1_1' title="bbox 375 378 511 431">
    <p class='ocr_par' dir='ltr' id='par_1_1' title="bbox 375 378 511 431">
     <span class='ocr_line' id='line_1_1' title="bbox 375 378 511 431; baseline 0 0"><span class='ocrx_word' id='word_1_1' title='bbox 375 378 511 431; x_wconf 58' lang='grc' dir='ltr'><strong>3ἳ9ν</strong></span> 
     </span>
    </p>
   </div>
   <div class='ocr_carea' id='block_1_2' title="bbox 376 485 1945 557">
    <p class='ocr_par' dir='ltr' id='par_1_2' title="bbox 376 485 1945 557">
     <span class='ocr_line' id='line_1_2' title="bbox 376 485 1945 557; baseline 0.001 -20"><span class='ocrx_word' id='word_1_2' title='bbox 376 486 541 541; x_wconf 88' lang='lat' dir='ltr'><strong>videri</strong></span> <span class='ocrx_word' id='word_1_3' title='bbox 568 486 733 555; x_wconf 94' lang='lat' dir='ltr'><strong>possit</strong></span> <span class='ocrx_word' id='word_1_4' title='bbox 760 485 863 541; x_wconf 89' lang='lat' dir='ltr'><strong>hoc</strong></span> <span class='ocrx_word' id='word_1_5' title='bbox 905 487 1041 556; x_wconf 91' lang='lat' dir='ltr'><strong>ipso,</strong></span> <span class='ocrx_word' id='word_1_6' title='bbox 1082 485 1221 556; x_wconf 92' lang='lat' dir='ltr'><strong>quod</strong></span> <span class='ocrx_word' id='word_1_7' title='bbox 1249 500 1499 540; x_wconf 85' lang='lat' dir='ltr'><strong>coronam</strong></span> <span class='ocrx_word' id='word_1_8' title='bbox 1526 486 1739 557; x_wconf 85' lang='lat' dir='ltr'><strong>quidem</strong></span> <span class='ocrx_word' id='word_1_9' title='bbox 1775 494 1945 556; x_wconf 90' lang='lat' dir='ltr'><strong>gestat</strong></span> 
     </span>
    </p>
   </div>
   <div class='ocr_carea' id='block_1_3' title="bbox 374 580 1945 650">
    <p class='ocr_par' dir='ltr' id='par_1_3' title="bbox 374 580 1945 650">
     <span class='ocr_line' id='line_1_3' title="bbox 374 580 1945 650; baseline -0.001 -15"><span class='ocrx_word' id='word_1_10' title='bbox 374 584 598 650; x_wconf 89' lang='lat' dir='ltr'><strong>gemmis</strong></span> <span class='ocrx_word' id='word_1_11' title='bbox 642 582 999 645; x_wconf 76' lang='lat' dir='ltr'><strong>intertextam,</strong></span> <span class='ocrx_word' id='word_1_12' title='bbox 1042 591 1094 635; x_wconf 92' lang='lat' dir='ltr'><strong>et</strong></span> <span class='ocrx_word' id='word_1_13' title='bbox 1136 596 1372 644; x_wconf 89' lang='lat' dir='ltr'><strong>auream,</strong></span> <span class='ocrx_word' id='word_1_14' title='bbox 1414 580 1775 649; x_wconf 53' lang='lat' dir='ltr'><strong>temperantiae</strong></span> <span class='ocrx_word' id='word_1_15' title='bbox 1818 595 1945 635; x_wconf 88' lang='lat' dir='ltr'><strong>vero</strong></span> 
     </span>
    </p>
   </div>
   <div class='ocr_carea' id='block_1_4' title="bbox 374 671 1943 742">
    <p class='ocr_par' dir='ltr' id='par_1_4' title="bbox 374 671 1943 742">
     <span class='ocr_line' id='line_1_4' title="bbox 374 671 1943 742; baseline -0.001 -16"><span class='ocrx_word' id='word_1_16' title='bbox 374 688 571 726; x_wconf 84' lang='lat' dir='ltr'><strong>corona</strong></span> <span class='ocrx_word' id='word_1_17' title='bbox 616 673 835 727; x_wconf 90' lang='lat' dir='ltr'><strong>minime</strong></span> <span class='ocrx_word' id='word_1_18' title='bbox 881 673 1099 742; x_wconf 79' lang='lat' dir='ltr'><strong>insignis</strong></span> <span class='ocrx_word' id='word_1_19' title='bbox 1142 684 1224 727; x_wconf 91' lang='lat' dir='ltr'><strong>est</strong></span> <span class='ocrx_word' id='word_1_20' title='bbox 1265 691 1277 724; x_wconf 90' lang='lat'>:</span> <span class='ocrx_word' id='word_1_21' title='bbox 1324 682 1379 727; x_wconf 89' lang='lat' dir='ltr'><strong>et</strong></span> <span class='ocrx_word' id='word_1_22' title='bbox 1421 687 1688 742; x_wconf 90' lang='lat' dir='ltr'><strong>purpureo</strong></span> <span class='ocrx_word' id='word_1_23' title='bbox 1732 671 1943 742; x_wconf 92' lang='lat' dir='ltr'><strong>quidem</strong></span> 
     </span>
    </p>
   </div>
   <div class='ocr_carea' id='block_1_5' title="bbox 378 765 1943 835">
    <p class='ocr_par' dir='ltr' id='par_1_5' title="bbox 378 765 1943 835">
     <span class='ocr_line' id='line_1_5' title="bbox 378 765 1943 835; baseline -0.001 -16"><span class='ocrx_word' id='word_1_24' title='bbox 378 767 571 819; x_wconf 89' lang='lat' dir='ltr'><strong>vestitu</strong></span> <span class='ocrx_word' id='word_1_25' title='bbox 600 776 708 820; x_wconf 92' lang='lat' dir='ltr'><strong>toto</strong></span> <span class='ocrx_word' id='word_1_26' title='bbox 729 773 955 835; x_wconf 80' lang='lat' dir='ltr'><strong>corpore</strong></span> <span class='ocrx_word' id='word_1_27' title='bbox 983 765 1163 835; x_wconf 78' lang='lat' dir='ltr'><strong>fulget,</strong></span> <span class='ocrx_word' id='word_1_28' title='bbox 1189 765 1422 819; x_wconf 92' lang='lat' dir='ltr'><strong>animum</strong></span> <span class='ocrx_word' id='word_1_29' title='bbox 1444 774 1618 819; x_wconf 90' lang='lat' dir='ltr'><strong>autem</strong></span> <span class='ocrx_word' id='word_1_30' title='bbox 1646 766 1943 819; x_wconf 88' lang='lat' dir='ltr'><strong>inornatum</strong></span> 
     </span>
    </p>
   </div>
   <div class='ocr_carea' id='block_1_6' title="bbox 377 854 1943 925">
    <p class='ocr_par' dir='ltr' id='par_1_6' title="bbox 377 854 1943 925">
     <span class='ocr_line' id='line_1_6' title="bbox 377 854 1943 925; baseline -0.002 -15"><span class='ocrx_word' id='word_1_31' title='bbox 377 858 551 910; x_wconf 82' lang='lat' dir='ltr'><strong>habet.</strong></span> <span class='ocrx_word' id='word_1_32' title='bbox 587 857 784 912; x_wconf 85' lang='lat' dir='ltr'><strong>Deinde</strong></span> <span class='ocrx_word' id='word_1_33' title='bbox 827 858 911 912; x_wconf 91' lang='lat' dir='ltr'><strong>hic</strong></span> <span class='ocrx_word' id='word_1_34' title='bbox 950 872 1016 911; x_wconf 90' lang='lat' dir='ltr'><strong>ne</strong></span> <span class='ocrx_word' id='word_1_35' title='bbox 1045 855 1447 911; x_wconf 84' lang='lat' dir='ltr'><strong>administrandi</strong></span> <span class='ocrx_word' id='word_1_36' title='bbox 1487 855 1698 925; x_wconf 88' lang='lat' dir='ltr'><strong>quidem</strong></span> <span class='ocrx_word' id='word_1_37' title='bbox 1738 854 1943 924; x_wconf 90' lang='lat' dir='ltr'><strong>imperii</strong></span> 
     </span>
    </p>
   </div>
   <div class='ocr_carea' id='block_1_7' title="bbox 374 948 1076 1002">
    <p class='ocr_par' dir='ltr' id='par_1_7' title="bbox 374 948 1076 1002">
     <span class='ocr_line' id='line_1_7' title="bbox 374 948 1076 1002; baseline -0.003 -1"><span class='ocrx_word' id='word_1_38' title='bbox 374 949 648 1001; x_wconf 81' lang='lat' dir='ltr'><strong>scientiam</strong></span> <span class='ocrx_word' id='word_1_39' title='bbox 678 948 950 1001; x_wconf 86' lang='lat' dir='ltr'><strong>habiturus</strong></span> <span class='ocrx_word' id='word_1_40' title='bbox 973 957 1076 1002; x_wconf 90' lang='lat' dir='ltr'><strong>est.</strong></span> 
     </span>
    </p>
   </div>
   <div class='ocr_carea' id='block_1_8' title="bbox 444 1038 1946 1109">
    <p class='ocr_par' dir='ltr' id='par_1_8' title="bbox 444 1038 1946 1109">
     <span class='ocr_line' id='line_1_8' title="bbox 444 1038 1946 1109; baseline -0.004 -14"><span class='ocrx_word' id='word_1_41' title='bbox 444 1040 713 1109; x_wconf 84' lang='lat' dir='ltr'><strong>Comparat</strong></span> <span class='ocrx_word' id='word_1_42' title='bbox 750 1057 863 1093; x_wconf 85' lang='lat' dir='ltr'><strong>cum</strong></span> <span class='ocrx_word' id='word_1_43' title='bbox 897 1058 1011 1109; x_wconf 82' lang='lat' dir='ltr'><strong>rege</strong></span> <span class='ocrx_word' id='word_1_44' title='bbox 1048 1040 1347 1093; x_wconf 86' lang='lat' dir='ltr'><strong>monachum</strong></span> <span class='ocrx_word' id='word_1_45' title='bbox 1374 1040 1426 1093; x_wconf 84' lang='lat' dir='ltr'><strong>in</strong></span> <span class='ocrx_word' id='word_1_46' title='bbox 1456 1038 1584 1093; x_wconf 78' lang='lat' dir='ltr'><strong>bello</strong></span> <span class='ocrx_word' id='word_1_47' title='bbox 1612 1038 1847 1109; x_wconf 84' lang='lat' dir='ltr'><strong>gerendo.</strong></span> <span class='ocrx_word' id='word_1_48' title='bbox 1875 1065 1946 1075; x_wconf 97' lang='lat'><strong><em>—</em></strong></span> 
     </span>
    </p>
   </div>
   <div class='ocr_carea' id='block_1_9' title="bbox 374 1128 1942 1201">
    <p class='ocr_par' dir='ltr' id='par_1_9' title="bbox 374 1128 1942 1201">
     <span class='ocr_line' id='line_1_9' title="bbox 374 1128 1942 1201; baseline -0.001 -18"><span class='ocrx_word' id='word_1_49' title='bbox 374 1133 470 1198; x_wconf 85' lang='lat' dir='ltr'><strong>Qui</strong></span> <span class='ocrx_word' id='word_1_50' title='bbox 497 1132 636 1185; x_wconf 91' lang='lat' dir='ltr'><strong>enim</strong></span> <span class='ocrx_word' id='word_1_51' title='bbox 677 1132 774 1184; x_wconf 85' lang='lat' dir='ltr'><strong>sibi</strong></span> <span class='ocrx_word' id='word_1_52' title='bbox 806 1132 902 1199; x_wconf 88' lang='lat' dir='ltr'><strong>ipsi</strong></span> <span class='ocrx_word' id='word_1_53' title='bbox 942 1133 1203 1201; x_wconf 83' lang='lat' dir='ltr'><strong>imperare</strong></span> <span class='ocrx_word' id='word_1_54' title='bbox 1240 1132 1425 1195; x_wconf 86' lang='lat' dir='ltr'><strong>nescit,</strong></span> <span class='ocrx_word' id='word_1_55' title='bbox 1466 1131 1551 1184; x_wconf 92' lang='lat' dir='ltr'><strong>hic</strong></span> <span class='ocrx_word' id='word_1_56' title='bbox 1588 1145 1692 1200; x_wconf 92' lang='lat' dir='ltr'><strong>quo</strong></span> <span class='ocrx_word' id='word_1_57' title='bbox 1734 1128 1942 1183; x_wconf 81' lang='lat' dir='ltr'><strong>tandem</strong></span> 
     </span>
    </p>
   </div>
   <div class='ocr_carea' id='block_1_10' title="bbox 378 1218 1940 1290">
    <p class='ocr_par' dir='ltr' id='par_1_10' title="bbox 378 1218 1940 1290">
     <span class='ocr_line' id='line_1_10' title="bbox 378 1218 1940 1290; baseline -0.002 -16"><span class='ocrx_word' id='word_1_58' title='bbox 378 1220 537 1274; x_wconf 85' lang='lat' dir='ltr'><strong>modo</strong></span> <span class='ocrx_word' id='word_1_59' title='bbox 582 1221 716 1274; x_wconf 89' lang='lat' dir='ltr'><strong>alios</strong></span> <span class='ocrx_word' id='word_1_60' title='bbox 758 1221 959 1290; x_wconf 77' lang='lat' dir='ltr'><strong>legibus</strong></span> <span class='ocrx_word' id='word_1_61' title='bbox 998 1236 1183 1289; x_wconf 87' lang='lat' dir='ltr'><strong>regere</strong></span> <span class='ocrx_word' id='word_1_62' title='bbox 1208 1221 1442 1290; x_wconf 90' lang='lat' dir='ltr'><strong>poterit?</strong></span> <span class='ocrx_word' id='word_1_63' title='bbox 1474 1220 1609 1287; x_wconf 89' lang='lat' dir='ltr'><strong>Quin</strong></span> <span class='ocrx_word' id='word_1_64' title='bbox 1656 1220 1700 1273; x_wconf 91' lang='lat' dir='ltr'><strong>si</strong></span> <span class='ocrx_word' id='word_1_65' title='bbox 1732 1219 1781 1272; x_wconf 90' lang='lat' dir='ltr'><strong>id</strong></span> <span class='ocrx_word' id='word_1_66' title='bbox 1820 1218 1940 1273; x_wconf 86' lang='lat' dir='ltr'><strong>belli</strong></span> 
     </span>
    </p>
   </div>
   <div class='ocr_carea' id='block_1_11' title="bbox 373 1314 1942 1385">
    <p class='ocr_par' dir='ltr' id='par_1_11' title="bbox 373 1314 1942 1385">
     <span class='ocr_line' id='line_1_11' title="bbox 373 1314 1942 1385; baseline -0.004 -15"><span class='ocrx_word' id='word_1_67' title='bbox 373 1332 561 1385; x_wconf 87' lang='lat' dir='ltr'><strong>genus,</strong></span> <span class='ocrx_word' id='word_1_68' title='bbox 589 1315 727 1385; x_wconf 89' lang='lat' dir='ltr'><strong>quod</strong></span> <span class='ocrx_word' id='word_1_69' title='bbox 758 1325 979 1385; x_wconf 88' lang='lat' dir='ltr'><strong>uterque</strong></span> <span class='ocrx_word' id='word_1_70' title='bbox 1004 1316 1102 1369; x_wconf 87' lang='lat' dir='ltr'><strong>sibi</strong></span> <span class='ocrx_word' id='word_1_71' title='bbox 1132 1314 1467 1384; x_wconf 86' lang='lat' dir='ltr'><strong>peculiariter</strong></span> <span class='ocrx_word' id='word_1_72' title='bbox 1489 1314 1775 1381; x_wconf 85' lang='lat' dir='ltr'><strong>gerendum</strong></span> <span class='ocrx_word' id='word_1_73' title='bbox 1798 1327 1942 1365; x_wconf 88' lang='lat' dir='ltr'><strong>sum-</strong></span> 
     </span>
    </p>
   </div>
   <div class='ocr_carea' id='block_1_12' title="bbox 375 1404 1943 1475">
    <p class='ocr_par' dir='ltr' id='par_1_12' title="bbox 375 1404 1943 1475">
     <span class='ocr_line' id='line_1_12' title="bbox 375 1404 1943 1475; baseline -0.003 -16"><span class='ocrx_word' id='word_1_74' title='bbox 375 1408 496 1475; x_wconf 84' lang='lat' dir='ltr'><strong>psit,</strong></span> <span class='ocrx_word' id='word_1_75' title='bbox 512 1414 751 1475; x_wconf 88' lang='lat' dir='ltr'><strong>spectare</strong></span> <span class='ocrx_word' id='word_1_76' title='bbox 776 1406 1023 1471; x_wconf 90' lang='lat' dir='ltr'><strong>volueris,</strong></span> <span class='ocrx_word' id='word_1_77' title='bbox 1046 1406 1281 1459; x_wconf 80' lang='lat' dir='ltr'><strong>invenies</strong></span> <span class='ocrx_word' id='word_1_78' title='bbox 1308 1404 1449 1458; x_wconf 92' lang='lat' dir='ltr'><strong>hunc</strong></span> <span class='ocrx_word' id='word_1_79' title='bbox 1473 1419 1594 1458; x_wconf 92' lang='lat' dir='ltr'><strong>cum</strong></span> <span class='ocrx_word' id='word_1_80' title='bbox 1615 1404 1943 1458; x_wconf 70' lang='lat' dir='ltr'><strong>dmmouibus</strong></span> 
     </span>
    </p>
   </div>
   <div class='ocr_carea' id='block_1_13' title="bbox 373 1494 1942 1565">
    <p class='ocr_par' dir='ltr' id='par_1_13' title="bbox 373 1494 1942 1565">
     <span class='ocr_line' id='line_1_13' title="bbox 373 1494 1942 1565; baseline -0.001 -16"><span class='ocrx_word' id='word_1_81' title='bbox 373 1498 786 1565; x_wconf 89' lang='lat' dir='ltr'><strong>depugnantcm,</strong></span> <span class='ocrx_word' id='word_1_82' title='bbox 817 1495 1166 1565; x_wconf 90' lang='lat' dir='ltr'><strong>eumdemque</strong></span> <span class='ocrx_word' id='word_1_83' title='bbox 1194 1505 1246 1550; x_wconf 93' lang='lat' dir='ltr'><strong>et</strong></span> <span class='ocrx_word' id='word_1_84' title='bbox 1272 1505 1630 1564; x_wconf 88' lang='lat' dir='ltr'><strong>superantem,</strong></span> <span class='ocrx_word' id='word_1_85' title='bbox 1656 1503 1711 1549; x_wconf 89' lang='lat' dir='ltr'><strong>et</strong></span> <span class='ocrx_word' id='word_1_86' title='bbox 1736 1494 1942 1547; x_wconf 90' lang='lat' dir='ltr'><strong>vincen-</strong></span> 
     </span>
    </p>
   </div>
   <div class='ocr_carea' id='block_1_14' title="bbox 376 1586 1940 1657">
    <p class='ocr_par' dir='ltr' id='par_1_14' title="bbox 376 1586 1940 1657">
     <span class='ocr_line' id='line_1_14' title="bbox 376 1586 1940 1657; baseline -0.001 -17"><span class='ocrx_word' id='word_1_87' title='bbox 376 1596 501 1652; x_wconf 88' lang='lat' dir='ltr'><strong>tem,</strong></span> <span class='ocrx_word' id='word_1_88' title='bbox 530 1598 584 1641; x_wconf 92' lang='lat' dir='ltr'><strong>et</strong></span> <span class='ocrx_word' id='word_1_89' title='bbox 608 1603 637 1640; x_wconf 93' lang='lat' dir='ltr'><strong>a</strong></span> <span class='ocrx_word' id='word_1_90' title='bbox 661 1586 872 1641; x_wconf 87' lang='lat' dir='ltr'><strong>Christo</strong></span> <span class='ocrx_word' id='word_1_91' title='bbox 901 1602 1151 1642; x_wconf 91' lang='lat' dir='ltr'><strong>coronam</strong></span> <span class='ocrx_word' id='word_1_92' title='bbox 1182 1588 1477 1657; x_wconf 85' lang='lat' dir='ltr'><strong>capientem</strong></span> <span class='ocrx_word' id='word_1_93' title='bbox 1506 1605 1517 1639; x_wconf 94' lang='lat'>:</span> <span class='ocrx_word' id='word_1_94' title='bbox 1553 1596 1733 1655; x_wconf 80' lang='lat' dir='ltr'><strong>utpote</strong></span> <span class='ocrx_word' id='word_1_95' title='bbox 1759 1586 1845 1655; x_wconf 94' lang='lat' dir='ltr'><strong>qui</strong></span> <span class='ocrx_word' id='word_1_96' title='bbox 1876 1586 1940 1639; x_wconf 92' lang='lat' dir='ltr'><strong>ad</strong></span> 
     </span>
    </p>
   </div>
   <div class='ocr_carea' id='block_1_15' title="bbox 374 1677 1942 1749">
    <p class='ocr_par' dir='ltr' id='par_1_15' title="bbox 374 1677 1942 1749">
     <span class='ocr_line' id='line_1_15' title="bbox 374 1677 1942 1749; baseline -0.001 -17"><span class='ocrx_word' id='word_1_97' title='bbox 374 1695 601 1749; x_wconf 81' lang='lat' dir='ltr'><strong>pugnam</strong></span> <span class='ocrx_word' id='word_1_98' title='bbox 622 1679 841 1735; x_wconf 87' lang='lat' dir='ltr'><strong>accedat</strong></span> <span class='ocrx_word' id='word_1_99' title='bbox 862 1680 1040 1733; x_wconf 89' lang='lat' dir='ltr'><strong>divino</strong></span> <span class='ocrx_word' id='word_1_100' title='bbox 1061 1688 1385 1735; x_wconf 89' lang='lat' dir='ltr'><strong>sustentatus</strong></span> <span class='ocrx_word' id='word_1_101' title='bbox 1406 1679 1623 1745; x_wconf 87' lang='lat' dir='ltr'><strong>auxilio,</strong></span> <span class='ocrx_word' id='word_1_102' title='bbox 1643 1677 1942 1733; x_wconf 73' lang='lat' dir='ltr'><strong>cmlestibus</strong></span> 
     </span>
    </p>
   </div>
   <div class='ocr_carea' id='block_1_16' title="bbox 374 1769 1941 1840">
    <p class='ocr_par' dir='ltr' id='par_1_16' title="bbox 374 1769 1941 1840">
     <span class='ocr_line' id='line_1_16' title="bbox 374 1769 1941 1840; baseline -0.003 -13"><span class='ocrx_word' id='word_1_103' title='bbox 374 1773 537 1827; x_wconf 83' lang='lat' dir='ltr'><strong>armis</strong></span> <span class='ocrx_word' id='word_1_104' title='bbox 573 1772 946 1837; x_wconf 89' lang='lat' dir='ltr'><strong>communitus,</strong></span> <span class='ocrx_word' id='word_1_105' title='bbox 996 1781 1052 1825; x_wconf 92' lang='lat' dir='ltr'><strong>ut</strong></span> <span class='ocrx_word' id='word_1_106' title='bbox 1091 1785 1310 1826; x_wconf 89' lang='lat' dir='ltr'><strong>necesse</strong></span> <span class='ocrx_word' id='word_1_107' title='bbox 1334 1771 1546 1840; x_wconf 86' lang='lat' dir='ltr'><strong>quidem</strong></span> <span class='ocrx_word' id='word_1_108' title='bbox 1573 1771 1642 1824; x_wconf 89' lang='lat' dir='ltr'><strong>sit</strong></span> <span class='ocrx_word' id='word_1_109' title='bbox 1668 1769 1941 1824; x_wconf 83' lang='lat' dir='ltr'><strong>victoriam</strong></span> 
     </span>
    </p>
   </div>
   <div class='ocr_carea' id='block_1_17' title="bbox 374 1863 1939 1933">
    <p class='ocr_par' dir='ltr' id='par_1_17' title="bbox 374 1863 1939 1933">
     <span class='ocr_line' id='line_1_17' title="bbox 374 1863 1939 1933; baseline 0.001 -18"><span class='ocrx_word' id='word_1_110' title='bbox 374 1865 442 1917; x_wconf 86' lang='lat' dir='ltr'><strong>ab</strong></span> <span class='ocrx_word' id='word_1_111' title='bbox 472 1865 634 1932; x_wconf 87' lang='lat' dir='ltr'><strong>ipsius</strong></span> <span class='ocrx_word' id='word_1_112' title='bbox 678 1864 915 1933; x_wconf 89' lang='lat' dir='ltr'><strong>partibus</strong></span> <span class='ocrx_word' id='word_1_113' title='bbox 939 1873 1120 1929; x_wconf 88' lang='lat' dir='ltr'><strong>stare;</strong></span> <span class='ocrx_word' id='word_1_114' title='bbox 1161 1880 1281 1918; x_wconf 92' lang='lat' dir='ltr'><strong>cum</strong></span> <span class='ocrx_word' id='word_1_115' title='bbox 1322 1864 1532 1917; x_wconf 85' lang='lat' dir='ltr'><strong>interim</strong></span> <span class='ocrx_word' id='word_1_116' title='bbox 1575 1879 1751 1933; x_wconf 82' lang='lat' dir='ltr'><strong>regem</strong></span> <span class='ocrx_word' id='word_1_117' title='bbox 1792 1863 1939 1917; x_wconf 90' lang='lat' dir='ltr'><strong>illum</strong></span> 
     </span>
    </p>
   </div>
   <div class='ocr_carea' id='block_1_18' title="bbox 374 1954 1944 2023">
    <p class='ocr_par' dir='ltr' id='par_1_18' title="bbox 374 1954 1944 2023">
     <span class='ocr_line' id='line_1_18' title="bbox 374 1954 1944 2023; baseline -0.001 -14"><span class='ocrx_word' id='word_1_118' title='bbox 374 1971 493 2010; x_wconf 85' lang='lat' dir='ltr'><strong>cum</strong></span> <span class='ocrx_word' id='word_1_119' title='bbox 518 1957 756 2011; x_wconf 90' lang='lat' dir='ltr'><strong>barbaris</strong></span> <span class='ocrx_word' id='word_1_120' title='bbox 782 1957 1063 2011; x_wconf 86' lang='lat' dir='ltr'><strong>bellantem</strong></span> <span class='ocrx_word' id='word_1_121' title='bbox 1091 1972 1297 2012; x_wconf 90' lang='lat' dir='ltr'><strong>cernas.</strong></span> <span class='ocrx_word' id='word_1_122' title='bbox 1330 1956 1537 2023; x_wconf 87' lang='lat' dir='ltr'><strong>Quanto</strong></span> <span class='ocrx_word' id='word_1_123' title='bbox 1570 1965 1745 2009; x_wconf 90' lang='lat' dir='ltr'><strong>autem</strong></span> <span class='ocrx_word' id='word_1_124' title='bbox 1773 1954 1944 2009; x_wconf 86' lang='lat' dir='ltr'><strong>homi-</strong></span> 
     </span>
    </p>
   </div>
   <div class='ocr_carea' id='block_1_19' title="bbox 376 2045 1944 2113">
    <p class='ocr_par' dir='ltr' id='par_1_19' title="bbox 376 2045 1944 2113">
     <span class='ocr_line' id='line_1_19' title="bbox 376 2045 1944 2113; baseline -0.002 -12"><span class='ocrx_word' id='word_1_125' title='bbox 376 2046 530 2101; x_wconf 88' lang='lat' dir='ltr'><strong>nibus</strong></span> <span class='ocrx_word' id='word_1_126' title='bbox 568 2047 838 2101; x_wconf 69' lang='lat' dir='ltr'><strong>daemones</strong></span> <span class='ocrx_word' id='word_1_127' title='bbox 869 2047 1217 2102; x_wconf 88' lang='lat' dir='ltr'><strong>terribiliores</strong></span> <span class='ocrx_word' id='word_1_128' title='bbox 1262 2054 1403 2111; x_wconf 92' lang='lat' dir='ltr'><strong>sunt,</strong></span> <span class='ocrx_word' id='word_1_129' title='bbox 1446 2056 1591 2101; x_wconf 91' lang='lat' dir='ltr'><strong>tanto</strong></span> <span class='ocrx_word' id='word_1_130' title='bbox 1620 2045 1944 2113; x_wconf 87' lang='lat' dir='ltr'><strong>splendidior</strong></span> 
     </span>
    </p>
   </div>
   <div class='ocr_carea' id='block_1_20' title="bbox 373 2138 1943 2210">
    <p class='ocr_par' dir='ltr' id='par_1_20' title="bbox 373 2138 1943 2210">
     <span class='ocr_line' id='line_1_20' title="bbox 373 2138 1943 2210; baseline -0.002 -17"><span class='ocrx_word' id='word_1_131' title='bbox 373 2149 455 2193; x_wconf 88' lang='lat' dir='ltr'><strong>est</strong></span> <span class='ocrx_word' id='word_1_132' title='bbox 480 2140 569 2209; x_wconf 92' lang='lat' dir='ltr'><strong>qui</strong></span> <span class='ocrx_word' id='word_1_133' title='bbox 599 2140 694 2193; x_wconf 93' lang='lat' dir='ltr'><strong>hos</strong></span> <span class='ocrx_word' id='word_1_134' title='bbox 721 2148 952 2210; x_wconf 89' lang='lat' dir='ltr'><strong>superat,</strong></span> <span class='ocrx_word' id='word_1_135' title='bbox 988 2154 1051 2194; x_wconf 91' lang='lat' dir='ltr'><strong>eo</strong></span> <span class='ocrx_word' id='word_1_136' title='bbox 1078 2140 1165 2209; x_wconf 92' lang='lat' dir='ltr'><strong>qui</strong></span> <span class='ocrx_word' id='word_1_137' title='bbox 1206 2139 1325 2193; x_wconf 89' lang='lat' dir='ltr'><strong>illus</strong></span> <span class='ocrx_word' id='word_1_138' title='bbox 1350 2139 1528 2193; x_wconf 92' lang='lat' dir='ltr'><strong>vincit.</strong></span> <span class='ocrx_word' id='word_1_139' title='bbox 1562 2138 1712 2206; x_wconf 83' lang='lat' dir='ltr'><strong>Quod</strong></span> <span class='ocrx_word' id='word_1_140' title='bbox 1741 2139 1784 2191; x_wconf 92' lang='lat' dir='ltr'><strong>si</strong></span> <span class='ocrx_word' id='word_1_141' title='bbox 1812 2138 1943 2191; x_wconf 86' lang='lat' dir='ltr'><strong>utri-</strong></span> 
     </span>
    </p>
   </div>
   <div class='ocr_carea' id='block_1_21' title="bbox 374 2230 1940 2300">
    <p class='ocr_par' dir='ltr' id='par_1_21' title="bbox 374 2230 1940 2300">
     <span class='ocr_line' id='line_1_21' title="bbox 374 2230 1940 2300; baseline -0.001 -17"><span class='ocrx_word' id='word_1_142' title='bbox 374 2246 541 2300; x_wconf 83' lang='lat' dir='ltr'><strong>usque</strong></span> <span class='ocrx_word' id='word_1_143' title='bbox 570 2230 695 2285; x_wconf 88' lang='lat' dir='ltr'><strong>belli</strong></span> <span class='ocrx_word' id='word_1_144' title='bbox 734 2245 946 2285; x_wconf 92' lang='lat' dir='ltr'><strong>causam</strong></span> <span class='ocrx_word' id='word_1_145' title='bbox 993 2231 1297 2299; x_wconf 84' lang='lat' dir='ltr'><strong>perdiscere</strong></span> <span class='ocrx_word' id='word_1_146' title='bbox 1334 2232 1503 2299; x_wconf 89' lang='lat' dir='ltr'><strong>cupis,</strong></span> <span class='ocrx_word' id='word_1_147' title='bbox 1545 2245 1784 2299; x_wconf 89' lang='lat' dir='ltr'><strong>magnam</strong></span> <span class='ocrx_word' id='word_1_148' title='bbox 1817 2244 1940 2298; x_wconf 89' lang='lat' dir='ltr'><strong>pro-</strong></span> 
     </span>
    </p>
   </div>
   <div class='ocr_carea' id='block_1_22' title="bbox 376 2322 1943 2392">
    <p class='ocr_par' dir='ltr' id='par_1_22' title="bbox 376 2322 1943 2392">
     <span class='ocr_line' id='line_1_22' title="bbox 376 2322 1943 2392; baseline 0.001 -17"><span class='ocrx_word' id='word_1_149' title='bbox 376 2323 511 2376; x_wconf 89' lang='lat' dir='ltr'><strong>fecto</strong></span> <span class='ocrx_word' id='word_1_150' title='bbox 540 2322 951 2391; x_wconf 69' lang='lat' dir='ltr'><strong>inrequalitatem</strong></span> <span class='ocrx_word' id='word_1_151' title='bbox 977 2323 1232 2392; x_wconf 90' lang='lat' dir='ltr'><strong>reperies.</strong></span> <span class='ocrx_word' id='word_1_152' title='bbox 1264 2323 1410 2377; x_wconf 82' lang='lat' dir='ltr'><strong>Alter</strong></span> <span class='ocrx_word' id='word_1_153' title='bbox 1447 2324 1586 2376; x_wconf 90' lang='lat' dir='ltr'><strong>enim</strong></span> <span class='ocrx_word' id='word_1_154' title='bbox 1616 2338 1710 2392; x_wconf 92' lang='lat' dir='ltr'><strong>pro</strong></span> <span class='ocrx_word' id='word_1_155' title='bbox 1748 2324 1943 2391; x_wconf 87' lang='lat' dir='ltr'><strong>pietate</strong></span> 
     </span>
    </p>
   </div>
   <div class='ocr_carea' id='block_1_23' title="bbox 373 2411 1939 2483">
    <p class='ocr_par' dir='ltr' id='par_1_23' title="bbox 373 2411 1939 2483">
     <span class='ocr_line' id='line_1_23' title="bbox 373 2411 1939 2483; baseline 0.003 -19"><span class='ocrx_word' id='word_1_156' title='bbox 373 2425 437 2465; x_wconf 91' lang='lat' dir='ltr'><strong>ac</strong></span> <span class='ocrx_word' id='word_1_157' title='bbox 463 2411 556 2465; x_wconf 91' lang='lat' dir='ltr'><strong>Dei</strong></span> <span class='ocrx_word' id='word_1_158' title='bbox 583 2414 726 2467; x_wconf 92' lang='lat' dir='ltr'><strong>cultu</strong></span> <span class='ocrx_word' id='word_1_159' title='bbox 750 2428 869 2466; x_wconf 92' lang='lat' dir='ltr'><strong>cum</strong></span> <span class='ocrx_word' id='word_1_160' title='bbox 896 2413 1225 2468; x_wconf 84' lang='lat' dir='ltr'><strong>daemonibus</strong></span> <span class='ocrx_word' id='word_1_161' title='bbox 1252 2414 1444 2468; x_wconf 90' lang='lat' dir='ltr'><strong>bellum</strong></span> <span class='ocrx_word' id='word_1_162' title='bbox 1473 2414 1627 2483; x_wconf 89' lang='lat' dir='ltr'><strong>gerit,</strong></span> <span class='ocrx_word' id='word_1_163' title='bbox 1653 2414 1731 2467; x_wconf 87' lang='lat' dir='ltr'><strong>vel</strong></span> <span class='ocrx_word' id='word_1_164' title='bbox 1759 2414 1939 2479; x_wconf 90' lang='lat' dir='ltr'><strong>urbes,</strong></span> 
     </span>
    </p>
   </div>
   <div class='ocr_carea' id='block_1_24' title="bbox 373 2504 1943 2574">
    <p class='ocr_par' dir='ltr' id='par_1_24' title="bbox 373 2504 1943 2574">
     <span class='ocr_line' id='line_1_24' title="bbox 373 2504 1943 2574; baseline 0.002 -20"><span class='ocrx_word' id='word_1_165' title='bbox 373 2504 457 2557; x_wconf 88' lang='lat' dir='ltr'><strong>vel</strong></span> <span class='ocrx_word' id='word_1_166' title='bbox 487 2518 647 2573; x_wconf 88' lang='lat' dir='ltr'><strong>pagos</strong></span> <span class='ocrx_word' id='word_1_167' title='bbox 684 2504 751 2558; x_wconf 90' lang='lat' dir='ltr'><strong>ab</strong></span> <span class='ocrx_word' id='word_1_168' title='bbox 792 2519 975 2559; x_wconf 89' lang='lat' dir='ltr'><strong>errore</strong></span> <span class='ocrx_word' id='word_1_169' title='bbox 1020 2506 1226 2574; x_wconf 89' lang='lat' dir='ltr'><strong>eripere</strong></span> <span class='ocrx_word' id='word_1_170' title='bbox 1271 2504 1582 2560; x_wconf 90' lang='lat' dir='ltr'><strong>desiderans</strong></span> <span class='ocrx_word' id='word_1_171' title='bbox 1617 2522 1630 2556; x_wconf 91' lang='lat'><strong>:</strong></span> <span class='ocrx_word' id='word_1_172' title='bbox 1660 2506 1791 2559; x_wconf 88' lang='lat' dir='ltr'><strong>alter</strong></span> <span class='ocrx_word' id='word_1_173' title='bbox 1818 2520 1943 2558; x_wconf 88' lang='lat' dir='ltr'><strong>vero</strong></span> 
     </span>
    </p>
   </div>
   <div class='ocr_carea' id='block_1_25' title="bbox 373 2596 1944 2667">
    <p class='ocr_par' dir='ltr' id='par_1_25' title="bbox 373 2596 1944 2667">
     <span class='ocr_line' id='line_1_25' title="bbox 373 2596 1944 2667; baseline 0.003 -19"><span class='ocrx_word' id='word_1_174' title='bbox 373 2610 492 2649; x_wconf 89' lang='lat' dir='ltr'><strong>cum</strong></span> <span class='ocrx_word' id='word_1_175' title='bbox 516 2596 754 2650; x_wconf 88' lang='lat' dir='ltr'><strong>barbaris</strong></span> <span class='ocrx_word' id='word_1_176' title='bbox 779 2596 1097 2667; x_wconf 88' lang='lat' dir='ltr'><strong>digladiatur</strong></span> <span class='ocrx_word' id='word_1_177' title='bbox 1130 2614 1223 2667; x_wconf 91' lang='lat' dir='ltr'><strong>pro</strong></span> <span class='ocrx_word' id='word_1_178' title='bbox 1249 2598 1408 2662; x_wconf 91' lang='lat' dir='ltr'><strong>locis,</strong></span> <span class='ocrx_word' id='word_1_179' title='bbox 1439 2598 1660 2663; x_wconf 82' lang='lat' dir='ltr'><strong>ﬁnibus,</strong></span> <span class='ocrx_word' id='word_1_180' title='bbox 1688 2599 1944 2667; x_wconf 89' lang='lat' dir='ltr'><strong>opibusve</strong></span> 
     </span>
    </p>
   </div>
   <div class='ocr_carea' id='block_1_26' title="bbox 374 2688 1944 2760">
    <p class='ocr_par' dir='ltr' id='par_1_26' title="bbox 374 2688 1944 2760">
     <span class='ocr_line' id='line_1_26' title="bbox 374 2688 1944 2760; baseline 0.004 -20"><span class='ocrx_word' id='word_1_181' title='bbox 374 2688 559 2757; x_wconf 89' lang='lat' dir='ltr'><strong>raptis,</strong></span> <span class='ocrx_word' id='word_1_182' title='bbox 581 2688 730 2743; x_wconf 92' lang='lat' dir='ltr'><strong>illum</strong></span> <span class='ocrx_word' id='word_1_183' title='bbox 752 2690 991 2756; x_wconf 89' lang='lat' dir='ltr'><strong>avaritia,</strong></span> <span class='ocrx_word' id='word_1_184' title='bbox 1010 2690 1094 2745; x_wconf 91' lang='lat' dir='ltr'><strong>vel</strong></span> <span class='ocrx_word' id='word_1_185' title='bbox 1117 2690 1295 2759; x_wconf 90' lang='lat' dir='ltr'><strong>injusti</strong></span> <span class='ocrx_word' id='word_1_186' title='bbox 1317 2691 1636 2760; x_wconf 89' lang='lat' dir='ltr'><strong>principatus</strong></span> <span class='ocrx_word' id='word_1_187' title='bbox 1657 2692 1944 2747; x_wconf 87' lang='lat' dir='ltr'><strong>ambitione</strong></span> 
     </span>
    </p>
   </div>
   <div class='ocr_carea' id='block_1_27' title="bbox 373 2781 1943 2853">
    <p class='ocr_par' dir='ltr' id='par_1_27' title="bbox 373 2781 1943 2853">
     <span class='ocr_line' id='line_1_27' title="bbox 373 2781 1943 2853; baseline 0.004 -21"><span class='ocrx_word' id='word_1_188' title='bbox 373 2781 437 2833; x_wconf 91' lang='lat' dir='ltr'><strong>ad</strong></span> <span class='ocrx_word' id='word_1_189' title='bbox 460 2795 684 2850; x_wconf 82' lang='lat' dir='ltr'><strong>pugnam</strong></span> <span class='ocrx_word' id='word_1_190' title='bbox 704 2791 1053 2850; x_wconf 88' lang='lat' dir='ltr'><strong>provocante:</strong></span> <span class='ocrx_word' id='word_1_191' title='bbox 1072 2782 1157 2837; x_wconf 90' lang='lat' dir='ltr'><strong>ubi</strong></span> <span class='ocrx_word' id='word_1_192' title='bbox 1176 2791 1320 2837; x_wconf 90' lang='lat' dir='ltr'><strong>certe</strong></span> <span class='ocrx_word' id='word_1_193' title='bbox 1336 2782 1483 2837; x_wconf 90' lang='lat' dir='ltr'><strong>multi</strong></span> <span class='ocrx_word' id='word_1_194' title='bbox 1503 2783 1770 2838; x_wconf 89' lang='lat' dir='ltr'><strong>multoties</strong></span> <span class='ocrx_word' id='word_1_195' title='bbox 1793 2800 1943 2853; x_wconf 88' lang='lat' dir='ltr'><strong>reges</strong></span> 
     </span>
    </p>
   </div>
   <div class='ocr_carea' id='block_1_28' title="bbox 373 2874 1944 2945">
    <p class='ocr_par' dir='ltr' id='par_1_28' title="bbox 373 2874 1944 2945">
     <span class='ocr_line' id='line_1_28' title="bbox 373 2874 1944 2945; baseline 0.003 -19"><span class='ocrx_word' id='word_1_196' title='bbox 373 2874 575 2943; x_wconf 87' lang='lat' dir='ltr'><strong>majora</strong></span> <span class='ocrx_word' id='word_1_197' title='bbox 605 2890 724 2928; x_wconf 91' lang='lat' dir='ltr'><strong>eum</strong></span> <span class='ocrx_word' id='word_1_198' title='bbox 750 2876 1146 2944; x_wconf 89' lang='lat' dir='ltr'><strong>appetivissent,</strong></span> <span class='ocrx_word' id='word_1_199' title='bbox 1179 2876 1289 2945; x_wconf 90' lang='lat' dir='ltr'><strong>jam</strong></span> <span class='ocrx_word' id='word_1_200' title='bbox 1311 2885 1460 2945; x_wconf 89' lang='lat' dir='ltr'><strong>parta</strong></span> <span class='ocrx_word' id='word_1_201' title='bbox 1495 2877 1739 2930; x_wconf 90' lang='lat' dir='ltr'><strong>amisere.</strong></span> <span class='ocrx_word' id='word_1_202' title='bbox 1766 2876 1944 2945; x_wconf 85' lang='lat' dir='ltr'><strong>Itaque</strong></span> 
     </span>
    </p>
   </div>
   <div class='ocr_carea' id='block_1_29' title="bbox 378 2966 1943 3039">
    <p class='ocr_par' dir='ltr' id='par_1_29' title="bbox 378 2966 1943 3039">
     <span class='ocr_line' id='line_1_29' title="bbox 378 2966 1943 3039; baseline 0.003 -21"><span class='ocrx_word' id='word_1_203' title='bbox 378 2975 487 3019; x_wconf 93' lang='lat' dir='ltr'><strong>tum</strong></span> <span class='ocrx_word' id='word_1_204' title='bbox 520 2966 873 3034; x_wconf 88' lang='lat' dir='ltr'><strong>principatus,</strong></span> <span class='ocrx_word' id='word_1_205' title='bbox 901 2976 1010 3021; x_wconf 92' lang='lat' dir='ltr'><strong>tum</strong></span> <span class='ocrx_word' id='word_1_206' title='bbox 1040 2968 1150 3037; x_wconf 90' lang='lat' dir='ltr'><strong>ipsa</strong></span> <span class='ocrx_word' id='word_1_207' title='bbox 1179 2968 1434 3023; x_wconf 91' lang='lat' dir='ltr'><strong>bellorum</strong></span> <span class='ocrx_word' id='word_1_208' title='bbox 1460 2984 1653 3039; x_wconf 88' lang='lat' dir='ltr'><strong>genera</strong></span> <span class='ocrx_word' id='word_1_209' title='bbox 1680 3012 1694 3035; x_wconf 93' lang='lat'><strong>,</strong></span> <span class='ocrx_word' id='word_1_210' title='bbox 1719 2978 1943 3039; x_wconf 89' lang='lat' dir='ltr'><strong>arguunt</strong></span> 
     </span>
    </p>
   </div>
   <div class='ocr_carea' id='block_1_30' title="bbox 377 3058 1943 3132">
    <p class='ocr_par' dir='ltr' id='par_1_30' title="bbox 377 3058 1943 3132">
     <span class='ocr_line' id='line_1_30' title="bbox 377 3058 1943 3132; baseline 0.002 -20"><span class='ocrx_word' id='word_1_211' title='bbox 377 3073 609 3128; x_wconf 81' lang='lat' dir='ltr'><strong>eousque</strong></span> <span class='ocrx_word' id='word_1_212' title='bbox 639 3058 777 3113; x_wconf 85' lang='lat' dir='ltr'><strong>inter</strong></span> <span class='ocrx_word' id='word_1_213' title='bbox 798 3075 855 3113; x_wconf 91' lang='lat' dir='ltr'><strong>se</strong></span> <span class='ocrx_word' id='word_1_214' title='bbox 872 3060 1171 3126; x_wconf 86' lang='lat' dir='ltr'><strong>discrepare</strong></span> <span class='ocrx_word' id='word_1_215' title='bbox 1192 3070 1244 3114; x_wconf 90' lang='lat' dir='ltr'><strong>et</strong></span> <span class='ocrx_word' id='word_1_216' title='bbox 1270 3077 1467 3132; x_wconf 87' lang='lat' dir='ltr'><strong>regem,</strong></span> <span class='ocrx_word' id='word_1_217' title='bbox 1489 3070 1542 3115; x_wconf 90' lang='lat' dir='ltr'><strong>et</strong></span> <span class='ocrx_word' id='word_1_218' title='bbox 1566 3077 1684 3114; x_wconf 86' lang='lat' dir='ltr'><strong>eum</strong></span> <span class='ocrx_word' id='word_1_219' title='bbox 1708 3063 1797 3132; x_wconf 89' lang='lat' dir='ltr'><strong>qui</strong></span> <span class='ocrx_word' id='word_1_220' title='bbox 1823 3062 1943 3115; x_wconf 56' lang='lat' dir='ltr'><strong>vitae</strong></span> 
     </span>
    </p>
   </div>
   <div class='ocr_carea' id='block_1_31' title="bbox 375 3153 1943 3213">
    <p class='ocr_par' dir='ltr' id='par_1_31' title="bbox 375 3153 1943 3213">
     <span class='ocr_line' id='line_1_31' title="bbox 375 3153 1943 3213; baseline 0.003 -8"><span class='ocrx_word' id='word_1_221' title='bbox 375 3167 487 3205; x_wconf 72' lang='lat' dir='ltr'><strong>sua:</strong></span> <span class='ocrx_word' id='word_1_222' title='bbox 530 3153 760 3206; x_wconf 90' lang='lat' dir='ltr'><strong>studium</strong></span> <span class='ocrx_word' id='word_1_223' title='bbox 789 3153 885 3207; x_wconf 91' lang='lat' dir='ltr'><strong>Dei</strong></span> <span class='ocrx_word' id='word_1_224' title='bbox 912 3154 1076 3207; x_wconf 90' lang='lat' dir='ltr'><strong>cultui</strong></span> <span class='ocrx_word' id='word_1_225' title='bbox 1121 3154 1365 3213; x_wconf 84' lang='lat' dir='ltr'><strong>addixit;</strong></span> <span class='ocrx_word' id='word_1_226' title='bbox 1404 3154 1494 3207; x_wconf 79' lang='lat' dir='ltr'><strong>sed</strong></span> <span class='ocrx_word' id='word_1_227' title='bbox 1527 3164 1703 3209; x_wconf 90' lang='lat' dir='ltr'><strong>tamen</strong></span> <span class='ocrx_word' id='word_1_228' title='bbox 1728 3154 1943 3209; x_wconf 89' lang='lat' dir='ltr'><strong>eosdem</strong></span> 
     </span>
    </p>
   </div>
   <div class='ocr_carea' id='block_1_32' title="bbox 377 3243 1943 3316">
    <p class='ocr_par' dir='ltr' id='par_1_32' title="bbox 377 3243 1943 3316">
     <span class='ocr_line' id='line_1_32' title="bbox 377 3243 1943 3316; baseline 0.003 -20"><span class='ocrx_word' id='word_1_229' title='bbox 377 3243 495 3298; x_wconf 92' lang='lat' dir='ltr'><strong>illos</strong></span> <span class='ocrx_word' id='word_1_230' title='bbox 521 3253 704 3299; x_wconf 86' lang='lat' dir='ltr'><strong>exacte</strong></span> <span class='ocrx_word' id='word_1_231' title='bbox 734 3246 914 3314; x_wconf 89' lang='lat' dir='ltr'><strong>utique</strong></span> <span class='ocrx_word' id='word_1_232' title='bbox 955 3260 1261 3314; x_wconf 85' lang='lat' dir='ltr'><strong>pernoscas,</strong></span> <span class='ocrx_word' id='word_1_233' title='bbox 1306 3246 1351 3299; x_wconf 89' lang='lat' dir='ltr'><strong>si</strong></span> <span class='ocrx_word' id='word_1_234' title='bbox 1381 3246 1445 3301; x_wconf 92' lang='lat' dir='ltr'><strong>ad</strong></span> <span class='ocrx_word' id='word_1_235' title='bbox 1480 3248 1753 3316; x_wconf 90' lang='lat' dir='ltr'><strong>utriusque</strong></span> <span class='ocrx_word' id='word_1_236' title='bbox 1782 3247 1943 3301; x_wconf 90' lang='lat' dir='ltr'><strong>vitam</strong></span> 
     </span>
    </p>
   </div>
   <div class='ocr_carea' id='block_1_33' title="bbox 375 3334 1944 3405">
    <p class='ocr_par' dir='ltr' id='par_1_33' title="bbox 375 3334 1944 3405">
     <span class='ocr_line' id='line_1_33' title="bbox 375 3334 1944 3405; baseline 0.003 -18"><span class='ocrx_word' id='word_1_237' title='bbox 375 3334 789 3404; x_wconf 88' lang='lat' dir='ltr'><strong>quotidianaque</strong></span> <span class='ocrx_word' id='word_1_238' title='bbox 812 3344 958 3405; x_wconf 89' lang='lat' dir='ltr'><strong>gesta</strong></span> <span class='ocrx_word' id='word_1_239' title='bbox 980 3335 1328 3391; x_wconf 82' lang='lat' dir='ltr'><strong>examinanda</strong></span> <span class='ocrx_word' id='word_1_240' title='bbox 1356 3335 1713 3392; x_wconf 90' lang='lat' dir='ltr'><strong>descenderis.</strong></span> <span class='ocrx_word' id='word_1_241' title='bbox 1739 3337 1944 3392; x_wconf 80' lang='lat' dir='ltr'><strong>Revera</strong></span> 
     </span>
    </p>
   </div>
   <div class='ocr_carea' id='block_1_34' title="bbox 374 3425 1943 3495">
    <p class='ocr_par' dir='ltr' id='par_1_34' title="bbox 374 3425 1943 3495">
     <span class='ocr_line' id='line_1_34' title="bbox 374 3425 1943 3495; baseline 0 -16"><span class='ocrx_word' id='word_1_242' title='bbox 374 3426 515 3479; x_wconf 83' lang='lat' dir='ltr'><strong>enim</strong></span> <span class='ocrx_word' id='word_1_243' title='bbox 540 3425 682 3481; x_wconf 91' lang='lat' dir='ltr'><strong>hunc</strong></span> <span class='ocrx_word' id='word_1_244' title='bbox 709 3427 946 3481; x_wconf 88' lang='lat' dir='ltr'><strong>invenias</strong></span> <span class='ocrx_word' id='word_1_245' title='bbox 970 3443 1087 3481; x_wconf 91' lang='lat' dir='ltr'><strong>cum</strong></span> <span class='ocrx_word' id='word_1_246' title='bbox 1128 3427 1401 3495; x_wconf 79' lang='lat' dir='ltr'><strong>prapbetis</strong></span> <span class='ocrx_word' id='word_1_247' title='bbox 1428 3438 1726 3481; x_wconf 89' lang='lat' dir='ltr'><strong>versantem</strong></span> <span class='ocrx_word' id='word_1_248' title='bbox 1749 3469 1763 3491; x_wconf 91' lang='lat'><strong>,</strong></span> <span class='ocrx_word' id='word_1_249' title='bbox 1795 3427 1943 3481; x_wconf 91' lang='lat' dir='ltr'><strong>Pauli</strong></span> 
     </span>
    </p>
   </div>
   <div class='ocr_carea' id='block_1_35' title="bbox 373 3518 1942 3587">
    <p class='ocr_par' dir='ltr' id='par_1_35' title="bbox 373 3518 1942 3587">
     <span class='ocr_line' id='line_1_35' title="bbox 373 3518 1942 3587; baseline 0 -16"><span class='ocrx_word' id='word_1_250' title='bbox 373 3518 629 3587; x_wconf 89' lang='lat' dir='ltr'><strong>sapientia</strong></span> <span class='ocrx_word' id='word_1_251' title='bbox 673 3519 906 3573; x_wconf 89' lang='lat' dir='ltr'><strong>animum</strong></span> <span class='ocrx_word' id='word_1_252' title='bbox 937 3528 1285 3572; x_wconf 78' lang='lat' dir='ltr'><strong>exornantem</strong></span> <span class='ocrx_word' id='word_1_253' title='bbox 1313 3561 1327 3583; x_wconf 93' lang='lat'><strong>,</strong></span> <span class='ocrx_word' id='word_1_254' title='bbox 1371 3519 1581 3573; x_wconf 89' lang='lat' dir='ltr'><strong>assidue</strong></span> <span class='ocrx_word' id='word_1_255' title='bbox 1624 3534 1654 3571; x_wconf 93' lang='lat' dir='ltr'><strong>a</strong></span> <span class='ocrx_word' id='word_1_256' title='bbox 1691 3518 1834 3573; x_wconf 86' lang='lat' dir='ltr'><strong>Mose</strong></span> <span class='ocrx_word' id='word_1_257' title='bbox 1875 3518 1942 3571; x_wconf 93' lang='lat' dir='ltr'><strong>ad</strong></span> 
     </span>
    </p>
   </div>
   <div class='ocr_carea' id='block_1_36' title="bbox 375 3607 1942 3672">
    <p class='ocr_par' dir='ltr' id='par_1_36' title="bbox 375 3607 1942 3672">
     <span class='ocr_line' id='line_1_36' title="bbox 375 3607 1942 3672; baseline 0 -9"><span class='ocrx_word' id='word_1_258' title='bbox 375 3607 590 3672; x_wconf 89' lang='lat' dir='ltr'><strong>Isaiam,</strong></span> <span class='ocrx_word' id='word_1_259' title='bbox 637 3609 705 3663; x_wconf 91' lang='lat' dir='ltr'><strong>ab</strong></span> <span class='ocrx_word' id='word_1_260' title='bbox 745 3608 875 3663; x_wconf 88' lang='lat' dir='ltr'><strong>Isaia</strong></span> <span class='ocrx_word' id='word_1_261' title='bbox 919 3609 983 3663; x_wconf 92' lang='lat' dir='ltr'><strong>ad</strong></span> <span class='ocrx_word' id='word_1_262' title='bbox 1024 3608 1311 3672; x_wconf 87' lang='lat' dir='ltr'><strong>Joannem,</strong></span> <span class='ocrx_word' id='word_1_263' title='bbox 1357 3626 1387 3662; x_wconf 94' lang='lat' dir='ltr'><strong>a</strong></span> <span class='ocrx_word' id='word_1_264' title='bbox 1426 3610 1631 3664; x_wconf 83' lang='lat' dir='ltr'><strong>Joanne</strong></span> <span class='ocrx_word' id='word_1_265' title='bbox 1674 3610 1739 3663; x_wconf 90' lang='lat' dir='ltr'><strong>ad</strong></span> <span class='ocrx_word' id='word_1_266' title='bbox 1783 3610 1942 3663; x_wconf 91' lang='lat' dir='ltr'><strong>alium</strong></span> 
     </span>
    </p>
   </div>
   <div class='ocr_carea' id='block_1_37' title="bbox 374 3700 1942 3769">
    <p class='ocr_par' dir='ltr' id='par_1_37' title="bbox 374 3700 1942 3769">
     <span class='ocr_line' id='line_1_37' title="bbox 374 3700 1942 3769; baseline 0.001 -17"><span class='ocrx_word' id='word_1_267' title='bbox 374 3700 676 3768; x_wconf 89' lang='lat' dir='ltr'><strong>quempiam</strong></span> <span class='ocrx_word' id='word_1_268' title='bbox 708 3708 1074 3754; x_wconf 88' lang='lat' dir='ltr'><strong>transeuntem</strong></span> <span class='ocrx_word' id='word_1_269' title='bbox 1104 3718 1117 3753; x_wconf 92' lang='lat'><strong>:</strong></span> <span class='ocrx_word' id='word_1_270' title='bbox 1150 3711 1203 3754; x_wconf 89' lang='lat' dir='ltr'><strong>at</strong></span> <span class='ocrx_word' id='word_1_271' title='bbox 1230 3715 1405 3769; x_wconf 81' lang='lat' dir='ltr'><strong>regem</strong></span> <span class='ocrx_word' id='word_1_272' title='bbox 1433 3700 1645 3755; x_wconf 88' lang='lat' dir='ltr'><strong>assidua</strong></span> <span class='ocrx_word' id='word_1_273' title='bbox 1670 3701 1942 3755; x_wconf 89' lang='lat' dir='ltr'><strong>centurio-</strong></span> 
     </span>
    </p>
   </div>
   <div class='ocr_carea' id='block_1_38' title="bbox 377 3789 1943 3860">
    <p class='ocr_par' dir='ltr' id='par_1_38' title="bbox 377 3789 1943 3860">
     <span class='ocr_line' id='line_1_38' title="bbox 377 3789 1943 3860; baseline 0.001 -18"><span class='ocrx_word' id='word_1_274' title='bbox 377 3804 501 3843; x_wconf 91' lang='lat' dir='ltr'><strong>num</strong></span> <span class='ocrx_word' id='word_1_275' title='bbox 561 3789 974 3858; x_wconf 72' lang='lat' dir='ltr'><strong>przefectorum,</strong></span> <span class='ocrx_word' id='word_1_276' title='bbox 1023 3798 1077 3844; x_wconf 94' lang='lat' dir='ltr'><strong>et</strong></span> <span class='ocrx_word' id='word_1_277' title='bbox 1128 3792 1505 3860; x_wconf 82' lang='lat' dir='ltr'><strong>Spiculatorum</strong></span> <span class='ocrx_word' id='word_1_278' title='bbox 1565 3791 1943 3845; x_wconf 92' lang='lat' dir='ltr'><strong>consuetudine</strong></span> 
     </span>
    </p>
   </div>
   <div class='ocr_carea' id='block_1_39' title="bbox 378 3880 1942 3951">
    <p class='ocr_par' dir='ltr' id='par_1_39' title="bbox 378 3880 1942 3951">
     <span class='ocr_line' id='line_1_39' title="bbox 378 3880 1942 3951; baseline 0.003 -20"><span class='ocrx_word' id='word_1_279' title='bbox 378 3888 631 3934; x_wconf 90' lang='lat' dir='ltr'><strong>utentem.</strong></span> <span class='ocrx_word' id='word_1_280' title='bbox 676 3880 843 3935; x_wconf 89' lang='lat' dir='ltr'><strong>Porro</strong></span> <span class='ocrx_word' id='word_1_281' title='bbox 881 3881 1094 3935; x_wconf 88' lang='lat' dir='ltr'><strong>solitum</strong></span> <span class='ocrx_word' id='word_1_282' title='bbox 1138 3896 1255 3935; x_wconf 86' lang='lat' dir='ltr'><strong>esse</strong></span> <span class='ocrx_word' id='word_1_283' title='bbox 1289 3881 1548 3947; x_wconf 89' lang='lat' dir='ltr'><strong>videmus,</strong></span> <span class='ocrx_word' id='word_1_284' title='bbox 1594 3896 1714 3937; x_wconf 90' lang='lat' dir='ltr'><strong>cum</strong></span> <span class='ocrx_word' id='word_1_285' title='bbox 1752 3881 1942 3951; x_wconf 87' lang='lat' dir='ltr'><strong>quibus</strong></span> 
     </span>
    </p>
   </div>
   <div class='ocr_carea' id='block_1_40' title="bbox 375 3971 1939 4041">
    <p class='ocr_par' dir='ltr' id='par_1_40' title="bbox 375 3971 1939 4041">
     <span class='ocr_line' id='line_1_40' title="bbox 375 3971 1939 4041; baseline 0.001 -17"><span class='ocrx_word' id='word_1_286' title='bbox 375 3971 588 4025; x_wconf 86' lang='lat' dir='ltr'><strong>assidue</strong></span> <span class='ocrx_word' id='word_1_287' title='bbox 621 3972 738 4041; x_wconf 90' lang='lat' dir='ltr'><strong>quis</strong></span> <span class='ocrx_word' id='word_1_288' title='bbox 760 3983 1023 4038; x_wconf 90' lang='lat' dir='ltr'><strong>versatur,</strong></span> <span class='ocrx_word' id='word_1_289' title='bbox 1069 3972 1253 4027; x_wconf 91' lang='lat' dir='ltr'><strong>horum</strong></span> <span class='ocrx_word' id='word_1_290' title='bbox 1294 3989 1470 4028; x_wconf 91' lang='lat' dir='ltr'><strong>mores</strong></span> <span class='ocrx_word' id='word_1_291' title='bbox 1496 3974 1696 4028; x_wconf 91' lang='lat' dir='ltr'><strong>similes</strong></span> <span class='ocrx_word' id='word_1_292' title='bbox 1723 3973 1939 4028; x_wconf 89' lang='lat' dir='ltr'><strong>habere.</strong></span> 
     </span>
    </p>
   </div>
   <div class='ocr_carea' id='block_1_41' title="bbox 378 4058 1942 4133">
    <p class='ocr_par' dir='ltr' id='par_1_41' title="bbox 378 4058 1942 4133">
     <span class='ocr_line' id='line_1_41' title="bbox 378 4058 1942 4133; baseline 0.002 -17"><span class='ocrx_word' id='word_1_293' title='bbox 378 4058 557 4130; x_wconf 87' lang='lat' dir='ltr'><strong>Itaque</strong></span> <span class='ocrx_word' id='word_1_294' title='bbox 581 4062 669 4131; x_wconf 92' lang='lat' dir='ltr'><strong>qui</strong></span> <span class='ocrx_word' id='word_1_295' title='bbox 691 4063 959 4117; x_wconf 91' lang='lat' dir='ltr'><strong>solitarius</strong></span> <span class='ocrx_word' id='word_1_296' title='bbox 988 4064 1146 4127; x_wconf 88' lang='lat' dir='ltr'><strong>vivit,</strong></span> <span class='ocrx_word' id='word_1_297' title='bbox 1189 4065 1231 4118; x_wconf 90' lang='lat' dir='ltr'><strong>is</strong></span> <span class='ocrx_word' id='word_1_298' title='bbox 1257 4065 1486 4118; x_wconf 91' lang='lat' dir='ltr'><strong>animum</strong></span> <span class='ocrx_word' id='word_1_299' title='bbox 1527 4081 1680 4119; x_wconf 92' lang='lat' dir='ltr'><strong>suum</strong></span> <span class='ocrx_word' id='word_1_300' title='bbox 1715 4064 1778 4119; x_wconf 90' lang='lat' dir='ltr'><strong>ad</strong></span> <span class='ocrx_word' id='word_1_301' title='bbox 1808 4080 1942 4133; x_wconf 84' lang='lat' dir='ltr'><strong>apo-</strong></span> 
     </span>
    </p>
   </div>
   <div class='ocr_carea' id='block_1_42' title="bbox 374 4153 1941 4223">
    <p class='ocr_par' dir='ltr' id='par_1_42' title="bbox 374 4153 1941 4223">
     <span class='ocr_line' id='line_1_42' title="bbox 374 4153 1941 4223; baseline 0.004 -18"><span class='ocrx_word' id='word_1_302' title='bbox 374 4153 631 4205; x_wconf 91' lang='lat' dir='ltr'><strong>stolorum</strong></span> <span class='ocrx_word' id='word_1_303' title='bbox 671 4161 724 4207; x_wconf 90' lang='lat' dir='ltr'><strong>et</strong></span> <span class='ocrx_word' id='word_1_304' title='bbox 766 4153 1141 4223; x_wconf 89' lang='lat' dir='ltr'><strong>prophetarum</strong></span> <span class='ocrx_word' id='word_1_305' title='bbox 1184 4170 1357 4209; x_wconf 91' lang='lat' dir='ltr'><strong>mores</strong></span> <span class='ocrx_word' id='word_1_306' title='bbox 1395 4154 1729 4211; x_wconf 83' lang='lat' dir='ltr'><strong>conformat:</strong></span> <span class='ocrx_word' id='word_1_307' title='bbox 1762 4167 1815 4209; x_wconf 92' lang='lat' dir='ltr'><strong>at</strong></span> <span class='ocrx_word' id='word_1_308' title='bbox 1845 4172 1941 4211; x_wconf 84' lang='lat' dir='ltr'><strong>rex</strong></span> 
     </span>
    </p>
   </div>
   <div class='ocr_carea' id='block_1_43' title="bbox 374 4244 1939 4313">
    <p class='ocr_par' dir='ltr' id='par_1_43' title="bbox 374 4244 1939 4313">
     <span class='ocr_line' id='line_1_43' title="bbox 374 4244 1939 4313; baseline 0.001 -14"><span class='ocrx_word' id='word_1_309' title='bbox 374 4244 441 4299; x_wconf 85' lang='lat' dir='ltr'><strong>ad</strong></span> <span class='ocrx_word' id='word_1_310' title='bbox 468 4260 645 4300; x_wconf 89' lang='lat' dir='ltr'><strong>mores</strong></span> <span class='ocrx_word' id='word_1_311' title='bbox 671 4245 884 4313; x_wconf 89' lang='lat' dir='ltr'><strong>ducum,</strong></span> <span class='ocrx_word' id='word_1_312' title='bbox 926 4246 1206 4301; x_wconf 89' lang='lat' dir='ltr'><strong>satellitum</strong></span> <span class='ocrx_word' id='word_1_313' title='bbox 1228 4289 1241 4312; x_wconf 92' lang='lat'><strong>,</strong></span> <span class='ocrx_word' id='word_1_314' title='bbox 1276 4255 1598 4301; x_wconf 88' lang='lat' dir='ltr'><strong>scutatorum</strong></span> <span class='ocrx_word' id='word_1_315' title='bbox 1620 4290 1633 4312; x_wconf 91' lang='lat'><strong>,</strong></span> <span class='ocrx_word' id='word_1_316' title='bbox 1668 4248 1939 4302; x_wconf 87' lang='lat' dir='ltr'><strong>hominum</strong></span> 
     </span>
    </p>
   </div>
   <div class='ocr_carea' id='block_1_44' title="bbox 375 4337 1939 4408">
    <p class='ocr_par' dir='ltr' id='par_1_44' title="bbox 375 4337 1939 4408">
     <span class='ocr_line' id='line_1_44' title="bbox 375 4337 1939 4408; baseline 0.003 -20"><span class='ocrx_word' id='word_1_317' title='bbox 375 4337 498 4390; x_wconf 86' lang='lat' dir='ltr'><strong>vino</strong></span> <span class='ocrx_word' id='word_1_318' title='bbox 524 4337 886 4404; x_wconf 90' lang='lat' dir='ltr'><strong>servientium,</strong></span> <span class='ocrx_word' id='word_1_319' title='bbox 913 4338 1272 4407; x_wconf 87' lang='lat' dir='ltr'><strong>voluptatibus</strong></span> <span class='ocrx_word' id='word_1_320' title='bbox 1314 4338 1715 4408; x_wconf 87' lang='lat' dir='ltr'><strong>indulgentium,</strong></span> <span class='ocrx_word' id='word_1_321' title='bbox 1748 4340 1939 4393; x_wconf 92' lang='lat' dir='ltr'><strong>bonam</strong></span> 
     </span>
    </p>
   </div>
   <div class='ocr_carea' id='block_1_45' title="bbox 373 4428 1941 4500">
    <p class='ocr_par' dir='ltr' id='par_1_45' title="bbox 373 4428 1941 4500">
     <span class='ocr_line' id='line_1_45' title="bbox 373 4428 1941 4500; baseline 0.002 -19"><span class='ocrx_word' id='word_1_322' title='bbox 373 4428 479 4482; x_wconf 91' lang='lat' dir='ltr'><strong>diei</strong></span> <span class='ocrx_word' id='word_1_323' title='bbox 520 4436 719 4496; x_wconf 89' lang='lat' dir='ltr'><strong>partem</strong></span> <span class='ocrx_word' id='word_1_324' title='bbox 763 4430 813 4482; x_wconf 92' lang='lat' dir='ltr'><strong>in</strong></span> <span class='ocrx_word' id='word_1_325' title='bbox 861 4438 983 4497; x_wconf 90' lang='lat' dir='ltr'><strong>potu</strong></span> <span class='ocrx_word' id='word_1_326' title='bbox 1024 4430 1431 4492; x_wconf 88' lang='lat' dir='ltr'><strong>conterentium,</strong></span> <span class='ocrx_word' id='word_1_327' title='bbox 1474 4430 1701 4500; x_wconf 91' lang='lat' dir='ltr'><strong>denique</strong></span> <span class='ocrx_word' id='word_1_328' title='bbox 1748 4431 1941 4484; x_wconf 89' lang='lat' dir='ltr'><strong>nullius</strong></span> 
     </span>
    </p>
   </div>
   <div class='ocr_carea' id='block_1_46' title="bbox 374 4520 1940 4589">
    <p class='ocr_par' dir='ltr' id='par_1_46' title="bbox 374 4520 1940 4589">
     <span class='ocr_line' id='line_1_46' title="bbox 374 4520 1940 4589; baseline 0 -15"><span class='ocrx_word' id='word_1_329' title='bbox 374 4520 448 4574; x_wconf 89' lang='lat' dir='ltr'><strong>rei</strong></span> <span class='ocrx_word' id='word_1_330' title='bbox 474 4521 789 4575; x_wconf 80' lang='lat' dir='ltr'><strong>necessariae</strong></span> <span class='ocrx_word' id='word_1_331' title='bbox 809 4529 900 4573; x_wconf 91' lang='lat' dir='ltr'><strong>aut</strong></span> <span class='ocrx_word' id='word_1_332' title='bbox 924 4520 1157 4575; x_wconf 86' lang='lat' dir='ltr'><strong>honestae</strong></span> <span class='ocrx_word' id='word_1_333' title='bbox 1181 4520 1478 4585; x_wconf 89' lang='lat' dir='ltr'><strong>scientiam,</strong></span> <span class='ocrx_word' id='word_1_334' title='bbox 1504 4522 1627 4574; x_wconf 91' lang='lat' dir='ltr'><strong>vino</strong></span> <span class='ocrx_word' id='word_1_335' title='bbox 1651 4521 1940 4589; x_wconf 90' lang='lat' dir='ltr'><strong>impedien-</strong></span> 
     </span>
    </p>
   </div>
   <div class='ocr_carea' id='block_1_47' title="bbox 375 4609 1936 4680">
    <p class='ocr_par' dir='ltr' id='par_1_47' title="bbox 375 4609 1936 4680">
     <span class='ocr_line' id='line_1_47' title="bbox 375 4609 1936 4680; baseline 0.002 -18"><span class='ocrx_word' id='word_1_336' title='bbox 375 4618 425 4663; x_wconf 91' lang='lat' dir='ltr'><strong>te</strong></span> <span class='ocrx_word' id='word_1_337' title='bbox 446 4651 459 4671; x_wconf 89' lang='lat'><strong>,</strong></span> <span class='ocrx_word' id='word_1_338' title='bbox 488 4609 811 4664; x_wconf 85' lang='lat' dir='ltr'><strong>callentium.</strong></span> <span class='ocrx_word' id='word_1_339' title='bbox 854 4610 963 4664; x_wconf 88' lang='lat' dir='ltr'><strong>Ilac</strong></span> <span class='ocrx_word' id='word_1_340' title='bbox 1003 4625 1130 4680; x_wconf 91' lang='lat' dir='ltr'><strong>ergo</strong></span> <span class='ocrx_word' id='word_1_341' title='bbox 1158 4613 1316 4666; x_wconf 91' lang='lat' dir='ltr'><strong>etiam</strong></span> <span class='ocrx_word' id='word_1_342' title='bbox 1348 4612 1551 4665; x_wconf 90' lang='lat' dir='ltr'><strong>ratione</strong></span> <span class='ocrx_word' id='word_1_343' title='bbox 1593 4613 1936 4666; x_wconf 89' lang='lat' dir='ltr'><strong>monasticam</strong></span> 
     </span>
    </p>
   </div>
   <div class='ocr_carea' id='block_1_48' title="bbox 374 4700 1933 4773">
    <p class='ocr_par' dir='ltr' id='par_1_48' title="bbox 374 4700 1933 4773">
     <span class='ocr_line' id='line_1_48' title="bbox 374 4700 1933 4773; baseline 0.003 -21"><span class='ocrx_word' id='word_1_344' title='bbox 374 4701 533 4753; x_wconf 89' lang='lat' dir='ltr'><strong>vitam</strong></span> <span class='ocrx_word' id='word_1_345' title='bbox 563 4700 815 4755; x_wconf 88' lang='lat' dir='ltr'><strong>convenit</strong></span> <span class='ocrx_word' id='word_1_346' title='bbox 836 4716 895 4754; x_wconf 94' lang='lat' dir='ltr'><strong>ea</strong></span> <span class='ocrx_word' id='word_1_347' title='bbox 922 4701 1210 4755; x_wconf 87' lang='lat' dir='ltr'><strong>beatiorem</strong></span> <span class='ocrx_word' id='word_1_348' title='bbox 1241 4702 1437 4767; x_wconf 88' lang='lat' dir='ltr'><strong>dicere,</strong></span> <span class='ocrx_word' id='word_1_349' title='bbox 1469 4714 1587 4773; x_wconf 62' lang='lat' dir='ltr'><strong>quae</strong></span> <span class='ocrx_word' id='word_1_350' title='bbox 1616 4703 1933 4772; x_wconf 89' lang='lat' dir='ltr'><strong>principatu,</strong></span> 
     </span>
    </p>
   </div>
   <div class='ocr_carea' id='block_1_49' title="bbox 371 4795 1346 4861">
    <p class='ocr_par' dir='ltr' id='par_1_49' title="bbox 371 4795 1346 4861">
     <span class='ocr_line' id='line_1_49' title="bbox 371 4795 1346 4861; baseline 0.004 -18"><span class='ocrx_word' id='word_1_351' title='bbox 371 4807 488 4861; x_wconf 71' lang='lat' dir='ltr'><strong>qua:</strong></span> <span class='ocrx_word' id='word_1_352' title='bbox 515 4806 697 4861; x_wconf 83' lang='lat' dir='ltr'><strong>regno,</strong></span> <span class='ocrx_word' id='word_1_353' title='bbox 730 4808 845 4861; x_wconf 69' lang='lat' dir='ltr'><strong>qua:</strong></span> <span class='ocrx_word' id='word_1_354' title='bbox 872 4795 1094 4860; x_wconf 87' lang='lat' dir='ltr'><strong>sceptris</strong></span> <span class='ocrx_word' id='word_1_355' title='bbox 1123 4802 1346 4847; x_wconf 89' lang='lat' dir='ltr'><strong>constat.</strong></span> 
     </span>
    </p>
   </div>
   <div class='ocr_carea' id='block_1_50' title="bbox 444 4882 1939 4956">
    <p class='ocr_par' dir='ltr' id='par_1_50' title="bbox 444 4882 1939 4956">
     <span class='ocr_line' id='line_1_50' title="bbox 444 4882 1939 4956; baseline 0.007 -20"><span class='ocrx_word' id='word_1_356' title='bbox 444 4884 495 4936; x_wconf 83' lang='lat'><strong>&#39;5.</strong></span> <span class='ocrx_word' id='word_1_357' title='bbox 541 4882 799 4937; x_wconf 76' lang='lat' dir='ltr'><strong>Nocturna</strong></span> <span class='ocrx_word' id='word_1_358' title='bbox 848 4893 1066 4954; x_wconf 80' lang='lat' dir='ltr'><strong>tempore</strong></span> <span class='ocrx_word' id='word_1_359' title='bbox 1109 4894 1216 4939; x_wconf 86' lang='lat' dir='ltr'><strong>uter</strong></span> <span class='ocrx_word' id='word_1_360' title='bbox 1261 4886 1467 4939; x_wconf 82' lang='lat' dir='ltr'><strong>beatior.</strong></span> <span class='ocrx_word' id='word_1_361' title='bbox 1498 4918 1569 4929; x_wconf 87' lang='lat'><strong>—-</strong></span> <span class='ocrx_word' id='word_1_362' title='bbox 1598 4889 1747 4956; x_wconf 88' lang='lat' dir='ltr'><strong>Quod</strong></span> <span class='ocrx_word' id='word_1_363' title='bbox 1790 4891 1834 4945; x_wconf 91' lang='lat' dir='ltr'><strong>si</strong></span> <span class='ocrx_word' id='word_1_364' title='bbox 1884 4902 1939 4947; x_wconf 84' lang='lat' dir='ltr'><strong>et</strong></span> 
     </span>
    </p>
   </div>
   <div class='ocr_carea' id='block_1_51' title="bbox 369 4973 1936 5045">
    <p class='ocr_par' dir='ltr' id='par_1_51' title="bbox 369 4973 1936 5045">
     <span class='ocr_line' id='line_1_51' title="bbox 369 4973 1936 5045; baseline 0.007 -19"><span class='ocrx_word' id='word_1_365' title='bbox 369 4973 539 5027; x_wconf 70' lang='lat' dir='ltr'><strong>nectis</strong></span> <span class='ocrx_word' id='word_1_366' title='bbox 592 4982 799 5041; x_wconf 90' lang='lat' dir='ltr'><strong>tempus</strong></span> <span class='ocrx_word' id='word_1_367' title='bbox 862 4976 1165 5030; x_wconf 90' lang='lat' dir='ltr'><strong>examinare</strong></span> <span class='ocrx_word' id='word_1_368' title='bbox 1209 4977 1566 5045; x_wconf 90' lang='lat' dir='ltr'><strong>voluerimus,</strong></span> <span class='ocrx_word' id='word_1_369' title='bbox 1618 4982 1936 5037; x_wconf 90' lang='lat' dir='ltr'><strong>monachum</strong></span> 
     </span>
    </p>
   </div>
   <div class='ocr_carea' id='block_1_52' title="bbox 367 5063 1935 5144">
    <p class='ocr_par' dir='ltr' id='par_1_52' title="bbox 367 5063 1935 5144">
     <span class='ocr_line' id='line_1_52' title="bbox 367 5063 1935 5144; baseline 0.008 -27"><span class='ocrx_word' id='word_1_370' title='bbox 367 5063 579 5133; x_wconf 84' lang='lat' dir='ltr'><strong>quidem</strong></span> <span class='ocrx_word' id='word_1_371' title='bbox 606 5063 903 5119; x_wconf 90' lang='lat' dir='ltr'><strong>videbimus</strong></span> <span class='ocrx_word' id='word_1_372' title='bbox 940 5066 1031 5120; x_wconf 93' lang='lat' dir='ltr'><strong>Dei</strong></span> <span class='ocrx_word' id='word_1_373' title='bbox 1069 5067 1213 5121; x_wconf 91' lang='lat' dir='ltr'><strong>cultu</strong></span> <span class='ocrx_word' id='word_1_374' title='bbox 1255 5083 1317 5123; x_wconf 91' lang='lat' dir='ltr'><strong>ac</strong></span> <span class='ocrx_word' id='word_1_375' title='bbox 1359 5070 1605 5138; x_wconf 88' lang='lat' dir='ltr'><strong>precibus</strong></span> <span class='ocrx_word' id='word_1_376' title='bbox 1652 5074 1935 5144; x_wconf 80' lang='lat' dir='ltr'><strong>insignem,</strong></span> 
     </span>
    </p>
   </div>
   <div class='ocr_carea' id='block_1_53' title="bbox 368 5152 1936 5236">
    <p class='ocr_par' dir='ltr' id='par_1_53' title="bbox 368 5152 1936 5236">
     <span class='ocr_line' id='line_1_53' title="bbox 368 5152 1936 5236; baseline 0.01 -30"><span class='ocrx_word' id='word_1_377' title='bbox 368 5152 536 5207; x_wconf 91' lang='lat' dir='ltr'><strong>multo</strong></span> <span class='ocrx_word' id='word_1_378' title='bbox 564 5163 687 5209; x_wconf 90' lang='lat' dir='ltr'><strong>ante</strong></span> <span class='ocrx_word' id='word_1_379' title='bbox 730 5155 1050 5224; x_wconf 88' lang='lat' dir='ltr'><strong>gallinaceos</strong></span> <span class='ocrx_word' id='word_1_380' title='bbox 1094 5167 1330 5228; x_wconf 90' lang='lat' dir='ltr'><strong>tempore</strong></span> <span class='ocrx_word' id='word_1_381' title='bbox 1375 5172 1693 5229; x_wconf 87' lang='lat' dir='ltr'><strong>canentem,</strong></span> <span class='ocrx_word' id='word_1_382' title='bbox 1735 5167 1936 5236; x_wconf 85' lang='lat' dir='ltr'><strong>angelis</strong></span> 
     </span>
    </p>
   </div>
   <div class='ocr_carea' id='block_1_54' title="bbox 364 5246 1933 5325">
    <p class='ocr_par' dir='ltr' id='par_1_54' title="bbox 364 5246 1933 5325">
     <span class='ocr_line' id='line_1_54' title="bbox 364 5246 1933 5325; baseline 0.01 -27"><span class='ocrx_word' id='word_1_383' title='bbox 364 5246 759 5302; x_wconf 88' lang='lat' dir='ltr'><strong>convictoribus</strong></span> <span class='ocrx_word' id='word_1_384' title='bbox 784 5257 1017 5303; x_wconf 89' lang='lat' dir='ltr'><strong>utentem</strong></span> <span class='ocrx_word' id='word_1_385' title='bbox 1035 5291 1050 5314; x_wconf 94' lang='lat'><strong>,</strong></span> <span class='ocrx_word' id='word_1_386' title='bbox 1081 5265 1200 5305; x_wconf 93' lang='lat' dir='ltr'><strong>cum</strong></span> <span class='ocrx_word' id='word_1_387' title='bbox 1232 5252 1339 5307; x_wconf 92' lang='lat' dir='ltr'><strong>Deo</strong></span> <span class='ocrx_word' id='word_1_388' title='bbox 1366 5253 1754 5325; x_wconf 85' lang='lat' dir='ltr'><strong>colloquentem</strong></span> <span class='ocrx_word' id='word_1_389' title='bbox 1774 5299 1789 5322; x_wconf 90' lang='lat'><strong>,</strong></span> <span class='ocrx_word' id='word_1_390' title='bbox 1820 5274 1933 5313; x_wconf 69' lang='lat' dir='ltr'><strong>caa-</strong></span> 
     </span>
    </p>
   </div>
   <div class='ocr_carea' id='block_1_55' title="bbox 367 5334 1934 5418">
    <p class='ocr_par' dir='ltr' id='par_1_55' title="bbox 367 5334 1934 5418">
     <span class='ocr_line' id='line_1_55' title="bbox 367 5334 1934 5418; baseline 0.01 -30"><span class='ocrx_word' id='word_1_391' title='bbox 367 5334 590 5390; x_wconf 92' lang='lat' dir='ltr'><strong>lestibus</strong></span> <span class='ocrx_word' id='word_1_392' title='bbox 617 5338 773 5393; x_wconf 89' lang='lat' dir='ltr'><strong>bonis</strong></span> <span class='ocrx_word' id='word_1_393' title='bbox 811 5338 1069 5394; x_wconf 89' lang='lat' dir='ltr'><strong>fruentem</strong></span> <span class='ocrx_word' id='word_1_394' title='bbox 1105 5358 1119 5394; x_wconf 89' lang='lat'><strong>:</strong></span> <span class='ocrx_word' id='word_1_395' title='bbox 1151 5357 1271 5397; x_wconf 93' lang='lat' dir='ltr'><strong>eum</strong></span> <span class='ocrx_word' id='word_1_396' title='bbox 1300 5359 1427 5397; x_wconf 91' lang='lat' dir='ltr'><strong>vero</strong></span> <span class='ocrx_word' id='word_1_397' title='bbox 1471 5345 1559 5414; x_wconf 84' lang='lat' dir='ltr'><strong>qui</strong></span> <span class='ocrx_word' id='word_1_398' title='bbox 1588 5349 1767 5403; x_wconf 91' lang='lat' dir='ltr'><strong>multis</strong></span> <span class='ocrx_word' id='word_1_399' title='bbox 1803 5364 1934 5418; x_wconf 87' lang='lat' dir='ltr'><strong>gen-</strong></span> 
     </span>
    </p>
   </div>
   <div class='ocr_carea' id='block_1_56' title="bbox 367 5426 1934 5510">
    <p class='ocr_par' dir='ltr' id='par_1_56' title="bbox 367 5426 1934 5510">
     <span class='ocr_line' id='line_1_56' title="bbox 367 5426 1934 5510; baseline 0.011 -32"><span class='ocrx_word' id='word_1_400' title='bbox 367 5426 525 5493; x_wconf 91' lang='lat' dir='ltr'><strong>tibus,</strong></span> <span class='ocrx_word' id='word_1_401' title='bbox 558 5429 737 5484; x_wconf 92' lang='lat' dir='ltr'><strong>multis</strong></span> <span class='ocrx_word' id='word_1_402' title='bbox 762 5431 991 5500; x_wconf 89' lang='lat' dir='ltr'><strong>populis,</strong></span> <span class='ocrx_word' id='word_1_403' title='bbox 1019 5442 1176 5502; x_wconf 89' lang='lat' dir='ltr'><strong>atque</strong></span> <span class='ocrx_word' id='word_1_404' title='bbox 1208 5436 1528 5491; x_wconf 84' lang='lat' dir='ltr'><strong>exercitibus</strong></span> <span class='ocrx_word' id='word_1_405' title='bbox 1555 5450 1774 5505; x_wconf 67' lang='lat' dir='ltr'><strong>prmest,</strong></span> <span class='ocrx_word' id='word_1_406' title='bbox 1812 5442 1934 5510; x_wconf 91' lang='lat' dir='ltr'><strong>qui-</strong></span> 
     </span>
    </p>
   </div>
   <div class='ocr_carea' id='block_1_57' title="bbox 367 5521 1935 5591">
    <p class='ocr_par' dir='ltr' id='par_1_57' title="bbox 367 5521 1935 5591">
     <span class='ocr_line' id='line_1_57' title="bbox 367 5521 1935 5591; baseline 0.011 -24"><span class='ocrx_word' id='word_1_407' title='bbox 367 5531 470 5582; x_wconf 92' lang='lat' dir='ltr'><strong>que</strong></span> <span class='ocrx_word' id='word_1_408' title='bbox 498 5524 635 5571; x_wconf 90' lang='lat' dir='ltr'><strong>terra</strong></span> <span class='ocrx_word' id='word_1_409' title='bbox 660 5534 724 5573; x_wconf 90' lang='lat' dir='ltr'><strong>ac</strong></span> <span class='ocrx_word' id='word_1_410' title='bbox 747 5521 879 5573; x_wconf 92' lang='lat' dir='ltr'><strong>mari</strong></span> <span class='ocrx_word' id='word_1_411' title='bbox 906 5522 1014 5575; x_wconf 91' lang='lat' dir='ltr'><strong>late</strong></span> <span class='ocrx_word' id='word_1_412' title='bbox 1045 5522 1287 5591; x_wconf 90' lang='lat' dir='ltr'><strong>imperat,</strong></span> <span class='ocrx_word' id='word_1_413' title='bbox 1312 5525 1364 5578; x_wconf 91' lang='lat' dir='ltr'><strong>in</strong></span> <span class='ocrx_word' id='word_1_414' title='bbox 1393 5526 1528 5580; x_wconf 92' lang='lat' dir='ltr'><strong>lecto</strong></span> <span class='ocrx_word' id='word_1_415' title='bbox 1561 5527 1845 5583; x_wconf 88' lang='lat' dir='ltr'><strong>distentum</strong></span> <span class='ocrx_word' id='word_1_416' title='bbox 1872 5546 1935 5585; x_wconf 91' lang='lat' dir='ltr'><strong>ac</strong></span> 
     </span>
    </p>
   </div>
   <div class='ocr_carea' id='block_1_58' title="bbox 367 5611 1933 5688">
    <p class='ocr_par' dir='ltr' id='par_1_58' title="bbox 367 5611 1933 5688">
     <span class='ocr_line' id='line_1_58' title="bbox 367 5611 1933 5688; baseline 0.01 -28"><span class='ocrx_word' id='word_1_417' title='bbox 367 5616 696 5664; x_wconf 86' lang='lat' dir='ltr'><strong>stertentem.</strong></span> <span class='ocrx_word' id='word_1_418' title='bbox 730 5611 820 5666; x_wconf 88' lang='lat' dir='ltr'><strong>Ille</strong></span> <span class='ocrx_word' id='word_1_419' title='bbox 858 5612 1070 5682; x_wconf 92' lang='lat' dir='ltr'><strong>quidem</strong></span> <span class='ocrx_word' id='word_1_420' title='bbox 1102 5614 1231 5668; x_wconf 90' lang='lat' dir='ltr'><strong>cibis</strong></span> <span class='ocrx_word' id='word_1_421' title='bbox 1262 5615 1327 5669; x_wconf 92' lang='lat' dir='ltr'><strong>iis</strong></span> <span class='ocrx_word' id='word_1_422' title='bbox 1352 5616 1533 5682; x_wconf 89' lang='lat' dir='ltr'><strong>alitur,</strong></span> <span class='ocrx_word' id='word_1_423' title='bbox 1564 5620 1649 5688; x_wconf 92' lang='lat' dir='ltr'><strong>qui</strong></span> <span class='ocrx_word' id='word_1_424' title='bbox 1676 5620 1839 5674; x_wconf 92' lang='lat' dir='ltr'><strong>altum</strong></span> <span class='ocrx_word' id='word_1_425' title='bbox 1867 5622 1933 5676; x_wconf 88' lang='lat' dir='ltr'><strong>ab</strong></span> 
     </span>
    </p>
   </div>
   <div class='ocr_carea' id='block_1_59' title="bbox 369 5702 1932 5774">
    <p class='ocr_par' dir='ltr' id='par_1_59' title="bbox 369 5702 1932 5774">
     <span class='ocr_line' id='line_1_59' title="bbox 369 5702 1932 5774; baseline 0.008 -22"><span class='ocrx_word' id='word_1_426' title='bbox 369 5712 435 5753; x_wconf 91' lang='lat' dir='ltr'><strong>eo</strong></span> <span class='ocrx_word' id='word_1_427' title='bbox 478 5714 723 5755; x_wconf 89' lang='lat' dir='ltr'><strong>somnum</strong></span> <span class='ocrx_word' id='word_1_428' title='bbox 772 5702 988 5759; x_wconf 90' lang='lat' dir='ltr'><strong>minime</strong></span> <span class='ocrx_word' id='word_1_429' title='bbox 1037 5705 1255 5774; x_wconf 88' lang='lat' dir='ltr'><strong>exigant</strong></span> <span class='ocrx_word' id='word_1_430' title='bbox 1288 5724 1301 5759; x_wconf 91' lang='lat'><strong>:</strong></span> <span class='ocrx_word' id='word_1_431' title='bbox 1330 5706 1468 5762; x_wconf 90' lang='lat' dir='ltr'><strong>hunc</strong></span> <span class='ocrx_word' id='word_1_432' title='bbox 1511 5718 1687 5763; x_wconf 87' lang='lat' dir='ltr'><strong>autem</strong></span> <span class='ocrx_word' id='word_1_433' title='bbox 1732 5711 1932 5765; x_wconf 72' lang='lat' dir='ltr'><strong>delicia:</strong></span> 
     </span>
    </p>
   </div>
   <div class='ocr_carea' id='block_1_60' title="bbox 368 5790 1928 5872">
    <p class='ocr_par' dir='ltr' id='par_1_60' title="bbox 368 5790 1928 5872">
     <span class='ocr_line' id='line_1_60' title="bbox 368 5790 1928 5872; baseline 0.01 -29"><span class='ocrx_word' id='word_1_434' title='bbox 368 5790 685 5859; x_wconf 80' lang='lat' dir='ltr'><strong>mnsopiuut</strong></span> <span class='ocrx_word' id='word_1_435' title='bbox 726 5804 780 5847; x_wconf 91' lang='lat' dir='ltr'><strong>et</strong></span> <span class='ocrx_word' id='word_1_436' title='bbox 821 5804 1005 5863; x_wconf 90' lang='lat' dir='ltr'><strong>potus,</strong></span> <span class='ocrx_word' id='word_1_437' title='bbox 1052 5796 1297 5851; x_wconf 88' lang='lat' dir='ltr'><strong>eumdem</strong></span> <span class='ocrx_word' id='word_1_438' title='bbox 1343 5800 1395 5853; x_wconf 89' lang='lat' dir='ltr'><strong>in</strong></span> <span class='ocrx_word' id='word_1_439' title='bbox 1441 5800 1632 5857; x_wconf 77' lang='lat' dir='ltr'><strong>Icclulo</strong></span> <span class='ocrx_word' id='word_1_440' title='bbox 1662 5802 1727 5857; x_wconf 89' lang='lat' dir='ltr'><strong>ad</strong></span> <span class='ocrx_word' id='word_1_441' title='bbox 1761 5804 1928 5872; x_wconf 90' lang='lat' dir='ltr'><strong>ipsum</strong></span> 
     </span>
    </p>
   </div>
   <div class='ocr_carea' id='block_1_61' title="bbox 1460 370 2607 433">
    <p class='ocr_par' dir='ltr' id='par_1_61' title="bbox 1460 370 2607 433">
     <span class='ocr_line' id='line_1_61' title="bbox 1460 370 2607 433; baseline 0 -3"><span class='ocrx_word' id='word_1_442' title='bbox 1460 374 1897 430; x_wconf 68' lang='lat' dir='ltr'><strong>COMPARATIO</strong></span> <span class='ocrx_word' id='word_1_443' title='bbox 1925 370 2126 430; x_wconf 80' lang='lat' dir='ltr'><strong>REGIS</strong></span> <span class='ocrx_word' id='word_1_444' title='bbox 2164 374 2249 432; x_wconf 82' lang='grc' dir='ltr'><strong>ΕΤ</strong></span> <span class='ocrx_word' id='word_1_445' title='bbox 2289 376 2607 433; x_wconf 73' lang='lat' dir='ltr'><strong>MONACIII.</strong></span> 
     </span>
    </p>
   </div>
   <div class='ocr_carea' id='block_1_62' title="bbox 3524 374 3627 430">
    <p class='ocr_par' dir='ltr' id='par_1_62' title="bbox 3524 374 3627 430">
     <span class='ocr_line' id='line_1_62' title="bbox 3524 374 3627 430; baseline -0.019 0"><span class='ocrx_word' id='word_1_446' title='bbox 3524 374 3627 430; x_wconf 71' lang='lat'><strong>590</strong></span> 
     </span>
    </p>
   </div>
   <div class='ocr_carea' id='block_1_63' title="bbox 2056 488 3625 556">
    <p class='ocr_par' dir='ltr' id='par_1_63' title="bbox 2056 488 3625 556">
     <span class='ocr_line' id='line_1_63' title="bbox 2056 488 3625 556; baseline 0.004 -19"><span class='ocrx_word' id='word_1_447' title='bbox 2056 501 2220 556; x_wconf 89' lang='lat' dir='ltr'><strong>usque</strong></span> <span class='ocrx_word' id='word_1_448' title='bbox 2241 489 2379 543; x_wconf 92' lang='lat' dir='ltr'><strong>diem</strong></span> <span class='ocrx_word' id='word_1_449' title='bbox 2403 490 2664 545; x_wconf 88' lang='lat' dir='ltr'><strong>detinens.</strong></span> <span class='ocrx_word' id='word_1_450' title='bbox 2692 490 2807 544; x_wconf 86' lang='lat' dir='ltr'><strong>Jam</strong></span> <span class='ocrx_word' id='word_1_451' title='bbox 2829 488 3088 545; x_wconf 87' lang='lat' dir='ltr'><strong>monacho</strong></span> <span class='ocrx_word' id='word_1_452' title='bbox 3108 497 3163 545; x_wconf 90' lang='lat' dir='ltr'><strong>et</strong></span> <span class='ocrx_word' id='word_1_453' title='bbox 3181 490 3343 545; x_wconf 89' lang='lat' dir='ltr'><strong>vestis</strong></span> <span class='ocrx_word' id='word_1_454' title='bbox 3363 496 3416 544; x_wconf 90' lang='lat' dir='ltr'><strong>et</strong></span> <span class='ocrx_word' id='word_1_455' title='bbox 3441 503 3625 544; x_wconf 85' lang='lat' dir='ltr'><strong>mensa</strong></span> 
     </span>
    </p>
   </div>
   <div class='ocr_carea' id='block_1_64' title="bbox 2054 579 3628 651">
    <p class='ocr_par' dir='ltr' id='par_1_64' title="bbox 2054 579 3628 651">
     <span class='ocr_line' id='line_1_64' title="bbox 2054 579 3628 651; baseline 0.002 -21"><span class='ocrx_word' id='word_1_456' title='bbox 2054 579 2346 645; x_wconf 89' lang='lat' dir='ltr'><strong>moderata,</strong></span> <span class='ocrx_word' id='word_1_457' title='bbox 2376 589 2429 635; x_wconf 92' lang='lat' dir='ltr'><strong>et</strong></span> <span class='ocrx_word' id='word_1_458' title='bbox 2456 581 2790 636; x_wconf 87' lang='lat' dir='ltr'><strong>convictores</strong></span> <span class='ocrx_word' id='word_1_459' title='bbox 2822 581 3058 651; x_wconf 88' lang='lat' dir='ltr'><strong>ejusdem</strong></span> <span class='ocrx_word' id='word_1_460' title='bbox 3090 582 3301 636; x_wconf 89' lang='lat' dir='ltr'><strong>virtutis</strong></span> <span class='ocrx_word' id='word_1_461' title='bbox 3325 580 3502 635; x_wconf 64' lang='lat' dir='ltr'><strong>aemuli</strong></span> <span class='ocrx_word' id='word_1_462' title='bbox 3530 598 3542 634; x_wconf 88' lang='lat'><strong>:</strong></span> <span class='ocrx_word' id='word_1_463' title='bbox 3573 592 3628 634; x_wconf 90' lang='lat' dir='ltr'><strong>at</strong></span> 
     </span>
    </p>
   </div>
   <div class='ocr_carea' id='block_1_65' title="bbox 2052 672 3622 743">
    <p class='ocr_par' dir='ltr' id='par_1_65' title="bbox 2052 672 3622 743">
     <span class='ocr_line' id='line_1_65' title="bbox 2052 672 3622 743; baseline 0.003 -21"><span class='ocrx_word' id='word_1_464' title='bbox 2052 685 2229 740; x_wconf 88' lang='lat' dir='ltr'><strong>regem</strong></span> <span class='ocrx_word' id='word_1_465' title='bbox 2257 686 2475 727; x_wconf 88' lang='lat' dir='ltr'><strong>necesse</strong></span> <span class='ocrx_word' id='word_1_466' title='bbox 2500 685 2581 728; x_wconf 90' lang='lat' dir='ltr'><strong>est</strong></span> <span class='ocrx_word' id='word_1_467' title='bbox 2618 683 2671 728; x_wconf 89' lang='lat' dir='ltr'><strong>et</strong></span> <span class='ocrx_word' id='word_1_468' title='bbox 2714 674 2905 743; x_wconf 91' lang='lat' dir='ltr'><strong>lapillis</strong></span> <span class='ocrx_word' id='word_1_469' title='bbox 2935 680 2988 728; x_wconf 92' lang='lat' dir='ltr'><strong>et</strong></span> <span class='ocrx_word' id='word_1_470' title='bbox 3011 688 3142 728; x_wconf 90' lang='lat' dir='ltr'><strong>auro</strong></span> <span class='ocrx_word' id='word_1_471' title='bbox 3171 672 3455 743; x_wconf 88' lang='lat' dir='ltr'><strong>superbum</strong></span> <span class='ocrx_word' id='word_1_472' title='bbox 3483 687 3622 735; x_wconf 89' lang='lat' dir='ltr'><strong>esse,</strong></span> 
     </span>
    </p>
   </div>
   <div class='ocr_carea' id='block_1_66' title="bbox 2051 765 3623 835">
    <p class='ocr_par' dir='ltr' id='par_1_66' title="bbox 2051 765 3623 835">
     <span class='ocr_line' id='line_1_66' title="bbox 2051 765 3623 835; baseline 0.004 -20"><span class='ocrx_word' id='word_1_473' title='bbox 2051 777 2399 834; x_wconf 92' lang='lat' dir='ltr'><strong>mensamque</strong></span> <span class='ocrx_word' id='word_1_474' title='bbox 2420 781 2689 835; x_wconf 88' lang='lat' dir='ltr'><strong>apponere</strong></span> <span class='ocrx_word' id='word_1_475' title='bbox 2713 765 3065 834; x_wconf 89' lang='lat' dir='ltr'><strong>splendidam,</strong></span> <span class='ocrx_word' id='word_1_476' title='bbox 3092 776 3200 819; x_wconf 91' lang='lat' dir='ltr'><strong>tum</strong></span> <span class='ocrx_word' id='word_1_477' title='bbox 3227 766 3623 822; x_wconf 90' lang='lat' dir='ltr'><strong>convictoribus</strong></span> 
     </span>
    </p>
   </div>
   <div class='ocr_carea' id='block_1_67' title="bbox 2052 855 3623 929">
    <p class='ocr_par' dir='ltr' id='par_1_67' title="bbox 2052 855 3623 929">
     <span class='ocr_line' id='line_1_67' title="bbox 2052 855 3623 929; baseline 0.003 -22"><span class='ocrx_word' id='word_1_478' title='bbox 2052 855 2164 921; x_wconf 92' lang='lat' dir='ltr'><strong>uti,</strong></span> <span class='ocrx_word' id='word_1_479' title='bbox 2199 855 2243 910; x_wconf 92' lang='lat' dir='ltr'><strong>si</strong></span> <span class='ocrx_word' id='word_1_480' title='bbox 2272 858 2487 926; x_wconf 91' lang='lat' dir='ltr'><strong>quidem</strong></span> <span class='ocrx_word' id='word_1_481' title='bbox 2517 858 2827 929; x_wconf 91' lang='lat' dir='ltr'><strong>imprudens</strong></span> <span class='ocrx_word' id='word_1_482' title='bbox 2854 859 2943 913; x_wconf 92' lang='lat' dir='ltr'><strong>ille</strong></span> <span class='ocrx_word' id='word_1_483' title='bbox 2971 857 3163 924; x_wconf 89' lang='lat' dir='ltr'><strong>fuerit,</strong></span> <span class='ocrx_word' id='word_1_484' title='bbox 3196 873 3291 913; x_wconf 90' lang='lat' dir='ltr'><strong>sua</strong></span> <span class='ocrx_word' id='word_1_485' title='bbox 3335 857 3623 913; x_wconf 87' lang='lat' dir='ltr'><strong>stoliditate</strong></span> 
     </span>
    </p>
   </div>
   <div class='ocr_carea' id='block_1_68' title="bbox 2050 946 3616 1019">
    <p class='ocr_par' dir='ltr' id='par_1_68' title="bbox 2050 946 3616 1019">
     <span class='ocr_line' id='line_1_68' title="bbox 2050 946 3616 1019; baseline 0.002 -21"><span class='ocrx_word' id='word_1_486' title='bbox 2050 946 2251 1015; x_wconf 90' lang='lat' dir='ltr'><strong>dignis;</strong></span> <span class='ocrx_word' id='word_1_487' title='bbox 2285 949 2367 1001; x_wconf 90' lang='lat' dir='ltr'><strong>sin</strong></span> <span class='ocrx_word' id='word_1_488' title='bbox 2395 958 2570 1003; x_wconf 89' lang='lat' dir='ltr'><strong>autem</strong></span> <span class='ocrx_word' id='word_1_489' title='bbox 2600 959 2833 1006; x_wconf 91' lang='lat' dir='ltr'><strong>mentem</strong></span> <span class='ocrx_word' id='word_1_490' title='bbox 2861 950 3072 1012; x_wconf 90' lang='lat' dir='ltr'><strong>habeat,</strong></span> <span class='ocrx_word' id='word_1_491' title='bbox 3094 958 3501 1019; x_wconf 88' lang='lat' dir='ltr'><strong>temperansque</strong></span> <span class='ocrx_word' id='word_1_492' title='bbox 3528 948 3616 1010; x_wconf 90' lang='lat' dir='ltr'><strong>sit,</strong></span> 
     </span>
    </p>
   </div>
   <div class='ocr_carea' id='block_1_69' title="bbox 2050 1039 3623 1110">
    <p class='ocr_par' dir='ltr' id='par_1_69' title="bbox 2050 1039 3623 1110">
     <span class='ocr_line' id='line_1_69' title="bbox 2050 1039 3623 1110; baseline 0.001 -19"><span class='ocrx_word' id='word_1_493' title='bbox 2050 1039 2231 1107; x_wconf 90' lang='lat' dir='ltr'><strong>probis</strong></span> <span class='ocrx_word' id='word_1_494' title='bbox 2269 1039 2493 1094; x_wconf 85' lang='lat' dir='ltr'><strong>fortasse</strong></span> <span class='ocrx_word' id='word_1_495' title='bbox 2521 1048 2575 1095; x_wconf 91' lang='lat' dir='ltr'><strong>et</strong></span> <span class='ocrx_word' id='word_1_496' title='bbox 2607 1041 2791 1110; x_wconf 93' lang='lat' dir='ltr'><strong>justis,</strong></span> <span class='ocrx_word' id='word_1_497' title='bbox 2822 1041 2915 1095; x_wconf 89' lang='lat' dir='ltr'><strong>sed</strong></span> <span class='ocrx_word' id='word_1_498' title='bbox 2955 1048 3132 1095; x_wconf 83' lang='lat' dir='ltr'><strong>tamen</strong></span> <span class='ocrx_word' id='word_1_499' title='bbox 3161 1041 3355 1094; x_wconf 88' lang='lat' dir='ltr'><strong>virtute</strong></span> <span class='ocrx_word' id='word_1_500' title='bbox 3395 1040 3460 1094; x_wconf 90' lang='lat' dir='ltr'><strong>iis</strong></span> <span class='ocrx_word' id='word_1_501' title='bbox 3488 1054 3623 1108; x_wconf 87' lang='lat' dir='ltr'><strong>quos</strong></span> 
     </span>
    </p>
   </div>
   <div class='ocr_carea' id='block_1_70' title="bbox 2049 1130 3621 1202">
    <p class='ocr_par' dir='ltr' id='par_1_70' title="bbox 2049 1130 3621 1202">
     <span class='ocr_line' id='line_1_70' title="bbox 2049 1130 3621 1202; baseline 0.002 -19"><span class='ocrx_word' id='word_1_502' title='bbox 2049 1140 2173 1184; x_wconf 90' lang='lat' dir='ltr'><strong>ante</strong></span> <span class='ocrx_word' id='word_1_503' title='bbox 2198 1130 2334 1195; x_wconf 84' lang='lat' dir='ltr'><strong>dixi,</strong></span> <span class='ocrx_word' id='word_1_504' title='bbox 2367 1132 2519 1202; x_wconf 88' lang='lat' dir='ltr'><strong>longe</strong></span> <span class='ocrx_word' id='word_1_505' title='bbox 2554 1133 2891 1188; x_wconf 90' lang='lat' dir='ltr'><strong>inferioribus</strong></span> <span class='ocrx_word' id='word_1_506' title='bbox 2920 1151 2933 1187; x_wconf 89' lang='lat'>:</span> <span class='ocrx_word' id='word_1_507' title='bbox 2966 1134 3039 1188; x_wconf 86' lang='lat' dir='ltr'><strong>ita</strong></span> <span class='ocrx_word' id='word_1_508' title='bbox 3062 1148 3155 1187; x_wconf 87' lang='lat' dir='ltr'><strong>rex</strong></span> <span class='ocrx_word' id='word_1_509' title='bbox 3186 1140 3245 1187; x_wconf 90' lang='lat' dir='ltr'><strong>ut</strong></span> <span class='ocrx_word' id='word_1_510' title='bbox 3270 1131 3621 1202; x_wconf 71' lang='lat' dir='ltr'><strong>philosOphia:</strong></span> 
     </span>
    </p>
   </div>
   <div class='ocr_carea' id='block_1_71' title="bbox 2049 1220 3618 1295">
    <p class='ocr_par' dir='ltr' id='par_1_71' title="bbox 2049 1220 3618 1295">
     <span class='ocr_line' id='line_1_71' title="bbox 2049 1220 3618 1295; baseline 0 -21"><span class='ocrx_word' id='word_1_511' title='bbox 2049 1220 2256 1276; x_wconf 88' lang='lat' dir='ltr'><strong>deditus</strong></span> <span class='ocrx_word' id='word_1_512' title='bbox 2283 1224 2380 1287; x_wconf 87' lang='lat' dir='ltr'><strong>sit,</strong></span> <span class='ocrx_word' id='word_1_513' title='bbox 2412 1235 2586 1278; x_wconf 90' lang='lat' dir='ltr'><strong>tamen</strong></span> <span class='ocrx_word' id='word_1_514' title='bbox 2630 1240 2697 1279; x_wconf 89' lang='lat' dir='ltr'><strong>ne</strong></span> <span class='ocrx_word' id='word_1_515' title='bbox 2740 1224 3001 1279; x_wconf 90' lang='lat' dir='ltr'><strong>tantillum</strong></span> <span class='ocrx_word' id='word_1_516' title='bbox 3034 1224 3246 1295; x_wconf 88' lang='lat' dir='ltr'><strong>quidem</strong></span> <span class='ocrx_word' id='word_1_517' title='bbox 3280 1223 3347 1277; x_wconf 89' lang='lat' dir='ltr'><strong>ad</strong></span> <span class='ocrx_word' id='word_1_518' title='bbox 3374 1222 3618 1277; x_wconf 87' lang='lat' dir='ltr'><strong>monachi</strong></span> 
     </span>
    </p>
   </div>
   <div class='ocr_carea' id='block_1_72' title="bbox 2049 1312 3619 1385">
    <p class='ocr_par' dir='ltr' id='par_1_72' title="bbox 2049 1312 3619 1385">
     <span class='ocr_line' id='line_1_72' title="bbox 2049 1312 3619 1385; baseline 0.001 -21"><span class='ocrx_word' id='word_1_519' title='bbox 2049 1313 2297 1366; x_wconf 90' lang='lat' dir='ltr'><strong>virtutem</strong></span> <span class='ocrx_word' id='word_1_520' title='bbox 2332 1315 2549 1383; x_wconf 91' lang='lat' dir='ltr'><strong>propius</strong></span> <span class='ocrx_word' id='word_1_521' title='bbox 2574 1315 2829 1370; x_wconf 88' lang='lat' dir='ltr'><strong>accedere</strong></span> <span class='ocrx_word' id='word_1_522' title='bbox 2857 1324 3033 1385; x_wconf 89' lang='lat' dir='ltr'><strong>queat.</strong></span> <span class='ocrx_word' id='word_1_523' title='bbox 3080 1315 3287 1370; x_wconf 86' lang='lat' dir='ltr'><strong>Etenim</strong></span> <span class='ocrx_word' id='word_1_524' title='bbox 3328 1314 3381 1367; x_wconf 91' lang='lat' dir='ltr'><strong>in</strong></span> <span class='ocrx_word' id='word_1_525' title='bbox 3411 1312 3619 1367; x_wconf 54' lang='lat' dir='ltr'><strong>itineri-</strong></span> 
     </span>
    </p>
   </div>
   <div class='ocr_carea' id='block_1_73' title="bbox 2049 1403 3619 1476">
    <p class='ocr_par' dir='ltr' id='par_1_73' title="bbox 2049 1403 3619 1476">
     <span class='ocr_line' id='line_1_73' title="bbox 2049 1403 3619 1476; baseline -0.001 -19"><span class='ocrx_word' id='word_1_526' title='bbox 2049 1404 2147 1457; x_wconf 89' lang='lat' dir='ltr'><strong>bus</strong></span> <span class='ocrx_word' id='word_1_527' title='bbox 2176 1404 2431 1458; x_wconf 85' lang='lat' dir='ltr'><strong>faciendis</strong></span> <span class='ocrx_word' id='word_1_528' title='bbox 2472 1405 2695 1459; x_wconf 90' lang='lat' dir='ltr'><strong>subditis</strong></span> <span class='ocrx_word' id='word_1_529' title='bbox 2721 1408 2895 1476; x_wconf 84' lang='lat' dir='ltr'><strong>gravis</strong></span> <span class='ocrx_word' id='word_1_530' title='bbox 2922 1414 3004 1460; x_wconf 90' lang='lat' dir='ltr'><strong>est</strong></span> <span class='ocrx_word' id='word_1_531' title='bbox 3024 1448 3036 1467; x_wconf 83' lang='lat'><strong>,</strong></span> <span class='ocrx_word' id='word_1_532' title='bbox 3064 1414 3323 1475; x_wconf 61' lang='lat' dir='ltr'><strong>praeterea</strong></span> <span class='ocrx_word' id='word_1_533' title='bbox 3350 1413 3405 1459; x_wconf 85' lang='lat' dir='ltr'><strong>et.</strong></span> <span class='ocrx_word' id='word_1_534' title='bbox 3435 1403 3619 1459; x_wconf 89' lang='lat' dir='ltr'><strong>urbem</strong></span> 
     </span>
    </p>
   </div>
   <div class='ocr_carea' id='block_1_74' title="bbox 2050 1494 3616 1565">
    <p class='ocr_par' dir='ltr' id='par_1_74' title="bbox 2050 1494 3616 1565">
     <span class='ocr_line' id='line_1_74' title="bbox 2050 1494 3616 1565; baseline 0.002 -19"><span class='ocrx_word' id='word_1_535' title='bbox 2050 1494 2315 1555; x_wconf 87' lang='lat' dir='ltr'><strong>habitans,</strong></span> <span class='ocrx_word' id='word_1_536' title='bbox 2354 1504 2407 1548; x_wconf 94' lang='lat' dir='ltr'><strong>et</strong></span> <span class='ocrx_word' id='word_1_537' title='bbox 2436 1510 2565 1564; x_wconf 90' lang='lat' dir='ltr'><strong>pace</strong></span> <span class='ocrx_word' id='word_1_538' title='bbox 2590 1494 2791 1559; x_wconf 81' lang='lat' dir='ltr'><strong>fruens,</strong></span> <span class='ocrx_word' id='word_1_539' title='bbox 2826 1507 2879 1551; x_wconf 86' lang='lat' dir='ltr'><strong>et</strong></span> <span class='ocrx_word' id='word_1_540' title='bbox 2907 1497 3045 1551; x_wconf 86' lang='lat' dir='ltr'><strong>bello</strong></span> <span class='ocrx_word' id='word_1_541' title='bbox 3070 1511 3287 1565; x_wconf 90' lang='lat' dir='ltr'><strong>operam</strong></span> <span class='ocrx_word' id='word_1_542' title='bbox 3313 1495 3477 1559; x_wconf 92' lang='lat' dir='ltr'><strong>dans,</strong></span> <span class='ocrx_word' id='word_1_543' title='bbox 3506 1503 3616 1549; x_wconf 90' lang='lat' dir='ltr'><strong>tum</strong></span> 
     </span>
    </p>
   </div>
   <div class='ocr_carea' id='block_1_75' title="bbox 2049 1585 3617 1658">
    <p class='ocr_par' dir='ltr' id='par_1_75' title="bbox 2049 1585 3617 1658">
     <span class='ocr_line' id='line_1_75' title="bbox 2049 1585 3617 1658; baseline 0.002 -21"><span class='ocrx_word' id='word_1_544' title='bbox 2049 1585 2242 1638; x_wconf 88' lang='lat' dir='ltr'><strong>tributa</strong></span> <span class='ocrx_word' id='word_1_545' title='bbox 2273 1587 2509 1656; x_wconf 83' lang='lat' dir='ltr'><strong>exigens,</strong></span> <span class='ocrx_word' id='word_1_546' title='bbox 2543 1595 2651 1640; x_wconf 93' lang='lat' dir='ltr'><strong>tum</strong></span> <span class='ocrx_word' id='word_1_547' title='bbox 2678 1588 2942 1643; x_wconf 82' lang='lat' dir='ltr'><strong>exercitus</strong></span> <span class='ocrx_word' id='word_1_548' title='bbox 2971 1588 3257 1658; x_wconf 88' lang='lat' dir='ltr'><strong>colligens,</strong></span> <span class='ocrx_word' id='word_1_549' title='bbox 3292 1597 3401 1640; x_wconf 85' lang='lat' dir='ltr'><strong>tum</strong></span> <span class='ocrx_word' id='word_1_550' title='bbox 3443 1585 3617 1655; x_wconf 81' lang='lat' dir='ltr'><strong>capti-</strong></span> 
     </span>
    </p>
   </div>
   <div class='ocr_carea' id='block_1_76' title="bbox 2048 1678 3616 1747">
    <p class='ocr_par' dir='ltr' id='par_1_76' title="bbox 2048 1678 3616 1747">
     <span class='ocr_line' id='line_1_76' title="bbox 2048 1678 3616 1747; baseline 0.001 -18"><span class='ocrx_word' id='word_1_551' title='bbox 2048 1691 2141 1730; x_wconf 92' lang='lat' dir='ltr'><strong>vos</strong></span> <span class='ocrx_word' id='word_1_552' title='bbox 2184 1692 2346 1747; x_wconf 89' lang='lat' dir='ltr'><strong>agens</strong></span> <span class='ocrx_word' id='word_1_553' title='bbox 2371 1720 2383 1741; x_wconf 93' lang='lat'><strong>,</strong></span> <span class='ocrx_word' id='word_1_554' title='bbox 2424 1688 2473 1733; x_wconf 92' lang='lat' dir='ltr'><strong>et</strong></span> <span class='ocrx_word' id='word_1_555' title='bbox 2505 1678 2630 1733; x_wconf 94' lang='lat' dir='ltr'><strong>dum</strong></span> <span class='ocrx_word' id='word_1_556' title='bbox 2664 1680 2863 1745; x_wconf 88' lang='lat' dir='ltr'><strong>victor,</strong></span> <span class='ocrx_word' id='word_1_557' title='bbox 2911 1688 2965 1733; x_wconf 87' lang='lat' dir='ltr'><strong>et</strong></span> <span class='ocrx_word' id='word_1_558' title='bbox 2989 1678 3112 1733; x_wconf 92' lang='lat' dir='ltr'><strong>dum</strong></span> <span class='ocrx_word' id='word_1_559' title='bbox 3142 1679 3311 1733; x_wconf 90' lang='lat' dir='ltr'><strong>victus</strong></span> <span class='ocrx_word' id='word_1_560' title='bbox 3337 1688 3420 1731; x_wconf 90' lang='lat' dir='ltr'><strong>est</strong></span> <span class='ocrx_word' id='word_1_561' title='bbox 3450 1696 3462 1732; x_wconf 91' lang='lat'><strong>:</strong></span> <span class='ocrx_word' id='word_1_562' title='bbox 3496 1692 3616 1732; x_wconf 89' lang='lat' dir='ltr'><strong>nam</strong></span> 
     </span>
    </p>
   </div>
   <div class='ocr_carea' id='block_1_77' title="bbox 2047 1768 3621 1840">
    <p class='ocr_par' dir='ltr' id='par_1_77' title="bbox 2047 1768 3621 1840">
     <span class='ocr_line' id='line_1_77' title="bbox 2047 1768 3621 1840; baseline 0.002 -18"><span class='ocrx_word' id='word_1_563' title='bbox 2047 1769 2172 1822; x_wconf 93' lang='lat' dir='ltr'><strong>dum</strong></span> <span class='ocrx_word' id='word_1_564' title='bbox 2195 1770 2366 1823; x_wconf 92' lang='lat' dir='ltr'><strong>victus</strong></span> <span class='ocrx_word' id='word_1_565' title='bbox 2393 1780 2495 1833; x_wconf 92' lang='lat' dir='ltr'><strong>est,</strong></span> <span class='ocrx_word' id='word_1_566' title='bbox 2524 1771 2765 1825; x_wconf 87' lang='lat' dir='ltr'><strong>subditos</strong></span> <span class='ocrx_word' id='word_1_567' title='bbox 2791 1770 3017 1840; x_wconf 88' lang='lat' dir='ltr'><strong>propriis</strong></span> <span class='ocrx_word' id='word_1_568' title='bbox 3044 1771 3198 1825; x_wconf 90' lang='lat' dir='ltr'><strong>malis</strong></span> <span class='ocrx_word' id='word_1_569' title='bbox 3222 1770 3391 1839; x_wconf 91' lang='lat' dir='ltr'><strong>replet</strong></span> <span class='ocrx_word' id='word_1_570' title='bbox 3415 1786 3427 1822; x_wconf 91' lang='lat'><strong>:</strong></span> <span class='ocrx_word' id='word_1_571' title='bbox 3452 1768 3621 1825; x_wconf 84' lang='lat' dir='ltr'><strong>victor</strong></span> 
     </span>
    </p>
   </div>
   <div class='ocr_carea' id='block_1_78' title="bbox 2047 1861 3615 1932">
    <p class='ocr_par' dir='ltr' id='par_1_78' title="bbox 2047 1861 3615 1932">
     <span class='ocr_line' id='line_1_78' title="bbox 2047 1861 3615 1932; baseline 0.001 -19"><span class='ocrx_word' id='word_1_572' title='bbox 2047 1870 2223 1914; x_wconf 92' lang='lat' dir='ltr'><strong>autem</strong></span> <span class='ocrx_word' id='word_1_573' title='bbox 2246 1861 2595 1917; x_wconf 86' lang='lat' dir='ltr'><strong>intolerabilis</strong></span> <span class='ocrx_word' id='word_1_574' title='bbox 2616 1872 2715 1927; x_wconf 92' lang='lat' dir='ltr'><strong>est,</strong></span> <span class='ocrx_word' id='word_1_575' title='bbox 2742 1864 2955 1932; x_wconf 63' lang='lat' dir='ltr'><strong>tropaeis</strong></span> <span class='ocrx_word' id='word_1_576' title='bbox 2976 1878 3033 1918; x_wconf 92' lang='lat' dir='ltr'><strong>se</strong></span> <span class='ocrx_word' id='word_1_577' title='bbox 3052 1877 3249 1917; x_wconf 91' lang='lat' dir='ltr'><strong>ornans</strong></span> <span class='ocrx_word' id='word_1_578' title='bbox 3268 1870 3425 1932; x_wconf 91' lang='lat' dir='ltr'><strong>atque</strong></span> <span class='ocrx_word' id='word_1_579' title='bbox 3449 1861 3615 1916; x_wconf 91' lang='lat' dir='ltr'><strong>altum</strong></span> 
     </span>
    </p>
   </div>
   <div class='ocr_carea' id='block_1_79' title="bbox 2047 1952 3616 2023">
    <p class='ocr_par' dir='ltr' id='par_1_79' title="bbox 2047 1952 3616 2023">
     <span class='ocr_line' id='line_1_79' title="bbox 2047 1952 3616 2023; baseline -0.002 -16"><span class='ocrx_word' id='word_1_580' title='bbox 2047 1952 2292 2022; x_wconf 89' lang='lat' dir='ltr'><strong>sapiens,</strong></span> <span class='ocrx_word' id='word_1_581' title='bbox 2325 1963 2433 2007; x_wconf 92' lang='lat' dir='ltr'><strong>tum</strong></span> <span class='ocrx_word' id='word_1_582' title='bbox 2466 1954 2724 2009; x_wconf 89' lang='lat' dir='ltr'><strong>militibus</strong></span> <span class='ocrx_word' id='word_1_583' title='bbox 2762 1954 3003 2023; x_wconf 65' lang='lat' dir='ltr'><strong>praebens</strong></span> <span class='ocrx_word' id='word_1_584' title='bbox 3046 1954 3313 2008; x_wconf 91' lang='lat' dir='ltr'><strong>licentiam</strong></span> <span class='ocrx_word' id='word_1_585' title='bbox 3356 1952 3616 2022; x_wconf 89' lang='lat' dir='ltr'><strong>rapiendi,</strong></span> 
     </span>
    </p>
   </div>
   <div class='ocr_carea' id='block_1_80' title="bbox 2047 2043 3616 2116">
    <p class='ocr_par' dir='ltr' id='par_1_80' title="bbox 2047 2043 3616 2116">
     <span class='ocr_line' id='line_1_80' title="bbox 2047 2043 3616 2116; baseline -0.002 -18"><span class='ocrx_word' id='word_1_586' title='bbox 2047 2045 2387 2116; x_wconf 70' lang='lat' dir='ltr'><strong>deprmdandi</strong></span> <span class='ocrx_word' id='word_1_587' title='bbox 2410 2088 2424 2111; x_wconf 94' lang='lat'><strong>,</strong></span> <span class='ocrx_word' id='word_1_588' title='bbox 2454 2062 2485 2097; x_wconf 90' lang='lat' dir='ltr'><strong>v</strong></span> <span class='ocrx_word' id='word_1_589' title='bbox 2508 2056 2684 2099; x_wconf 89' lang='lat' dir='ltr'><strong>atores</strong></span> <span class='ocrx_word' id='word_1_590' title='bbox 2734 2046 2922 2115; x_wconf 88' lang='lat' dir='ltr'><strong>injuria</strong></span> <span class='ocrx_word' id='word_1_591' title='bbox 2951 2045 3212 2100; x_wconf 84' lang='lat' dir='ltr'><strong>afﬁciendi</strong></span> <span class='ocrx_word' id='word_1_592' title='bbox 3235 2086 3251 2111; x_wconf 92' lang='lat'><strong>,</strong></span> <span class='ocrx_word' id='word_1_593' title='bbox 3283 2045 3443 2098; x_wconf 90' lang='lat' dir='ltr'><strong>urbes</strong></span> <span class='ocrx_word' id='word_1_594' title='bbox 3471 2043 3616 2097; x_wconf 85' lang='lat' dir='ltr'><strong>obsi-</strong></span> 
     </span>
    </p>
   </div>
   <div class='ocr_carea' id='block_1_81' title="bbox 2047 2134 3618 2208">
    <p class='ocr_par' dir='ltr' id='par_1_81' title="bbox 2047 2134 3618 2208">
     <span class='ocr_line' id='line_1_81' title="bbox 2047 2134 3618 2208; baseline -0.001 -17"><span class='ocrx_word' id='word_1_595' title='bbox 2047 2138 2206 2192; x_wconf 91' lang='lat' dir='ltr'><strong>dione</strong></span> <span class='ocrx_word' id='word_1_596' title='bbox 2232 2138 2497 2207; x_wconf 89' lang='lat' dir='ltr'><strong>cingendi,</strong></span> <span class='ocrx_word' id='word_1_597' title='bbox 2528 2154 2817 2208; x_wconf 89' lang='lat' dir='ltr'><strong>pauperum</strong></span> <span class='ocrx_word' id='word_1_598' title='bbox 2845 2138 3034 2192; x_wconf 93' lang='lat' dir='ltr'><strong>domos</strong></span> <span class='ocrx_word' id='word_1_599' title='bbox 3058 2136 3433 2207; x_wconf 90' lang='lat' dir='ltr'><strong>depopulandi,</strong></span> <span class='ocrx_word' id='word_1_600' title='bbox 3462 2134 3527 2190; x_wconf 92' lang='lat' dir='ltr'><strong>ab</strong></span> <span class='ocrx_word' id='word_1_601' title='bbox 3554 2135 3618 2189; x_wconf 91' lang='lat' dir='ltr'><strong>iis</strong></span> 
     </span>
    </p>
   </div>
   <div class='ocr_carea' id='block_1_82' title="bbox 2046 2227 3619 2300">
    <p class='ocr_par' dir='ltr' id='par_1_82' title="bbox 2046 2227 3619 2300">
     <span class='ocr_line' id='line_1_82' title="bbox 2046 2227 3619 2300; baseline -0.004 -15"><span class='ocrx_word' id='word_1_602' title='bbox 2046 2246 2075 2285; x_wconf 90' lang='lat' dir='ltr'><strong>a</strong></span> <span class='ocrx_word' id='word_1_603' title='bbox 2115 2230 2306 2300; x_wconf 90' lang='lat' dir='ltr'><strong>quibus</strong></span> <span class='ocrx_word' id='word_1_604' title='bbox 2349 2231 2554 2298; x_wconf 79' lang='lat' dir='ltr'><strong>excepti</strong></span> <span class='ocrx_word' id='word_1_605' title='bbox 2600 2231 2793 2284; x_wconf 89' lang='lat' dir='ltr'><strong>fuerint</strong></span> <span class='ocrx_word' id='word_1_606' title='bbox 2823 2245 2886 2284; x_wconf 89' lang='lat' dir='ltr'><strong>ea</strong></span> <span class='ocrx_word' id='word_1_607' title='bbox 2932 2229 3167 2299; x_wconf 90' lang='lat' dir='ltr'><strong>quotidie</strong></span> <span class='ocrx_word' id='word_1_608' title='bbox 3212 2227 3454 2297; x_wconf 81' lang='lat' dir='ltr'><strong>exigendi</strong></span> <span class='ocrx_word' id='word_1_609' title='bbox 3501 2240 3619 2295; x_wconf 60' lang='lat' dir='ltr'><strong>quas</strong></span> 
     </span>
    </p>
   </div>
   <div class='ocr_carea' id='block_1_83' title="bbox 2049 2317 3620 2391">
    <p class='ocr_par' dir='ltr' id='par_1_83' title="bbox 2049 2317 3620 2391">
     <span class='ocr_line' id='line_1_83' title="bbox 2049 2317 3620 2391; baseline -0.001 -16"><span class='ocrx_word' id='word_1_610' title='bbox 2049 2322 2191 2376; x_wconf 91' lang='lat' dir='ltr'><strong>nulla</strong></span> <span class='ocrx_word' id='word_1_611' title='bbox 2222 2324 2308 2376; x_wconf 87' lang='lat' dir='ltr'><strong>lex</strong></span> <span class='ocrx_word' id='word_1_612' title='bbox 2335 2323 2611 2391; x_wconf 91' lang='lat' dir='ltr'><strong>permittit,</strong></span> <span class='ocrx_word' id='word_1_613' title='bbox 2641 2322 2798 2391; x_wconf 91' lang='lat' dir='ltr'><strong>idque</strong></span> <span class='ocrx_word' id='word_1_614' title='bbox 2825 2337 2918 2390; x_wconf 90' lang='lat' dir='ltr'><strong>per</strong></span> <span class='ocrx_word' id='word_1_615' title='bbox 2944 2335 3155 2375; x_wconf 91' lang='lat' dir='ltr'><strong>causam</strong></span> <span class='ocrx_word' id='word_1_616' title='bbox 3188 2321 3373 2389; x_wconf 73' lang='lat' dir='ltr'><strong>priscze</strong></span> <span class='ocrx_word' id='word_1_617' title='bbox 3398 2317 3620 2386; x_wconf 88' lang='lat' dir='ltr'><strong>alicujus</strong></span> 
     </span>
    </p>
   </div>
   <div class='ocr_carea' id='block_1_84' title="bbox 2047 2409 3616 2482">
    <p class='ocr_par' dir='ltr' id='par_1_84' title="bbox 2047 2409 3616 2482">
     <span class='ocr_line' id='line_1_84' title="bbox 2047 2409 3616 2482; baseline -0.001 -16"><span class='ocrx_word' id='word_1_618' title='bbox 2047 2412 2445 2467; x_wconf 90' lang='lat' dir='ltr'><strong>consuetudinis</strong></span> <span class='ocrx_word' id='word_1_619' title='bbox 2467 2413 2658 2481; x_wconf 70' lang='lat' dir='ltr'><strong>iniquae</strong></span> <span class='ocrx_word' id='word_1_620' title='bbox 2679 2422 2730 2467; x_wconf 85' lang='lat' dir='ltr'><strong>et</strong></span> <span class='ocrx_word' id='word_1_621' title='bbox 2752 2413 2991 2482; x_wconf 75' lang='lat' dir='ltr'><strong>injustas:</strong></span> <span class='ocrx_word' id='word_1_622' title='bbox 3017 2426 3135 2466; x_wconf 91' lang='lat' dir='ltr'><strong>cum</strong></span> <span class='ocrx_word' id='word_1_623' title='bbox 3164 2412 3373 2465; x_wconf 84' lang='lat' dir='ltr'><strong>interim</strong></span> <span class='ocrx_word' id='word_1_624' title='bbox 3399 2409 3616 2465; x_wconf 80' lang='lat' dir='ltr'><strong>divitem</strong></span> 
     </span>
    </p>
   </div>
   <div class='ocr_carea' id='block_1_85' title="bbox 2048 2502 3614 2575">
    <p class='ocr_par' dir='ltr' id='par_1_85' title="bbox 2048 2502 3614 2575">
     <span class='ocr_line' id='line_1_85' title="bbox 2048 2502 3614 2575; baseline -0.003 -17"><span class='ocrx_word' id='word_1_625' title='bbox 2048 2520 2143 2574; x_wconf 90' lang='lat' dir='ltr'><strong>per</strong></span> <span class='ocrx_word' id='word_1_626' title='bbox 2174 2505 2475 2575; x_wconf 88' lang='lat' dir='ltr'><strong>hujusmodi</strong></span> <span class='ocrx_word' id='word_1_627' title='bbox 2508 2506 2642 2560; x_wconf 90' lang='lat' dir='ltr'><strong>mala</strong></span> <span class='ocrx_word' id='word_1_628' title='bbox 2685 2521 2774 2558; x_wconf 86' lang='lat' dir='ltr'><strong>rex</strong></span> <span class='ocrx_word' id='word_1_629' title='bbox 2809 2505 3027 2558; x_wconf 91' lang='lat' dir='ltr'><strong>minime</strong></span> <span class='ocrx_word' id='word_1_630' title='bbox 3054 2503 3229 2571; x_wconf 66' lang='lat' dir='ltr'><strong>laedit,</strong></span> <span class='ocrx_word' id='word_1_631' title='bbox 3259 2502 3350 2558; x_wconf 90' lang='lat' dir='ltr'><strong>sed</strong></span> <span class='ocrx_word' id='word_1_632' title='bbox 3377 2503 3445 2557; x_wconf 84' lang='lat' dir='ltr'><strong>de</strong></span> <span class='ocrx_word' id='word_1_633' title='bbox 3483 2516 3614 2571; x_wconf 82' lang='lat' dir='ltr'><strong>pau-</strong></span> 
     </span>
    </p>
   </div>
   <div class='ocr_carea' id='block_1_86' title="bbox 2049 2596 3615 2666">
    <p class='ocr_par' dir='ltr' id='par_1_86' title="bbox 2049 2596 3615 2666">
     <span class='ocr_line' id='line_1_86' title="bbox 2049 2596 3615 2666; baseline 0.002 -16"><span class='ocrx_word' id='word_1_634' title='bbox 2049 2607 2252 2666; x_wconf 86' lang='lat' dir='ltr'><strong>pertate</strong></span> <span class='ocrx_word' id='word_1_635' title='bbox 2280 2607 2483 2653; x_wconf 90' lang='lat' dir='ltr'><strong>tantum</strong></span> <span class='ocrx_word' id='word_1_636' title='bbox 2514 2598 2651 2651; x_wconf 89' lang='lat' dir='ltr'><strong>male</strong></span> <span class='ocrx_word' id='word_1_637' title='bbox 2677 2607 2930 2663; x_wconf 88' lang='lat' dir='ltr'><strong>meretur,</strong></span> <span class='ocrx_word' id='word_1_638' title='bbox 2962 2597 3175 2666; x_wconf 89' lang='lat' dir='ltr'><strong>perinde</strong></span> <span class='ocrx_word' id='word_1_639' title='bbox 3200 2596 3352 2666; x_wconf 89' lang='lat' dir='ltr'><strong>quasi</strong></span> <span class='ocrx_word' id='word_1_640' title='bbox 3375 2612 3498 2651; x_wconf 92' lang='lat' dir='ltr'><strong>vere</strong></span> <span class='ocrx_word' id='word_1_641' title='bbox 3526 2596 3615 2653; x_wconf 84' lang='lat' dir='ltr'><strong>ille</strong></span> 
     </span>
    </p>
   </div>
   <div class='ocr_carea' id='block_1_87' title="bbox 2048 2687 3616 2757">
    <p class='ocr_par' dir='ltr' id='par_1_87' title="bbox 2048 2687 3616 2757">
     <span class='ocr_line' id='line_1_87' title="bbox 2048 2687 3616 2757; baseline 0.001 -16"><span class='ocrx_word' id='word_1_642' title='bbox 2048 2688 2238 2743; x_wconf 88' lang='lat' dir='ltr'><strong>divites</strong></span> <span class='ocrx_word' id='word_1_643' title='bbox 2262 2699 2526 2743; x_wconf 88' lang='lat' dir='ltr'><strong>vereatur.</strong></span> <span class='ocrx_word' id='word_1_644' title='bbox 2551 2691 2619 2743; x_wconf 81' lang='lat' dir='ltr'><strong>At</strong></span> <span class='ocrx_word' id='word_1_645' title='bbox 2639 2704 2765 2744; x_wconf 88' lang='lat' dir='ltr'><strong>vero</strong></span> <span class='ocrx_word' id='word_1_646' title='bbox 2788 2705 2891 2743; x_wconf 87' lang='lat' dir='ltr'><strong>non</strong></span> <span class='ocrx_word' id='word_1_647' title='bbox 2917 2689 2992 2743; x_wconf 92' lang='lat' dir='ltr'><strong>sic</strong></span> <span class='ocrx_word' id='word_1_648' title='bbox 3017 2687 3326 2753; x_wconf 87' lang='lat' dir='ltr'><strong>monachus,</strong></span> <span class='ocrx_word' id='word_1_649' title='bbox 3350 2688 3437 2757; x_wconf 92' lang='lat' dir='ltr'><strong>qui</strong></span> <span class='ocrx_word' id='word_1_650' title='bbox 3460 2687 3616 2742; x_wconf 92' lang='lat' dir='ltr'><strong>simul</strong></span> 
     </span>
    </p>
   </div>
   <div class='ocr_carea' id='block_1_88' title="bbox 2049 2780 3616 2850">
    <p class='ocr_par' dir='ltr' id='par_1_88' title="bbox 2049 2780 3616 2850">
     <span class='ocr_line' id='line_1_88' title="bbox 2049 2780 3616 2850; baseline -0.005 -15"><span class='ocrx_word' id='word_1_651' title='bbox 2049 2790 2106 2836; x_wconf 89' lang='lat' dir='ltr'><strong>ut</strong></span> <span class='ocrx_word' id='word_1_652' title='bbox 2134 2792 2450 2850; x_wconf 89' lang='lat' dir='ltr'><strong>conspectus</strong></span> <span class='ocrx_word' id='word_1_653' title='bbox 2480 2781 2661 2844; x_wconf 90' lang='lat' dir='ltr'><strong>fuerit,</strong></span> <span class='ocrx_word' id='word_1_654' title='bbox 2688 2782 2865 2835; x_wconf 89' lang='lat' dir='ltr'><strong>statim</strong></span> <span class='ocrx_word' id='word_1_655' title='bbox 2893 2789 2997 2836; x_wconf 87' lang='lat' dir='ltr'><strong>tam</strong></span> <span class='ocrx_word' id='word_1_656' title='bbox 3020 2780 3271 2834; x_wconf 89' lang='lat' dir='ltr'><strong>divitibus</strong></span> <span class='ocrx_word' id='word_1_657' title='bbox 3295 2794 3455 2848; x_wconf 91' lang='lat' dir='ltr'><strong>quam</strong></span> <span class='ocrx_word' id='word_1_658' title='bbox 3485 2794 3616 2847; x_wconf 82' lang='lat' dir='ltr'><strong>pau-</strong></span> 
     </span>
    </p>
   </div>
   <div class='ocr_carea' id='block_1_89' title="bbox 2048 2872 3617 2942">
    <p class='ocr_par' dir='ltr' id='par_1_89' title="bbox 2048 2872 3617 2942">
     <span class='ocr_line' id='line_1_89' title="bbox 2048 2872 3617 2942; baseline -0.003 -15"><span class='ocrx_word' id='word_1_659' title='bbox 2048 2873 2263 2940; x_wconf 89' lang='lat' dir='ltr'><strong>peribus</strong></span> <span class='ocrx_word' id='word_1_660' title='bbox 2291 2873 2488 2927; x_wconf 87' lang='lat' dir='ltr'><strong>donqu</strong></span> <span class='ocrx_word' id='word_1_661' title='bbox 2516 2873 2725 2942; x_wconf 90' lang='lat' dir='ltr'><strong>aliquod</strong></span> <span class='ocrx_word' id='word_1_662' title='bbox 2752 2873 2999 2937; x_wconf 87' lang='lat' dir='ltr'><strong>all&#39;erens,</strong></span> <span class='ocrx_word' id='word_1_663' title='bbox 3038 2872 3275 2941; x_wconf 90' lang='lat' dir='ltr'><strong>utrisque</strong></span> <span class='ocrx_word' id='word_1_664' title='bbox 3303 2887 3452 2941; x_wconf 71' lang='lat' dir='ltr'><strong>teque</strong></span> <span class='ocrx_word' id='word_1_665' title='bbox 3497 2887 3617 2925; x_wconf 73' lang='lat' dir='ltr'><strong>tnu-</strong></span> 
     </span>
    </p>
   </div>
   <div class='ocr_carea' id='block_1_90' title="bbox 2048 2963 3619 3033">
    <p class='ocr_par' dir='ltr' id='par_1_90' title="bbox 2048 2963 3619 3033">
     <span class='ocr_line' id='line_1_90' title="bbox 2048 2963 3619 3033; baseline -0.001 -16"><span class='ocrx_word' id='word_1_666' title='bbox 2048 2963 2263 3019; x_wconf 84' lang='lat' dir='ltr'><strong>nificum</strong></span> <span class='ocrx_word' id='word_1_667' title='bbox 2307 2979 2363 3018; x_wconf 90' lang='lat' dir='ltr'><strong>se</strong></span> <span class='ocrx_word' id='word_1_668' title='bbox 2403 2974 2640 3033; x_wconf 71' lang='lat' dir='ltr'><strong>prmstat,</strong></span> <span class='ocrx_word' id='word_1_669' title='bbox 2687 2980 2793 3019; x_wconf 86' lang='lat' dir='ltr'><strong>uno</strong></span> <span class='ocrx_word' id='word_1_670' title='bbox 2836 2973 3038 3019; x_wconf 89' lang='lat' dir='ltr'><strong>tantum</strong></span> <span class='ocrx_word' id='word_1_671' title='bbox 3083 2964 3278 3017; x_wconf 90' lang='lat' dir='ltr'><strong>amictu</strong></span> <span class='ocrx_word' id='word_1_672' title='bbox 3324 2972 3434 3016; x_wconf 91' lang='lat' dir='ltr'><strong>toto</strong></span> <span class='ocrx_word' id='word_1_673' title='bbox 3478 2976 3619 3016; x_wconf 93' lang='lat' dir='ltr'><strong>anno</strong></span> 
     </span>
    </p>
   </div>
   <div class='ocr_carea' id='block_1_91' title="bbox 2048 3055 3617 3126">
    <p class='ocr_par' dir='ltr' id='par_1_91' title="bbox 2048 3055 3617 3126">
     <span class='ocr_line' id='line_1_91' title="bbox 2048 3055 3617 3126; baseline 0.003 -17"><span class='ocrx_word' id='word_1_674' title='bbox 2048 3066 2223 3121; x_wconf 88' lang='lat' dir='ltr'><strong>utens,</strong></span> <span class='ocrx_word' id='word_1_675' title='bbox 2256 3064 2364 3110; x_wconf 90' lang='lat' dir='ltr'><strong>tum</strong></span> <span class='ocrx_word' id='word_1_676' title='bbox 2391 3071 2579 3125; x_wconf 81' lang='lat' dir='ltr'><strong>aquam</strong></span> <span class='ocrx_word' id='word_1_677' title='bbox 2614 3057 2860 3111; x_wconf 91' lang='lat' dir='ltr'><strong>libentius</strong></span> <span class='ocrx_word' id='word_1_678' title='bbox 2887 3055 3093 3121; x_wconf 85' lang='lat' dir='ltr'><strong>bibens,</strong></span> <span class='ocrx_word' id='word_1_679' title='bbox 3119 3071 3273 3126; x_wconf 93' lang='lat' dir='ltr'><strong>quam</strong></span> <span class='ocrx_word' id='word_1_680' title='bbox 3302 3070 3617 3126; x_wconf 88' lang='lat' dir='ltr'><strong>generosum</strong></span> 
     </span>
    </p>
   </div>
   <div class='ocr_carea' id='block_1_92' title="bbox 2048 3146 3617 3218">
    <p class='ocr_par' dir='ltr' id='par_1_92' title="bbox 2048 3146 3617 3218">
     <span class='ocr_line' id='line_1_92' title="bbox 2048 3146 3617 3218; baseline 0.002 -18"><span class='ocrx_word' id='word_1_681' title='bbox 2048 3148 2227 3201; x_wconf 86' lang='lat' dir='ltr'><strong>vinum</strong></span> <span class='ocrx_word' id='word_1_682' title='bbox 2266 3146 2394 3211; x_wconf 90' lang='lat' dir='ltr'><strong>alii;</strong></span> <span class='ocrx_word' id='word_1_683' title='bbox 2448 3162 2543 3215; x_wconf 92' lang='lat' dir='ltr'><strong>pro</strong></span> <span class='ocrx_word' id='word_1_684' title='bbox 2582 3162 2640 3201; x_wconf 91' lang='lat' dir='ltr'><strong>se</strong></span> <span class='ocrx_word' id='word_1_685' title='bbox 2678 3147 2889 3217; x_wconf 92' lang='lat' dir='ltr'><strong>quidem</strong></span> <span class='ocrx_word' id='word_1_686' title='bbox 2933 3147 3134 3201; x_wconf 92' lang='lat' dir='ltr'><strong>nullam</strong></span> <span class='ocrx_word' id='word_1_687' title='bbox 3178 3162 3349 3217; x_wconf 91' lang='lat' dir='ltr'><strong>neque</strong></span> <span class='ocrx_word' id='word_1_688' title='bbox 3376 3162 3617 3218; x_wconf 88' lang='lat' dir='ltr'><strong>parvam,</strong></span> 
     </span>
    </p>
   </div>
   <div class='ocr_carea' id='block_1_93' title="bbox 2048 3238 3620 3309">
    <p class='ocr_par' dir='ltr' id='par_1_93' title="bbox 2048 3238 3620 3309">
     <span class='ocr_line' id='line_1_93' title="bbox 2048 3238 3620 3309; baseline 0 -18"><span class='ocrx_word' id='word_1_689' title='bbox 2048 3252 2221 3308; x_wconf 91' lang='lat' dir='ltr'><strong>neque</strong></span> <span class='ocrx_word' id='word_1_690' title='bbox 2248 3252 2491 3308; x_wconf 90' lang='lat' dir='ltr'><strong>magnam</strong></span> <span class='ocrx_word' id='word_1_691' title='bbox 2516 3253 2546 3291; x_wconf 89' lang='lat' dir='ltr'><strong>a</strong></span> <span class='ocrx_word' id='word_1_692' title='bbox 2569 3238 2818 3293; x_wconf 89' lang='lat' dir='ltr'><strong>divitibus</strong></span> <span class='ocrx_word' id='word_1_693' title='bbox 2842 3240 3063 3309; x_wconf 87' lang='lat' dir='ltr'><strong>gratiam</strong></span> <span class='ocrx_word' id='word_1_694' title='bbox 3095 3238 3389 3308; x_wconf 91' lang='lat' dir='ltr'><strong>postulans,</strong></span> <span class='ocrx_word' id='word_1_695' title='bbox 3421 3253 3516 3308; x_wconf 91' lang='lat' dir='ltr'><strong>pro</strong></span> <span class='ocrx_word' id='word_1_696' title='bbox 3539 3238 3620 3293; x_wconf 82' lang='lat' dir='ltr'><strong>iu-</strong></span> 
     </span>
    </p>
   </div>
   <div class='ocr_carea' id='block_1_94' title="bbox 2048 3329 3619 3401">
    <p class='ocr_par' dir='ltr' id='par_1_94' title="bbox 2048 3329 3619 3401">
     <span class='ocr_line' id='line_1_94' title="bbox 2048 3329 3619 3401; baseline 0.003 -19"><span class='ocrx_word' id='word_1_697' title='bbox 2048 3329 2350 3399; x_wconf 84' lang='lat' dir='ltr'><strong>digentihus</strong></span> <span class='ocrx_word' id='word_1_698' title='bbox 2374 3339 2549 3384; x_wconf 90' lang='lat' dir='ltr'><strong>autem</strong></span> <span class='ocrx_word' id='word_1_699' title='bbox 2582 3339 2689 3384; x_wconf 93' lang='lat' dir='ltr'><strong>tum</strong></span> <span class='ocrx_word' id='word_1_700' title='bbox 2720 3331 2933 3397; x_wconf 91' lang='lat' dir='ltr'><strong>multas,</strong></span> <span class='ocrx_word' id='word_1_701' title='bbox 2961 3340 3070 3386; x_wconf 91' lang='lat' dir='ltr'><strong>tum</strong></span> <span class='ocrx_word' id='word_1_702' title='bbox 3099 3333 3397 3396; x_wconf 88' lang='lat' dir='ltr'><strong>continuas,</strong></span> <span class='ocrx_word' id='word_1_703' title='bbox 3422 3346 3619 3401; x_wconf 89' lang='lat' dir='ltr'><strong>easque</strong></span> 
     </span>
    </p>
   </div>
   <div class='ocr_carea' id='block_1_95' title="bbox 2050 3420 3615 3492">
    <p class='ocr_par' dir='ltr' id='par_1_95' title="bbox 2050 3420 3615 3492">
     <span class='ocr_line' id='line_1_95' title="bbox 2050 3420 3615 3492; baseline 0.002 -20"><span class='ocrx_word' id='word_1_704' title='bbox 2050 3420 2288 3490; x_wconf 89' lang='lat' dir='ltr'><strong>utrisque</strong></span> <span class='ocrx_word' id='word_1_705' title='bbox 2309 3420 2691 3486; x_wconf 89' lang='lat' dir='ltr'><strong>conducentes,</strong></span> <span class='ocrx_word' id='word_1_706' title='bbox 2716 3421 2817 3476; x_wconf 91' lang='lat' dir='ltr'><strong>hoc</strong></span> <span class='ocrx_word' id='word_1_707' title='bbox 2840 3432 2941 3487; x_wconf 93' lang='lat' dir='ltr'><strong>est,</strong></span> <span class='ocrx_word' id='word_1_708' title='bbox 2968 3432 3070 3475; x_wconf 87' lang='lat' dir='ltr'><strong>tam</strong></span> <span class='ocrx_word' id='word_1_709' title='bbox 3101 3423 3163 3476; x_wconf 92' lang='lat' dir='ltr'><strong>iis</strong></span> <span class='ocrx_word' id='word_1_710' title='bbox 3188 3422 3273 3492; x_wconf 93' lang='lat' dir='ltr'><strong>qui</strong></span> <span class='ocrx_word' id='word_1_711' title='bbox 3302 3423 3615 3492; x_wconf 88' lang='lat' dir='ltr'><strong>largiuntur,</strong></span> 
     </span>
    </p>
   </div>
   <div class='ocr_carea' id='block_1_96' title="bbox 2047 3511 3619 3582">
    <p class='ocr_par' dir='ltr' id='par_1_96' title="bbox 2047 3511 3619 3582">
     <span class='ocr_line' id='line_1_96' title="bbox 2047 3511 3619 3582; baseline 0.001 -17"><span class='ocrx_word' id='word_1_712' title='bbox 2047 3526 2204 3580; x_wconf 91' lang='lat' dir='ltr'><strong>quam</strong></span> <span class='ocrx_word' id='word_1_713' title='bbox 2235 3511 2299 3565; x_wconf 93' lang='lat' dir='ltr'><strong>iis</strong></span> <span class='ocrx_word' id='word_1_714' title='bbox 2327 3512 2417 3581; x_wconf 91' lang='lat' dir='ltr'><strong>qui</strong></span> <span class='ocrx_word' id='word_1_715' title='bbox 2444 3513 2715 3582; x_wconf 89' lang='lat' dir='ltr'><strong>accepturi</strong></span> <span class='ocrx_word' id='word_1_716' title='bbox 2738 3523 2879 3568; x_wconf 91' lang='lat' dir='ltr'><strong>sunt.</strong></span> <span class='ocrx_word' id='word_1_717' title='bbox 2912 3512 3001 3567; x_wconf 89' lang='lat' dir='ltr'><strong>Sic</strong></span> <span class='ocrx_word' id='word_1_718' title='bbox 3030 3514 3107 3576; x_wconf 78' lang='lat' dir='ltr'><strong>fit,</strong></span> <span class='ocrx_word' id='word_1_719' title='bbox 3143 3525 3198 3567; x_wconf 93' lang='lat' dir='ltr'><strong>ut</strong></span> <span class='ocrx_word' id='word_1_720' title='bbox 3222 3528 3500 3567; x_wconf 92' lang='lat' dir='ltr'><strong>comunem</strong></span> <span class='ocrx_word' id='word_1_721' title='bbox 3531 3513 3619 3567; x_wconf 92' lang='lat' dir='ltr'><strong>ille</strong></span> 
     </span>
    </p>
   </div>
   <div class='ocr_carea' id='block_1_97' title="bbox 2048 3603 3619 3673">
    <p class='ocr_par' dir='ltr' id='par_1_97' title="bbox 2048 3603 3619 3673">
     <span class='ocr_line' id='line_1_97' title="bbox 2048 3603 3619 3673; baseline 0.001 -18"><span class='ocrx_word' id='word_1_722' title='bbox 2048 3613 2168 3673; x_wconf 87' lang='lat' dir='ltr'><strong>agat</strong></span> <span class='ocrx_word' id='word_1_723' title='bbox 2194 3603 2456 3658; x_wconf 87' lang='lat' dir='ltr'><strong>medicum</strong></span> <span class='ocrx_word' id='word_1_724' title='bbox 2484 3603 2705 3660; x_wconf 91' lang='lat' dir='ltr'><strong>divitum</strong></span> <span class='ocrx_word' id='word_1_725' title='bbox 2730 3604 2877 3673; x_wconf 75' lang='lat' dir='ltr'><strong>juxta</strong></span> <span class='ocrx_word' id='word_1_726' title='bbox 2904 3613 2958 3658; x_wconf 90' lang='lat' dir='ltr'><strong>et</strong></span> <span class='ocrx_word' id='word_1_727' title='bbox 2987 3604 3222 3673; x_wconf 92' lang='lat' dir='ltr'><strong>inopum,</strong></span> <span class='ocrx_word' id='word_1_728' title='bbox 3248 3604 3363 3659; x_wconf 93' lang='lat' dir='ltr'><strong>illos</strong></span> <span class='ocrx_word' id='word_1_729' title='bbox 3385 3603 3619 3672; x_wconf 85' lang='lat' dir='ltr'><strong>peccatis</strong></span> 
     </span>
    </p>
   </div>
   <div class='ocr_carea' id='block_1_98' title="bbox 2048 3694 3614 3764">
    <p class='ocr_par' dir='ltr' id='par_1_98' title="bbox 2048 3694 3614 3764">
     <span class='ocr_line' id='line_1_98' title="bbox 2048 3694 3614 3764; baseline -0.001 -18"><span class='ocrx_word' id='word_1_730' title='bbox 2048 3694 2277 3748; x_wconf 92' lang='lat' dir='ltr'><strong>liberans</strong></span> <span class='ocrx_word' id='word_1_731' title='bbox 2308 3710 2403 3764; x_wconf 90' lang='lat' dir='ltr'><strong>per</strong></span> <span class='ocrx_word' id='word_1_732' title='bbox 2429 3694 2622 3749; x_wconf 91' lang='lat' dir='ltr'><strong>bonam</strong></span> <span class='ocrx_word' id='word_1_733' title='bbox 2672 3695 3112 3757; x_wconf 90' lang='lat' dir='ltr'><strong>admonitionem,</strong></span> <span class='ocrx_word' id='word_1_734' title='bbox 3147 3694 3243 3747; x_wconf 89' lang='lat' dir='ltr'><strong>hos</strong></span> <span class='ocrx_word' id='word_1_735' title='bbox 3266 3694 3335 3748; x_wconf 89' lang='lat' dir='ltr'><strong>ab</strong></span> <span class='ocrx_word' id='word_1_736' title='bbox 3372 3694 3614 3763; x_wconf 89' lang='lat' dir='ltr'><strong>indigen-</strong></span> 
     </span>
    </p>
   </div>
   <div class='ocr_carea' id='block_1_99' title="bbox 2049 3785 3617 3857">
    <p class='ocr_par' dir='ltr' id='par_1_99' title="bbox 2049 3785 3617 3857">
     <span class='ocr_line' id='line_1_99' title="bbox 2049 3785 3617 3857; baseline -0.001 -16"><span class='ocrx_word' id='word_1_737' title='bbox 2049 3788 2119 3841; x_wconf 90' lang='lat' dir='ltr'><strong>tia</strong></span> <span class='ocrx_word' id='word_1_738' title='bbox 2148 3788 2408 3841; x_wconf 82' lang='lat' dir='ltr'><strong>eximcns.</strong></span> <span class='ocrx_word' id='word_1_739' title='bbox 2438 3789 2507 3841; x_wconf 86' lang='lat' dir='ltr'><strong>At</strong></span> <span class='ocrx_word' id='word_1_740' title='bbox 2541 3802 2635 3841; x_wconf 92' lang='lat' dir='ltr'><strong>rex</strong></span> <span class='ocrx_word' id='word_1_741' title='bbox 2682 3787 2875 3841; x_wconf 89' lang='lat' dir='ltr'><strong>tributa</strong></span> <span class='ocrx_word' id='word_1_742' title='bbox 2905 3785 3028 3841; x_wconf 92' lang='lat' dir='ltr'><strong>dum</strong></span> <span class='ocrx_word' id='word_1_743' title='bbox 3060 3786 3235 3841; x_wconf 90' lang='lat' dir='ltr'><strong>minus</strong></span> <span class='ocrx_word' id='word_1_744' title='bbox 3275 3786 3453 3857; x_wconf 82' lang='lat' dir='ltr'><strong>gravia</strong></span> <span class='ocrx_word' id='word_1_745' title='bbox 3495 3799 3617 3839; x_wconf 85' lang='lat' dir='ltr'><strong>esse</strong></span> 
     </span>
    </p>
   </div>
   <div class='ocr_carea' id='block_1_100' title="bbox 2043 3880 3613 3955">
    <p class='ocr_par' dir='ltr' id='par_1_100' title="bbox 2043 3880 3613 3955">
     <span class='ocr_line' id='line_1_100' title="bbox 2043 3880 3613 3955; baseline -0.004 -16"><span class='ocrx_word' id='word_1_746' title='bbox 2043 3885 2213 3955; x_wconf 89' lang='lat' dir='ltr'><strong>jubet,</strong></span> <span class='ocrx_word' id='word_1_747' title='bbox 2257 3885 2507 3941; x_wconf 87' lang='lat' dir='ltr'><strong>divitibus</strong></span> <span class='ocrx_word' id='word_1_748' title='bbox 2550 3884 2737 3954; x_wconf 87' lang='lat' dir='ltr'><strong>magis,</strong></span> <span class='ocrx_word' id='word_1_749' title='bbox 2786 3898 2943 3953; x_wconf 87' lang='lat' dir='ltr'><strong>quam</strong></span> <span class='ocrx_word' id='word_1_750' title='bbox 2990 3882 3306 3952; x_wconf 90' lang='lat' dir='ltr'><strong>pauperibus</strong></span> <span class='ocrx_word' id='word_1_751' title='bbox 3352 3880 3469 3934; x_wconf 92' lang='lat' dir='ltr'><strong>usui</strong></span> <span class='ocrx_word' id='word_1_752' title='bbox 3512 3890 3613 3934; x_wconf 82' lang='lat' dir='ltr'><strong>est.</strong></span> 
     </span>
    </p>
   </div>
   <div class='ocr_carea' id='block_1_101' title="bbox 2049 3971 3616 4043">
    <p class='ocr_par' dir='ltr' id='par_1_101' title="bbox 2049 3971 3616 4043">
     <span class='ocr_line' id='line_1_101' title="bbox 2049 3971 3616 4043; baseline -0.004 -13"><span class='ocrx_word' id='word_1_753' title='bbox 2049 3976 2192 4030; x_wconf 90' lang='lat' dir='ltr'><strong>Idem</strong></span> <span class='ocrx_word' id='word_1_754' title='bbox 2221 3975 2345 4030; x_wconf 92' lang='lat' dir='ltr'><strong>dum</strong></span> <span class='ocrx_word' id='word_1_755' title='bbox 2373 3984 2559 4030; x_wconf 88' lang='lat' dir='ltr'><strong>contra</strong></span> <span class='ocrx_word' id='word_1_756' title='bbox 2587 3974 2742 4039; x_wconf 89' lang='lat' dir='ltr'><strong>facit,</strong></span> <span class='ocrx_word' id='word_1_757' title='bbox 2778 3988 3061 4043; x_wconf 88' lang='lat' dir='ltr'><strong>paucarum</strong></span> <span class='ocrx_word' id='word_1_758' title='bbox 3100 3971 3402 4026; x_wconf 88' lang='lat' dir='ltr'><strong>facultatum</strong></span> <span class='ocrx_word' id='word_1_759' title='bbox 3442 3971 3616 4025; x_wconf 90' lang='lat' dir='ltr'><strong>domi-</strong></span> 
     </span>
    </p>
   </div>
   <div class='ocr_carea' id='block_1_102' title="bbox 2047 4062 3618 4131">
    <p class='ocr_par' dir='ltr' id='par_1_102' title="bbox 2047 4062 3618 4131">
     <span class='ocr_line' id='line_1_102' title="bbox 2047 4062 3618 4131; baseline -0.003 -10"><span class='ocrx_word' id='word_1_760' title='bbox 2047 4084 2144 4121; x_wconf 91' lang='lat' dir='ltr'><strong>nos</strong></span> <span class='ocrx_word' id='word_1_761' title='bbox 2188 4068 2331 4121; x_wconf 74' lang='lat' dir='ltr'><strong>lmdit</strong></span> <span class='ocrx_word' id='word_1_762' title='bbox 2372 4085 2383 4118; x_wconf 95' lang='lat'>:</span> <span class='ocrx_word' id='word_1_763' title='bbox 2426 4082 2548 4119; x_wconf 91' lang='lat' dir='ltr'><strong>nam</strong></span> <span class='ocrx_word' id='word_1_764' title='bbox 2591 4066 2738 4121; x_wconf 90' lang='lat' dir='ltr'><strong>diviti</strong></span> <span class='ocrx_word' id='word_1_765' title='bbox 2781 4076 2992 4119; x_wconf 91' lang='lat' dir='ltr'><strong>tenuem</strong></span> <span class='ocrx_word' id='word_1_766' title='bbox 3030 4062 3314 4117; x_wconf 92' lang='lat' dir='ltr'><strong>admodum</strong></span> <span class='ocrx_word' id='word_1_767' title='bbox 3356 4063 3618 4131; x_wconf 89' lang='lat' dir='ltr'><strong>jacturam</strong></span> 
     </span>
    </p>
   </div>
   <div class='ocr_carea' id='block_1_103' title="bbox 2046 4154 3618 4225">
    <p class='ocr_par' dir='ltr' id='par_1_103' title="bbox 2046 4154 3618 4225">
     <span class='ocr_line' id='line_1_103' title="bbox 2046 4154 3618 4225; baseline 0.001 -15"><span class='ocrx_word' id='word_1_768' title='bbox 2046 4158 2282 4213; x_wconf 87' lang='lat' dir='ltr'><strong>attulerit</strong></span> <span class='ocrx_word' id='word_1_769' title='bbox 2322 4156 2638 4211; x_wconf 89' lang='lat' dir='ltr'><strong>tributorum</strong></span> <span class='ocrx_word' id='word_1_770' title='bbox 2677 4157 2940 4211; x_wconf 87' lang='lat' dir='ltr'><strong>acerbitas</strong></span> <span class='ocrx_word' id='word_1_771' title='bbox 2970 4173 2982 4209; x_wconf 93' lang='lat'><strong>:</strong></span> <span class='ocrx_word' id='word_1_772' title='bbox 3018 4164 3071 4207; x_wconf 92' lang='lat' dir='ltr'><strong>at</strong></span> <span class='ocrx_word' id='word_1_773' title='bbox 3105 4154 3293 4209; x_wconf 92' lang='lat' dir='ltr'><strong>eadem</strong></span> <span class='ocrx_word' id='word_1_774' title='bbox 3322 4169 3618 4225; x_wconf 89' lang='lat' dir='ltr'><strong>pauperum</strong></span> 
     </span>
    </p>
   </div>
   <div class='ocr_carea' id='block_1_104' title="bbox 2046 4246 3616 4318">
    <p class='ocr_par' dir='ltr' id='par_1_104' title="bbox 2046 4246 3616 4318">
     <span class='ocr_line' id='line_1_104' title="bbox 2046 4246 3616 4318; baseline -0.001 -15"><span class='ocrx_word' id='word_1_775' title='bbox 2046 4249 2233 4303; x_wconf 89' lang='lat' dir='ltr'><strong>domos</strong></span> <span class='ocrx_word' id='word_1_776' title='bbox 2276 4257 2544 4318; x_wconf 89' lang='lat' dir='ltr'><strong>tamquam</strong></span> <span class='ocrx_word' id='word_1_777' title='bbox 2592 4258 2797 4302; x_wconf 89' lang='lat' dir='ltr'><strong>torrens</strong></span> <span class='ocrx_word' id='word_1_778' title='bbox 2842 4247 3126 4313; x_wconf 89' lang='lat' dir='ltr'><strong>distrahit,</strong></span> <span class='ocrx_word' id='word_1_779' title='bbox 3168 4246 3294 4301; x_wconf 85' lang='lat' dir='ltr'><strong>ﬂetu</strong></span> <span class='ocrx_word' id='word_1_780' title='bbox 3341 4249 3616 4317; x_wconf 90' lang='lat' dir='ltr'><strong>complens</strong></span> 
     </span>
    </p>
   </div>
   <div class='ocr_carea' id='block_1_105' title="bbox 2048 4339 3619 4410">
    <p class='ocr_par' dir='ltr' id='par_1_105' title="bbox 2048 4339 3619 4410">
     <span class='ocr_line' id='line_1_105' title="bbox 2048 4339 3619 4410; baseline 0.003 -17"><span class='ocrx_word' id='word_1_781' title='bbox 2048 4356 2226 4410; x_wconf 88' lang='lat' dir='ltr'><strong>pagos,</strong></span> <span class='ocrx_word' id='word_1_782' title='bbox 2256 4356 2375 4395; x_wconf 87' lang='lat' dir='ltr'><strong>cum</strong></span> <span class='ocrx_word' id='word_1_783' title='bbox 2402 4341 2611 4395; x_wconf 92' lang='lat' dir='ltr'><strong>interim</strong></span> <span class='ocrx_word' id='word_1_784' title='bbox 2651 4356 2821 4409; x_wconf 92' lang='lat' dir='ltr'><strong>neque</strong></span> <span class='ocrx_word' id='word_1_785' title='bbox 2841 4350 3090 4395; x_wconf 90' lang='lat' dir='ltr'><strong>senectus</strong></span> <span class='ocrx_word' id='word_1_786' title='bbox 3113 4340 3178 4395; x_wconf 90' lang='lat' dir='ltr'><strong>iis</strong></span> <span class='ocrx_word' id='word_1_787' title='bbox 3200 4339 3515 4397; x_wconf 91' lang='lat' dir='ltr'><strong>miserabilis</strong></span> <span class='ocrx_word' id='word_1_788' title='bbox 3535 4349 3619 4397; x_wconf 79' lang='lat' dir='ltr'><strong>est</strong></span> 
     </span>
    </p>
   </div>
   <div class='ocr_carea' id='block_1_106' title="bbox 2046 4432 3615 4504">
    <p class='ocr_par' dir='ltr' id='par_1_106' title="bbox 2046 4432 3615 4504">
     <span class='ocr_line' id='line_1_106' title="bbox 2046 4432 3615 4504; baseline 0.001 -18"><span class='ocrx_word' id='word_1_789' title='bbox 2046 4435 2135 4503; x_wconf 92' lang='lat' dir='ltr'><strong>qui</strong></span> <span class='ocrx_word' id='word_1_790' title='bbox 2174 4433 2365 4487; x_wconf 91' lang='lat' dir='ltr'><strong>tributa</strong></span> <span class='ocrx_word' id='word_1_791' title='bbox 2388 4434 2626 4502; x_wconf 88' lang='lat' dir='ltr'><strong>exigunt,</strong></span> <span class='ocrx_word' id='word_1_792' title='bbox 2667 4447 2837 4502; x_wconf 90' lang='lat' dir='ltr'><strong>neque</strong></span> <span class='ocrx_word' id='word_1_793' title='bbox 2863 4433 3144 4487; x_wconf 90' lang='lat' dir='ltr'><strong>mulierum</strong></span> <span class='ocrx_word' id='word_1_794' title='bbox 3166 4432 3415 4500; x_wconf 88' lang='lat' dir='ltr'><strong>viduitas,</strong></span> <span class='ocrx_word' id='word_1_795' title='bbox 3444 4450 3615 4504; x_wconf 77' lang='lat' dir='ltr'><strong>neque</strong></span> 
     </span>
    </p>
   </div>
   <div class='ocr_carea' id='block_1_107' title="bbox 2047 4525 3612 4595">
    <p class='ocr_par' dir='ltr' id='par_1_107' title="bbox 2047 4525 3612 4595">
     <span class='ocr_line' id='line_1_107' title="bbox 2047 4525 3612 4595; baseline 0.002 -17"><span class='ocrx_word' id='word_1_796' title='bbox 2047 4525 2333 4579; x_wconf 89' lang='lat' dir='ltr'><strong>liberorum</strong></span> <span class='ocrx_word' id='word_1_797' title='bbox 2374 4525 2611 4589; x_wconf 89' lang='lat' dir='ltr'><strong>orbitas;</strong></span> <span class='ocrx_word' id='word_1_798' title='bbox 2652 4525 2890 4593; x_wconf 90' lang='lat' dir='ltr'><strong>quinimo</strong></span> <span class='ocrx_word' id='word_1_799' title='bbox 2932 4534 3179 4593; x_wconf 89' lang='lat' dir='ltr'><strong>proterve</strong></span> <span class='ocrx_word' id='word_1_800' title='bbox 3218 4526 3406 4595; x_wconf 86' lang='lat' dir='ltr'><strong>agendi</strong></span> <span class='ocrx_word' id='word_1_801' title='bbox 3451 4526 3612 4581; x_wconf 80' lang='lat' dir='ltr'><strong>finem</strong></span> 
     </span>
    </p>
   </div>
   <div class='ocr_carea' id='block_1_108' title="bbox 2046 4613 3611 4686">
    <p class='ocr_par' dir='ltr' id='par_1_108' title="bbox 2046 4613 3611 4686">
     <span class='ocr_line' id='line_1_108' title="bbox 2046 4613 3611 4686; baseline 0.003 -19"><span class='ocrx_word' id='word_1_802' title='bbox 2046 4615 2251 4668; x_wconf 90' lang='lat' dir='ltr'><strong>nullum</strong></span> <span class='ocrx_word' id='word_1_803' title='bbox 2285 4614 2354 4667; x_wconf 92' lang='lat' dir='ltr'><strong>illi</strong></span> <span class='ocrx_word' id='word_1_804' title='bbox 2391 4613 2608 4676; x_wconf 85' lang='lat' dir='ltr'><strong>faciunt,</strong></span> <span class='ocrx_word' id='word_1_805' title='bbox 2649 4628 2965 4669; x_wconf 90' lang='lat' dir='ltr'><strong>communes</strong></span> <span class='ocrx_word' id='word_1_806' title='bbox 2992 4615 3207 4685; x_wconf 89' lang='lat' dir='ltr'><strong>quidam</strong></span> <span class='ocrx_word' id='word_1_807' title='bbox 3234 4616 3466 4686; x_wconf 87' lang='lat' dir='ltr'><strong>regionis</strong></span> <span class='ocrx_word' id='word_1_808' title='bbox 3510 4617 3611 4671; x_wconf 92' lang='lat' dir='ltr'><strong>ho-</strong></span> 
     </span>
    </p>
   </div>
   <div class='ocr_carea' id='block_1_109' title="bbox 2048 4707 3617 4779">
    <p class='ocr_par' dir='ltr' id='par_1_109' title="bbox 2048 4707 3617 4779">
     <span class='ocr_line' id='line_1_109' title="bbox 2048 4707 3617 4779; baseline 0.002 -18"><span class='ocrx_word' id='word_1_809' title='bbox 2048 4720 2187 4772; x_wconf 91' lang='lat' dir='ltr'><strong>stes,</strong></span> <span class='ocrx_word' id='word_1_810' title='bbox 2232 4723 2349 4777; x_wconf 88' lang='lat' dir='ltr'><strong>quae</strong></span> <span class='ocrx_word' id='word_1_811' title='bbox 2396 4707 2549 4761; x_wconf 87' lang='lat' dir='ltr'><strong>tellus</strong></span> <span class='ocrx_word' id='word_1_812' title='bbox 2593 4721 2923 4776; x_wconf 90' lang='lat' dir='ltr'><strong>nequaquam</strong></span> <span class='ocrx_word' id='word_1_813' title='bbox 2972 4708 3112 4773; x_wconf 87' lang='lat' dir='ltr'><strong>tulit,</strong></span> <span class='ocrx_word' id='word_1_814' title='bbox 3158 4722 3219 4763; x_wconf 86' lang='lat' dir='ltr'><strong>ea</strong></span> <span class='ocrx_word' id='word_1_815' title='bbox 3263 4708 3330 4765; x_wconf 89' lang='lat' dir='ltr'><strong>ab</strong></span> <span class='ocrx_word' id='word_1_816' title='bbox 3368 4709 3617 4779; x_wconf 87' lang='lat' dir='ltr'><strong>agricolis</strong></span> 
     </span>
    </p>
   </div>
   <div class='ocr_carea' id='block_1_110' title="bbox 2045 4800 2335 4867">
    <p class='ocr_par' dir='ltr' id='par_1_110' title="bbox 2045 4800 2335 4867">
     <span class='ocr_line' id='line_1_110' title="bbox 2045 4800 2335 4867; baseline -0.01 -14"><span class='ocrx_word' id='word_1_817' title='bbox 2045 4800 2335 4867; x_wconf 86' lang='lat' dir='ltr'><strong>exigentes.</strong></span> 
     </span>
    </p>
   </div>
   <div class='ocr_carea' id='block_1_111' title="bbox 2116 4886 3617 4961">
    <p class='ocr_par' dir='ltr' id='par_1_111' title="bbox 2116 4886 3617 4961">
     <span class='ocr_line' id='line_1_111' title="bbox 2116 4886 3617 4961; baseline 0.003 -19"><span class='ocrx_word' id='word_1_818' title='bbox 2116 4890 2170 4943; x_wconf 74' lang='grc'><strong>4.</strong></span> <span class='ocrx_word' id='word_1_819' title='bbox 2198 4886 2535 4956; x_wconf 81' lang='lat' dir='ltr'><strong>Beneﬁcentia</strong></span> <span class='ocrx_word' id='word_1_820' title='bbox 2563 4889 2795 4942; x_wconf 81' lang='lat' dir='ltr'><strong>monachi</strong></span> <span class='ocrx_word' id='word_1_821' title='bbox 2822 4890 2985 4958; x_wconf 87' lang='lat' dir='ltr'><strong>majOr</strong></span> <span class='ocrx_word' id='word_1_822' title='bbox 3014 4890 3171 4960; x_wconf 88' lang='lat' dir='ltr'><strong>regia.</strong></span> <span class='ocrx_word' id='word_1_823' title='bbox 3189 4892 3385 4961; x_wconf 78' lang='lat' dir='ltr'><strong>--Age</strong></span> <span class='ocrx_word' id='word_1_824' title='bbox 3414 4908 3539 4947; x_wconf 89' lang='lat' dir='ltr'><strong>vero</strong></span> <span class='ocrx_word' id='word_1_825' title='bbox 3563 4902 3617 4949; x_wconf 87' lang='lat' dir='ltr'><strong>et</strong></span> 
     </span>
    </p>
   </div>
   <div class='ocr_carea' id='block_1_112' title="bbox 2045 4980 3611 5051">
    <p class='ocr_par' dir='ltr' id='par_1_112' title="bbox 2045 4980 3611 5051">
     <span class='ocr_line' id='line_1_112' title="bbox 2045 4980 3611 5051; baseline -0.003 -15"><span class='ocrx_word' id='word_1_826' title='bbox 2045 4981 2173 5037; x_wconf 91' lang='lat' dir='ltr'><strong>illud</strong></span> <span class='ocrx_word' id='word_1_827' title='bbox 2221 4983 2437 5049; x_wconf 91' lang='lat' dir='ltr'><strong>insuper</strong></span> <span class='ocrx_word' id='word_1_828' title='bbox 2461 4980 2843 5044; x_wconf 86' lang='lat' dir='ltr'><strong>examinemus,</strong></span> <span class='ocrx_word' id='word_1_829' title='bbox 2883 4996 3111 5050; x_wconf 90' lang='lat' dir='ltr'><strong>quanam</strong></span> <span class='ocrx_word' id='word_1_830' title='bbox 3139 4982 3191 5035; x_wconf 89' lang='lat' dir='ltr'><strong>in</strong></span> <span class='ocrx_word' id='word_1_831' title='bbox 3235 4992 3384 5051; x_wconf 90' lang='lat' dir='ltr'><strong>parte</strong></span> <span class='ocrx_word' id='word_1_832' title='bbox 3425 4999 3611 5038; x_wconf 71' lang='lat' dir='ltr'><strong>mena.</strong></span> 
     </span>
    </p>
   </div>
   <div class='ocr_carea' id='block_1_113' title="bbox 2044 5071 3611 5142">
    <p class='ocr_par' dir='ltr' id='par_1_113' title="bbox 2044 5071 3611 5142">
     <span class='ocr_line' id='line_1_113' title="bbox 2044 5071 3611 5142; baseline 0.002 -16"><span class='ocrx_word' id='word_1_833' title='bbox 2044 5072 2197 5138; x_wconf 91' lang='lat' dir='ltr'><strong>chus,</strong></span> <span class='ocrx_word' id='word_1_834' title='bbox 2240 5088 2339 5141; x_wconf 91' lang='lat' dir='ltr'><strong>qua</strong></span> <span class='ocrx_word' id='word_1_835' title='bbox 2369 5080 2550 5126; x_wconf 89' lang='lat' dir='ltr'><strong>contra</strong></span> <span class='ocrx_word' id='word_1_836' title='bbox 2577 5072 2628 5125; x_wconf 90' lang='lat' dir='ltr'><strong>in</strong></span> <span class='ocrx_word' id='word_1_837' title='bbox 2656 5080 2804 5142; x_wconf 87' lang='lat' dir='ltr'><strong>parte</strong></span> <span class='ocrx_word' id='word_1_838' title='bbox 2836 5087 2926 5125; x_wconf 87' lang='lat' dir='ltr'><strong>rex</strong></span> <span class='ocrx_word' id='word_1_839' title='bbox 2960 5071 3185 5127; x_wconf 90' lang='lat' dir='ltr'><strong>subditis</strong></span> <span class='ocrx_word' id='word_1_840' title='bbox 3214 5072 3482 5128; x_wconf 85' lang='lat' dir='ltr'><strong>beneficus</strong></span> <span class='ocrx_word' id='word_1_841' title='bbox 3520 5076 3611 5133; x_wconf 89' lang='lat' dir='ltr'><strong>sit.</strong></span> 
     </span>
    </p>
   </div>
   <div class='ocr_carea' id='block_1_114' title="bbox 2045 5160 3612 5235">
    <p class='ocr_par' dir='ltr' id='par_1_114' title="bbox 2045 5160 3612 5235">
     <span class='ocr_line' id='line_1_114' title="bbox 2045 5160 3612 5235; baseline 0.003 -19"><span class='ocrx_word' id='word_1_842' title='bbox 2045 5162 2207 5233; x_wconf 89' lang='lat' dir='ltr'><strong>Igitur</strong></span> <span class='ocrx_word' id='word_1_843' title='bbox 2233 5162 2320 5216; x_wconf 91' lang='lat' dir='ltr'><strong>hic</strong></span> <span class='ocrx_word' id='word_1_844' title='bbox 2348 5160 2559 5232; x_wconf 91' lang='lat' dir='ltr'><strong>quidem</strong></span> <span class='ocrx_word' id='word_1_845' title='bbox 2601 5177 2789 5218; x_wconf 86' lang='lat' dir='ltr'><strong>aurum</strong></span> <span class='ocrx_word' id='word_1_846' title='bbox 2829 5162 3068 5231; x_wconf 89' lang='lat' dir='ltr'><strong>largitur,</strong></span> <span class='ocrx_word' id='word_1_847' title='bbox 3114 5164 3199 5218; x_wconf 92' lang='lat' dir='ltr'><strong>ille</strong></span> <span class='ocrx_word' id='word_1_848' title='bbox 3226 5179 3353 5219; x_wconf 86' lang='lat' dir='ltr'><strong>vero</strong></span> <span class='ocrx_word' id='word_1_849' title='bbox 3393 5166 3612 5235; x_wconf 89' lang='lat' dir='ltr'><strong>spiritus</strong></span> 
     </span>
    </p>
   </div>
   <div class='ocr_carea' id='block_1_115' title="bbox 2043 5251 3609 5327">
    <p class='ocr_par' dir='ltr' id='par_1_115' title="bbox 2043 5251 3609 5327">
     <span class='ocr_line' id='line_1_115' title="bbox 2043 5251 3609 5327; baseline -0.003 -19"><span class='ocrx_word' id='word_1_850' title='bbox 2043 5254 2264 5323; x_wconf 89' lang='lat' dir='ltr'><strong>gratiam</strong></span> <span class='ocrx_word' id='word_1_851' title='bbox 2293 5272 2305 5305; x_wconf 89' lang='lat'>:</span> <span class='ocrx_word' id='word_1_852' title='bbox 2338 5262 2596 5321; x_wconf 63' lang='lat' dir='ltr'><strong>praeterea</strong></span> <span class='ocrx_word' id='word_1_853' title='bbox 2622 5251 2760 5307; x_wconf 88' lang='lat' dir='ltr'><strong>idem</strong></span> <span class='ocrx_word' id='word_1_854' title='bbox 2784 5252 2870 5307; x_wconf 89' lang='lat' dir='ltr'><strong>hic</strong></span> <span class='ocrx_word' id='word_1_855' title='bbox 2899 5253 3025 5308; x_wconf 90' lang='lat' dir='ltr'><strong>dum</strong></span> <span class='ocrx_word' id='word_1_856' title='bbox 3060 5254 3232 5309; x_wconf 92' lang='lat' dir='ltr'><strong>bonus</strong></span> <span class='ocrx_word' id='word_1_857' title='bbox 3269 5264 3351 5310; x_wconf 91' lang='lat' dir='ltr'><strong>est</strong></span> <span class='ocrx_word' id='word_1_858' title='bbox 3380 5270 3609 5327; x_wconf 71' lang='lat' dir='ltr'><strong>pauper.</strong></span> 
     </span>
    </p>
   </div>
   <div class='ocr_carea' id='block_1_116' title="bbox 2043 5344 3611 5419">
    <p class='ocr_par' dir='ltr' id='par_1_116' title="bbox 2043 5344 3611 5419">
     <span class='ocr_line' id='line_1_116' title="bbox 2043 5344 3611 5419; baseline 0.003 -21"><span class='ocrx_word' id='word_1_859' title='bbox 2043 5354 2202 5400; x_wconf 89' lang='lat' dir='ltr'><strong>tatem</strong></span> <span class='ocrx_word' id='word_1_860' title='bbox 2226 5344 2399 5407; x_wconf 90' lang='lat' dir='ltr'><strong>solvit,</strong></span> <span class='ocrx_word' id='word_1_861' title='bbox 2425 5344 2512 5398; x_wconf 91' lang='lat' dir='ltr'><strong>ille</strong></span> <span class='ocrx_word' id='word_1_862' title='bbox 2551 5352 2725 5398; x_wconf 90' lang='lat' dir='ltr'><strong>autem</strong></span> <span class='ocrx_word' id='word_1_863' title='bbox 2768 5345 2974 5400; x_wconf 88' lang='lat' dir='ltr'><strong>animas</strong></span> <span class='ocrx_word' id='word_1_864' title='bbox 3011 5344 3311 5400; x_wconf 66' lang='lat' dir='ltr'><strong>daemonum</strong></span> <span class='ocrx_word' id='word_1_865' title='bbox 3334 5349 3611 5419; x_wconf 73' lang='lat' dir='ltr'><strong>tyrannide</strong></span> 
     </span>
    </p>
   </div>
   <div class='ocr_carea' id='block_1_117' title="bbox 2042 5435 3608 5510">
    <p class='ocr_par' dir='ltr' id='par_1_117' title="bbox 2042 5435 3608 5510">
     <span class='ocr_line' id='line_1_117' title="bbox 2042 5435 3608 5510; baseline 0.004 -20"><span class='ocrx_word' id='word_1_866' title='bbox 2042 5450 2324 5507; x_wconf 82' lang='lat' dir='ltr'><strong>Oppressas</strong></span> <span class='ocrx_word' id='word_1_867' title='bbox 2363 5436 2609 5506; x_wconf 89' lang='lat' dir='ltr'><strong>precibus</strong></span> <span class='ocrx_word' id='word_1_868' title='bbox 2654 5435 2876 5491; x_wconf 90' lang='lat' dir='ltr'><strong>liberat:</strong></span> <span class='ocrx_word' id='word_1_869' title='bbox 2905 5451 2967 5491; x_wconf 89' lang='lat' dir='ltr'><strong>ac</strong></span> <span class='ocrx_word' id='word_1_870' title='bbox 3001 5436 3047 5491; x_wconf 91' lang='lat' dir='ltr'><strong>si</strong></span> <span class='ocrx_word' id='word_1_871' title='bbox 3086 5439 3205 5507; x_wconf 91' lang='lat' dir='ltr'><strong>quis</strong></span> <span class='ocrx_word' id='word_1_872' title='bbox 3244 5437 3380 5494; x_wconf 87' lang='lat' dir='ltr'><strong>forte</strong></span> <span class='ocrx_word' id='word_1_873' title='bbox 3422 5440 3608 5510; x_wconf 67' lang='lat' dir='ltr'><strong>hujus~</strong></span> 
     </span>
    </p>
   </div>
   <div class='ocr_carea' id='block_1_118' title="bbox 2040 5528 3607 5602">
    <p class='ocr_par' dir='ltr' id='par_1_118' title="bbox 2040 5528 3607 5602">
     <span class='ocr_line' id='line_1_118' title="bbox 2040 5528 3607 5602; baseline -0.002 -17"><span class='ocrx_word' id='word_1_874' title='bbox 2040 5531 2184 5585; x_wconf 91' lang='lat' dir='ltr'><strong>modi</strong></span> <span class='ocrx_word' id='word_1_875' title='bbox 2223 5530 2523 5585; x_wconf 88' lang='lat' dir='ltr'><strong>calamitate</strong></span> <span class='ocrx_word' id='word_1_876' title='bbox 2564 5528 2866 5595; x_wconf 79' lang='lat' dir='ltr'><strong>afflictetur,</strong></span> <span class='ocrx_word' id='word_1_877' title='bbox 2912 5530 2958 5584; x_wconf 92' lang='lat' dir='ltr'><strong>is</strong></span> <span class='ocrx_word' id='word_1_878' title='bbox 2991 5545 3167 5600; x_wconf 89' lang='lat' dir='ltr'><strong>regem</strong></span> <span class='ocrx_word' id='word_1_879' title='bbox 3210 5540 3473 5602; x_wconf 88' lang='lat' dir='ltr'><strong>tamquam</strong></span> <span class='ocrx_word' id='word_1_880' title='bbox 3522 5534 3607 5588; x_wconf 71' lang='lat' dir='ltr'><strong>in.</strong></span> 
     </span>
    </p>
   </div>
   <div class='ocr_carea' id='block_1_119' title="bbox 2039 5620 3609 5691">
    <p class='ocr_par' dir='ltr' id='par_1_119' title="bbox 2039 5620 3609 5691">
     <span class='ocr_line' id='line_1_119' title="bbox 2039 5620 3609 5691; baseline 0.002 -16"><span class='ocrx_word' id='word_1_881' title='bbox 2039 5622 2215 5676; x_wconf 90' lang='lat' dir='ltr'><strong>anime</strong></span> <span class='ocrx_word' id='word_1_882' title='bbox 2242 5621 2507 5691; x_wconf 89' lang='lat' dir='ltr'><strong>quidpiam</strong></span> <span class='ocrx_word' id='word_1_883' title='bbox 2533 5620 2783 5690; x_wconf 66' lang='lat' dir='ltr'><strong>praeterit,</strong></span> <span class='ocrx_word' id='word_1_884' title='bbox 2811 5620 2877 5675; x_wconf 92' lang='lat' dir='ltr'><strong>ad</strong></span> <span class='ocrx_word' id='word_1_885' title='bbox 2910 5620 3289 5676; x_wconf 89' lang='lat' dir='ltr'><strong>monachorum</strong></span> <span class='ocrx_word' id='word_1_886' title='bbox 3310 5637 3437 5677; x_wconf 82' lang='lat' dir='ltr'><strong>vero</strong></span> <span class='ocrx_word' id='word_1_887' title='bbox 3456 5622 3609 5678; x_wconf 76' lang='lat' dir='ltr'><strong>habi-</strong></span> 
     </span>
    </p>
   </div>
   <div class='ocr_carea' id='block_1_120' title="bbox 2041 5711 3607 5782">
    <p class='ocr_par' dir='ltr' id='par_1_120' title="bbox 2041 5711 3607 5782">
     <span class='ocr_line' id='line_1_120' title="bbox 2041 5711 3607 5782; baseline -0.001 -15"><span class='ocrx_word' id='word_1_888' title='bbox 2041 5712 2274 5767; x_wconf 91' lang='lat' dir='ltr'><strong>taculum</strong></span> <span class='ocrx_word' id='word_1_889' title='bbox 2300 5712 2553 5781; x_wconf 89' lang='lat' dir='ltr'><strong>confugit,</strong></span> <span class='ocrx_word' id='word_1_890' title='bbox 2588 5711 2737 5781; x_wconf 89' lang='lat' dir='ltr'><strong>quasi</strong></span> <span class='ocrx_word' id='word_1_891' title='bbox 2763 5711 2852 5781; x_wconf 91' lang='lat' dir='ltr'><strong>qui</strong></span> <span class='ocrx_word' id='word_1_892' title='bbox 2882 5712 3151 5780; x_wconf 90' lang='lat' dir='ltr'><strong>conspecti</strong></span> <span class='ocrx_word' id='word_1_893' title='bbox 3178 5712 3288 5782; x_wconf 91' lang='lat' dir='ltr'><strong>lupi</strong></span> <span class='ocrx_word' id='word_1_894' title='bbox 3318 5712 3508 5768; x_wconf 91' lang='lat' dir='ltr'><strong>timore</strong></span> <span class='ocrx_word' id='word_1_895' title='bbox 3540 5714 3607 5773; x_wconf 79' lang='lat' dir='ltr'><strong>ad</strong></span> 
     </span>
    </p>
   </div>
   <div class='ocr_carea' id='block_1_121' title="bbox 2040 5803 3603 5878">
    <p class='ocr_par' dir='ltr' id='par_1_121' title="bbox 2040 5803 3603 5878">
     <span class='ocr_line' id='line_1_121' title="bbox 2040 5803 3603 5878; baseline 0.001 -16"><span class='ocrx_word' id='word_1_896' title='bbox 2040 5816 2341 5863; x_wconf 83' lang='lat' dir='ltr'><strong>venatorem</strong></span> <span class='ocrx_word' id='word_1_897' title='bbox 2369 5803 2598 5875; x_wconf 88' lang='lat' dir='ltr'><strong>gladium</strong></span> <span class='ocrx_word' id='word_1_898' title='bbox 2634 5817 2794 5859; x_wconf 88' lang='lat' dir='ltr'><strong>manu</strong></span> <span class='ocrx_word' id='word_1_899' title='bbox 2828 5810 3119 5874; x_wconf 82' lang='lat' dir='ltr'><strong>gestantem</strong></span> <span class='ocrx_word' id='word_1_900' title='bbox 3158 5803 3275 5878; x_wconf 86' lang='lat' dir='ltr'><strong>fuga</strong></span> <span class='ocrx_word' id='word_1_901' title='bbox 3310 5805 3603 5868; x_wconf 82' lang='lat' dir='ltr'><strong>contendit.</strong></span> 
     </span>
    </p>
   </div>
  </div>
