4116 6392
478 332 580 390 391

472 451 685 508 Etenim
711 446 854 519 quod
873 445 1112 502 venatori
1140 445 1370 517 gladius,
1394 446 1447 501 id
1486 458 1674 516 preces
1702 455 1827 500 sunt
1859 459 2050 499 mona-

467 543 611 595 cho:
641 543 968 614 neque'sane
987 541 1063 594 sic
1085 539 1239 610 lupos
1257 539 1485 609 gladius,
1510 549 1566 592 ut
1586 536 1860 592 daemonas
1875 540 2053 606 justo-

465 648 592 690 :um
620 647 810 705 preces
836 641 1056 688 terrent.
1082 631 1262 702 Itaque
1286 646 1390 686 non
1421 645 1520 685 nos
1550 630 1714 685 modo
1742 629 1808 684 ad
1839 637 2056 687 sanctos

470 725 790 792 monachos,
835 723 960 780 dum
998 723 1078 779 rei
1105 738 1234 778 usus
1270 724 1524 794 postulat,
1565 721 1920 793 confugimus,
1960 721 2055 778 sed

471 817 560 872 vel
583 831 735 888 reges
757 817 854 887 ipsi
893 816 961 871 ad
997 815 1214 872 eosdem
1237 816 1288 870 in
1315 815 1645 886 temporibus
1683 813 2053 882 formidandis,

469 931 495 962 ,ι
515 909 617 964 aud
651 908 808 964 aliter
835 924 991 979 quam
1028 907 1181 963 famis
1209 917 1451 978 tempore
1481 907 1847 964 mendicantes
1875 906 1941 960 ad
1969 906 2056 960 di-

463 1003 644 1056 Vitum
686 1001 879 1056 domus
921 1001 1248 1072 confugiunt.
1295 1000 1484 1056 Nonne
1523 999 1708 1056 Achab
1747 999 2056 1056 Iudaeorum

470 1107 573 1149 rex
601 1109 693 1163 per
715 1093 908 1150 famem
933 1103 986 1150 et
1006 1109 1230 1148 annona:
1251 1094 1528 1149 caritatem
1552 1094 1603 1147 in
1629 1093 1792 1149 Helia:
1814 1091 2059 1163 precibus

485 1201 635 1256 spem
665 1187 838 1257 posuit
877 1187 1068 1242 suam?
1109 1201 1287 1244 nonne
1309 1185 1568 1242 Ezechias
1597 1187 1614 1218 ί
1639 1186 1711 1256 (ὁ.
1733 1183 1864 1256 Reg.
1884 1185 1975 1240 20.
2003 1185 2057 1255 l)

481 1276 611 1333 illttd
641 1277 781 1332 idem
809 1278 1113 1350 imperium,
1143 1279 1290 1334 illum
1316 1279 1560 1334 eumdem
1587 1278 1941 1348 principatum
1964 1278 2060 1332 ob-

476 1369 675 1436 tinens,
715 1385 886 1440 :rger,
927 1385 990 1424 ac
1023 1369 1241 1441 jamjam
1282 1370 1595 1435 moriturus,
1638 1369 1922 1423 instantem
1961 1368 2061 1423 sibi

400 1451 414 1461 ”
478 1472 712 1517 mortem
753 1477 874 1517 cum
914 1462 1140 1527 videret,
1181 1461 1248 1516 ad
1288 1460 1604 1533 prophetam
1643 1460 1899 1532 confugit,
1940 1468 2062 1514 tan-

486 1569 642 1622 quam
669 1563 840 1608 morte
867 1553 1242 1623 potentiorem,
1273 1568 1336 1607 ac
1361 1538 1484 1607 vita:
1519 1550 1867 1623 largitorem?
1901 1550 2061 1626 Atqui

485 1646 624 1702 bello
644 1656 962 1716 erumpente
989 1645 1374 1716 Pala-Stinaqne
1398 1645 1450 1699 in
1489 1653 1692 1699 tantum
1715 1643 1941 1698 adducta
1965 1658 2062 1713 pe-

487 1739 730 1804 riculum,
753 1746 810 1793 ut
828 1736 1065 1792 funditus
1085 1737 1378 1794 excidenda
1400 1747 1562 1801 esset,
1582 1736 1887 1792 Judtnorum
1911 1748 2064 1806 reges

487 1830 707 1884 dimisso
735 1831 997 1897 exercitu,
1023 1818 1255 1885 dimissis
1277 1829 1561 1900 peditibus,
1591 1827 1900 1898 sagittariis,
1923 1827 2066 1897 equi-

487 1925 648 1989 tibus,
691 1923 951 1990 ducibus,
995 1923 1430 1987 centurionibus,
1473 1922 1541 1976 ad
1581 1921 1760 1976 Elisaei
1792 1935 1978 1990 preces
2005 1934 2066 1974 se

487 2024 808 2084 receperunt
833 2032 846 2068 :
871 2014 1250 2070 existimabant
1271 2015 1414 2070 enim
1442 2014 1532 2068 Dei
1558 2028 1772 2068 servum
1801 2012 1900 2066 sibi
1925 2011 2066 2066 mul-

489 2115 660 2160 tarum
691 2105 985 2178 myriadum
1013 2107 1179 2162 instar
1204 2108 1336 2162 fore.
1360 2103 1546 2160 Itidem
1570 2113 1626 2160 et
1657 2103 1911 2159 Ezechias
1949 2118 2063 2168 rex,

489 2197 630 2250 bello
658 2196 873 2252 Persico
896 2197 1149 2263 instante,
1177 2211 1298 2251 eum
1324 2195 1474 2250 urbis
1507 2195 1773 2250 excidium
1814 2193 2067 2248 immine-

490 2297 587 2352 ret,
613 2287 922 2358 civibusque
949 2287 1038 2354 qui
1061 2301 1156 2357 pro
1177 2286 1442 2343 moenibus
1464 2292 1668 2340 starent
1693 2285 1803 2354 jam
1829 2293 2069 2338 tremen-

490 2379 648 2445 tibus,
679 2378 1060 2443 metuentibus,
1085 2394 1148 2434 ac
1173 2379 1394 2450 perinde
1419 2379 1723 2446 commotis,
1748 2385 1806 2432 ut
1825 2391 2068 2432 commo-

493 2472 608 2525 veri
650 2470 895 2526 homines
933 2471 1153 2537 solent,
1195 2473 1406 2542 quoties
1437 2472 1520 2526 vel
1561 2472 1757 2526 tonitru
1787 2470 1873 2526 vel
1911 2480 2070 2526 terra:

491 2574 694 2617 metum
734 2564 914 2618 omnia
954 2565 1280 2634 quatientem
1318 2572 1651 2634 exSpectant,
1696 2564 1842 2619 Isaize
1884 2579 2070 2634 preces

491 2653 672 2707 multis
696 2653 978 2709 Persarum
1017 2655 1249 2711 millibus
1290 2657 1558 2725 Opposuit,
1587 2670 1758 2725 neque
1795 2670 1891 2709 sua
1921 2654 2070 2708 illum

493 2758 618 2814 spes
644 2742 849 2799 fefellit.
877 2745 1008 2800 Nam
1035 2745 1191 2800 simul
1219 2755 1275 2800 ut
1295 2746 1556 2816 propheta
1586 2761 1777 2802 manus
1801 2745 1853 2800 in
1876 2747 2069 2801 caelum

491 2838 725 2903 sustulit,
749 2839 928 2894 statim
955 2839 1093 2893 Deus
1131 2839 1337 2912 sagittis
1367 2855 1398 2896 e
1427 2840 1561 2895 cznlo
1599 2840 1776 2895 missis
1798 2839 2070 2894 Persicum

493 2927 688 2982 bellum
729 2929 994 2998 confecit,
1042 2945 1197 3000 reges
1234 2931 1504 2998 erudiens,
1545 2947 1612 2987 eo
1649 2946 1710 2988 se
1750 2932 1870 2987 loco
1907 2932 2072 3002 ipsius

493 3022 769 3076 ministros
813 3021 1010 3078 habere
1047 3023 1264 3090 debere,
1311 3033 1368 3080 ut
1405 3039 1499 3080 eos
1535 3039 1726 3081 omnes
1763 3039 2073 3080 communes

492 3127 612 3169 esse
641 3125 799 3170 terra:
834 3125 1140 3171 servatores
1167 3117 1490 3183 existiment,
1527 3127 1585 3174 ut
1611 3118 1711 3173 hac
1733 3118 1946 3189 quidem
1981 3134 2074 3172 ra-

492 3208 639 3264 tione
693 3209 1056 3276 edoceantur,
1107 3226 1203 3280 per
1243 3211 1511 3281 justorum
1559 3211 1963 3267 exhortationes
2006 3212 2074 3266 ad

495 3314 656 3356 omne
679 3302 872 3356 bonum
895 3311 1055 3373 atque
1081 3303 1370 3358 humanum
1390 3320 1526 3376 opus
1553 3305 1781 3369 invitati,
1806 3314 1916 3361 tum
1939 3321 2073 3360 con-

493 3394 609 3447 silia
633 3397 887 3461 revereri,
907 3405 1018 3450 tum
1041 3395 1196 3450 bonis
1216 3395 1668 3452 admonitionibus
1682 3397 2072 3466 obtemperare.

497 3484 727 3540 Proinde
753 3501 856 3540 non
883 3503 947 3541 ex
985 3487 1050 3541 iis
1078 3488 1249 3542 solum
1275 3504 1392 3558 quae
1420 3487 1530 3543 dixi
1572 3487 1850 3560 utriusque
1882 3489 2076 3542 discri-

498 3591 619 3628 men
664 3591 990 3646 e0gnoscere
1018 3577 1174 3642 licet;
1207 3579 1300 3632 sed
1341 3579 1385 3632 si
1417 3595 1514 3632 usu
1542 3579 1749 3635 venerit
1773 3589 1827 3634 et
1855 3581 1994 3632 hunc
2025 3588 2079 3632 et

498 3666 646 3720 illum
689 3667 982 3736 deturbari,
1027 3667 1169 3725 hunc
1206 3669 1419 3740 quidem
1459 3670 1690 3737 virtute,
1723 3670 1868 3724 illum
1897 3680 2074 3725 autem

500 3774 665 3829 regno
691 3762 988 3829 privatum,
1018 3761 1107 3817 hic
1132 3777 1296 3833 parvo
1333 3762 1623 3818 admodum
1661 3763 1876 3834 negotio
1913 3763 1978 3816 ad
2019 3777 2078 3817 se

498 3852 654 3916 redit,
680 3869 742 3907 ac
763 3855 940 3908 statim
965 3871 1059 3924 per
1085 3871 1292 3926 preces,
1320 3871 1415 3926 per
1442 3857 1728 3929 laerymas,
1759 3872 1854 3927 per
1876 3871 2078 3912 moero-

499 3960 611 3999 rem
634 3987 649 4011 ,
695 3960 793 4015 per
830 3962 1120 4016 pauperum
1152 3962 1368 4014 curam,
1410 3950 1646 4018 peccatis
1688 3949 1943 4004 abstersis
1965 3991 1980 4012 ,
2012 3949 2080 4003 de

506 4037 716 4106 integro
754 4036 907 4092 facile
936 4037 1002 4092 ad
1031 4039 1311 4108 pristinum
1342 4039 1693 4110 principatum
1733 4042 1978 4096 recurrit.
2011 4044 2081 4096 At

503 4141 598 4180 rex
644 4127 779 4180 solio
815 4127 1054 4196 dejectus
1096 4143 1216 4184 eum
1263 4129 1436 4197 fuerit,
1486 4138 1598 4185 tum
1639 4131 1852 4186 demum
1898 4133 2080 4187 multis

503 4232 634 4272 sane
677 4219 836 4272 sociis
876 4220 1106 4291 indiget,
1149 4223 1330 4277 multis
1373 4224 1497 4278 item
1541 4225 1762 4280 armatis
1799 4225 2078 4290 militibus,

501 4309 676 4377 equis,
713 4310 969 4378 pecuniis,
999 4311 1250 4380 periculis
1281 4329 1294 4364 :
1324 4313 1554 4383 denique
1581 4314 1768 4369 salutis
1797 4329 1907 4370 suae
1931 4329 2080 4385 Spem

504 4399 554 4452 in
578 4399 697 4453 aliis
724 4401 879 4454 sitam
909 4401 1089 4456 habet.
1112 4401 1403 4457 Monachus
1425 4418 1552 4458 vero
1572 4404 1796 4460 salutem
1834 4405 2084 4460 celeriter

503 4491 761 4546 voluntati
793 4508 925 4560 sum,
962 4495 1139 4549 studio
1199 4510 1262 4549 ac
1285 4497 1565 4552 sententiae
1602 4499 1884 4554 mutationi
1912 4500 2083 4553 comi-

505 4592 610 4636 tem
635 4583 913 4640 habiturus
939 4595 1020 4640 est
1047 4605 1061 4641 :
1086 4587 1316 4659 Regnum
1336 4590 1466 4642 enim
1491 4588 1750 4657 calorum,
1778 4591 1949 4660 inquit
1971 4591 2080 4657 ille,

500 4674 552 4727 in
598 4675 736 4728 vobis
780 4685 850 4730 est
881 4676 1040 4750 (Luc.
1070 4680 1156 4734 l7.
1185 4679 1247 4734 21
1273 4681 1313 4751 ).
1345 4680 1464 4736 Jam
1506 4697 1650 4737 mors
1678 4683 1788 4753 regi
1832 4683 2084 4738 terribilis

500 4772 622 4831 est,
651 4767 836 4822 eadem
879 4768 1197 4840 philosopho
1227 4771 1448 4827 minime
1488 4773 1711 4829 molesta
1746 4792 1760 4830 :
1788 4789 1911 4829 eum
1941 4777 2085 4829 enim

501 4857 591 4925 qui
619 4857 852 4925 divitias,
881 4859 1234 4930 voluptatem,
1276 4862 1517 4928 delicias,
1546 4880 1772 4934 quorum
1805 4866 1970 4935 gratia
2001 4866 2086 4920 vi-

510 4957 616 5001 tam
641 4950 843 5019 agitare
875 4951 1025 5006 multi
1050 4955 1453 5024 concupiscunt,
1479 4955 1726 5026 despicit,
1759 4972 1976 5013 necesse
2005 4967 2089 5012 est

506 5041 876 5110 migrationem
907 5044 974 5098 ab
1005 5046 1106 5099 hoc
1129 5047 1262 5102 orbe
1289 5045 1429 5101 haud
1465 5063 1606 5119 aegre
1645 5049 1807 5104 ferre.
1849 5050 2000 5118 Quod
2041 5051 2089 5106 si

507 5143 561 5188 et
581 5133 722 5190 hunc
756 5145 811 5191 et
837 5136 985 5192 illum
1008 5139 1239 5210 jugulari
1269 5141 1590 5211 contigerit,
1619 5141 1708 5197 hic
1748 5143 1960 5214 quidem
1994 5159 2090 5214 pro

573 5337 590 5369 ι
625 5339 698 5387 Sic
731 5339 922 5389 coislin.
957 5347 1113 5392 recte.
1141 5341 1260 5393 Edit.
1297 5355 1430 5404 vero,
1455 5355 1608 5395 nonne
1631 5343 1815 5396 Ozias?

1167 329 1226 387 S.
1266 327 1546 387 JOANNIS
1581 323 2056 387 CHRYSOSTOMI
2093 325 2412 387 ARCHIEP.
2451 330 2991 388 CONSTAN’I‘INOP.

3636 335 3748 394 399

2163 443 2362 515 pietate
2391 445 2629 516 pericula
2670 446 2772 501 sibi
2798 455 3058 512 accerset,
3100 447 3452 505 immortaiem
3487 459 3542 506 et
3568 461 3746 506 εωιυ-

2160 546 2296 590 stem
2326 537 2488 591 vitam
2515 546 2688 593 morte
2713 553 2808 592 sua
2837 553 3156 609 comparans
3189 556 3202 593 ε
3231 549 3286 594 at
3327 553 3420 596 rex
3459 551 3750 614 tyrannum

2160 627 2415 698 aliquem,
2445 638 2500 682 et
2525 644 2646 683 eum
2674 631 2765 699 qui
2808 630 3088 700 imperium
3128 631 3362 695 affectat,
3385 632 3751 703 jngulatorem

2163 733 2318 774 suum
2347 719 2622 774 habiturus
2646 730 2750 787 est,
2793 721 3097 776 miserabile
3139 722 3386 794 idemque
3415 723 3753 780 horrendum

2164 822 2287 883 post
2305 814 2505 874 caedem
2535 816 2894 892 spectaculum
2915 831 2928 879 ;
2951 818 3271 871 monachum
3294 833 3419 872 vero
3439 834 3533 888 pro
3552 819 3755 888 pietate

2160 904 2457 975 iugulatum
2485 920 2727 969 cernere,
2759 905 2915 962 dulce
2941 914 3101 977 atque
3126 908 3361 962 salutare
3384 909 3755 978 Spectaculnm

2165 1004 2268 1052 est.
2293 997 2447 1053 Adde
2483 997 2567 1052 his
2589 997 2730 1068 quod
2771 998 3063 1054 monachus
3086 999 3350 1054 bonorum
3375 1016 3589 1056 suorum
3614 1001 3720 1057 alie

2165 1097 2401 1144 etatores
2453 1089 2733 1144 habiturus
2784 1099 2905 1155 est,
2949 1091 3288 1146 aemulatores
3329 1106 3392 1146 ac
3431 1091 3750 1162 discipulos,

2167 1181 2306 1236 bona
2341 1196 2408 1236 ex
2435 1192 2585 1252 parte
2625 1193 3049 1253 comprecantes,
3090 1194 3151 1238 ut
3188 1185 3354 1254 ipsius
3380 1185 3582 1240 similes
3617 1200 3719 1240 eva

2167 1271 2296 1327 dant
2333 1288 2347 1328 :
2386 1283 2441 1328 at
2479 1288 2574 1329 rex
2615 1275 2812 1328 multos
2850 1275 3045 1329 fruswa
3087 1274 3141 1330 in
3185 1276 3432 1352 precibus
3474 1281 3760 1332 sermunes

2169 1363 2530 1434 insumpserit,
2562 1365 2729 1420 Deum
2755 1381 2966 1436 rogans,
2994 1376 3049 1420 ut
3081 1382 3238 1421 nemo
3271 1368 3514 1433 exsistat,
3535 1369 3625 1436 Qui
3662 1383 3758 1424 re-

2168 1473 2329 1527 gnum
2354 1457 2588 1514 all‘ectet.
2615 1459 2885 1514 Praeterea
2916 1459 3063 1513 illum
3109 1459 3413 1514 interficere
3447 1445 3627 1514 nullus
3655 1476 3759 1513 au-

2169 1552 2314 1616 deat,
2337 1567 2459 1609 cum
2487 1551 2754 1607 existimet
2779 1552 2999 1622 impium
3041 1567 3101 1607 se
3141 1551 3194 1605 in
3218 1551 3384 1606 Deum
3415 1549 3672 1617 futurum,
3710 1551 3762 1605 si

2171 1661 2293 1701 eum
2315 1645 2592 1700 sustulerit
2616 1663 2630 1698 :
2657 1645 2781 1700 huic
2801 1660 2930 1700 vero
2951 1645 3102 1699 multi
3127 1644 3456 1715 jugttlatores
3479 1646 3757 1714 ingruunt,

2173 1737 2468 1808 tyrannidis
2492 1736 2852 1792 aﬂ‘ectatores.
2883 1737 3236 1804 Quamobrem
3264 1737 3403 1791 alter
3440 1739 3634 1792 milites
3655 1738 3760 1791 ad-

2173 1827 2320 1884 hibet
2364 1831 2607 1900 corporis
2656 1831 2739 1884 sui
2783 1829 3076 1895 custodes,
3121 1830 3257 1884 alter
3302 1830 3460 1884 urbes
3509 1831 3761 1900 precibus

2172 1923 2284 1977 suis
2330 1930 2601 1993 tamquam
2649 1938 2804 1976 muro
2847 1922 3178 1985 communit,
3223 1923 3489 1977 neminem
3534 1922 3756 1989 timens,

2171 2030 2291 2072 cum
2333 2033 2426 2071 rex
2454 2027 2712 2086 perpetuo
2749 2017 2801 2070 in
2830 2017 3042 2082 timore,
3087 2015 3336 2071 eontinua
3372 2016 3424 2070 in
3465 2014 3626 2069 cedis
3666 2031 3763 2069 ex-

2173 2111 2504 2180 spectatione
2525 2111 2664 2164 vivat
2689 2127 2704 2165 :
2730 2125 2912 2164 secum
2951 2109 3093 2164 enim
3132 2108 3443 2164 circumfert
3477 2108 3761 2162 avaritiam

2173 2201 2555 2272 periculosam,
2598 2215 2694 2270 pro
2731 2215 2838 2272 qua
2875 2199 3171 2254 monachus
3211 2208 3378 2253 tutam
3419 2213 3530 2269 pra:
3570 2213 3630 2253 se
3656 2197 3765 2253 fert

2173 2294 2422 2348 salutem.

2245 2384 2520 2456 Comparat
2545 2401 2659 2438 cum
2687 2400 2804 2455 rege
2846 2384 3148 2438 monachum
3187 2384 3241 2438 in
3282 2383 3346 2437 iis
3389 2399 3502 2452 quae
3544 2392 3762 2438 mortem

2175 2485 2468 2544 sequuntur.
2492 2505 2565 2516 —
2589 2476 2820 2531 Proinde
2845 2475 2913 2530 de
2940 2475 3101 2532 rebus
3127 2490 3247 2546 qua:
3283 2489 3382 2530 nos
3417 2476 3468 2528 in
3510 2458 3763 2544 prmsenti

2173 2567 2282 2623 vita
2310 2567 2708 2622 circumsistunt
2737 2566 2949 2622 abunde
2978 2567 3106 2620 mihi
3140 2566 3340 2621 dixisse
3368 2565 3571 2620 videor.
3603 2564 3764 2633 Quod

2176 2659 2222 2714 si
2258 2669 2313 2714 et
2349 2668 2616 2714 certamen
2664 2657 2896 2713 futurum
2938 2659 3246 2712 examinare
3284 2658 3525 2720 velimus,
3569 2671 3765 2710 mona-

2175 2751 2336 2806 chum
2377 2750 2590 2821 quidem
2614 2750 2914 2805 videbimus
2938 2748 3277 2820 splendidum
3308 2763 3371 2802 ac
3411 2748 3766 2818 conspicuum

2175 2843 2290 2912 rapi
2318 2843 2460 2897 inter
2485 2843 2656 2897 nubes
2677 2841 2743 2896 ad
2770 2857 3052 2897 occursum
3071 2841 3270 2895 Christi
3310 2840 3363 2894 in
3390 2855 3535 2904 aera,
3575 2845 3764 2896 exem-

2178 2935 2274 3007 plo
2293 2936 2446 2991 ducis
2467 2944 2522 2990 et
2544 2936 2864 2990 institutoris
2886 2934 3046 3004 hujus
3073 2935 3196 2988 vitm
3222 2933 3468 2988 salutaris
3492 2931 3765 2988 omnium-

2179 3045 2284 3098 que
2323 3030 2603 3084 virtutum.
2647 3031 2716 3083 At
2755 3045 2881 3093 rex,
2925 3027 2972 3082 si
3009 3027 3224 3097 quidem
3261 3027 3403 3095 juste
3440 3035 3493 3081 et
3533 3026 3768 3079 humane

2179 3121 2464 3192 imperium
2507 3121 2711 3175 rexisse
2733 3120 2878 3174 visus
2917 3119 3076 3173 fuerit
3115 3133 3270 3174 suum
3299 3117 3425 3186 (hoc
3449 3125 3626 3172 autem
3663 3117 3767 3170 ad-

2179 3214 2399 3270 modum
2441 3228 2618 3268 rarum
2658 3211 2780 3284 est)
2810 3253 2822 3277 ,
2875 3212 3134 3266 minorem
3191 3211 3416 3264 salutem
3441 3252 3456 3275 ,
3500 3209 3769 3263 minorem

2181 3306 2439 3360 honorem
2479 3305 2734 3359 sortietur
2769 3321 2782 3358 :
2822 3319 2924 3359 non
2968 3304 3111 3358 enim
3153 3303 3313 3366 idem,
3351 3318 3479 3366 non,
3525 3301 3768 3371 inquam,

2181 3397 2323 3451 idem
2356 3397 2534 3460 fuerit,
2565 3399 2737 3450 bonus
2763 3410 2876 3454 rex,
2902 3405 2956 3448 et
2984 3394 3277 3448 monachus
3305 3408 3566 3446 summam
3596 3393 3647 3445 in
3671 3393 3769 3446 Dei

2180 3491 2323 3545 cultu
2348 3505 2529 3544 curam
2573 3503 2798 3558 ponens.
2831 3487 2926 3541 Sin
2953 3495 3130 3540 autem
3171 3485 3368 3539 malum
3409 3494 3461 3538 et
3503 3485 3770 3553 importu-

2183 3599 2308 3638 num
2331 3582 2529 3636 vixisse
2568 3595 2690 3635 eum
2723 3579 3045 3642 constiterit,
3083 3593 3147 3632 ac
3186 3577 3366 3631 multis
3403 3575 3555 3629 malis
3577 3574 3773 3629 orbem

2184 3675 2492 3745 replevisse,
2533 3673 2652 3742 quis
2694 3671 2910 3726 tandem
2946 3685 3199 3724 enarrare
3225 3669 3395 3738 possit
3432 3667 3772 3721 calamitates

2183 3783 2275 3823 eas
2295 3783 2427 3839 quas
2452 3767 2719 3822 sustinere
2739 3779 2862 3820 eum
2885 3761 3108 3828 videbis,
3153 3762 3261 3833 igni
3285 3770 3554 3825 exustum,
3581 3759 3770 3830 ﬂagel-

2183 3861 2372 3927 latum,
2411 3859 2724 3922 cruciatum,
2765 3855 2997 3926 denique
3031 3869 3093 3909 ea
3117 3855 3428 3924 patientem,
3452 3868 3570 3922 quze
3595 3866 3775 3921 neque

2186 3952 2352 4007 verbo
2373 3951 2620 4020 exprimi,
2645 3963 2818 4020 neque
2849 3962 2908 4002 re
2947 3947 3060 4017 ipsa
3091 3945 3302 4000 tolerari
3339 3943 3604 4014 possunt"
3648 3942 3774 3996 "me

2185 4045 2363 4099 omnia
2387 4051 2719 4113 reputantes,
2745 4050 2904 4111 atque
2925 4039 3246 4102 ediscentes,
3272 4050 3378 4090 non
3399 4043 3608 4104 oportet
3627 4033 3772 4088 divi-

2185 4146 2268 4192 tes
2307 4135 2560 4190 admirari
2600 4149 2616 4190 :
2657 4133 2852 4188 etenim
2898 4138 3110 4185 constat
3159 4129 3349 4183 horum
3389 4126 3664 4181 dominum
3703 4139 3780 4179 ne

2188 4227 2450 4283 tantillum
2473 4225 2687 4298 quidem
2711 4225 2776 4278 ad
2813 4222 3058 4278 monachi
3089 4221 3340 4274 virtutem
3367 4218 3586 4288 propius
3611 4231 3774 4271 acce-

2185 4321 2334 4376 dere.
2374 4319 2517 4390 Ergo
2557 4320 2646 4374 ubi
2683 4317 3029 4388 conspexeris
3071 4314 3292 4368 divitem
3318 4320 3466 4367 veste
3504 4320 3776 4373 ornatum,

2189 4430 2320 4468 auro
2340 4411 2651 4482 superbum,
2677 4425 2835 4464 curru
2857 4418 3086 4469 vectum,
3115 4406 3328 4460 incessu
3366 4403 3646 4472 magnifico
3686 4401 3776 4454 iu-

2189 4505 2489 4568 cedentem,
2516 4519 2582 4557 ne
2621 4502 2892 4555 hominem
2921 4500 3136 4554 beatum
3174 4496 3377 4551 dixeris
3401 4512 3415 4548 :
3439 4492 3830 4563 temporariaz‘

2190 4598 2334 4651 enim
2368 4595 2588 4659 divititc,
2631 4603 2686 4648 et
2723 4591 2975 4663 quicquid
3017 4591 3220 4646 bonum
3253 4603 3372 4644 esse
3398 4587 3628 4651 videtur,
3672 4601 3779 4638 una

2189 4703 2310 4742 cum
2333 4687 2439 4740 vita
2462 4685 2563 4740 hac
2593 4683 2972 4754 corrumpitur.
3005 4682 3076 4737 At
3110 4679 3428 4736 monachum
3466 4678 3557 4733 ubi
3581 4676 3784 4732 videris

2192 4779 2361 4834 solum
2395 4776 2752 4842 incedentem,
2793 4775 3077 4840 humilem,
3114 4782 3472 4836 mansuetum,
3512 4769 3779 4840 quietum,

2193 4871 2492 4942 pacificum,
2535 4869 2805 4923 hominem
2848 4867 3120 4930 :emulare,
3163 4864 3246 4919 fac
3285 4863 3501 4918 videare
3539 4861 3784 4915 imitator

2193 4963 2544 5036 philosophia:
2582 4963 2770 5033 ipsius,
2812 4960 2894 5016 fac
2935 4959 3169 5031 preceris
3209 4973 3330 5014 esse
3364 4957 3495 5027 justi
3539 4955 3729 5009 similis
3764 4971 3780 5007 :

2195 5054 2361 5109 Petite
2395 5056 2559 5121 enim,
2603 5054 2808 5124 inquit,
2858 5061 2902 5106 et
2950 5050 3152 5104 dabitur
3194 5050 3332 5103 vobis
3379 5047 3587 5120 (Matth.
3612 5047 3666 5099 7.
3695 5045 3779 5111 7).

2197 5148 2324 5203 Haec
2368 5147 2511 5202 enim
2559 5161 2687 5201 vere
2731 5153 2857 5200 sunt
2906 5143 3084 5208 bona,
3144 5140 3424 5207 salutaria,
3473 5138 3781 5198 manentia,

2197 5249 2418 5313 propter
2449 5239 2648 5296 Christi
2690 5237 3068 5309 benignitatem
3107 5250 3170 5289 ac
3205 5231 3595 5304 providentiam
3639 5246 3653 5282 :
3692 5229 3781 5283 cui

2203 5335 2370 5405 gloria
2395 5342 2448 5390 et
2477 5333 2757 5405 imperium
2785 5347 2878 5403 per
2899 5329 3090 5386 smcula
3115 5325 3454 5390 saeculorum,
3482 5323 3676 5377 Amen.

1964 5582 2305 5607 ι--οοοιυ-
