4116 6392
229 358 326 413 391

228 472 336 526 τῶν
351 470 592 525 δικαίων.
613 469 686 524 Οὐ
705 466 884 522 τοίνυν
913 466 1073 539 μόνον
1093 466 1256 538 ἡμεῖς
1281 464 1420 536 πρὸς
1433 463 1558 527 τοὺς
1589 461 1777 530 ἁγίους
1807 475 1903 530 μο-

229 560 427 630 ναχοὺς
457 560 516 612 ἐν
547 561 666 622 ταῖς
695 557 907 629 χρείαις
931 554 1368 626 καταφεύγομεν,
1403 551 1538 607 ἀλλὰ
1561 549 1656 605 καὶ
1682 549 1730 603 οί
1753 547 1905 618 βασι-

229 647 341 712 λεῖς
356 647 509 700 αὐτοὶ
536 646 670 718 πρὸς
699 644 920 708 τούτους
945 642 1380 712 καταφεύγουσιν
1423 643 1482 695 ἐν
1505 640 1719 712 καιροῖς
1741 635 1906 708 φοϐε-

233 737 366 808 ροῖς,
417 734 606 804 ὥσπερ
659 736 708 786 οἱ
753 731 1123 803 πτωχεύοντες
1173 733 1231 785 ἐν
1272 731 1416 803 λιμῷ
1453 729 1590 803 πρὸς
1645 728 1746 790 τὰς
1798 725 1908 780 τῶν

235 822 505 876 πλουσίων
538 822 734 886 οἰκίας.
764 821 1118 892 ΟὐκἊχαάϐ,
1149 823 1178 874 6
1207 821 1316 873 τῶν
1340 819 1608 874 Ἰουδαίων
1634 816 1907 889 βασιλεὺς,

234 914 292 966 ἐν
313 911 458 982 λιμῷ
493 912 588 964 καὶ
613 908 846 980 σιτοδείᾳ
864 908 960 979 τὴν
979 909 1173 963 ἐλπίδα
1199 909 1297 980 τῆς
1314 908 1586 981 σωτηρίας
1600 905 1750 978 [120]
1765 899 1910 976 εἶχεν

237 1003 295 1054 ἐν
329 1003 450 1063 ταῖς
465 998 644 1052 Ἠλίου
663 1000 1021 1070 προσευχαῖς;
1043 998 1142 1051 οὐκ
1169 996 1416 1061 Ἐζεκίας
1431 1009 1454 1038 ι
1474 997 1571 1067 τὴν
1589 996 1758 1068 αὐτὴν
1776 995 1911 1064 ἔχων

238 1089 412 1160 ἀρχὴν
454 1089 548 1140 καὶ
571 1086 910 1148 δυναστείαν,
950 1085 1122 1140 νοσῶν
1151 1087 1244 1139 καὶ
1280 1085 1488 1157 μέλλων
1515 1084 1790 1155 τελευτᾷν,
1821 1085 1914 1151 ἐφ-

237 1175 507 1247 εστηκότα
524 1175 614 1229 τὸν
629 1175 856 1229 θάνατον
878 1175 1037 1247 ὁρῶν,
1054 1175 1145 1228 ἐπὶ⁷
1157 1175 1246 1228 τὸν
1275 1175 1560 1244 προφήτην
1586 1173 1912 1242 κατέφυγεν,

236 1264 312 1328 ὡς
341 1264 574 1318 θανάτου
600 1262 969 1336 δυνατώτερον
984 1261 1076 1316 καὶ
1096 1262 1243 1332 ζωῆς
1272 1263 1540 1334 χορηγόν;
1573 1263 1682 1315 Καὶ
1702 1263 1806 1332 μὴν
1823 1260 1916 1312 καὶ

242 1350 476 1414 πολέμου
497 1351 956 1422 καταρραγέντος,
989 1350 1193 1419 καὶτῆς
1221 1349 1576 1418 Παλαιστίνης
1609 1350 1672 1402 ἐκ
1703 1347 1917 1419 βάθρων

242 1438 422 1492 αὐτῶν
449 1437 1316 1508 ἁνασπασθῆναικινδυνευούσης,
1335 1439 1383 1491 οἱ
1406 1437 1513 1490 τῶν
1529 1437 1796 1490 Ἰουδαίων
1825 1437 1920 1506 βα-

245 1526 429 1590 σιλεῖς,
454 1527 684 1596 ἀφέντες
704 1528 803 1598 τὴν
821 1526 1100 1598 στρατιὰν,
1132 1527 1226 1580 καὶ
1247 1527 1446 1592 πεζοὺς
1463 1527 1556 1581 καὶ.
1579 1527 1798 1592 τοξότας
1827 1529 1920 1580 καὶ

244 1616 446 1680 ἱππέας
464 1617 556 1669 καὶ
574 1617 912 1688 στρατηγοὺς
931 1615 1022 1668 καὶ
1037 1615 1379 1688 ταξιάρχους,
1399 1617 1490 1669 ἐπὶ
1504 1615 1601 1680 τὰς
1617 1616 1920 1670 Ἐλισσαίου

244 1702 553 1775 προσευχὰς
596 1704 939 1774 κατέφυγον·
984 1704 1216 1775 ἡγοῦντο
1256 1704 1365 1777 γὰρ
1408 1706 1590 1768 αὐτοῖς
1643 1706 1763 1758 ἀντὶ
1796 1705 1924 1758 πολ-

244 1792 353 1846 λῶν
409 1793 684 1864 μυριάδων
715 1792 935 1846 ἔσεσθαι
970 1792 1061 1846 τὸν
1107 1793 1415 1864 θεράποντα
1447 1793 1540 1846 τοῦ
1573 1792 1730 1848 Θεοῦ.
1762 1794 1835 1846 Τὸ
1867 1794 1924 1847 66

246 1879 376 1933 αὐτὸ
403 1880 563 1933 τοῦτο
608 1880 704 1933 καὶ
743 1879 1010 1945 Ἐζεκίας,
1053 1879 1147 1934 τοῦ
1188 1882 1215 1920 b
1238 1879 1507 1953 Περσικοῦ
1538 1881 1774 1951 πολέμου
1827 1898 1924 1935 συ-

251 1969 496 2032 στάντος,
529 1968 624 2022 καὶ
651 1967 752 2038 τῆς
793 1969 1000 2032 πόλεως
1032 1970 1160 2041 περὶ
1192 1967 1300 2023 τῶν
1339 1969 1548 2040 ἐδάφων
1573 1980 1596 2009 ο
1633 1970 1812 2024 αὐτῶν
1846 1971 1926 2034 είς

248 2055 488 2110 κίνδυνον
507 2055 760 2126 μέγιστον
797 2056 1290 2128 κατακεκλιμένης,
1308 2059 1401 2110 καὶ
1417 2056 1524 2110 τῶν
1546 2059 1639 2111 ἐπὶ
1653 2057 1731 2128 τῷ
1757 2058 1927 2128 τείχει

247 2145 561 2216 τρεμόντων
607 2145 703 2198 καὶ
744 2145 1061 2199 δεδοικότων
1103 2146 1198 2200 καὶ
1234 2146 1550 2217 σειομένων,
1591 2147 1844 2218 καθάπερ
1869 2148 1928 2200 ἐν

250 2231 546 2304 προσδοκία
600 2231 848 2305 βροντῆς,
903 2233 936 2306 ἢ
980 2234 1206 2304 σεισμοῦ
1261 2235 1440 2289 πάντα
1483 2235 1779 2300 κινοῦντος,
1833 2235 1931 2299 τὰς

263 2322 488 2374 Ἡσαΐου
541 2322 850 2394 προσευχὰς
878 2326 906 2377 6
931 2322 1185 2394 βασιλεὺς
1214 2326 1510 2397 ἀντέστησε
1545 2329 1664 2390 ταῖς
1707 2326 1930 2390 πολλαῖς

253 2409 364 2462 τῶν
392 2410 616 2481 Περσῶν
637 2412 897 2481 μυριάσι·
919 2413 1011 2466 καὶ
1028 2415 1129 2467 οὐκ
1153 2413 1388 2486 ἐψεύσθη
1408 2415 1506 2486 τῆς
1527 2416 1760 2479 ἐλπίδος.
1781 2417 1933 2487 ’Ἀμα

252 2513 313 2549 τε
353 2496 463 2568 γάρ
497 2498 526 2550 6
574 2499 862 2570 προφήτης
910 2499 1010 2565 τὰς
1051 2505 1238 2572 χεῖρας
1275 2499 1409 2575 ἦρεν
1441 2506 1520 2566 είς
1559 2504 1650 2557 τὸν
1684 2503 1931 2575 οὐρανὸν,

255 2583 491 2649 καὶτοῖς
527 2585 585 2652 ἐξ
612 2587 840 2658 οὐρανοῦ
887 2587 1098 2658 βέλεσιν
1137 2593 1167 2644 6
1207 2590 1339 2654 Θεὸς
1373 2591 1464 2645 τὸν
1509 2592 1775 2664 Περσικὸν
1806 2609 1936 2645 κατ-

256 2671 411 2726 έλυσε
437 2673 694 2743 πόλεμον,
725 2675 993 2730 παιδεύων
1026 2677 1156 2740 τοὺς
1193 2678 1433 2750 βασιλεῖς
1467 2681 1679 2745 κοινοὺς
1707 2681 1807 2751 τῆς
1834 2682 1937 2752 γῆς

260 2759 512 2831 ἡγεῖσθαι
554 2761 807 2833 σωτῆρας
856 2764 984 2828 τοὺς
1023 2766 1215 2825 ἐαυτοῦ
1269 2766 1629 2839 θεράποντας,
1685 2771 1832 2836 ὅπως
1872 2770 1938 2824 ἀν

259 2846 637 2914 παιδευθεῖεν,
694 2854 790 2902 καὶ
841 2853 1316 2924 παρακαλούμενοι
1365 2856 1515 2928 παρὰ
1557 2858 1667 2910 τῶν
1716 2859 1939 2913 δικαίων

259 2935 352 2988 ἐπὶ
392 2937 574 2987 πᾶσαν
609 2937 808 3007 πρᾶξιν
840 2939 1052 3010 ἀγαθὴν
1091 2945 1185 2995 καὶ
1225 2944 1626 3015 φιλάνθρωπον,
1673 2947 1940 3002 αἰδεῖσθαι

261 3021 362 3084 τὰς
393 3022 745 3092 συμϐουλίας,
779 3027 873 3079 καὶ
903 3029 1186 3084 πείθεσθαι
1215 3035 1332 3096 ταῖς
1360 3033 1591 3102 ἀγαθαῖς
1617 3035 1938 3102 νουθεσίαις,

261 3109 336 3162 Οὐ
368 3109 552 3196 τοίνυν
607 3111 670 3163 ἐκ
706 3113 910 3167 τούτων
958 3117 1118 3187 μόνον
1168 3119 1369 3174 ἔστιτὸ
1396 3121 1652 3194 διάφορον
1689 3124 1816 3179 ἰδεῖν
1838 3126 1944 3196 ἀμ-

264 3197 510 3269 φοτέρων
533 3195 582 3259 τι,
628 3199 766 3253 ἀλλά
802 3201 905 3255 κᾶν
955 3205 1209 3260 ἐκπεσεῖν
1251 3209 1431 3280 συμϐῇ
1474 3210 1569 3263 καὶ
1607 3210 1796 3265 τοῦτον
1840 3195 1942 3267 κά-

264 3285 464 3348 κεῖνον,
495 3284 586 3338 τὸν
623 3286 723 3356 μὲν
768 3288 870 3358 τῆς
899 3291 1121 3364 ἀρετῆς,
1157 3295 1247 3349 τὸν
1285 3296 1340 3349 δὲ
1382 3301 1479 3370 τῆς
1521 3297 1798 3368 βασιλείας
1831 3319 1946 3355 στε-

268 3371 525 3442 ρηθέντα,
556 3373 585 3425 6
626 3373 726 3443 μὲν
759 3377 955 3448 ῥᾳδίως
1001 3380 1066 3434 ἂν
1106 3382 1300 3437 ἐαυτοῦ
1337 3385 1568 3454 γένοιτο,
1603 3389 1698 3442 καὶ
1737 3390 1946 3460 ταχέως

265 3459 352 3513 διὰ
379 3463 688 3532 προσευχῆς
733 3464 827 3517 καὶ
858 3465 1108 3539 δακρύων
1135 3473 1230 3524 καὶ
1269 3472 1495 3537 πένθους
1521 3477 1614 3529 καὶ
1650 3459 1946 3548 θεραπείας

269 3546 503 3617 πτωχῶν
524 3548 622 3612 τὰς
650 3551 923 3622 ἁμαρτίας
949 3557 1408 3630 ἀποτριψάμενος,
1441 3563 1600 3617 πάλιν
1631 3546 1827 3636 ῥᾳδίως
1854 3567 1947 3620 ἐπὶ

265 3637 366 3704 τὴν
412 3637 684 3709 προτέραν
728 3640 903 3714 ἀρχὴν
940 3645 1256 3718 ἀνατρέχει·
1291 3650 1541 3720 βασιλεὺς
1589 3653 1647 3706 δέ
1698 3654 1949 3708 ἐκπεσὼν

269 3723 480 3778 πολλῶν
521 3727 619 3796 μὲν
653 3726 717 3780 ἂν
757 3730 974 3802 δεηθείη
1017 3737 1338 3806 συμμάχων,
1372 3740 1581 3795 πολλῶν
1626 3742 1682 3795 δὲ
1715 3743 1949 3798 ὁπλιτῶν

273 3813 369 3863 καὶ
409 3812 620 3867 ἱππέων
665 3817 758 3868 καὶ
802 3813 982 3873 ἵππων
1025 3824 1120 3876 καὶ
1167 3827 1464 3896 χρημάτων
1515 3831 1609 3883 καὶ
1654 3831 1946 3886 κινδύνων·

273 3899 368 3992 καὶ
399 3901 427 3952 6
606 3901 746 3992 ὅλως
788 3908 846 3959 ἐν
874 3909 1079 3982 ἑτέροις
1140 3913 1252 3984 ἕχει
1283 3916 1383 3987 τὴν
1411 3917 1604 3973 ἐλπίδα
1640 3921 1742 3992 τῆς
1775 3938 1953 3992 σωτη-

279 3986 400 4084 ρίας
419 4004 433 4017 ο
529 3988 585 4042 δὲ
608 3993 688 4084 τῇ-
704 3991 955 4066 βουλήσει
983 4001 1075 4053 καὶ
1101 4004 1167 4073 τῇ
1210 3986 1412 4078 σπουδῇ
1447 4007 1540 4060 καὶ
1583 4011 1650 4080 τῇ
1679 3986 1949 4080 μεταϐολῇ

276 4074 375 4166 τῆς
405 4074 632 4148 γνώμης
671 4082 944 4156 ἑπομένην
991 4089 1100 4153 ἕξει
1139 4091 1238 4162 τὴν
1275 4074 1548 4166 σωτηρίαν
1600 4074 1832 4163 εὐθέως·

272 4164 562 4256 ,βασιλειά
583 4171 726 4239 γὰρ,
761 4175 914 4244 φησὶ,
946 4175 1068 4230 τῶν
1102 4181 1377 4248 οὐρανῶν
1407 4164 1580 4251 ἐντὸς
1611 4187 1777 4256 ὑμῶν
1799 4189 1949 4243 ἐστι.

280 4252 390 4304 Καὶ
418 4256 535 4346 μὴν
566 4258 602 4346 76
631 4257 860 4326 θάνατος
901 4264 980 4335 τῷ
1013 4266 1112 4336 μὲν
1153 4269 1363 4339 βασιλεῖ
1396 4252 1659 4345 φοϐερὸς,
1681 4275 1760 4346 τῷ
1805 4277 1955 4345 φιλο-

282 4341 532 4410 σοφοῦντι
557 4345 614 4399 66
645 4347 880 4416 ἄλυπος·
914 4354 1008 4407 τὸν
1056 4355 1166 4430 γάρ
1201 4341 1553 4433 ὑπερορῶντα
1586 4341 1828 4418 πλούτου⁷
1859 4367 1955 4419 καὶ

347 4452 374 4531 ξ
396 4451 705 4531 Iloislin:
731 4465 1047 4531 rg_cte._Edit.
1077 4482 1194 4520 vero
1213 4473 1301 4521 οὐκ
1333 4472 1506 4531 Ὀζίας-

323 4512 605 4605 μὲπὲἒέἓὲςςςη
629 4524 711 4605 rei
753 4512 1328 4605 ’Eéei.‘°7<fé'z'r°€ifc'e’¥36
1349 4512 1598 4605 ἷάῖρῗῖιρκ
1629 4542 1732 4605 περι
1760 4541 1856 4589 τῶν
1879 4542 1949 4592 ιε

281 4579 741 4661 αὐτῶχιὲχωνιώσςης
759 4579 923 4661 καλεῖς
941 4579 1060 4641 κίνδ.

392 4638 582 4715 (ὶοὶξῌρ.
604 4638 811 4715 πρὸτῷν

347 4695 379 4739 d
399 4700 598 4754 Coislin.
619 4695 871 4775 ιὶιατέρὼνζ

1363 343 1811 404 LOMPARATIO
1847 336 2056 398 REGIS
2093 335 2183 392 ET
2217 332 2552 393 “ONACHL

3580 327 3699 386 392'

2007 470 2199 544 ἡδονῆς
2231 471 2326 524 καὶ⁸
2356 469 2585 540 τρυφῆς,
2619 459 2694 521 ὧν
2742 465 2904 520 ἕνεκα
2935 463 3034 536 ζῇν
3063 459 3418 534 ἐπιθυμοῦσιν
3465 460 3524 516 οε
3555 464 3691 516 πολ-

2012 560 2115 620 λοὶ.
2162 559 2257 613 καὶ
2306 556 2404 628 τὴν
2449 555 2661 609 ἐνθένδε
2718 552 3047 626 μετάστασιν
3091 552 3305 624 ἀνάγκη
3350 550 3552 625 ῥᾳδίως
3589 549 3691 622 φέ-

2014 665 2147 720 ρειν.
2190 647 2253 700 Εί
2281 645 2340 700 δὲ
2376 646 2471 698 καὶ
2511 644 2784 715 σφαγῆναι
2815 642 3003 696 τοῦτον
3049 641 3290 712 συμϐαίη
3345 641 3620 702 κάκεῖνον,
3657 640 3690 692 6

2013 736 2112 807 μὲν
2145 735 2285 806 ὐπέρ
2337 733 2620 797 εὐσεϐείας
2664 732 3026 787 ἐπισπάσεται
3068 729 3367 794 κινδύνου-ς.
3416 729 3692 784 ἀθάνατον

2011 817 2157 894 ζωὴν
2193 823 2288 877 καὶ
2315 822 2566 892 οὐράνιον
2601 819 2690 874 διὰ
2728 820 2962 875 θανάτου
2998 817 3567 890 πραγματευόμενος·
3596 815 3692 885 βαο

2014 911 2193 974 σιλεὺς
2214 911 2271 964 δὲ
2291 910 2553 983 τύραννον
2578 907 2689 975 ἔξει
2717 909 2930 978 σφαγέα
2967 910 3061 962 καὶ
3082 908 3181 979 τῆς
3219 906 3393 979 ἀρχῆς
3431 903 3692 976 ἐραστὴν,

2013 999 2244 1054 ἐλεεινὸν
2273 999 2454 1068 θέαμα
2480 999 2574 1061 καὶ
2601 997 2772 1051 δεινὸν
2816 998 2953 1068 μετὰ
2984 997 3082 1068 τὴν
3128 996 3343 1066 σφαγὴν
3370 998 3655 1063 γινόμενος
3672 1007 3691 1024 ⁶

2017 1087 2252 1158 μοναχὸν
2287 1086 2343 1140 δὲ
2397 1086 2521 1140 ἰδεῖν
2553 1087 2692 1157 ὑπὲρ
2730 1085 3012 1148 εὐσεϐείας
3058 1083 3402 1154 ἐσφαγμένον
3452 1081 3548 1153 ἡδὺ
3597 1080 3699 1134 καὶ

2018 1180 2283 1249 σωτήριον
2323 1177 2519 1248 θέαμα.
2555 1178 2664 1230 Καὶ
2691 1178 2719 1228 6
2767 1177 2864 1247 μὲν
2909 1178 3035 1240 τοὺς
3066 1174 3300 1246 ἐραστὰς
3333 1173 3442 1226 τῶν
3477 1171 3700 1225 οἰκείων

2018 1265 2235 1335 ἀγαθῶν
2268 1266 2361 1319 καὶ
2399 1265 2642 1337 μιμητὰς
2689 1263 2798 1329 ἕξει
2841 1266 2936 1318 καὶ
2973 1263 3218 1335 μαθητὰς
3270 1261 3498 1324 πολλοὺς
3540 1261 3696 1330 εὐχο-

2023 1355 2214 1424 μένους
2249 1353 2398 1419 αὐτῷ
2444 1353 2679 1422 φανῆναι
2715 1351 3130 1423 παραπλησίους
3155 1367 3169 1382 ·
3198 1351 3226 1402 6
3275 1350 3330 1404 66
3378 1347 3604 1412 πολλοὺς
3630 1347 3702 1402 ἂν

2020 1442 2078 1495 ἐν
2116 1442 2447 1513 προσευχαῖς
2499 1439 2826 1494 ἀναλώσειεν
2874 1439 3066 1509 λόγους
3120 1438 3369 1510 δεόμενος
3419 1437 3514 1490 τοῦ
3563 1435 3701 1491 Θεοῦ

2025 1528 2232 1600 μηδένα
2265 1529 2498 1598 φανῆναι
2539 1529 2638 1599 τῆς
2684 1527 2960 1597 βασιλείας
2987 1529 3241 1598 ἐραστήν.
3273 1525 3423 1598 [121]
3461 1527 3568 1579 Καὶ
3606 1526 3700 1579 τὸν

2027 1616 2126 1686 μὲν
2159 1616 2333 1678 οὐδεὶς
2373 1615 2438 1670 ἂν
2474 1617 2791 1670 ἀποκτεῖναι
2830 1614 3173 1686 τολμήσειεν,
3200 1616 3281 1677 εἰς
3305 1616 3396 1667 τὸν
3417 1613 3547 1666 Θεὸν
3571 1614 3702 1667 ἀσε-

2025 1703 2140 1755 ϐεῖν
2163 1701 2482 1774 ἡγούμενος,
2509 1704 2557 1756 εί
2577 1702 2668 1756 τὸν
2689 1702 2926 1756 τοιοῦτον
2955 1702 3168 1756 ἀνέλοι·
3187 1701 3264 1771 τῷ
3286 1700 3344 1754 66
3367 1700 3552 1755 πολλοὶ
3569 1716 3705 1769 σφα-

2025 1794 2141 1860 γεῖς
2159 1792 2522 1863 ἐφεστήκασιν
2546 1791 2776 1862 ἐρασταϊ
2798 1791 3126 1862 τυραννίδος.
3148 1791 3344 1864 Διόπερ
3367 1792 3394 1843 6
3418 1789 3514 1858 μὲν
3539 1805 3706 1859 φρουο

2032 1880 2205 1948 ρεῖται
2251 1877 2633 1950 στρατιώταις,
2671 1881 2700 1932 6
2743 1878 2798 1931 66
2833 1878 3012 1943 πόλεις
3057 1877 3285 1948 τειχίζει
3329 1879 3451 1941 ταῖς
3495 1877 3708 1947 εὐχαῖς,

2027 1968 2216 2023 οὐδένα
2239 1967 2518 2033 δεδοικώς·
2548 1971 2576 2022 6
2601 1968 2656 2021 δὲ
2691 1967 2941 2039 βασιλεὺς
2967 1968 3054 2022 ἀεὶ
3076 1967 3224 2039 φόϐῳ
3252 1967 3384 2038 συζῇ
3416 1967 3509 2020 καὶ
3537 1983 3708 2038 προσ-

2027 2060 2182 2130 δοκία
2241 2060 2490 2132 σφαγῆς·
2525 2061 2554 2112 6
2590 2059 2687 2130 μὲν
2712 2058 2820 2130 γὰρ
2858 2058 3193 2112 ἐπικίνδυνον
3224 2056 3334 2128 ἔχει
3369 2055 3706 2122 πλεονεξίαν,

2029 2150 2058 2202 ὁ
2094 2147 2150 2201 δὲ
2179 2148 2392 2218 ἀσφαλῆ
2435 2146 2728 2218 σωτηρίαν.
2765 2147 2898 2218 Περὶ
2952 2146 3049 2217 μὲν
3087 2141 3179 2199 οὖν
3220 2143 3330 2198 τῶν
3375 2146 3432 2198 ἐν
3465 2142 3542 2214 τῷ
3569 2159 3710 2215 παρ-

2030 2237 2144 2290 όντι
2201 2237 2299 2307 βίῳ
2343 2237 2685 2307 πραγμάτων
2743 2235 2943 2299 ἱκανῶς
2989 2235 3241 2307 εἰρῆσθαί
3283 2251 3373 2305 μοι
3425 2234 3589 2287 δοκεῖ.
3643 2233 3708 2286 ΕΙ

2031 2323 2089 2377 66
2124 2325 2220 2377 καὶ
2255 2323 2346 2376 τὸν
2375 2323 2562 2392 ἀγῶνα
2583 2323 2674 2376 τὸν
2700 2323 2960 2394 μέλλοντα
2985 2323 3378 2395 βουληθείημεν
3411 2320 3710 2394 ἐξετάζειν,

2032 2413 2122 2466 τὸν
2157 2412 2255 2482 μὲν
2275 2411 2514 2482 ὀψόμεθα
2535 2411 2786 2483 λαμπρὸν
2813 2413 2908 2466 καὶ
2938 2412 3296 2484 περίϐλεπτον
3329 2409 3712 2483 ἁρπαζόμενον

2035 2501 2091 2553 ἐν
2113 2500 2362 2570 νεφέλαις
2386 2502 2467 2565 είς
2494 2501 2798 2573 ἀπάντησιν
2826 2501 2918 2554 τοῦ
2943 2501 3148 2572 Κυρίου
3171 2503 3250 2561 είς
3272 2501 3430 2571 ἀέρα,
3455 2498 3597 2552 κατὰ
3618 2497 3713 2553 τὸν

2036 2589 2279 2658 ἡγεμόνα
2323 2590 2418 2642 καὶ
2464 2589 2756 2660 παιδευτὴν
2786 2588 2880 2642 τοῦ
2912 2588 3177 2661 σωτηρίου
3231 2589 3423 2642 τούτου
3459 2587 3573 2659 βίου
3617 2587 3713 2640 καὶ

2039 2676 2219 2746 πάσης
2258 2677 2458 2748 ἀρετῆς
2487 2693 2500 2708 ·
2531 2679 2558 2730 6
2598 2677 2656 2730 δὲ
2691 2676 2964 2748 βασιλεὺς,
2999 2677 3095 2730 ἐὰν
3144 2677 3242 2747 μὲν
3269 2677 3496 2739 δικαίως
3519 2675 3714 2746 φανείη

2038 2767 2134 2819 καὶ
2178 2765 2574 2839 φιλανθρώπως
2605 2767 2886 2837 διοικήσας
2927 2766 3025 2837 τὴν
3063 2766 3236 2838 ἀρχὴν
3271 2766 3429 2836 (πολὺ
3463 2766 3521 2818 66
3556 2764 3717 2821 τοῦτο

2043 2851 2308 2924 σπάνιον),
2349 2853 2630 2917 ἐλάττονος
2667 2853 2820 2908 ἔσται
2865 2854 3136 2926 σωτηρίας
3174 2871 3234 2907 τε
3273 2854 3368 2908 καὶ
3409 2853 3611 2924 τιμῆς·
3651 2853 3718 2906 οὐ

2041 2939 2150 3011 γὰρ
2194 2939 2327 3004 ἴσον,
2364 2941 2462 2994 οὐκ
2513 2940 2626 2994 ἴσον
2667 2940 2920 3011 βασιλεύς
2969 2959 3028 2994 τε
3060 2942 3297 3013 χρηστὸς
3337 2943 3430 2995 καὶ
3485 2940 3718 3010 μοναχὸς

2043 3027 2226 3098 ἄκρως
2256 3030 2321 3099 τῇ
2357 3028 2451 3082 τοῦ
2484 3028 2621 3082 Θεοῦ
2651 3029 2876 3101 λατρεία
2905 3030 3101 3095 συζῶν.
3136 3031 3200 3082 Εἰ
3226 3029 3283 3082 66
3323 3029 3518 3099 φανείη
3553 3045 3720 3100 πονην

2046 3116 2139 3188 ρὸς
2185 3118 2278 3170 καὶ
2319 3116 2528 3180 σκαιὸς,
2566 3116 2775 3171 πολλῶν
2812 3117 2998 3172 κακῶν
3038 3117 3411 3189 ἐμπεπληκὼς
3452 3119 3552 3188 τὴν
3589 3118 3716 3186 γῆν,

2045 3205 2127 3268 τίς
2172 3204 2238 3258 ἂν
2286 3207 2458 3259 εἰπεῖν
2499 3206 2754 3278 δυνηθείη
2812 3207 2910 3270 τὰς
2960 3206 3245 3279 συμφοράς
3287 3203 3375 3271 αἷς
3420 3207 3719 3278 ὀφθήσεται

2046 3291 2422 3364 συνεχόμενος,
2443 3294 2576 3362 πυρὶ
2611 3294 2916 3363 καιόμενος,
2941 3293 3396 3365 μαστιγούμενος,
3433 3293 3722 3365 στρεϐλού-

2050 3397 2244 3449 μενος,
2304 3379 2528 3434 τοιαῦτα
2568 3382 2793 3452 πάσχων
2837 3381 2980 3454 ἆπερ
3025 3381 3148 3436 οὔτε
3197 3382 3340 3455 λόγῳ
3389 3383 3551 3456 ῥητὰ,
3597 3382 3722 3436 οὐδὲ

2048 3471 2194 3543 ἔργῳ
2236 3475 2448 3544 φορητά
2472 3489 2487 3539 ;
2513 3473 2699 3526 Ταῦτα
2728 3474 2905 3526 πάντα
2928 3473 3008 3527 δεῖ
3048 3473 3427 3544 λογιζομένους
3455 3475 3549 3528 καὶ
3587 3491 3724 3544 μανε-

2049 3560 2329 3625 θάνοντας,
2361 3560 2435 3632 μὴ
2460 3562 2586 3625 τοὺς
2624 3563 2988 3627 πλουτοῦντας
3025 3563 3357 3635 θαυμάζειν·
3395 3565 3423 3617 6
3457 3564 3564 3636 γάρ
3596 3565 3724 3617 τού-

2047 3664 2158 3700 των
2191 3647 2457 3714 δεσπότης
2484 3649 2761 3721 πεφηνὼς,
2784 3651 2904 3704 ούδέ
2940 3651 3079 3705 κατά
3118 3652 3313 3722 μικρὸν
3353 3653 3520 3720 ἐγγὺς
3549 3653 3728 3710 ἐλθεῖν

2048 3735 2270 3790 δύναται
2307 3738 2408 3808 τῆς
2434 3737 2528 3790 τοῦ
2563 3738 2796 3809 μοναχοῦ
2832 3741 3050 3810 ἀρετῆς.
3085 3740 3250 3792 Ὅταν
3290 3735 3381 3792 οὖν
3409 3741 3524 3812 ἴδῃς
3559 3741 3726 3796 πλού·-

2053 3840 2165 3876 σιον
2205 3825 2390 3894 ἐσθῆτι
2423 3827 2856 3896 κεκοσμημένον,
2899 3825 3084 3898 χρυσῷ
3121 3826 3614 3898 καλλωπιζόμενον,
3635 3829 3726 3890 ἐπ’

2050 3910 2344 3982 ὀχημάτων
2375 3914 2694 3985 φερόμενον,
2722 3913 2934 3978 ἐξόδους
2967 3914 3176 3981 ἐξιόντα
3199 3915 3478 3986 λαμπρὰς,
3513 3918 3585 3989 μὴ
3619 3936 3725 3990 μα-

2053 4001 2286 4070 καρίσῃς
2315 3998 2408 4053 τὸν
2437 4001 2749 4072 ἄνθρωπον·
2781 4002 3116 4074 πρόσκαιρος
3153 4004 3261 4075 γὰρ
3291 4004 3318 4055 ό
3353 4005 3604 4073 πλοῦτος,
3631 4008 3730 4063 καὶ

2052 4086 2115 4141 τὸ
2140 4086 2327 4141 δοκοῦν
2350 4083 2485 4142 εἶναι
2513 4090 2677 4144 καλὸν
2697 4087 2773 4160 τῷ
2797 4091 2896 4162 βίῳ
2917 4091 3092 4163 τούτῳ
3117 4091 3608 4165 συνδιαφθείρεται·
3639 4113 3728 4167 μο-

2055 4175 2215 4246 ναχὸν
2243 4176 2299 4229 δὲ
2329 4176 2449 4230 ίδὼν
2482 4177 2766 4248 βαδίζοντα
2805 4181 2987 4250 μόνον,
3019 4181 3270 4235 ταπεινὸν
3297 4182 3392 4236 καὶ
3424 4185 3599 4254 πρᾶον
3633 4184 3734 4239 καὶ

2054 4264 2280 4335 ἡσύχιον
2313 4268 2406 4319 καὶ
2433 4268 2662 4339 ἥμερον,
2697 4265 2938 4340 ζήλωσον
2970 4269 3061 4322 τὸν
3087 4269 3275 4342 ἄνδρα,
3313 4270 3513 4342 φάνηθι
3553 4289 3728 4345 μιμηο

2055 4353 2155 4424 τὴς
2180 4353 2280 4424 τῆς
2319 4353 2531 4408 ἐκείνου
2575 4355 2914 4424 φιλοσοφίας,
2953 4353 3104 4421 εὖξαι
3135 4357 3386 4426 γενέσθαι
3427 4359 3506 4430 τῷ
3534 4359 3729 4431 δικαίῳ

2059 4441 2437 4512 παραπλήσιος
2463 4460 2476 4473 ·
2500 4443 2722 4497 Αἰτεῖτε
2741 4444 2869 4516 γὰρ,
2897 4445 3052 4516 φησὶ,
3098 4446 3194 4499 καί
3224 4445 3541 4514 δοθήσεται
3565 4447 3727 4520 ὑμῖν.

2061 4528 2245 4584 Ταῦτα
2269 4531 2378 4603 γὰρ
2413 4531 2489 4594 ὡς
2527 4531 2742 4602 ἀληθῶς
2787 4531 2928 4586 καλά
2955 4535 3049 4586 καὶ
3096 4536 3336 4606 σωτήρια
3367 4536 3462 4588 καὶ
3503 4537 3728 4607 μόνιμα,

2060 4616 2147 4670 διὰ
2177 4617 2276 4688 τὴν
2303 4618 2396 4671 τοῦ
2439 4619 2675 4690 Χριστοῦ
2716 4618 3124 4692 φιλανθρωπίαν
3167 4623 3261 4675 καὶ
3300 4624 3556 4695 πρόνοιαν
3575 4640 3588 4653 ·
3617 4618 3660 4692 ᾧ
3692 4625 3729 4696 ἠ

2061 4702 2188 4770 δόξα
2221 4707 2310 4758 καὶ
2333 4707 2390 4760 τὸ
2410 4707 2610 4778 κράτος
2641 4709 2722 4772 είς
2747 4707 2872 4773 τοὺς
2893 4707 3094 4774 αἰῶνας
3119 4708 3228 4764 τῶν
3260 4709 3489 4768 αἰώνων.
3538 4712 3727 4786 Ἀμήν.
