4116 6392
452 441 578 502 891⁸

1440 419 1507 478 IN
1546 417 1728 478 DUOS
1767 417 1858 473 DE
1896 408 2432 470 COMPUNCTIONE
2471 407 2715 466 LIBROS

3563 404 3698 463 598⁸

466 650 3680 695 _____________________________—-———-—————__.

929 1051 1052 1140 IN
1132 1045 1445 1141 DUOS
1517 1043 1667 1134 DE
1748 1034 2699 1136 COMPUNCTIONE
2788 1031 3215 1126 LIBROS

1733 1336 2546 1457 ADMONITIO

544 2000 664 2068 Quo
690 2005 935 2066 tempore
968 1991 1136 2046 libros
1164 1987 1329 2044 hosce
1355 1985 1514 2050 duos,
1543 1995 1775 2054 quorum
1805 1977 1952 2049 prior
1982 1979 2050 2031 ad

479 2107 830 2170 Demetrium,
861 2104 996 2159 alter
1029 2101 1096 2155 ad
1129 2097 1447 2154 Steleehium
1470 2090 1807 2153 inscribitur,
1828 2086 2057 2142 ediderit

479 2217 924 2288 Chrysostomus,
957 2209 1084 2280 ipse
1121 2204 1432 2264 subindicat
1459 2200 1553 2256 lib.
1591 2215 1631 2264 ι,
1668 2213 1820 2252 num.
1853 2196 1906 2260 6,
1957 2194 2055 2248 ubi

480 2331 557 2383 ait
587 2347 598 2381 :
635 2329 763 2380 Ὅτε
787 2325 897 2394 γὰρ
918 2319 1108 2392 πρώην
1136 2317 1246 2386 ἐγὼ
1275 2313 1555 2382 ἐγνώκειν,
1581 2308 1857 2382 τὴνοπόλιν
1874 2305 2054 2375 ἀφεὶς,

481 2438 575 2490 ἐπὶ
605 2435 703 2499 τὰς
721 2433 922 2503 σκηνὰς
948 2429 1057 2483 τῶν
1089 2425 1336 2498 μοναχῶν
1364 2422 1702 2486 ὲ).οεἷν,θῑο.,
1735 2416 1868 2472 Cum
1891 2429 2056 2484 nuper

482 2563 574 2616 ego
597 2541 960 2605 decrevissem,
983 2537 1170 2592 relicta
1199 2535 1362 2600 urbe,‘
1386 2533 1454 2585 ad
1497 2527 1838 2584 tabernacula
1878 2541 2062 2579 mona-

483 2654 698 2706 chorum
747 2647 1006 2712 accedere,
1057 2643 1282 2698 sollicite
1315 2639 1613 2712 quazrebam
1641 2647 1690 2691 et
1724 2634 2058 2700 sciscitabar,

484 2759 748 2814 undenam
799 2755 1214 2811 necessariorum
1273 2759 1591 2804 commeatus
1647 2747 1932 2816 adfuturus
1985 2761 2065 2798 es-

489 2879 590 2936 set,
624 2878 729 2925 etc.
751 2868 888 2923 Cum
921 2867 1083 2937 igitur
1105 2865 1220 2919 haec
1267 2861 1505 2932 scripsit,
1547 2872 1721 2929 nuper
1753 2856 1821 2911 ad
1873 2870 2067 2910 mona-

487 2979 655 3036 steria
685 2982 987 3033 secesserat
1024 2990 1036 3025 :
1067 2971 1292 3028 secessit
1317 2980 1499 3025 autem
1534 2983 1679 3023 anno
1700 2965 1806 3021 574
1828 2965 1913 3020 vel
1940 2963 2063 3018 575.

489 3087 645 3146 Unde
677 3088 924 3158 sequitur
954 3099 1098 3139 anno
1124 3083 1251 3148 375,
1287 3081 1371 3136 vel
1395 3079 1462 3134 ad
1493 3092 1768 3134 summum
1801 3074 1928 3140 576,
1952 3075 2068 3144 pri-

490 3217 641 3259 mum
671 3199 860 3255 saltem
888 3197 956 3250 ad
985 3195 1312 3249 Demetrium
1346 3191 1544 3246 librum
1576 3188 1837 3244 emissum
1869 3185 2065 3253 fuisse;

492 3325 620 3366 nam
643 3309 689 3365 si
714 3307 943 3362 ulterius
979 3313 1190 3374 tempus
1217 3299 1684 3370 consignaremus,
1717 3308 1823 3351 vox
1852 3293 2067 3366 πρώην,

493 3435 678 3492 nuper,
702 3419 971 3490 quadrare
999 3431 1108 3470 non
1149 3427 1310 3484 posse
1340 3411 1636 3465 videretur.

522 3587 532 3595 ,
564 3528 968 3591 Tillemontius,
1001 3528 1093 3595 qui
1124 3523 1287 3578 allato
1327 3536 1491 3590 supra
1534 3519 1655 3574 loco
1687 3532 1795 3572 non
1825 3522 1912 3572 sat
1952 3515 2071 3569 ani-

496 3656 649 3697 mum
691 3636 1005 3693 adhibuisse
1048 3632 1282 3698 videtur,
1317 3630 1520 3701 quique
1550 3642 1739 3684 vocem
1770 3641 1935 3695 nuper
1964 3640 2076 3679 non

502 3750 752 3812 advertit,
788 3757 994 3802 tantam
1048 3752 1238 3798 contra
1298 3742 1444 3796 hunc
1504 3737 1760 3808 temporis
1809 3737 2077 3792 calculum

503 3859 866 3917 difﬁcultatem
913 3855 1203 3909 observare
1249 3866 1307 3906 se
1337 3856 1510 3920 putat,
1547 3845 1698 3920 [122]
1742 3855 1800 3901 ut
1827 3861 1960 3916 pene
1986 3847 2080 3900 ab-

506 3970 705 4026 ductus
747 3968 802 4021 in
851 3963 1010 4018 aliam
1059 3961 1383 4018 sententiam
1424 3958 1685 4012 'declinet.
1739 3955 1869 4026 Ejus
1914 3956 2079 4009 verba

507 4085 636 4133 sunt
665 4075 741 4148 (η)
773 4091 785 4126 :
819 4093 837 4126 ι
874 4072 1068 4126 Libros
1111 4070 1174 4124 de
1223 4067 1618 4136 compunctione
1650 4065 1789 4119 inter
1815 4079 1910 4118 eos
1940 4078 2080 4134 quos

468 4239 470 4242 ,
509 4181 929 4252 Chrysostomns
965 4177 1019 4231 in
1074 4174 1367 4231 solitudine
1423 4173 1590 4227 edidit
1638 4171 1974 4241 reponimus,
2023 4181 2083 4224 ut

509 4305 606 4345 eos
622 4289 715 4359 qui
744 4303 845 4343 nos
863 4298 1186 4357 praecessere
1205 4297 1520 4352 sequamur,
1550 4296 1743 4350 nempe
1763 4281 2078 4347 Baronium,

513 4395 884 4453 Hermantium
914 4401 968 4447 ct
995 4391 1309 4460 Dupinium.
1339 4386 1524 4458 Neque
1570 4399 1748 4444 tamen
1779 4405 1890 4460 quo
1921 4406 2083 4459 argu-

514 4516 700 4564 mento
728 4505 876 4560 ducti
909 4503 961 4557 id
998 4499 1286 4557 statuerint
1323 4507 1406 4554 sat
1439 4499 1827 4568 perspicimus;
1855 4500 1964 4556 imo
2003 4501 2088 4555 vi-

516 4619 674 4673 detur
702 4615 818 4668 haec
867 4611 1111 4667 scribens
1142 4608 1566 4673 Chrysostomus
1611 4621 1669 4662 se
1710 4607 2087 4678 presbyterum

515 4724 780 4797 proﬁteri,
830 4734 952 4775 cum
987 4718 1058 4772 ait
1091 4735 1104 4771 :
1137 4713 1250 4768 Nos
1291 4723 1466 4768 autem
1509 4730 1618 4783 prce
1662 4715 1810 4768 inani
1842 4715 2014 4784 gloria
2043 4725 2091 4769 et

518 4831 750 4887 absurda
779 4827 1063 4882 ambitione
1095 4823 1189 4877 hoc
1241 4823 1364 4875 item
1406 4831 1724 4892 prceceptum
1770 4838 1978 4891 pessum
2008 4825 2096 4879 de-

529 4944 744 5007 dimus,
791 4939 918 4992 dum
969 4944 1335 5002 corruptores,
1391 4932 1706 4999 incredulos,
1766 4934 2099 5005 hominesque

523 5051 779 5106 sexcentis
808 5046 949 5100 vitiis
970 5051 1182 5097 onustos
1212 5050 1401 5096 temere
1417 5048 1470 5093 et
1491 5042 1604 5094 sine
1617 5042 1858 5095 examine
1891 5043 1961 5096 ad
1986 5061 2100 5114 my-

525 5160 805 5216 steriorum
845 5152 1305 5224 participationem
1343 5148 1694 5214 admittimus,
1740 5161 1787 5203 et
1815 5161 2095 5222 antequam

528 5277 838 5325 accuratam
869 5262 1056 5318 mentis
1085 5258 1450 5326 sententiaque
1476 5274 1587 5312 suae
1619 5261 1983 5327 probationem
2010 5263 2099 5316 de-

529 5379 725 5444 derint,
774 5376 950 5430 omnia
999 5371 1111 5426 illis
1168 5371 1421 5440 dogmata
1485 5368 1797 5436 revelamus,
1837 5379 1942 5428 etc.
1974 5376 2101 5430 Scio

533 5485 724 5556 utique
747 5483 837 5538 liic
867 5479 1163 5552 generatim
1191 5478 1258 5533 de
1291 5477 1356 5532 iis
1391 5492 1510 5547 qua:
1547 5478 1600 5532 in
1629 5476 1870 5536 Ecclesia
1899 5485 2101 5552 passim

607 5691 684 5764 (α)
716 5690 838 5749 Not.
870 5694 902 5749 9
936 5694 986 5747 in
1021 5691 1464 5764 C/u'ysostomum.

2155 1975 2578 2033 admittebantur
2602 1974 2760 2031 malis
2794 1974 2879 2046 agi
2909 1993 2923 2031 :
2958 1988 3145 2030 verum
3185 1989 3253 2030 an
3285 1975 3452 2030 lector
3485 1975 3571 2030 vel
3605 1991 3730 2032 mo-

2155 2087 2361 2142 nachus
2392 2087 2464 2140 ita
2494 2086 2788 2156 loquatur?
2822 2085 3169 2141 Hermantius
3186 2096 3333 2142 certe
3363 2088 3482 2143 ideo
3507 2098 3734 2144 senten-

2159 2196 2286 2250 tiam
2316 2195 2566 2260 mutavit.
2587 2205 2785 2266 putans
2808 2195 2922 2251 hate
2940 2195 3224 2266 scripsisse
3254 2206 3501 2252 sanctum
3522 2197 3731 2257 virum.

2158 2321 2282 2360 cum
2315 2305 2574 2374 populum
2612 2303 2824 2374 publice
2855 2307 3088 2373 doceret,
3120 2306 3157 2362 i.
3188 2321 3238 2362 e.
3266 2322 3388 2362 cum
3424 2307 3535 2377 jam
3576 2323 3737 2378 pres-

2159 2413 2314 2485 byter
2345 2422 2507 2469 esset.
2543 2432 2562 2464 ι

2226 2521 2500 2580 Hactenus
2549 2523 2591 2577 Τ
2597 2524 2949 2592 illemontius,
2979 2526 3074 2596 qui
3120 2526 3249 2582 dum
3282 2527 3356 2581 ait
3385 2527 3635 2597 ignorare
3675 2543 3739 2582 se

2163 2649 2271 2704 quo
2300 2643 2621 2705 argumento
2643 2635 2792 2690 ducti
2810 2635 3076 2690 Baronius
3098 2643 3153 2690 et
3173 2635 3262 2688 alii
3287 2633 3739 2706 Chrysostomum

2165 2743 2280 2798 haec
2310 2745 2595 2814 scripsisse
2629 2753 2819 2815 putent
2845 2745 2901 2799 in
2947 2760 3162 2801 secessu
3199 2755 3249 2800 et
3276 2746 3589 2811 solitudine,
3622 2747 3740 2800 haec

2166 2855 2541 2926 Chrysostomi
2573 2857 2757 2922 verba,
2796 2855 2929 2912 Cum
2962 2874 3123 2926 nuper
3149 2873 3240 2926 ego
3284 2857 3624 2911 decrevissem
3662 2873 3746 2909 re-

2169 2962 2297 3017 licta
2322 2964 2446 3018 urbe
2470 2965 2541 3018 ad
2563 2964 2904 3018 tabernacula
2941 2967 3316 3020 monachorum
3340 2967 3604 3031 accedere,
3631 2980 3746 3020 non

2172 3076 2470 3131 advenisse
2493 3091 2550 3130 se
2571 3077 2752 3147 arguit
2778 3094 2791 3129 :
2818 3091 2942 3130 nam
2965 3077 3084 3131 luce
3113 3076 3312 3131 clarius
3332 3077 3540 3131 videtur
3564 3077 3747 3146 ipsum

2171 3187 2336 3258 paulo
2369 3198 2495 3258 post
2520 3204 2685 3259 quam
2716 3189 2821 3245 hoc
2862 3190 3191 3254 decreverat,
3221 3190 3335 3244 haec
3363 3191 3668 3259 scripsisse,
3694 3200 3753 3244 et

2174 3300 2391 3369 quidem
2423 3301 2552 3356 dum
2587 3302 2642 3356 in
2674 3317 2893 3358 secessu
2925 3301 3161 3373 degeret,
3194 3312 3256 3357 ut
3285 3313 3392 3357 tam
3418 3320 3480 3358 ex
3512 3303 3596 3357 bis
3629 3318 3755 3355 ver-

2175 3415 2260 3470 bis
2304 3431 2467 3486 quam
2519 3431 2586 3471 ex
2640 3415 2990 3485 sequentibus
3034 3416 3436 3484 comprobatur.
3471 3415 3566 3468 llla
3618 3430 3754 3469 vero

2176 3541 2340 3597 quam
2361 3541 2427 3581 ex
2459 3524 2774 3580 Hermantio
2807 3525 2962 3579 ail‘ert
3011 3523 3318 3590 dilllcultas,
3351 3523 3548 3578 nedum
3579 3527 3758 3594 possit

2178 3645 2288 3692 tam
2345 3645 2588 3706 apertum
2624 3636 2996 3692 testimonium
3033 3647 3293 3700 evertere,
3327 3636 3473 3690 nulla
3519 3652 3756 3705 prorsus

2179 3755 2284 3800 est.
2311 3743 2446 3798 Nam
2493 3760 2616 3798 cum
2653 3744 2766 3798 ait:
2796 3742 2909 3796 Nos
2957 3753 3130 3798 autem
3155 3761 3264 3814 prce
3301 3746 3448 3798 inani
3488 3745 3664 3814 gloria
3706 3755 3760 3798 et

2181 3854 2414 3908 absurda
2443 3854 2725 3906 ambitione
2754 3854 2851 3906 hoc
2876 3853 3000 3906 item
3027 3863 3346 3922 pra’ceptum
3373 3869 3576 3922 pessum
3607 3855 3762 3906 dedi-

2183 3982 2324 4030 mus,
2357 3964 2483 4016 dum
2515 3972 2869 4030 corruptores,
2912 3959 3236 4025 incredulos,
3263 3961 3594 4028 hominesque
3634 3975 3762 4012 sex-

2182 4073 2344 4127 centis
2369 4070 2510 4124 uitiis
2539 4079 2754 4124 onustos
2791 4079 2977 4122 temere
3009 4078 3058 4122 et
3083 4069 3195 4122 sine
3215 4071 3456 4122 examine
3475 4068 3543 4120 ad
3568 4079 3765 4136 myste-

2183 4183 2384 4236 riorum
2430 4181 2890 4250 participationem
2945 4180 3306 4242 admittimus,
3365 4188 3414 4233 et
3474 4189 3765 4248 antequam

2184 4300 2495 4344 accuratam
2518 4289 2704 4342 mentis
2737 4288 3108 4356 sententiisque
3151 4304 3260 4342 suae
3289 4288 3646 4356 probationem
3671 4290 3768 4340 de-

2183 4401 2379 4464 derint,
2402 4401 2579 4452 omnia
2604 4398 2711 4451 illis
2735 4397 2984 4467 dogmala
3017 4398 3340 4462 revelamus;
3372 4414 3432 4450 ac
3455 4398 3572 4452 licet
3603 4379 3769 4451 resti-

2195 4510 2317 4564 bula
2358 4509 2588 4563 nondum
2611 4508 2780 4562 videre
2796 4509 3081 4575 potuerint,
3109 4508 3382 4576 confestim
3407 4524 3493 4561 eos
3524 4509 3579 4560 in
3600 4508 3768 4576 adyta

2196 4621 2459 4684 ducimus,
2501 4627 2606 4674 etc.
2639 4637 2652 4672 :
2681 4633 2808 4673 cum
2853 4618 2966 4671 haec
3015 4616 3113 4682 ait,
3156 4616 3399 4685 inquam,
3449 4615 3767 4685 neutiquam

2199 4747 2258 4786 se
2282 4730 2530 4786 sociosve
2552 4744 2683 4783 suos
2699 4726 3043 4798 presbyteros
3073 4726 3176 4782 sub
3200 4725 3456 4780 Flaviano
3485 4725 3767 4793 quidpiam

2194 4836 2374 4890 simile
2403 4834 2694 4888 admisisse
2740 4833 3081 4895 testiﬁcatur,
3113 4841 3175 4886 ut
3218 4846 3378 4885 nemo
3406 4847 3511 4884 non
3562 4830 3766 4889 videat.

2195 4942 2289 4998 sed
2319 4940 2574 4994 familiari
2621 4940 2724 4995 sibi
2755 4950 2911 5009 tropo
2956 4953 3246 5009 personam
3291 4939 3404 5008 agit
3450 4952 3638 4992 eorum
3672 4936 3769 5005 qui

2199 5051 2327 5104 talia
2387 5049 2754 5104 admitterent.
2820 5049 2963 5103 Nihil
3020 5049 3167 5103 enim
3231 5046 3569 5118 frequentius
3624 5045 3769 5115 apud

2203 5160 2657 5231 Clirysostomum
2704 5176 2866 5230 quam
2895 5160 3040 5230 quod
3083 5176 3295 5224 eorum,
3341 5159 3408 5214 de
3441 5157 3638 5228 quibus
3690 5155 3775 5207 vel

2199 5288 2432 5344 quorum
2467 5287 2630 5326 causa
2656 5271 2895 5336 disserit,
2924 5287 3211 5342 personam
3246 5281 3370 5343 agat
3403 5268 3775 5331 sacerdotum,

2200 5385 2935 5458 presbyterorum,etiamque
2950 5400 3057 5439 non
3080 5399 3204 5439 raro
3225 5382 3660 5453 coniugatorum.
3685 5377 3779 5432 Sic

2200 5501 2336 5556 libro
2358 5499 2426 5554 ad
2472 5497 2922 5568 patremfﬁdelem,
2942 5511 3092 5550 nunt.
3117 5495 3168 5561 -ί,
3193 5504 3472 5566 postquam
3502 5495 3776 5566 probavit,
