4116 6392
463 396 569 455 395
1325 383 1412 441 DE
1446 377 2001 445 COMPUNCTIONE,
2041 378 2087 435 Α

2093 378 2132 433 D
2168 376 2579 434 DEMETRIUM
2627 374 2757 431 LIB.
2797 374 2839 429 ἰ.
3610 372 3713 427 594

1010 1453 1365 1660 ΑΙ)
1522 1446 2624 1659 DEMETB

1524 1442 3149 1659 DEMETBIUM

1681 2211 2499 2333 MONACHUM

1408 2774 1568 2863 DE
1662 2758 2775 2863 COMPUNCTIONE

1798 3362 2033 3426 LIBER
2076 3356 2371 3425 PRIMUS
2415 3356 2459 3418 ‘.

543 4571 593 4624 l.
632 4568 762 4623 Cum
794 4576 844 4622 te
869 4566 1023 4621 video
1046 4607 1062 4632 ,
1089 4565 1242 4620 beate
1270 4563 1536 4631 Demetri,
1564 4562 1776 4619 assidue
1796 4561 2045 4617 insisten-
2150 4559 2422 4629 proprium
2451 4557 2850 4628 naturalemque
2874 4556 2974 4610 sibi
3004 4556 3177 4610 locum
3210 4554 3480 4611 advolare.
3510 4554 3614 4611 Sed
3643 4556 3744 4612 hoc

472 4671 575 4713 tem
605 4658 752 4723 mihi,
781 4668 836 4711 et
860 4658 1022 4711 multa
1046 4672 1162 4711 cum
1191 4656 1521 4710 vehementia
1541 4655 1607 4709 de
1635 4654 2044 4723 compnnctione
2157 4650 2340 4706 multis
2378 4650 2591 4721 quidem
2634 4664 2733 4719 per
2777 4656 2940 4703 totam
2983 4648 3144 4702 vitam
3183 4662 3305 4701 raro
3345 4648 3594 4717 contingit
3641 4667 3654 4701 :
3693 4656 3745 4704 te

471 4766 746 4804 sermones
776 4759 1176 4817 exposcenlem,
1204 4748 1415 4801 beatum
1458 4756 1508 4802 te
1549 4761 1761 4815 semper
1789 4745 2042 4816 praedico,
2156 4752 2355 4806 autem,
2386 4758 2419 4797 ο
2446 4742 2682 4799 divinum
2711 4751 2867 4810 caput
2886 4782 2901 4801 .
2940 4740 3042 4795 hoc
3086 4754 3297 4811 semper
3323 4742 3747 4811 eompunctionis

472 4845 737 4913 animique
782 4842 855 4895 tui
896 4841 1177 4912 puritatem
1225 4839 1477 4893 demiror.
1519 4837 1702 4908 Neque
1745 4839 1887 4893 enim
1932 4837 2048 4893 fieri
2158 4834 2281 4904 igne
2322 4833 2548 4905 flagrare
2582 4835 2725 4889 novi.
2767 4833 2930 4902 Cujus
2975 4832 3051 4887 rei
3091 4840 3255 4887 testes
3292 4842 3414 4886 sunt
3452 4844 3638 4888 noctes
3669 4835 3749 4886 in-

472 4854 737 4913 anumque
782 4854 855 4895 ῑυΙ
896 4854 1177 4912 puritatem
1225 4854 1477 4893 demtt‘or.
1519 4854 1702 4908 neque
1745 4854 1887 4893 Clllm
1932 4854 2048 4893 Itert
2158 4854 2281 4904 Igne
2322 4854 2548 4905 ﬂagrare
2582 4854 2725 4889 "0"].
2767 4854 2930 4902 LIIJIIS
2976 4854 3051 4887 ΙῈΙ
3091 4854 3255 4887 ιεδιεδ
3292 4854 3414 4886 δυηι
3452 4854 3747 4888 1100185111·-

194 4854 642 5015 \p‘otest
672 4947 986 5004 quemquam
1030 4932 1081 4985 in
1114 4930 1413 5000 lmjusmodi
1457 4930 1719 4984 sermonis
1742 4928 1923 4984 venire
1950 4928 2049 4984 de-
2160 4941 2396 4992 sonmes,
2420 4926 2772 4997 lacrymarum
2796 4924 2989 4989 fontes,
3008 4924 3308 4978 solitudinis
3328 4924 3547 4978 amorin
3570 4942 3747 4978 anima

120 4830 181 4851 ,π’

474 5027 756 5090 siderium,
809 5024 908 5078 nisi
952 5024 1098 5092 prius
1144 5037 1263 5077 sese
1301 5021 1464 5091 probe
1509 5019 1847 5091 purgaverit,
1892 5028 2052 5089 atque
2163 5026 2248 5072 tua
2274 5026 2530 5087 perpetuo
2568 5015 2812 5072 residens
2839 5025 2895 5072 et
2934 5030 3265 5071 accrescens.
3306 5015 3560 5083 Quaenam
3592 5019 3743 5087 igitur

475 5118 719 5171 omnibus
757 5115 1098 5169 swcularibus
1136 5114 1277 5168 curis
1323 5112 1566 5181 superior
1607 5111 1857 5166 evaserit.
1898 5109 2051 5179 Quod
2164 5123 2231 5162 ex
2260 5122 2508 5162 sermone
2530 5116 2714 5161 nostro
2743 5108 2835 5161 tibi
2863 5108 3102 5162 accessio
3136 5108 3441 5177 speranda?
3483 5108 3616 5162 Nam
3668 5108 3741 5161 vi}

477 5207 630 5263 facile
654 5204 1020 5275 deprehendas
1047 5220 1112 5257 ex
1136 5204 1217 5267 iis,
1240 5204 1328 5272 qui
1357 5203 1469 5271 pari
1490 5201 1758 5257 desiderio
1785 5209 2051 5268 tenentur,
2165 5196 2267 5252 hoc
2309 5198 2512 5267 ipsum,
2560 5197 2701 5269 quod
2742 5213 2862 5253 cum
2889 5197 2954 5252 ad
2995 5199 3244 5273 verticem
3270 5198 3377 5267 jam
3406 5200 3713 5268 perveneris

478 5301 531 5354 in
554 5297 743 5368 quibus
770 5304 914 5350 tanta
940 5304 1157 5364 repente
1174 5293 1396 5347 mutatio
1418 5291 1665 5358 efﬁcitur,
1690 5300 1747 5345 ut
1770 5292 2054 5346 confestim
2165 5298 2322 5358 putes
2347 5298 2399 5344 te
2426 5305 2547 5343 cum
2582 5289 2729 5343 humi
2757 5290 3064 5359 repentibus
3092 5289 3339 5344 incedere
3358 5331 3373 5354 ,
3415 5291 3753 5358 animamque

481 5392 534 5445 in
572 5390 759 5444 caalum
793 5386 1221 5441 transferantur:
1261 5386 1491 5438 animam
1538 5383 1734 5454 quippe
1774 5383 2057 5439 mundanis
2170 5389 2313 5432 luam
2343 5380 2441 5434 alis
2481 5381 2790 5434 inslruclam
2815 5420 2832 5441 .
2879 5380 3139 5447 lapideam
3182 5381 3459 5449 appelles,
3508 5382 3754 5450 quodque

481 5485 644 5548 curis,
665 5499 762 5538 ceu
789 5481 1014 5536 vinculis
1036 5480 1363 5551 gravissimis
1390 5479 1617 5534 solutam
1637 5519 1653 5545 ,
1685 5478 1754 5533 ita
1776 5478 1959 5534 sinunt
1988 5476 2057 5531 ad
2171 5467 2477 5540 frequenter
2500 5470 2774 5525 dexteram
2805 5486 2976 5524 meam
3003 5471 3319 5540 contingens
3343 5486 3405 5526 ac
3434 5472 3751 5527 deosculans

2170 5578 2291 5616 cum
2320 5563 2570 5633 Iacrymis
2597 5564 2742 5618 dicas
2760 5604 2775 5627 ,
2807 5564 3035 5618 Contere
3061 5563 3377 5618 obduratum
3411 5579 3505 5618 cor
3530 5581 3706 5619 meum
3736 5582 3749 5621 :

546 5638 562 5669 ι
598 5643 698 5685 Duo
718 5633 824 5683 libri
847 5634 912 5683 de
946 5634 1311 5695 Compuuctione
1333 5631 1514 5695 collati
1544 5639 1789 5695 suntcum
1822 5629 1929 5695 qod.
1953 5627 2058 5679 Lol-

484 5652 2071 5757 ΜᾉἝξίᾚῗ
2172 5662 2384 5723 quantae
2411 5655 2630 5725 pietatis
2662 5654 2842 5725 quanti
2872 5652 3101 5709 fervoris
3131 5655 3340 5725 signum
3384 5670 3506 5711 esse
3548 5665 3748 5725 putan-

484 5744 1035 5811 itlitf.’s'avil.ietincod.
1062 5744 1302 5808 colberta
1464 5744 1473 5745 ί
1546 5744 1577 5757 ⁷
1642 5744 1647 5745 ί
1692 5744 1695 5745 ⁷
1776 5744 1789 5756 ”
1962 5744 1976 5753 ’
2176 5745 2301 5800 dum
2345 5744 2465 5801 est?
2494 5744 2651 5801 Certe
2686 5745 2730 5802 si
2777 5754 2836 5801 ut
2865 5760 2963 5803 nos
3005 5745 3332 5803 dormientes
3370 5758 3659 5816 ειοιιιιτες,
3691 5760 3765 5807 εκ,
