4116 6392
320 356 427 413 395

323 473 429 526 hoc
455 477 822 539 argumentum
845 465 1169 538 pertraxisti,
1192 469 1435 534 magnam
1462 462 1603 515 illam
1636 470 1779 513 tuam
1811 471 1900 511 sa-

323 562 575 631 pientiam
605 557 1094 629 providentiamque
1114 554 1352 624 approbo
1376 569 1391 619 ;
1422 553 1503 607 sin
1531 559 1707 605 autem
1734 557 1791 603 ut
1812 546 1904 602 tibi

323 651 667 715 consuleres,
717 658 865 703 ratus
905 655 958 701 te
985 647 1249 702 excitante
1274 657 1408 714 opus
1448 642 1643 697 habere
1668 682 1684 706 ,
1726 637 1908 693 nescio

325 754 436 809 quo
462 749 614 808 pacto
643 752 741 792 nos
771 736 985 791 aliunde
1013 735 1259 792 docueris
1278 775 1294 801 ,
1325 744 1375 788 te
1404 748 1508 787 non
1542 743 1730 811 nostra
1750 742 1908 798 egere

326 844 511 899 opera.
544 827 672 884 Utut
715 842 843 881 vero
869 826 976 891 sit,
1009 826 1102 880 tibi
1144 824 1629 895 obtemperabimus
1657 830 1712 876 et
1747 820 1908 875 obse-

325 935 573 989 quemur,
614 919 777 973 nullis
826 933 932 972 non
961 918 1253 972 rationibus
1284 916 1546 987 permoti,
1588 923 1677 968 tua
1718 926 1911 981 nempe

329 1009 382 1062 in
418 1007 583 1064 Deum
616 1008 803 1063 fiducia
829 1050 843 1072 ,
872 1008 1111 1062 studioso
1153 1019 1370 1077 rogatu,
1402 1021 1584 1061 amore
1610 1005 1801 1060 nostri.
1832 1002 1912 1058 Tu

327 1101 551 1170 gratiam
582 1101 843 1170 rependas
884 1101 1045 1156 velim
1091 1101 1335 1171 precibus
1380 1100 1521 1164 tuis,
1557 1105 1619 1153 ut
1645 1098 1912 1169 possimus

327 1201 384 1246 et
423 1192 585 1246 vitam
625 1191 912 1246 emendare
957 1200 1194 1245 nostram
1239 1191 1288 1257 ⁸,
1329 1199 1384 1245 et
1434 1190 1485 1243 in
1527 1188 1778 1260 praesenti
1825 1186 1911 1242 di-

331 1299 492 1352 gnum
524 1283 794 1354 quidpiam
823 1282 1081 1352 proferre,
1110 1282 1250 1354 quod
1274 1284 1442 1352 possit
1464 1290 1517 1337 ct
1537 1282 1776 1351 jacentes
1802 1280 1913 1335 ani-

335 1390 452 1428 rras
477 1376 703 1445 erigere,
735 1384 789 1430 et
818 1378 1069 1431 remissas
1110 1376 1472 1446 constringere
1502 1376 1911 1445 restituereque.

336 1466 488 1523 llnde
508 1468 667 1539 igitur
686 1468 858 1532 nobis,
880 1466 1022 1523 unde
1040 1468 1303 1523 sermonis
1320 1467 1595 1522 exordium
1613 1466 1747 1521 erit?
1763 1464 1916 1531 Quod

333 1560 408 1612 illi
448 1557 880 1625 fundamentum,
921 1573 1079 1629 quam
1117 1557 1443 1628 crepidinem
1476 1572 1767 1628 ponemus,
1814 1557 1915 1612 nisi

318 1649 494 1705 -verba
525 1648 754 1715 Christi,
787 1650 875 1719 qui
902 1650 1126 1705 miseros
1155 1648 1410 1719 prmdicat
1444 1664 1537 1705 eos
1572 1650 1661 1719 qui
1704 1649 1913 1714 rident,

335 1739 522 1794 beatos
540 1749 714 1795 autem
741 1755 836 1795 eos
863 1741 954 1810 qui
984 1741 1183 1809 lugent,
1205 1740 1284 1793 his
1314 1740 1491 1795 verbis
1519 1758 1532 1794 :
1560 1741 1701 1794 Beati
1727 1740 1815 1810 qui
1840 1741 1920 1794 lu-

335 1838 471 1900 gent,
494 1830 731 1896 quoniam
746 1830 844 1897 ipsi
856 1830 1245 1885 consolabuntur
1268 1833 1288 1901 (
1295 1830 1344 1883 Μ
1351 1830 1537 1885 atth.5.
1548 1828 1619 1901 5):
1644 1839 1719 1893 et,
1732 1828 1823 1885 Va:
1836 1831 1921 1901 qui

336 1920 510 1975 ridetis
524 1939 676 1988 nunc,
695 1923 933 1990 quoniam
956 1922 1186 1993 lugebitis
1215 1933 1261 1975 et
1284 1924 1465 1992 ﬂebitis
1487 1921 1635 1989 (Luc.
1652 1922 1825 1995 6.25).
1845 1925 1923 1979 Ac

336 2014 458 2084 jure
474 2016 667 2070 merito
696 2015 911 2085 quidem
933 2033 945 2068 :
967 2014 1139 2069 luctus
1158 2015 1299 2069 enim
1326 2030 1471 2082 vere,
1485 2016 1659 2070 luctus
1679 2031 1741 2069 ac
1755 2016 1923 2085 gemi-

346 2115 493 2158 tuum
513 2114 595 2159 est
616 2113 782 2159 totum
802 2106 1082 2176 praesentis
1098 2105 1221 2160 vita:
1243 2115 1470 2176 tempus:
1490 2114 1632 2159 tanta
1649 2106 1923 2160 calamitas

340 2195 643 2250 universum
673 2196 863 2250 invasit
893 2195 1101 2261 orbem,
1134 2206 1278 2251 tanta
1308 2212 1494 2252 omnes
1519 2198 1763 2252 homines
1786 2197 1923 2252 deti-

343 2296 473 2340 nent
500 2288 653 2351 tnala,
680 2296 739 2341 ut
764 2287 808 2341 si
830 2287 946 2357 quis
976 2288 1101 2341 velit
1129 2303 1188 2341 ea
1215 2299 1462 2342 accurate
1488 2287 1816 2358 perpendere
1836 2331 1850 2355 ,
1879 2289 1924 2344 si

344 2389 519 2432 tamen
562 2387 808 2433 accurate
851 2379 1057 2447 possit,
1101 2394 1389 2447 numquam
1430 2380 1587 2433 linem
1629 2379 1840 2448 lugendi
1871 2388 1927 2434 et

345 2468 673 2539 lacrymandi
702 2467 935 2523 facturus
974 2470 1079 2522 sit:
1116 2470 1186 2523 ita
1213 2484 1404 2539 nempe
1431 2470 1608 2523 omnia
1647 2485 1830 2524 eversa
1872 2479 1927 2524 et

344 2557 565 2612 confusa
596 2569 753 2623 sunt,
786 2559 857 2612 ita
886 2558 1086 2612 nullum
1124 2574 1346 2628 usquam
1388 2560 1597 2614 virtutis
1623 2560 1922 2629 vestigium.

345 2648 496 2714 Quod
546 2660 723 2703 autem
765 2649 917 2719 longe
960 2648 1223 2705 infelicius
1262 2658 1373 2715 est,
1419 2664 1519 2704 nos
1556 2650 1924 2719 occupantium

347 2740 607 2793 malorum
650 2756 716 2792 ne
756 2754 970 2794 sensum
1006 2740 1219 2810 quidem
1262 2739 1345 2795 vel
1378 2739 1665 2805 habemus,
1697 2740 1779 2793 vel
1808 2739 1927 2795 allis

347 2831 681 2899 prmbemus;
723 2830 817 2884 sed
861 2831 1063 2885 similes
1106 2845 1291 2886 sumus
1334 2831 1543 2899 corpori
1594 2830 1927 2886 extrinsecus

348 2921 579 2985 flaventi,
616 2921 933 2974 intrinsecus
963 2936 1090 2975 vero
1117 2921 1237 2991 igne
1262 2921 1574 2990 liquescenti
1603 2938 1616 2973 :
1648 2922 1929 2991 omnisque

350 3028 541 3066 sensus
568 3023 841 3081 expertes,
874 3013 1003 3067 nihil
1029 3013 1321 3067 differimus
1350 3028 1380 3067 a
1408 3023 1585 3068 mente
1608 3014 1808 3083 captis,
1839 3013 1928 3083 qui

353 3105 517 3159 ntulta
566 3105 860 3173 periculosa
911 3116 966 3160 et
1015 3106 1185 3175 turpia
1232 3106 1347 3160 sine
1378 3115 1521 3159 metu
1558 3106 1737 3161 dicunt
1761 3116 1815 3162 et
1844 3106 1926 3161 fa-

347 3198 512 3261 ciunt,
534 3213 629 3251 nec
645 3197 756 3251 ullo
774 3197 972 3267 pudore
995 3207 1262 3264 tenentur,
1285 3198 1376 3252 sed
1403 3199 1694 3267 gloriantur
1717 3198 1929 3254 adstan-

351 3288 597 3358 tihusque
625 3303 684 3343 se
709 3289 1059 3358 sapientiores
1088 3304 1208 3344 esse
1237 3297 1439 3358 putant.
1466 3289 1537 3343 Ita
1566 3299 1619 3344 et
1645 3304 1744 3344 nos
1763 3332 1778 3356 ,
1809 3305 1929 3345 cum

348 3381 525 3435 Olllllla
569 3396 687 3450 qua:
729 3390 1047 3450 aegrotorum
1090 3392 1213 3436 sunt
1238 3397 1486 3452 agamus,
1520 3398 1587 3437 ne
1626 3382 1727 3437 hoc
1757 3383 1927 3452 ipsum

349 3471 563 3541 quidem
585 3514 601 3538 ,
628 3472 768 3542 quod
800 3480 1147 3543 mgrotemus,
1193 3474 1409 3527 scimus.
1442 3475 1508 3526 At
1533 3474 1674 3527 enim
1700 3473 1842 3543 quod
1863 3473 1930 3527 ad

353 3576 550 3632 corpus
571 3570 809 3632 spectat,
831 3564 877 3617 si
905 3563 986 3618 vel
1014 3563 1145 3617 levis
1172 3563 1456 3618 infirmitas
1491 3564 1663 3627 adsit,
1696 3563 1932 3618 medicos

350 3653 712 3718 advocamus,
752 3654 1003 3723 pecunias
1044 3653 1401 3723 impendimus
1426 3695 1442 3720 ,
1487 3655 1929 3723 perseverantiam

352 3748 667 3803 exhibemus
689 3789 704 3811 ,
754 3763 853 3802 nec
880 3748 1024 3818 prius
1054 3749 1212 3803 linem
1247 3748 1422 3801 omnia
1450 3747 1639 3817 agendi
1668 3746 1888 3801 facimus
1910 3788 1925 3811 ,

352 3853 513 3906 quam
554 3838 922 3909 aegritudinem
966 3838 1335 3907 deponamus;
1377 3840 1569 3892 animm
1600 3854 1725 3892 vero
1759 3839 1932 3907 quoti-

353 3929 529 3983 dianis
559 3930 862 3985 vulneribus
890 3928 1152 3985 confossa:
1172 3970 1187 3994 ,
1230 3928 1510 3998 discerptae
1537 3930 1810 3998 corporeis
1848 3931 1930 3983 af-

354 4019 707 4086 fectionibus,
737 4018 940 4074 adusta:
962 4059 978 4083 ,
1022 4033 1117 4088 per
1154 4018 1442 4088 prmcipitia
1482 4028 1643 4083 actae,
1675 4034 1738 4072 ac
1763 4018 1934 4073 modis

353 4110 604 4165 omnibus
645 4111 914 4180 pereuntis
942 4152 957 4175 ,
1003 4126 1071 4165 ne
1109 4111 1383 4165 minimam
1414 4110 1630 4181 quidem
1675 4112 1931 4165 rationem

356 4201 632 4258 habemus.
677 4202 843 4272 Hujus
877 4211 1051 4257 autem
1080 4203 1156 4257 rei
1184 4218 1341 4257 causa
1368 4212 1452 4257 est
1473 4245 1488 4270 ,
1535 4202 1675 4273 quod
1718 4204 1935 4258 morbus

354 4307 543 4347 omnes
565 4293 859 4362 occuparit.
888 4300 965 4348 Ac
988 4293 1433 4364 quemadmodum
1461 4336 1476 4359 ,
1520 4295 1564 4347 si
1594 4295 1733 4349 inter
1760 4310 1934 4365 aegros

356 4397 579 4451 corpore
618 4398 774 4437 nemo
802 4398 964 4438 sanus
1007 4384 1183 4449 adsit,
1226 4384 1357 4438 nihil
1397 4384 1617 4454 impedit
1653 4387 1936 4454 quominus

359 4491 548 4530 omnes
575 4476 626 4529 in
653 4486 944 4531 extremam
984 4487 1140 4531 ruant
1167 4477 1461 4547 perniciem
1482 4518 1497 4543 ,
1523 4477 1737 4532 nemine
1765 4476 1936 4532 effrte-

359 4581 453 4620 nes
500 4581 684 4621 eorum
730 4567 1006 4635 cupidines
1047 4568 1331 4623 cohibente
1368 4585 1382 4621 :
1434 4571 1513 4622 sic
1537 4576 1592 4622 et
1631 4567 1771 4637 apud
1801 4582 1932 4631 nos,

357 4655 498 4726 quod
528 4672 685 4710 nemo
706 4655 940 4725 perfecte
963 4671 1125 4712 sanus
1153 4657 1204 4711 in
1234 4657 1337 4712 [ide
1356 4658 1445 4724 sit,
1476 4656 1571 4713 sed
1592 4671 1781 4711 omnes
1801 4699 1816 4724 ,
1845 4657 1935 4711 alii

360 4749 509 4816 plus,
534 4747 625 4802 alii
647 4748 823 4803 minus
844 4749 1202 4816 iullrmentur,
1233 4764 1393 4804 nemo
1420 4760 1504 4805 est
1527 4749 1615 4819 qui
1639 4749 1936 4819 jacentibus

359 4842 668 4907 cpitulctnr.
724 4841 856 4896 Nam
904 4842 948 4896 si
1002 4842 1121 4912 quis
1165 4843 1499 4899 extrinsecus
1547 4843 1840 4906 accedens,
1883 4852 1939 4897 et

359 4931 555 4984 Christi
582 4942 843 4999 pramepta
866 4972 879 4995 ,
908 4942 961 4985 ct
986 4933 1108 4986 vitae
1148 4942 1343 4987 nostra:
1377 4933 1741 4988 confusionem
1773 4932 1938 5002 probe

361 5023 622 5086 didicerit,
652 5023 833 5078 nescio
862 5037 929 5076 an
970 5025 1245 5092 quospiam
1275 5023 1410 5077 alios
1436 5022 1652 5077 Christo
1679 5023 1933 5077 inimicio-

362 5128 467 5174 ειυς,
491 5128 649 5181 quam
695 5127 793 5168 nos
831 5127 957 5181 esse
980 5114 1314 5168 arbitretur:
1354 5113 1425 5167 ita
1465 5115 1607 5169 enim
1639 5112 1775 5169 hanc
1799 5114 1935 5168 viam

361 5202 723 5269 decurrimus,
763 5218 827 5257 ac
866 5204 911 5257 si
940 5180 1273 5258 'contrariam
1301 5203 1417 5275 ejus
1445 5204 1706 5259 mandatis
1736 5205 1938 5274 ingredi

363 5292 645 5347 vellemus.
1074 5348 1081 5353 ,

429 5381 485 5437 2.
517 5382 594 5437 Ne
621 5382 739 5452 quis
772 5392 946 5439 autem
988 5384 1102 5440 haec
1145 5399 1239 5455 per
1281 5384 1604 5455 hyperbolen
1637 5385 1774 5440 dicta
1814 5400 1933 5440 esse

361 5474 663 5538 existimet,
702 5475 1208 5531 demonstrationem
1248 5475 1355 5545 jam
1396 5476 1587 5531 all'erre
1636 5475 1936 5545 aggrediar,

364 5580 461 5618 uec
502 5564 715 5619 aliunde
739 5608 754 5624 ,
785 5582 943 5634 quam
986 5583 1050 5621 ex
1096 5567 1223 5635 ipsis
1250 5565 1446 5621 Christi
1490 5566 1773 5621 mandatis.
1803 5566 1939 5634 Quid

363 5670 489 5722 ergo
523 5655 596 5708 ait
632 5656 908 5711 Christus?
945 5656 1169 5713 Audistis
1195 5658 1313 5727 quia
1352 5658 1537 5712 dictum
1578 5668 1651 5713 est
1685 5658 1936 5729 antiquis,

426 5766 443 5796 ⁸
480 5771 643 5819 Deest.
670 5774 895 5826 nostram,
920 5769 964 5816 in
980 5768 1109 5817 Coll).
1136 5775 1332 5819 tantum.

1026 344 1085 409 S.
1123 346 1401 407 JOANNlS
1438 338 1910 403 CHRYSOSTOMI
1949 337 2267 395 ARCHIEP.
2308 334 2845 395 CONSTANTINOP.

3490 331 3598 387 596

2011 452 2134 508 Non
2162 454 2377 507 occides.
2408 453 2519 525 Ego
2548 464 2717 507 autem
2740 452 2852 506 dico
2872 450 3026 515 vobis,
3054 451 3174 521 quia
3201 451 3364 505 omnis
3382 467 3466 519 qui
3489 453 3598 503 ira-

2010 546 2167 600 scitur
2193 547 2340 617 fratri
2368 563 2459 600 suo
2483 548 2592 602 sine
2612 563 2785 612 causa,
2815 561 2931 599 reus
2952 544 3044 598 erit
3060 545 3276 615 judicia.
3309 542 3408 609 Qui
3427 554 3601 597 autem

2010 638 2195 693 dixerit
2224 640 2374 710 fratri
2410 656 2536 707 suo,
2565 656 2688 692 raca
2707 680 2724 704 ,
2753 654 2869 692 reus
2906 637 2999 692 erit
3028 636 3260 691 concilio.
3295 636 3395 700 Qui
3429 646 3600 689 autern

2012 730 2229 794 dixerit,
2257 734 2396 801 fatue
2416 769 2431 797 ,
2471 747 2587 784 reus
2620 731 2715 783 erit
2752 728 2991 800 gehennae
3014 728 3145 797 ignis
3178 726 3388 799 (Matth.
3418 728 3471 781 5.
3502 725 3599 780 21.

2013 821 2124 892 22).
2152 821 2277 877 Ilaec
2300 822 2513 892 quidem
2544 820 2806 877 Christus.
2834 818 2944 874 Nos
2972 826 3149 874 autem
3189 817 3308 888 plus
3331 859 3346 882 ,
3375 832 3533 885 quam
3560 815 3602 871 ii

2013 914 2104 984 qui
2131 913 2388 968 increduli
2427 920 2571 977 sunt,
2602 912 2742 967 hanc
2767 912 2937 982 legem
2962 910 3251 975 calcamus,
3283 909 3407 963 dum
3434 910 3597 962 innu-

2014 1004 2179 1060 meris
2203 1004 2440 1075 quotidie
2469 1002 2659 1058 fratres
2687 1011 2897 1058 nostros
2934 1001 3198 1056 aflicimus
3235 1000 3597 1055 contumeliis.

2015 1094 2276 1164 Quodque
2305 1094 2474 1165 magis
2509 1093 2791 1149 ridiculum
2818 1101 2921 1157 est,
2952 1093 3076 1147 dum
3109 1092 3177 1147 ab
3204 1091 3303 1146 bac
3333 1106 3484 1156 voce,
3511 1094 3600 1161 fa-

2018 1194 2160 1253 tuus,
2181 1199 2451 1251 cavemus,
2484 1200 2626 1255 saepe
2656 1184 2757 1240 hac
2784 1184 3057 1254 graviores
3083 1183 3433 1237 contumelias
3457 1182 3602 1237 irro-

2015 1291 2223 1348 gamus,
2252 1277 2403 1347 quasi
2441 1292 2567 1331 vero
2594 1275 2721 1331 illud
2746 1276 2919 1333 solum
2949 1275 3170 1331 verbum
3201 1276 3289 1341 sit,
3314 1275 3401 1330 cui
3428 1273 3603 1343 depu-

2021 1376 2130 1422 tata
2168 1375 2250 1422 est
2289 1382 2465 1437 paena.
2508 1368 2580 1422 At
2606 1382 2694 1423 res
2732 1383 2839 1422 non
2884 1367 2954 1420 ita
2993 1381 3051 1422 se
3094 1365 3286 1432 habet,
3320 1364 3411 1419 sed
3454 1366 3601 1419 omni

2020 1461 2410 1515 contumelioso
2446 1459 2584 1515 hanc
2620 1459 2807 1515 indicit
2842 1474 3090 1529 ptenam,
3119 1471 3179 1512 ut
3214 1459 3386 1528 palam
3423 1466 3508 1512 est
3536 1473 3603 1510 ex

2023 1552 2108 1608 his
2137 1552 2282 1607 Pauli
2309 1553 2486 1608 verbis
2511 1571 2524 1605 :
2555 1551 2729 1606 Nolite
2748 1567 2934 1614 errare,
2964 1567 3119 1619 neque
3142 1550 3422 1622 fornicarii,
3445 1565 3605 1617 neque

2021 1645 2327 1711 idololatria,
2354 1661 2511 1712 neque
2546 1644 2784 1710 adulteri,
2817 1661 2976 1715 neque
3000 1644 3195 1709 molles,
3221 1659 3378 1714 neque
3405 1657 3606 1695 masc-uo

2025 1739 2191 1792 lorum
2232 1738 2574 1792 concubitores
2594 1777 2609 1801 ,
2645 1753 2802 1809 neque
2845 1740 2982 1808 fures
3006 1778 3020 1801 ,
3057 1752 3212 1803 neque
3245 1739 3383 1789 avari
3402 1776 3418 1799 ,
3446 1750 3606 1804 neque

2023 1831 2224 1896 ebriosi,
2250 1846 2408 1899 neque
2426 1830 2679 1895 maledici,
2706 1845 2864 1898 neque
2890 1844 3117 1894 rapaces,
3141 1843 3347 1896 regnum
3371 1824 3467 1879 Dei
3488 1841 3605 1895 pos-

2025 1923 2254 1977 sidebunt
2289 1921 2373 1996 (Ι.
2407 1922 2524 1976 Car.
2554 1922 2610 1977 6.
2638 1922 2692 1977 9.
2734 1921 2854 1992 10).
2892 1920 3042 1987 Quod
3087 1920 3130 1974 si
3169 1920 3247 1983 is,
3273 1919 3361 1987 qui
3400 1917 3604 1971 fatuum

2025 2024 2183 2072 vocat
2210 2015 2427 2071 fratrem
2455 2031 2608 2071 suum
2629 2057 2643 2078 ,
2676 2024 2920 2069 extremo
2953 2013 3143 2082 dignus
3177 2020 3260 2065 est
3292 2010 3556 2079 supplicio
3586 2027 3599 2061 :

2026 2111 2117 2181 qui
2144 2109 2444 2165 maleficum
2466 2150 2480 2172 ,
2511 2108 2745 2162 invidum
2767 2150 2782 2173 ,
2815 2106 3189 2167 temerarium,
3223 2103 3394 2157 inanis
3420 2102 3607 2172 gloria:

2027 2202 2276 2272 cupidum
2300 2202 2462 2265 dicit,
2491 2210 2545 2255 ct
2573 2200 2765 2254 similia
2795 2199 3069 2252 innumera
3097 2196 3148 2251 in
3175 2212 3296 2250 eum
3326 2195 3608 2249 maledicta

2028 2292 2265 2362 conjicit,
2291 2293 2504 2362 quantis
2530 2307 2589 2345 se
2614 2290 2873 2360 gehennae
2912 2288 3137 2343 ﬂammis
3167 2288 3451 2341 obuoxium
3478 2286 3606 2340 red-

2027 2383 2143 2438 dit?
2174 2382 2305 2438 lllud
2331 2383 2472 2437 enim
2492 2424 2507 2446 ,
2530 2381 2667 2452 fatue
2694 2389 2748 2435 et
2778 2396 2898 2433 raca
2916 2420 2931 2443 ,
2957 2380 3113 2447 longe
3150 2378 3317 2433 levius
3341 2386 3421 2429 est
3446 2391 3609 2445 supra

2028 2474 2206 2530 dictis.
2225 2474 2581 2541 Quamobrem
2609 2473 2699 2528 illo
2719 2475 2940 2536 omisso,
2962 2471 3061 2526 hoc
3084 2471 3323 2542 apposuit
3346 2470 3607 2529 Christus.

2030 2577 2089 2621 ut
2114 2566 2291 2622 discas
2317 2582 2381 2622 ex
2422 2566 2541 2635 ejus
2568 2564 2745 2621 verbis
2762 2606 2778 2629 ,
2804 2564 2848 2618 si
2883 2564 3052 2619 levius
3079 2562 3374 2618 convicium
3404 2560 3610 2629 gehen-

2031 2674 2152 2713 nam
2181 2658 2419 2724 attrahit,
2453 2658 2620 2713 multo
2649 2656 2820 2729 magis
2846 2672 2965 2727 qua:
2989 2654 3232 2727 graviora
3260 2665 3311 2710 et
3346 2653 3609 2709 atrociora

2030 2757 2156 2803 sunt
2181 2748 2230 2803 id
2254 2748 2503 2803 effectura
2530 2763 2669 2803 esse.

2103 2838 2345 2895 Maledici
2381 2857 2413 2893 a
2449 2856 2602 2910 regno
2645 2839 2883 2893 cartorum
2923 2836 3133 2893 exclusi.
3159 2867 3231 2878 —
3254 2835 3404 2904 Quod
3442 2835 3487 2889 si
3518 2836 3612 2906 qui

2031 2932 2338 2986 existiment
2366 2930 2415 2985 id
2444 2947 2537 3000 per
2562 2930 2887 3002 hyperbolen
2913 2929 3016 2984 dici
3039 2928 3349 3000 (nonnullos
3371 2927 3511 2982 enim
3535 2928 3617 2981 sic

2031 3021 2251 3076 aﬂ‘ectos
2278 3022 2432 3085 novi,
2462 3023 2549 3092 qui
2583 3031 2770 3090 putant
2797 3020 3028 3075 terrendi
3058 3020 3230 3073 solum
3259 3034 3418 3074 causa
3449 3016 3617 3073 hasce

2032 3112 2203 3166 minas
2228 3112 2521 3181 intentari),
2544 3120 2707 3166 restat
2726 3122 2783 3166 ut
2803 3110 3093 3174 adulteros,
3115 3111 3464 3165 masculorum
3484 3124 3619 3164 con-

2032 3204 2301 3259 cubitores
2321 3244 2341 3270 ,
2379 3204 2601 3266 molles,
2633 3203 2933 3258 idololatras
2970 3217 3000 3256 a
3032 3211 3324 3257 memorato
3358 3199 3619 3270 supplicio

2034 3295 2287 3349 eximant.
2314 3294 2444 3349 Nam
2471 3294 2515 3347 si
2544 3294 2773 3349 terrendi
2800 3295 2969 3349 solum
2990 3308 3150 3348 causa
3172 3293 3442 3348 maledicis
3467 3307 3618 3347 com-

2034 3385 2265 3440 minatus
2293 3394 2392 3450 est,
2422 3385 2592 3454 palam
2615 3394 2696 3439 est
2724 3393 2778 3438 et
2794 3385 2861 3439 de
2883 3384 3101 3453 reliquis
3117 3375 3357 3438 eamdem
3381 3396 3501 3436 esse
3524 3398 3618 3435 ra-

2036 3476 2234 3531 tionem
2266 3494 2278 3531 :
2310 3491 2431 3531 cum
2460 3476 2600 3530 enim
2638 3490 2825 3529 omnes
2854 3474 3010 3529 simul
3040 3473 3337 3543 posuisset,
3365 3472 3442 3526 sic
3467 3472 3620 3541 regni

2035 3567 2376 3623 amissionem
2408 3566 2600 3620 intulit.
2628 3564 2765 3633 Quid
2793 3565 2971 3635 igitur,
2999 3563 3226 3634 inquies,
3255 3562 3619 3618 maledicusne

2035 3671 2156 3711 cum
2182 3657 2426 3711 adultero
2453 3667 2506 3712 et
2530 3657 2695 3711 molle
2723 3664 2776 3710 et
2798 3670 2958 3710 avaro
2978 3664 3035 3709 et
3058 3654 3333 3709 idololatra
3357 3655 3621 3723 ponetur?

2036 3746 2223 3803 Utrum
2254 3747 2491 3812 easdem,
2520 3762 2652 3816 quas
2683 3747 2778 3813 illi,
2821 3761 3005 3816 pinnas
3032 3746 3251 3800 daturus
3279 3747 3366 3811 sit,
3396 3746 3623 3800 alterius

2037 3847 2120 3893 est
2144 3839 2397 3907 temporis
2424 3839 2693 3907 inquirere
2720 3856 2733 3891 :
2756 3838 2896 3908 quod
2922 3847 3096 3893 autem
3122 3852 3151 3890 a
3179 3852 3342 3907 regno
3365 3837 3620 3892 οπειοιδιηη

2036 3929 2282 3983 similiter
2325 3929 2568 3994 excidat,
2610 3929 2774 3983 Paulo
2818 3928 2981 3983 credo
3023 3928 3250 3992 dicenti,
3295 3927 3403 3981 imo
3442 3929 3624 3996 potius

2036 4018 2245 4075 Christo
2273 4035 2370 4090 per
2400 4021 2544 4074 illum
2572 4020 2837 4091 aperanti,
2865 4020 3005 4091 quod
3037 4035 3226 4089 nempe
3251 4035 3422 4090 neque
3446 4019 3500 4074 hi
3527 4037 3625 4074 nc-

2037 4126 2140 4181 que
2161 4110 2232 4164 illi
2257 4125 2475 4180 regnum
2506 4110 2599 4165 Dei
2631 4110 2927 4180 possessuri
2953 4111 3077 4164 sint.
3105 4108 3287 4180 Neque
3320 4110 3419 4163 hac
3444 4109 3623 4165 solum

2037 4202 2090 4255 in
2123 4215 2197 4264 re,
2229 4200 2323 4253 sed
2347 4200 2504 4254 etiam
2534 4200 2586 4254 in
2611 4200 2729 4254 aliis
2749 4200 2929 4256 multis
2956 4200 3162 4271 plurimi
3186 4201 3254 4254 ita
3274 4200 3442 4253 affecti
3470 4211 3622 4267 sunt,

2041 4306 2097 4350 ut
2123 4311 2241 4366 qme
2270 4295 2488 4350 omnino
2514 4304 2766 4350 eventura
2795 4304 2951 4360 sunt,
2983 4293 3321 4365 hyperbolice
3346 4294 3486 4348 dicta
3518 4309 3621 4363 plt-

2041 4396 2174 4442 tent.
2205 4386 2500 4441 Diabolicus
2520 4393 2696 4440 autem
2718 4394 2801 4440 est
2824 4383 2911 4439 hic
2939 4384 3177 4454 laqueus.
3202 4384 3273 4439 Ut
3294 4384 3433 4439 enim
3458 4384 3625 4438 futuri

2040 4478 2282 4549 supplicii
2313 4488 2512 4532 metum
2540 4477 2771 4532 solveret
2796 4476 2882 4539 iis,
2909 4477 2998 4547 qui
3025 4476 3079 4530 in
3106 4476 3326 4530 caritate
3350 4476 3441 4530 Dei
3471 4490 3623 4531 com-

2041 4570 2221 4641 puncti
2269 4579 2423 4625 erant
2472 4569 2513 4631 ¹,
2572 4583 2769 4638 eosque
2819 4566 2886 4621 ad
2928 4565 3321 4634 obsequendum
3360 4565 3629 4619 mandatis

2040 4662 2372 4729 remissiores
2412 4659 2679 4724 efﬁceret,
2726 4658 3043 4728 hyperbolcs
3079 4657 3495 4712 consolationem
3536 4657 3624 4710 in-

2041 4752 2220 4817 duxit,
2250 4766 2369 4821 quze
2397 4751 2450 4805 in
2482 4750 2729 4819 prmsenti
2757 4748 2970 4820 quidem
3006 4749 3278 4819 segniores
3301 4747 3508 4803 animos
3536 4748 3625 4801 iu-

2040 4858 2224 4899 escare
2249 4850 2455 4912 potest,
2482 4841 2573 4897 sed
2603 4843 2655 4896 in
2685 4841 2771 4896 die
2793 4840 2976 4910 judicii
3013 4840 3378 4911 redarguetur,
3408 4841 3628 4911 quando

2041 4934 2174 4989 nihil
2202 4933 2324 4989 inde
2361 4933 2492 4988 lucri
2522 4932 2775 4987 accedere
2803 4932 3015 5001 poterit.
3042 4931 3176 5000 Quid
3200 4932 3370 4994 enim,
3400 4948 3583 5000 quaeso
3604 4975 3623 4998 ,

2042 5022 2283 5080 utilitatis
2308 5023 2394 5090 iis,
2424 5024 2512 5093 qui
2545 5037 2688 5077 nunc
2714 5022 2923 5091 decepti
2962 5031 3105 5086 sunt,
3132 5023 3175 5077 si
3208 5032 3332 5079 time
3359 5021 3626 5077 fallaciam

2042 5125 2364 5185 agnoscant;
2395 5131 2517 5171 cum
2547 5114 2679 5185 nihil
2718 5130 2783 5169 ex
2825 5114 3134 5184 poenitentia
3170 5122 3423 5183 poterunt
3450 5113 3502 5166 in
3534 5130 3624 5166 re-

2042 5207 2372 5262 surrectione
2387 5206 2558 5276 iuvari
2570 5206 2594 5259 ‘l
2608 5204 2686 5260 Ne
2706 5205 2883 5275 itaque
2901 5204 3255 5272 nosmetipsos
3271 5203 3626 5273 decipiamus,

2043 5315 2217 5369 neque
2242 5298 2719 5353 circumveniamur
2746 5297 2801 5350 in
2831 5295 3118 5365 perniciem
3156 5303 3418 5358 nostram,
3449 5309 3629 5365 neque

2042 5389 2183 5443 aliud
2212 5387 2364 5444 nobis
2392 5387 2707 5457 supplicium
2735 5401 3107 5457 procuremus,
3135 5400 3325 5453 nempe
3352 5400 3416 5440 ex
3444 5385 3629 5440 incre-

2042 5481 2280 5535 dulitate.
2312 5478 2426 5534 Non
2460 5478 2603 5534 enim
2638 5478 2811 5532 solum
2850 5475 3113 5530 mandatis
3136 5473 3331 5529 Christi
3372 5490 3477 5528 non
3518 5475 3626 5529 ob-

2044 5582 2360 5641 temperare,
2397 5569 2490 5625 sed
2524 5569 2683 5623 etiam
2723 5568 2787 5623 iis
2827 5582 2934 5623 non
2971 5567 3210 5631 credere,
3248 5566 3623 5637 gravissimum

2110 5705 2123 5735 ¹
2152 5711 2278 5758 ttzrc,
2303 5702 2379 5760 iis,
2400 5700 2547 5763 quiin
2571 5697 2770 5751 caritate
2798 5697 2884 5749 Dei
2903 5697 3350 5763 commmctigermtt.
3372 5697 3553 5748 desum
3572 5700 3623 5750 1t:

2046 5765 2177 5817 Colb.
2208 5774 2258 5816 et
2283 5767 2326 5813 iu
2347 5761 2508 5824 savil.,
2530 5772 2676 5827 atque
2702 5763 2749 5812 iu
2772 5762 2937 5813 Morel.
2962 5770 3145 5812 tantum
3175 5761 3430 5811 habentur.
