4116 6392
366 367 470 423 595

361 480 693 550 ἀποδέχομαι
742 481 840 549 τῆς
866 478 1066 550 πολλῆς
1090 494 1104 510 ο
1139 479 1187 531 εἰ
1216 478 1272 532 δέ
1313 477 1528 546 ἀληθῶς
1555 476 1614 529 τὸ
1663 474 1858 528 σαυτοῦ
1902 490 2029 550 σκο-

359 561 500 621 πῶν,
527 547 619 612 καὶ
653 559 747 612 τοῦ
777 547 1224 627 διαναστὴσοντος
1260 556 1466 610 δεῖσθαι
1498 555 1754 626 νομίζων,
1787 554 1887 606 οὐκ
1915 547 2033 604 οἶδα

359 640 478 703 πῶς
513 639 576 692 ἂν
608 639 810 708 ἑτέρως
848 639 995 708 ἡμᾶς
1025 635 1288 701 ἐδίδαξας,
1335 637 1418 689 ὅτι
1450 653 1530 688 σοι
1572 635 1680 687 τῶν
1721 633 1847 704 παρ’
1877 633 2032 702 ἡμῶν

359 719 571 782 οὐδενὸς
597 718 697 771 δεῖ.
736 716 880 788 [Ιλὴν
914 715 1050 769 ἀλλὰ
1081 717 1176 768 καὶ
1203 715 1375 779 οὕτως
1409 715 1626 785 εἰξομέν
1665 731 1768 777 σοι,
1800 713 1892 765 καὶ
1915 730 2033 765 πει-

363 799 674 870 σθησόμεθα
711 797 925 851 πάντων
946 797 1152 857 ⁸ἐνεκεν,
1181 797 1275 848 καὶ
1302 795 1401 865 τῆς
1437 795 1748 867 παρρησίας
1768 793 1869 863 τῆς
1897 793 2034 863 πρὸς

361 881 454 937 τὸν
473 879 606 934 Θεὸν
627 881 722 931 καὶ
743 879 841 948 τῆς
873 878 1000 946 περὶ
1019 877 1119 947 τὴν
1147 877 1364 946 αἴτησιν
1399 877 1654 946 σπουδῆς,
1690 875 1784 929 καὶ
1811 875 1910 943 τῆς
1945 891 2032 942 φι-

364 960 481 1022 λίας
511 960 610 1029 τῆς
643 962 777 1026 πρὸς
806 958 956 1028 ἡμᾶς
980 975 992 987 ·
1034 959 1095 1010 σὺ
1129 957 1185 1009 δέ
1214 958 1361 1027 ἡμᾶς
1403 957 1522 1010 ἀντί
1563 955 1768 1010 τούτων
1795 956 1914 1016 ταῖς
1945 954 2034 1006 εὐ-

364 1041 485 1110 χαῖς
507 1041 626 1101 ταῖς
659 1040 778 1100 σαῖς
813 1036 1064 1106 ἀμείϐου,
1088 1035 1229 1088 ὥστε
1261 1038 1394 1105 ἡμῖν
1421 1048 1446 1076 α
1480 1036 1574 1088 καὶ
1601 1035 1695 1087 τὸν
1727 1033 1838 1104 βίον
1864 1033 2034 1104 690w-

365 1119 525 1190 θῆναι
571 1116 665 1172 τοῦ
726 1116 937 1178 λοιποῦ,
983 1117 1080 1169 καὶ
1125 1119 1182 1168 ἐν
1240 1115 1318 1185 τῷ
1367 1116 1594 1185 παρόντι
1641 1111 1933 1184 δυνηθῆναί
1981 1128 2034 1163 τι

363 1201 608 1268 γενναῖον
645 1199 838 1261 εἰπεῖν,
878 1197 972 1249 καὶ
1007 1195 1189 1248 ἱκανὸν
1217 1195 1314 1258 τάς
1347 1212 1403 1247 τε
1447 1194 1707 1264 κειμένας
1734 1193 2034 1261 ἀναστῆσαι

366 1282 458 1333 καὶ
481 1279 579 1342 τὰς
603 1276 940 1348 παρειμένας
973 1274 1293 1344 ἐπισφίγξαι
1317 1274 1412 1327 καὶ
1436 1273 1805 1343 συγκροτῆσαι
1833 1270 2030 1341 ψυχάς.

364 1361 535 1414 Πόθεν
562 1353 656 1411 οὖν
683 1359 836 1428 ἡμῖν,
869 1355 1031 1408 πόθεν
1056 1355 1289 1424 ἀρκτέον
1330 1354 1520 1408 τούτου
1550 1352 1844 1428 τοῦλόγου
1869 1368 1883 1417 ;
1917 1350 2038 1404 τίνα

365 1438 516 1508 αὐτῷ
560 1427 830 1506 θεμέλιον,
870 1434 1030 1489 ποίαν
1063 1435 1302 1505 κρηπῖδα
1335 1433 1606 1505 θήσομεν,
1645 1427 1721 1484 Ἧ
1759 1431 1918 1501 δῆλον
1955 1431 2036 1483 ὃτι

366 1517 460 1570 τοῦ
511 1515 748 1586 Χριστοῦ
780 1515 848 1568 τά
884 1517 1124 1586 ρἡατα,
1150 1514 1217 1566 δι’
1251 1511 1326 1566 ὦν
1364 1511 1638 1574 ταλανίζει
1675 1512 1771 1581 μὲν
1799 1512 1923 1574 τοὺς
1954 1527 2038 1577 γε·

367 1597 613 1663 λῶντας,
658 1597 716 1648 ἐν
751 1597 808 1649 δέ
856 1598 968 1658 τοῖς
1013 1593 1467 1665 μακαριζομένοις
1510 1592 1691 1662 τίθησι
1741 1593 1866 1654 τούς
1913 1607 2035 1642 πεν-

369 1677 615 1740 θοῦντας,
639 1675 836 1729 οὑτωσί
875 1675 1045 1742 λέγων
1068 1689 1080 1703 °
1117 1672 1408 1741 Μακάριοι
1439 1675 1492 1726 οἰ
1531 1670 1917 1735 πενθοῦντες,
1949 1668 2038 1722 ὅτι

367 1758 534 1812 αὑτοί
564 1754 1137 1822 παρακληθήσονται
1156 1769 1170 1784 ο
1194 1753 1308 1816 καὶ,
1341 1751 1484 1806 Οὐαὶ
1506 1754 1559 1806 οἰ
1579 1748 1873 1820 γελῶντες
1898 1748 2036 1811 νῦν,

368 1839 457 1892 ὅτι
483 1833 814 1899 πενθήσετε
844 1833 941 1886 καὶ
973 1833 1288 1886 κλαύσετε.
1312 1831 1421 1884 Καὶ
1455 1831 1597 1901 μάλα
1627 1829 1852 1891 εἰκότως
1873 1843 1886 1857 ·
1914 1828 2040 1881 πένο

368 1919 494 1979 Θους
527 1915 636 1986 γάρ
668 1912 905 1984 ἀληθῶς,
940 1911 1168 1975 πένθους
1207 1911 1302 1964 καὶ
1326 1909 1575 1980 ὀδυρμῶν
1613 1911 1640 1962 6
1668 1906 1856 1978 παρὼν
1896 1907 2040 1970 ἅπας

369 1995 559 2065 καιρός
583 2013 595 2025 ο
640 1991 862 2061 τοιαύτη
915 1990 1172 2060 συμφορὰ
1212 1989 1309 2060 τὴν
1349 1989 1672 2058 οἰκουμένην
1716 1986 2040 2056 κατείληφεν

369 2077 606 2138 ἃπασαν,
656 2072 881 2125 τοιαῦτα
928 2071 1175 2133 ἅπαντας
1229 2068 1549 2140 ἀνθρώπους
1597 2067 1809 2136 συνέχει
1858 2067 2036 2120 κακά’

370 2155 516 2225 άπερ
548 2155 600 2206 εί
636 2170 720 2213 τις
764 2151 900 2223 μετά
933 2150 1220 2221 ἀκριϐείας
1253 2149 1527 2212 ἐξετάζειν
1566 2147 1758 2208 ἐθέλοι,
1790 2147 1930 2214 εἴγε
1952 2146 2043 2198 δυ·-

370 2234 530 2287 νατὸν
584 2231 722 2303 μετά
772 2229 1083 2300 ἀκριϐείας,
1149 2229 1209 2280 οὐ
1266 2226 1908 2299 παύσεταμόδυρόμενος
1948 2225 2042 2278 καὶ

373 2312 614 2367 πενθῶν·
672 2310 844 2374 οὕτως
887 2309 1102 2363 ἅπαντα
1164 2307 1566 2377 ἀνατέτραπται
1629 2307 1721 2358 καὶ
1775 2305 2044 2374 συγκέχυο

373 2411 480 2458 ται,
516 2394 610 2446 καὶ
635 2391 834 2460 ἀρετῆς
859 2389 1003 2459 ἴχνος
1035 2386 1292 2457 οὐδαμοῦ.
1326 2386 1436 2438 Καὶ
1467 2387 1528 2438 τὸ
1555 2384 1619 2454 δὴ
1641 2383 2040 2454 χαλεπώτερον,

372 2473 454 2526 ὅτι
495 2472 602 2524 τῶν
649 2468 978 2539 συνεχόντων
1025 2467 1171 2536 ἡμᾶς
1204 2463 1389 2517 δεινῶν
1426 2464 1677 2533 αἴσθησιν
1720 2461 1844 2516 οὐτε
1890 2463 2044 2515 αὐτοὶ⁵

373 2549 589 2621 ἔχομεν,
629 2547 753 2602 οὐτε
788 2547 967 2609 ἄλλοις
1017 2544 1348 2616 παρέχομεν,
1382 2543 1495 2596 ἀλλ’
1540 2543 1794 2612 ἐοίκαμεν
1833 2540 2044 2612 σώματι

373 2629 571 2693 ἔξωθεν
605 2629 702 2700 μὲν
719 2626 988 2688 ἀνθοῦντι,
1011 2624 1188 2695 πολλῴ
1217 2625 1273 2676 δὲ
1295 2623 1504 2677 ἔνδοθεν
1528 2623 1554 2661 δ
1576 2622 1864 2691 τηκομένῳ
1889 2621 2040 2692 πυρί·

375 2709 477 2778 τῆς
506 2708 563 2761 δὲ
593 2705 926 2775 ἀναλγησίας
956 2704 1140 2757 ἐνεκεν
1175 2702 1326 2756 οὐδὲν
1360 2701 1469 2754 τῶν
1502 2701 1926 2772 παραπαιόντων
1966 2701 2046 2752 δι-

376 2787 730 2858 ενηνόχαμεν,
751 2783 800 2837 οἳ
831 2782 999 2836 πολλὰ
1027 2782 1124 2851 μὲν
1155 2781 1468 2834 ἐπικίνδυνα
1492 2781 1584 2834 καὶ
1617 2780 1816 2850 αἰσχρά
1842 2779 1934 2832 καὶ
1960 2779 2045 2831 λέ-

377 2883 534 2935 γουσι
588 2865 682 2917 καὶ
729 2862 1057 2934 πράττουσιν
1113 2859 1302 2925 ἀδεῶς,
1347 2860 1688 2928 αἰσχύνονται
1735 2859 1791 2912 δέ
1842 2859 2046 2912 τούτων

377 2945 549 3005 οὐδ’ἐν,
591 2941 725 2996 άλλά
757 2942 851 2995 καὶ
901 2940 1309 3009 ἐναϐρύνονται,
1350 2939 1444 2991 καλ⁸
1483 2939 1592 2992 τῶν
1632 2936 2047 3008 καθεστηκότων

383 3023 581 3094 μᾶλλον
619 3019 879 3088 ὑγιαίνειν
931 3019 1263 3088 νομίζουσιν.
1311 3017 1468 3070 Οῦτω
1505 3018 1568 3088 δὴ
1614 3019 1707 3072 καὶ
1753 3020 1933 3088 ἡμεῖς,
1979 3019 2049 3071 τά

379 3101 488 3154 τῶν
510 3099 806 3153 νοσούντων
842 3097 1058 3151 ἅπαντα
1084 3097 1430 3166 πράττοντες,
1463 3097 1581 3148 οὐδέ
1603 3097 1734 3150 αὐτὸ
1757 3097 1932 3161 τοῦτο,
1965 3098 2046 3150 ὅτι

382 3177 664 3249 νοσοῦμεν,
695 3178 872 3247 ῐσμεν.
914 3175 1051 3228 Ἀλλ’
1090 3176 1181 3228 ἐπὶ
1209 3175 1306 3244 μὲν
1337 3174 1430 3226 τοῦ
1453 3173 1722 3244 σώματος,
1747 3175 1848 3228 κᾶν
1874 3176 1934 3229 τὸ
1954 3194 2048 3229 τυ-

382 3261 476 3332 χὸν
500 3261 647 3331 ἡμᾶς
675 3256 939 3329 ἐνοχλὴση
973 3255 1145 3319 πάθος
1175 3266 1222 3318 ε,
1252 3257 1344 3307 καὶ
1386 3257 1601 3323 ἰατροὺς
1633 3255 1924 3326 καλοῦμεν,
1955 3259 2050 3310 καὶ

384 3343 640 3414 χρήματα
692 3339 1073 3408 ἀναλίσκομεν,
1127 3336 1219 3388 καὶ
1270 3335 1564 3406 καρτερίαν
1607 3336 2046 3406 ἐπιδεικνύμεθα,

385 3413 478 3475 κα)⁵
516 3420 576 3472 οὐ
603 3418 864 3490 πρότερον
889 3414 1253 3485 ἀφιστάμεθα,
1277 3413 1492 3468 ἅπαντα
1521 3415 1867 3485 πράττοντες,
1899 3415 2048 3487 [1⁸24]

385 3501 490 3564 ἓως
532 3497 598 3552 ἂν
627 3495 956 3566 ἀποθώμεθα
984 3494 1046 3547 τὸ
1093 3494 1326 3547 λυποῦνο
1359 3493 1458 3562 τῆς
1485 3493 1540 3546 δὲ
1577 3493 1752 3563 ψυχῆς
1775 3493 1896 3546 καθ’
1919 3496 2048 3548 ἐκά-

389 3595 520 3649 στην
546 3577 756 3648 ἡμέραν
799 3575 1186 3645 κεντουμένης,
1238 3573 1688 3643 σπαραττομένης
1719 3576 1831 3635 τοῖς
1858 3575 2051 3628 πάθεσι

387 3660 498 3721 τοῖς
531 3658 878 3726 σωματικοῖς,
909 3653 1222 3724 καιομένης,
1251 3652 1713 3722 κρημνιζομένης,
1745 3654 1839 3705 καὶ
1877 3654 2052 3707 πάντα

388 3737 587 3807 τρόπον
613 3733 985 3803 ἀπολλυούσης
1032 3734 1251 3802 ἑαυτὴν,
1280 3732 1401 3784 οὐδέ
1433 3731 1637 3802 βραχὺν
1658 3731 1854 3802 ἔχομεν
1876 3733 2049 3801 λόγον.

389 3817 463 3870 Τὸ
482 3817 536 3868 δέ
565 3817 752 3877 αἴτιον,
783 3815 863 3868 ὃτι
899 3814 1140 3876 ἅπαντας
1169 3816 1203 3883 ἡ
1221 3810 1374 3874 νόσος
1401 3811 1692 3880 κατείληφε
1716 3829 1732 3845 ο
1760 3813 1854 3865 καὶ
1883 3813 2052 3868 καθά-

392 3912 498 3966 περ
543 3895 635 3946 ἐπ)⁸
679 3893 787 3946 τῶν
829 3893 1146 3961 καμνόντων
1199 3891 1266 3943 τά
1298 3887 1546 3958 σώματα,
1596 3894 1643 3942 εἰ
1674 3891 1910 3961 συμϐαίη
1959 3908 2055 3962 μη-

389 3972 517 4026 δένα
558 3974 807 4042 παρεῖναι
845 3970 954 4022 τῶν
984 3969 1333 4038 ὑγιαινόντων
1365 3969 1570 4031 αὐτοῖς,
1592 3969 1743 4022 οὐδὲν
1765 3970 1825 4023 τὸ
1849 3970 2055 4023 κωλύον

393 4053 638 4114 ἅπαντας
673 4051 752 4113 είς
791 4050 889 4120 τὴν
926 4047 1160 4118 ἐσχάτην
1193 4049 1524 4100 καταπεσεῖν
1564 4046 1792 4118 φθορὰν,
1828 4048 2055 4118 μηδενὸς

393 4130 571 4185 αὐτῶν
597 4129 692 4192 τὰς
723 4128 946 4195 ἀλόγους
982 4125 1273 4196 ἐπιθυμίας
1307 4126 1628 4194 κατέχοντος
1650 4143 1661 4154 ·
1685 4126 1829 4179 οὕτω
1856 4129 1949 4180 καὶ
1972 4129 2055 4197 ἐφ’

394 4209 550 4278 ἡμῶν
568 4207 656 4261 διὰ
683 4207 745 4260 τὸ
767 4206 968 4278 μηδένα
989 4201 1128 4257 εἶναι
1159 4205 1249 4255 τὸν
1278 4203 1588 4269 ὑγιαίνοντα
1625 4205 1879 4277 καθαρῶς
1901 4209 1957 4259 ἐν
1990 4212 2054 4280 τῇ

395 4289 596 4350 πίστει,
629 4285 765 4340 ἁλλά
803 4286 1009 4346 πάντας
1039 4284 1360 4354 ἀρρωστεῖν,
1395 4284 1521 4344 τοὺς
1562 4283 1660 4351 μὲν
1699 4285 1761 4335 ἐκ
1794 4285 2054 4351 πλείονος,

395 4369 517 4431 τοὺς
537 4368 592 4420 δέ
618 4369 674 4433 ἐξ
701 4365 975 4427 ἐλάττονος
999 4363 1211 4432 μοίρας,
1232 4361 1406 4423 οὐδεὶς
1424 4363 1452 4413 ό
1470 4365 1582 4424 τοῖς
1610 4365 1879 4433 κειμένοις
1901 4367 2059 4438 ἐξαρ-

396 4447 570 4500 κέσων
593 4446 614 4485 ά
657 4446 824 4498 ἐστίν.
868 4443 930 4495 Εἰ
962 4442 1072 4512 γάρ
1097 4457 1180 4503 τις
1215 4438 1412 4504 ἔξωθέν
1447 4440 1608 4492 ποθεν
1645 4445 1778 4512 ἡμῖν
1811 4445 2056 4510 ἐπιστὰς,

396 4528 489 4579 καὶ
516 4527 609 4579 τοῦ
633 4523 867 4596 Χριστοῦ
892 4522 960 4575 τὰ
980 4519 1396 4592 προστάγματα,
1428 4519 1638 4585 καὶτῆς
1664 4521 1934 4586 πολιτείας
1959 4525 2060 4595 τῆς

397 4607 668 4677 ημετέρας
704 4605 801 4674 τὴν
840 4602 1100 4670 σύγχυσιν
1138 4596 1446 4677 καταμάθοι
1485 4597 1684 4661 καλῶς,
1713 4603 1813 4654 οὐκ
1850 4599 1967 4656 οἶδα
2010 4607 2065 4658 εἴ

397 4676 546 4748 τινας
580 4683 796 4756 ἐτέρους
823 4681 1020 4753 μᾶλλον
1054 4689 1076 4716 ε
1107 4677 1264 4747 ἡμῶν
1296 4676 1523 4745 ἐχθροὺς
1552 4678 1883 4750 ὑπολήψεται
1920 4680 2058 4738 εἶναι

397 4766 507 4834 τοῦ
528 4761 760 4834 Χριστοῦ
785 4777 797 4789 ·
830 4761 1081 4830 καθάπερ
1116 4758 1224 4830 γὰρ
1268 4759 1660 4824 ἐσπουδακότες
1685 4762 1784 4831 τὴν
1811 4763 2059 4819 ἐναντίαν

397 4833 560 4899 αὐτοῦ
586 4833 760 4895 ἐλθεῖν
793 4844 903 4904 τοῖς
929 4840 1316 4909 ἐπιτάγμασιν,
1343 4837 1486 4894 οὕτω
1508 4840 1714 4912 ταύτην
1747 4841 2060 4914 ὼδεύσαμεν

465 4941 494 4975 ν
521 4922 656 4976 ὁδόν.

555 4923 602 4962 ’τε

687 4998 772 5050 ἵνα
792 4999 864 5068 μή
889 5015 972 5060 τις
993 4998 1295 5070 ὑπερϐολῆς
1318 4995 1455 5052 εἶναι
1478 4999 1676 5072 νομίσῃ
1700 5000 1766 5053 τά
1787 5003 2006 5073 ῥήματα
2034 5003 2055 5042 ί

397 5080 468 5134 τὰ
491 5080 618 5150 παρ’
643 5079 816 5148 ἡμῶν,
838 5075 934 5148 τὴν
963 5077 1232 5141 ἀπόδειξιν
1255 5080 1550 5144 ἐπαγαγεῖν
1575 5079 1675 5149 ἤδη
1706 5082 2059 5150 πειράσομαι,

399 5159 665 5230 ἑτέρωθεν
725 5160 822 5227 μέν
859 5156 1174 5224 οὐδαμόθεν,
1213 5157 1322 5209 ἀπὸ
1360 5157 1416 5209 δὲ
1468 5157 1646 5210 αὐτῶν
1684 5159 1792 5211 τῶν
1829 5160 2061 5214 ἐντολῶν

400 5240 495 5293 τοῦ
552 5237 807 5307 Χριστοῦ.
842 5236 906 5287 Τί
957 5232 1048 5288 οὖν
1089 5254 1250 5306 φησιν
1281 5239 1308 5289 6
1349 5237 1616 5306 Χριστός;
1661 5238 1895 5306 Ἐῤῥέθη
1937 5241 2061 5307 τοῖς

402 5319 691 5387 ἀρχαίοις·
724 5320 805 5370 Οὐ
827 5317 1169 5384 φονεύσεις.
1212 5315 1356 5384 Ἐγὼ
1375 5315 1442 5367 δὲ
1463 5315 1616 5383 λέγω
1646 5318 1805 5385 ὑμῖν,
1835 5319 1922 5373 ὅτι
1945 5320 2064 5386 πᾶς

403 5401 436 5451 .5
487 5395 857 5465 ὀργιζόμενος
888 5395 970 5458 τῷ
993 5393 1232 5462 ἀδελφῷ
1265 5394 1450 5448 αὐτοῦ
1476 5392 1626 5460 εἰκῆ,
1655 5396 1871 5465 ἔνοχος
1893 5399 2064 5452 ἔσται

404 5473 479 5546 τῇ
529 5477 718 5544 κρίσει
739 5494 752 5506 ο
795 5475 862 5541 ὃς
887 5474 939 5527 δ’
971 5475 1046 5527 ἂν
1077 5477 1214 5535 εῖπη
1245 5475 1324 5540 τῷ
1355 5474 1594 5543 ἁδελφῷ
1614 5478 1821 5539 αὐτοῦ,
1861 5479 2061 5544 Ῥακὰ,

470 5620 493 5648 ι
524 5615 662 5676 Ἥμῖν
695 5617 836 5663 deost
858 5617 905 5663 in
931 5614 1063 5663 Co!b.
1093 5621 1298 5662 tantum.

469 5677 496 5716 1)
517 5678 649 5723 Cum.
681 5679 825 5724 ἔνδον.

468 5740 490 5798 9
519 5739 671 5797 Τυχόν
703 5739 948 5798 καταλάϐῃ
970 5738 1132 5792 πάθος,
1154 5739 1222 5784 sic
1256 5737 1391 5784 Colb.

466 5797 493 5836 ά
515 5800 630 5846 (ωλι)
666 5800 895 5859 ἁρκέσων.

472 5862 493 5925 ξ
516 5858 786 5925 ξιτ-ι-ιιιιιιιις
809 5866 985 5916 ιιι-ερίυι·
1011 5858 1178 5905 Murri.
1205 5860 1284 5916 qui
1308 5858 1446 5905 halm!
1479 5863 1658 5924 ἑτέρους
1681 5864 1844 5918 τίλλους
1869 5865 2057 5925 μᾶλλον.

476 5920 494 5960 ι
519 5920 573 5969 lu
599 5921 762 5969 Morel,
789 5923 892 5970 δυιυ
913 5923 968 5968 τά
995 5924 1175 5986 ῥηματτι
1201 5927 1355 5969 deest.

1283 359 1370 416 DE
1408 358 1965 423 COMPUNCTIONE,
2007 359 2106 446 AD.
2137 357 2565 414 DEMETRIUM.
2611 359 2738 415 LIB.
2782 360 2823 414 ῐ.

3685 365 3788 418 595

2133 475 2344 540 ἐνοχος
2388 475 2558 528 ἔσται
2610 474 2690 537 τῷ
2733 474 3058 544 συνεδρίῳ·
3103 476 3169 542 ὃς
3199 477 3249 529 δ’
3285 475 3361 530 ἂν
3407 477 3568 545 εἴπῃ,
3611 481 3796 545 Μωρέ.

2131 556 2344 625 ἔνοχος
2376 552 2545 606 ἔσται
2575 555 2660 618 εἰς
2694 554 2808 622 τὴν
2841 555 3091 623 γέενναν
3111 555 3216 610 τοῦ
3243 556 3449 624 πυρός.
3479 555 3665 609 Ταῦτα
3703 561 3800 627 μὲι

2132 632 2226 688 οὖν
2254 639 2282 689 6
2305 634 2558 705 Χριστός.
2587 635 2773 705 Ἡμεῖς
2799 635 2854 689 δέ
2882 636 2989 690 τῶν
3020 635 3390 689 ἀπιστούντων
3421 635 3566 706 αὐτῷ
3600 636 3801 705 μᾶλλον

2117 717 2223 792 ,τὸν
2251 715 2413 784 νόμον
2445 713 2628 767 τοῦτον
2662 718 3136 786 κατεπατήσαμεν,
3177 714 3297 768 καθ’
3323 714 3557 784 ἐκάστην
3583 715 3800 785 ἡμέραν

2138 797 2357 866 μυρίαις
2407 797 2533 858 τοὺς
2581 795 2841 863 ἀδελφοὺς
2886 796 3176 858 πλύνοντες
3218 795 3523 865 λοιδορίαις.
3569 797 3680 849 Καὶ
3737 797 3800 850 τὸ

2141 873 2198 944 δὴ
2233 874 2782 944 καταγελαστότερον,
2818 876 2900 928 ὅτι
2933 875 2993 927 τὸ
3014 875 3210 942 μωρὸς
3247 875 3418 944 δνομα
3449 875 3804 946 παραφυλατ-

2151 953 2367 1023 εόμενοι,
2396 953 2651 1016 πολλάκις
2672 954 2866 1024 ἐτέρας
2901 953 3090 1006 τούτου
3119 953 3306 1023 ὕϐρεις
3334 954 3664 1023 πικροτέρας
3703 956 3802 1007 ἐπ-

2136 1031 2359 1102 άγομεν,
2378 1033 2452 1096 ὼς
2480 1034 2686 1086 ἐκείνου
2721 1033 2882 1103 μόνου
2904 1033 2997 1086 τοῦ
3024 1035 3264 1104 ῥήματος
3287 1034 3386 1104 τὴν
3412 1033 3631 1087 κόλασιν
3653 1034 3805 1105 ἕχον·

2134 1129 2242 1175 τος.
2274 1113 2347 1166 T6
2369 1113 2425 1166 δὲ
2450 1114 2510 1165 οὐ
2541 1112 2778 1166 τοιοῦτόν
2805 1115 2971 1177 ἐστιν,
2998 1113 3134 1166 ἀλλά
3156 1113 3247 1166 τὸν
3273 1113 3530 1184 ὑϐριστὴν
3547 1114 3801 1180 καθάπαξ

2135 1191 2398 1255 κολάζων,
2431 1190 2590 1245 τοῦτο
2627 1191 2836 1246 τέθεικε
2876 1193 2936 1245 τὸ
2971 1192 3242 1262 ἐπιτίμιον
3267 1209 3281 1222 ο
3323 1194 3416 1246 καί¹
3453 1193 3610 1262 δῆλον
3639 1192 3698 1256 ἐξ
3727 1187 3805 1248 ὧν

2135 1273 2230 1324 καί
2263 1271 2474 1335 Παῦλός
2526 1289 2689 1342 φησιν
2721 1280 2770 1336 ι,
2817 1272 3015 1325 οὑτωσὶ
3054 1272 3228 1342 λέγων
3249 1290 3262 1302 ·
3294 1271 3389 1340 Μὴ
3451 1273 3801 1328 πλανᾶσθε·

2136 1350 2274 1404 οὔτε
2315 1352 2542 1420 πόρνοι.
2580 1353 2716 1406 οὔτε
2755 1351 3195 1422 εἰδωλολάτραι,
3226 1355 3299 1406 οὺ
3329 1352 3548 1422 μοιχοί,
3581 1355 3653 1407 οὐ
3689 1369 3804 1423 μα-

2137 1429 2310 1482 λακοί
2352 1431 2489 1484 οὔτε
2522 1431 2952 1497 ἀρσενοκοῖται,
3003 1435 3076 1486 οὐ
3107 1433 3354 1486 κλέπται
3398 1433 3536 1486 οὔτε
3584 1438 3806 1487 πλεον-

2137 1507 2320 1569 έκται,
2360 1512 2432 1562 οὐ
2467 1508 2739 1578 μέθυσοι,
2771 1513 2842 1564 οὐ
2895 1512 3177 1578 λοίδοροι,
3209 1513 3321 1579 οὐχ
3358 1511 3642 1580 ἅρπαγες,
3687 1515 3806 1577 ,βα-

2139 1589 2378 1641 σιλείαν
2413 1589 2559 1642 Θεοῦ
2605 1589 3156 1658 κληρονομήσουσι.
3190 1589 3336 1642 Εἰδέ
3372 1593 3401 1644 6
3426 1590 3606 1662 μωρὸν
3631 1591 3805 1660 λέγων

2137 1667 2230 1720 τὸν
2274 1667 2499 1736 ἀδελφὸν
2537 1668 2701 1721 αὐτοῦ
2734 1669 2833 1739 τῆς
2870 1668 3110 1740 ἐσχάτης
3153 1668 3424 1734 κολάσεὼς
3456 1672 3603 1724 ἐστιν
3633 1671 3801 1736 ἄξιος,

2138 1750 2167 1801 6
2199 1747 2503 1818 κακοῦργον
2532 1748 2627 1801 καὶ
2663 1747 2928 1816 βάσκανον
2967 1748 3060 1802 καὶ
3099 1748 3298 1818 εὐχερῆ
3331 1750 3422 1802 καὶ
3451 1750 3726 1816 κενόδοξον
3754 1749 3802 1813 1³,

2140 1833 2234 1885 κοιλ⁵
2262 1831 2430 1902 μυρία
2455 1829 2589 1884 ἀλλα
2614 1830 2836 1882 τοιαῦτα
2861 1830 3204 1901 κακηγορῶν,
3229 1831 3393 1882 πόσον
3422 1831 3599 1901 ἐαυτῷ
3618 1832 3677 1884 τὸ
3708 1834 3806 1901 τῆς

2139 1910 2364 1981 γεέννης
2387 1908 2600 1975 συνάξει
2623 1908 2767 1980 πῦρ;
2796 1909 2868 1960 Τὸ
2895 1907 3215 1978 γὰρ,Μωρὲ,
3248 1909 3341 1962 καὶ
3373 1909 3571 1973 Ῥακὰ,
3601 1910 3708 1964 τῶν
3731 1914 3807 1964 εἰ-

2145 1990 2394 2060 ρημένων
2461 1988 2640 2058 πολλῷ
2695 1990 3055 2058 κουφότερον
3109 1987 3298 2058 διόπερ
3356 1990 3533 2042 ἐκεῖνο
3587 1993 3802 2061 παρεὶς,

2140 2067 2296 2122 τοῦτο
2339 2068 2582 2121 τέθεικεν
2612 2070 2641 2120 6
2670 2067 2925 2138 Χριστὸς,
2959 2067 3043 2120 ἵνα
3091 2067 3265 2137 μάθῃς
3305 2069 3408 2130 ὅτι,
3452 2069 3500 2120 εἰ
3540 2070 3601 2120 τὸ
3633 2087 3804 2141 φορη-

2139 2147 2358 2218 τότερον
2397 2146 2586 2216 λεχθὲν
2629 2145 2728 2216 τὴν
2762 2146 2982 2214 γέενναν
3013 2149 3310 2200 ἐπισπᾶται
3343 2150 3461 2201 κατ’
3497 2148 3662 2202 αὐτοῦ
3711 2148 3805 2202 τοῦ

2141 2226 2408 2294 λέγοντος,
2443 2224 2624 2296 πολλῷ
2658 2225 2855 2296 μᾶλλον
2894 2226 2963 2279 τὰ
3009 2225 3284 2298 βαρύτερα
3311 2228 3404 2281 καὶ
3431 2228 3808 2300 ἀφορητότερα

2141 2305 2297 2358 τοῦτο
2325 2305 2636 2373 ἐργάσεται.

2212 2386 2274 2438 Εἰ
2317 2385 2374 2438 δέ
2414 2401 2560 2448 τινες
2613 2385 2914 2456 ὑπερϐολὴν
2969 2385 3062 2437 τοῦ
3115 2384 3273 2454 λόγου
3337 2388 3808 2455 καταγινώσκουσι

2145 2467 2259 2536 (καὶ
2293 2467 2399 2536 γάρ
2432 2483 2581 2528 τινας
2619 2465 2735 2518 οἶδα
2770 2466 2926 2520 τοῦτο
2964 2466 3228 2530 παθόντας
3267 2467 3397 2536 ἐγὼ,
3439 2470 3530 2522 καὶ
3565 2470 3811 2540 νομίζον-

2141 2562 2240 2608 τας
2290 2546 2428 2616 ὐπέρ
2486 2544 2580 2597 τοῦ
2641 2546 2873 2615 φοϐῆσαι
2930 2546 3088 2616 μόνον
3141 2545 3346 2617 ταύτην
3404 2549 3653 2618 εἰρῆσθαι
3712 2549 3810 2620 τὴν

2144 2625 2416 2695 ἀπειλὴν),
2467 2623 2584 2695 ὥρα
2636 2626 2829 2688 αὐτοὺς
2875 2626 3002 2688 τοὺς
3049 2627 3290 2694 μοιχοὺς,
3333 2627 3457 2689 τοὺς
3503 2628 3813 2696 ἀρσενοκοίι

2143 2722 2262 2766 τας,
2280 2706 2403 2767 τοὺς
2434 2704 2728 2773 μαλακοὺς,
2755 2706 2880 2768 τοὺς
2917 2705 3304 2775 εἰδωλολάτρας
3339 2707 3354 2744 ί
3391 2705 3491 2775 τῆς
3517 2707 3811 2778 εἰρημένης

2148 2783 2300 2854 [1‘25]
2319 2783 2680 2836 ἀπαλλάττειν
2714 2784 3007 2844 κολάσεως.
3030 2778 3092 2836 Et
3112 2783 3219 2854 γὰρ
3241 2784 3407 2852 φόϐου
3441 2784 3598 2853 μόνον
3627 2785 3811 2838 ἐνεκεν

2145 2867 2257 2927 τοῖς
2287 2864 2545 2933 λοιδόροις
2571 2863 2858 2932 ἠπείλησε,
2894 2861 3052 2931 δῆλον
3087 2863 3168 2915 ὃτι
3194 2863 3467 2926 κάκείνοις
3489 2880 3504 2894 ο
3538 2864 3672 2930 ὁμοῦ
3701 2865 3812 2936 γὰρ

2149 2943 2391 3004 ἃπαντας
2427 2941 2766 3010 συναγαγὼν,
2795 2941 2966 3005 οὕτως
2999 2942 3246 3011 ἐπήγαγε
3283 2943 3382 3010 τῆς
3416 2941 3687 3010 βασιλείας
3715 2944 3812 3014 τὴν

2147 3020 2440 3074 ἔκπτωσιν.
2475 3020 2539 3072 Τί
2584 3017 2702 3086 οὖν,
2731 3021 2894 3089 φησίν
2920 3037 2934 3084 ;
2962 3021 2990 3072 ό
3028 3020 3263 3092 λοίδορος
3312 3020 3450 3090 μετὰ
3483 3021 3573 3074 τοῦ
3623 3022 3811 3092 μοιχοῦ

2148 3103 2242 3155 καὶ
2277 3100 2372 3170 μα)
2385 3098 2518 3154 ακοῦ
2551 3100 2649 3152 καὶ
2695 3099 3016 3170 πλεονέκτου
3062 3101 3153 3153 καὶ
3201 3100 3582 3171 εἰδωλολάτρου
3639 3101 3817 3154 κείσε-

2147 3196 2266 3243 ται;
2297 3179 2360 3232 Εἰ
2422 3179 2516 3248 μὲν
2566 3179 2662 3248 τὴν
2718 3179 2886 3248 αὐτὴν
2927 3179 3109 3240 αὐτοῖς
3174 3179 3331 3232 δώσει
3392 3179 3579 3250 δίκην,
3625 3181 3813 3250 ἐτέρου

2147 3257 2305 3311 τοῦτο
2357 3254 2590 3325 ζητῆσαι
2652 3256 2843 3327 καιροῦ
2873 3275 2888 3287 ·
2937 3258 3018 3309 δτι
3056 3256 3112 3309 δὲ
3161 3258 3260 3328 τῆς
3312 3257 3584 3327 βασιλείας
3615 3262 3816 3330 ὁμοίως

2149 3338 2460 3390 ἐκπεσεῖται
2529 3337 2788 3399 ἐκείνοις,
2857 3335 2935 3406 τῷ
2999 3337 3196 3407 Παύλῳ
3257 3338 3516 3408 πείθομαι
3571 3340 3814 3408 λέγοντι,

2154 3417 2353 3486 μᾶλλον
2394 3416 2450 3469 δὲ
2487 3416 2565 3485 τῷ
2604 3415 2914 3486 ἐνεργοῦντι
2951 3417 3019 3469 δι’
3060 3418 3224 3470 αὐτοῦ
3257 3418 3476 3489 Χριστῷ
3511 3417 3558 3480 i,
3589 3419 3669 3472 ὅτι
3692 3417 3815 3471 οὐτε

2150 3489 2315 3558 οὗτοι,
2333 3495 2455 3548 οὐτε
2478 3498 2671 3548 ἐκεῖνοι
2699 3495 2974 3566 βασιλείαν
2995 3495 3131 3549 Θεοῦ
3154 3497 3671 3568 κληρονομήσουσιν.
3704 3499 3817 3551 Οὐκ

2153 3578 2245 3629 ἐπὶ
2273 3575 2460 3628 τούτου
2493 3575 2547 3628 δέ
2573 3575 2751 3644 μόνον,
2781 3574 2917 3628 ἀλλά
2941 3577 3032 3628 καὶ
3062 3576 3154 3630 ἐπὶ
3181 3576 3388 3628 πολλῶν
3411 3577 3610 3648 ἐτέρων
3634 3576 3818 3629 πολλοὶ

2151 3656 2308 3708 τοῦτο
2339 3654 2659 3715 πεπόνθασι,
2700 3655 2792 3706 καὶ
2837 3654 2906 3707 τὰ
2939 3654 3156 3718 πάντως
3203 3653 3546 3726 ἐκϐησόμενα
3584 3655 3818 3726 ὑπερϐο-

2153 3734 2315 3798 λικῶς
2352 3734 2598 3804 εἰρῆσθαι
2650 3734 2949 3804 νομίζουσι·
2990 3733 3269 3803 διαϐολικὴ
3311 3733 3368 3786 δέ
3409 3735 3555 3787 ἐστιν
3602 3733 3740 3804 αὐτη
3782 3736 3816 3804 ἡ

2155 3815 2341 3883 παγίς.
2373 3815 2489 3867 Ἵνα
2515 3813 2624 3884 γὰρ
2645 3814 2736 3866 τὸν
2765 3813 2927 3882 φόϐον
2961 3815 3058 3885 τῆς
3094 3813 3391 3883 μελλούσης
3433 3814 3634 3887 ἐκλύσῃ
3661 3814 3818 3867 κολά-

2158 3911 2293 3957 σεως
2319 3891 2428 3946 τῶν
2455 3893 2864 3960 κατανυγέντων
2915 3895 2973 3946 ἐν
3015 3895 3080 3963 τῇ
3126 3891 3220 3945 τοῦ
3247 3893 3383 3946 Θεοῦ
3428 3893 3683 3965 ἀγάπῃιι,
3725 3895 3820 3947 καὶ

2156 3971 2506 4044 χαυνοτέρους
2531 3971 2830 4042 ἐργάσηται
2869 3971 2998 4044 περὶ
3038 3972 3135 4042 τὴν
3170 3971 3417 4042 ὑπακοὴν
3450 3973 3549 4042 τῆς
3577 3973 3817 4042 ἐντολῆς,

2109 4087 2115 4095 -
2154 4053 2252 4124 τὴν
2283 4052 2391 4106 ἀπὸ
2416 4051 2516 4120 τῆς
2537 4051 2842 4122 ὑπερϐολῆς
2869 4051 3224 4123 παραμυθίαν
3244 4054 3558 4122 εἰσήγαγεν,
3608 4055 3688 4114 εἰς
3717 4054 3817 4122 μὲν

2157 4133 2219 4188 τὸ
2247 4131 2418 4202 παρὸν
2452 4132 2643 4202 ἱκανὴν
2685 4131 3013 4202 χαρίσασθαι
3043 4135 3165 4196 ταῖς
3199 4131 3594 4202 ρᾳθυμοτέραις
3619 4133 3820 4201 ψυχαῖς

2159 4213 2409 4283 ἀπάτην,
2457 4211 2926 4284 ἐλεγχθησομένην
2979 4213 3037 4265 δὲ
3097 4213 3237 4266 κατά
3289 4211 3380 4264 τὸν
3441 4211 3537 4280 τῆς
3588 4211 3820 4280 κρίσεως

2159 4294 2369 4364 καιρὸν,
2400 4294 2488 4346 ὅτε
2525 4292 2714 4363 κέρδος
2743 4291 2917 4345 οὐδέν.
2944 4292 3008 4343 Τί
3042 4292 3150 4362 γὰρ
3175 4292 3386 4360 ὄφελος,
3421 4289 3542 4350 εἰπέ
3581 4306 3694 4363 μοι,
3726 4287 3820 4340 νῦν

2159 4372 2554 4442 ἀπατηθέντας,
2598 4370 2718 4422 τότε
2745 4371 2974 4423 συνιδεῖν
2994 4371 3094 4441 τὴν
3129 4371 3365 4442 ἀπάτην,
3412 4373 3538 4424 ὅταν
3577 4373 3742 4442 μηδὲν

2159 4451 2267 4504 ἀπὸ
2301 4452 2404 4521 τῆς
2452 4449 2737 4520 μετανοίας
2765 4450 2846 4511 είς
2877 4450 2968 4501 τὸν
2996 4449 3094 4519 τῆς
3135 4450 3482 4514 ἀναστάσεως
3518 4452 3818 4504 ἀπόνασθαι

2157 4533 2345 4600 λόγον;
2385 4531 2474 4601 Μὴ
2507 4530 2570 4600 δὴ
2603 4529 2778 4600 μάτην
2811 4529 3106 4599 ἀπατῶμεν
3142 4531 3396 4594 ἑαυτοὺς,
3441 4532 3533 4582 καὶ
3578 4531 3819 4601 παραλο-

2160 4610 2440 4681 γιζὼμεθα
2464 4610 2556 4662 ἐπὶ
2586 4609 2761 4678 κακῷ,
2789 4608 2921 4678 μηδὲ
2953 4609 3144 4679 ἑτέραν
3171 4609 3569 4680 προκαλιὶψεθα
3603 4608 3620 4648 ι
3646 4627 3820 4680 τιμω-

2167 4691 2306 4760 ρίαν,
2343 4689 2441 4760 τὴν
2466 4690 2530 4741 ἐκ
2553 4688 2654 4756 τῆς
2676 4689 2952 4752 ἀπιστίας.
2989 4690 3064 4741 Οὐ
3105 4689 3213 4760 γὰρ
3255 4690 3412 4760 μόνον
3447 4690 3508 4742 τὸ
3539 4691 3611 4761 μὴ
3651 4689 3819 4742 εἴκειν

2162 4773 2280 4832 ταῖς
2311 4769 2549 4832 ἐντολαῖς
2575 4769 2666 4822 τοῦ
2698 4769 2953 4836 Χριστοῦ.
2985 4769 3118 4822 ἀλλά
3144 4769 3318 4823 καὶτὸ
3347 4771 3594 4823 ἀπιστεῖν
3631 4769 3820 4831 αὐταῖς

2160 4849 2548 4919 χαλεπωτάτην
2573 4848 2769 4916 ἐπάγει
2791 4849 2889 4918 τὴν
2919 4848 3158 4901 κόλασινο
3180 4849 3242 4901 τὸ
3263 4849 3320 4902 δέ
3345 4850 3592 4902 ἀπιστεῖν
3612 4848 3821 4915 γίνεται

2160 4929 2226 4980 ἐκ
2263 4927 2357 4980 τοῦ
2392 4928 2524 4999 πρὸς
2567 4928 2666 4999 τὴν
2698 4926 3039 4998 ἐκπλήρωσιν
3082 4927 3396 4982 ἐκλελύσθαι
3432 4929 3542 4980 τῶν
3570 4927 3816 4982 ἐντολῶν.

2228 5071 2253 5108 8
2284 5068 2366 5117 Sic
2385 5081 2557 5131 omnes
2578 5074 2760 5130 praeter
2790 5067 2960 5116 Morel.
2985 5066 3066 5128 qui
3097 5067 3246 5116 habet
3267 5067 3456 5124 Παῦλος
3486 5070 3662 5116 οὑτωσί
3686 5086 3813 5131 φησι,

2163 5130 2272 5203 Μρκ
2300 5132 2449 5205 Saw'jl.
2474 5129 2690 5205 ἐπιδέτω
2715 5131 3034 5205 ᾖτε-πόρνος,
3058 5131 3167 5204 οὔτε
3191 5131 3561 5205 εἰδωλολάτρηῇ
3591 5132 3640 5178 In
3664 5129 3818 5204 ιήεςιε.

2161 5193 2342 5256 πόρνοι,
2368 5191 2716 5256 εἰδωλολάτραι.
2735 5191 2863 5256 _lbid.
2887 5190 3024 5241 Coib.
3038 5191 3144 5238 οὔτε
3165 5190 3464 5254 μοιχοὶ,οὐτέ
3481 5193 3821 5253 μαλακοὶ,οῦτε

2162 5253 2506 5316 ἀρσενοκοῖται,
2530 5253 2638 5300 οὔτε
2659 5254 2874 5316 κλέπται.

2226 5313 2254 5350 δ
2273 5314 2406 5375 Colb.
2426 5321 2536 5375 post
2571 5315 2812 5375 κενόδοξον
2829 5313 2964 5362 addit
2994 5314 3074 5360 καὶ
3095 5313 3311 5368 ἀλαζόνα.
3338 5313 3443 5362 Mox
3465 5313 3596 5362 idem
3618 5330 3822 5375 κατηγο·

2165 5377 2276 5448 ρῶν,
2310 5374 2470 5447 mimis};
2493 5384 2646 5448 φειδ.
2672 5374 2830 5448 Ρευίο
2843 5375 3296 5448 ροξξὶόεληὲολλῶ
3334 5374 3820 5448 κουφότερονρδιὸπερ

2167 5434 2334 5493 ἐκεῖνο,
2368 5437 2560 5484 omissis
2578 5434 2899 5497 interpositis.
2927 5435 3032 5484 Mox
3055 5435 3190 5484 Colb.
3214 5436 3355 5484 τοῦτο
3380 5434 3556 5492 ἔθηκεν.
3587 5436 3709 5484 Infra
3734 5434 3823 5484 Sa;

2166 5497 2249 5560 \'i|,
2281 5507 2332 5560 el.
2350 5495 2774 5560 (ἶοιὺεέργάσετᾲι,
2799 5495 2968 5560 Μοτεί.
2994 5497 3247 5560 ἐργάζεται.

2235 5558 2249 5596 ί
2277 5559 2412 5606 (".nlb.
2437 5558 2517 5605 καὶ
2539 5557 2667 5620 ’τούς
2709 5557 3056 5620 ἀρσενοκοίτας,
3081 5559 3160 5606 καὶ
3193 5558 3299 5613 τοὺς
3337 5557 3590 5619 μαλακοὺς,
3614 5557 3694 5604 καὶ
3714 5557 3824 5612 τούς

2169 5621 2251 5667 εἶδ.
2282 5620 2387 5667 Μοι
2421 5621 2548 5667 idem
2571 5619 2717 5680 φόϐου
2746 5619 2833 5680 μὲν
2855 5620 3023 5667 ἕνεκεν.

2239 5693 2250 5728 ι
2280 5680 2413 5742 Colb.
2439 5680 2486 5726 ἐν
2507 5681 2635 5740 αὐτῷ
2661 5682 2870 5742 Χριστῷ.
2895 5680 3018 5742 Infra
3043 5680 3178 5730 Colb.
3203 5681 3277 5728 ἐπὶ
3303 5682 3488 5728 πολλῶν
3513 5682 3681 5742 ἐτέρων
3706 5680 3822 5726 πολ-

2171 5743 2261 5796 λοί,
2290 5740 2435 5804 SMU.
2463 5742 2536 5788 ἐπὶ
2558 5740 2744 5788 πολλῶν
2760 5742 2942 5798 πολλοί,
2971 5741 3236 5804 Μοτριχέπὶ
3261 5744 3428 5804 ἑτέρων
3449 5740 3630 5789 πολλοί.

2238 5805 2261 5840 ll
2291 5803 2419 5855 Ηςυσ,
2442 5804 2536 5864 τῶν
2553 5804 2900 5863 κατανυγέντων
2934 5804 2980 5850 ἐν
3001 5809 3057 5864 τῇ
3088 5803 3172 5849 τοῦ
3201 5803 3324 5849 (θεοῦ
3342 5803 3532 5863 ἀγάπῃ.
3555 5806 3735 5852 desum
3772 5804 3825 5850 In

2171 5864 2305 5910 ('nz‘h.
2338 5871 2382 5908 nl
2426 5864 2472 5909 in
2497 5863 2666 5917 Savil..
2694 5865 2842 5922 inquo
2869 5863 3044 5912 Morclf
3067 5872 3248 5913 {anlum
3287 5864 3528 5913 hubt‘nlur

2238 5925 2254 5963 ι
2282 5925 2411 5972 (ῖυὶιι.
2440 5927 2644 5986 προσκγ)
2657 5927 2829 5987 οςμετιιχ,
