4116 6392
188 340 298 398 397

193 455 365 509 Ὅταν
380 453 491 528 γάρ
510 454 609 527 τὴν
635 454 810 527 ἐκτῆς
834 454 1080 527 ὑπακοῆς
1095 456 1393 524 ἀσφάλειαν
1416 456 1493 528 μὴ
1513 456 1859 528 ἐθελήσωμεν

190 535 408 596 ἑαυτοῖς
432 535 778 606 πορίσασθαι,
801 535 937 606 μηδὲ
952 534 1023 589 τά
1042 536 1496 607 προστεταγμένα
1512 538 1706 602 ποιεῖν,
1721 536 1865 591 ὥστε

190 613 501 678 ἀπαλλάξαι
523 614 618 668 τοῦ
637 614 804 685 φόϐου
819 614 939 669 -τῶν
963 615 1265 687 μελλόντων
1291 616 1383 671 τὸν
1401 615 1681 688 λογισμὸν,
1696 617 1865 689 βαρυ-

190 692 408 761 νόμενοι
436 692 515 764 τῷ
549 693 814 748 συνειδότι
846 696 942 748 καὶ
969 694 1287 764 ἀγχόμενοι,
1318 695 1412 749 καὶ
1441 696 1534 750 τὸν
1556 695 1723 750 πολὺν
1757 696 1866 749 τῶν

191 770 462 841 κειμένων
489 772 764 827 κολάσεων
796 772 963 841 φόϐον
990 772 1290 846 ἀπορρῖψαι
1340 773 1751 839 σπουδάζοντες,
1785 776 1865 839 είς

190 847 380 921 ἕτερον
429 850 658 915 ἐαυτοὺς
702 850 1113 923 καταϐάλλομεν
1154 851 1462 925 βάραθρον,
1506 853 1865 918 ἀπιστοῦντες

185 932 304 996 τοῖς
337 930 720 1004 κολαστηρίοις
750 933 998 997 ἐκείνοις.
1032 934 1144 987 Kal
1170 933 1421 1007 καθάπερ
1442 935 1491 988 οί
1530 934 1710 1007 πολλῷ
1736 952 1862 990 συν-

191 1010 442 1081 εχόμενοι
469 1010 711 1083 πυρετῷ,
745 1013 842 1066 καὶ
866 1011 1008 1066 κατὰ
1044 1011 1152 1066 τῶν
1173 1012 1397 1085 ψυχρῶν
1436 1013 1713 1084 πηδῶντες
1735 1014 1861 1069 ὑδά-

186 1106 317 1155 των,
349 1090 449 1143 οὐκ
478 1091 934 1146 ἀποτινάσσονται
967 1090 1027 1145 τὸ
1057 1096 1267 1161 πνῖγος,
1294 1092 1411 1147 ἀλλ’
1435 1093 1621 1165 ἕτερον
1654 1096 1867 1158 ἑαυτοῖς

192 1169 549 1240 προστιθέασι
572 1170 715 1243 πῦρ’
757 1170 902 1225 οὕτω
929 1171 1026 1226 καὶ
1053 1173 1237 1243 ἡμεῖς,
1268 1172 1616 1243 κεντούμενοι
1648 1173 1727 1244 τῷ
1755 1173 1865 1227 τῶν

187 1248 609 1321 ἁμαρτημάτων
641 1250 927 1315 συνειδότι,
953 1252 1034 1316 είς
1062 1252 1153 1306 τὸν
1179 1252 1280 1323 τῆς
1309 1253 1617 1324 ὑπερϐολῆς
1641 1251 1865 1324 εὔριπον

187 1327 610 1393 καταποντίζειν
644 1330 871 1395 ἑαυτοὺς
898 1330 1346 1404 ἀναγκαζόμεθα,
1383 1334 1471 1387 ἵνα
1490 1335 1669 1388 πάντα
1695 1333 1866 1398 ἀδεῶς

186 1408 595 1480 ἁμαρτάνωμεν
620 1409 716 1463 τοῦ
737 1409 947 1466 λοιποῦ.
976 1412 1112 1464 Οὑδέ
1138 1412 1248 1483 γὰρ
1288 1412 1448 1483 μόνον
1479 1413 1746 1482 παροῦσιν
1773 1414 1868 1484 ὀρ-

187 1486 454 1559 γιςόμεθα
482 1492 597 1554 τοῖς
636 1490 916 1561 ἀδελφοῖς,
951 1490 1089 1547 ἀλλά
1115 1493 1210 1545 καὶ
1236 1492 1433 1547 ἀποῦσι
1464 1493 1723 1558 πολλάκις
1759 1510 1867 1564 μα-
1894 1492 1907 1516 "

184 1567 422 1640 χόμεθαο
450 1569 590 1641 ὅπερ
636 1570 912 1643 ὑπερϐολὴ
954 1570 1252 1642 θηριωδίας
1292 1572 1426 1625 ἐστί.
1459 1570 1564 1626 Καὶ
1607 1574 1734 1635 τοὺς
1768 1571 1866 1641 μὲν

189 1649 409 1720 μείζους
449 1651 661 1706 ἑαυτῶν
699 1653 797 1706 καὶ
835 1651 1240 1722 δυνατωτέρους
1285 1652 1380 1706 καὶ
1422 1651 1740 1716 ἀδικοῦντας
1772 1652 1866 1706 καὶ

184 1730 511 1805 ὑϐρίζοντας
536 1732 777 1806 φέρομεν
803 1733 944 1804 μετὰ
962 1732 1262 1797 ἐπιεικείας
1279 1734 1499 1804 πολλῆς,
1516 1734 1605 1788 διὰ
1622 1734 1714 1788 τὸν
1733 1734 1864 1806 παρ’

185 1811 365 1866 αὐτῶν
394 1813 581 1884 φόϐον,
608 1817 744 1883 πρὸς
758 1813 815 1867 δέ
830 1814 957 1876 τοὺς
986 1813 1283 1884 ὁμοτίμους
1299 1814 1393 1868 καὶ
1409 1813 1697 1878 ἐλάττονας
1712 1813 1865 1868 οὐδὲν

183 1891 560 1963 λελυπηκότας
584 1903 611 1932 ι
638 1892 1075 1964 ἀπεχθανόμεθα.
1110 1891 1374 1945 Τοσοῦτον
1401 1895 1430 1946 6
1460 1892 1612 1964 παρὰ
1638 1892 1745 1946 τῶν
1766 1894 1864 1947 ἀν-

185 1970 215 2023 θ
221 1970 418 2043 ρώπων
429 1971 594 2041 φόϐος
602 1970 695 2025 τοῦ
708 1988 785 2025 πα
792 1972 859 2043 ρὰ
872 1970 965 2025 τοῦ
976 1972 1209 2044 Χριστοῦ
1224 1972 1443 2043 μείζονα
1456 1972 1568 2042 ἔχει
1579 1973 1676 2044 τὴν
1690 1971 1863 2043 ἰσχύν.

256 2057 325 2120 γ’.
361 2051 549 2105 Ἔστιν
574 2047 669 2106 οὖν
697 2054 834 2123 ἡμῖν
853 2051 1125 2123 σωτηρίας
1141 2051 1295 2116 ἐλπὶς
1307 2052 1577 2124 τοσαύτην
1595 2051 1866 2106 ἐνδεικνυσ

187 2130 371 2201 μένοις
406 2130 703 2203 ὀλιγωρίαν
727 2131 820 2184 καὶ
867 2132 1311 2203 καταφρόνησιν;
1347 2131 1534 2195 πόθεν,
1576 2134 1699 2187 εἰπέ
1741 2151 1862 2204 μοι;

185 2210 252 2264 Τί
280 2209 460 2265 τοίνυν
486 2210 745 2281 φορτικὸν
770 2210 1042 2282 ἀπῄτησε,
1065 2211 1119 2265 τί
1143 2211 1202 2266 δὲ
1228 2212 1463 2282 ἐπαχθὲς
1496 2213 1628 2285 παρ’
1652 2214 1813 2285 ἡμῶν
1834 2215 1864 2266 6

187 2288 450 2361 Χριστόςς
481 2289 573 2360 Μὴ
597 2290 842 2361 όργίζου,
878 2290 1033 2360 φησὶ,
1064 2289 1143 2362 τῷ
1180 2291 1397 2361 ἀδελφῷ
1423 2308 1516 2345 σου
1544 2293 1689 2363 εἰκῆ.
1720 2293 1864 2348 Πολὺ

183 2368 245 2423 δὲ
276 2368 436 2423 τοῦτο
473 2368 840 2441 εὐκολώτερον
872 2369 966 2423 τοῦ
1006 2371 1196 2442 φέρειν
1246 2371 1431 2443 ἕτερον
1462 2370 1613 2444 [126]
1650 2371 1867 2444 ὀργιζό-

189 2465 352 2520 μενον
398 2448 554 2518 είκῆο
586 2449 704 2502 ἐκεῖ
759 2450 858 2520 μὲν
886 2448 995 2522 γὰρ
1045 2451 1310 2520 συνῆκται
1353 2452 1455 2524 ήδη
1494 2451 1588 2507 τοῦ
1630 2454 1802 2524 πυρὸς
1828 2457 1862 2527 ἡ

188 2528 312 2600 ῦλη,
343 2527 578 2582 ἐνταῦθα
617 2528 696 2594 δὲ,
728 2528 942 2593 οὐδενὸς
981 2530 1368 2600 ὑποκειμένου,
1399 2532 1500 2603 τὴν
1544 2532 1720 2602 φλόγα
1769 2535 1866 2588 ἀν-

186 2610 381 2672 άπτεις
405 2607 601 2672 αὐτός’
636 2609 738 2662 οὐκ
778 2606 893 2662 ἔστι
921 2608 979 2662 δὲ
1019 2609 1153 2674 ἴσον,
1186 2610 1374 2682 ἐτέρου
1406 2610 1665 2683 λαμπάδα
1697 2630 1868 2685 προσ-

186 2687 436 2756 ἀγοντος,
485 2688 777 2759 καρτερεῖν
814 2688 910 2741 καὶ
953 2686 1028 2760 μὴ
1072 2687 1449 2760 πίμπρασθαι,
1501 2691 1594 2746 καὶ
1642 2690 1868 2762 μηδενὸς

188 2766 621 2837 παρακινοῦντος
670 2765 967 2838 ἡσυχάζειν
1025 2767 1122 2821 καὶ
1171 2768 1401 2837 ἠρεμεῖν
1488 2768 1547 2823 '0
1610 2771 1708 2841 μὲν
1757 2770 1866 2843 γὰρ

187 2844 398 2898 ἐκείνου
429 2846 734 2917 κρατήσας,
767 2845 1031 2917 μεγίστης
1076 2846 1395 2916 φιλοσοφίας
1440 2847 1468 2889 h
1503 2847 1736 2918 βάσανον
1769 2854 1864 2905 ἐπ-

186 2924 459 2992 εδείξατο·
492 2927 522 2979 6
547 2925 606 2979 δέ
626 2925 786 3001 τοῦτο
809 2926 1111 2997 κατορθῶν,
1138 2926 1353 2990 οὐδενὸς
1376 2926 1443 2981 ἀν
1469 2930 1555 2999 είη
1590 2929 1865 3001 θαύματος

187 3004 356 3071 ἄξιος.
387 3005 557 3060 Ὅταν
585 3000 681 3058 οὖν
706 3005 769 3058 τὸ
795 3005 979 3076 μεῖζον
1004 3005 1094 3060 διά
1123 3006 1214 3060 τὸν
1238 3007 1347 3060 τῶν
1375 3007 1679 3080 ἀνθρώπων
1702 3000 1866 3079 φόϐον

187 3083 465 3150 ἀνύοντες,
493 3082 584 3138 διὰ
607 3084 700 3139 τὸν
737 3084 831 3138 τοῦ
863 3083 1002 3138 Θεοῦ
1028 3084 1166 3156 μηδὲ
1195 3086 1256 3139 τὸ
1279 3085 1498 3141 ἔλαττον
1524 3087 1863 3161 βουλώμεθα,

188 3164 441 3236 ἐννόησον
473 3164 606 3235 ὅσης
643 3163 919 3228 κολάσεως
944 3165 1039 3218 καὶ
1066 3165 1336 3235 τιμωρίας
1378 3166 1709 3231 ὑπευθύνους
1736 3170 1868 3222 καθ-

191 3243 427 3315 ιστῶμεν
469 3242 714 3306 ἐαυτούς.
744 3243 849 3297 Τὸν
891 3242 1071 3298 τοίνυν
1101 3243 1329 3313 ἀδελφὸν
1360 3246 1435 3316 μὴ
1478 3244 1569 3300 τὸν
1606 3248 1867 3319 ὁμότιμον

191 3322 372 3393 μόνον,
428 3322 563 3393 μηδὲ
593 3321 881 3394 ἐλεύθερον
912 3323 1142 3396 νομίσῃς
1174 3319 1336 3391 εἶναι,
1373 3325 1511 3378 ἀλλά
1552 3327 1647 3381 καὶ
1680 3328 1770 3381 τὸν
1795 3330 1869 3382 οί-

187 3404 384 3474 κέτην·
432 3405 536 3458 Ἐν
581 3405 693 3474 γὰρ
737 3404 968 3474 Χριστῷ
1014 3407 1221 3475 Ἰησοῦ
1265 3408 1405 3463 οὔτε
1444 3408 1688 3475 δοῦλος,
1728 3413 1867 3467 οὔτε

186 3483 523 3552 ἐλεύθερος,
552 3485 694 3538 κατὰ
718 3484 811 3539 τὸν
854 3485 1198 3544 Ἀπόστολον.
1238 3488 1402 3542 Ὥστε
1430 3488 1533 3542 κᾶν
1569 3491 1708 3561 πρὸς
1739 3492 1867 3556 τοὺς

186 3562 409 3641 δούλους
455 3564 832 3637 ἀγριαίνωμεν
889 3566 1033 3641 είκῆ,
1084 3566 1184 3638 τὴν
1224 3569 1397 3640 αὐτὴν
1443 3569 1867 3641 ὑποστησόμεθα

187 3639 345 3721 δίκην
364 3659 377 3673 ’
419 3642 648 3712 ἀδελφὸς
672 3645 783 3715 γὰρ
823 3644 921 3698 καὶ
947 3640 1101 3710 οὗτός
1134 3647 1271 3710 ἐστι,
1300 3639 1395 3701 καὶ
1420 3647 1519 3718 τῆς
1555 3639 1869 3721 ἐλευθερίας

187 3720 418 3792 ἡξίωται
435 3722 536 3791 τῆς
557 3722 812 3795 ἀληθοῦς,
828 3724 888 3779 ἐν
906 3724 1124 3796 πνεῦμα
1144 3725 1283 3797 ἔχων
1304 3738 1352 3779 ο.
1376 3726 1470 3791 Τίς
1488 3723 1580 3780 οὖν
1601 3720 1867 3800 λοιδορίας

187 3801 427 3874 καθαρὸν
456 3802 550 3856 τὸν
572 3803 767 3858 ἐαυτοῦ
802 3805 915 3877 βίον
945 3806 1040 3859 καὶ
1067 3807 1236 3879 ὀργῆς
1270 3806 1466 3875 ἀλόγου
1504 3809 1598 3862 καὶ
1634 3811 1868 3880 ματαίας

188 3880 456 3948 ἐπιδεῖξαι
501 3882 757 3949 δύναται;
813 3884 904 3956 Μὴ
963 3886 1073 3957 γάρ
1123 3902 1214 3956 μοι
1265 3884 1357 3939 τὸν
1408 3886 1655 3954 ὀλιγάκις
1711 3889 1868 3943 τοῦτο

187 3961 468 4033 πάσχοντα
501 3962 687 4033 εἴπῃς,
717 3962 853 4017 ἀλλά
874 3964 966 4016 τὸν
1005 3963 1140 4034 μηδὲ
1161 3964 1298 4028 ὅλως
1334 3963 1534 4018 ἁλόντα
1571 3966 1729 4019 ποτέ·
1761 3967 1868 4034 ἕως

187 4041 234 4095 δ’
265 4039 332 4095 ἂν
363 4041 439 4112 μὴ
465 4042 624 4094 τοῦτο
650 4040 832 4116 δείξῃς
859 4043 1015 4114 ἡμῖν,
1039 4043 1161 4096 οὺδέ
1185 4042 1283 4115 τὴν
1321 4043 1554 4117 ἀπειλὴν
1585 4044 1744 4100 λῦσαι
1776 4048 1868 4101 δυ-

189 4125 353 4195 νήσῃ,
403 4124 493 4179 διά
536 4124 599 4178 τὸ
647 4126 723 4197 μὴ
777 4125 1020 4196 συνεχῶς
1068 4127 1227 4180 τοῦτο
1264 4127 1477 4182 παθεῖν.
1528 4129 1640 4183 Καὶ
1684 4130 1791 4204 γὰρ
1836 4135 1866 4187 6

191 4204 438 4260 κλέπτων
473 4205 569 4258 καὶ
590 4207 620 4259 6
651 4205 950 4278 πορνεύων,
980 4207 1081 4261 κᾶν
1102 4205 1249 4274 ἅπαξ
1277 4207 1437 4278 μόνον
1466 4207 1564 4279 τὴν
1589 4209 1863 4281 ἁμαρτίαν

190 4284 407 4354 ἐκείνην
457 4286 831 4356 ἐργάσωνται,
880 4286 981 4341 οὑκ
1030 4287 1219 4360 ἐπειδὴ
1270 4287 1345 4359 μὴ
1398 4288 1661 4355 πολλάκις
1704 4292 1863 4346 τοῦτο

187 4358 619 4437 τετολμήκασιν,
665 4366 916 4438 ἀφίενται
976 4368 1075 4439 τῆς
1121 4358 1424 4439 τιμωρίας,
1477 4369 1614 4423 ἀλλά
1675 4371 1861 4444 ἐπειδὴ

187 4445 589 4519 τετολμήκασιν
625 4446 783 4511 ὅλως,
824 4446 1163 4512 κολάζονται.
1203 4446 1275 4501 Τὸ
1303 4446 1360 4501 δὲ
1401 4449 1600 4519 ἐφεξῆς
1640 4450 1863 4520 τούτῳ(1

190 4525 462 4595 κείμενον.
494 4526 578 4592 τίς
601 4527 704 4581 οὑκ
726 4527 793 4580 ἀν
822 4527 930 4581 τῶν
952 4526 1200 4581 ἀπίστων
1220 4528 1312 4580 καὶ
1346 4526 1512 4598 μῦθον
1547 4524 1687 4582 εἶναι
1718 4530 1867 4601 νομί·

195 4619 328 4659 σειε.
363 4604 502 4675 μετά
524 4606 796 4676 τοσαύτης
825 4605 1185 4677 σφοδρότητος
1211 4606 1698 4678 ἀνατετραμμένον
1723 4609 1865 4681 ὁρῶν

193 4681 284 4761 ὑφ’
303 4680 460 4753 ήμῶν
476 4699 493 4749 ;
512 4684 620 4738 Τοῦ
650 4690 759 4761 γὰρ
783 4684 920 4738 Θεοῦ
948 4685 1196 4750 εἰπόντος
1215 4699 1230 4715 ο
1267 4682 1407 4740 Ἐὰν
1425 4680 1778 4758 προσφέρῃς·
1796 4688 1865 4743 τὸ

190 4759 386 4829 δῶρόν
397 4775 516 4818 σου
531 4764 632 4818 ἐπὶ
656 4767 724 4818 τὸ
744 4759 1214 4834 θυσιαστήριον,
1242 4766 1419 4820 κάκεῖ
1436 4766 1745 4837 μνησθῇς.
1777 4768 1867 4822 ὅτι

192 4843 227 4894 ό
251 4839 516 4912 ἀδελφός
543 4860 660 4898 σου
676 4843 801 4914 ἔχει
827 4860 887 4899 τι
912 4844 1065 4899 κατὰ
1095 4844 1235 4909 σοῦ,
1275 4846 1426 4916 ἄφες
1440 4848 1648 4902 ἐκεῖτὸ
1672 4843 1868 4917 δῶρόν

192 4934 310 4975 σου
323 4921 667 4991 ἔμπροσθεν
684 4923 793 4978 τοῦ
807 4924 1266 4992 θυσιαστηρίου,
1285 4926 1384 4980 καί
1398 4926 1591 4996 ὕπαγε
1607 4927 1865 4996 πρῶτον,

192 4999 550 5073 διαλλάγηθι
574 5004 656 5072 τῷ
684 5003 928 5075 ἀδελφῷ
965 5018 1103 5071 σου,
1128 5005 1228 5060 καί
1266 5007 1400 5061 τότε
1434 5007 1650 5073 ἐλθὼν,
1678 5009 1869 5077 πρόσ-

192 5097 341 5160 φερε
363 5081 432 5135 τὸ
459 5081 649 5152 δῶρόν
672 5099 791 5140 σου
808 5101 823 5116 ο
858 5086 1021 5157 ἡμεῖς
1041 5085 1099 5140 δέ
1121 5097 1145 5125 ο
1172 5086 1694 5158 ἐκπεπολεμωμένοι
1722 5088 1865 5160 πρὸς

193 5158 457 5231 ἀλλήλους
500 5165 596 5217 καὶ
645 5162 896 5228 ὑπούλως
926 5162 1258 5235 διακείμενοι
1298 5167 1413 5229 τοῖς
1458 5158 1870 5238 θυσιαστηρίοις

194 5238 484 5312 πρόσιμεν.
502 5242 614 5297 Kal
639 5243 668 5297 6
691 5243 790 5315 μὲν
811 5243 944 5307 Θεὸς
966 5243 1236 5315 τοσαύτην
1251 5242 1352 5314 τῆς
1377 5246 1410 5317 ἡ
1419 5246 1546 5316 μετέ
1556 5263 1653 5318 ρας
1669 5246 1870 5300 καταλ-

255 5327 283 5357 ⁸
306 5327 444 5396 C011).
473 5329 943 5396 οὑδέλελυτι-ηκότας.
959 5332 1072 5382 Mox
1093 5330 1235 5396 idea:
1244 5334 1372 5396 παρὰ
1396 5331 1483 5381 τοῦ
1506 5331 1633 5382 Θεοῦ
1659 5334 1866 5396 μείζονα,

255 5348 283 5357 “
306 5348 444 5380 ωιι).
473 5348 583 5380 ουοε
606 5348 943 5390 Αελυτιηκοτας.
960 5348 1072 5382 MOX
1093 5348 1224 5382 108m
1244 5349 1313 5381 πα
1341 5351 1372 5381 οι
1396 5350 1483 5381 του
1506 5348 1633 5382 υεου
1659 5348 1866 5396 μειζονοι,

192 5397 245 5437 et
267 5394 414 5452 paulo
434 5397 545 5503 £03,!
587 5394 721 5442 idem
754 5394 1168 5458 ἐπιδεικνυμένοις.
1208 5348 1367 5445 Paulo
1406 5402 1517 5458 post
1548 5396 1681 5445 idem
1704 5396 1751 5444 τί
1774 5397 1869 5461 γὰρ

192 5453 413 5503 φορτικὸν
466 5470 653 5503 πητσησε
666 5472 682 5503 :
702 5455 749 5503 τί
768 5456 821 5503 δὲ
837 5457 919 5503 καὶ
940 5457 1107 5503 ἐπαγθ.

191 5453 413 5554 φορτικὸν
434 5453 682 5517 ἀπῄτησες
702 5455 749 5504 τί
768 5456 821 5505 δὲ
837 5457 919 5505 καὶ
940 5453 1107 5519 ἐπαχθ.
1407 5453 1422 5458 ’
1785 5453 1796 5458 ’
1844 5453 1854 5461 ’

196 5577 208 5581 _
230 5576 241 5581 _
309 5514 445 5581 Col_b.
469 5516 674 5581 ἐσχάτης
695 5518 987 5581 φιλοσοφίας.
1002 5517 1130 5568 Infra
1148 5519 1281 5569 idem
1300 5518 1455 5577 πόσης
1472 5519 1734 5576 κολάσεως.
1757 5519 1869 5570 Mox

192 5576 434 5643 “911356!
449 5576 818 5643 160'&65}06v,..
840 5576 922 5628 καὶ
952 5581 1034 5628 τὸν
1056 5581 1303 5643 ὁμότιμον,
1336 5581 1474 5630 ἀλλά.

256 5639 281 5706 ἐ
305 5635 526 5706 Ιιιυό,’ξν
545 5638 732 5706 πνεῦμα
754 5641 896 5706 ἔχων,
924 5635 1097 5704 neque'
1118 5644 1167 5691 in
1190 5635 1340 5692 Savil.
1367 5655 1534 5706 neque
1555 5645 1607 5693 in
1629 5640 1768 5695 Colb.
1791 5644 1869 5694 le-

190 5699 344 5762 gitur,
367 5701 456 5750 sed
477 5703 527 5750 in
554 5699 727 5752 Μαι-ἐι.
752 5699 958 5753 timum.
1010 5699 1027 5704 ’
1448 5699 1465 5706 ’

190 5822 213 5832 Δ
252 5759 281 5801 ἀ
306 5762 443 5832 Coll}
468 5763 631 5832 ρφεξῇς
650 5765 837 5832 τούτου.
865 5764 1142 5832 Infra‘idem
1162 5767 1240 5829 ὑφ’
1257 5767 1412 5829 ἡμῶν·
1440 5769 1467 5815 6
1482 5765 1687 5832 ’μένλγάρ
1707 5767 1870 5831 φιλάνο

188 5822 528 5916 θριιτξεεξῑὶςν
548 5822 798 5916 ξέννριτξξξὲν
818 5828 1101 5916 τξςξξῑέιηε

253 5885 602 5954 ’,Δὶ-ἀφεθείη
638 5885 794 5954 Βανῇι.
829 5885 1119 5954 rPapI'o'p'osl
1141 5887 1281 5954 _Colb.
1317 5889 1590 5954 προσίεμεν·
1616 5891 1697 5954 καὶ
1717 5892 1745 5940 6
1780 5892 1863 5954 μὲν

192 5945 329 6013 Θεὸς.
355 5946 478 5995 Infra
499 5949 629 6013 idgm
651 5955 706 6013 ει
727 5951 874 5998 Savil.
904 5945 1112 6013 inﬁéxln
1138 5945 1448 6011 ἐγκόπτεσθαι
1490 5945 1668 6000 Morel.
1696 5958 1749 6001 et
1771 5945 1862 6003 Sa-

191 6010 258 6056 ηε
301 6013 352 6060 ιιι
374 6022 527 6072 marg.
549 6010 878 6061 ίκκόπτισθαι.
906 6011 1027 6062 Infra
1054 6010 1224 6063 Morel.
1248 6016 1331 6071 τὴν
1355 6015 1519 6077 ἔχθραν
1540 6013 1717 6079 τηρεῖν.

1014 342 1072 399 5.
1112 339 1400 397 JOANNIS
1435 338 1925 431 οιιιιγεοετοιῃ
1962 338 2286 397 ARCHIEP.
2326 338 2876 398 CONSTANTINOP.

3536 338 3642 395 598

1975 454 2150 527 λαγῆς
2172 455 2469 525 πεποίηται
2499 456 2758 527 σπουδὴν,
2787 456 2863 519 ὼς
2894 454 3185 526 ἀνέχεσθαι
3212 454 3311 526 τὴν
3342 454 3508 509 αὐτοῦ
3539 454 3643 508 θυ-

1973 536 2097 590 σίαν
2126 535 2309 607 μένειν
2339 535 2650 601 ἀτέλεστον,
2673 536 2769 589 καὶ
2798 534 2900 606 τὴν
2930 534 3236 607 ὑπηρεσίαν
3268 534 3640 604 ἐγκόπτεσθαι

1967 614 2108 684 ὑπὲρ
2129 612 2223 667 τοῦ
2241 612 2343 686 τὴν
2360 613 2502 686 πρὸς
2515 613 2782 685 ἀλλήλους
2798 612 3096 685 ἀπέχθειαν
3116 613 3416 668 καταλῦσαι
3432 615 3528 667 καὶ
3542 614 3646 685 τὴν

1966 693 2135 766 ὀργήν
2151 710 2166 725 ο
2193 695 2357 765 ἡμεῖς
2382 692 2441 746 δὲ
2462 692 2605 746 οὑτω
2629 692 2725 747 τοῦ
2753 692 3081 765 πράγματος
3100 693 3297 763 ἀλογοῦ
3305 709 3427 764 μεν,
3447 692 3524 757 ὼς
3545 692 3644 748 καὶ

1966 772 2183 844 ἡμέρας
2215 770 2417 834 πολλὰς
2443 771 2545 841 τὴν
2576 770 2779 844 ἔχθραν
2817 771 3098 843 διατηρεῖν
3128 772 3270 827 κατά
3297 775 3400 844 τῆς
3427 771 3644 825 ἑαυτῶν

1965 851 2231 922 κεφαλῆς.
2262 849 2398 905 Οὐδέ
2429 848 2539 922 γὰρ
2567 852 2695 915 τοὺς
2718 849 3197 922 μνησικακοῦντας
3227 851 3448 917 κολάζει
3480 852 3644 922 μόνον

1965 929 1996 981 6
2025 928 2281 1001 Χριστὸς,
2300 928 2438 983 ἀλλά
2458 930 2553 982 καὶ
2576 931 2705 993 τοὺς
2723 929 2914 983 τούτου
2939 930 3037 1000 μὲν
3067 931 3525 1002 ἀπηλλαγμένους
3542 930 3643 984 τοῦ

1966 1006 2197 1075 πάθους,
2215 1008 2623 1079 πεπληγμένων
2644 1007 2704 1061 δὲ
2724 1008 3206 1080 καταφρονοῦντας
3226 1010 3339 1064 τῶν
3367 1009 3640 1079 ἀδελφῶν.

1979 1085 2196 1157 Ἐπειδὴ
2224 1087 2333 1158 γὰρ
2352 1086 2463 1141 τῶν
2498 1085 2662 1157 ήδικη
2672 1086 2850 1158 μένων
2883 1088 3002 1141 ἐστὶ
3026 1089 3090 1142 τὸ
3112 1093 3494 1161 μνησικακεῖν,
3528 1092 3559 1143 6
3583 1089 3643 1143 δὲ

1965 1166 2167 1221 ἀδικῶν
2200 1169 2302 1221 οὐκ
2330 1167 2397 1222 ἂν
2424 1167 2622 1239 ῥαδίως
2650 1167 2883 1241 ληφθείη
2909 1168 3086 1241 τούτῳ
3126 1172 3205 1243 τῷ
3233 1171 3419 1239 πάθει,
3448 1171 3646 1229 τούτου

1965 1244 2127 1315 χάριν
2162 1243 2355 1299 τοῦτον
2387 1246 2563 1317 ἡγαγε
2606 1246 2747 1317 πρὸς
2789 1248 3018 1313 ἐκεῖνον,
3052 1249 3269 1314 δεικνὺς
3314 1251 3398 1304 ὅτι
3436 1251 3537 1321 τῆς
3561 1267 3646 1303 τι·-

1971 1323 2183 1394 μωρίας
2211 1324 2311 1395 τῆς
2345 1324 2556 1378 ἐκείνου
2600 1325 2803 1396 μᾶλλον
2832 1326 3134 1392 ὑπεύθυνός
3174 1329 3324 1382 ἐστιν
3352 1331 3381 1382 6
3414 1330 3512 1382 κοιλ⁵
3539 1328 3645 1401 τὴν

1969 1402 2129 1473 ῥίζαν
2148 1402 2228 1474 τῷ
2256 1405 2616 1475 ἁμαρτήματι
2638 1404 2959 1476 παρασχών.
3003 1407 3144 1460 Ἀλλ’
3171 1409 3332 1479 ἡμεῖς
3352 1408 3475 1462 οὐδὲ
3499 1407 3646 1462 οὕτω

1967 1483 2360 1560 παιδευόμεθα,
2374 1484 2512 1538 ἀλλά
2530 1483 2704 1538 λυποῦ
2713 1503 2812 1557 μεν
2828 1488 2923 1540 καὶ
2941 1487 3082 1560 ὑπὲρ
3100 1487 3212 1541 τῶν
3227 1488 3501 1559 τυχόντων
3514 1490 3646 1552 τοὺς

1971 1561 2231 1630 ἀδελφούς
2252 1578 2265 1593 ·
2295 1558 2418 1616 εἶτα
2443 1562 2635 1637 ὥσπερ
2657 1564 2872 1628 οὐδενὸς
2892 1564 2912 1604 τ
2938 1558 3234 1637 γενομένου
3251 1558 3449 1631 δεινοῦ,
3468 1567 3646 1630 οὕτως

1967 1640 2280 1712 ἀμελοῦμεν
2330 1643 2425 1696 καὶ
2458 1642 2929 1715 ἐπιλανθανόμεθα
2976 1645 3085 1699 τῶν
3124 1645 3478 1718 λυπηθέντων
3509 1648 3643 1716 παρ’

1967 1718 2148 1791 ἡμῶν,
2183 1719 2278 1773 καὶ
2303 1721 2401 1791 τὴν
2430 1719 2633 1792 ἔχθραν
2666 1724 2747 1786 είς
2784 1722 2995 1796 μακρὸν
3035 1726 3422 1798 ἐκτεινομένην
3445 1727 3644 1798 χρόνου

1973 1802 2150 1873 μῆκος
2195 1803 2562 1875 περιορῶμεν,
2601 1803 2705 1857 οὐκ
2748 1804 2952 1870 εἰδότες
3000 1807 3083 1860 ὅτι
3137 1807 3380 1879 τοσούτῳ
3413 1809 3648 1880 μείζονα

1966 1883 2189 1955 τίσομεν
2217 1884 2462 1947 κόλασιν,
2486 1883 2596 1955 ὅσῳ
2616 1881 2766 1956 [127]
2790 1884 3044 1949 πλείονας
3065 1885 3134 1939 ἂν
3146 1886 3376 1957 ἀφῶμεν
3393 1888 3646 1941 ἐπεισελ-

1967 1963 2082 2020 θεῖν
2103 1966 2318 2038 ἡμέρας
2348 1968 2415 2037 τῇ
2437 1965 2605 2040 λύπῃ,
2639 1966 2818 2038 τούτῳ
2847 1985 2909 2021 τε
2940 1968 3113 2040 αύτῷ,
3144 1970 3337 2041 καὶτῷ
3364 1971 3643 2025 δυσκολω-

1965 2046 2133 2117 τέραν
2171 2047 2307 2117 ἡμῖν
2347 2044 2603 2115 γενέσθαι
2630 2044 2818 2100 λοιπὸν
2849 2046 2992 2118 τὴνε
3023 2047 3395 2121 καταλλαγήν.
3431 2050 3647 2123 Ὥστερ

1965 2125 2098 2197 γὰρ,
2129 2125 2317 2197 φιλίας
2354 2125 2690 2198 συνεχούσης
2713 2128 2883 2199 ἡμᾶς,
2913 2127 3067 2183 οὐδὲν
3100 2129 3341 2192 εὐκόλως
3368 2129 3480 2183 τῶν
3504 2130 3648 2183 διαι-

1972 2207 2210 2279 ρούντων
2259 2207 2477 2279 ἰσχῦσαι
2530 2208 2626 2261 καὶ⁵
2678 2208 3039 2281 πιστευθῆναι
3091 2210 3412 2282 δυνήσεται·
3443 2208 3645 2276 οὕτως,

1968 2285 2171 2358 ἔχθρας
2228 2285 2756 2359 προκαταλαϐούσης
2779 2288 2806 2327 ιι
2860 2289 3017 2358 ἡμῶν
3075 2288 3181 2353 τάς
3227 2290 3427 2360 ψυχὰς,
3460 2289 3644 2343 πάντα

1968 2365 2167 2420 εὔκολα
2189 2367 2282 2420 καὶ
2307 2368 2484 2438 ῥᾷστα
2503 2368 2617 2429 τοῖς
2637 2366 2983 2437 βουλομένοις
3009 2369 3141 2439 ἡμῖν
3170 2368 3494 2440 συγκρούειν
3521 2371 3646 2422 ἐπιο

1968 2445 2155 2500 πλεῖόν
2181 2446 2319 2509 ἐστι,
2342 2444 2455 2498 τῶν
2474 2445 2571 2516 μὲν
2587 2445 2842 2516 χρηστῶν
2865 2447 3301 2517 ἀπιστουμένων,
3320 2449 3647 2519 πιστευομέ-

1968 2541 2075 2577 νων
2099 2525 2158 2577 δέ
2190 2524 2369 2595 μόνων
2395 2525 2505 2577 τῶν
2531 2524 2803 2595 πονηρῶν.
2820 2524 2920 2578 Διά
2944 2524 3119 2578 ταῦτα
3146 2526 3358 2581 κελεύει
3382 2529 3444 2580 τὸ
3470 2528 3645 2601 δῶρον

1967 2605 2204 2673 ἀφέντας
2234 2603 2329 2656 ἐπὶ
2351 2602 2445 2657 τοῦ
2478 2602 2893 2675 θυσιαστηρίου,
2927 2603 3145 2676 πρῶτον
3183 2606 3540 2678 διαλλαγῆναι
3565 2608 3648 2679 τῷ

1967 2683 2202 2754 ἀδελφῷ,
2223 2684 2310 2737 ἵνα
2337 2684 2623 2756 μάθωμεν,
2645 2686 2727 2738 ὅτι
2748 2686 2869 2738 είέν
2890 2686 3087 2758 ἐκείνῳ
3105 2686 3184 2758 τῷ
3199 2687 3380 2760 καιρῷ
3404 2688 3648 2743 ἀναϐάλ-

1969 2762 2161 2817 λεσθαι
2206 2763 2309 2835 τὴν
2350 2763 2704 2835 καταλλαγήν
2732 2763 2941 2836 ταύτην
2967 2765 3030 2819 οὑ
3054 2766 3181 2837 χρὴ,
3221 2765 3405 2837 πολλῷ
3441 2767 3646 2838 μᾶλλον

1966 2845 2026 2898 ἐν
2052 2843 2283 2915 ἐτέροις.
2325 2842 2519 2914 Ἡμεῖς
2545 2842 2604 2896 δέ
2634 2844 2704 2896 τὰ
2752 2844 2853 2915 μὲν
2884 2844 3132 2915 σύμϐολα
3155 2847 3266 2901 τῶν
3296 2849 3647 2920 πραγμάτων

1972 2925 2303 2996 κατέχομεν,
2362 2927 2462 2996 τῆς
2507 2925 2565 2979 δὲ
2623 2925 2880 2995 ἀληθείας
2935 2926 3107 2997 αὐτῆς
3176 2928 3642 3000 ἐκπεπτώκαμεν,

1967 3005 2346 3076 ἀσπαζόμενοι
2380 3004 2479 3075 μὲν
2511 3004 2778 3076 ἀλλήλους
2810 3005 3100 3077 μέλλοντος
3130 3006 3226 3060 τοῦ
3258 3008 3435 3079 δώρου
3473 3025 3649 3081 προσ-

1971 3085 2255 3158 φέρεσθαι,
2281 3085 2486 3156 χείλεσι
2511 3084 2570 3138 δέ
2592 3085 2669 3150 ὼς
2709 3087 2803 3139 ἐπὶ
2846 3087 2908 3140 τὸ
2937 3087 3073 3140 πολὺ
3102 3088 3198 3142 καὶ
3226 3089 3457 3159 στόματι
3485 3089 3649 3144 τοῦτο

1967 3164 2249 3229 ποιοῦντες
2289 3165 2467 3236 μόνον.
2513 3166 2572 3219 '0
2606 3166 2664 3220 δέ
2690 3166 2897 3238 Κύριος
2923 3168 2986 3221 οὐ
3016 3168 3174 3221 τοῦτο
3206 3167 3477 3239 βούλεται,
3507 3170 3650 3224 ἀλλὰ.

1966 3247 2028 3300 τὸ
2049 3246 2159 3301 ἀπὸ
2195 3246 2298 3316 τῆς
2339 3245 2523 3318 ψυχῆς
2562 3246 2799 3318 φίλημα,
2848 3249 2945 3302 καὶ
2976 3249 3069 3302 τὸν
3115 3249 3227 3303 ἀπὸ
3282 3250 3385 3322 τῆς
3418 3252 3646 3322 καρδίας

1970 3324 2265 3396 ἀσπασμὸν
2305 3324 2507 3379 διδόναι
2554 3325 2634 3398 τῷ
2678 3327 2907 3398 πλησίον
2946 3330 3115 3400 ἡμᾶς.
3146 3328 3320 3383 Τοῦτο
3347 3332 3458 3402 γάρ
3492 3334 3647 3386 ἐστιν

1969 3403 2325 3483 ἀσπάσασθαι
2362 3403 2796 3475 ἀληθῶς,ἐκεῖνο
2816 3406 2875 3460 δὲ
2906 3411 3080 3479 σκηνή
3106 3424 3191 3472 τις
3206 3410 3302 3463 καὶ
3331 3410 3645 3483 ὑπόκρισις,

1971 3484 2066 3539 καὶ
2108 3482 2432 3554 παροξύνειε
2474 3485 2677 3556 μᾶλλον
2712 3484 2777 3539 ἂν
2815 3488 2910 3540 τὸν
2948 3487 3081 3541 Θεὸν
3111 3488 3145 3559 ἦ
3181 3482 3574 3555 καταλλάξειεν
3614 3493 3651 3546 6

1966 3562 2112 3616 οὕτω
2136 3563 2328 3634 φιλῶν.
2360 3562 2471 3634 Τὴν
2500 3561 2611 3633 γάρ
2643 3563 2911 3636 εἰλικρινῆ
2938 3566 3034 3619 καὶ
3055 3566 3437 3640 ἐρριζωμένην
3463 3569 3647 3638 φιλίαν

1968 3642 2220 3713 ἐπιζητεῖ
2253 3643 2383 3715 παρ’
2408 3642 2639 3714 ἡμῶνί,
2688 3642 2751 3696 οὑ
2795 3643 3022 3714 ταύτην,
3080 3642 3149 3719 ἧς
3192 3645 3254 3698 τὸ
3298 3647 3399 3718 μὲν
3456 3649 3648 3721 σχῆμα

1969 3723 2106 3777 πολὺ
2139 3725 2234 3778 καὶ
2256 3723 2357 3794 τὴν
2398 3723 2686 3795 μόρφωσιν
2717 3724 3117 3797 περιφέρομεν,
3164 3726 3265 3798 τὴν
3307 3728 3365 3781 δὲ
3414 3727 3647 3800 δύναμιν

1968 3803 2150 3856 πᾶσαν
2170 3801 2496 3873 ἐσϐέσαμεν,
2515 3802 2653 3871 ὅπερ
2671 3804 2764 3857 καὶ
2784 3804 2916 3857 αὐτὸ
2935 3806 3231 3878 τεκμήριον
3251 3807 3362 3860 τῶν
3385 3825 3649 3879 κατεχού-

1969 3882 2078 3936 σῶν
2113 3882 2262 3952 ἡμᾶς
2293 3879 2541 3951 ἀνομιῶν
2570 3880 2709 3934 ἐστι.
2733 3881 2838 3936 Διὰ
2862 3885 2973 3951 γὰρ
3003 3883 3070 3937 τὸ
3091 3883 3511 3953 πληθυνθῆναι
3530 3888 3649 3955 τὴν

1969 3961 2254 4029 ἀνομίαν,
2289 3960 2445 4030 φησὶ,
2480 3959 2823 4029 ψυγήσεται
2868 3960 2908 4028 ἠ
2956 3961 3157 4032 ἀγάπη
3196 3962 3317 4016 τῶν
3366 3965 3641 4020 πολλῶν.

1966 4041 2079 4094 Kal
2105 4040 2278 4094 ταῦτα
2303 4039 2618 4111 πράττομεν
2639 4039 2940 4112 ἄνθρωποι,
2975 4045 3112 4116 μήτε
3139 4044 3478 4115 ὀργίζεσθαι,
3501 4047 3644 4118 μήτε

1967 4118 2194 4189 ἐχθροὺς
2247 4118 2393 4190 ἔχειν
2438 4118 2826 4185 κελευσθέντες
2878 4121 3069 4186 τινὰς,
3130 4126 3180 4177 εί
3243 4124 3301 4178 δέ
3361 4142 3491 4179 ποτε
3538 4127 3639 4181 καὶ

1969 4197 2255 4268 σχοίημεν,
2289 4197 2376 4266 ἐφ’
2403 4198 2619 4270 ἡμέρας
2654 4199 2846 4269 μόνον·
2887 4200 2953 4254 '0
2987 4200 3163 4269 ἥλιος
3197 4202 3328 4276 γάρ,
3363 4204 3518 4274 φησι,
3547 4202 3637 4274 μὴ

1966 4276 2254 4356 ἐπιδυέτω
2309 4277 2409 4330 ἐπὶ
2442 4278 2524 4344 τῷ
2574 4281 2961 4350 παροργισμῷ
3002 4279 3187 4351 ὑμῶν,
3224 4284 3332 4337 Καὶ
3384 4284 3505 4338 οὐδὲ
3557 4286 3649 4356 μέ-

1968 4372 2059 4428 χρι
2120 4355 2312 4409 τούτου
2370 4358 2386 4409 ί
2459 4358 2756 4430 ίστάμεθα,
2823 4361 2959 4415 ἀλλά
3020 4362 3115 4414 καὶ
3175 4363 3471 4429 ἐπιϐουλὰς
3522 4355 3645 4420 κατ’

1967 4434 2213 4507 ἀλλήλων
2267 4436 2568 4507 ῥάπτομεν,
2621 4439 2717 4492 καὶ
2773 4438 2840 4492 δι’
2897 4435 2975 4494 ὧν
3019 4440 3252 4513 λέγομεν
3315 4444 3406 4501 καὶ
3461 4443 3529 4498 δι’
3570 4439 3648 4500 ὧν

1968 4514 2283 4586 πράττομεν
2326 4514 2613 4580 δάκνοντες
2663 4515 2733 4569 τά
2784 4519 2961 4571 οἰκεῖα
3016 4519 3151 4592 μέλη
3194 4524 3289 4574 καὶ
3331 4523 3649 4577 κατεσθίον-

1968 4610 2087 4674 τες·
2115 4595 2253 4674 ὅπερ
2284 4595 2547 4667 λαμπρᾶς
2578 4598 2775 4667 μανίας
2812 4599 2948 4652 ἐστί.
2977 4600 3087 4653 Καὶ
3117 4600 3227 4674 γὰρ
3255 4604 3382 4668 τοὺς
3406 4604 3647 4668 ἀνιάτως

1967 4672 2338 4743 δαιμονῶντας
2371 4675 2467 4728 καὶ
2496 4677 2857 4747 μαινομένους
2893 4677 3002 4730 ἀπὸ
3020 4672 3213 4733 τούτου
3242 4681 3481 4752 μάλιστα
3503 4684 3649 4737 δοκι-

1972 4753 2239 4832 μάζομεν.
2275 4753 2341 4806 Τί
2385 4754 2441 4808 δὲ
2481 4754 2507 4795 Ιί
2536 4757 2565 4808 6
2597 4756 2724 4826 περὶ
2769 4756 2865 4810 τοῦ
2915 4758 3190 4813 ἀντιδίκου
3246 4762 3430 4832 νόμος,
3480 4764 3576 4817 καὶ
3619 4765 3649 4817 6

1969 4831 2100 4903 περὶ
2151 4832 2253 4902 τῆς
2294 4833 2590 4904 ἐπιθυμίας
2628 4835 2729 4905 τῆς
2768 4836 2993 4901 ἀτόπου,
3047 4840 3137 4894 καὶ
3180 4840 3289 4894 τῶν
3312 4831 3650 4898 ἀκολάστων

1967 4910 2282 4984 ὀφθαλμῶν,
2312 4915 2409 4968 καὶ
2449 4917 2549 4986 τῆς
2591 4917 2786 4986 ἀλόγου
2815 4918 2998 4987 φιλίας
3042 4921 3139 4974 καὶ
3181 4922 3534 4991 ἐπιϐλαϐοῦς;
3588 4926 3650 4978 '0

1967 4995 2077 5076 γὰρ
2096 4991 2270 5060 δεξιὸς
2287 4996 2589 5068 ὀφθαλμὸς,
2618 4999 2711 5052 καὶ
2737 5001 2770 5070 ἡ
2789 4999 2938 5065 δεξιά
2964 5001 3107 5073 χεὶρ,
3132 5002 3287 5066 οὐδὲν
3306 5005 3438 5074 ἡμῖν
3459 5004 3653 5076 ἓτερον

1967 5074 2295 5153 αίνίττεται,
2309 5078 2343 5148 ἡ
2363 5079 2491 5153 τοὺς
2518 5078 2610 5153 ἐπ).
2632 5078 2805 5151 βλάϐῃ
2832 5079 3122 5153 φιλοῦντας
3134 5083 3329 5153 ἡμᾶς·
3349 5083 3444 5137 καὶ
3469 5084 3498 5138 6
3518 5074 3652 5153 περὶ

1968 5145 2080 5225 τῶν
2112 5145 2532 5219 ἀπολελυμένων
2558 5148 2615 5201 δὲ
2633 5145 2926 5217 ⁷γυνοὶὶκῶν
2958 5151 3064 5204 ὑπὸ
3089 5145 3235 5217 τινος
3264 5145 3325 5206 οὐ
3375 5145 3651 5225 κατελύθη

1969 5223 2064 5274 καὶ
2090 5226 2441 5298 κατεπατήθη
2464 5225 2482 5265 1
2523 5226 2782 5293 πολλάκις
2801 5245 2817 5294 ἱ

2038 5390 2058 5477 ί
2241 5399 2629 5477 παραπὼν’,“καὶ
2670 5400 2936 5477 ούδξΛοῦτω
2963 5404 3299 5477 παιδεξοόμεθα,
3325 5404 3445 5454 ἀλλά
3469 5402 3650 5453 λυπού-

1971 5473 2061 5528 μεν
2074 5459 2280 5528 εὑκόλως
2299 5459 2945 5528 ἀδελφούςῇᾮσπερ
2966 5465 3020 5513 δέ

2036 5520 2061 5603 Ξ
2082 5520 2343 5603 ἒὲίὲξῖὴά
2362 5520 2568 5603 τὲοεέδτρρ
2597 5520 2768 5603 δίειπέ
2796 5520 3159 5603 δντξκδλωτέραξ
3172 5520 3285 5603 ἡμῖν
3306 5527 3647 5603 τρέψεται·

2036 5543 2060 5557 υ
2082 5543 2180 5568 Alli
2200 5543 2343 5570 τουτο
2362 5543 2414 5570 τε
2432 5543 2568 5581 αυτο,
2597 5543 2679 5571 και
2701 5543 2758 5571 το
2796 5543 3066 5574 ουσκολωτε
3172 5543 3285 5603 ημιν
3306 5543 3519 5590 γενεσυαι
3539 5543 3647 5583 την.

2034 5578 2171 5647 h_Sic
2190 5582 2339 5647 _Sa‘vil,
2370 5591 2429 5647 rel
2449 5583 2584 5635 Colb.
2633 5587 2698 5635 At
2723 5584 2897 5635 Morel.
2943 5543 3322 5647 magnum;
3356 5587 3493 5636 Infra
3508 5588 3650 5638 (ξοδδ.

1974 5642 2268 5708 ἀφένταςμέπὶ
2286 5644 2342 5708 τό
2361 5646 2713 5708 θυσιαστήριον.

2082 5703 2219 5779 Εοίί).
2244 5705 2399 5779 φιλίαν
2422 5706 2552 5755 αἰτεῖ
2575 5703 2688 5772 παρ’
2726 5711 2882 5772 ἡμῶν.
2912 5707 3038 5760 Ibid.
3076 5709 3210 5762 Colb.
3259 5716 3425 5775 σχῆμα
3463 5710 3663 5772 κολλάι

1975 5766 2401 5876 ιιὶῇσχῆὲαπολύ.
2479 5829 2493 5842 1

1967 5852 1982 5859 ·
2037 5838 2060 5891 ξι
2096 5830 2176 5891 μοι
2220 5864 2231 5875 .
2254 5844 2390 5891 μεχρι
2412 5844 2612 5891 τουτων.

2037 5889 2062 5928 ι(
2088 5890 2239 5938 Savil.
2258 5889 2475 5938 ’e(‘(lo|b.
2506 5890 2552 5937 τί
2575 5893 2672 5941 δαί.

2006 5949 2060 6020 .-ι
2081 5951 2238 6020 _COIb.
2268 5958 2320 5998 οι
2343 5951 2493 6020 Sayjl.
2515 5950 2564 6020 il}
2594 5961 2734 6020 lqqu
2762 5957 2817 6003 οὑ
2835 5961 3074 6020 παρεδόθη
3097 5962 3177 6008 καὶ
3201 5958 3533 6018 natarum-601);
3560 5956 3657 6009 Sa-

1970 6014 2049 6064 vil.
2079 6011 2127 6063 in
2153 6026 2302 6075 marg.
2332 6020 2384 6062 οι
2406 6013 2575 6065 Morel.
2605 6016 2659 6065 οὐ
2684 6011 2916 6077 κατελύθη
2937 6024 3014 6070 καὶ
3041 6011 3374 6081 κατεπατήθηι
