4116 6392
518 350 622 405 397

515 463 716 517 inducit
744 461 1081 532 supplicium.
1115 460 1204 516 Illa
1237 476 1394 531 porro
1435 459 1774 516 incredulitas
1806 461 2002 528 paritur
2027 475 2093 514 ex

514 554 737 622 segnitie
777 554 827 606 in
866 551 1217 621 exsequendis
1259 551 1539 608 mandatis.
1582 551 1713 606 Cum
1755 554 1894 606 enim
1937 553 2093 606 obse-

517 644 745 713 quentia:
771 644 1104 696 securitatem
1129 643 1281 696 nobis
1302 657 1614 713 comparare
1636 643 1901 707 nolumus,
1927 656 2095 708 neque

517 750 576 789 ea
608 733 779 788 facere
808 748 925 802 quze
955 743 1216 802 prmeepta
1251 743 1408 799 sunt,
1443 743 1499 787 ut
1532 733 1764 786 animum
1799 731 2094 786 futurorqu

519 837 660 878 metu
694 825 1012 887 liberemus,
1044 824 1380 878 conscientia:
1405 839 1567 878 onere
1593 824 1791 893 gravati
1823 832 1876 878 et
1905 824 2097 892 praero-

515 931 544 970 c
564 920 635 979 ili,
663 919 922 983 ingentem
949 917 1112 984 parati
1135 915 1380 984 supplicii
1411 925 1607 978 metum
1629 916 1859 983 ahjicere
1883 915 2098 968 studen-

518 1015 597 1060 tes
618 1048 633 1071 ,
669 1007 719 1059 in
750 1007 890 1060 aliud
915 1021 1012 1059 nus
1041 1007 1344 1060 barathrum
1377 1006 1671 1074 praecipites
1696 1005 1901 1075 agimus
1922 1047 1937 1070 ,
1969 1004 2093 1058 dum

521 1098 796 1150 tormentis
842 1099 943 1151 illis
986 1097 1140 1152 fidem
1183 1099 1518 1168 abrogamus.
1551 1099 1616 1150 At.
1652 1095 2094 1166 quemadmodum

518 1188 574 1254 ii,
605 1190 688 1255 qui
720 1187 940 1242 ardente
964 1186 1095 1241 febri
1127 1196 1387 1250 tenentur,
1417 1188 1624 1241 etiamsi
1651 1188 1702 1240 in
1727 1202 1890 1254 aquas
1916 1202 1973 1240 se
1999 1186 2094 1240 fri-

515 1277 662 1346 gidzts
691 1277 1035 1344 conjeceriut,
1067 1276 1491 1345 Itrwfoeationem
1520 1277 1661 1330 illam
1695 1292 1799 1330 non
1825 1277 2091 1341 amittunt,

515 1369 606 1423 sed
641 1384 833 1421 novum
862 1368 1115 1436 adjiciunt
1153 1368 1288 1437 ignis
1317 1368 1559 1419 ardorem
1585 1409 1600 1430 ,
1633 1368 1707 1420 sic
1747 1376 1800 1420 et
1839 1384 1932 1420 nos
1963 1383 2095 1420 cun-

515 1462 752 1516 scientia:
784 1462 1011 1516 stimulis
1040 1461 1253 1530 agitati,
1288 1461 1336 1514 in
1370 1459 1686 1530 hyperboies
1723 1460 1962 1528 euripum
1999 1474 2095 1513 nos

517 1556 847 1625 pra-cipitare
872 1555 1130 1625 cogimur,
1159 1565 1215 1608 ut
1239 1555 1413 1607 omnia
1443 1555 1491 1606 in
1523 1564 1788 1622 posterum
1811 1552 1926 1606 sine
1951 1561 2095 1606 metu

517 1654 730 1712 peccata
775 1645 1135 1699 admittamus.
1184 1643 1296 1697 Non
1340 1643 1511 1696 solum
1557 1643 1697 1697 enim
1747 1642 2094 1710 praesentibus

515 1735 793 1790 irascimur
823 1735 1074 1789 fratribus
1093 1776 1108 1800 ,
1138 1735 1231 1789 sed
1261 1735 1418 1788 etiam
1461 1750 1580 1787 cum
1620 1732 1924 1788 absentibus
1953 1748 2094 1800 smpc

516 1828 779 1898 litigamus
803 1846 818 1886 :
842 1829 980 1897 quod
1001 1843 1128 1884 sane
1149 1829 1370 1883 feritatis
1389 1841 1636 1881 excessus
1653 1835 1756 1880 est.
1780 1827 1842 1879 Et
1869 1825 2095 1894 majores

478 1927 483 1933 '
514 1921 724 1989 quidem
759 1922 1186 1990 potentioresque
1229 1923 1381 1973 nobis
1402 1960 1416 1982 ,
1447 1919 1652 1973 etiamsi
1685 1917 1892 1986 injuriis
1918 1929 2014 1969 nos
2042 1923 2097 1970 et

514 2013 850 2066 contumeliis
875 2012 1124 2074 afficiant,
1155 2027 1272 2066 cum
1302 2011 1663 2064 moderatione
1692 2023 1874 2076 magna
1907 2008 2096 2061 tolera-

516 2119 634 2157 llIIlS
653 2120 836 2159 eorum
861 2115 1002 2160 metu
1024 2103 1263 2162 cohibiti.
1283 2103 1511 2172 aequales
1533 2111 1708 2156 autem
1733 2100 2090 2165 inferiorcsve,

516 2213 583 2250 ne
610 2196 719 2251 laesi
751 2197 985 2266 quidem,
1012 2212 1319 2251 averSamur
1346 2205 1543 2251 tamen.
1566 2195 1792 2250 Tantum
1821 2194 2093 2248 hominum

518 2299 687 2344 metus
713 2290 911 2344 Christi
943 2291 1117 2344 timori
1149 2289 1423 2358 przevalet.

585 2384 640 2436 5.
683 2381 857 2450 Ecqua
889 2380 1101 2434 tandem
1128 2381 1279 2435 nobis
1306 2381 1488 2435 salutis
1516 2393 1660 2448 spes,
1690 2387 1888 2432 tantam
1919 2378 2096 2448 segni-

518 2474 666 2537 tiem,
685 2482 886 2526 tantum
903 2481 1263 2541 contemptum
1279 2471 1651 2526 exhibentibus
1666 2470 1690 2523 Ὺ
1706 2469 1992 2533 undenam,
2012 2469 2095 2523 dic

519 2565 683 2620 mihi?
709 2566 843 2632 Quid
865 2581 1046 2636 grave,
1069 2564 1195 2635 quid
1220 2579 1505 2619 onerosum
1523 2579 1561 2616 'a
1588 2562 1741 2616 nobis
1759 2563 1921 2631 exigit
1943 2561 2097 2615 Chri-

516 2658 669 2712 stus?
697 2657 772 2712 Ne
799 2657 1042 2712 irascaris
1064 2697 1080 2723 ,
1113 2657 1318 2726 inquit,
1362 2654 1510 2709 fratri
1541 2662 1630 2708 tuo
1660 2655 1776 2708 sine
1815 2667 1972 2707 causa
2000 2670 2013 2705 :
2045 2651 2095 2705 id

518 2765 678 2819 porro
697 2751 854 2820 longe
878 2749 1083 2803 facilius
1103 2756 1210 2814 est,
1228 2762 1383 2816 quam
1407 2747 1627 2800 alterum
1649 2743 1790 2798 ferre
1811 2745 1924 2797 sine
1939 2757 2096 2796 causa

518 2840 732 2893 iratum.
761 2839 833 2893 lbi
862 2839 1000 2892 enim
1039 2839 1146 2906 jam
1192 2844 1506 2905 congregata
1547 2843 1633 2889 est
1674 2834 1808 2902 ignis
1837 2833 2093 2895 materia;

518 2930 605 2984 hic
623 2945 748 2983 vero
774 2945 892 2983 eum
923 2929 1050 2982 nihil
1081 2942 1254 2981 causa:
1279 2927 1463 2988 subsit,
1495 2934 1548 2979 tu
1577 2925 1689 2993 ipse
1712 2921 1979 2976 ﬂammam
2001 2936 2096 2974 ae-

518 3023 724 3077 cendis.
757 3021 938 3090 Neque
967 3023 1107 3076 enim
1152 3035 1247 3090 par
1281 3035 1368 3074 res
1411 3027 1523 3082 est,
1558 3018 1664 3070 alio
1706 3015 1878 3070 facem
1908 3014 2095 3068 admo-

522 3125 674 3169 vente
697 3115 744 3167 id
772 3116 1016 3175 tolerare,
1048 3129 1216 3183 neque
1245 3110 1484 3175 accendi,
1513 3125 1574 3163 ac
1600 3109 1745 3162 nullo
1773 3109 2094 3171 concitante,

518 3210 816 3277 quiescere.
841 3209 1111 3278 Siquidem
1130 3209 1218 3277 qui
1242 3205 1367 3259 illud
1391 3219 1642 3272 superare
1665 3203 1852 3272 potuit,
1877 3217 2096 3256 summa:

520 3298 871 3368 philosophia:
913 3298 1290 3351 documentum
1330 3293 1573 3350 exhibuit
1614 3293 1746 3362 :qui
1790 3299 1966 3346 autem
1997 3291 2098 3346 hoc

520 3392 800 3460 praestitit,
833 3390 963 3444 nihil
993 3388 1345 3442 admiratione
1389 3385 1606 3454 dignum
1635 3383 1760 3452 egit.
1805 3381 1936 3436 Cum
1970 3396 2097 3450 ergo

520 3483 662 3551 quod
691 3482 860 3552 majus
883 3491 966 3536 est
995 3491 1212 3551 propter
1237 3487 1434 3533 metum
1465 3477 1736 3530 hominum
1763 3474 2094 3543 perlicimus,

519 3577 659 3647 quod
686 3585 862 3630 autem
891 3575 1067 3628 minus
1091 3581 1304 3643 propter
1333 3571 1424 3625 Dei
1449 3571 1692 3624 timorem
1721 3575 1975 3638 prazstare
2002 3580 2097 3619 no-

520 3671 731 3732 lamus;
763 3666 1030 3738 perpende
1061 3673 1258 3735 quanto
1286 3661 1543 3731 supplicio
1562 3701 1578 3727 ,
1607 3667 1805 3728 quanto
1839 3655 2096 3712 cruciatui

521 3775 622 3814 nos
643 3760 902 3813 obnoxios
923 3758 1330 3812 constituamus.
1353 3753 1592 3808 Fratrem
1618 3764 1776 3821 porro
1796 3765 1900 3803 non
1922 3765 2100 3818 mqua-

521 3853 624 3908 lem
645 3895 659 3916 ,
692 3868 796 3906 non
826 3852 1050 3905 liberum
1079 3859 1280 3902 tantum
1323 3861 1440 3900 esse
1481 3854 1663 3915 putes,
1697 3842 1790 3897 sed
1827 3843 1983 3896 etiam
2016 3840 2096 3894 fa-

522 3944 720 3998 mulum
743 3960 757 3998 :
779 3941 916 3995 Nam
940 3941 991 3994 in
1021 3939 1220 3994 Christo
1238 3937 1363 3992 Jestt
1379 3953 1532 4005 neque
1557 3951 1728 3988 servus
1751 3949 1906 4002 neque
1935 3931 2056 3985 liber
2079 3932 2096 3962 ί

525 4035 674 4106 (Gal.
729 4035 779 4088 3.
821 4032 889 4086 28
922 4033 973 4102 ),
1010 4029 1300 4085 secundum
1325 4027 1634 4096 Apostolum
1670 4042 1683 4078 :
1722 4025 1792 4076 ita
1835 4034 1885 4077 ut
1924 4023 1967 4075 si
2016 4021 2098 4075 vel

523 4137 708 4180 contra
737 4125 960 4179 famulos
985 4124 1100 4177 sine
1127 4136 1286 4176 causa
1313 4119 1650 4182 ferociamus,
1676 4115 1888 4170 easdem
1914 4130 2097 4184 poenas

523 4216 695 4270 daturi
723 4214 890 4268 simus
925 4232 938 4268 :
968 4228 1090 4266 nam
1123 4212 1213 4264 ille
1240 4224 1449 4279 quoque
1478 4207 1640 4260 frater
1669 4215 1768 4270 est,
1797 4214 1852 4259 et
1876 4219 2000 4259 vera
2031 4204 2096 4257 li-

525 4307 731 4362 bertate
760 4307 1004 4370 donatus,
1036 4317 1156 4357 eum
1189 4317 1351 4356 unum
1378 4298 1728 4366 eumdemque
1758 4295 1948 4350 habeat
1975 4294 2095 4364 Spi-

525 4401 685 4454 ritum
728 4401 770 4452 ².
815 4398 945 4465 Quis
993 4397 1170 4464 itaque
1214 4393 1377 4446 vitam
1421 4389 1563 4443 omni
1603 4384 1840 4442 convicio
1877 4401 2096 4455 puram,

527 4493 604 4546 ira
637 4488 986 4546 irrationabili
1022 4497 1112 4540 aut
1156 4484 1296 4538 inani
1326 4495 1544 4536 vacuam
1589 4477 1844 4534 exhibere
1885 4475 2100 4545 potest?

526 4585 634 4640 Nec
663 4584 792 4638 mihi
834 4581 1134 4651 quempiam
1178 4577 1411 4645 alleges,
1441 4573 1523 4627 cui
1569 4571 1683 4624 haec
1716 4585 1836 4622 raro
1863 4567 2098 4636 contige-

527 4681 668 4743 rint,
698 4676 791 4731 sed
819 4675 906 4745 qui
950 4675 998 4726 in
1040 4689 1101 4727 ea
1132 4683 1416 4738 numquam
1448 4663 1691 4719 inciderit
1719 4678 1732 4714 :
1765 4661 1934 4715 donec
1958 4659 2100 4712 enim

529 4771 579 4824 id
609 4768 762 4822 nobis
786 4763 1105 4827 ostenderis,
1129 4776 1237 4814 non
1270 4760 1388 4812 ideo
1415 4772 1544 4810 sane
1573 4755 1744 4808 minas
1768 4754 1973 4805 Solvere
2002 4765 2100 4819 pu-

529 4864 656 4917 tcris
694 4859 833 4928 quod
870 4857 970 4911 hoc
999 4870 1102 4908 non
1141 4852 1448 4921 frequenter
1471 4846 1745 4902 acciderit.
1777 4843 1982 4898 Etenim
2012 4842 2102 4910 qui

529 4954 752 5015 furatur,
784 4949 868 5004 vel
897 4947 983 5018 qui
1013 4945 1300 5001 fornicatur
1323 4982 1340 5006 ,
1371 4939 1471 4995 etsi
1498 4938 1667 4991 semel
1697 4936 1750 4989 in
1786 4935 1888 4988 hoc
1917 4947 2104 5002 pecea-

530 5060 638 5101 tum
663 5042 915 5103 incidant,
940 5054 1044 5094 non
1072 5038 1188 5091 ideo
1216 5033 1478 5106 supplicio
1502 5031 1812 5091 liberantur,
1835 5025 1974 5096 quod
1998 5039 2101 5078 non

543 5133 834 5208 ‘i'equenter
864 5133 916 5188 id
964 5129 1348 5201 perpetrarint,
1374 5124 1467 5180 sed
1510 5123 1631 5193 quia
1662 5121 1742 5175 vel
1788 5118 1950 5173 semel
1989 5115 2103 5170 ausi

534 5238 656 5287 sunt
677 5272 692 5296 ,
724 5230 1029 5299 puniuntur.
1062 5222 1212 5288 Quod
1251 5230 1427 5276 autem
1464 5226 1646 5286 postea
1685 5215 1955 5283 sequitur,
1987 5210 2101 5278 quis

533 5338 661 5387 non,
691 5321 790 5375 etsi
821 5316 1049 5372 inﬁdelis
1077 5316 1179 5377 sit,
1222 5311 1450 5365 fabulam
1473 5322 1592 5362 esse.
1619 5312 1845 5373 reputet,
1873 5317 1991 5356 cum
2023 5299 2109 5352 vi-

532 5424 652 5470 deat
678 5429 707 5466 a
729 5411 881 5466 nobis
905 5424 1026 5464 cum
1055 5415 1198 5461 tanta
1225 5402 1554 5460 vehementia
1580 5398 1803 5453 violari?
1827 5395 1957 5450 Nam
1983 5410 2102 5448 cum

597 5509 612 5536 '
649 5503 784 5552 Plura
805 5501 989 5563 legisse
1006 5499 1197 5563 videtur
1219 5501 1360 5545 vetus
1380 5493 1643 5563 interpres,
1656 5487 1740 5563 qui
1752 5483 2107 5563 tn

533 5565 720 5616 Christo
741 5557 886 5613 enim'
889 5573 1039 5624 neque
1061 5558 1278 5624 Judteus,
1308 5565 1460 5612 neque
1481 5559 1706 5624 ,σι-φαμι,
1724 5557 2111 5624 perﬁcienti-ui,

534 5613 686 5689 neque
703 5625 842 5689 liber,
866 5613 1017 5689 neque
1030 5613 1287 5679 masculus,
1301 5627 1452 5678 neque
1473 5613 1674 5676 fenum;
1687 5613 1772 5660 sea
1788 5618 1949 5656 anates
1962 5617 2107 5654 imum

533 5685 694 5739 sunms
717 5687 766 5737 in
788 5685 988 5736 Christo.
1472 5734 1486 5740 _
1535 5735 1545 5740 _
1625 5724 1685 5740 ,n
1728 5727 1784 5740 ..

604 5724 1428 5807 1"ml-iliriiri-iiii;inuameamdemque
1462 5724 2104 5807 habeat‘neque

538 5812 588 5861 in
605 5791 1164 5872 Salvi-Iraequeincoli).
1184 5791 1385 5866 legitur,
1407 5798 1494 5847 sed
1518 5797 1567 5845 in
1591 5791 1751 5843 litorei.
1779 5798 1975 5840 tantum.

1362 349 1449 403 DE
1488 346 2028 411 COMPUNCTIONE,
2072 344 2160 400 AD
2191 345 2608 404 DEMETRIUM.
2653 347 2782 404 LIB.
2825 349 2866 405 Ι.
3665 364 3771 425 δςῃ

3665 391 3696 417 ο

2202 457 2340 514 Deus
2365 459 2507 514 dicat
2533 477 2547 512 :
2582 459 2645 516 Si
2670 460 2822 527 olfers
2845 477 3028 521 munus
3055 473 3194 518 tuum
3215 466 3284 519 ad
3308 468 3488 534 altare,
3520 481 3565 524 et
3592 473 3658 526 ibi
3687 493 3772 529 re-

2199 550 2434 604 cordatus
2459 554 2615 622 ftteris
2639 554 2759 623 quia
2786 555 2945 624 frater
2968 565 3084 611 tuus
3113 556 3256 612 habet
3293 561 3487 630 aliquid
3507 564 3773 622 adversum

2201 651 2248 695 te
2269 681 2285 707 ,
2311 643 2536 712 relinque
2560 643 2630 696 ibi
2657 661 2836 699 munus
2866 655 3005 698 tuum
3033 657 3150 701 ante
3187 649 3346 704 altare
3368 693 3382 716 ,
3411 661 3458 705 et
3480 654 3604 708 vade
3631 658 3776 725 prius

2199 734 2519 788 reconciliari
2539 737 2690 805 fratri
2719 745 2823 803 tuo,
2850 746 2898 790 et
2923 746 3040 790 tunc
3061 739 3258 793 veniens
3279 739 3406 808 olfer
3426 760 3606 799 munus
3631 757 3776 802 tuum

2204 823 2421 895 (Matth.
2446 826 2496 878 5.
2515 826 2606 880 25.
2627 826 2732 894 ‘24)
2754 845 2766 879 :
2789 842 2885 881 nos
2908 829 3039 882 bella
3065 839 3248 883 mutuo
3269 845 3534 901 gerentes,
3553 846 3607 890 et
3625 839 3775 892 exul-

2199 918 2360 971 cerati
2385 919 2580 983 animo,
2607 919 2673 972 ad
2699 921 2883 975 altaria
2907 919 3229 977 accedimus.
3255 927 3329 979 Ac
3351 942 3471 980 cum
3503 927 3640 982 Deus
3661 940 3776 983 tan-

2202 1017 2305 1062 tam
2333 1010 2775 1066 reconciliationis
2796 1023 2989 1068 nostrae
3014 1029 3195 1070 curam
3227 1017 3435 1083 habeat,
3463 1027 3520 1072 ut
3545 1022 3776 1090 patiatur

2199 1101 2514 1155 sacrificium
2533 1116 2685 1156 suum
2709 1103 3074 1172 imperfectum
3097 1123 3331 1173 manere,
3350 1119 3403 1164 et
3422 1111 3775 1168 ministerium

2201 1189 2549 1259 interrumpi,
2587 1193 2760 1248 donec
2798 1195 3068 1249 inimicitia
3109 1206 3163 1251 et
3199 1198 3274 1251 ira
3316 1200 3642 1268 deponatur,
3675 1219 3773 1258 nos

2199 1297 2311 1334 rem
2343 1282 2410 1336 ita
2437 1281 2589 1338 ﬂocci
2616 1284 2857 1352 facimus,
2890 1295 2946 1340 ut
2969 1288 3156 1356 capitis
3183 1291 3350 1344 nostri
3375 1290 3571 1348 damno
3596 1294 3776 1351 multis

2199 1373 2384 1428 diebus
2415 1375 2741 1432 inimicitiam
2778 1394 3072 1433 servemus.
3120 1381 3300 1451 Neque
3345 1383 3625 1440 iracundus
3653 1397 3772 1441 tau-

2201 1474 2308 1518 tmn
2339 1466 2518 1534 plectit
2545 1468 2704 1531 Deus,
2727 1470 2820 1524 sed
2849 1472 3005 1525 etiam
3029 1487 3124 1526 eos
3151 1474 3239 1543 qui
3270 1475 3565 1544 hujusmodi
3589 1480 3779 1534 morbo

2199 1558 2349 1612 liberi
2379 1559 2612 1615 offensos
2649 1563 2835 1616 fratres
2865 1563 3154 1634 negligunt.
3186 1565 3320 1634 Quia
3352 1568 3493 1621 enim
3526 1569 3772 1626 lassorum

2198 1660 2278 1703 est
2302 1650 2476 1716 irasci,
2503 1651 2547 1704 is
2571 1666 2720 1717 vero,
2741 1653 2829 1721 qui
2859 1653 3046 1722 injuria
3069 1654 3252 1720 afficit,
3277 1672 3380 1710 non
3410 1658 3478 1712 ita
3503 1658 3653 1715 facile
3674 1660 3781 1716 hoc'

2199 1739 2385 1793 morbo
2401 1742 2658 1810 capiatur,
2680 1743 2798 1796 ideo
2818 1743 2957 1798 hunc
2976 1744 3040 1798 ad
3063 1745 3212 1799 illum
3233 1746 3464 1811 adducit,
3483 1750 3780 1806 ostendens-

2199 1847 2356 1901 poma
2379 1833 2670 1903 digniorem
2692 1849 2810 1890 esse
2832 1851 2951 1889 eum
2979 1836 3068 1906 qui
3099 1839 3298 1906 peccati
3323 1840 3552 1895 radicem
3576 1843 3776 1912 posuit.

2198 1925 2268 1977 At
2294 1938 2390 1977 nos
2418 1940 2485 1978 ne
2514 1925 2592 1979 sic
2619 1926 2832 1995 quidem
2859 1927 3224 1992 emendamur,
3253 1929 3344 1984 sed
3368 1946 3464 2000 pro
3493 1931 3782 1989 levissimis»

2198 2017 2356 2068 etiam
2375 2016 2533 2070 rebus
2546 2017 2730 2070 fratres
2744 2018 3120 2074 contristamus
3137 2037 3150 2072 :
3167 2019 3357 2075 deinde
3369 2036 3431 2076 ac
3444 2022 3486 2076 si
3502 2022 3631 2077 nihil
3653 2041 3779 2077 mn-

2200 2105 2365 2160 lestia:
2379 2107 2725 2172 iutulerimus,
2745 2109 2811 2162 ita
2827 2109 3156 2178 negligimus,
3171 2111 3367 2164 illatam
3383 2111 3625 2180 injuriam
3637 2113 3773 2168 obli-

2198 2196 2337 2250 vioni
2359 2197 2567 2259 damus,
2597 2198 3026 2267 inimicitiamque
3053 2201 3103 2254 iu
3127 2200 3338 2270 longum
3369 2210 3576 2270 tempus
3600 2213 3776 2258 extra-

2197 2298 2334 2340 ctam
2370 2287 2716 2357 despicimus,
2748 2289 3049 2356 ignorantes
3077 2299 3222 2344 tanto
3251 2291 3422 2359 majus
3449 2309 3543 2345 nos
3572 2295 3776 2363 suppli-

2198 2381 2336 2434 cium
2363 2380 2588 2434 luituros
2616 2395 2756 2444 esse,
2792 2391 2988 2448 quanto
3013 2382 3250 2449 pluribus
3287 2382 3473 2437 diebus
3509 2386 3775 2440 mmstitia:

2199 2473 2372 2527 locum
2414 2473 2748 2537 dederimus,
2796 2481 2850 2527 et
2900 2473 3001 2528 hoc
3045 2475 3189 2542 ipso,
3235 2483 3289 2530 et
3330 2476 3471 2545 quod
3509 2477 3781 2533 difficilior

2201 2576 2380 2635 postea
2416 2566 2472 2620 lit
2496 2566 2875 2620 reconciliatio.
2903 2566 3357 2634 Quemadmodum
3378 2568 3519 2623 enim
3543 2569 3783 2624 amicitiai

2199 2657 2561 2725 ubstringeute
2583 2698 2596 2721 ,
2629 2658 2756 2710 nihil
2784 2657 2938 2711 facile
2963 2657 3260 2712 distrahere
3284 2698 3300 2723 ,
3334 2659 3463 2712 nihil
3489 2659 3782 2714 adversum

2200 2750 2343 2804 credi
2365 2752 2576 2819 poterit,
2596 2751 2673 2804 sic
2698 2750 2970 2805 inimicitia
2992 2751 3198 2805 animos
3225 2759 3773 2822 nostros-oceupante,

2200 2843 2375 2896 omnia
2401 2843 2571 2897 facilia
2595 2851 2649 2897 et
2673 2842 2827 2896 obvia
2859 2852 2982 2896 sunt
3014 2843 3078 2896 iis
3101 2885 3114 2906 ,
3139 2843 3230 2911 qui
3267 2843 3433 2896 rixam
3460 2858 3655 2913 augere
3682 2859 3778 2899 ve-

2200 2933 2318 2998 lint,
2349 2948 2470 2987 cum
2498 2933 2636 2986 bona
2665 2932 2882 2986 minime
2903 2972 2917 2996 ,
2949 2931 3082 2984 mala
3109 2947 3235 2984 vero
3259 2932 3429 2984 solum
3469 2932 3774 2986 credantur.

2201 3023 2328 3078 ldeo
2348 3023 2498 3092 jubet
2519 3063 2535 3088 ,
2563 3023 2703 3077 dono
2736 3023 2802 3075 ad
2833 3023 3000 3076 altare
3023 3021 3244 3075 dimisso
3273 3022 3419 3090 prius
3445 3023 3777 3078 reconciliari

2201 3114 2371 3178 fratri,
2397 3123 2453 3168 ut
2472 3115 2760 3181 discamus,
2785 3114 2826 3167 si
2852 3114 2902 3167 in
2926 3114 3016 3167 illo
3039 3123 3275 3182 tempore
3291 3115 3782 3170 reconciliationem

2200 3207 2414 3262 differre
2451 3223 2554 3260 non
2584 3207 2770 3272 liceat,
2807 3205 2975 3259 multo
3015 3206 3188 3259 minus
3227 3206 3387 3260 licere
3416 3206 3468 3261 in
3503 3208 3642 3261 aliis.
3671 3207 3783 3262 Nos

2201 3313 2328 3352 vero
2356 3297 2594 3369 symbola
2623 3296 2836 3367 quidem
2867 3312 3043 3350 rerum
3071 3306 3310 3350 tenemus
3336 3337 3350 3362 ,
3377 3313 3407 3351 a
3443 3297 3663 3351 veritate
3683 3313 3777 3352 au-

2202 3399 2306 3446 tem
2340 3391 2450 3458 ipsa
2480 3389 2795 3452 excidimus,
2825 3388 2950 3442 dum
2981 3402 3076 3442 nos
3098 3398 3221 3442 ante
3248 3388 3368 3442 doni
3391 3387 3602 3458 quidem
3625 3389 3781 3442 obla-

2201 3482 2399 3536 tionem
2427 3490 2610 3534 mutuo
2639 3480 3028 3548 amplectimur,
3059 3477 3151 3532 sed
3180 3478 3331 3533 labiis
3364 3477 3563 3532 tantum
3605 3486 3660 3532 et
3684 3493 3787 3534 ore

2201 3576 2253 3631 id
2280 3576 2502 3646 agimus.
2534 3575 2601 3628 At
2624 3587 2730 3628 non
2761 3573 2810 3626 id
2841 3573 3011 3627 solum
3033 3572 3145 3625 vult
3171 3571 3446 3636 Dominus,
3470 3569 3561 3624 sed
3587 3571 3781 3624 animae

2199 3668 2359 3722 etiam
2381 3665 2616 3722 osculum
2639 3673 2693 3717 et
2720 3663 3017 3733 amplexum
3041 3661 3216 3716 cordis
3239 3661 3479 3728 proximo
3503 3660 3650 3714 dari:
3677 3660 3786 3715 hoc

2201 3761 2348 3815 enim
2376 3773 2504 3814 vere
2546 3757 2792 3825 amplecti
2839 3755 3061 3819 dicitur;
3109 3753 3238 3808 illud
3279 3769 3404 3806 vero
3435 3753 3584 3822 quasi
3619 3767 3786 3808 scena

2201 3851 2443 3922 quaedam
2481 3859 2535 3904 et
2573 3850 2716 3904 larva
2758 3846 2978 3900 dicenda
3019 3855 3132 3912 est,
3164 3847 3232 3899 ita
3269 3853 3325 3899 ut
3349 3846 3436 3914 qui
3471 3845 3548 3899 sic
3575 3845 3780 3899 oscula-

2204 3953 2308 4008 tur,
2339 3941 2506 4011 magis
2534 3941 2699 3994 Deum
2729 3939 2899 3993 irritet
2926 3952 3081 4007 quam
3116 3937 3304 4006 placet.
3335 3935 3606 3990 Sinceram
3635 3937 3786 3991 enim

2201 4045 2256 4090 et
2283 4035 2547 4089 radicibus
2577 4033 2779 4086 firmam
2821 4030 3104 4084 amicitiam
3135 4029 3355 4098 requirit
3390 4045 3418 4082 a
3451 4030 3602 4083 nobis
3625 4072 3640 4095 ,
3672 4047 3779 4085 non

2203 4127 2340 4180 hanc
2380 4125 2532 4193 cujus
2578 4124 2810 4192 speciem
2867 4131 2923 4176 et
2961 4121 3304 4174 simulacrum
3356 4120 3622 4189 quoddam
3671 4123 3780 4176 cir-

2196 4215 2578 4279 eumferimus,
2607 4215 2708 4268 vim
2752 4222 2927 4266 autem
2970 4226 3182 4265 omnem
3219 4211 3603 4272 exstinximus.
3639 4211 3789 4281 qundI

2203 4319 2258 4364 et
2298 4311 2468 4378 ipsum
2525 4306 2776 4361 iudicium
2823 4312 2906 4358 est
2956 4318 3173 4366 earum,
3215 4301 3406 4371 quibus
3452 4301 3787 4368 detinentur,

2205 4401 2564 4469 iniquitatum.
2594 4394 2731 4449 Nam
2748 4394 2985 4464 quoniam
3010 4392 3281 4445 abundavit
3308 4392 3565 4460 iniquitas,
3591 4392 3778 4461 inquit,

2203 4491 2490 4560 refrigescet
2512 4487 2696 4540 caritas
2722 4485 2992 4537 institorum
3022 4481 3246 4552 (Matth.
3280 4482 3370 4536 24.
3418 4480 3542 4552 12).
3577 4482 3642 4536 Ει
3671 4485 3791 4536 Ιιειιο·

2203 4584 2406 4653 agimus
2428 4580 2688 4644 homines,
2715 4577 2905 4646 quibus
2926 4575 3140 4628 vetitum
3168 4583 3250 4629 est
3273 4575 3352 4628 vel
3380 4574 3557 4638 irasci,
3582 4575 3662 4628 vel
3688 4574 3790 4628 ini-

2205 4673 2372 4729 niieos
2401 4671 2596 4726 habere
2628 4669 2901 4738 quospiam
2935 4683 2948 4718 :
2980 4672 3072 4719 aut
3098 4665 3142 4718 si
3174 4663 3308 4718 forte
3348 4664 3638 4718 habeamus
3661 4705 3676 4729 ,
3715 4664 3790 4718 ad-

2205 4780 2366 4819 unum
2395 4771 2598 4817 tantum
2624 4759 2761 4813 diem
2790 4757 2986 4811 habere
3017 4755 3370 4824 permittimur
3405 4772 3418 4808 :
3447 4753 3560 4816 Sol,
3595 4755 3791 4822 inquit,

2205 4873 2306 4909 non
2335 4853 2526 4908 occidat
2555 4867 2706 4918 super
2733 4847 3048 4902 iracundiam
3073 4853 3285 4898 vestram
3315 4842 3332 4914 (
3356 4842 3545 4914 Ephes.
3574 4845 3628 4897 4.
3653 4843 3723 4898 26
3741 4855 3789 4913 ).

2204 4947 2386 5016 Neque
2428 4943 2515 4998 hic
2541 4940 2924 5003 consistimus,
2957 4936 3050 4990 sed
3090 4943 3143 4989 et
3178 4934 3395 4988 insidias
3431 4935 3518 4988 alii
3561 4935 3610 4986 in
3652 4935 3794 4988 alios-

2206 5037 2459 5091 struimus
2478 5074 2498 5099 ,
2526 5042 2580 5088 ct
2606 5031 2781 5086 verbis
2805 5038 2859 5083 et
2883 5028 3046 5098 gestis
3076 5027 3271 5080 nostris
3304 5023 3552 5078 membra.
3577 5025 3793 5093 propria

2208 5127 2515 5183 mordentes
2531 5139 2593 5176 ac
2613 5122 2931 5176 devorantes
2955 5135 2968 5170 :
2992 5115 3132 5187 quod
3155 5116 3335 5184 utique
3349 5123 3545 5184 apertae
3569 5115 3794 5168 insanias

2198 5227 2305 5277 est.
2337 5218 2546 5274 Etenim
2592 5212 2909 5268 insanabiles
2950 5209 3312 5264 dminoniacos
3349 5215 3404 5261 et
3433 5206 3658 5260 furiosos
3687 5206 3792 5259 hoc

2209 5313 2435 5366 maxime
2463 5309 2615 5378 signo
2641 5303 3016 5373 dignoseimus.
3055 5298 3190 5365 Quid
3217 5305 3393 5362 autem
3419 5296 3489 5350 de
3512 5296 3627 5364 lege
3646 5296 3795 5350 circa

2207 5402 2593 5465 adversarium,
2616 5399 2755 5453 circa
2783 5395 3106 5465 illegitimam
3133 5389 3642 5460 concupiscentiam,
3664 5403 3793 5440 ocu-

2210 5497 2288 5550 lus
2310 5492 2624 5564 impudicos,
2643 5488 2928 5542 amicitiam
2950 5482 3362 5539 irrationabilem
3383 5489 3437 5536 et
3457 5479 3794 5543 damnosam,

2209 5585 2480 5643 dicemus?
2507 5583 2705 5638 Oculus
2732 5580 2872 5635 enim
2911 5577 3101 5633 dexter
3135 5583 3190 5631 et
3230 5589 3417 5629 manus
3459 5572 3645 5627 dextra
3684 5586 3795 5626 non

2209 5681 2350 5736 aliud
2377 5680 2528 5733 nobis
2558 5674 2892 5731 subindicant
2913 5715 2927 5735 ,
2959 5687 3116 5741 quam
3147 5686 3241 5725 eos
3269 5670 3355 5739 qui
3384 5668 3582 5724 damno
3606 5674 3796 5720 nostro

2203 5788 2315 5829 .nos
2334 5778 2532 5826 amant.
2559 5767 2664 5822 Lex
2689 5780 2816 5822 vero
2840 5765 2905 5821 de
2928 5762 3212 5833 repudiatis
3235 5760 3506 5828 uxoribus,
3528 5774 3554 5812 a
3581 5755 3796 5827 quibus-
