4116 6392
339 345 443 398 5’“9
1005 340 1062 395 S.
1098 335 1376 393 .IOANNIS
1415 329 1880 389 CllRYSOSTOMl
1913 329 2231 386 ABCHIEP.
2271 328 2810 387 CONSTANTINOP.
3504 326 3608 383 ιοο

341 474 465 513 nam
509 472 615 511 non
677 458 873 512 violata
928 464 982 510 et
1033 456 1353 510 conculcata
1405 452 1715 520 frequenter
1770 449 1921 503 fuit?

330 572 342 661 ἱ
415 553 469 605 4.
509 547 639 605 Nam
669 550 814 617 leges
838 546 905 601 de
934 560 1039 600 uon
1071 543 1300 615 iurando
1325 540 1582 596 erubesco
1601 537 1839 609 proferre
1867 536 1919 589 in

410 641 573 661 Unda-
628 656 726 661 η-.-
754 638 923 661 --ι--...
950 637 1012 661 -r.
1045 636 1337 661 :.._............
1389 631 1482 661 -MI
1514 631 1671 661 nl:nm
1701 628 1771 661 ,ιιι
1797 642 1919 661 mn-

347 641 600 707 medium,
627 656 731 694 non
751 638 926 694 solum
947 637 1015 691 ob
1037 636 1362 705 juramenta,
1389 631 1484 689 sed
1512 631 1671 686 etiam
1701 628 1771 683 ob
1797 642 1919 697 per-

341 734 475 804 jnria
502 731 822 799 frequentia.
855 730 1064 784 Etenim
1101 726 1148 781 si
1174 726 1376 796 jurare,
1408 723 1508 779 etsi
1535 737 1683 785 vere,
1716 720 1918 773 crimen

342 832 444 887 est,
482 834 537 879 et
575 822 823 892 praecepti
865 819 1254 891 praevaricatio,
1297 816 1584 885 perjurinm
1628 812 1714 868 ubi
1758 825 1920 881 pone-

343 915 503 970 mus?
531 916 660 970 Etsi
691 914 743 969 id
766 913 907 985 quod
933 922 1003 967 est
1032 922 1082 968 et
1113 928 1214 965 non
1234 909 1443 964 excedit
1474 907 1685 978 (Matth.
1716 906 1768 961 5.
1799 902 1916 973 37),

342 1023 373 1060 a
402 1007 543 1060 malo
578 1015 679 1068 est,
710 1004 848 1075 quod
877 1003 977 1058 hoc
998 1003 1156 1057 etiam
1187 1008 1491 1070 exsuperat,
1517 1013 1547 1052 a
1571 1012 1676 1066 quo
1707 995 1917 1050 tandem

340 1097 480 1152 erit?
505 1096 703 1151 Deinde
733 1111 860 1151 vero
896 1096 971 1149 ait
996 1111 1013 1150 :
1045 1094 1105 1149 Si
1130 1095 1239 1161 quis
1265 1103 1311 1146 te
1347 1091 1639 1162 percusserit
1663 1090 1716 1143 in
1747 1089 1921 1143 dexte-

342 1206 453 1244 ram
499 1188 783 1252 maxillam,
826 1197 1056 1241 converte
1081 1187 1161 1241 illi
1199 1195 1246 1239 et
1274 1183 1524 1239 alteram:
1553 1191 1599 1236 et
1636 1183 1680 1236 ei
1707 1182 1793 1251 qui
1818 1181 1921 1234 vult

338 1291 502 1334 tecum
519 1280 716 1351 judicio
744 1279 1061 1344 contendere,
1092 1289 1138 1332 et
1179 1278 1400 1330 tunicam
1440 1284 1580 1328 tuam
1608 1275 1798 1336 tollere,
1842 1273 1918 1325 di-

340 1375 478 1425 mitte
506 1374 551 1425 ei
577 1382 625 1426 et
666 1372 879 1439 pallium
904 1387 922 1425 :
946 1382 991 1424 et
1021 1372 1317 1440 quicumque
1354 1377 1400 1420 te
1427 1366 1760 1436 angnriaverit
1785 1365 1922 1418 mille

342 1481 539 1534 passus,
566 1464 691 1517 vade
712 1481 826 1517 cum
850 1464 940 1516 illo
963 1474 1008 1517 et
1036 1463 1159 1515 duo.
1192 1461 1292 1528 Qui
1318 1463 1489 1530 petita
1519 1471 1584 1521 te,
1613 1458 1680 1511 da
1704 1459 1749 1510 ei
1774 1473 1793 1511 :
1818 1467 1865 1510 et
1890 1473 1922 1509 a

340 1560 533 1613 volente
561 1558 782 1611 mutuari
808 1575 841 1611 α
871 1566 936 1619 te,
966 1573 1027 1610 ne
1067 1555 1309 1608 averteris
1342 1553 1552 1626 (Matth.
1582 1553 1636 1607 5.
1670 1552 1757 1607 59.
1805 1551 1915 1618 42).

340 1649 478 1716 Quid
506 1649 573 1703 ad
603 1649 718 1702 hinc
762 1648 864 1701 dici
905 1645 1123 1716 potest?
1150 1646 1252 1699 Pro
1294 1644 1517 1714 singulis
1557 1643 1699 1698 enim
1746 1642 1921 1711 hujus-

341 1740 484 1794 modi
519 1739 676 1793 dictis
711 1747 878 1793 re5tat
902 1739 1075 1792 solum
1119 1746 1176 1789 ut
1202 1736 1445 1798 fleamus,
1484 1743 1540 1789 et
1581 1733 1782 1803 pudore
1811 1730 1922 1786 suf-

341 1830 627 1887 fundamur
658 1848 670 1883 :
702 1830 774 1883 ita
805 1844 871 1883 ex
895 1829 1159 1882 diametro
1196 1827 1494 1897 oppositam
1534 1825 1671 1878 viam
1717 1833 1921 1879 sectan-

339 1931 437 1987 tes,
478 1920 714 1990 judiciis,
762 1920 970 1989 pugnis,
1019 1919 1198 1973 litibus
1247 1927 1301 1971 et
1344 1917 1477 1971 rixis
1516 1932 1674 1971 omne
1713 1924 1921 1985 tempus

340 2015 691 2074 insumentes,
732 2029 798 2066 ne
826 2012 1097 2067 minimam
1126 2010 1337 2080 quidem
1362 2019 1454 2063 aut
1481 2025 1655 2063 rerum
1684 2019 1777 2061 aut
1804 2024 1923 2062 ver-

338 2105 528 2159 borum
568 2104 870 2158 molestiam
907 2103 1222 2167 toleramus,
1268 2101 1361 2156 sed
1393 2101 1475 2155 vel
1516 2116 1611 2166 pro
1639 2100 1920 2154 levissimis

338 2195 648 2251 ferocimus.

410 2286 734 2358 Evangelicte
783 2285 897 2340 vita:
938 2285 1196 2355 perfectio.
1234 2314 1306 2326 —
1346 2283 1497 2350 Quod
1545 2282 1589 2338 si
1643 2282 1919 2353 quospiam

339 2378 579 2448 proferre
610 2379 802 2448 possis,
850 2377 938 2446 qui
995 2377 1158 2430 multa
1200 2377 1519 2446 pauperibus
1547 2377 1836 2444 erogarint,
1866 2384 1922 2430 et

340 2480 524 2539 postea
569 2469 896 2539 paupertatis
939 2483 1099 2523 causa
1147 2468 1200 2523 in
1244 2476 1604 2537 contemptum
1656 2467 1917 2531 venerint,

335 2561 724 2629 iunumeraque
750 2560 886 2612 mala
921 2558 1158 2627 perpessi
1195 2559 1320 2623 sint,
1353 2573 1551 2626 paucos
1591 2558 1919 2612 rarissimus-

337 2665 443 2718 que
479 2649 613 2704 tales
656 2649 996 2713 numerabis;
1033 2657 1263 2702 attamen
1314 2648 1533 2715 nullum,
1575 2650 1784 2718 qualem
1834 2650 1920 2705 hic

337 2741 709 2807 describimus,
733 2740 1107 2812 philosophum
1134 2739 1381 2795 ostendes
1410 2757 1423 2792 :
1451 2740 1565 2794 lucc
1593 2741 1786 2810 quippe
1813 2741 1916 2794 vita

339 2834 494 2904 longe
532 2833 700 2902 magis
737 2848 893 2901 quam
944 2831 1029 2885 illa
1065 2831 1355 2901 Spiritualis
1399 2840 1503 2885 est.
1554 2830 1737 2900 Neque
1776 2832 1917 2886 enim

338 2924 541 2994 aequale
571 2932 655 2977 est
695 2931 883 2992 sponte
921 2921 1120 2991 largiri,
1149 2930 1203 2975 et
1226 2922 1473 2976 omnibus
1508 2922 1790 2992 Spoliatum
1821 2936 1916 2991 pa-

339 3015 535 3069 tienter
558 3013 717 3068 ferre.
750 3013 946 3082 Ecquid
975 3012 1095 3067 dico
1134 3012 1310 3067 ferre?
1340 3028 1462 3066 nam
1488 3013 1630 3082 quod
1671 3013 1917 3068 Christus

335 3105 468 3160 dixit
488 3105 588 3159 hoc
612 3105 765 3174 longe
797 3105 1133 3172 prasstantius
1159 3112 1280 3158 est:
1311 3104 1568 3174 siquidem
1600 3119 1778 3160 sermo
1804 3105 1918 3174 ejus

339 3197 588 3251 laesorum
617 3196 825 3249 animos
865 3196 933 3250 ab
960 3197 1035 3248 ira
1079 3205 1264 3250 contra
1291 3195 1549 3250 laedentes
1579 3211 1747 3264 usque
1782 3196 1919 3250 adeo

336 3288 548 3351 avertit,
592 3296 782 3342 utnon
829 3286 987 3341 modo
1015 3286 1083 3341 de
1115 3288 1279 3355 raptis
1319 3287 1572 3355 conqueri
1604 3302 1706 3340 non
1752 3287 1913 3352 sinat,

337 3381 431 3435 sed
453 3381 612 3435 etiam
635 3397 718 3440 ea,
749 3394 871 3449 qua:
900 3380 1082 3433 relicta
1111 3387 1255 3444 sunt,
1284 3389 1475 3447 sponte
1502 3377 1914 3448 ollerrejubeat,

334 3481 391 3527 ct
425 3472 677 3541 majorem
723 3470 788 3523 ad
830 3470 967 3524 mala
1013 3468 1227 3523 fercmla
1269 3469 1593 3524 alacritatem
1642 3470 1916 3538 exhibere,

339 3580 495 3632 quam
529 3563 600 3615 illi
627 3562 691 3615 ad
724 3560 996 3616 inferenda
1027 3560 1308 3614 insaniam.
1332 3560 1464 3614 Nam
1492 3576 1611 3615 cum
1641 3561 1685 3615 is
1705 3562 1793 3630 qui
1824 3563 1918 3616 lm-

339 3658 471 3712 dere
495 3657 627 3723 vult,
669 3670 789 3709 eum
816 3670 974 3724 quem
1008 3654 1149 3708 lzedit
1177 3655 1498 3725 paratiorem
1521 3653 1587 3708 ad
1614 3655 1918 3723 patiendum

340 3748 561 3811 invenit,
608 3762 766 3816 quam
814 3746 901 3799 ille
946 3746 1208 3812 voluerat,
1257 3753 1312 3798 et
1360 3756 1639 3815 postquam
1680 3745 1921 3815 implevit

339 3838 826 3907 concupiscentiam
853 3852 1024 3901 suam,
1053 3852 1174 3889 eum
1200 3851 1357 3905 quem
1394 3836 1624 3901 laeserat,
1652 3852 1719 3892 ex
1748 3838 1917 3891 abun-

337 3930 486 3983 danti
529 3927 674 3982 videt
716 3927 781 3979 ad
825 3927 925 3980 alia
974 3926 1220 3995 patienda
1277 3928 1598 3995 proniorem,
1639 3940 1920 3997 superatus

336 4024 597 4086 discedit,
657 4021 723 4076 de
785 4021 1080 4075 tolerantia:
1144 4020 1505 4089 magnitudine
1553 4020 1916 4085 erubescens,

341 4115 586 4185 quamvis
630 4113 760 4179 fera,
807 4113 1050 4183 quamvis
1093 4110 1377 4165 immanius
1425 4111 1694 4181 quidpiam
1737 4110 1916 4177 fuerit,

341 4207 672 4262 moderatior
708 4205 918 4259 tandem
964 4204 1174 4269 evadet,
1212 4215 1495 4274 conspecta
1532 4216 1642 4260 tum
1687 4208 1919 4276 nequitia

342 4315 459 4361 Sua,
485 4306 595 4351 tum
640 4296 780 4349 illius
817 4296 1012 4349 virtute
1040 4310 1134 4365 per
1163 4296 1353 4351 factam
1401 4299 1675 4368 utriusque
1715 4314 1924 4368 compa-

341 4391 624 4444 rationem.
679 4388 827 4441 lianc
870 4402 970 4456 ego
1020 4404 1159 4442 nunc
1207 4405 1390 4457 quaero
1444 4391 1601 4444 vitam
1654 4407 1812 4462 quam
1865 4394 1920 4446 in

341 4481 631 4550 Scripturis
675 4489 878 4534 tantum
920 4481 1243 4550 prepositam
1276 4482 1450 4548 video,
1482 4482 1606 4537 alibi
1635 4499 1762 4538 vero
1788 4499 1918 4556 ope-

337 4574 484 4629 ribus
512 4573 803 4627 exhibitam
834 4589 1116 4642 nusquam.
1149 4574 1257 4630 Nec
1282 4575 1413 4630 milii
1440 4577 1584 4631 dicas
1616 4580 1918 4646 quempiam

338 4664 522 4718 lzcsum
561 4663 827 4732 patienter
869 4664 1085 4728 tulisse;
1132 4664 1184 4719 id
1222 4666 1365 4719 enim
1396 4668 1567 4735 potuit
1592 4668 1802 4723 defectu
1845 4669 1922 4723 vi-

336 4755 473 4808 rium
495 4754 827 4824 contingere.
857 4753 951 4809 Sin
987 4756 1148 4809 etiam
1174 4771 1296 4810 cum
1332 4758 1643 4827 aequalibus,
1676 4776 1811 4829 quos
1842 4762 1921 4814 nl-

333 4845 463 4899 cisci
501 4854 726 4915 poterat,
773 4844 828 4899 id
868 4845 1188 4913 exhibuerit,
1234 4855 1292 4900 at
1332 4864 1438 4902 non
1485 4865 1551 4905 eo
1586 4866 1754 4920 usque
1794 4868 1920 4920 ιιι-ος

334 4940 518 5002 cessit,
570 4947 628 4989 ut
666 4938 782 5006 ejus
824 4940 1314 5008 concupiscentiam
1357 4952 1657 5011 superaret,
1709 4953 1764 4998 et
1803 4946 1920 5013 plus

335 5042 495 5095 quam
524 5027 689 5080 vcllet
716 5027 891 5095 daret,
916 5030 1511 5103 magnanimitatemque
1530 5048 1701 5099 suam,
1727 5046 1921 5104 prieter

337 5128 488 5187 rapta
536 5120 731 5174 additis
758 5121 986 5176 libenter
1017 5124 1156 5190 aliis,
1197 5127 1522 5180 ostenderet.
1550 5128 1702 5194 Quod
1741 5140 1919 5185 autem

340 5209 427 5263 bis
451 5210 609 5281 longe
634 5215 877 5281 superius
901 5223 1005 5280 est,
1033 5215 1099 5268 ad
1124 5217 1402 5288 ipsumque
1433 5221 1687 5275 verticem
1718 5223 1919 5291 pertin-

337 5302 436 5369 git,
476 5316 572 5355 eus
597 5304 688 5371 qui
730 5305 851 5358 talia
881 5318 1064 5376 agunt,
1098 5317 1151 5361 et
1179 5311 1291 5363 sive
1327 5309 1380 5363 in
1412 5313 1671 5380 pecuniis,
1713 5315 1825 5368 sive
1867 5317 1918 5369 in

336 5393 675 5465 corporibus,
731 5395 958 5466 aliisque
1004 5399 1254 5454 onmibus
1296 5402 1674 5458 documentum
1724 5406 1922 5475 impor-

342 5495 478 5549 tant,
521 5485 572 5539 in
619 5485 934 5552 amicorum,
979 5490 1089 5545 imo
1117 5492 1408 5547 amicorum
1434 5496 1783 5565 genuinorum
1824 5516 1921 5551 nn—

339 5591 490 5630 mero
517 5579 845 5634 constituere
874 5580 1034 5650 jussit
1056 5580 1318 5639 Christus.
1347 5586 1477 5641 Nam
1507 5589 1654 5654 dicit,
1695 5592 1919 5659 rapienti

338 5676 396 5719 et
436 5667 698 5724 anferenti
743 5685 812 5726 ne
852 5673 1023 5728 solum
1065 5674 1205 5731 dona
1247 5678 1350 5732 alia
1395 5678 1580 5743 addas,
1631 5682 1724 5735 sed
1757 5684 1917 5737 etiam

336 5758 511 5827 ipsum
541 5760 1016 5820 vehementissimo
1057 5774 1112 5823 et
1148 5768 1359 5824 sincero
1385 5786 1567 5826 amore
1593 5772 1771 5845 dilige.
1803 5777 1913 5833 lloc

2032 457 2189 504 sane,
2217 441 2322 499 hoc
2346 442 2618 497 declarare
2659 457 2780 496 cum
2811 440 2998 507 vellet,
3034 440 3111 496 ait
3149 459 3163 496 :
3203 440 3359 495 Orate
3396 458 3487 511 pro
3525 459 3615 493 ca-

2029 533 2388 588 lumniantibus
2403 550 2488 588 vos
2512 533 2658 605 (Luc.
2685 532 2740 588 6.
2759 533 2850 605 28)
2882 552 2895 588 :
2921 534 3062 603 quod
3092 548 3187 603 pro
3214 534 3343 587 solis
3364 534 3448 597 iis,
3472 549 3611 603 quos

2029 626 2312 680 admodum
2338 627 2627 697 diligimus,
2677 630 2853 682 facere
2887 628 3143 683 solemus.
3186 627 3266 682 Ne
3303 644 3431 682 vero
3456 639 3611 697 putes

2031 719 2150 776 lucc
2173 720 2332 774 verba
2361 719 2705 791 hyperbolice
2732 719 2873 774 dicta
2908 719 3091 785 fuisse,
3124 735 3260 774 neve
3288 720 3609 773 diabolicam

2028 810 2247 864 inducas
2285 809 2571 873 fallaciam,
2609 811 2869 865 rationem
2900 819 2955 865 et
2978 824 3197 864 causam
3223 823 3609 880 congruentem

2027 899 2182 954 aﬂ‘ert
2201 899 2285 954 his
2304 901 2484 956 verbis
2513 916 2527 953 :
2558 899 2617 955 Si
2644 902 2777 954 enim
2816 900 3094 954 dilexeritis
3123 916 3229 966 eos,
3257 901 3344 971 qui
3371 917 3456 954 vos
3481 901 3609 954 dili-

2027 1003 2172 1063 gunt,
2230 1008 2382 1063 quam
2425 992 2699 1045 mercedem
2741 992 2971 1045 habetis?
3012 1007 3180 1044 nonne
3221 991 3476 1063 publicani
3522 991 3611 1044 id-

2026 1085 2193 1152 ipsum
2220 1084 2446 1156 faciunt?
2473 1083 2537 1137 Et
2573 1083 2618 1137 si
2645 1083 2866 1152 amplexi
2894 1082 3088 1152 fueritis
3117 1098 3223 1145 eos,
3250 1082 3337 1151 qui
3377 1098 3463 1135 vos
3492 1099 3607 1134 am-

2028 1178 2331 1244 plectuntur,
2364 1177 2485 1246 quid
2514 1176 2732 1246 amplius
2761 1175 2971 1246 facitis?
2999 1191 3164 1228 nonne
3204 1183 3253 1229 et
3292 1175 3475 1228 ethnici
3515 1176 3612 1230 hoc

2029 1269 2220 1337 faciunt
2250 1267 2398 1340 (Luc.
2428 1269 2481 1323 6.
2514 1267 2645 1339 '52)?
2685 1267 2816 1322 Cum
2858 1268 3016 1336 igitur
3044 1282 3074 1322 a
3102 1267 3414 1337 publicanis,
3446 1277 3611 1336 atque

2028 1361 2255 1416 etlmicis
2284 1360 2414 1414 nihil
2450 1360 2549 1414 hac
2586 1361 2637 1413 in
2665 1375 2726 1414 re
2749 1358 3080 1424 dilTeramus,
3107 1360 3376 1429 quomodo
3399 1375 3429 1413 a
3459 1360 3607 1414 luctu

2026 1461 2082 1505 et
2106 1466 2135 1503 a
2166 1450 2413 1522 lacrymis
2438 1451 2831 1520 temperemus?
2855 1450 2959 1505 Sed
2987 1451 3187 1504 utinam
3211 1450 3313 1504 hoc
3331 1450 3608 1506 dumtaxat

2028 1543 2226 1597 malum
2252 1542 2466 1597 adesset
2490 1560 2506 1598 :
2534 1558 2677 1597 nunc
2697 1543 2840 1596 enim
2868 1551 3072 1596 tantum
3102 1543 3253 1597 abest
3282 1550 3338 1595 ut
3362 1542 3605 1595 inimicos

2027 1635 2325 1704 diligamus,
2365 1635 2608 1688 utetiam
2654 1650 2749 1689 eos
2777 1636 2865 1703 qui
2912 1650 3010 1689 nos
3049 1635 3274 1703 diligunt
3297 1650 3603 1689 aversemur

2027 1735 2082 1780 et
2101 1726 2224 1781 odio
2248 1726 2558 1780 habeamus.
2582 1724 2823 1780 Invidere
2844 1740 3071 1795 namque
3093 1725 3218 1791 illis,
3242 1725 3419 1779 verbis
3444 1736 3605 1793 atque

2026 1820 2189 1888 gestis
2214 1818 2409 1872 nostris
2442 1818 2666 1888 gloriam
2695 1827 2750 1871 et
2790 1816 2981 1871 famam
3019 1817 3123 1871 illis
3153 1816 3382 1881 auferre,
3415 1817 3576 1871 odien

2028 1912 2158 1964 tium
2197 1919 2251 1964 et
2279 1911 2637 1963 aversantium
2675 1920 2776 1964 est.
2806 1907 2881 1962 ita
2911 1925 3018 1962 non
3061 1909 3233 1963 solum
3266 1908 3335 1962 ab
3376 1908 3607 1963 ethnicis

2028 2002 2154 2056 nihil
2184 2000 2500 2067 dilferimus,
2534 2000 2626 2055 sed
2653 2015 2713 2055 ea
2765 2001 2817 2054 in
2859 2015 2917 2054 re
2945 2000 3103 2069 longe
3130 1999 3314 2069 pejore
3339 2014 3497 2068 quam
3527 1999 3604 2052 illi

2026 2094 2218 2149 aﬂ‘ectu
2241 2108 2445 2148 sunms.
2484 2094 2564 2148 Ac
2587 2091 2831 2147 Christus
2852 2091 3064 2162 quidem
3095 2107 3191 2160 pro
3227 2090 3606 2145 calumnianti-

2027 2186 2128 2240 bus
2167 2199 2321 2239 orare
2353 2185 2533 2254 jussit,
2576 2199 2674 2238 nos
2711 2193 2888 2238 autem
2919 2182 3071 2238 dolos
3105 2182 3504 2245 concinnamus,
3551 2192 3606 2235 et

2025 2274 2463 2330 maledicentihus
2494 2275 2811 2331 benedicere
2845 2275 3001 2345 jussi,
3047 2273 3267 2328 eosdem
3311 2274 3605 2327 innumeris

2026 2368 2323 2422 maledictis
2346 2382 2649 2421 oneramus.

2104 2459 2247 2512 Vana
2267 2459 2431 2530 gloria
2458 2459 2589 2513 bona
2618 2475 2771 2528 opera
2799 2457 3000 2512 inutilia
3033 2457 3217 2512 reddit.
3247 2487 3319 2499 —
3342 2457 3476 2526 Quid
3501 2457 3605 2512 hac

2024 2553 2291 2608 contraria
2318 2552 2512 2623 agendi
2554 2554 2763 2607 ratione
2804 2552 3194 2618 vehementius,
3225 2551 3354 2621 quid
3390 2551 3606 2621 gravius

2025 2644 2126 2699 hac
2167 2659 2377 2716 pugna,
2427 2660 2529 2714 qua
2579 2654 2763 2698 contra
2818 2644 3176 2714 legislatorem
3220 2643 3599 2707 decertanms,

2023 2737 2270 2791 omnibus
2318 2736 2432 2806 ejus
2461 2736 2737 2806 przeceptis
2765 2735 2975 2790 adversi
3018 2734 3256 2789 stantes?
3295 2734 3425 2788 Nam
3453 2748 3605 2788 vana:

2021 2828 2204 2899 gloria:
2248 2827 2605 2898 tyrannidem,
2659 2842 2817 2895 quam
2863 2827 2977 2897 ipse
3023 2826 3369 2895 sequentibus
3422 2826 3605 2880 verbis

2023 2920 2266 2983 destruit,
2292 2933 2387 2973 nos
2406 2920 2670 2982 auximus,
2695 2917 2821 2972 dum
2849 2933 2967 2971 eam
2995 2934 3101 2973 non
3124 2918 3175 2971 in
3208 2930 3393 2986 preces
3420 2916 3603 2977 modo,

2016 3012 2219 3082 jejunia
2258 3020 2312 3066 et
2354 3012 2748 3079 cleemosynas,
2792 3010 2885 3064 sed
2930 3011 2983 3064 in
3028 3011 3130 3064 alia
3169 3024 3381 3079 quoque
3424 3009 3604 3063 omnia

2023 3103 2365 3170 indnximus,
2412 3103 2569 3173 eique
2610 3102 2730 3172 plus
2785 3118 2942 3171 quam
2990 3103 3132 3157 servi
3188 3103 3204 3133 ⁸
3241 3101 3463 3171 quilibet
3504 3115 3605 3154 nos

2022 3195 2369 3264 subjicimus:
2398 3210 2556 3264 quam
2583 3209 2717 3260 rem,
2758 3193 2898 3264 quod
2930 3192 3207 3248 manifesta
3239 3193 3485 3248 omnibus
3510 3194 3602 3256 sit,

2021 3296 2307 3355 praetereo,
2356 3286 2458 3340 hoc
2495 3286 2724 3356 adjecto,
2770 3302 2958 3356 nempe
3002 3301 3067 3340 ex
3110 3286 3412 3340 hominibus
3445 3285 3603 3349 alios,

2022 3389 2302 3449 postquam
2341 3387 2581 3434 extremo
2615 3379 2938 3449 contemptui
2978 3393 3038 3433 se
3080 3376 3416 3441 dediderunt,
3462 3378 3604 3432 nulla

2022 3481 2287 3542 priecepta
2315 3487 2539 3531 curare;
2570 3472 2702 3526 alios
2729 3488 2859 3527 vero
2889 3471 3145 3542 tantisper
3171 3471 3391 3540 obsequi
3414 3469 3604 3524 volen-

2025 3573 2124 3629 tes,
2168 3574 2223 3618 et
2247 3564 2421 3634 aliqua
2465 3579 2679 3619 servare
2706 3574 2966 3633 praecepta
3011 3562 3304 3626 studentes,
3337 3561 3391 3615 in
3438 3560 3606 3623 idem,

2021 3666 2181 3727 atque
2212 3657 2307 3722 illi,
2331 3657 2706 3712 detrimentum
2751 3672 2928 3722 ruere,
2957 3657 3097 3727 quod
3124 3658 3289 3709 nolint
3318 3672 3465 3707 vana:
3490 3655 3605 3724 glo-

2024 3751 2115 3803 ria:
2157 3751 2366 3804 vincula
2411 3750 2699 3819 deponere.
2749 3751 2813 3804 Et
2863 3750 2998 3805 alius
3043 3749 3257 3819 quidem
3302 3749 3606 3803 nullatenus

2024 3844 2417 3914 eleemosynam
2444 3852 2647 3913 erogat.
2676 3844 2763 3911 qui
2799 3852 2974 3897 autem
3004 3843 3186 3913 egenis
3214 3856 3427 3896 suorum
3454 3857 3603 3910 qua:-

2023 3935 2144 3988 dam
2178 3936 2413 4004 largitur,
2444 3935 2540 3990 sed
2566 3949 2699 3988 vana
2727 3942 3003 4003 permotus
3026 3933 3214 4003 gloria,
3246 3948 3354 3986 non
3382 3932 3605 3986 meliore

2025 4026 2328 4080 conditione
2366 4036 2468 4088 est,
2506 4040 2663 4094 quam
2705 4025 2749 4079 is
2791 4024 2882 4095 qui
2927 4024 3061 4079 nihil
3097 4023 3261 4079 dedit.
3298 4023 3387 4078 Sic
3418 4038 3606 4076 ounn-s

2026 4118 2261 4187 undique
2302 4118 2354 4171 in
2393 4118 2613 4186 laqueos
2648 4132 2774 4171 suos
2813 4116 2996 4187 injecit
3038 4117 3319 4187 malignus.
3361 4114 3512 4182 Quod
3558 4117 3606 4169 si

2024 4210 2142 4279 quis
2180 4209 2282 4264 hoc
2311 4209 2687 4263 detrimentum
2714 4209 2883 4263 vitare
2912 4209 3098 4279 possit,
3140 4210 3370 4263 amentia
3413 4211 3603 4264 iterum

2024 4312 2320 4371 correptus,
2365 4301 2420 4355 in
2458 4301 2702 4357 eamdem
2732 4302 2939 4355 ruinam
2972 4301 3185 4365 incidet,
3221 4302 3328 4355 imo
3371 4302 3420 4354 in
3451 4302 3607 4369 longe

2023 4394 2364 4461 graviorem:
2400 4383 2503 4444 non
2551 4393 2723 4446 solum
2769 4394 2934 4452 enim,
2980 4401 3037 4445 ut
3076 4404 3220 4453 ante,
3270 4408 3391 4446 cum
3436 4392 3605 4444 detri-

2025 4494 2204 4537 mento
2231 4484 2452 4547 recedit,
2486 4484 2579 4538 sed
2628 4498 2765 4538 novo
2790 4484 2949 4539 etiam
2977 4483 3197 4538 affectus
3226 4485 3384 4537 malo.
3417 4484 3606 4538 Multos

2025 4588 2124 4643 ego
2168 4575 2310 4638 novi,
2361 4575 2448 4643 qui
2485 4590 2589 4627 non
2635 4574 2717 4628 his
2759 4575 2927 4628 solum
2971 4575 3147 4628 causis
3186 4574 3466 4638 ducimtur,
3510 4574 3607 4629 sed

2025 4679 2209 4719 amore
2252 4665 2411 4719 etiam
2442 4666 2524 4719 vel
2549 4666 2866 4729 reverentia,
2899 4666 3084 4719 aliisve
3113 4666 3393 4729 similibus,
3423 4666 3606 4735 egenis

2024 4770 2178 4822 opem
2206 4769 2571 4826 procurantes,
2608 4772 2712 4808 non
2733 4767 2909 4810 autem
2934 4772 3000 4809 ex
3024 4757 3113 4811 Dei
3143 4757 3333 4811 timore
3358 4767 3447 4811 aut
3470 4773 3608 4824 prac-

2024 4855 2198 4916 cepto.
2221 4846 2352 4900 Cum
2381 4847 2556 4917 itaque
2579 4857 2655 4901 tot
2682 4848 2981 4916 hujusmodi
3013 4847 3117 4899 sint
3139 4864 3259 4916 qua:
3283 4862 3443 4917 opera
3467 4847 3607 4903 bona

2026 4938 2363 5001 labefactent,
2394 4941 2511 5007 quis
2552 4956 2616 4993 ex
2658 4938 2744 5000 iis,
2782 4938 2873 5007 qui
2917 4938 2970 4992 itt
3003 4936 3118 4992 huic
3161 4938 3296 4991 mala
3341 4937 3603 5004 incidunt,

2026 5031 2179 5085 facile
2207 5032 2400 5099 poterit
2428 5030 2651 5083 salutem
2682 5029 2972 5099 consequi?

2098 5124 2151 5177 5.
2181 5123 2313 5176 lllud
2344 5132 2519 5176 autem
2550 5121 2760 5195 (Matth.
2794 5121 2847 5177 6.
2872 5120 2940 5175 12
2961 5123 2978 5192 )
3001 5163 3015 5188 ,
3044 5119 3253 5176 Dimitte
3276 5122 3418 5177 nobis
3441 5123 3607 5176 debita

2025 5226 2197 5269 nostra
2216 5256 2231 5279 ,
2262 5215 2392 5268 sicut
2412 5224 2457 5266 et
2481 5232 2573 5268 nos
2590 5212 2887 5267 dimittimus
2910 5214 3216 5268 debitoribus
3241 5216 3425 5269 nostris
3441 5257 3455 5279 ,
3482 5215 3604 5280 hoc,

2028 5306 2239 5373 inquam
2258 5346 2273 5369 ,
2305 5305 2423 5374 quis
2449 5321 2569 5359 cum
2616 5303 2804 5358 fiducia
2852 5304 3033 5359 dicat?
3063 5304 3287 5359 Etiamsi
3328 5306 3470 5360 cn’nn
3498 5319 3605 5360 non

2029 5398 2280 5452 hcdamus
2317 5398 2561 5452 inimicos
2585 5439 2601 5464 ,
2642 5398 2836 5451 vulnus
2875 5407 3053 5453 tamen
3093 5398 3387 5453 insanabile
3426 5413 3611 5451 serva-

2027 5504 2164 5544 mus.
2183 5489 2425 5544 Christus
2445 5505 2573 5544 vero
2594 5504 2698 5543 non
2723 5502 2778 5543 ut
2799 5491 2870 5545 ita
2890 5491 3062 5544 solum
3085 5491 3413 5545 dimittamus
3435 5501 3604 5560 Optat,

2026 5581 2121 5637 sed
2168 5590 2226 5635 ut
2264 5595 2360 5635 eos
2405 5582 2543 5635 inter
2588 5582 2789 5651 primos
2825 5582 3026 5635 amicos
3073 5598 3435 5637 numeremus.
3484 5581 3607 5635 Ideo

2027 5675 2237 5745 itaque,
2277 5684 2335 5728 ut
2375 5675 2523 5743 prius
2549 5674 2692 5739 dixi,
2737 5690 2831 5743 pro
2869 5675 2931 5729 iis
2958 5689 3115 5730 orare
3138 5675 3314 5744 jussit.
3355 5672 3411 5730 Si
3448 5687 3606 5745 porro

2096 5793 2110 5822 ι
2149 5798 2266 5848 \‘ox,
2293 5789 2445 5848 servi,
2468 5789 2613 5840 deest
2634 5790 2681 5840 in
2706 5790 2835 5840 (Loth.
