4116 6392
328 297 430 352 599

395 413 460 468 δ’.
479 412 635 493 Τοὺς
660 415 767 486 γὰρ
806 417 932 487 περὶ
963 417 1056 471 τοῦ
1088 419 1162 488 μὴ
1191 419 1301 473 δεῖν
1333 421 1557 492 ὀμνύναι
1586 423 1870 493 κειμένους
1899 425 1992 476 καὶ

328 492 653 574 αἰσχύνομαι
687 495 892 563 λέγειν,
939 497 1000 548 ού
1022 496 1111 550 διὰ
1132 498 1228 562 τάς
1261 502 1607 571 ὁρκωμοσίας
1653 492 1833 574 μόνον,
1857 503 1995 557 ἀλλά

330 573 541 653 καὶδιά
594 574 696 638 τὰς
743 575 1024 648 ἐπιορκίας
1069 577 1169 640 τὰς
1231 582 1491 648 συνεχεῖς.
1537 581 1601 633 Εἰ
1641 573 1751 653 γάρ
1802 583 1895 636 καὶ
1934 583 1994 636 τὸ

327 652 575 722 ὀμνύναι,
616 655 718 708 κᾶν
755 656 952 726 εὑορκῇ
986 656 1358 728 τις.ἐγκλημα
1383 660 1476 711 καὶ
1499 652 1726 730 ἐντολῆς
1745 661 1995 733 παράϐα-

331 750 436 798 σις,
482 733 582 786 ποῦ
623 735 722 805 τὴν
756 736 1037 805 ἐπιορκίαν
1075 736 1344 806 θήσομεν;
1383 739 1447 790 Εί
1482 738 1591 810 γὰρ
1620 741 1679 792 τὸ
1736 740 1994 812 περισσὸν

329 812 422 865 τοῦ
449 813 537 865 ναὶ
566 815 660 866 καὶ
685 813 780 866 τοῦ
814 813 874 868 οὓ
895 816 960 868 ἐκ
985 815 1079 868 τοῦ
1104 816 1371 891 Πονηροῦ,
1393 819 1455 869 τὸ
1478 819 1572 871 καὶ
1588 818 1776 872 τούτου
1799 836 1993 891 περισ-

332 893 550 962 σότερον
593 892 735 956 τίνος
769 892 920 946 ἔσται
948 893 1161 957 λοιπὸν;
1199 890 1332 948 Εἶτα
1375 896 1533 949 πάλιν
1573 897 1736 967 φησίν
1759 905 1810 934 ἀ
1853 890 1996 951 Ἐάν

329 971 422 1036 τίς
448 987 520 1024 σε
548 972 782 1041 ραπίσῃ
838 975 926 1036 εἰς
982 972 1096 1041 τὴν
1139 973 1346 1036 δεξιὰν
1399 977 1672 1043 σιαγόνα,
1726 975 1997 1045 στρέψον

329 1049 490 1114 αὐτῷ
529 1050 627 1103 καὶ
666 1049 778 1118 τὴν
807 1050 1025 1118 ἅλληνυ
1051 1051 1150 1104 καὶ
1187 1051 1266 1117 τῷ
1298 1053 1533 1106 θέλοντί
1569 1069 1669 1106 σοι
1701 1053 1991 1122 κριθῆναι,

331 1128 430 1181 καί
461 1128 569 1182 τὸν
611 1128 830 1198 χιτῶνά
861 1147 975 1185 σου
1003 1131 1231 1193 λαϐεῖν,
1269 1130 1418 1200 ἄφες
1445 1132 1604 1198 αὐτῷ
1632 1133 1726 1186 καὶ
1756 1133 1823 1186 τὸ
1863 1132 1995 1202 1μὰ-

329 1225 479 1262 τιον·
519 1210 617 1263 καὶ
648 1210 757 1263 ἐάν
788 1213 880 1275 τίς
931 1227 1004 1264 σε
1054 1212 1397 1280 ἀγγαρεύσῃ
1451 1211 1603 1284 [128]
1651 1213 1858 1282 μίλιον
1903 1212 1992 1278 ἓν,

329 1289 521 1357 ὕπαγε
544 1291 672 1356 μετ’
699 1290 885 1344 αὑτοῦ
909 1290 1038 1344 δύο·
1063 1292 1158 1345 καὶ
1199 1290 1278 1354 τῷ
1300 1293 1566 1347 αἰτοῦντί
1591 1308 1665 1345 σε
1686 1291 1875 1354 δίδου,
1899 1293 1996 1345 καί

332 1366 436 1420 τὸν
474 1367 725 1421 θέλοντα
754 1367 870 1423 ἀπὸ
900 1369 1018 1423 σοῦ
1050 1368 1443 1424 δανείσασθαι
1467 1371 1552 1439 μὴ
1578 1371 1992 1440 ἀποστραφῇς.

329 1444 394 1498 Τί
421 1445 485 1496 ἄν
531 1463 615 1509 τις
655 1447 798 1500 εῖποι
845 1449 982 1518 πρὸς
1029 1448 1236 1514 ταῦτα;
1296 1450 1411 1519 Ἐφ’
1457 1451 1686 1505 ἑκάστου
1742 1451 1848 1522 γὰρ
1889 1451 1997 1503 τῶν

329 1526 633 1598 εἰρημένων
653 1526 906 1599 δακρύειν
936 1529 1094 1599 μόνον
1124 1532 1218 1584 καὶ
1255 1530 1692 1599 ἐγκαλύπτεσθαι
1729 1530 1993 1585 λείπεται⁶

328 1605 499 1668 οὑτως
530 1607 592 1659 ἐκ
619 1607 912 1678 διαμέτρου
939 1608 1075 1680 πρὸς
1103 1611 1204 1679 τὴν
1241 1611 1488 1663 ἐναντίαν
1516 1609 1924 1679 ἀντεταξάμεθα
1944 1611 1996 1679 ιι,

331 1686 410 1748 εἰς
438 1684 647 1756 κρίσεις
677 1687 773 1740 καὶ
811 1687 988 1758 μάχας
1014 1687 1110 1740 καὶ
1141 1687 1294 1752 δίκας
1325 1690 1418 1743 καὶ⁴
1447 1689 1882 1760 ἀμφισϐητήσεις
1905 1688 1997 1744 τὸν

330 1765 546 1818 ἅπαντα
569 1765 760 1836 χρόνον
806 1766 1208 1830 ἀναλίσκοντες,
1260 1769 1353 1820 καὶ
1399 1769 1533 1838 μηδὲ
1577 1768 1832 1839 βραχεῖαν
1863 1769 2000 1836 ἐπή-

332 1861 483 1915 ρειαν
519 1845 792 1916 φέροντες,
837 1847 912 1916 μὴ
948 1845 1047 1917 τὴν
1083 1847 1191 1900 ἀπὸ
1223 1847 1333 1900 τῶν
1375 1849 1738 1918 πραγμάτων,
1771 1847 1845 1918 μὴ
1899 1848 1998 1919 τὴν

329 1923 435 1975 ἀπὸ
455 1923 562 1974 τῶν
583 1922 862 1993 ῥημάτων.
877 1925 1012 1978 ἀλλὰ
1028 1927 1120 1979 καλ⁹
1144 1925 1280 1996 πρὸς
1300 1927 1361 1979 τὸ
1379 1926 1542 1996 τυχὸν
1563 1927 1694 1998 ἐκθη
1705 1927 1817 1995 ριού
1826 1945 1994 1997 μενοι.

400 2005 462 2055 EE
481 2003 537 2056 δὲ
561 2003 703 2074 ἔχοις
727 2004 879 2069 τινὰς
900 2004 1078 2074 λέγειν
1106 2005 1210 2060 τῶν
1237 2007 1406 2060 πολλά
1432 2008 1530 2076 μέν
1551 2006 1906 2077 ἀνηλωκότων
1921 2009 1999 2071 είς

329 2083 568 2154 πένητας
590 2121 604 2144 ,
632 2084 1156 2156 καταφρονουμένων
1195 2085 1252 2139 δὲ
1283 2086 1370 2138 διὰ
1408 2087 1508 2157 τὴν
1536 2086 1726 2140 πενίαν
1753 2086 1996 2158 ὓστερον,

329 2163 422 2214 καὶ
464 2162 634 2233 μυρία
678 2164 994 2232 πασχόντων
1039 2163 1204 2229 κακά,
1255 2163 1470 2231 ὀλίγους
1521 2164 1618 2234 μὲν
1655 2163 1876 2228 τούτους
1905 2166 1999 2218 καὶ

328 2241 729 2312 εὐαριθμήτους
774 2243 942 2311 ἐρεῖς*
968 2242 1107 2313 πλὴν
1143 2244 1258 2296 ἀλλ’
1287 2243 1408 2296 οὐδὲ
1456 2243 1598 2296 οὕτω
1629 2242 1720 2295 τὸν
1765 2243 1999 2296 ἐνταῦθα

327 2321 814 2391 ἀναγεγραμμένον
855 2323 988 2392 ἡμῖν
1027 2321 1316 2390 φιλόσοφον
1346 2321 1552 2386 ἔδειξας
1572 2339 1585 2351 ·
1618 2322 1752 2375 πολὺ
1778 2321 1886 2392 γάρ
1912 2315 2000 2374 οὗ·

326 2420 416 2464 τος
453 2402 661 2455 ἐκείνου
711 2402 804 2455 τοῦ
837 2401 952 2472 βίου
984 2402 1515 2474 πνευματικώτερος.
1548 2403 1682 2457 Οὑδέ
1711 2405 1818 2474 γάρ
1853 2406 1999 2456 ἐστιν

329 2480 445 2534 ἴσον
512 2481 706 2534 ἐκόντα
779 2481 992 2547 δοῦναι,
1068 2483 1162 2536 καὶ
1228 2481 1701 2554 ἀποστερούμενον
1784 2483 2000 2536 πάντων

327 2561 587 2627 ἐνεγκεῖν.
619 2561 683 2612 Τί
727 2561 785 2614 δὲ
817 2561 962 2630 λέγω
1001 2563 1271 2630 ἐνεγκεῖν;
1297 2562 1325 2614 ὃ
1357 2561 1466 2632 γὰρ
1511 2561 1538 2612 6
1583 2561 1817 2633 Χριστὸς
1857 2558 1998 2628 εἷπε,

327 2637 508 2708 πολλῷ
548 2638 738 2693 τούτου
791 2639 950 2693 πάλιν
1016 2640 1196 2710 μεῖζόν
1255 2643 1390 2694 ἐστι.
1452 2639 1716 2693 Τοσοῦτον
1774 2641 1831 2694 δὲ
1893 2643 2001 2694 ἀπ-

327 2717 552 2788 έστησεν
583 2729 606 2757 ο
650 2722 682 2772 6
723 2719 878 2788 λόγος
932 2718 1041 2771 τῶν
1097 2718 1462 2785 ἀδικουμένων
1517 2720 1610 2782 τάς
1670 2719 1847 2790 ψυχὰς
1904 2721 2003 2792 τῆς

328 2795 465 2865 πρὸς
503 2798 629 2861 τοὺς
679 2798 994 2860 ἀδικοῦντας
1037 2797 1228 2867 ὀργῆς,
1285 2798 1360 2860 ὡς
1395 2797 1468 2869 μὴ
1517 2799 1676 2868 μόνον
1713 2800 1853 2870 ὑπὲρ
1894 2801 2003 2854 τῶν

327 2875 430 2946 ἤδη
495 2876 806 2947 ληφθέντων
869 2879 942 2948 μὴ
1015 2877 1385 2947 δυσχεραίνειν
1411 2917 1426 2940 ,
1513 2877 1648 2930 ἀλλά
1718 2879 1812 2931 καὶ
1899 2878 2004 2933 τῶν

330 2956 761 3026 ὑπολειφθέντων
823 2958 1046 3020 ἑκόντας
1121 2959 1500 3027 παραχωρεῖν,
1549 2957 1644 3009 καὶ
1703 2957 1804 3027 τῆς
1857 2959 2002 3011 ἐκεί-

329 3056 430 3093 νων
490 3038 687 3108 μανίας
731 3038 860 3109 περὶ
916 3036 975 3089 τὸ
1030 3035 1215 3098 κακῶς
1268 3038 1440 3088 ποιεῖν
1499 3034 1720 3105 μείζονα
1757 3036 1886 3108 περὶ¹
1943 3037 2004 3090 τὸ

329 3117 515 3180 κακῶς
556 3117 785 3186 πάσχειν
832 3114 1234 3168 ἐπιδείκνυσθαι
1275 3115 1375 3184 τὴν
1425 3116 1735 3185 προθυμίαν
1777 3113 1804 3152 ἀ
1836 3117 2000 3185 ἡμᾶς.

332 3198 500 3250 Ὅταν
535 3196 645 3266 γάρ
685 3198 712 3248 6
755 3193 1077 3266 βουλόμενος
1116 3194 1321 3246 ἀδικεῖν
1352 3193 1488 3264 εὕρῃ
1523 3195 1614 3247 τὸν
1649 3195 2004 3266 ἀδικούμενον

331 3278 491 3330 πλέον
542 3275 1058 3347 παρεσκευασμένον
1104 3274 1240 3344 πρὸς
1284 3273 1344 3326 τὸ
1377 3272 1568 3326 παθεῖν
1608 3273 1754 3344 ἥπερ
1801 3274 2005 3339 ἐκεῖνος

329 3356 599 3416 ἐϐούλετο,
647 3355 740 3407 καὶ
795 3353 890 3423 τὴν
940 3351 1234 3422 ἐπιθυμίαν
1292 3352 1580 3422 ἐμπλήσας
1634 3351 1730 3422 τὴν
1783 3352 2002 3420 ἐαυτοῦ,

329 3435 420 3489 τὸν
470 3431 878 3504 ἐπηρεασθέντα
926 3433 990 3483 ἐκ
1041 3431 1360 3502 περιουσίας
1410 3431 1492 3502 ἴδῃ
1536 3430 2002 3502 φιλοτιμούμενον,

329 3516 545 3568 ἄπεισιν
593 3512 924 3584 ἡττημένος,
978 3509 1078 3579 τὴν
1138 3509 1444 3581 ὑπερϐολὴν
1491 3511 1590 3580 τῆς
1655 3511 2005 3577 ἀνεξικακίας

329 3593 688 3666 ἐρυθριάσας·
726 3590 827 3644 κᾶν
878 3589 1009 3659 γοῦν
1039 3589 1225 3661 θηρίον
1259 3587 1326 3662 ᾗ,
1363 3590 1467 3643 κᾶν
1510 3589 1696 3660 ἐτερὸν
1728 3608 1781 3643 τι
1804 3591 2003 3646 ιτούτου

329 3673 728 3743 χαλεπώτερον,
789 3669 1156 3741 μετριώτερος
1203 3668 1356 3722 ἔσται
1407 3669 1499 3722 τοῦ
1552 3669 1760 3735 λοιποῦ,
1803 3672 1900 3742 τήν
1946 3688 2003 3724 τε

330 3752 496 3806 αὑτοῦ
528 3751 728 3805 κακίαν
766 3751 859 3802 καὶ
893 3749 989 3820 τὴν
1043 3748 1242 3819 ἀρετὴν
1289 3748 1499 3800 ἐκείνου
1534 3748 1714 3812 καλῶς
1767 3748 1876 3802 ἀπὺ
1905 3751 2003 3820 τῆς

332 3831 667 3904 συγκρίσεως
699 3827 902 3899 ταύτης
933 3826 1078 3882 ίδών.
1107 3827 1305 3882 Τοῦτον
1336 3826 1447 3895 ἐγὼ
1475 3827 1565 3881 τὸν
1602 3828 1717 3898 βίον
1759 3829 2004 3902 ἐπιζητῶ

331 3911 447 3978 νῦν,
490 3911 547 3965 ὃν
585 3912 743 3980 μόνον
779 3909 837 3960 ἐν
874 3910 991 3970 ταῖς
1023 3907 1267 3978 Γραφαῖς
1299 3907 1552 3978 κείμενον
1593 3908 1729 3975 ὁρῶ,
1771 3909 2003 3980 ἀλλαχοῦ

331 3993 388 4046 δέ
421 3995 516 4046 καὶ
555 3993 648 4044 ἐπὶ
690 3990 796 4043 τῶν
831 3988 1006 4059 ἔργων
1049 3987 1306 4058 οὐδαμοῦ.
1349 3989 1442 4059 Μὴ
1483 3987 1590 4058 γάρ
1639 4007 1729 4059 μοι
1762 3989 1852 4042 τὸν
1885 3990 2004 4060 ηδι-

333 4073 571 4144 κημένον
633 4073 793 4140 εἴπῃς
841 4070 946 4135 ικαὶ
1004 4067 1266 4134 στέγοντα
1299 4076 1356 4103 θ’
1407 4066 1693 4137 συμϐαίνει
1745 4067 1853 4140 γὰρ
1910 4070 2004 4140 καὶ

333 4152 486 4224 παρὰ
528 4150 825 4219 ἀδυναμίαν
860 4146 1018 4199 τοῦτο
1075 4146 1288 4199 παθεῖν.
1333 4146 1396 4197 El
1449 4145 1505 4198 δέ
1550 4146 1642 4198 καὶ
1691 4148 1828 4217 πρὸς
1879 4148 2004 4211 τοὺς

333 4222 627 4302 ὁμοτίμους
657 4231 750 4282 καὶ
776 4222 855 4294 οῖς
883 4226 1105 4280 δυνατὸν
1140 4224 1448 4289 ἐπεξελθεῖν
1477 4226 1789 4290 ἐπεδείξατο
1826 4227 2002 4294 τοῦτο,

333 4312 470 4367 ἀλλά
511 4313 572 4364 ού
605 4311 766 4382 μέχρι
814 4308 1090 4374 τοσούτου,
1125 4307 1198 4370 ὼς
1234 4307 1329 4360 καὶ
1361 4308 1460 4382 τῂν
1507 4307 1799 4378 ἐπιθυμίαν
1833 4311 2004 4380 ὑπερ-

335 4380 616 4448 ακοντίσαι
647 4391 745 4462 τὴν
779 4391 1010 4451 ἐκείνου,
1041 4389 1135 4441 καὶ
1177 4389 1337 4440 πλέον
1391 4380 1465 4440 ὧν
1498 4387 1746 4441 ἐϐούλετο
1789 4388 2000 4453 δοῦναι,

336 4473 432 4526 καὶ
475 4474 586 4534 τοῖς
630 4470 804 4523 ἐκοντὶ
869 4468 1243 4540 προστεθεῖσι,
1293 4467 1390 4538 τὴν
1439 4467 1531 4519 ἐπὶ
1573 4470 1688 4530 τοῖς
1737 4467 1828 4538 βία
1870 4470 2007 4521 ἀπο-

339 4551 627 4608 σπασθεῖσι
678 4549 848 4614 δεῖξαι
905 4547 1308 4619 μακροθυμίαν.
1364 4545 1437 4598 Τὸ
1484 4545 1540 4600 δέ
1589 4545 1796 4599 τούτων
1844 4547 2006 4602 πάλιν

337 4630 608 4702 ἀνώτερον
644 4631 736 4683 καὶ
771 4628 940 4697 αὐτῆς
982 4625 1286 4694 ἀπτόμενον
1318 4623 1427 4702 τῆς
1463 4625 1727 4695 κορυφῆς,
1771 4627 1896 4689 τοὺς
1939 4627 2008 4679 τὰ

337 4701 566 4764 τοιαῦτα
602 4707 1001 4779 ἐργαζομένους
1039 4708 1118 4766 είς
1148 4705 1315 4774 ἡμᾶς,
1349 4701 1444 4755 καὶ
1478 4704 1882 4774 ἐπηρεάζοντας
1915 4706 2008 4757 καὶ

338 4791 581 4860 χρήμασι
614 4789 706 4841 καὶ
754 4786 966 4856 σώμασι
1010 4784 1105 4837 καὶ
1136 4785 1248 4845 τοῖς
1276 4781 1455 4841 ἄλλοις
1490 4781 1714 4847 ἅπασιν,
1745 4783 1804 4834 ἐν
1838 4783 2007 4852 φίλων

336 4869 511 4934 τάξει,
543 4867 637 4920 καὶ
678 4866 845 4934 φίλων
885 4864 994 4916 τῶν
1039 4863 1276 4930 γνησίων
1325 4861 1682 4914 κατατάττειν
1724 4861 2006 4915 ἐκέλευσεν

337 4949 368 5000 6
395 4947 648 5018 Χριστός.
681 4946 773 5015 Μὴ
816 4943 924 5013 γὰρ
956 4942 1238 5012 προσδίὸου
1273 4941 1433 5018 μόνον
1459 4939 1536 5010 τῷ
1569 4939 1868 5018 άρπάζοντι
1913 4943 2008 4995 καὶ

341 5017 754 5080 πλεονεκτοῦντι
777 5063 793 5088 ,
825 5022 1010 5092 φησὶν,
1037 5018 1170 5072 ἀλλά
1199 5019 1291 5072 καὶ
1337 5017 1482 5078 φίλει
1517 5017 1704 5072 τοῦτον
1745 5019 1897 5095 φιλία
1937 5023 2005 5093 τῇ

403 5168 428 5197 ⁸
454 5166 648 5215 Λοιπὸν·
679 5165 796 5227 μετά
817 5161 1035 5227 δὲταῦτα
1057 5176 1212 5227 φησιν.
1238 5160 1320 5227 Sit;
1349 5158 1562 5209 Colbert.
1823 5222 1830 5227 _

400 5229 430 5269 ιι
450 5229 591 5298 βοιδ.
611 5222 887 5298 ἐτάξάιμεθα.
911 5225 1041 5272 Idem
1067 5222 1187 5298 inil'fa
1207 5222 1326 5298 ⁸ἀπὸ
1347 5237 1654 5298 πραγματων,
1681 5238 1758 5298 μη,
1787 5222 1872 5296 τὴν
1912 5223 2008 5298 ἁπδ

341 5290 580 5365 ῥημάτων.
606 5290 725 5348 Quae
751 5283 898 5335 l'eclio
922 5299 1018 5334 non
1045 5283 1341 5346 spernenda.
1366 5284 1475 5331 Mox
1504 5285 1634 5332 idem
1656 5283 1695 5331 εἰ
1717 5285 1769 5332 δὲ
1789 5284 1931 5347 ἔχοις,
1957 5292 2006 5334 el

340 5355 455 5415 πρὸς
473 5355 688 5408 πένητας.

407 5416 429 5445 ο
452 5413 586 5462 Coll).
609 5410 839 5459 τοσοῦτον
858 5410 946 5472 γὰρ
967 5411 1118 5472 ἀπεστ

405 5474 432 5512 d
964 5439 1192 5518 Ῐῖῗῖιῖὀωι
1219 5469 1496 5529 Ιοείιιιττήν
1519 5466 1856 5530 μακροθυμίαν.
1878 5466 2008 5530 Infra
2060 5443 2064 5447 Ι

343 5535 478 5587 Colb.
500 5537 616 5598 πρὸς
632 5535 686 5582 τὸ
712 5533 854 5581 τοῦτο
877 5532 1054 5598 παθεῖν.
1079 5531 1232 5598 ειιν
1255 5528 1498 5598 elhlorql.
1515 5528 1630 5598 πρὸς
1650 5530 1705 5598 το
1725 5530 1900 5598 παθεῖν.
1929 5528 2009 5598 1::-

343 5599 414 5646 fra
436 5590 570 5667 (ἶριιὶ.
590 5597 776 5644 ἄπεισιν
795 5596 1024 5652 ἡττηθεὶς,
1045 5595 1124 5640 καὶ
1141 5594 1244 5649 τήν.
1282 5591 1392 5640 Mox
1414 5590 1654 5640 idem'xiv
1677 5590 1852 5653 θηρίον,
1867 5590 2010 5646 omis-

345 5674 398 5709 so
419 5676 548 5709 γουν.

410 5677 587 5769 ἔ
623 5735 867 5779 στεγοντα,
907 5721 1060 5765 recte.
1087 5716 1174 5779 Es:
1193 5716 1323 5762 enim
1360 5727 1452 5779 τοι
1486 5727 1510 5762 a
1534 5713 1877 5779 Chrysoslorpp
1895 5711 2008 5779 alibi

345 5785 437 5832 hoc
461 5795 548 5829 usu
576 5773 806 5828 adhibita.
833 5773 984 5827 ειη-ιι.
1007 5787 1060 5827 et
1085 5778 1253 5825 Mnrel.
1286 5778 1557 5837 στέργοντα,
1581 5774 1916 5823 mala—Non
1942 5773 2005 5822 ila

346 5845 494 5896 male,
519 5844 726 5904 στέργειν
746 5840 876 5904 enim
903 5842 950 5887 in
972 5841 1063 5890 hoc
1085 5853 1231 5889 sensu
1255 5846 1510 5900 acceptum
1533 5838 1591 5886 ad
1625 5838 1856 5898 optimum
1881 5851 2004 5899 ειπερ

346 5909 544 5958 autem
572 5903 804 5967 pertinet.
830 5903 949 5952 Ευιι·

1249 305 1338 360 DE
1377 305 1935 376 COMPUNCTIONE,
1975 309 2065 362 AD
2100 307 2533 364 DEMETRIUM.
2573 307 2700 361 LIB.
2752 307 2794 360 l.

3658 307 3762 362 $00

2099 423 2436 495 σφοδροτάτῃ
2476 422 2570 475 καὶ
2605 422 2903 492 εἰλικρινεῖ.
2935 421 3104 474 Τοῦτο
3141 421 3227 490 δὴ,
3255 418 3412 473 τοῦτο
3443 419 3536 473 καὶ.
3591 438 3761 492 παρα-

2096 503 2288 574 στῆσαι
2325 501 2346 541 ῐ
2384 502 2706 573 βουλόμενος
2763 498 2912 554 εἶπεν
2941 519 2954 533 ·
2984 502 3254 569 Εὕχεσῡε
3296 500 3447 567 ὑπὲρ
3490 499 3608 554 τῶν
3650 500 3744 554 ἐπ-

2092 580 2457 650 ηρεαζόντων
2483 581 2666 650 ὑμᾶς’
2697 582 2831 653 ὅπερ
2875 580 3098 634 ἐπὶτῶν
3130 581 3331 652 σφόδρα
3375 579 3761 650 ἀγαπωμένων

2094 664 2267 714 ποιεῖν
2323 660 2591 731 εἰώθαμεν
2638 660 2816 732 μόνον.
2859 661 2970 714 Καὶ
3009 660 3096 711 ἵνα
3137 660 3209 730 μὴ
3263 660 3420 712 πάλιν
3454 657 3760 729 ὑπερϐολῆς

2093 743 2316 813 νομίσῃς
2358 738 2494 794 εἶναι
2545 742 2614 794 τὰ
2659 743 2896 812 ῥήματα,
2942 741 3036 794 καὶ
3072 739 3170 810 τὴν
3214 739 3517 810 διαϐολικὴν
3577 741 3760 791 ἐπεισο

2093 820 2306 892 ἀγάγῃς
2336 821 2569 890 ἀπάτην,
2593 821 2915 890 προστίθησι
2944 818 3021 889 τῷ
3050 820 3336 890 πράγματι
3365 817 3642 888 λογισμὸν,
3669 817 3762 871 καὶ

2095 899 2276 952 αἰτίαν
2329 899 2546 952 δικαίαν
2595 898 2801 966 λέγων·
2847 899 2981 953 Ἐὰν
3035 899 3147 968 γὰρ
3199 898 3550 966 ἀγαπήσητε
3621 897 3764 962 τοὺς

2094 976 2450 1047 ἀγαπῶντας
2496 977 2671 1046 ὑμᾶς,
2707 980 2841 1030 τίνα
2882 978 3104 1047 μισθὸν
3148 977 3348 1044 Extare;
3383 977 3521 1045 οὐχὶ
3569 975 3666 1028 καὶ
3707 978 3766 1027 οἱ

2097 1054 2347 1110 τελῶναι
2396 1056 2463 1110 τὸ
2514 1056 2660 1110 αὐτὸ
2719 1055 2870 1127 [129]
2925 1056 3101 1109 τοῦτο
3152 1056 3432 1117 ποιοῦσι;
3484 1055 3593 1108 Καὶ
3656 1054 3770 1106 ἐὰν

2096 1135 2463 1202 ἀσπάσησθε
2510 1135 2650 1201 τοὺς
2711 1133 3164 1200 ἀσπαζομένους
3219 1132 3404 1202 ὑμᾶς,
3453 1133 3510 1184 τί
3557 1145 3762 1199 περισ-

2097 1214 2214 1267 σὸν
2241 1216 2496 1280 ποιεῖτε;
2533 1216 2668 1284 οὐχὶ
2704 1216 2800 1268 καὶ
2832 1219 2886 1268 σί
2920 1215 3139 1268 ἐθνικοὶ
3173 1215 3350 1268 τοῦτο
3384 1213 3666 1266 ποιοῦσα⁴
3703 1215 3767 1278 g;

2099 1293 2269 1347 Ὅταν
2311 1291 2404 1347 οὖν
2437 1294 2542 1346 τῶν
2589 1294 2838 1347 τελωνῶν
2879 1293 2974 1347 καὶ
3010 1292 3117 1345 τῶν
3151 1293 3378 1346 ἐθνικῶν
3423 1293 3589 1363 μηδὲν
3624 1292 3767 1343 κατά

2095 1373 2253 1425 τοῦτο
2291 1373 2658 1443 διαφέρωμεν,
2705 1372 2824 1435 πῶς
2855 1372 2917 1425 οὐ
2949 1371 3167 1424 πενθεῖν
3201 1371 3348 1435 ἄξιον
3387 1371 3482 1424 καὶ
3533 1369 3765 1422 κατακό-

2098 1452 2348 1520 πτεσθαι;
2383 1455 2494 1506 Καὶ
2538 1452 2647 1506 εῖθε
2706 1450 2864 1505 τοῦτο
2910 1452 3067 1522 μόνον
3103 1447 3171 1522 ἦν
3219 1451 3279 1503 τὸ
3324 1451 3526 1504 δεινόν·
3575 1448 3670 1501 νῦν
3710 1447 3769 1500 δὲ

2096 1532 2348 1586 τοσούτου
2378 1531 2680 1601 ἀποδέομεν
2709 1533 2834 1595 τοὺς
2876 1531 3101 1602 ἐχθροὺς
3134 1532 3373 1600 ἀγαπᾷν,
3410 1530 3485 1592 ώς
3513 1529 3606 1581 καὶ
3640 1528 3766 1590 τοὺς

2096 1612 2425 1680 ἀγαπῶντας
2461 1611 2898 1682 ἀποστρέφεσθαι
2926 1611 3019 1663 καὶ
3052 1613 3248 1680 μισεῖν.
3275 1609 3347 1662 ’1‘6
3392 1608 3501 1678 γὰρ
3538 1605 3764 1682 βασκαί-

2096 1709 2208 1744 νειν
2253 1691 2348 1744 καὶ
2413 1681 2651 1760 φθονεῖν,
2689 1692 2781 1744 καὶ
2829 1691 2894 1743 δι’
2936 1683 3010 1742 ὧν
3063 1690 3373 1759 πράττομεν
3457 1689 3550 1741 καὶ
3590 1686 3657 1740 δι’
3690 1681 3766 1738 ὧν

2098 1769 2326 1840 λέγομεν
2384 1770 2482 1840 τὴν
2533 1769 2690 1835 δόξαν
2756 1768 2934 1822 αὑτῶν
2976 1768 3256 1838 καθαιρεῖν
3289 1768 3382 1820 καὶ
3427 1766 3524 1837 τὴν
3557 1763 3768 1818 εὐδοκί-

2103 1867 2285 1920 μησιν,
2344 1849 2451 1900 τῶν
2509 1848 2710 1920 σφόδρα
2779 1848 3076 1918 μισούντων
3127 1847 3220 1899 καὶ
3273 1843 3769 1916 ἀποστρεφομένων

2100 1928 2264 1981 ἐστίν.
2298 1927 2490 1992 Οὕτως
2516 1929 2575 1979 οὑ
2615 1930 2773 1998 μόνον
2810 1927 2915 1978 τῶν
2945 1925 3171 1980 ἐθνικῶν
3215 1925 3366 1977 οὐδὲν
3415 1924 3766 1994 διαφέρομεν,

2101 2005 2236 2059 ἀλλὰ
2261 2007 2354 2058 καὶ
2380 2005 2557 2074 πολλῷ
2581 2009 2758 2076 χεῖρον
2786 2005 2962 2058 αὐτῶν
2982 2009 3038 2058 ἐν
3059 2004 3232 2074 τούτῳ
3252 2002 3592 2073 διακείμεθα.
3608 2001 3718 2054 Καὶ
3739 2001 3773 2053 6

2103 2084 2202 2154 μέν
2223 2084 2454 2154 Χριστὸς
2477 2083 2726 2154 εὔχεσθαι
2751 2085 2890 2154 ὑπὲρ
2910 2084 3015 2136 τῶν
3034 2083 3444 2154 ἐπηρεαζόντων
3462 2081 3768 2140 ὲκέλευσεν.

2101 2164 2259 2232 ἡμεῖς
2285 2163 2340 2215 δὲ
2370 2163 2552 2226 δόλους
2583 2156 2878 2234 ῥάπτομεν,
2907 2164 2999 2216 καὶ
3027 2163 3151 2225 τοὺς
3182 2162 3599 2232 καταρωμένους
3619 2159 3772 2211 εύλο-

2101 2246 2216 2313 γεῖν
2255 2242 2654 2305 κελευσθέντες,
2693 2245 2910 2313 μυρίαις
2953 2245 3112 2314 ἀραῖς
3143 2242 3559 2314 περιϐάλλομεν.

2173 2321 2237 2373 Τί
2264 2321 2468 2393 ταύτης
2502 2321 2854 2392 σφοδρότερον
2882 2324 2978 2392 τῆς
3000 2322 3366 2384 ἐναντιώσεως
3387 2321 3580 2388 γένοιτ’
3599 2319 3662 2373 ἂν
3678 2319 3773 2371 καὶ

2100 2403 2198 2472 τῆς
2216 2400 2415 2471 μάχης,
2446 2404 2511 2474 ἣν
2537 2402 2820 2472 μαχόμεθα
2842 2400 2919 2470 τῷ
2945 2401 3115 2453 ταῦτα
3139 2400 3584 2470 νομοθετήσαντι,
3608 2399 3772 2450 πᾶσιν

2102 2482 2263 2536 αὑτοῦ
2285 2485 2396 2545 τοῖς
2418 2484 2832 2554 προστάγμασιν
2854 2484 2911 2548 ἐξ
2927 2483 3175 2543 ἐναντίας
3203 2481 3509 2549 ίστάμενοις
3533 2477 3644 2547 Τὴν
3663 2477 3773 2546 γὰρ

2101 2563 2202 2632 τῆς
2217 2553 2515 2628 κενοδοξίας
2533 2561 2839 2632 τυραννίδα,
2853 2560 3092 2630 ἣναὺτὸς
3112 2561 3208 2631 μὲν
3226 2559 3312 2611 διὰ
3329 2558 3435 2610 τῶν
3451 2557 3576 2626 ἑξῆς
3597 2560 3662 2628 ρη
3673 2558 3776 2625 μά·
3833 2553 3846 2564 “

2102 2659 2208 2694 των
2237 2642 2550 2705 κατέλυσεν,
2583 2642 2741 2712 ἡμεῖς
2778 2639 2834 2692 δὲ
2868 2639 3201 2712 ηὐξήσαμεν,
3243 2639 3341 2689 οὑκ
3377 2635 3469 2688 ἐπὶ
3493 2635 3590 2698 τὰς
3610 2635 3775 2703 εὑχάς

2106 2721 2265 2791 μόνον
2289 2721 2385 2774 καὶ
2413 2721 2665 2792 νηστείας
2687 2719 2891 2783 καὶτὰς
2915 2717 3302 2789 ἐλεημοσύνας,
3329 2715 3463 2769 ἀλλά
3483 2716 3577 2792 καὶ
3598 2715 3691 2765 ἐπὶ
3707 2713 3777 2792 τὰ

2102 2799 2238 2854 ἄλλα
2259 2800 2434 2854 πάντα
2457 2799 2581 2851 ἐλκύ
2591 2815 2778 2861 σαντες
2795 2799 2962 2868 αὐτῆς
2978 2797 3075 2868 τὴν
3093 2796 3286 2867 ἀρχὴν,
3303 2797 3396 2848 καὶ
3416 2791 3616 2856 παντὸς
3637 2791 3776 2861 μᾶλ-

2103 2879 2193 2931 λον
2212 2879 2599 2951 ἀργυρωνήτου
2618 2878 2644 2917 h
2663 2880 2728 2948 τῇ
2753 2876 2916 2948 μανίᾳ
2930 2875 3131 2946 ταύτης
3145 2875 3434 2936 ὑποθέντες
3451 2872 3674 2933 ἑαυτοὺς
3689 2871 3778 2923 διὰ

2104 2958 2162 3010 τὸ
2195 2959 2360 3010 πᾶσιν
2390 2953 2524 3009 εἷναι
2549 2957 2725 3023 δῆλον,
2762 2957 3023 3028 παρίημι,
3052 2954 3305 3009 τοσοῦτον
3339 2953 3530 3016 εἰπών,
3561 2953 3642 3005 ὅτι
3669 2951 3779 3004 τῶν

2104 3035 2409 3107 ἀνθρώπων
2449 3038 2500 3090 οἰ
2546 3037 2644 3106 μὲν
2688 3037 2769 3099 είς
2811 3036 3046 3106 ἐσχάτην
3085 3036 3490 3106 καταφρόνησιν
3529 3032 3777 3094 ἐκδόντες

2105 3115 2361 3181 ἑαυτοὺς,
2407 3114 2586 3168 οὐδενὶ
2629 3114 2735 3168 τῶν
2771 3115 3264 3186 προστεταγμένων
3301 3114 3678 3184 προσέχουσιν,
3725 3113 3775 3164 οἱ

2104 3194 2160 3246 δὲ
2206 3195 2271 3248 ἐκ
2327 3193 2587 3266 βραχείας
2658 3195 2855 3266 μοίρας
2909 3195 3205 3248 ὑπακούειν
3262 3195 3619 3264 θελήσαντες,
3683 3190 3779 3244 καί

2103 3290 2256 3338 τινας
2295 3274 2404 3326 τῶν
2457 3275 2688 3328 ἐντολῶν
2747 3275 2979 3344 φυλάξαι
3023 3275 3440 3339 σπουδάσαντες,
3485 3275 3578 3327 καὶ
3631 3268 3780 3326 οὗτοι

2107 3353 2268 3406 πάλιν
2315 3355 2395 3417 εἰς
2434 3355 2532 3424 τὴν
2565 3354 2733 3426 αὐτὴν
2764 3355 2993 3419 ἐκείνοις
3031 3355 3233 3426 ζημίαν
3265 3353 3659 3425 κατέστρεψαν,
3691 3351 3781 3404 διὰ

2105 3433 2166 3485 τὸ
2218 3433 2291 3504 μὴ
2345 3433 2568 3504 θελῆσαι
2619 3435 2722 3505 τῆς
2780 3435 3084 3498 κενοδοξίας
3125 3433 3495 3488 ἀποδύσασθαι
3529 3435 3655 3496 τοὺς
3694 3432 3781 3486 δε-

2108 3513 2296 3583 σμούς.
2324 3515 2432 3568 Καὶ
2476 3517 2504 3568 ὁ
2546 3517 2644 3586 μὲν
2681 3516 2798 3568 οὑδέ
2841 3517 2977 3580 ὅλως
3008 3517 3223 3570 δίδωσιν
3259 3514 3631 3585 ἐλεημοσύνην
3671 3515 3717 3577 ί,
3750 3515 3783 3568 ὁ

2107 3593 2164 3645 δέ
2200 3595 2452 3664 παρέχων
2495 3595 2593 3665 μὲν
2622 3598 2734 3659 τοῖς
2767 3595 3039 3666 δεομένοις
3088 3596 3209 3649 τινὰ
3248 3595 3356 3649 τῶν
3385 3595 3601 3654 ἑαυτοῦ,
3635 3594 3776 3664 μετά

2107 3673 2409 3738 κενοδοξίας
2443 3673 2500 3725 δέ
2531 3673 2688 3726 τοῦτο
2726 3676 2915 3738 ποιῶν,
2961 3675 3111 3727 οὐδὲν
3153 3675 3376 3746 ἄμεινον
3417 3673 3512 3725 τοῦ
3567 3673 3640 3743 μὴ
3688 3673 3778 3725 δε-

2105 3750 2339 3815 δωκότος
2388 3751 2676 3806 διάκειται.
2712 3752 2898 3816 Οὕτως
2923 3754 3169 3818 ἅπαντας
3211 3753 3545 3824 πανταχόθεν
3577 3754 3656 3815 είς
3682 3752 3782 3816 τὰς

2107 3830 2302 3883 ἐαυτοῦ
2359 3831 2590 3900 παγίδας
2650 3833 2900 3885 ἐνέϐαλεν
2945 3835 2974 3886 6
3038 3836 3301 3904 Πονηρός.
3347 3836 3410 3887 ΕΞ
3452 3833 3511 3887 δέ
3554 3851 3638 3896 τις
3686 3834 3782 3887 καὶ

2106 3911 2308 3984 ταύτην
2371 3911 2626 3982 δυνηθείη
2695 3913 2964 3966 διεκδῦναι
3020 3912 3174 3984 τὴνί
3238 3913 3458 3984 βλάϐην,
3510 3913 3616 3966 ὑπὸ
3681 3913 3782 3981 τῆς

2106 3990 2365 4052 ἀπονοίας
2411 3991 2794 4061 κατασχεθεὶς,
2845 3993 3005 4046 πάλιν
3077 3994 3138 4045 τὸ
3199 3993 3330 4045 αὐτὸ
3381 3993 3576 4063 πτῶμα
3648 4008 3780 4044 κατ-

2108 4071 2304 4134 έπεσε,
2365 4071 2565 4141 μᾶλλον
2621 4072 2678 4125 δέ
2733 4073 2825 4126 καὶ
2884 4073 3060 4143 πολλῷ
3107 4071 3518 4143 χαλεπώτερονο
3564 4071 3624 4124 ού
3672 4069 3781 4140 γάρ

2105 4149 2264 4222 τοῦτο
2307 4149 2604 4222 ζημιωθεὶς
2659 4152 2840 4221 μόνον,
2875 4152 3012 4222 ὅπερ
3047 4153 3322 4222 ἐποίησεν,
3369 4153 3610 4222 ἄπεισιν,
3647 4149 3782 4222 ἀλλά

2107 4220 2199 4273 καὶ
2247 4219 2413 4272 κακόν
2443 4238 2496 4273 τι
2550 4219 2894 4288 προσλαϐών.
2927 4219 3162 4286 Πολλοὺς
3195 4219 3267 4274 ’δὲ
3308 4222 3482 4288 ἔγωγε
3534 4219 3670 4280 οἶδα,
3719 4220 3780 4271 οὐ

2105 4291 2327 4352 ταύταις
2369 4291 2527 4360 μόνον
2558 4291 2946 4362 ἁλισκομένους
2993 4295 3114 4354 ταῖς
3141 4293 3364 4355 αἰτίαις,
3409 4291 3545 4344 ἀλλά
3576 4292 3669 4344 καὶ
3696 4291 3783 4343 διὰ

2109 4369 2172 4421 τὸ
2227 4369 2400 4436 φιλεῖν
2466 4374 2560 4422 καὶ
2612 4370 2698 4423 διά
2751 4371 2812 4423 τὸ
2872 4371 3271 4435 δυσωπεῖσθαι,
3312 4372 3404 4424 καὶ⁵
3463 4370 3529 4422 δι’
3591 4370 3781 4440 ἐτέρας

2125 4447 2327 4511 πολλὰς
2378 4449 2630 4512 τοιαύτας
2682 4449 3057 4519 ἐπαρκοῦντας
3091 4450 3394 4521 προφάσεις
3443 4453 3555 4512 τοῖς
3593 4449 3781 4519 δεομέ-

2117 4545 2267 4590 νοις,
2311 4529 2371 4580 ού
2427 4529 2516 4582 διὰ
2569 4529 2662 4581 τὸν
2699 4529 2793 4582 τοῦ
2840 4528 2976 4582 Θεοῦ
3029 4529 3192 4598 φόϐον
3240 4529 3334 4584 καὶ
3397 4528 3495 4599 τὴν
3539 4531 3780 4600 ἐντολήν.

2109 4606 2399 4659 Τοσούτων
2432 4603 2526 4660 οῦν
2569 4608 2738 4660 ὄντων
2776 4608 2882 4660 τῶν
2930 4607 3339 4678 λυμαινομένων
3381 4612 3498 4672 ταῖς
3553 4609 3784 4681 πράξεσι

2107 4693 2230 4753 ταῖς
2261 4691 2513 4759 ἀγαθαῖς,
2544 4693 2628 4752 τίς
2658 4693 2870 4762 ταχέως
2911 4692 3146 4762 σωθῆναι
3185 4693 3472 4765 δυνήσεται
3517 4695 3626 4747 τῶν
3660 4695 3785 4760 ςτούα

2106 4785 2220 4831 τοις
2259 4771 2755 4840 περιπεπτωκότων
2784 4774 2895 4835 τοῖς
2920 4775 3145 4836 κακοῖςς

2179 4847 2238 4901 ε’.
2258 4850 2332 4901 Τὸ
2365 4849 2443 4912 δέ,
2479 4851 2652 4918 Ἄφες
2679 4851 2822 4919 ἡμῖν
2849 4854 2922 4903 τὰ
2955 4852 3324 4920 ὀφειλήματα
3350 4851 3538 4921 ἡμῶν,
3571 4853 3652 4918 ὡς
3683 4851 3783 4906 καὶ

2109 4928 2280 4997 ἡμεῖς
2313 4930 2563 4998 ἀφίεμεν
2590 4937 2714 4995 τοῖς
2742 4929 3075 4997 ὀφειλέταις
3103 4930 3290 4999 ἡμῶν,
3326 4931 3406 4994 τίς
3436 4931 3543 5001 ἀρα
3576 4933 3604 4985 6
3645 4933 3786 5002 μετά

2120 5009 2433 5078 παῤῥησίας
2492 5007 2660 5077 ἐρῶνς
2717 5009 2836 5062 Κᾶν
2886 5008 2994 5079 γὰρ
3043 5012 3207 5081 μηδὲν
3260 5011 3604 5082 ἀδικήσωμεν
3656 5015 3785 5075 τοὺς

2112 5087 2369 5156 ἐχθροὺς,
2421 5087 2536 5141 ἀλλ’
2580 5089 2728 5158 ὅμως
2767 5087 2863 5158 τὴν
2929 5089 3144 5160 πληγὴν
3206 5090 3422 5144 ἀνίατον
3468 5091 3688 5161 ἔχομεν.
3726 5091 3785 5142 '0

2109 5167 2163 5219 δὲ
2217 5169 2449 5239 Χριστὸς
2484 5171 2580 5240 οὐχ
2627 5168 2800 5231 οὕτως
2857 5171 3077 5240 ἀφιέναι
3129 5171 3373 5241 βούλεται
3422 5173 3601 5241 μόνον,
3647 5172 3786 5226 ἀλλὰ

2109 5248 2204 5299 καὶ
2233 5250 2316 5311 εἰς
2341 5250 2468 5311 τοὺς
2513 5249 2763 5320 πρώτους
2788 5249 2896 5301 τῶν
2931 5251 3102 5319 φίλων
3134 5253 3333 5315 αὑτοὺς
3377 5252 3652 5322 ἀριθμεῖν.
3684 5252 3785 5304 Διὶ

2111 5325 2271 5378 τοῦτο
2323 5326 2474 5395 γοῦν,
2543 5327 2727 5390 καθὼς
2784 5327 2952 5400 ἔφθην
3006 5328 3195 5395 εἰπὼν,
3247 5331 3342 5384 καὶ
3386 5331 3784 5404 ὑπερεύχεσθαι

2173 5465 2199 5534 ε
2220 5468 2354 5534 (ἒοῖζι-
2370 5470 2463 5534 Καὶ
2478 5469 2620 5534 τοῦτο
2638 5485 2756 5534 παρέ

2174 5531 2200 5569 8
2221 5530 2357 5601 (Iplb:
2387 5532 2578 5601 ἐᾲνλιάρ
2599 5530 2871 5601 ἀγαπᾶτε...
2906 5532 2961 5580 τὸ
2983 5531 3099 5581 αὑτὸ
3130 5534 3366 5593 ποιοῦσιν,
3390 5534 3470 5582 καὶ
3496 5535 3575 5583 ἐὰν
3599 5537 3780 5584 ὀισπ...

2110 5591 2280 5639 ἐθνικοὶ
2308 5593 2363 5640 τὸ
2383 5591 2763 5649 αὑτὸγποιοῦσινς

2172 5651 2199 5689 h
2231 5652 2594 5719 ’ᾼργυρωνήτου
2626 5655 2772 5704 deest
2811 5657 2859 5704 in
2904 5654 3042 5706 Colb.
3083 5656 3194 5706 Mox
3236 5658 3348 5708 Sav.
3369 5665 3423 5706 el
3456 5657 3593 5708 Colb.
3621 5659 3786 5719 δῆλον,

2111 5713 2262 5764 Morel
2273 5751 2283 5761 .
2295 5713 2464 5772 δήλην,
2479 5717 2675 5764 melius.
3501 5737 3506 5742 λ

2180 5778 2195 5814 ι
2223 5775 2360 5843 ςριι).
2384 5777 2464 5843 διά
2479 5777 2534 5824 τὸ
2557 5779 2620 5838 μὴ
2654 5779 2847 5837 θελῆσαι
2869 5780 3063 5841 φυλάξαι
3097 5781 3206 5838 τοὺς
3237 5779 3457 5843 θεσμοὺς,
3479 5782 3560 5830 καὶ
3593 5783 3617 5829 ὑ
3643 5780 3787 5835 μὲν...

2116 5840 2199 5894 τὴν
2234 5837 2568 5896 ἐλεημοσύνην.

2187 5898 2199 5948 i
2229 5899 2348 5949 Culb
2398 5900 2570 5956 ταύτην
2596 5901 2806 5952 διαδῦναι
2828 5903 3040 5964 δυνηθείη
3061 5904 3161 5963 τήν.
