4116 6392
338 456 431 513 601
1217 449 1303 505 DE
1340 444 1889 510 COMPUNCTIONE,
1929 440 2021 498 AD
2063 439 2488 500 DEMETRlUll.
2532 443 2657 498 LIB.
2701 444 2740 500 l.

337 572 466 628 nihil
498 570 709 641 quidem
758 568 940 632 laedas,
983 566 1077 622 sed
1104 564 1374 620 averseris
1395 603 1411 630 ,
1444 577 1546 617 nec
1574 560 1783 632 placide
1832 573 1921 613 re-

338 666 533 733 spicias
552 706 566 729 ,
590 665 884 734 vulnusque
906 662 960 716 in
980 660 1160 716 animo
1180 672 1463 714 conserves
1484 698 1502 724 ,
1524 654 1759 712 nondum
1782 669 1919 725 prae-

338 765 553 826 ceptum
606 764 930 825 exsequutus
988 768 1090 819 es,
1138 750 1278 822 quod
1326 750 1567 807 Christus
1612 747 1776 804 dedit.
1817 746 1927 802 Cur

340 861 473 917 ergo
506 846 676 901 Deum
708 847 792 911 iis,
822 845 911 915 qui
935 844 987 899 in
1016 853 1067 898 te
1096 842 1454 913 peccaverint,
1488 839 1777 911 propitium
1805 853 1926 895 esse

340 954 498 1009 rogas
522 978 537 1003 ,
563 954 683 992 cum
711 937 950 992 nondum
979 945 1035 992 tu
1065 936 1194 1005 ipsis
1223 935 1480 1005 propitius
1515 934 1590 988 sis
1613 933 1637 987 ?
1663 931 1796 987 Illud
1827 947 1927 985 au-

342 1042 449 1087 tem
496 1032 725 1087 irridens
764 1032 978 1103 quidam
1023 1030 1324 1100 sapientum
1373 1030 1448 1082 ait
1481 1045 1493 1081 :
1528 1025 1694 1080 Homo
1735 1024 1929 1079 homini

342 1134 600 1178 conservat
628 1125 757 1178 iram
780 1166 796 1190 ,
826 1133 871 1177 et
891 1140 923 1177 a
948 1122 1161 1177 Domino
1188 1121 1371 1192 quaerit
1413 1120 1706 1174 medelam?
1734 1119 1931 1173 miseri-

341 1218 571 1271 cordiam
608 1234 709 1271 non
732 1216 879 1270 habet
916 1232 1035 1286 erga
1060 1215 1310 1269 hominem
1335 1212 1428 1267 sibi
1455 1212 1699 1281 aequalem
1721 1253 1737 1278 ,
1767 1220 1812 1265 et
1837 1227 1930 1281 pro

346 1319 548 1381 peccato
568 1326 658 1364 suo
683 1309 957 1379 precatur?
994 1324 1113 1362 caro
1138 1324 1252 1361 cum
1279 1309 1385 1378 ipse
1410 1307 1473 1361 sit
1498 1346 1514 1371 ,
1545 1316 1708 1360 servat
1752 1305 1882 1358 iram
1904 1303 1931 1358 ζ)

346 1400 530 1469 etquis
573 1399 927 1470 prapitiabitur
972 1398 1188 1469 peccatis
1228 1398 1338 1467 ejus
1370 1396 1571 1467 (Eccli.
1601 1401 1697 1457 28.
1745 1393 1927 1466 5—5)?

351 1490 551 1547 Vellem
579 1492 685 1560 jam
733 1491 893 1545 silere
928 1498 983 1544 et
1027 1488 1294 1544 sermonis
1333 1502 1549 1543 cursum
1590 1497 1781 1541 srstere
1813 1504 1826 1539 :
1858 1485 1931 1540 ita

348 1582 552 1652 pudore
602 1579 848 1645 afﬁcior,
905 1594 1203 1649 vereorque
1247 1578 1467 1633 ulterius
1513 1576 1932 1647 progredi:hoc

348 1674 491 1728 enim
515 1673 731 1737 bellum,
761 1670 903 1742 quod
930 1672 1196 1725 movimus
1217 1677 1403 1725 contra
1426 1678 1688 1739 pratcepta
1708 1667 1929 1732 Christi,

350 1764 787 1834 inimicitiamque
840 1760 1377 1827 irreeonciliabilem,
1429 1759 1628 1814 clarius
1673 1759 1775 1813 hoc
1815 1771 1928 1813 ser-

351 1871 508 1911 mone
534 1855 948 1910 demonstratur.
979 1852 1085 1909 Sed
1128 1852 1253 1923 quid
1297 1851 1429 1906 lucri
1482 1866 1546 1906 ex
1586 1850 1797 1906 silentio
1828 1866 1926 1904 no-

350 1958 496 2015 stro,
525 1950 684 2004 rebus
714 1948 843 2018 ipsis
887 1962 1128 2018 pugnam
1147 1946 1294 2001 illam
1334 1944 1706 2011 clamantibus,
1742 1951 1797 1999 et
1838 1943 1930 1997 illo

350 2039 437 2112 qui
464 2057 560 2096 nos
575 2040 905 2110 judicaturus
928 2048 1029 2106 est,
1051 2038 1230 2093 omnia
1249 2038 1528 2107 pchpieue
1551 2043 1931 2106 cognoscente,

349 2136 438 2191 vel
467 2145 589 2189 ante
615 2150 792 2189 rerum
827 2132 1116 2189 eventum?
1144 2131 1474 2200 Prazceptum
1510 2130 1637 2184 illud
1675 2144 1779 2183 non
1812 2128 1933 2186 the-

351 2227 654 2281 saurizandi
686 2229 735 2280 in
777 2234 954 2286 terra.
1005 2224 1099 2279 sed
1148 2225 1200 2278 in
1231 2223 1394 2287 czelo,
1448 2222 1657 2278 etiamsi
1697 2236 1931 2293 paucos,

351 2318 637 2372 nonnullos
666 2326 839 2371 tamen
868 2316 1104 2386 reperias
1127 2357 1141 2380 ,
1168 2315 1258 2386 qui
1282 2323 1528 2370 accurate
1562 2313 1931 2370 custodierint.

350 2408 489 2464 Nam
500 2410 678 2464 cancri
697 2422 904 2475 omnes,
924 2422 985 2462 ac
1000 2408 1043 2461 si
1057 2406 1383 2462 contrarium
1404 2420 1621 2477 prorsus
1636 2404 1932 2472 audissent,

346 2500 588 2571 jussique
616 2508 797 2555 essent
820 2500 871 2552 in
900 2508 1037 2553 terra
1063 2497 1423 2553 thesaurizare
1445 2537 1461 2564 ,
1507 2496 1728 2553 dimisso
1754 2497 1891 2552 c:elo
1915 2539 1931 2562 ,

353 2594 575 2649 terrenis
594 2593 841 2648 omnibus
857 2606 1074 2662 prorsus
1091 2591 1386 2657 adhaerent,
1407 2599 1461 2645 et
1478 2590 1665 2644 insano
1685 2590 1935 2659 pecunias

351 2684 635 2755 colligendi
668 2684 852 2751 ,studio
882 2692 1146 2747 tenentur,
1178 2682 1451 2751 Deumque
1477 2681 1600 2735 odio
1631 2680 1891 2734 habentes
1915 2721 1930 2743 ,

351 2793 652 2832 mamona-m
680 2776 903 2845 diligunt
931 2792 944 2829 :
972 2774 1098 2828 illud
1130 2782 1305 2828 autem
1326 2815 1341 2837 ,
1392 2770 1445 2826 Ν
1454 2790 1480 2826 e
1510 2772 1712 2827 solliciti
1736 2772 1846 2825 sitis
1872 2771 1935 2824 de

351 2868 571 2922 crastino
602 2868 614 2897 ι
660 2866 872 2937 (Matth.
903 2864 955 2920 6.
992 2864 1117 2935 54),
1152 2864 1419 2919 neminem
1465 2863 1547 2918 vel
1590 2862 1803 2917 audisse
1850 2862 1931 2917 vel

352 2959 659 3029 amplexum
706 2972 828 3014 esse
876 2958 997 3011 novi
1045 2956 1115 3012 ob
1174 2956 1297 3011 fidei
1342 2966 1537 3011 nostra:
1597 2957 1929 3010 tenuitatem.

350 3048 683 3119 Quapropter
724 3048 825 3103 hoc
870 3059 1191 3117 przeceptum
1239 3062 1347 3116 prre
1398 3045 1598 3116 pudore
1629 3046 1932 3115 prmteribo.

352 3139 641 3206 Oportebat
668 3138 881 3192 Christo
909 3152 1024 3191 eam
1054 3136 1368 3192 sententiam
1395 3136 1707 3206 simpliciter
1741 3136 1931 3191 ferenti

351 3230 508 3283 fidem
541 3229 770 3294 habere;
801 3245 942 3284 nunc
968 3238 1174 3292 autem,
1210 3229 1333 3284 licet
1360 3229 1549 3283 invicta
1580 3229 1855 3283 ratiocinia
1877 3238 1932 3283 et

349 3322 593 3391 exempla
620 3322 806 3377 aﬂ'erat
829 3364 844 3389 ,
872 3322 1048 3375 avium
1074 3321 1327 3376 videlicet
1348 3332 1403 3376 et
1430 3321 1556 3375 freni
1579 3363 1593 3387 ,
1624 3321 1721 3391 ipsi
1752 3331 1930 3376 tamen

350 3428 457 3468 non
507 3414 809 3479 credimus;
864 3414 958 3468 sed
1011 3412 1460 3484 quemadmodum
1512 3412 1613 3483 ipsi
1665 3415 1926 3484 gentiles,

349 3505 457 3558 imo
484 3503 708 3559 fortasse
741 3504 974 3559 timidius
998 3520 1155 3575 quam
1185 3504 1298 3571 illi,
1328 3506 1429 3560 etsi
1452 3519 1547 3574 pro
1575 3505 1678 3560 illis
1727 3505 1930 3573 precari

349 3613 455 3651 non
476 3597 784 3667 jubeamur,
819 3613 1033 3651 omnem
1067 3597 1117 3651 in
1151 3596 1233 3651 his
1265 3598 1393 3666 ipsis
1423 3597 1583 3652 rebus
1612 3597 1928 3652 sollicitudi-

350 3703 472 3742 nem
517 3688 891 3759 impendimus.
925 3688 1035 3742 Hoc
1082 3688 1280 3758 igitur,
1324 3698 1380 3742 ut
1418 3688 1560 3754 dixi,
1606 3676 1929 3759 praeceptum

350 3797 470 3835 cum
502 3783 698 3836 rubore
723 3782 1009 3851 przeteribo
1031 3823 1047 3848 ,
1081 3791 1136 3836 et
1175 3780 1242 3835 ad
1288 3781 1565 3851 sequentia
1600 3796 1814 3851 pergam
1836 3822 1852 3847 ,
1884 3783 1929 3836 si

351 3873 489 3929 forte
539 3890 635 3943 pro
678 3874 986 3942 huiusmodi
1036 3874 1238 3943 pudore
1278 3874 1507 3943 aliquam
1536 3914 1552 3941 ,
1583 3875 1665 3929 vel
1716 3884 1929 3929 tenuem

350 3964 769 4018 consolationem
800 3965 1083 4033 reperiam.
1107 3964 1243 4032 Quid
1264 3980 1392 4034 ergo
1412 3965 1541 4020 dicit
1568 3965 1792 4035 postea?
1819 3964 1933 4020 No-

353 4056 436 4109 lite
452 4057 721 4126 judicare,
761 4066 817 4110 ut
846 4074 947 4110 non
985 4058 1287 4126 judicemini
1313 4058 1528 4129 (Matth.
1556 4060 1609 4115 7.
1639 4057 1715 4131 1).
1766 4058 1929 4115 Puta-

351 4145 474 4201 bam
498 4162 595 4216 ego
624 4146 709 4200 hic
748 4162 833 4202 me
873 4146 1103 4217 aliquam
1134 4148 1351 4217 pudoris
1379 4150 1803 4207 consolationem
1841 4166 1929 4207 re-

353 4248 624 4307 perturum
649 4253 768 4293 esse
793 4256 806 4303 ;
851 4239 946 4294 sed
975 4239 1128 4293 video
1152 4240 1391 4309 ejusdem
1424 4242 1637 4311 pudoris
1662 4244 1929 4300 accessio-

353 4344 475 4382 nem
507 4344 615 4383 non
644 4328 939 4384 minimam.
971 4331 1180 4387 Etenim
1210 4333 1417 4387 etiamsi
1458 4333 1591 4387 nihil
1617 4334 1760 4389 aliud
1807 4337 1932 4390 mali

352 4419 663 4475 fecissemus
686 4461 701 4486 ,
723 4420 808 4475 vel
840 4422 940 4477 hoc
966 4438 1129 4477 unum
1159 4432 1344 4492 posset
1390 4438 1489 4478 nos
1533 4424 1586 4478 in
1633 4433 1932 4481 extremam

351 4511 651 4581 gehennam
676 4511 974 4578 abducere;
1021 4514 1092 4568 ita
1134 4514 1341 4569 scilicet
1382 4514 1680 4571 alienorum
1710 4515 1934 4573 delicto-

354 4620 472 4658 rum
520 4605 698 4659 acerbi
735 4605 941 4675 judices
984 4607 1271 4675 sedemus,
1320 4608 1446 4663 dum
1494 4610 1671 4665 trabes
1722 4622 1933 4667 nostras

355 4698 678 4777 despicimus
712 4717 724 4754 :
755 4709 913 4770 atque
956 4701 1012 4756 in
1040 4701 1229 4757 alienis
1275 4703 1485 4757 curiose
1510 4704 1842 4773 inquirendis
1880 4714 1934 4760 et

352 4790 669 4844 damnandis
698 4799 807 4846 tota
833 4791 940 4846 vita
974 4793 1304 4848 consumitur
1326 4803 1527 4849 nostra.
1556 4797 1635 4849 Ac
1664 4797 1931 4851 neminem

352 4880 511 4936 facile
555 4881 827 4947 invenias,
874 4898 974 4938 nec
1019 4885 1328 4940 saecularem
1359 4885 1566 4953 virum,
1613 4902 1713 4942 nec
1746 4903 1933 4943 mona-

352 4971 639 5037 chum,nec
654 4972 905 5028 clericum
918 4975 1033 5040 ',ab
1050 4974 1151 5030 hac
1164 4977 1317 5046 culpa
1334 4977 1584 5032 liberum:
1598 4979 1804 5033 etiamsi
1822 4988 1931 5034 tan-

355 5073 405 5116 ta
436 5063 778 5117 comminatio
804 5064 1044 5135 adjaceat
1069 5083 1085 5121 :
1117 5065 1181 5120 In
1208 5084 1306 5137 quo
1347 5068 1481 5122 enim
1510 5070 1707 5141 judicio
1727 5072 1934 5143 judica-

354 5156 523 5209 veritis
552 5198 567 5223 ,
610 5157 1002 5226 judicabimini,
1086 5156 1280 5231 inquit,
1328 5171 1377 5217 et
1447 5164 1501 5217 in
1558 5181 1658 5237 qua
1698 5182 1934 5221 mensura

354 5248 513 5300 mensi
540 5248 761 5317 fueritis,
785 5250 1067 5303 remetietur
1090 5250 1224 5304 vobis
1254 5249 1464 5321 (Matth.
1497 5254 1550 5308 7.
1574 5254 1656 5325 2).
1683 5256 1931 5312 Attamen

353 5354 475 5393 cum
507 5338 606 5393 hoc
637 5348 910 5409 peceatum
957 5350 1156 5395 tantam
1201 5357 1462 5399 annexam
1513 5360 1759 5414 pinnam,
1812 5349 1935 5403 nul-

355 5431 568 5501 lamque
616 5434 943 5502 voluptatem
1000 5434 1225 5501 habeat,
1274 5450 1463 5491 omnes
1506 5438 1558 5493 in
1606 5439 1707 5494 hoc
1735 5441 1932 5497 malum

360 5522 660 5591 prrecipites
676 5526 959 5589 currimus,
980 5540 1041 5580 ac
1060 5526 1105 5580 si
1128 5525 1180 5581 id
1197 5526 1582 5596 studeamus,in
1597 5529 1698 5585 hoc
1711 5542 1933 5588 conten-

358 5612 550 5668 damus
571 5624 752 5670 utnon
773 5631 865 5685 per
881 5631 1039 5671 unam
1063 5615 1259 5682 solum,
1280 5618 1373 5673 sed
1396 5633 1491 5689 per
1512 5620 1709 5675 multas
1724 5636 1933 5694 quoque

416 5727 433 5788 ξ
452 5733 614 5781 Deest.
635 5726 694 5778 de
716 5728 942 5785 crastino,
968 5730 1016 5777 in
1038 5729 1166 5777 Colb.
1193 5736 1293 5778 Mox
1315 5730 1436 5785 haec.
1453 5730 1511 5782 ob
1533 5731 1651 5788 ﬁdei
1668 5742 1844 5787 nostra:
1864 5744 1935 5788 te-

349 5786 594 5863 nuitatem,
618 5791 796 5863 desunt
817 5794 869 5840 in
889 5788 1018 5840 Colb.
1046 5798 1098 5840 et
1120 5793 1167 5841 in
1200 5791 1361 5852 Savil.,
1384 5794 1473 5843 sed
1495 5786 1554 5844 ad
1577 5799 1759 5848 seriem
1782 5786 1933 5863 perti-

349 5862 474 5900 nere
499 5851 736 5899 videntur.

411 5913 433 5943 ι
466 5912 637 5974 Verba,
653 5925 739 5962 nec
762 5911 1009 5967 clericum.
1030 5914 1079 5962 in
1099 5912 1230 5965 Colb.
1257 5922 1309 5965 et
1330 5915 1468 5967 Savil.
1488 5916 1682 5971 desunt.

691 5997 962 6062 PATROL.
1008 6003 1122 6061 Gn.
1172 6000 1421 6064 XLVII.

3498 447 3607 504 402

2030 557 2144 610 vias
2156 554 2208 610 in
2226 554 2483 627 gehennae
2499 559 2764 613 caminum
2786 558 3348 629 ingrediamur.Neque
3364 559 3535 614 solum
3554 562 3608 616 in

2030 662 2091 702 ea
2108 663 2227 720 qua:
2240 646 2504 705 laboriosa
2523 664 2643 707 esse
2660 650 2923 719 videntur,
2938 652 3031 707 sed
3049 653 3206 708 etiam
3232 654 3245 685 ¹
3267 655 3319 708 in
3338 654 3531 709 leviora
3550 656 3612 710 il-

2030 739 2097 795 lis
2118 740 2366 798 similiter
2383 741 2686 810 incidimus,
2708 754 2762 800 et
2784 743 2899 802 haec
2916 755 2971 801 et
3004 746 3091 801 illa
3124 748 3321 818 pariter
3346 740 3622 818 transgre-f

2030 832 2240 889 dientes
2271 850 2285 886 :
2312 847 2375 889 ac
2397 848 2494 904 per
2520 833 2656 890 levia
2671 806 3014 891 ostendimus
3039 878 3053 901 ,
3083 806 3180 893 nbs
3217 806 3523 897 difficiliora,
3545 806 3625 904 ot;i

2031 931 2416 995 contemptum,
2453 940 2559 980 non
2605 926 2674 981 ob
2699 930 3009 997 gravitatem
3055 942 3475 1002 praeceptorum,
3507 951 3612 991 non

2032 1015 2311 1085 perficere.
2341 1016 2496 1083 Nam,
2527 1018 2614 1074 dic
2643 1019 2772 1074 mihi
2796 1061 2813 1087 ,
2845 1022 2971 1092 quid
3020 1023 3218 1079 laboris
3240 1024 3378 1081 inest
3408 1028 3461 1082 in
3505 1044 3614 1084 non

2033 1104 2243 1164 curiose
2273 1110 2640 1180 perquirendis
2667 1113 2853 1168 alienis
2878 1116 3134 1185 negotiis,
3163 1127 3215 1171 et
3242 1118 3293 1172 in
3336 1136 3439 1174 non
3466 1121 3617 1174 dam-

2035 1198 2228 1253 nandis
2255 1202 2620 1271 proximorum
2658 1202 2906 1260 delictis?
2941 1206 3138 1261 Contra
3168 1224 3296 1264 vero
3345 1210 3617 1268 laboratur

2035 1307 2163 1347 sane
2194 1293 2249 1347 in
2293 1295 2501 1349 curiosa
2549 1297 2639 1351 tali
2682 1300 3065 1368 perquisitione
3096 1314 3148 1358 et
3199 1303 3252 1358 in
3295 1303 3499 1373 judicio
3547 1306 3615 1362 de

2033 1383 2152 1437 aliis
2182 1385 2422 1441 ferendo.
2451 1386 2580 1455 Quis
2602 1388 2761 1459 igitur
2780 1391 2894 1446 haec
2922 1393 3163 1461 audiens,
3194 1395 3346 1450 nobis
3366 1413 3615 1467 umquam

2035 1476 2253 1543 credat,
2282 1478 2422 1549 quod
2453 1479 2659 1535 scilicet
2686 1497 2751 1537 ex
2786 1485 3011 1555 segnitie
3031 1528 3047 1552 ,
3080 1502 3187 1541 non
3216 1496 3393 1543 autem
3424 1489 3491 1545 de
3536 1491 3617 1545 in-

2035 1567 2239 1625 dustria
2267 1581 2321 1625 et
2361 1571 2571 1628 defectu
2612 1574 2898 1631 voluntatis
2936 1577 3002 1631 ad
3033 1579 3484 1648 praevaricandum
3527 1597 3617 1638 ac-

2036 1660 2326 1717 cedamus?
2353 1662 2485 1717 Cum
2510 1665 2652 1719 enim
2680 1682 2798 1737 quze
2837 1668 3235 1741 praecipiuntur,
3267 1671 3400 1727 levia
3437 1683 3493 1729 et
3534 1673 3618 1729 fa-

2036 1753 2158 1808 cilia
2185 1762 2309 1808 sunt
2337 1755 2669 1824 volentibus;
2711 1774 2829 1829 qua:
2858 1771 3035 1815 autem
3063 1773 3329 1830 vetantur,
3357 1766 3533 1836 gravia
3561 1776 3618 1824 et

2038 1845 2232 1902 laboris
2262 1847 2417 1917 plena
2437 1890 2452 1916 ,
2485 1864 2693 1921 nosque
2731 1860 2909 1909 tamen
2934 1854 3154 1911 dimisso
3184 1869 3470 1928 praecepto,
3498 1876 3617 1931 quat

2038 1937 2199 1992 vetita
2242 1948 2367 1994 sunt
2413 1939 2682 1999 facimus:
2713 1959 2891 2000 annon
2940 1932 3294 2005 contendendi
3338 1968 3459 2007 cum
3507 1954 3620 2010 Deo

2036 2044 2216 2096 causa,
2246 2047 2343 2087 nos
2369 2034 2484 2090 haec
2512 2046 2727 2105 peccata
2747 2038 3029 2096 admittere
3052 2042 3232 2097 dicent
3259 2044 3505 2101 inimici?
3532 2048 3620 2102 At-

2037 2123 2182 2177 enim
2207 2124 2347 2195 quod
2378 2126 2509 2181 nihil
2535 2127 2734 2183 laboris
2759 2132 3038 2201 pmceptis
3077 2132 3277 2189 Christi
3308 2135 3470 2203 insit,
3505 2136 3621 2206 ipse

2039 2216 2404 2285 pronuntiavit
2450 2216 2537 2272 his
2580 2218 2798 2274 verbis:
2833 2220 3018 2277 Tollite
3041 2224 3229 2294 jugum
3270 2242 3436 2279 meum
3469 2242 3621 2297 super

2038 2322 2127 2361 vos
2151 2323 2171 2362 :
2184 2309 2372 2381 jugum
2409 2309 2543 2363 enim
2573 2327 2739 2365 meum
2782 2329 2935 2368 suave
2961 2325 3035 2369 est
3074 2326 3119 2369 et
3149 2332 3275 2371 onus
3320 2334 3484 2373 meum
3514 2320 3620 2373 leve

2040 2400 2254 2471 (Matth.
2286 2402 2506 2473 “.29).
2542 2403 2646 2460 Sed
2677 2420 2773 2461 nos
2797 2406 3093 2463 incredibili
3134 2410 3358 2479 segnitie
3401 2411 3454 2467 id
3495 2411 3619 2467 faci-

2041 2509 2160 2549 mus
2179 2534 2194 2560 ,
2223 2506 2280 2549 ut
2300 2512 2416 2565 qua:
2447 2496 2580 2552 levia
2607 2509 2729 2552 sunt
2747 2538 2763 2564 ,
2788 2500 2966 2553 multis
2989 2500 3170 2569 gravia
3190 2512 3501 2571 appareant.

2118 2586 2268 2641 Levia
2300 2604 2390 2658 per
2414 2590 2674 2660 segnitiem
2693 2591 2865 2661 gravia
2888 2632 2903 2659 ,
2928 2605 2974 2645 et
2997 2593 3172 2663 gravia
3198 2610 3287 2665 per
3309 2595 3620 2652 alacritatem

2042 2679 2169 2732 levia
2188 2680 2701 2750 e/ﬁciuntur.—Sane
2725 2682 2773 2736 ei
2795 2683 2883 2753 qui
2898 2698 3110 2752 semper
3133 2685 3286 2740 otiari
3314 2696 3367 2742 et
3387 2686 3620 2744 dormire

2041 2772 2202 2839 velit,
2233 2772 2316 2826 vel
2345 2772 2458 2842 ipse
2495 2773 2645 2828 cibus
2690 2782 2744 2829 et
2774 2785 2927 2843 potus
2954 2790 3171 2843 prorsus
3198 2790 3461 2833 onerosus
3500 2793 3622 2835 esse

2041 2864 2269 2931 videtur;
2310 2865 2401 2935 qui
2429 2880 2557 2921 vero
2585 2865 2801 2936 vigilant
2827 2876 2883 2921 et
2924 2868 3222 2934 excubant,
3261 2884 3333 2926 ne
3358 2869 3621 2925 mirabilia

2039 2956 2252 3025 quidem
2291 2964 2346 3012 et
2372 2956 2535 3011 ardua
2566 2957 2864 3028 refugiunt,
2909 2958 3004 3014 sed
3034 2973 3154 3015 cum
3196 2960 3387 3031 majori
3429 2961 3620 3019 ﬁducia

2042 3048 2158 3103 haec
2177 3048 2392 3119 aggredi
2420 3050 2640 3118 audent,
2661 3066 2818 3121 quam
2835 3051 2967 3106 levia
2988 3066 3179 3121 segnes
3197 3062 3252 3109 et
3279 3054 3620 3111 somnolenti.

2038 3142 2183 3199 Nihil
2209 3145 2373 3213 enim,
2398 3143 2528 3199 nihil
2550 3144 2731 3215 utique
2748 3146 2819 3199 ita
2843 3143 2998 3200 facile
3026 3154 3145 3214 est,
3178 3147 3304 3217 quin
3331 3147 3618 3203 admodum

2039 3253 2200 3309 grave
2227 3247 2282 3294 et
2309 3253 2593 3294 onerosum
2624 3238 2815 3308 ingens
2842 3247 3026 3294 nostra
3051 3240 3309 3310 segnities
3334 3243 3617 3297 ostendat:

2043 3329 2491 3400 quemadmodum
2538 3330 2670 3386 nihil
2711 3329 2783 3385 ita
2826 3329 3019 3387 durum
3049 3340 3141 3387 aut
3179 3331 3431 3401 difficile,
3478 3333 3621 3404 quod

2042 3437 2149 3477 non
2179 3422 2480 3479 sollicitudo
2507 3432 2562 3479 et
2605 3423 2850 3478 alacritas
2899 3423 3184 3478 admodum
3213 3422 3369 3481 facile
3413 3426 3621 3483 reddat.

2042 3515 2308 3583 Quidnam
2329 3556 2343 3581 ,
2390 3514 2477 3570 dic
2522 3514 2652 3570 mihi
2673 3555 2687 3579 ,
2718 3515 2997 3570 molestius
3022 3524 3170 3582 erat,
3199 3530 3356 3586 quam
3385 3517 3622 3586 quotidie

2044 3609 2368 3680 periclitari,
2397 3610 2506 3665 imo
2556 3609 2743 3678 capitis
2794 3608 3086 3679 periculum
3124 3608 3344 3665 subire?
3374 3611 3621 3665 Attamen

2042 3700 2094 3755 id
2135 3700 2253 3756 leve
2290 3701 2502 3756 vocavit
2538 3701 2728 3757 beatus
2765 3700 2960 3756 Paulus
3003 3701 3086 3756 bis
3122 3701 3337 3757 verbis:
3362 3700 3431 3755 1d
3462 3702 3619 3769 enim,

2041 3796 2176 3866 quod
2203 3794 2256 3849 in
2282 3795 2520 3865 prtesenti
2543 3803 2618 3849 est
2642 3802 3042 3848 momentaneum
3062 3804 3109 3849 et
3134 3794 3239 3849 leve
3262 3793 3621 3863 tribulationis,

2038 3902 2196 3956 supra
2244 3884 2449 3940 modum
2475 3884 2528 3939 in
2576 3884 2882 3939 sublimitate
2919 3894 3161 3940 internum
3199 3885 3377 3957 gloria:
3423 3884 3621 3955 pondus

2038 3985 2275 4045 operatur
2314 3981 2368 4035 in
2400 3978 2546 4035 nobis
2566 3975 3058 4052 (2.Cor.4.i7.18).
3098 3974 3232 4032 Nam
3256 3976 3358 4032 etsi
3404 3991 3493 4031 res
3521 3991 3621 4032 na-

2041 4079 2154 4125 tura
2184 4069 2364 4140 gravis
2391 4072 2501 4137 sit,
2531 4086 2628 4140 spe
2652 4079 2832 4126 tamen
2862 4070 3159 4126 futurorum
3180 4070 3315 4126 levis
3341 4070 3572 4128 efﬁcitur
3600 4087 3616 4125 :

2037 4177 2195 4231 quam
2230 4162 2322 4217 ille
2353 4176 2569 4218 causam
2598 4162 2774 4232 posuit
2812 4163 2997 4218 dicens
3024 4180 3038 4217 :
3072 4162 3199 4218 Non
3233 4163 3622 4235 contemplanti-

2033 4253 2130 4339 bus
2156 4250 2301 4306 nobis
2324 4268 2436 4322 quia
2452 4252 2688 4307 videntur
2707 4294 2723 4320 ,
2754 4253 2843 4307 sed
2869 4269 2983 4324 qua:
3006 4269 3108 4308 non
3132 4253 3383 4309 videntur.

2033 4347 2037 4351 ’
2110 4343 2164 4399 6.
2203 4344 2485 4400 Videamus
2512 4360 2631 4416 qua:
2653 4354 2949 4417 sequuntur
2977 4364 2991 4400 :
3022 4345 3198 4402 Nolite
3219 4388 3235 4414 ,
3266 4347 3437 4418 inquit
3457 4388 3473 4411 ,
3498 4348 3624 4402 dare

2037 4449 2214 4493 sancta
2237 4438 2444 4493 canibus
2465 4481 2479 4506 ,
2507 4455 2665 4510 neque
2690 4440 2901 4494 mittatis
2948 4440 3255 4512 margaritas
3280 4449 3467 4495 vestras
3505 4452 3622 4496 ante

2039 4548 2219 4601 porcos
2271 4530 2483 4603 (Matth.
2515 4534 2567 4586 7.
2595 4533 2672 4600 6).
2700 4531 2858 4589 Certe
2904 4532 3149 4589 Christus
3198 4532 3338 4589 hanc
3370 4534 3623 4604 praecepti

2040 4640 2191 4680 more
2216 4625 2387 4696 legem
2412 4624 2581 4689 dedit,
2611 4640 2709 4680 nos
2729 4633 2906 4681 autem
2936 4640 3047 4695 prae
3074 4625 3218 4681 inani
3248 4625 3417 4696 gloria
3446 4635 3500 4680 et
3523 4626 3622 4680 ab-

2039 4716 2199 4771 surda
2242 4717 2535 4772 ambitione
2564 4718 2665 4771 hoc
2692 4716 2818 4772 item
2861 4726 3186 4787 praeceptum
3217 4732 3428 4788 pessum
3466 4717 3622 4774 dedi-

2041 4823 2179 4872 mus,
2207 4808 2333 4863 dum
2360 4817 2700 4879 corruptores
2722 4849 2739 4875 ,
2763 4809 3083 4876 incredulos,
3114 4809 3465 4882 hominesque
3500 4827 3624 4867 sex-

2039 4904 2209 4961 centis
2232 4904 2374 4961 vitiis
2395 4914 2636 4973 onustos,
2671 4915 2869 4962 temere
2900 4916 2953 4961 et
2973 4906 3089 4961 sine
3114 4906 3362 4963 examine
3406 4904 3475 4961 ad
3505 4921 3624 4978 my-

2038 5001 2324 5055 steriorum
2354 4998 2808 5070 participationem
2858 4998 3189 5055 admittimus
3215 5038 3233 5067 ,
3257 5008 3311 5055 et
3335 5008 3624 5070 antequam

2038 5100 2341 5149 accuratam
2394 5094 2589 5149 mentis
2634 5092 3021 5163 sententiaque
3073 5108 3187 5150 suae
3254 5093 3622 5164 probationem

2041 5183 2323 5249 dederint,
2366 5185 2545 5239 omnia
2586 5184 2691 5239 illis
2733 5184 2979 5255 dogmata
3017 5186 3354 5253 revelamus;
3392 5200 3456 5242 ac
3497 5186 3624 5241 licet

2039 5275 2301 5331 vestibula
2334 5275 2569 5330 nondum
2594 5274 2777 5331 videre
2799 5275 3087 5345 potuerint,
3114 5276 3397 5332 confestim
3440 5291 3537 5333 eos
3569 5279 3622 5333 in

2040 5369 2199 5441 adyta
2238 5369 2502 5425 ducimus.
2538 5368 2668 5436 Quae
2704 5383 2864 5424 causa
2909 5367 3012 5423 fuit
3061 5376 3121 5423 ut
3164 5369 3379 5440 quidam
3425 5386 3489 5425 ex
3542 5372 3620 5425 sic

2040 5462 2260 5518 initiatis
2282 5462 2389 5517 cito
2407 5462 2705 5517 resilientes
2723 5503 2740 5530 ,
2771 5461 3045 5517 innumera
3067 5462 3204 5516 mala
3240 5464 3618 5533 perpetrarint.

2040 5554 2120 5611 Ac
2149 5570 2255 5610 non
2284 5556 2335 5609 in
2358 5555 2479 5610 aliis
2502 5563 2705 5608 tantum
2734 5594 2750 5621 ,
2774 5554 2869 5610 sed
2902 5556 2953 5610 in
2984 5556 3139 5610 nobis
3164 5557 3290 5626 ipsis
3317 5556 3617 5611 horribilis-

2041 5648 2235 5704 simum
2268 5647 2371 5702 hoc
2400 5656 2720 5718 praeceptum
2760 5647 3110 5717 despicimus,
3140 5650 3351 5719 quando
3399 5649 3614 5703 immor-

2045 5740 2237 5795 talibus
2286 5739 2556 5811 mysteriis
2601 5738 2963 5810 participaturi
2989 5782 3005 5808 ,
3035 5740 3338 5811 impuritate
3364 5752 3419 5796 et
3444 5742 3613 5812 impu-

2113 5926 2130 5957 ί
2163 5923 2235 5975 sic
2254 5924 2393 5974 savtl.
2417 5930 2470 5974 et
2489 5921 2620 5975 colb.
2644 5929 2695 5974 tn
2716 5921 2881 5975 Morel.
2905 5922 3065 5988 deest,
3086 5923 3242 5975 etiam

3194 6049 3271 6110 23
