4116 6392
573 488 677 541 403

575 599 753 654 demta
785 598 924 668 pleni
955 596 1005 652 id
1029 597 1250 668 agimus.
1275 595 1380 650 Nec
1410 596 1497 649 illa
1520 594 1689 647 solum
1721 601 1980 662 prmeepta
2003 631 2016 655 ,
2041 589 2136 644 sed

572 689 728 742 etiam
755 704 814 743 ea
841 703 959 758 qum
1009 696 1299 758 sequuntur
1323 686 1390 739 ab
1417 685 1660 740 omnibus
1697 682 1886 736 violari
1930 681 2132 734 videas.

573 779 703 834 Cum
751 777 893 833 enim
937 776 1178 832 Christus
1231 776 1424 831 dixerit
1464 792 1478 828 :
1526 773 1862 841 Quaecumque
1889 770 2039 823 vultis
2081 779 2138 822 ut

576 869 765 938 faciant
793 869 929 922 vobis
966 868 1188 922 homines
1209 909 1223 932 ,
1264 867 1335 920 ita
1367 866 1384 896 ¹
1410 874 1458 919 et
1483 881 1569 918 vos
1596 864 1745 934 facite
1773 861 1876 914 illis
1921 857 2134 928 (Matth.

573 959 626 1013 7.
661 960 788 1028 l2);
820 972 918 1012 nos
945 957 1120 1011 omnia
1168 957 1386 1009 facimus
1411 970 1472 1009 ea
1493 996 1507 1019 ,
1536 969 1652 1024 qua:
1698 952 1804 1022 pati
1847 950 2093 1003 nolumus
2117 989 2132 1012 ,
2181 985 2185 990 ς

574 1049 784 1118 acjussi
814 1065 907 1118 per
933 1057 1207 1116 angustam
1249 1055 1450 1114 portam
1480 1045 1678 1098 intrare
1707 1082 1722 1108 ,
1755 1043 1913 1095 latam
1941 1038 2135 1108 ubique

574 1140 947 1210 perquirimus.
1006 1137 1156 1206 Quod
1202 1151 1358 1205 porro
1402 1134 1683 1188 smculares
1728 1131 1938 1201 quidam
1999 1130 2136 1183 hanc

573 1232 959 1300 amplectantur
982 1239 1036 1284 et
1055 1237 1264 1293 ament,
1292 1243 1394 1282 non
1421 1240 1588 1295 usque
1630 1225 1761 1278 adeo
1789 1221 1979 1277 mirum
2007 1229 2088 1275 est
2116 1236 2131 1286 ;

574 1322 712 1390 quod
742 1330 915 1374 autem
956 1319 1052 1373 viri
1079 1319 1166 1388 qui
1195 1333 1312 1372 sese
1355 1315 1678 1371 crucifixisse
1713 1313 1988 1378 videntur,
2017 1326 2134 1366 eam

578 1413 693 1481 plus
723 1427 877 1481 quam
904 1411 977 1464 illi
1002 1418 1270 1464 sectentur
1291 1450 1305 1473 ,
1349 1409 1450 1462 hoc
1478 1422 1606 1463 sane
1645 1416 1911 1476 stuporem
1954 1407 2137 1474 ingen-

578 1516 683 1559 tem
711 1504 863 1558 afl'ert
891 1545 905 1569 ,
939 1503 1045 1556 imo
1073 1503 1245 1572 potius
1273 1503 1534 1570 :enigmati
1563 1499 1747 1554 similis
1783 1513 1868 1552 res
1907 1498 2132 1551 videtur.

579 1595 862 1651 Monachos
898 1595 1039 1649 enim
1069 1592 1444 1663 propemodum
1475 1607 1679 1657 omnes,
1707 1591 1750 1644 si
1781 1589 1846 1643 ad
1869 1589 2133 1658 quoddam

577 1686 923 1740 ministerium
944 1685 1125 1739 venire
1146 1683 1432 1753 rogaveris,
1458 1681 1573 1736 haec
1595 1682 1769 1736 statim
1795 1691 1849 1734 et
1874 1680 1925 1732 in
1953 1679 2134 1748 primis

576 1779 848 1849 loquentes
873 1777 1059 1831 audias
1084 1793 1098 1840 ;
1133 1776 1464 1846 sciscitantur
1490 1786 1699 1842 nempe.
1742 1787 1864 1824 num
1891 1771 1958 1824 ibi
1989 1773 2135 1840 quie-

575 1879 686 1925 tem
734 1867 970 1922 invenire
1022 1865 1265 1935 possint,
1294 1873 1347 1919 et
1390 1879 1514 1918 num
1564 1863 1801 1931 requiem
1851 1874 2136 1929 procurare

577 1959 746 2031 possit
783 1959 828 2013 is
856 1958 945 2027 qui
987 1957 1334 2010 accersitzac
1373 1954 1513 2007 ultro
1540 1953 1775 2021 citroque
1795 1950 1989 2020 quietis
2035 1964 2133 2003 no-

577 2069 700 2109 men
724 2053 986 2122 jactitaut.
1015 2049 1150 2116 Quid
1191 2049 1297 2113 ais,
1337 2048 1407 2101 mi
1437 2046 1634 2100 homo?
1670 2045 1720 2098 in
1751 2053 1894 2097 arcta
1917 2043 2000 2095 via
2054 2041 2134 2094 in-

575 2144 766 2199 cedere
786 2143 965 2212 jussus
995 2141 1063 2196 de
1083 2140 1261 2210 quiete
1304 2140 1614 2206 interrugas,
1642 2146 1694 2191 et
1720 2151 1815 2206 per
1861 2143 2132 2203 angustam

574 2242 780 2305 portam
807 2235 1001 2288 intrare
1021 2233 1199 2301 jussus
1220 2230 1380 2284 latam
1417 2229 1652 2298 quaeris?
1694 2227 1821 2297 quid
1875 2226 1973 2280 hac
2021 2241 2136 2293 per-

574 2327 820 2382 versitate
849 2323 1080 2379 deterius
1104 2323 1127 2375 ?
1149 2321 1227 2376 Ne
1244 2336 1371 2375 vero
1401 2332 1550 2389 putes
1601 2334 1684 2372 me
1707 2317 1825 2371 'ha-c
1868 2317 2131 2371 dicentem

574 2418 705 2472 alios
744 2415 1129 2480 condemnare,
1183 2428 1294 2466 rem
1364 2427 1450 2465 me
1497 2418 1820 2479 spectantem
1883 2406 2128 2461 narrabo.

646 2505 1023 2576 Chrysostomus
1044 2504 1110 2556 ad
1129 2502 1484 2556 monachorum
1502 2499 1820 2552 tabernacula
1843 2498 2044 2552 secedit.
2062 2527 2134 2537 ——

575 2596 707 2652 Cum
731 2611 896 2666 nuper
921 2609 1021 2664 ego
1045 2593 1417 2656 decrevissem,
1459 2591 1640 2644 relicta
1683 2589 1834 2653 urbe,
1858 2588 1923 2642 ad
1954 2588 2131 2642 taber-

575 2689 759 2744 nacula
782 2686 1158 2741 monachorum
1179 2682 1432 2737 accedere
1456 2723 1470 2748 ,
1495 2680 1725 2735 sollicite
1754 2678 2051 2748 qumrebam
2079 2687 2133 2732 et

567 2778 878 2835 sciscitabar
897 2775 1156 2831 undenam
1186 2773 1604 2828 necessariorum
1631 2777 1960 2825 commeatus
1982 2769 2133 2823 adfu—

570 2878 725 2925 turus
767 2875 950 2934 esset,
977 2873 1033 2920 ct
1061 2880 1186 2919 num
1230 2864 1342 2918 fieri
1371 2870 1550 2932 posset
1574 2870 1630 2915 ut
1669 2861 1817 2930 panis
1837 2873 2025 2914 recens
2071 2874 2134 2914 ac

572 2959 796 3016 diurnus
842 2957 1240 3019 comederetur;
1270 2971 1335 3008 an
1373 2955 1492 3023 quis
1545 2967 1629 3006 me
1676 2959 1954 3006 coacturus
1991 2961 2134 3005 esset

565 3051 762 3106 eodem
803 3049 877 3103 uti
898 3048 1018 3103 oleo
1043 3061 1139 3115 pro
1165 3046 1378 3100 lucerna
1400 3053 1453 3098 et
1483 3059 1577 3112 pro
1611 3041 1730 3097 cibo
1755 3057 1770 3107 ;
1793 3057 1859 3095 an
1902 3040 2021 3110 quis
2048 3054 2134 3095 me

567 3143 892 3214 impulsurus
915 3140 981 3195 ad
1001 3140 1246 3194 miseram
1294 3138 1614 3207 leguminum
1652 3150 1862 3199 escam;
1892 3149 1958 3188 an
2003 3134 2136 3187 assi-

573 3244 822 3310 gnaturus
847 3245 982 3301 Opus
1021 3229 1239 3294 durum,
1277 3237 1332 3282 ut
1365 3237 1446 3282 est
1478 3227 1677 3291 fudere,
1725 3227 1861 3296 ligna
1902 3224 2130 3288 deferre,

575 3347 764 3402 aquam
801 3333 1166 3399 comportare,
1194 3331 1248 3383 et
1270 3329 1460 3382 caetera
1490 3321 1662 3374 omnia
1706 3318 1999 3394 hujusmodi
2031 3319 2134 3389 mi.-

576 3422 794 3478 nisteria
824 3430 914 3476 :et
951 3429 1017 3476 ut
1059 3420 1360 3475 summatim
1389 3418 1559 3473 dicam
1588 3458 1604 3483 ,
1650 3417 1812 3470 multa
1843 3416 1910 3470 de
1959 3415 2133 3484 quiete

577 3512 816 3581 corporis
844 3511 1213 3580 percontabar.
1242 3511 1312 3565 At
1337 3509 1372 3564 ii
1417 3509 1505 3578 qui
1533 3507 1618 3563 vel
1649 3507 1943 3577 principum
1976 3506 2131 3560 mini-

577 3603 738 3658 steria
763 3643 778 3668 ,
800 3602 881 3656 vel
910 3601 1233 3672 publicorum
1263 3600 1591 3669 negotiorum
1620 3597 2131 3653 administrationem

572 3693 904 3762 suscipiunt,
944 3691 1072 3746 nihil
1119 3691 1308 3745 horum
1335 3689 1704 3755 sciscitantur,
1744 3688 1839 3743 sed
1889 3687 2058 3742 solum
2087 3686 2132 3742 si

575 3799 664 3839 res
692 3786 839 3839 lucro
868 3783 1042 3838 futura
1069 3783 1163 3846 sit,
1195 3782 1362 3845 lucro,
1390 3781 1624 3849 inquam,
1655 3778 1932 3848 temporali
1958 3797 1970 3832 :
1992 3776 2132 3847 quod

569 3877 621 3932 si
672 3875 773 3931 hoc
810 3890 1023 3946 sperare
1047 3876 1290 3938 valeant,
1323 3887 1427 3926 non
1471 3872 1679 3926 labores
1701 3912 1714 3936 ,
1737 3886 1840 3925 non
1861 3871 2094 3940 pericula
2113 3911 2130 3936 ,

579 3985 684 4024 non
709 3969 1076 4040 ignominiam,
1109 3982 1214 4022 non
1259 3966 1468 4021 servilia
1509 3965 1832 4030 ministeria,
1869 3978 1975 4018 non
2015 3978 2135 4032 per-

580 4062 935 4132 egrinationes
969 4061 1184 4129 longas,
1212 4072 1316 4112 non
1355 4057 1656 4111 diuturnam
1683 4055 1738 4109 in
1776 4055 1877 4108 alia
1920 4053 2134 4122 regione

573 4150 1048 4207 commorationem
1078 4191 1093 4214 ,
1121 4163 1225 4202 non
1272 4146 1618 4202 contumelias
1641 4186 1656 4212 ,
1684 4159 1791 4199 non
1833 4144 2128 4206 cruciatus,

581 4258 687 4296 non
710 4251 1002 4311 temporum
1031 4240 1372 4293 mutationem
1391 4279 1404 4304 ,
1433 4252 1536 4290 non
1557 4236 1850 4306 periculum
1868 4250 1896 4286 a
1923 4242 2135 4303 sperato

579 4333 687 4388 ﬁne
713 4331 990 4387 aberrandi
1014 4372 1030 4396 ,
1057 4346 1162 4384 non
1187 4337 1552 4399 prazmaturam
1593 4336 1816 4382 mortem
1841 4367 1859 4393 ,
1885 4341 1989 4380 non
2045 4340 2132 4380 se-

580 4427 902 4497 parationem
940 4440 972 4478 a
1017 4422 1352 4487 domesticis,
1397 4435 1501 4475 non
1531 4420 1711 4474 uxoris
1767 4427 1818 4474 et
1851 4418 2134 4472 liberorum

576 4516 938 4580 solitudinem,
967 4529 1071 4568 non
1097 4514 1254 4567 aliam
1276 4511 1574 4582 quampiam
1599 4509 1967 4565 difﬁcultatem
1993 4508 2137 4576 cogi-

584 4617 695 4662 tant
719 4624 734 4672 ;
774 4606 866 4660 sed
896 4604 1235 4675 pecuniarum
1256 4601 1520 4672 cupidine,
1550 4615 1648 4655 ceu
1673 4607 1910 4654 amentes
1937 4596 2133 4661 effecti,

579 4699 756 4753 omnia
783 4697 1010 4751 subeunt
1046 4695 1179 4749 mala
1203 4735 1220 4760 ,
1250 4709 1367 4764 quae
1400 4693 1466 4747 ad
1494 4692 1631 4746 hanc
1681 4690 1977 4746 conducere
2013 4705 2138 4758 pos-

578 4791 705 4844 sint.
724 4788 840 4843 .Nos
870 4795 1044 4841 autem
1075 4785 1264 4854 quibus
1300 4799 1406 4838 non
1431 4782 1668 4853 pecunia:
1695 4822 1711 4847 ,
1737 4796 1917 4850 neque
1959 4788 2096 4834 terra
2117 4820 2133 4844 ,

581 4880 677 4935 sed
720 4877 907 4933 caelum
946 4875 1255 4945 proponitur
1291 4883 1344 4928 et
1382 4874 1610 4927 ctelestia
1659 4872 1796 4926 bona
1822 4913 1836 4938 ,
1886 4885 2006 4939 qua:
2040 4884 2138 4923 nec

580 4971 765 5026 oculus
786 4968 920 5022 .vidit
941 5007 958 5032 ,
1001 4981 1101 5022 nec
1127 4965 1269 5020 auris
1310 4964 1507 5018 audivit
1531 5005 1545 5028 ,
1569 4976 1667 5016 nec
1694 4962 1746 5016 in
1789 4977 1882 5016 cor
1909 4961 2138 5014 hominis

589 5061 967 5127 ascenderunt,
994 5058 1061 5112 de
1088 5058 1262 5127 quiete
1289 5057 1619 5111 sciscitamur
1649 5072 1662 5106 :
1693 5068 1861 5122 usque
1891 5051 2024 5105 adeo
2050 5066 2139 5104 su-

583 5168 703 5207 mus
746 5152 848 5205 illis
875 5148 1287 5204 miserabiliores
1322 5154 1376 5201 et
1403 5145 1692 5199 molliores.
1721 5142 1857 5210 Quid
1900 5143 1978 5195 ais
2005 5182 2020 5208 ,
2061 5140 2138 5194 mi

586 5243 806 5299 homo‘?
826 5243 876 5296 in
890 5241 1147 5296 cmlumne
1166 5236 1471 5302 mittendus,
1487 5237 1557 5290 ibi
1574 5250 1790 5304 regnum
1805 5243 2135 5302 accepturus,

589 5334 918 5404 percontaris
943 5347 1009 5386 an
1039 5329 1165 5401 quid
1193 5330 1261 5383 sit
1287 5327 1510 5382 arduum
1550 5326 1604 5380 in
1642 5325 1723 5378 via
1757 5334 1813 5379 et
1833 5323 2136 5393 pcregrina-

585 5427 730 5481 tione
756 5423 1055 5494 hujusmodi
1076 5462 1090 5486 ,
1114 5429 1170 5476 et
1200 5435 1308 5475 non
1348 5429 1410 5473 te
1456 5418 1655 5488 pudet,
1685 5433 1789 5469 non
1827 5415 2092 5470 erubescis
2120 5454 2136 5479 ,

583 5534 684 5574 uec
709 5528 764 5573 te
786 5517 884 5572 sub
911 5525 1103 5570 terram
1125 5511 1326 5567 defodis
1349 5511 1373 5565 Ἰ
1402 5510 1619 5565 Etiamsi
1643 5508 1818 5561 omnia
1847 5548 1862 5573 ,
1898 5522 2015 5576 quae
2040 5505 2138 5557 ho-

582 5608 815 5666 minibus
859 5607 1165 5675 contingere
1191 5611 1450 5675 possunt,
1492 5601 1626 5656 mala
1679 5606 1990 5665 occurrant,
2027 5597 2140 5650 sive

586 5699 844 5765 convicia,
885 5700 994 5754 sive
1013 5697 1353 5752 contumeliae
1375 5737 1393 5763 ,
1419 5695 1531 5750 sive
1573 5693 1874 5764 ignominia:
1897 5700 1951 5747 et
1984 5704 2138 5760 syco-

651 5836 669 5867 ι
703 5833 834 5883 (ῖοΙι).
857 5834 1028 5883 omittit
1050 5833 1131 5889 ita,
1158 5831 1358 5888 etinlra,
1382 5844 1482 5880 nos.

649 5897 671 5927 ⁸
702 5901 752 5944 ιιι
769 5895 898 5945 ωλι).
924 5898 1093 5951 deest,
1114 5896 1178 5943 mi
1200 5894 1352 5941 homo.

1271 483 1327 539 S.
1365 479 1640 538 JOAN'NIS
1676 472 2147 533 CllliYSOSTOMl
2186 473 2500 529 ARCHIEP.
2541 473 3070 531 CONSTANTINOP.

3706 481 3812 538 8οι

2245 590 2516 658 phantiae;
2550 605 2642 645 seu
2683 590 2919 661 gladius,
2949 591 3106 660 ignis,
3156 591 3353 647 ferrum
3374 634 3389 658 ,
3423 592 3565 656 lene,
3597 594 3810 649 demer-

2241 681 2452 745 siones;
2486 680 2598 734 sive
2629 679 2816 742 fames,
2849 683 3065 736 morbus
3093 690 3147 735 et
3194 682 3372 736 omnia
3406 699 3524 752 quae
3557 683 3624 737 ab
3662 685 3810 738 initio

2242 772 2298 826 in
2325 773 2424 826 hac
2451 774 2558 826 vita
2579 773 3199 842 continguntacerbiora,
3233 788 3430 838 annon,
3467 790 3666 844 quaeso,
3696 775 3810 832 haec

2241 862 2488 918 irridebis
2513 873 2567 918 et
2585 862 2885 932 despicies?
2909 879 2975 917 an
3009 865 3076 918 de
3118 864 3224 918 illis
3248 865 3328 919 vel
3357 867 3629 921 minimum
3667 869 3811 939 cogi-

2239 953 2413 1008 tabis?
2447 953 2647 1022 Ecquid
2698 953 2998 1022 lmjusmodi
3025 954 3201 1007 animo
3246 955 3490 1010 stolidius
3513 997 3528 1021 ,
3563 958 3686 1026 quid
3727 961 3808 1012 vi-

2243 1046 2365 1110 lius,
2389 1044 2515 1114 quid
2542 1045 2824 1099 miserius?
2847 1044 3143 1100 leestium
3170 1044 3436 1100 desiderio
3463 1056 3676 1116 captum
3701 1065 3806 1103 non

2239 1135 2359 1190 dico
2406 1144 2607 1190 tantum
2656 1136 2884 1205 quietem
2929 1151 3169 1205 qurerere
3215 1151 3318 1191 non
3347 1137 3578 1204 debere,
3611 1140 3704 1194 sed
3739 1157 3808 1194 ne

2237 1227 2353 1296 ejus
2379 1227 2592 1296 quidem
2620 1229 2892 1295 praesentis
2923 1227 3114 1282 affectu
3154 1229 3376 1283 moveri.
3408 1230 3683 1294 Quomodo
3711 1232 3806 1286 ab-

2237 1318 2452 1370 surdum
2485 1332 2587 1371 non
2619 1317 2776 1372 fuerit
2810 1332 2936 1384 eos,
2980 1318 3068 1386 qui
3094 1318 3285 1388 ineptis
3332 1320 3598 1374 amoribus
3623 1331 3804 1376 tenen-

2241 1421 2345 1472 tur,
2373 1411 2562 1463 amatis
2583 1411 2654 1463 ita
2680 1425 2738 1464 se
2765 1418 2905 1464 totos
2925 1409 3119 1464 dedere
3139 1451 3154 1476 ,
3181 1419 3240 1463 ut
3260 1421 3452 1479 praeter
3479 1427 3570 1465 eos
3597 1428 3806 1467 eorum-

2238 1515 2342 1568 que
2375 1501 2698 1554 consortium
2741 1500 2873 1555 nihil
2917 1515 3098 1554 eorum
3144 1517 3261 1570 qua:
3297 1501 3348 1554 in
3401 1501 3496 1556 hac
3530 1503 3634 1557 vita
3680 1515 3805 1559 sunt

2242 1590 2385 1658 (sunt
2411 1600 2585 1644 autem
2613 1590 2746 1645 bene
2767 1589 2984 1662 multa),
3014 1591 3167 1645 dulce
3209 1592 3512 1646 existiment
3539 1611 3552 1647 :
3582 1609 3677 1648 nos
3706 1612 3802 1648 au-

2238 1691 2365 1747 tem,
2397 1683 2485 1752 qui
2513 1698 2617 1736 non
2654 1683 2832 1751 inepto
2860 1683 3089 1752 quodam
3113 1723 3129 1748 ,
3159 1683 3254 1738 sed
3283 1684 3515 1737 omnium
3553 1700 3803 1754 supremo

2237 1788 2418 1830 amore
2444 1785 2683 1830 tenemur
2706 1817 2720 1841 ,
2754 1792 2858 1830 non
2902 1777 3073 1830 solum
3103 1785 3416 1846 praesentem
3447 1777 3673 1848 quietem
3696 1796 3800 1834 non

2236 1869 2528 1939 despicere,
2557 1871 2649 1926 sed
2679 1872 2838 1927 etiam
2861 1873 3134 1928 absentem
3163 1874 3466 1945 requirere?

2307 1964 2358 2016 7.
2389 1962 2608 2019 Caelestis
2637 1965 2869 2020 desiderii
2891 1967 2964 2020 vis
2991 1963 3183 2036 ingens.
3221 1997 3293 2008 --
3331 1966 3518 2021 Nullus
3544 1967 3800 2023 hactenus

2235 2053 2539 2121 carissime,
2589 2056 2658 2109 ita
2697 2055 2984 2110 caelestium
3011 2055 3273 2111 desiderio
3301 2069 3574 2126 correptus
3600 2070 3675 2113 es:
3696 2101 3710 2124 ,
3744 2069 3802 2112 ut

2235 2143 2427 2212 corripi
2459 2160 2552 2213 par
2576 2153 2690 2199 erat
2715 2163 2730 2200 :
2756 2145 2987 2216 alioquin
3011 2160 3128 2216 quae
3155 2148 3331 2216 gravia
3361 2148 3602 2202 videntur
3622 2165 3738 2204 esse
3758 2151 3798 2212 ί,

2233 2234 2474 2289 umbram
2501 2235 2788 2303 iudicasset
2819 2245 2874 2292 et
2909 2237 3206 2292 irrisionem
3239 2253 3500 2307 magnam.
3534 2238 3673 2294 Sane
3711 2241 3802 2307 qui

2233 2326 2513 2394 praesentia
2547 2326 2800 2394 suspicit,
2834 2342 3118 2396 numquam
3147 2325 3440 2381 futurorum
3471 2330 3799 2398 contempla-

2236 2416 2377 2470 tione
2397 2417 2724 2485 dignabitur:
2754 2419 2841 2486 qui
2867 2427 3042 2472 autem
3070 2419 3153 2472 illa
3175 2418 3415 2487 deSpicit,
3440 2429 3493 2474 et
3512 2421 3687 2474 omnia
3718 2422 3800 2474 ni-

2233 2505 2343 2560 hilo
2367 2507 2583 2562 meliora
2604 2523 2743 2574 csse,
2775 2523 2928 2577 quam
2957 2508 3171 2562 umbras
3195 2517 3248 2562 et
3277 2509 3480 2563 somnia
3507 2510 3792 2575 existimat,

2233 2596 2339 2650 cito
2377 2611 2565 2666 magna
2596 2598 2682 2652 illa
2719 2606 2774 2652 et
2822 2598 3112 2666 spiritualia
3160 2607 3487 2668 assequetur.
3547 2600 3613 2654 lis
3652 2601 3797 2655 enim

2233 2687 2424 2756 quibus
2447 2688 2638 2741 bonum
2666 2687 2799 2742 istud
2825 2703 2947 2743 vere
2973 2689 3237 2758 obtigerit,
3270 2697 3468 2744 tantam
3505 2691 3610 2745 vim
3642 2691 3798 2746 exhi-

2233 2778 2393 2843 bebit,
2424 2790 2671 2849 quantam
2698 2780 2831 2849 ignis
2859 2780 2910 2833 in
2938 2779 3104 2849 spinis
3138 2799 3150 2833 :
3178 2781 3278 2836 etsi
3306 2783 3594 2837 innumeris
3625 2783 3802 2836 homi-

2233 2884 2354 2922 nem
2386 2870 2640 2924 invenerit
2669 2868 3008 2938 prmfocatum
3039 2871 3223 2938 malis,
3255 2873 3433 2926 multis
3456 2883 3797 2941 peccatorum

2236 2957 2485 3013 funiculis
2512 2958 2818 3013 obstrictum
2841 3001 2854 3025 ,
2885 2960 3230 3030 cupiditatum
3259 2961 3468 3016 ﬂamma
3497 2963 3796 3030 incensum,

2234 3067 2424 3121 magno
2470 3052 2798 3108 saecularium
2842 3053 3170 3122 negotiorum
3219 3055 3446 3109 tumultu
3497 3055 3797 3119 obsessum,

2235 3142 2408 3194 omnia
2458 3142 2543 3196 illa
2591 3157 2686 3197 ceu
2735 3143 2962 3212 quodam
3009 3143 3218 3213 ﬂagello
3263 3146 3438 3200 statim
3484 3146 3698 3214 expulsa
3730 3147 3800 3199 ab

2233 3236 2406 3289 anima
2438 3236 2616 3304 procul
2642 3227 2823 3305 abigit.
2868 3239 2944 3291 Ac
2978 3239 3419 3306 quemadmodum
3446 3249 3623 3292 contra
3652 3239 3798 3291 venti

2236 3328 2444 3385 violenti
2493 3328 2741 3403 impetum
2763 3330 2952 3404 pultis
2993 3331 3210 3404 exiguus
3237 3347 3518 3404 numquam
3549 3332 3795 3386 steterit:

2234 3425 2309 3478 sic
2351 3424 2697 3478 absurdarum
2742 3426 3282 3494 concupiscentiarum
3326 3425 3604 3479 multitudo
3643 3439 3800 3478 com-

2234 3515 2528 3584 punctionis
2558 3515 2885 3584 ingruentem
2911 3516 3016 3569 vim
3045 3515 3183 3570 ferre
3209 3531 3311 3569 non
3341 3515 3564 3584 poterit,
3609 3514 3699 3567 scd
3725 3511 3798 3566 de

2235 3605 2648 3678 mediotulletur
2675 3621 2738 3660 ac
2767 3606 3094 3675 dispergetur
3127 3606 3282 3660 citius
3329 3622 3489 3675 quam
3544 3605 3713 3673 pulvis
3739 3612 3800 3658 et

2236 3695 2431 3750 fumus.
2461 3696 2612 3762 Quod
2643 3697 2686 3749 si
2725 3711 3004 3763 corporum
3036 3711 3185 3750 amor
3214 3711 3378 3765 usque
3406 3695 3539 3748 adeo
3565 3695 3796 3750 animam

2234 3785 2287 3840 in
2325 3786 2629 3840 servitutem
2657 3785 2866 3856 redigit,
2894 3795 2952 3839 ut
2986 3786 3051 3840 ab
3079 3787 3323 3840 omnibus
3349 3801 3461 3839 eam
3492 3787 3677 3839 avellat
3697 3829 3710 3849 ,
3744 3797 3802 3838 et

2237 3875 2401 3929 solius
2430 3876 2612 3930 amicae
2643 3875 2905 3945 tyrannidi
2950 3875 3244 3944 obstringat
3271 3917 3284 3937 ,
3336 3875 3458 3939 quid
3509 3891 3610 3928 non
3640 3875 3801 3928 faciat

2233 3967 2430 4021 Christi
2459 3982 2624 4030 amor,
2649 3976 2702 4022 et
2738 3968 2875 4021 illius
2903 3967 3172 4021 amittendi
3203 3968 3414 4022 metus?
3442 3967 3801 4032 Quemadmo-

2236 4057 2358 4112 dum
2380 4058 2520 4117 enim
2549 4057 2760 4112 difficile
2785 4069 2865 4113 est
2890 4099 2904 4123 ,
2936 4059 3040 4111 imo
3069 4056 3177 4110 ﬁeri
3210 4057 3410 4126 nequit,
3434 4067 3490 4110 ut
3514 4071 3662 4126 aquae
3691 4059 3796 4108 mi-

2237 4157 2446 4204 sceatur
2470 4148 2603 4216 ignis
2636 4167 2648 4200 :
2681 4149 2749 4201 ita
2789 4163 2885 4201 nec
2910 4148 3230 4217 voluptatem
3257 4156 3312 4202 et
3338 4148 3798 4217 compunctioncm

2237 4239 2393 4294 simul
2435 4255 2624 4308 cogere
2666 4255 2978 4309 possumus;
3027 4255 3147 4294 nam
3194 4239 3308 4294 lucc
3351 4239 3610 4293 contraria
3651 4247 3796 4302 sunt,

2238 4345 2400 4400 seque
2435 4339 2615 4384 mutuo
2653 4332 2948 4384 destruunt.
3002 4331 3207 4384 Etenim
3249 4331 3362 4384 btec
3386 4329 3597 4399 quidem
3626 4328 3803 4397 lacry-

2237 4437 2443 4474 marum
2471 4430 2523 4475 et
2565 4420 2921 4490 temperantia:
2951 4430 3119 4475 mater
3147 4431 3226 4474 est
3251 4461 3266 4486 ,
3310 4420 3398 4473 illa
3435 4434 3561 4473 vero
3585 4420 3720 4472 risus
3745 4428 3804 4472 et

2239 4514 2455 4568 insaniae
2484 4530 2497 4565 :
2526 4511 2641 4567 haec
2677 4513 2849 4567 levem
2877 4522 2930 4568 et
2952 4513 3050 4566 alis
3076 4515 3382 4566 instructam
3410 4513 3636 4565 animam
3668 4513 3796 4564 red-

2239 4603 2333 4662 dit.
2358 4604 2443 4657 illa
2472 4604 2686 4673 plumbo
2709 4604 3002 4674 graviorem
3031 4605 3324 4658 Constituit.
3356 4604 3422 4657 Et
3444 4604 3545 4657 hoc
3567 4620 3670 4657 non
3696 4620 3797 4673 ego

2237 4693 2414 4747 verbis
2443 4693 2574 4748 meis
2599 4733 2614 4758 ,
2665 4693 2758 4748 scd
2787 4693 2901 4762 ejus
2927 4695 3014 4762 qui
3044 4694 3296 4763 praiclara
3327 4693 3627 4763 hujusmodi
3647 4695 3798 4762 cupi-

2239 4781 2402 4836 ditate
2431 4784 2725 4849 tenebatur,
2749 4783 3113 4838 demonstrare
3142 4785 3371 4838 teutabo.
3400 4785 3528 4850 Quis
3564 4784 3650 4838 ille
3675 4785 3800 4838 est?

2244 4872 2358 4940 Ipse
2382 4888 2562 4927 amore
2587 4872 2780 4926 Christi
2807 4873 3053 4928 incensus
3080 4874 3271 4928 Paulus
3294 4915 3309 4937 ,
3337 4876 3424 4943 qui
3450 4875 3565 4942 ejus
3589 4873 3802 4929 deside-

2243 4963 2323 5017 rio
2354 4979 2518 5032 usque
2563 4964 2696 5017 adeo
2747 4964 3056 5018 vulneratus
3102 4973 3248 5029 erat,
3296 4974 3354 5018 ut
3389 4964 3456 5018 de
3480 4980 3626 5018 mora
3655 4976 3708 5018 et
3735 4963 3804 5018 de

2243 5053 2676 5121 peregrinationis
2699 5053 2854 5123 hujus
2879 5052 3221 5108 diuturnitate
3246 5054 3642 5123 ingemisceret:
3666 5052 3805 5105 Nam

2241 5145 2326 5211 qui
2360 5160 2566 5210 sumus,
2614 5145 2812 5214 inquit,
2856 5145 2908 5197 in
2937 5145 3256 5198 tabernaculo
3298 5146 3392 5198 hoc
3438 5145 3808 5214 ingemiscimus

2248 5233 2321 5303 (ἓ.
2349 5233 2464 5287 Cor.
2494 5234 2623 5300 5.4)
2657 5233 3030 5288 :desiderabat
3054 5245 3229 5288 tamen
3275 5243 3328 5288 et
3363 5233 3603 5296 volebat,
3633 5231 3811 5286 adhuc

2247 5325 2332 5378 hic
2372 5339 2586 5378 manere
2628 5334 2844 5392 pr0pter
2883 5323 3150 5378 Christum
3182 5343 3193 5377 :
3227 5323 3563 5387 Permanere,
3615 5323 3807 5390 inquit,

2246 5431 2324 5468 rue
2341 5415 2392 5466 in
2429 5429 2577 5467 carne
2601 5414 2930 5467 necessarium
2959 5424 3159 5485 propter
3186 5430 3272 5468 vos
3298 5413 3555 5486 (Philipp.
3590 5414 3640 5466 l.
3667 5411 3762 5481 24)
3791 5426 3808 5475 ;

2246 5505 2298 5559 id
2323 5513 2437 5571 est,
2468 5514 2526 5558 ut
2566 5504 2694 5559 ﬁdes
2731 5505 2784 5558 in
2815 5504 3085 5559 Christum
3115 5513 3410 5574 augeretur.
3458 5503 3581 5558 ldco
3616 5500 3814 5555 famem

2307 5640 2326 5708 ξ
2350 5635 2501 5708 ςομῠν
2519 5644 2644 5707 post,
2664 5635 2830 5700 gravia
2851 5636 3068 5708 videatur
3089 5650 3206 5694 esse,
3231 5634 3352 5708 legit
3367 5650 3382 5704 :_
3397 5635 3589 5706 umbras
3604 5636 3819 5708 iudicas-

2244 5706 2325 5762 set,
2336 5707 2379 5748 et
2400 5696 3007 5762 irrisiouent'rnagnam._Et
3029 5698 3229 5762 hacrum
3256 5696 3406 5746 vérbis
3441 5697 3590 5762 meis,
3604 5696 3691 5747 sed
3712 5696 3819 5757 ejus

2247 5759 2326 5821 qui
2340 5772 2508 5820 magno
2533 5757 2616 5808 illo
2639 5757 2798 5820 furore
2821 5759 3079 5821 tenebatur,
3105 5759 3426 5821 demonstrare
3449 5759 3648 5808 teutabo.
3670 5765 3822 5806 Inter-

2248 5819 2406 5869 rnedia
2420 5819 2540 5868 vero
2554 5819 2727 5882 omnia,
2748 5833 2857 5882 quae
2871 5820 3109 5882 dimidiam
3123 5819 3355 5882 columnae
3370 5827 3554 5882 partem
3567 5826 3820 5881 occupant,

2257 5895 2430 5944 nempe
2455 5894 2607 5945 usque
2627 5881 2691 5930 ad
2713 5880 2877 5944 verba,
2898 5882 3007 5943 Quis
3029 5880 3110 5932 ille
3130 5888 3198 5931 est
3217 5880 3241 5932 .’
3261 5880 3441 5930 ibidem
3460 5880 3819 5932 desiderantur.
