4116 6392
460 260 563 316 ωδ

459 390 512 433 et
540 379 677 432 sitim
707 387 759 432 et
783 375 1066 430 nuditatem
1093 380 1145 428 et
1168 371 1372 424 vincula
1401 379 1450 425 et
1481 379 1678 424 mortes
1694 375 1747 422 et
1766 361 2024 421 transmao

458 475 576 528 rina
618 472 802 526 itinera
831 481 884 525 et
927 465 1194 536 naufragia
1222 474 1275 520 et
1315 465 1415 518 alia
1453 462 1630 517 omnia
1671 474 1788 529 quae
1835 471 2026 513 recen—

461 563 564 616 suit
618 560 946 623 sustinebat,
1004 573 1066 611 ac
1109 571 1214 609 non
1261 553 1432 608 solum
1488 553 1602 604 hzec
1654 565 1758 604 non
1802 547 2028 602 moleste

463 654 667 708 ferebat
695 691 710 715 ,
761 649 853 704 sed
901 648 1058 702 etiam
1097 643 1356 715 gaudebat
1391 659 1406 695 :
1437 656 1594 695 causa
1627 649 1802 693 autem
1839 638 2025 691 horum

462 756 577 800 erat
601 746 617 776 ¹
642 758 792 798 amor
834 739 1026 796 Christi
1074 755 1088 792 :
1136 751 1298 806 quare
1325 733 1532 788 diccbat
1560 750 1574 785 :
1603 731 1668 785 In
1697 732 1773 785 his
1800 730 2027 784 omnibus

463 851 756 907 superamus
783 841 983 903 propter
1019 845 1133 884 eum
1167 829 1254 899 qui
1295 824 1470 879 dilexit
1509 841 1598 877 nos
1628 822 1798 892 (Rom.
1828 821 1883 874 8.
1914 818 2025 890 57).

465 927 574 981 Nec
619 926 738 979 ideo
778 923 1027 976 mireris:
1057 935 1178 974 nam
1219 919 1262 973 si
1301 933 1450 971 amor
1493 915 1763 970 hominum
1803 922 2027 966 mortem

467 1031 610 1087 saepe
659 1015 912 1068 audacter
959 1012 1109 1066 adire
1149 1009 1310 1075 fecit,
1362 1007 1487 1077 quid
1533 1021 1636 1060 non
1684 1004 1837 1058 faciat
1880 1018 2030 1056 amor

466 1107 700 1161 Christi?
741 1119 898 1174 quam
929 1101 1290 1156 diflicultatem
1341 1095 1444 1152 non
1493 1098 1659 1150 levent
1708 1093 1896 1148 faciet?
1943 1093 2032 1147 Sic

466 1198 641 1250 omnia
672 1197 747 1250 illi
781 1193 1072 1248 tolerabilia
1118 1198 1304 1251 erant,
1359 1187 1497 1256 quod
1541 1187 1606 1240 ad
1652 1185 1902 1239 dilectum
1946 1199 2032 1236 so-

469 1285 740 1341 lummodo
789 1284 1112 1351 reSpiceret,
1159 1288 1213 1333 et
1253 1278 1392 1348 quod
1437 1285 1649 1346 propter
1675 1275 1821 1328 illum
1854 1273 2031 1328 omnia

469 1376 614 1446 pati,
659 1375 801 1428 omni
845 1373 1110 1441 voluptate
1147 1381 1198 1424 et
1239 1369 1440 1423 deliciis
1470 1367 1640 1433 majus
1680 1366 2027 1427 existimaret,

468 1467 606 1537 quod
635 1482 760 1520 sane
789 1480 970 1520 verum
1013 1473 1113 1516 est.
1162 1460 1274 1516 Non
1322 1461 1462 1514 enim
1510 1457 1863 1511 arbitrabatur
1891 1471 1948 1508 se
1977 1454 2031 1508 in

469 1569 610 1614 terra
638 1572 775 1620 esse,
808 1557 888 1609 vel
930 1556 982 1608 in
1015 1552 1256 1622 pra-senti
1283 1555 1385 1604 vita
1413 1550 1604 1619 degere
1628 1590 1642 1608 ,
1672 1549 1753 1602 vel
1784 1561 1901 1600 cum
1932 1546 2031 1598 ho-

470 1648 700 1702 rninibus
728 1643 1058 1707 conversari;
1105 1640 1196 1695 sed
1237 1655 1298 1694 ac
1338 1641 1379 1693 si
1407 1639 1515 1708 jatn
1543 1638 1806 1692 caelestem
1835 1646 2031 1689 sortem

470 1739 752 1801 obtineret,
781 1750 842 1789 ac
869 1749 988 1789 cum
1019 1732 1222 1802 angelis
1251 1730 1486 1799 degeret,
1521 1743 1736 1796 regnum
1769 1725 2035 1794 acciperet

470 1839 524 1883 et
559 1828 690 1882 faeie
731 1825 796 1880 ad
845 1824 1030 1878 faciem
1077 1823 1168 1877 illo
1212 1821 1517 1875 frueretur:
1551 1821 1628 1873 sic
1671 1827 1725 1871 et
1767 1817 1939 1870 dulcia
1978 1823 2034 1869 et

472 1918 639 1970 tristia
659 1958 672 1981 ,
721 1931 839 1985 qua-3
868 1915 918 1968 in
949 1913 1048 1967 hoc
1074 1911 1270 1965 mundo
1291 1920 1413 1964 sunt
1439 1950 1452 1972 ,
1486 1908 1853 1962 cententnebat
1874 1947 1890 1973 ,
1919 1905 2037 1959 nul-

472 2009 681 2077 lamque
708 2005 906 2074 requiei
929 2004 1070 2059 illius
1091 2043 1105 2068 ,
1139 2017 1293 2070 quam
1337 1999 1546 2053 assidue
1574 1998 1914 2068 inquirimus,
1947 2011 2035 2049 ra-

475 2101 669 2153 tionem
701 2097 957 2162 habebat;
986 2096 1079 2149 sed
1101 2094 1361 2150 clamabat
1385 2093 1567 2146 dicens
1597 2109 1608 2143 :
1642 2089 1809 2157 Usque
1828 2091 1880 2143 in
1908 2090 2037 2143 hanc

473 2191 648 2243 horam
670 2198 716 2242 et
735 2189 978 2242 esurimus
1002 2228 1016 2252 ,
1045 2195 1091 2239 et
1115 2185 1308 2238 sitimus
1331 2225 1346 2250 ,
1377 2191 1423 2236 et
1451 2183 1571 2235 nudi
1595 2197 1767 2235 sumus
1787 2221 1801 2244 ,
1832 2191 1875 2233 et
1900 2181 2040 2233 cola-

475 2284 587 2352 phis
603 2281 858 2342 cardimur,
882 2288 928 2333 et
954 2277 1208 2332 instabiles
1233 2292 1423 2341 sumus,
1455 2284 1499 2328 et
1525 2275 1805 2327 laboramus
1827 2288 2040 2341 operan-

475 2383 544 2426 tes
587 2371 814 2425 manibus
843 2370 1023 2423 nostris
1051 2384 1071 2420 :
1097 2367 1442 2421 maledicimur
1462 2376 1507 2419 et
1535 2365 1865 2418 benedicimus
1885 2406 1899 2428 ,
1927 2381 2040 2432 per-

473 2463 810 2532 sequutionem
852 2460 1071 2528 patimur
1098 2467 1144 2512 et
1174 2458 1506 2520 sustinemus,
1552 2455 1954 2525 blasphemamur
1996 2463 2040 2507 et

475 2556 787 2608 obsecramus
815 2568 833 2606 :
859 2561 1112 2619 tamquam
1151 2557 1476 2619 purgamenta
1503 2547 1676 2600 mundi
1701 2546 1820 2615 facti
1847 2562 2038 2610 smnus,

475 2645 695 2699 omnium
737 2643 1011 2713 prripsema
1069 2659 1229 2713 usque
1274 2640 1446 2693 adhuc
1487 2638 1560 2706 (l.
1590 2637 1705 2690 Cor.
1739 2637 1792 2691 4.
1830 2637 2037 2705 11-15).

477 2735 608 2789 Cum
648 2734 788 2787 enim
828 2732 993 2786 semel
1038 2732 1220 2785 oculos
1264 2730 1454 2782 animae
1503 2728 1557 2781 in
1595 2728 1780 2782 caelum
1815 2741 2043 2780 conver-

478 2827 664 2886 tisset,
709 2830 762 2876 et
803 2821 1092 2875 czelestium
1139 2819 1527 2888 pulchritudine
1575 2828 1760 2886 captus
1785 2826 1958 2880 esset,
1989 2816 2039 2868 in

478 2925 674 2969 terram
725 2913 915 2967 reverti
976 2928 1080 2964 non
1128 2911 1449 2974 sustinebat;
1505 2910 1594 2964 sed
1657 2911 1796 2963 velut
1845 2925 2045 2978 pauper

476 3006 688 3076 quidam
707 3013 760 3058 et
788 3005 959 3071 inops,
994 3003 1045 3056 in
1075 3003 1297 3056 obscura
1320 3011 1372 3056 et
1395 3003 1479 3055 vili
1504 3002 1815 3056 domuncula
1835 3018 2046 3071 semper

479 3095 712 3148 idCiUSllS
739 3135 752 3158 ,
795 3093 839 3145 si
889 3107 1064 3160 regem
1106 3091 1280 3145 videat
1317 3107 1446 3144 auro
1473 3092 1639 3144 multo
1664 3102 1716 3146 et
1744 3092 2044 3160 lapillorum

477 3189 760 3257 splendore
789 3189 1092 3259 fulgentem,
1124 3205 1405 3258 numquam
1445 3189 1586 3242 volet
1614 3197 1794 3258 postea
1823 3188 1889 3240 de
1915 3202 2045 3255 pau-

479 3283 692 3348 percula
721 3281 879 3336 domo
919 3296 1012 3336 sua
1055 3283 1286 3350 cogitare
1307 3320 1320 3343 ,
1364 3280 1454 3334 sed
1489 3280 1614 3334 nihil
1645 3295 1746 3333 non
1774 3292 1891 3349 aget
1913 3291 1966 3332 ut
1994 3281 2047 3333 in

481 3373 622 3425 illam
645 3373 862 3427 domum
888 3387 946 3427 se
974 3371 1277 3434 transferat,
1308 3371 1354 3426 si
1380 3371 1493 3426 ﬁeri
1523 3372 1688 3440 possit
1720 3389 1732 3424 :
1762 3370 1838 3425 sic
1861 3371 2049 3424 beatus

481 3463 589 3525 ille,
619 3478 741 3517 cum
769 3463 1001 3518 caelestia
1032 3462 1254 3516 intuitus
1283 3472 1459 3528 esset,
1501 3461 1656 3529 hujus
1681 3461 1800 3518 vita:
1826 3463 2050 3530 pauper-'

479 3562 640 3607 tatem
691 3555 1016 3623 despiciebat
1050 3572 1063 3609 :
1094 3563 1147 3608 et
1189 3569 1310 3608 cum
1360 3554 1657 3608 hominibus
1699 3553 1908 3622 quidem
1953 3567 2050 3621 pro

480 3647 798 3701 necessitate
827 3647 1068 3714 corporis
1096 3645 1442 3712 versabatur,
1486 3645 1552 3698 ad
1585 3645 1779 3698 nullam
1810 3659 1935 3698 vero
1959 3660 2048 3700 re-

480 3751 596 3789 rum
625 3735 956 3790 smcularium
979 3750 1036 3790 se
1053 3735 1415 3802 convertebat,
1443 3736 1534 3790 sed
1565 3750 1622 3790 se
1647 3744 1812 3790 totum
1837 3735 1887 3788 in
1910 3735 2051 3789 illam

480 3826 746 3880 civitatem
776 3825 1149 3880 transferebat.

553 3915 706 3969 Pauli
730 3932 872 3969 amor
902 3915 1453 3986 vehemens—Ecquid
1476 3916 1660 3984 loquar
1684 3915 1752 3971 de
1779 3916 2053 3985 prtesentis

484 4007 602 4060 vitae
629 4007 914 4061 arrumnis?
943 4008 1110 4062 Tanto
1135 4008 1325 4078 quippe
1351 4006 1544 4061 Christi
1573 4022 1752 4061 amore
1779 4006 2051 4075 ﬂagrabat,

484 4097 601 4150 utsi
630 4095 962 4167 propositum
988 4098 1084 4151 sibi
1101 4096 1284 4151 fuisset
1306 4097 1626 4151 immortales
1655 4098 1774 4150 illos
1793 4099 2054 4151 cruciatus

485 4202 581 4257 pro
595 4187 803 4240 Christo
819 4187 1014 4254 subire,
1034 4203 1100 4242 ne
1114 4187 1214 4241 hoc
1227 4188 1436 4257 quidem
1451 4197 1762 4243 recusasset.
1786 4188 1898 4242 Non
1915 4189 2054 4242 enim

485 4279 924 4346 quemadmodum
947 4295 1044 4334 nos
1056 4281 1386 4347 mercenarii,
1404 4281 1488 4350 qui
1503 4280 1794 4348 gehennam
1809 4279 2056 4334 formida-

487 4383 604 4421 nms
625 4379 680 4423 et
707 4384 926 4438 regnum
949 4369 1390 4438 concupiscimus,
1413 4369 1490 4423 sic
1514 4369 1600 4423 ille
1627 4369 1836 4422 Christo
1853 4370 2056 4424 servie-

488 4454 577 4510 bat
599 4474 614 4519 ;
638 4458 728 4511 sed
745 4458 849 4512 alio
866 4458 1018 4528 longe
1035 4459 1396 4527 praestantiore
1412 4459 1748 4528 beatioreque
1772 4474 1951 4513 amore
1971 4475 2060 4514 ca-

489 4558 628 4618 ptus,
672 4549 848 4602 omnia
882 4549 1173 4617 patiebatur
1199 4558 1253 4603 et
1277 4549 1462 4619 agebat
1489 4549 1626 4604 nulla
1656 4550 1758 4603 alia
1781 4549 1849 4604 de
1877 4565 2054 4616 causa,

487 4654 643 4708 quam
662 4648 715 4692 ut
731 4640 897 4692 amori
913 4654 1035 4708 erga
1047 4639 1309 4692 Christum
1326 4655 1420 4693 suo
1436 4637 1760 4694 satisfaceret
1777 4656 1789 4690 :
1811 4640 1896 4708 qui
1910 4654 2058 4693 amor

489 4729 623 4783 adeo
639 4738 867 4783 mentem
883 4733 998 4797 ejus
1015 4730 1226 4792 vicerat,
1251 4738 1308 4783 ut
1326 4728 1466 4799 quod
1483 4729 1554 4782 illi
1569 4730 1739 4784 carius
1759 4739 1890 4787 erat.
1911 4745 2058 4783 nem-

488 4833 556 4888 pe
581 4833 698 4873 esse
726 4835 844 4874 cum
869 4819 1101 4885 Christo,
1122 4835 1217 4888 pro
1237 4835 1340 4889 quo
1363 4829 1416 4873 et
1438 4820 1731 4890 gehennam
1759 4829 1813 4874 et
1837 4835 2057 4890 regnum

489 4909 741 4962 caelorum
789 4909 1136 4979 despiciebat,
1188 4909 1288 4963 ltoc
1334 4910 1526 4978 ipsum,
1556 4909 1788 4978 inquam,
1833 4911 2060 4966 libenter

492 4999 787 5065 desereret,
834 5014 896 5053 ac
932 5008 1144 5068 propter
1185 4997 1447 5053 Christum
1475 4999 1878 5054 inenarrabilem
1909 5000 2057 5054 illum

490 5090 720 5156 lapsum,
755 5089 902 5158 quasi
935 5104 1045 5142 rem
1072 5089 1523 5158 optabilissimam,
1555 5090 1711 5144 vellet
1736 5090 1977 5159 amplecd
2004 5098 2058 5145 et

490 5197 676 5251 magna
706 5197 824 5235 cum
855 5181 1122 5235 alacritate
1145 5183 1430 5250 suscipere.

561 5273 616 5328 8.
658 5273 727 5326 At
768 5272 990 5327 fortasse
1019 5288 1155 5326 nunc
1183 5273 1462 5326 obscurum
1501 5273 1681 5326 multis
1708 5272 1914 5327 videtur
1941 5287 2059 5327 esse

493 5366 632 5434 quod
661 5366 857 5419 dictum
896 5373 978 5420 est
1007 5383 1018 5418 :
1067 5381 1186 5419 cum
1213 5375 1386 5420 autem
1417 5366 1467 5419 id
1501 5366 1691 5420 clarius
1718 5380 2054 5430 enarrat-ero,

493 5467 619 5512 tunc
672 5455 978 5510 incredibile
1027 5456 1289 5510 videbitur
1336 5456 1398 5510 iis
1444 5455 1607 5524 ipsis,
1676 5456 1864 5525 quibus
1905 5464 2058 5508 antea

500 5551 782 5602 obscurum
805 5557 936 5602 erat.
964 5547 1205 5617 Nihilque
1236 5547 1458 5600 mirum:
1481 5563 1598 5600 nam
1623 5547 1806 5602 beatus
1834 5548 1918 5602 ille
1939 5563 2057 5601 cum

559 5664 576 5692 ι
603 5669 716 5719 \‘ox,
743 5667 862 5719 erat,
878 5668 926 5710 et
943 5658 1063 5709 infra
1084 5659 1250 5719 verba,
1270 5670 1417 5722 quare
1441 5656 1647 5718 diccbat,
1667 5657 1841 5707 desunt
1862 5659 1910 5708 in
1926 5659 2053 5708 colb.

1300 252 1388 308 DE
1429 246 1966 307 COMPUNCTIOXE.
2007 238 2098 300 AD
2136 238 2558 304 DEMETRIUM,
2599 238 2724 295 LIB.
2766 239 2806 294 ι.

3587 241 3695 298 406

2133 360 2233 415 sibi
2260 358 2415 414 fidem
2443 358 2582 413 circa
2610 357 2722 410 hmc
2749 373 2851 411 non
2881 357 3171 410 habendam
3199 371 3317 411 esse
3343 370 3690 426 exspectaret,

2132 449 2246 505 lucc
2271 449 2523 520 przemisit
2555 466 2568 502 :
2602 447 2869 502 Veritatem
2894 449 3005 501 dico
3030 449 3082 501 in
3106 446 3321 512 Christo,
3347 466 3444 502 non
3462 453 3694 518 mentior,

2133 545 2466 599 testimonium
2501 544 2624 597 mihi
2652 543 2935 613 perhibente
2961 543 3259 596 conscientia
3292 559 3400 596 mea
3423 545 3473 596 in
3499 543 3698 615 Spiritu

2133 650 2304 693 sancto
2327 638 2501 711 (Rom.
2531 638 2585 694 9.
2612 638 2664 708 l)
2682 682 2692 692 .
2711 639 2955 691 Attamen
2978 636 3058 690 his
3087 636 3303 705 adjectis
3324 637 3699 706 advocatisque

2133 731 2324 785 talibus
2343 731 2678 786 conscientiae
2704 746 2813 785 sua:
2839 729 3077 791 testibus,
3106 731 3264 783 etiam
3291 745 3427 784 nunc
3453 745 3554 783 non
3582 746 3700 784 cre-

2132 820 2431 887 ditur.Quid
2454 821 2608 890 igitur
2627 821 2736 874 vult
2754 820 2968 874 dicere?
2987 820 3140 873 Audi.
3159 820 3438 890 Postquam
3457 820 3522 876 de
3543 822 3700 884 huius

2136 909 2316 962 mundi
2350 909 2600 963 {erumnis
2625 909 2870 963 disseruit
2898 924 2959 963 ac
2983 909 3113 963 dixit
3145 926 3158 962 :
3185 909 3307 974 Quis
3333 927 3421 964 nos
3449 914 3698 980 separabit

2133 1018 2164 1052 a
2178 1003 2384 1054 caritate
2397 1001 2579 1054 Christi
2596 1002 2906 1067 ?tribulatio,
2923 1019 2987 1054 an
3005 1003 3254 1072 angustia,
3277 1020 3339 1056 an
3362 1003 3699 1072 persequutio,

2137 1111 2203 1146 an
2227 1095 2405 1162 fames,
2429 1112 2493 1148 an
2511 1095 2732 1153 auditas,
2754 1112 2820 1148 an
2837 1095 3141 1164 periculum,
3157 1112 3219 1148 an
3236 1095 3436 1164 gladius
3454 1093 3622 1165 (Rom.
3644 1096 3696 1148 8.

2134 1183 2219 1237 53.
2239 1184 2324 1238 '58.
2341 1184 2457 1253 59)?
2483 1194 2535 1239 et
2563 1176 2808 1241 omnibus
2833 1187 3013 1256 qumin
3035 1195 3174 1241 terra
3199 1195 3320 1238 sunt
3341 1185 3632 1248 recensitis,
3651 1188 3700 1236 in

2135 1276 2321 1329 caelum
2343 1276 2578 1331 ascendit
2609 1295 2622 1333 :
2668 1287 2829 1348 utque
2856 1277 3113 1342 ostendat,
3146 1292 3250 1331 non
3283 1291 3525 1343 magnum
3552 1275 3703 1345 quid-

2137 1368 2273 1435 piam
2295 1384 2412 1423 esse
2436 1369 2590 1439 hujus
2617 1369 2738 1424 vita:
2768 1371 3038 1426 cruciatus
3073 1378 3287 1438 prepter
3312 1367 3578 1422 Christum
3605 1368 3702 1420 de-

2135 1459 2360 1527 spicere,
2387 1459 2464 1513 sic
2491 1459 2650 1513 infert
2687 1477 2701 1512 :
2746 1458 2922 1527 Neque
2943 1459 3127 1526 angeli,
3170 1474 3328 1526 neque
3361 1457 3703 1526 Principatus,

2136 1565 2294 1618 neque
2345 1548 2579 1612 Virtutes,
2627 1565 2785 1618 neque
2826 1549 3084 1609 instantia,
3124 1563 3281 1616 neque
3310 1550 3502 1617 futura,
3552 1563 3704 1617 neque

2138 1639 2374 1705 altitudo,
2407 1657 2564 1710 neque
2593 1641 2922 1710 profundum,
2955 1657 3111 1709 neque
3131 1650 3360 1693 creatura
3399 1641 3500 1693 alia
3527 1644 3705 1710 poterit

2139 1749 2230 1784 nos
2269 1751 2506 1803 separare
2544 1752 2576 1786 a
2616 1735 2824 1787 caritate
2868 1733 2982 1799 Dei,
3028 1749 3139 1804 quce
3166 1744 3238 1788 est
3277 1734 3328 1787 in
3362 1732 3558 1788 Christo
3583 1733 3705 1785 Jcsu

2143 1822 2358 1877 Domino
2396 1835 2585 1878 nostro.
2611 1825 2762 1893 Quod
2789 1835 2962 1881 autem
2990 1825 3117 1880 dicit
3143 1826 3246 1880 tale
3275 1836 3373 1880 est.
3399 1826 3512 1880 Non
3537 1826 3705 1878 solum

2143 1913 2386 1966 homines
2415 1930 2498 1968 me
2529 1931 2630 1967 non
2661 1925 2910 1985 poterunt
2939 1915 3006 1969 ab
3043 1915 3145 1969 hoc
3171 1930 3351 1970 amore
3379 1916 3704 1978 abstrahere,

2149 2003 2242 2057 sed
2268 2020 2436 2072 neque
2464 2005 2656 2074 angeli,
2709 2021 2878 2074 neque
2921 2006 2985 2060 si-
3007 2021 3192 2061 omnes
3216 2007 3456 2061 cmlestes
3480 2007 3709 2060 Virtutes

2143 2096 2194 2150 in
2227 2096 2327 2151 hoc
2360 2098 2750 2166 conspirarent,
2787 2098 2843 2152 id
2865 2098 3080 2153 efficere
3123 2108 3358 2168 possent.
3387 2099 3521 2166 Quid
3550 2099 3708 2152 dico?

2143 2203 2313 2256 neque
2339 2189 2382 2242 si
2407 2203 2438 2242 e
2467 2203 2632 2257 regno
2655 2189 2918 2253 excidere,
2950 2204 3121 2257 neque
3146 2189 3189 2242 si
3221 2189 3270 2242 in
3299 2188 3592 2257 geltennam
3625 2191 3708 2242 in-

2143 2279 2324 2333 cidere
2349 2291 2563 2348 propter
2588 2279 2853 2333 Christunt
2877 2288 3160 2347 oporteret,
3210 2279 3260 2332 id
3301 2280 3426 2333 mihi
3454 2281 3704 2334 formida-

2145 2367 2248 2422 bile
2275 2377 2436 2422 esset.
2466 2367 2597 2422 Nam
2623 2368 2844 2422 altitudo
2871 2379 2923 2422 et
2952 2368 3286 2437 profundum,
3329 2369 3434 2423 vita
3461 2379 3512 2423 et
3541 2385 3705 2433 mors,

2145 2457 2271 2510 nihil
2320 2457 2459 2512 aliud
2499 2473 2655 2526 quam
2700 2457 2801 2512 hoc
2852 2458 3136 2512 declarant.
3187 2458 3240 2511 Id
3270 2461 3284 2490 ¹
3314 2474 3440 2512 vero
3483 2460 3709 2523 diccbat,

2145 2564 2250 2602 non
2288 2549 2426 2618 quod
2454 2549 2626 2618 angeli
2659 2550 2906 2604 tentaturi
2931 2560 3109 2605 essent
3134 2551 3304 2620 ipsum
3331 2567 3359 2604 a
3385 2550 3596 2606 Christo
3624 2568 3711 2607 se-

2147 2657 2366 2711 parare;
2423 2643 2517 2696 sed
2546 2657 2605 2697 ea
2633 2659 2750 2712 qua:
2788 2658 3075 2713 numquam
3116 2645 3420 2713 contingere
3467 2655 3708 2713 possunt,

2148 2733 2309 2785 verbo
2361 2741 2515 2788 tenus
2556 2735 2821 2803 proponit,
2868 2743 2925 2787 ut
2961 2734 3373 2802 magnitudinem
3412 2738 3607 2790 amoris
3633 2739 3714 2790 sai

2147 2822 2435 2884 declarare,
2459 2823 2803 2894 omnibusque
2821 2824 2991 2892 palam
3009 2822 3183 2878 facere
3204 2825 3388 2894 possit.
3408 2825 3549 2878 Talis
3567 2841 3712 2878 nam-

2147 2925 2246 2978 que
2271 2913 2557 2966 amantium
2579 2928 2693 2968 mos
2716 2922 2798 2967 est
2827 2931 2840 2967 :
2872 2928 2974 2966 non
3003 2922 3219 2980 possunt
3240 2913 3449 2968 silentio
3475 2930 3709 2968 amorem

2147 3016 2299 3053 suum
2328 3010 2522 3070 tegere,
2550 3003 2640 3054 sed
2669 3002 3010 3058 familiaribus
3035 3004 3278 3057 omnibus
3299 3003 3562 3059 ﬂammam
3589 3006 3715 3059 cfl‘e-

2150 3099 2291 3156 rttnt,
2340 3101 2394 3145 ut
2434 3092 2739 3146 assiduitate
2777 3095 3023 3148 narrandi
3064 3098 3297 3149 animum
3343 3097 3606 3150 desiderio
3637 3099 3714 3150 in-

2149 3181 2289 3248 genti
2321 3180 2626 3251 flagrantem
2672 3183 2912 3253 mitigent
2962 3199 3024 3239 ac
3066 3195 3326 3240 recreent.
3365 3187 3516 3253 Quod
3545 3188 3714 3255 ipsum

2153 3281 2276 3326 tunc
2303 3271 2425 3327 fecit
2451 3274 2632 3328 beatus
2662 3275 2769 3340 illc,
2807 3277 3089 3346 omniaque
3118 3293 3362 3334 sermone
3385 3282 3709 3349 complexus,

2153 3366 2448 3432 praesentia,
2488 3366 2682 3433 futura,
2717 3369 3005 3436 praeterita,
3033 3385 3150 3438 qua:
3192 3386 3475 3441 numquam
3503 3374 3713 3425 contin-

2151 3471 2277 3524 gere
2306 3466 2567 3526 poterant,
2597 3460 2822 3514 visibilia
2850 3471 2904 3515 et
2927 3462 3228 3529 invisibilia,
3267 3480 3476 3519 omnem
3504 3469 3712 3520 crucia-

2155 3557 2284 3613 tum,
2315 3565 2526 3604 omnem
2545 3551 2806 3619 quietem;
2835 3552 2984 3621 quasi
3015 3552 3128 3607 haec
3152 3569 3258 3607 non
3287 3555 3386 3608 sibi
3416 3555 3717 3609 sufficerent

2153 3637 2217 3690 ad
2264 3637 2507 3692 aﬂ‘ectum
2542 3653 2694 3694 suum
2739 3640 3132 3707 declarandum,
3176 3652 3449 3712 postquam
3502 3655 3578 3698 tot
3617 3648 3716 3698 alia

2155 3743 2260 3780 non
2290 3729 2596 3783 exsistentia
2625 3732 2900 3800 supposuit
2926 3743 2977 3787 ct
2997 3734 3184 3786 extulit
3214 3733 3356 3802 (nam
3385 3735 3530 3798 illud,
3573 3753 3716 3789 crea—

2157 3829 2269 3872 tura
2302 3819 2425 3885 alia,
2472 3821 2539 3874 de
2584 3838 2690 3875 non
2734 3823 3112 3878 exsisteutibus
3140 3825 3390 3893 dicitur);
3433 3825 3509 3879 sic
3545 3825 3719 3881 intulit

2155 3912 2442 3968 ostendens
2470 3913 2596 3967 nihil
2621 3929 2778 3984 supra
2807 3915 3068 3968 dictorum
3099 3931 3255 3985 posse
3291 3932 3386 3970 nos
3410 3931 3654 3986 separare
3690 3935 3718 3972 a

2156 4005 2374 4059 caritate
2402 4005 2514 4070 Dei,
2542 4021 2658 4075 quae
2686 4015 2767 4060 est
2793 4006 2844 4059 in
2864 4005 3075 4061 Christo
3105 4007 3233 4064 Jesu
3265 4009 3488 4062 Domino
3515 4019 3716 4063 nostro.

2159 4095 2224 4148 Et
2245 4096 2330 4148 ille
2351 4096 2559 4164 quidem
2587 4111 2818 4151 amorem
2847 4112 2998 4151 suum
3027 4099 3078 4151 in
3119 4107 3314 4152 tantam
3345 4099 3718 4154 sublimitatem

2157 4187 2343 4240 extulit
2371 4204 2385 4238 :
2418 4202 2513 4241 nos
2539 4197 2737 4255 autem,
2784 4189 2872 4258 qui
2909 4188 3039 4258 jussi
3077 4204 3258 4244 sumus
3290 4191 3403 4258 ejus
3431 4192 3720 4247 imitatores

2156 4290 2295 4340 esse,
2331 4291 2396 4331 ne
2424 4277 2543 4330 vita:
2568 4277 2779 4345 quidem
2808 4278 2961 4346 hujus
2990 4294 3253 4332 azrumnas
3301 4279 3452 4335 facile
3481 4281 3715 4345 ferimus,

2159 4368 2252 4423 sed
2276 4384 2377 4422 non
2405 4369 2597 4433 minus,
2617 4385 2772 4438 quam
2790 4369 3164 4433 febricitantes,
3190 4386 3493 4434 maeremus,
3513 4383 3565 4426 et
3582 4373 3718 4425 indi-

2159 4475 2397 4527 gnamur.
2423 4458 2553 4512 Nam
2580 4459 2765 4527 longus
2798 4458 2883 4512 hic
2909 4460 3144 4525 morbus,
3175 4460 3261 4528 qui
3288 4459 3489 4514 animas
3516 4475 3721 4517 nostras

2159 4550 2451 4618 occupavit,
2469 4548 2810 4602 diuturnitate
2831 4548 3132 4602 insanabilis
3157 4550 3342 4613 evasit,
3368 4560 3424 4603 ut
3444 4551 3511 4603 ita
3528 4550 3716 4616 dicant,

2160 4655 2222 4694 ac
2247 4640 2530 4709 perfectam
2560 4639 2914 4693 valetudinem
2946 4655 3012 4694 ne
3040 4640 3270 4708 cogitare
3294 4641 3507 4709 quidem
3534 4657 3719 4710 possu-

2161 4744 2279 4782 mus
2310 4747 2322 4783 :
2356 4731 2464 4783 imo
2492 4730 2648 4783 etiam
2678 4729 2831 4783 nobis
2856 4745 2917 4783 ea
2943 4746 3047 4783 non
3073 4731 3207 4784 ttltra
3239 4733 3537 4802 recuperari
3566 4751 3720 4802 posse

2159 4819 2383 4872 videtur.
2437 4819 2492 4874 Si
2536 4835 2664 4873 vero
2698 4820 2995 4888 quempiam
3042 4821 3315 4874 audiamus
3357 4826 3624 4892 apostolos
3671 4826 3722 4876 in

2160 4909 2390 4963 medium
2419 4909 2793 4977 proferentem,
2824 4919 2877 4964 et
2904 4925 3083 4964 eorum
3111 4912 3358 4980 praeclara
3399 4927 3557 4982 opera
3601 4930 3722 4966 nar-

2159 5013 2386 5068 rantem,
2433 5019 2550 5058 cum
2579 5005 2753 5058 statim
2794 5004 2972 5072 lugere
3000 5003 3338 5072 deberemus,
3391 5007 3527 5075 quod
3557 5023 3724 5071 usque

2159 5095 2293 5149 adeo
2324 5095 2423 5148 illis
2450 5093 2727 5148 inferiores
2745 5095 2928 5158 simus,
2963 5110 3031 5149 ne
3061 5103 3328 5163 peccatum
3356 5096 3566 5164 quidem
3607 5114 3722 5148 eam

2159 5202 2271 5240 rem
2305 5201 2423 5240 esse
2453 5196 2712 5254 putamus,
2738 5186 2829 5239 sed
2858 5187 3006 5255 quasi
3037 5204 3140 5240 non
3170 5188 3333 5256 possit
3359 5189 3566 5241 culmen
3598 5190 3720 5239 iélnd

2159 5277 2363 5346 attingi,
2408 5278 2478 5329 ita
2519 5277 2742 5330 remisse
2778 5276 3036 5345 degimus.
3082 5276 3137 5332 Si
3175 5279 3290 5346 quis
3319 5293 3528 5330 causam
3559 5288 3721 5345 petit,

2161 5370 2335 5421 statim
2372 5369 2601 5436 ineptam
2645 5367 2779 5422 hanc
2805 5369 3201 5422 excusationem
3241 5369 3597 5438 proferimus:
3634 5370 3724 5422 life

2164 5459 2354 5511 Paulus
2381 5467 2517 5520 erat,
2564 5458 2651 5511 ille
2682 5458 2884 5520 Petrus,
2922 5459 3007 5512 ille
3035 5459 3282 5513 Joannes.
3328 5460 3460 5527 Quid
3491 5461 3587 5513 sibi
3613 5460 3724 5509 vult

2163 5549 2308 5612 illttd,
2339 5547 2429 5603 llle
2457 5549 2647 5604 Paulus
2671 5559 2805 5615 erat,
2859 5549 2946 5602 ille
2975 5549 3159 5603 Petrus
3186 5551 3337 5604 erat?
3386 5553 3593 5612 Annon,
3642 5551 3723 5604 die

2225 5662 2242 5690 ι
2278 5657 2428 5711 (3011)..
2474 5651 2594 5708 nihil
2619 5656 2751 5707 aliud
2775 5669 2916 5720 quam
2938 5656 3040 5707 lucc
3058 5665 3162 5708 sunt
3189 5695 3201 5706 .
3225 5667 3293 5708 Ea
3313 5668 3571 5719 uero,.etc.
