4116 6392
452 169 556 227 (ογ

449 287 600 351 mihi,
645 281 879 354 ejusdem
929 283 1002 339 illi
1045 292 1248 338 natura:
1275 293 1549 340 consortes
1595 281 1788 338 erant?
1834 297 2012 336 annon

449 376 632 431 eadem
664 378 744 430 via
790 376 840 429 in
881 374 1015 429 hanc
1051 375 1210 429 vitam
1239 374 1582 444 prodierant?
1611 389 1784 428 annon
1825 374 2011 428 iisdem

449 466 580 521 cibis
625 467 808 520 nutriti
838 464 1094 520 fuerant?
1131 480 1309 518 annon
1352 465 1595 520 eumdem
1623 465 2014 535 respiraverant

447 572 626 612 aerem
647 557 669 610 ?
694 573 868 632 nonne
907 557 1092 610 iisdem
1133 556 1291 610 rebus
1319 556 1640 611 utebantur?
1687 571 1862 610 nonne
1889 557 2010 626 qui-

446 649 566 702 dam
591 649 820 718 ipsorum
852 663 1046 703 uxores
1067 647 1325 703 duxerant
1351 657 1406 703 et
1431 648 1630 703 liberos
1669 657 2012 716 susceperant

445 739 532 791 alii
565 753 691 791 vero
723 746 868 792 artes
896 738 1176 792 saecularcs
1201 739 1538 806 exercebant,
1591 738 1678 792 alii
1715 739 1926 792 demum
1959 741 2009 793 in

447 829 616 897 ipsum
634 829 880 898 nequitia:
899 830 1201 884 barathrum
1219 829 1418 900 delapsi
1445 830 1690 885 fuerant?
1711 842 1777 886 At
1801 849 2004 901 magna,

445 920 670 990 inquies,
701 919 1009 976 fruebantur
1032 921 1122 975 Dei
1147 922 1332 990 gratia.
1355 921 1463 978 Sed
1488 923 1531 976 si
1557 923 1768 992 quidem
1791 925 2009 992 jubere-

443 1027 566 1065 mur
610 1020 845 1066 mortuos
909 1014 1186 1080 suscitare,
1241 1028 1501 1069 caecorum
1547 1015 1730 1070 oculos
1779 1017 2006 1084 aperire,

445 1102 682 1170 leprosos
711 1103 984 1169 mundare,
1009 1105 1224 1159 claudos
1243 1106 1464 1176 erigere,
1498 1105 1767 1162 daemones
1793 1108 2004 1177 ejicere,

442 1193 682 1262 aliosque
704 1193 903 1247 similes
923 1195 1137 1249 morbos
1151 1209 1356 1258 sanare,
1385 1205 1682 1265 opportune
1700 1208 1876 1266 posset
1896 1198 2009 1253 hmc

442 1287 712 1337 excusatio
738 1282 959 1352 proferri
996 1301 1009 1337 :
1049 1285 1128 1339 sin
1156 1293 1400 1340 accurata
1431 1287 1549 1340 vita:
1579 1289 1712 1340 ratio
1742 1304 2004 1358 propona-

442 1386 528 1430 tur
561 1386 614 1430 et
640 1377 997 1446 obsequentize
1041 1377 1314 1440 exhibitio,
1343 1393 1458 1448 quae
1489 1381 1830 1433 consonantia
1871 1381 2008 1435 inter

441 1466 542 1520 hoc
570 1477 624 1520 et
652 1465 818 1521 illud‘l

509 1556 577 1612 In
606 1559 849 1628 baptismo
877 1559 1091 1630 gratiam
1123 1569 1167 1612 et
1190 1558 1436 1629 Spiritum
1463 1571 1688 1614 sanctum
1717 1561 2003 1630 recipimus.

439 1681 510 1690 —
527 1651 733 1706 Etenim
762 1661 816 1705 tu
842 1653 998 1705 etiatn
1033 1651 1082 1704 in
1111 1650 1370 1718 baptismo
1387 1650 1562 1705 divina
1592 1653 1788 1721 potitus
1813 1668 1868 1706 es
1888 1668 2007 1722 grav

440 1743 511 1795 tia
531 1782 546 1807 ,
577 1757 639 1796 ac
664 1741 878 1811 spiritus
901 1741 1160 1811 particeps
1183 1739 1364 1806 fuisti,
1394 1742 1602 1796 etiamsi
1634 1758 1738 1796 non
1765 1752 1822 1797 ut
1851 1743 1999 1812 signa

439 1836 624 1892 ederes
649 1879 662 1903 ,
691 1837 783 1892 sed
808 1848 1060 1908 quantum
1081 1837 1209 1892 satis
1236 1846 1350 1892 erat
1373 1837 1438 1891 ad
1463 1846 1665 1891 rectum
1709 1845 1765 1889 et
1791 1850 2006 1890 accura-

439 1938 550 1983 tum
577 1928 698 1983 vita:
727 1929 1022 1984 institutum
1049 1946 1060 1983 :
1085 1929 1156 1982 ita
1187 1937 1243 1982 ut
1265 1927 1528 1996 pernicies
1556 1941 1622 1981 ex
1651 1926 1763 1980 sola
1782 1925 2006 1995 segnitie

439 2033 620 2076 nostra
644 2022 915 2091 procedat.
947 2020 1086 2077 Sane
1111 2021 1354 2076 Christus
1385 2021 1544 2075 indie
1575 2022 1661 2075 illa
1707 2036 1814 2075 non
1857 2022 2004 2090 signa

439 2114 717 2169 edentibus
746 2115 1056 2184 simpliciter
1097 2129 1316 2169 munera
1345 2113 1472 2180 dat,
1513 2113 1606 2168 sed
1648 2114 1713 2168 iis
1737 2114 1824 2183 qui
1857 2129 2005 2167 man.

440 2207 558 2260 data
587 2221 679 2260 sua
707 2216 830 2260 sunt
858 2206 1164 2276 exsequuti:
1196 2221 1315 2260 nam
1341 2247 1356 2271 ,
1396 2204 1568 2260 Venite
1589 2246 1603 2269 ,
1637 2206 1824 2274 inquit,
1855 2205 2002 2258 bene-

443 2299 566 2351 dicti
597 2297 766 2352 Patris
787 2298 883 2351 mei
905 2339 919 2363 ,
962 2298 1208 2367 possidete
1232 2307 1572 2368 prteparatum
1597 2296 1729 2350 vobis
1749 2313 1956 2367 regnum
1973 2312 2006 2348 a

444 2389 794 2442 constitutione
816 2388 989 2441 mundi
1013 2428 1027 2452 ,
1058 2403 1162 2441 non
1191 2387 1310 2457 quia
1337 2387 1591 2441 miracula
1621 2387 1882 2447 edidistis,
1910 2385 2005 2440 sed

441 2483 560 2550 quia
585 2482 763 2536 esurivi
792 2524 805 2543 ,
833 2491 878 2535 et
902 2482 1107 2535 dedistis
1133 2481 1258 2532 mihi
1281 2480 1587 2532 manducare
1610 2496 1626 2541 ;
1653 2479 1784 2532 sitivi
1805 2518 1821 2543 ,
1849 2488 1896 2531 et
1919 2479 2006 2531 de-

441 2574 584 2626 distis
613 2573 734 2625 mihi
763 2573 923 2627 bibere
945 2588 965 2635 ;
993 2576 1170 2640 hospes
1210 2588 1366 2636 eram,
1390 2581 1435 2624 et
1461 2570 1726 2640 cdllegistis
1753 2586 1830 2623 me
1857 2586 1874 2633 ;
1905 2586 2003 2622 uu-

442 2663 559 2728 dus,
591 2674 636 2716 et
661 2664 922 2732 operuistis
947 2679 1024 2715 me
1044 2680 1062 2728 ;
1083 2663 1311 2729 inﬁrmus
1341 2662 1416 2730 fui
1440 2701 1454 2724 ,
1486 2671 1532 2714 et
1552 2661 1787 2714 visitastis
1810 2677 1887 2713 me
1909 2675 1927 2722 ;
1952 2661 2005 2713 in

440 2774 637 2812 carcere
657 2774 811 2821 eram,
831 2765 876 2809 et
901 2757 1099 2810 venistis
1126 2756 1193 2808 ad
1214 2771 1291 2807 me
1339 2754 1357 2824 (
1389 2753 1571 2807 Matth.
1594 2753 1684 2807 25.
1708 2753 1776 2807 54
1797 2754 1835 2823 ).
1859 2753 1925 2807 Ει
1951 2754 2002 2807 in

441 2847 855 2904 beatitudinibus
894 2861 1151 2916 nusquam
1196 2847 1345 2915 signa
1370 2853 1651 2915 operantcs
1679 2845 1867 2914 ponit,
1909 2843 2004 2900 sed

441 2940 532 3009 qui
559 2939 717 2992 vitam
745 2937 910 3008 probe
929 2937 1146 2991 ducunt.

513 3031 568 3084 9.
596 3031 775 3100 Itaque
793 3031 914 3084 licet
937 3030 1023 3084 illa
1045 3030 1210 3098 gratia
1243 3045 1384 3085 nunc
1412 3037 1681 3083 contracta
1705 3030 1773 3083 sit
1805 3070 1819 3093 ,
1853 3028 1903 3082 id
1934 3029 2005 3082 ni-

443 3124 517 3178 hil
538 3124 688 3178 nobis
705 3123 938 3178 nocebit:
967 3137 1136 3192 neque
1161 3121 1282 3176 inde
1302 3135 1399 3176 nos
1422 3135 1675 3175 excusare
1690 3119 2000 3190 poterimus,

439 3215 649 3285 quando
675 3213 964 3268 facinorum
995 3222 1294 3267 nostrorum
1323 3213 1580 3266 rationem
1622 3212 1884 3266 dabimus.
1930 3210 2006 3267 Si-

440 3305 654 3375 quidem
684 3305 866 3359 beatos
887 3304 1007 3358 illos
1033 3320 1136 3358 non
1174 3303 1243 3358 ob
1283 3303 1432 3374 signa
1460 3303 1746 3356 miramur:
1779 3303 2003 3356 namilla

441 3396 511 3451 ad
536 3397 767 3451 divinam
805 3409 1021 3464 prorsus
1057 3395 1346 3464 potentiam
1382 3395 1397 3425 ⁸
1432 3394 1714 3462 pertinent,
1752 3392 2003 3462 sedquod

439 3489 602 3542 vitam
615 3486 903 3556 angelicam
925 3484 1261 3540 exbibuerint
1283 3501 1295 3536 :
1318 3484 1417 3538 hoc
1440 3492 1616 3538 autem
1638 3499 1756 3537 cum
1774 3497 2006 3551 superno

441 3588 594 3645 nutu,
625 3579 782 3632 etiam
824 3577 1030 3631 illorum
1060 3575 1312 3645 propositi
1341 3589 1472 3644 opus
1509 3583 1610 3629 est.
1662 3575 1730 3628 Et
1756 3575 1858 3628 hoc
1897 3589 2002 3628 non

443 3686 542 3741 ego
567 3671 708 3736 dico,
735 3670 826 3724 sed
867 3670 912 3723 is
938 3672 1050 3739 ipse
1077 3668 1270 3723 Christi
1319 3668 1568 3723 imitator.
1617 3667 1839 3735 Quando
1864 3669 2005 3722 enim

443 3762 716 3829 discipulis
741 3761 980 3815 scribens
1007 3769 1192 3814 contra
1220 3759 1688 3828 pseudoapostolos
1715 3757 2006 3813 contende-

440 3852 529 3906 bat
559 3891 574 3915 ,
605 3860 660 3904 ut
687 3851 972 3905 discrimen
1002 3851 1138 3904 inter
1159 3849 1432 3918 probatum
1479 3857 1533 3903 et
1579 3849 1872 3917 improbum
1902 3848 2004 3901 mi-

443 3943 721 3995 nisterium
749 3941 1062 4005 declararet,
1096 3955 1200 3993 non
1225 3955 1252 3991 a
1277 3939 1440 4008 signis
1463 3979 1476 4004 ,
1518 3938 1611 3992 sed
1650 3938 1717 3993 ab
1755 3938 2005 4006 operibus

441 4033 492 4087 id
523 4033 743 4087 faciebat
773 4033 854 4087 his
880 4032 1054 4087 verbis
1083 4051 1096 4085 :
1130 4030 1352 4084 Ministri
1378 4030 1563 4083 Christi
1592 4032 1748 4083 sunt?
1767 4040 1818 4082 ut
1841 4031 2006 4084 minus

442 4125 642 4194 sapiens
662 4125 794 4184 dico,
826 4124 940 4193 plus
960 4139 1050 4194 ego
1078 4139 1096 4176 :
1120 4123 1172 4175 in
1201 4121 1454 4176 laboribus
1475 4121 1725 4191 plurimis,
1755 4121 1806 4175 in
1829 4137 2003 4175 carce-

440 4215 578 4270 ribus
601 4215 954 4275 abundantius,
984 4215 1038 4266 in
1068 4213 1231 4283 plagis
1255 4229 1409 4282 supra
1432 4211 1659 4278 modum,
1687 4212 1741 4265 in
1767 4211 2007 4266 mortibus

443 4310 725 4376 frequenter
752 4320 821 4358 :a
843 4303 1038 4357 Judceis
1058 4304 1319 4374 quinquies
1346 4303 1694 4372 quadragenas
1718 4319 1820 4356 una
1841 4303 2006 4357 minus

439 4397 630 4465 accepi,
661 4406 733 4449 ter
760 4397 909 4465 virgis
931 4413 1088 4449 ca'sus
1113 4412 1224 4449 sum
1248 4437 1263 4461 ,
1286 4396 1438 4448 semel
1467 4395 1722 4464 lapidatus
1745 4413 1855 4450 sum
1888 4437 1902 4461 ,
1933 4407 2008 4450 ter

442 4487 766 4556 naufragium
792 4487 886 4555 feci
910 4525 924 4549 ,
954 4496 1098 4539 nocte
1121 4494 1164 4538 et
1185 4485 1266 4538 die
1284 4485 1337 4538 in
1359 4486 1612 4555 profundo
1638 4488 1792 4540 maris
1814 4487 1888 4557 fui
1909 4503 1928 4540 :
1951 4489 2004 4541 in

440 4576 698 4629 itineribus
725 4580 1006 4646 frequenter
1029 4617 1044 4642 ,
1068 4575 1300 4646 periculis
1335 4577 1601 4645 fluminum
1624 4617 1643 4645 ,
1675 4577 1906 4645 periculis
1931 4577 2003 4630 la-

445 4675 666 4728 tronum,
690 4665 924 4735 periculis
949 4682 1011 4720 ex
1031 4682 1227 4736 genere,
1248 4666 1484 4735 periculis
1503 4682 1565 4720 ea:
1582 4665 1811 4738 gentibus
1840 4707 1854 4730 ,
1883 4667 2010 4737 peri-

437 4757 566 4812 wlis
593 4757 647 4810 in
687 4757 882 4810 civitate
907 4798 922 4821 ,
966 4757 1195 4826 periculis
1231 4758 1286 4810 in
1328 4759 1597 4812 solitudine
1618 4799 1634 4823 ,
1683 4759 1918 4827 periculis
1953 4761 2009 4814 in

442 4851 592 4910 mari,
619 4847 851 4915 periculis
870 4847 922 4899 in
948 4847 1092 4916 falsis
1118 4847 1355 4917 fratribus
1375 4863 1396 4901 :
1421 4849 1473 4901 in
1496 4839 1665 4902 labore
1685 4858 1733 4904 et
1759 4865 2004 4916 (erumna,

448 4936 503 4988 in
530 4938 713 5005 vigiliis
753 4939 1068 5005 frequenter,
1097 4937 1151 4988 in
1175 4939 1308 5006 fante
1345 4947 1391 4990 et
1419 4937 1503 5008 siti
1530 4978 1544 5002 ,
1579 4939 1630 4991 in
1664 4939 1877 5008 jejuniis
1905 4939 2006 5008 [re-

443 5038 677 5094 quenter,
711 5027 761 5078 in
804 5027 990 5096 frigore
1012 5033 1058 5078 et
1079 5025 1324 5078 nuditate.
1350 5024 1546 5081 Prester
1568 5026 1659 5080 illa
1686 5044 1797 5096 quce
1817 5030 2006 5082 extrin-

446 5132 588 5169 secus
606 5127 738 5177 sunt,
758 5117 996 5169 instantia
1015 5133 1124 5170 mea
1142 5116 1453 5186 quotidiana,
1475 5119 1758 5172 sollicitudo
1783 5121 2005 5174 omnium

455 5205 817 5260 Ecclesim‘um.
851 5207 975 5274 Quis
1014 5207 1337 5276 inﬁrmatur,
1368 5218 1415 5260 et
1457 5224 1547 5279 ego
1588 5225 1688 5263 non
1727 5211 1956 5278 in/irmor
1979 5213 2006 5266 2

446 5301 556 5366 quis
577 5299 966 5366 scandalizatur,
988 5309 1135 5370 etego
1159 5316 1258 5354 non
1281 5316 1402 5354 uror
1425 5299 1498 5372 ('2.
1523 5300 1639 5355 Cor.
1666 5303 1750 5356 Η.
1773 5303 2004 5375 25-29)?

453 5386 575 5443 ltleo
603 5403 700 5457 ego
728 5391 998 5458 apostolos
1023 5390 1275 5457 admiror,
1307 5398 1486 5461 utpote
1515 5393 1600 5462 qui
1629 5393 2002 5464 sineoperibus

509 5566 526 5598 ⁸
551 5567 760 5626 uetiam,
775 5567 996 5630 gratiam.

1149 170 1206 227 S.
1245 167 1522 227 JOANNIS
1557 168 2021 226 CllRYSOSTOMI
2060 168 2370 228 ARCHIEP.
2409 175 2933 242 CONSTANTINOP.

3573 197 3676 254 (οε

2123 299 2218 353 per
2233 285 2678 358 dispensationem
2691 298 2971 366 quamdam
3001 298 3147 372 signa
3171 304 3424 362 exhibere
3439 313 3677 366 concessi

2119 385 2262 468 sunt,
2290 393 2392 432 non
2421 381 2577 435 modo
2607 399 2708 438 non
2735 386 3070 445 admirabiles
3100 432 3114 456 ,
3144 393 3237 447 sed
3268 396 3426 450 etiam
3461 401 3676 468 reprobi

2119 463 2313 522 fuerint
2338 510 2353 534 ,
2375 479 2440 528 .ut
2462 471 2697 529 declarat
2720 475 2961 533 Christus
2985 481 3067 536 his
3089 484 3261 539 verbis
3290 504 3304 540 :
3332 486 3484 541 Multi
3509 463 3672 545 dicent

2117 557 2241 610 mihi
2275 561 2326 612 in
2355 561 2438 614 die
2469 561 2558 617 illa
2581 605 2596 629 ,
2621 565 2836 622 Domine
2866 611 2881 632 ,
2929 569 3145 626 Domine
3172 615 3186 637 ,
3215 591 3379 630 nonne
3405 579 3456 630 in
3481 581 3680 636 nomine

2116 662 2200 704 tuo
2221 654 2639 723 prophetauimus,
2661 670 2708 712 et
2739 661 2790 714 in
2816 663 3015 716 nomine
3038 675 3122 717 tuo
3149 666 3395 721 daemonia
3419 671 3673 739 ejecimus,

2116 753 2163 796 et
2189 746 2242 797 in
2271 748 2470 802 nomine
2509 759 2593 802 tuo
2642 753 2846 806 virtutes
2885 756 3069 809 multas
3115 759 3326 827 fecimus
3352 760 3377 812 ?
3425 760 3491 814 Et
3512 763 3676 817 dicant

2115 835 2216 888 illis
2238 852 2255 888 :
2279 836 2509 891 Recedite
2535 857 2564 890 a
2587 853 2664 893 me
2689 858 2859 898 onmes
2899 845 2986 913 qui
3009 848 3290 914 aperamini
3316 850 3629 917 iniquitatem
3655 870 3676 916 :

2115 940 2384 994 numquam
2414 929 2527 981 novi
2555 946 2638 984 vos
2665 931 2872 1001 (Matth.
2893 936 2945 988 7.
2965 935 3056 988 22.
3082 936 3193 1008 ‘25).
3228 938 3426 994 Idcirco
3449 942 3678 1012 discipu-

2115 1015 2192 1068 los
2220 1016 2296 1070 sic
2336 1019 2580 1074 monebat
2608 1039 2620 1072 :
2675 1020 2850 1077 Nolite
2875 1026 3096 1094 gaudere
3121 1028 3241 1096 quia
3267 1029 3514 1084 daemonia
3541 1034 3679 1088 vobis

2113 1106 2463 1176 subjiciuntur,
2491 1111 2579 1162 sed
2606 1112 2723 1180 quia
2751 1114 2953 1167 nomina
2968 1126 3129 1168 vestra
3148 1118 3336 1186 scripta
3355 1130 3470 1172 sunt
3495 1121 3546 1173 in
3572 1138 3674 1176 cc-

2111 1197 2174 1248 lis
2195 1195 2344 1268 (Luc.
2379 1199 2466 1255 10.
2499 1201 2610 1270 20).
2629 1201 2744 1255 Vita
2764 1204 2903 1257 enim
2929 1206 3092 1272 proba
3108 1208 3267 1261 etiam
3296 1209 3674 1276 illisdestituta,

2111 1302 2336 1341 coronas
2366 1291 2583 1359 accipiet
2609 1333 2624 1358 ,
2674 1309 2769 1348 nec
2796 1295 3060 1364 quidpiam
3093 1298 3266 1352 minus
3293 1299 3504 1354 habebit
3529 1301 3669 1370 quod

2113 1379 2213 1432 illis
2240 1392 2418 1436 careat
2441 1403 2454 1436 :
2499 1385 2602 1438 vita
2629 1397 2805 1440 autem
2825 1387 2999 1457 iniqua
3025 1404 3090 1442 ne
3115 1405 3235 1443 cum
3263 1381 3426 1460 signis
3453 1393 3669 1460 quidem

2111 1471 2422 1540 supplicium
2453 1474 2684 1545 effugere
2718 1478 2930 1546 poterit.
2961 1477 3143 1549 Itaque
3167 1495 3553 1549 supervacanea
3593 1491 3678 1538 est

2112 1563 2196 1618 illa
2227 1565 2470 1634 loquendi
2507 1569 2683 1631 ratio;
2735 1586 2832 1624 nec
2875 1581 3072 1626 tantum
3101 1587 3486 1641 supervacanea
3515 1615 3532 1641 ,
3580 1575 3676 1630 sed

2109 1655 2267 1710 etiam
2297 1659 2610 1726 periculosa,
2641 1675 2758 1729 quae
2775 1663 2953 1717 multis
2979 1662 3348 1720 haereticorum
3373 1681 3528 1721 ansas
3542 1683 3677 1736 pra:-

2111 1745 2240 1800 bere
2297 1748 2478 1814 possit.
2520 1749 2648 1802 Nam
2697 1751 2742 1804 si
2789 1751 2864 1804 illi
2911 1769 3013 1806 non
3065 1769 3127 1808 ex
3161 1757 3431 1822 proposito
3471 1772 3568 1811 suo
3597 1757 3678 1814 sic

2111 1838 2379 1892 mirabiles
2405 1843 2715 1908 evasissent,
2749 1843 2839 1896 sed
2865 1859 2956 1912 per
2981 1844 3176 1898 Christi
3197 1850 3420 1915 gratiam
3444 1856 3670 1912 tantum,

2111 1929 2234 1998 quid
2263 1930 2513 1998 impediat
2538 1935 2820 2001 quominus
2848 1950 3034 1990 omnes
3061 1937 3192 1989 tales
3217 1936 3512 1992 efficiantur
3537 1942 3562 1991 ’ἐ

2182 2019 2358 2074 Gratia
2395 2038 2596 2092 cperam
2640 2034 2861 2077 nostram
2888 2027 3106 2095 requirit.
3133 2057 3203 2067 —
3225 2028 3402 2083 Gratia
3438 2043 3669 2098 namque

2109 2113 2208 2167 nisi
2253 2128 2467 2183 operam
2499 2123 2730 2168 nostram
2770 2116 2914 2185 prius
2957 2117 3290 2186 requireret,
3315 2118 3590 2174 confertim
3622 2121 3676 2175 in

2109 2205 2342 2258 omnium
2381 2207 2584 2259 animas
2609 2205 2773 2261 effusa
2815 2217 2992 2261 esset:
3023 2224 3194 2278 neque
3234 2209 3374 2264 enim
3422 2226 3681 2280 persona-

2108 2309 2224 2348 rum
2271 2304 2517 2363 acceptor
2553 2304 2636 2350 est
2685 2295 2842 2350 Deus.
2891 2296 2995 2352 Sed
3033 2299 3153 2368 quia
3183 2314 3393 2369 operam
3441 2310 3676 2355 nostram

2109 2387 2327 2457 requirit
2351 2428 2365 2450 ,
2397 2387 2516 2442 ideo
2538 2388 2672 2442 alios
2696 2388 2907 2458 quidem
2935 2390 3171 2460 sequitur
3194 2402 3245 2444 et
3269 2407 3385 2444 cum
3420 2391 3523 2446 illis
3549 2407 3677 2461 per-

2111 2487 2289 2532 manet
2313 2520 2328 2543 ,
2357 2480 2424 2533 ab
2449 2479 2566 2533 aliis
2594 2481 2802 2546 evolat,
2843 2481 3073 2551 reliquos
3100 2492 3272 2536 autem
3303 2499 3368 2538 ne
3416 2499 3446 2536 a
3478 2485 3676 2553 princi-

2109 2570 2196 2638 pio
2241 2569 2452 2639 quidem
2501 2571 2728 2640 attingit.
2779 2571 2929 2638 Quod
2978 2587 3106 2625 vero
3151 2573 3471 2641 propositum
3526 2575 3678 2643 prius

2107 2667 2402 2726 scrutatus,
2429 2661 2506 2716 sic
2525 2663 2748 2731 gratiam
2774 2662 2979 2717 dederit
3019 2663 3156 2717 Deus
3180 2705 3194 2726 ,
3226 2673 3508 2732 antequam
3542 2665 3672 2718 hea-

2108 2758 2194 2803 tus
2223 2750 2311 2804 ille
2336 2751 2607 2820 quidpiam
2632 2750 2872 2806 mirabile
2911 2752 3272 2817 exhibuisset,
3302 2753 3423 2808 audi
3451 2754 3576 2823 quid
3605 2755 3678 2809 de

2107 2843 2199 2899 illo
2220 2842 2404 2899 dicat:
2461 2843 2557 2899 Vas
2600 2844 2849 2898 electionis
2881 2855 2953 2899 est
2998 2846 3159 2909 mihi,
3190 2856 3245 2900 ut
3285 2855 3443 2914 portet
3493 2861 3674 2900 nomen

2107 2951 2270 2988 meum
2301 2952 2468 2988 coram
2490 2936 2717 3006 gentibus
2746 2945 2794 2988 et
2817 2937 3013 3006 regibus
3047 2945 3092 2989 et
3127 2937 3262 2989 omni
3303 2953 3478 3007 genere
3504 2933 3676 2990 Israel

2109 3028 2244 3095 (Act.
2269 3027 2321 3082 9.
2345 3026 2456 3096 15).
2487 3027 2608 3082 Ηειςο
2631 3028 2796 3096 gratia
2823 3026 3057 3082 nondum
3076 3036 3335 3096 prcesente
3359 3026 3671 3080 testificatus

2108 3129 2190 3175 est
2217 3119 2290 3186 is,
2318 3119 2404 3188 qui
2426 3117 2586 3172 corda
2613 3127 2794 3173 nostra
2815 3126 3097 3172 scrutatur.
3127 3117 3201 3171 Ne
3232 3118 3407 3187 itaque
3434 3127 3671 3171 nosmet-

2109 3213 2254 3283 ipsos
2279 3211 2625 3280 deeipiamus,
2657 3210 2870 3275 dilecti,
2900 3210 3136 3264 dicentes
3168 3226 3272 3264 non
3302 3225 3456 3279 posse
3483 3225 3674 3278 quem.

2109 3303 2245 3372 piam
2265 3301 2412 3356 Pauli
2435 3301 2659 3356 similem
2687 3315 2824 3356 esse.
2847 3301 3054 3356 Etenim
3081 3310 3331 3371 quantum
3358 3303 3422 3354 ad
3446 3301 3670 3370 gratiam

2107 3395 2318 3463 quidem
2356 3403 2409 3448 et
2453 3395 2598 3462 signa
2647 3409 2752 3448 non
2797 3395 2930 3448 alter
2968 3393 3163 3448 Paulus
3205 3402 3385 3462 postea
3423 3394 3545 3458 erit,
3576 3393 3672 3447 sed

2107 3497 2360 3557 quantum
2395 3485 2460 3540 ad
2498 3487 2618 3540 vita:
2647 3484 2972 3555 diligentiam
2999 3528 3014 3551 ,
3047 3485 3285 3555 quisquis
3311 3485 3532 3539 voluerit
3568 3485 3671 3538 hu-

2104 3577 2330 3646 jusmudi
2372 3592 2492 3632 esse
2539 3577 2731 3645 poterit
2763 3595 2776 3629 :
2804 3575 2940 3646 quod
2988 3576 3033 3630 si
3080 3577 3210 3631 tales
3232 3592 3485 3646 nusquam
3527 3577 3670 3630 essio

2080 3662 2084 3664 ⁷
2109 3678 2286 3732 stant,
2314 3684 2378 3722 ex
2408 3683 2473 3722 eo
2497 3667 2638 3737 quod
2667 3667 2834 3722 nolint
2860 3677 3063 3720 tantum
3086 3667 3360 3730 contingit.
3385 3669 3453 3721 At
3489 3667 3672 3719 nescio

2108 3759 2372 3829 quomodo
2399 3760 2450 3812 in
2479 3757 2614 3813 hanc
2632 3758 3008 3813 absurditatem
3034 3757 3281 3828 delapsus
3303 3759 3491 3821 sim,ut
3521 3758 3673 3813 Pauli

2109 3851 2309 3906 similes
2353 3865 2493 3904 nunc
2535 3850 2820 3920 requiram,
2847 3864 2964 3903 cum
3011 3864 3109 3903 nec
3151 3850 3308 3903 tertio
3349 3863 3446 3902 nec
3487 3857 3674 3917 quarto

2111 3951 2230 4010 post
2256 3942 2398 3995 illum
2427 3941 2592 4010 gradu
2636 3939 2840 4010 positos
2869 3938 3049 3994 videre
3074 3955 3285 4009 queam.
3322 3939 3443 3993 ideo
3482 3954 3675 4007 nempe

2111 4034 2414 4106 lugendum,
2438 4033 2826 4090 lamentandum
2853 4040 2903 4088 et
2944 4031 3293 4102 plangendum
3335 4040 3543 4087 estnon
3571 4046 3674 4084 una

2110 4126 2194 4181 vel
2219 4126 2385 4180 altera
2407 4125 2493 4180 die
2518 4167 2533 4192 ,
2561 4125 2657 4181 sed
2682 4140 2776 4195 per
2802 4133 2963 4179 totam
2989 4125 3150 4178 vitam
3177 4143 3190 4178 :
3213 4139 3330 4177 nam
3353 4125 3397 4177 si
3425 4123 3543 4193 quis
3571 4123 3674 4177 hoc

2109 4231 2170 4270 se
2210 4217 2370 4271 modo
2411 4216 2658 4270 affectum
2702 4216 3032 4284 praestiterit,
3079 4230 3185 4270 non
3233 4215 3384 4270 facile
3424 4215 3676 4283 deinceps

2111 4307 2368 4376 peccabit.
2393 4306 2543 4374 Quod
2596 4309 2640 4360 si
2692 4306 2774 4360 his
2824 4321 2928 4360 non
2958 4306 3144 4361 credas
3198 4306 3387 4370 dictis,
3435 4307 3676 4376 lugentes

2112 4397 2389 4452 considera
2427 4411 2540 4462 eos,
2569 4397 2658 4466 qui
2682 4397 2824 4451 luctu
2854 4397 3091 4451 sasculari
3121 4398 3455 4460 cruciantur;
3480 4413 3582 4450 non
3607 4413 3674 4450 ex

2113 4489 2466 4543 multitudinis
2489 4504 2712 4543 numero
2732 4531 2748 4555 ,
2795 4505 2965 4559 neque
2989 4505 3170 4545 eorum
3197 4531 3211 4553 ,
3238 4491 3325 4559 qui
3356 4490 3672 4543 laboriosam

2112 4579 2272 4633 vitam
2306 4579 2527 4644 ducunt,
2557 4579 2650 4634 sed
2693 4595 2757 4633 ex
2793 4593 3016 4633 numero
3057 4578 3397 4632 delicatorum
3423 4579 3673 4642 illorum.

2112 4668 2202 4738 qui
2225 4667 2355 4722 nihil
2383 4668 2525 4723 aliud
2569 4676 2799 4734 norunt,
2833 4681 2992 4737 quam
3035 4667 3270 4722 delicias.
3316 4667 3376 4720 lli
3404 4667 3541 4721 enim
3572 4708 3586 4730 ,
3620 4667 3673 4720 hi

2113 4758 2202 4826 qui
2230 4757 2470 4813 ebrietati
2496 4767 2550 4811 et
2575 4757 2744 4811 ventri
2773 4756 3008 4823 student,
3039 4757 3128 4826 qui
3155 4756 3370 4824 prandia
3412 4771 3576 4824 usque
3606 4755 3674 4809 ad

2111 4863 2393 4917 vesperum
2438 4849 2770 4918 producunt,
2801 4857 2856 4902 et
2901 4863 3081 4903 coenas
3122 4847 3186 4901 ad
3229 4847 3455 4901 mediam
3506 4862 3676 4916 usque

2115 4946 2325 4991 noctem
2352 4978 2367 5002 ,
2398 4937 2487 5006 qui
2518 4937 2689 4992 aliena
2711 4939 2958 5007 rapiunt,
2990 4938 3076 5007 qui
3099 4953 3271 5006 neque
3292 4938 3541 5007 pauperi,
3575 4955 3674 4991 ne-

2114 5041 2218 5096 que
2239 5027 2427 5092 viduae,
2458 5041 2628 5097 neque
2655 5027 2797 5096 inopi
2828 5035 3082 5096 parcunt,
3111 5027 3199 5096 qui
3238 5041 3478 5096 magnam
3523 5027 3676 5082 exhi-

2114 5117 2242 5171 bent
2259 5116 2644 5184 crudelitatem,
2661 5117 2705 5172 si
2731 5117 2940 5186 quando
2967 5117 3106 5171 luctu
3132 5117 3273 5183 gravi
3298 5117 3675 5187 corripiantur,

2115 5206 2203 5275 qui
2233 5207 2399 5274 possit
2443 5207 2670 5259 animam
2714 5203 2953 5260 funditus
2996 5220 3211 5259 movere
3247 5213 3301 5259 et
3337 5204 3672 5275 perturbare,

2116 5306 2240 5351 tunc
2268 5298 2444 5351 missis
2469 5298 2573 5352 illis
2600 5297 2927 5368 voluptuosis
2951 5298 3209 5366 iniquisve
3232 5297 3672 5368 cogitationibus,

2116 5388 2168 5442 in
2201 5387 2635 5456 philosophorum
2663 5389 2821 5442 vitam
2846 5402 2904 5443 se
2937 5391 3278 5455 transferunt,
3310 5389 3672 5454 severitatem,

2117 5477 2351 5547 vigilias,
2383 5479 2524 5532 humi
2575 5478 2905 5534 cubationem
2932 5521 2946 5544 ,
2977 5479 3344 5543 tolerantiam,
3371 5479 3626 5548 jejunium
3653 5519 3670 5545 ,

2118 5567 2403 5636 silentium,
2436 5567 2766 5636 modestiam,
2789 5570 3155 5636 lnunilitatem,
3186 5568 3670 5640 humanitatemque
