4116 6392
236 382 337 439 ιθτ

233 500 516 569 λέγοντες·
569 497 807 561 Ἐκεῖνος
853 496 1067 561 Παῦλος
1118 494 1206 568 ἦν.
1256 499 1508 561 κάκεῖνος
1557 498 1763 570 Πέτρος
1811 495 1902 571 ἦν,

238 583 486 643 κακεῖνος
514 578 788 648 Ἰωάννης.
807 577 872 631 Τί
895 579 1064 643 ἐστιν,
1091 579 1328 640 Ἐκεῖνος
1352 576 1562 641 Παῦλος
1584 573 1676 647 ἦν,
1703 579 1908 641 ἐκεῖνος

238 662 440 733 Πέτρος
479 654 578 732 ἦνς
620 657 683 712 οὐ
711 658 811 729 τῆς
854 657 1025 728 αὐτῆς
1068 657 1304 728 φύσεως,
1335 656 1457 711 εἰπέ
1489 674 1600 727 μοι,
1631 657 1727 711 καὶ
1761 653 1909 712 οῦτοι

239 742 521 809 μετεῖχονς
559 738 622 791 οὐ
666 736 754 790 διά
788 735 886 805 τῆς
919 736 1094 806 αὐτῆς
1120 735 1241 790 ὀδοῦ
1291 735 1653 807 παρήχθησαν
1694 737 1774 799 είς
1817 736 1910 789 τὸν

239 818 350 888 βίον
384 820 548 890 ἡμῖν,
582 816 643 870 οὐ
674 818 793 879 ταῖς
820 816 1012 878 αὑταῖς
1050 817 1363 887 ἐτράφησαν
1398 819 1665 887 τροφαῖς;
1717 816 1778 868 ού
1818 815 1910 869 τὸν

236 899 397 952 αὑτὸν
444 898 781 951 ἀνέπνευσαν
835 896 1009 968 ἀέρας
1060 897 1122 949 οὐ
1184 897 1504 969 πράγμασιν
1556 897 1909 968 ἐχρήσαντοι

237 980 348 1039 τοῖς
380 978 600 1040 αὑτοῖς;
640 976 701 1029 ού
707 995 739 1047 χ
783 975 832 1029 οί
868 975 966 1045 μὲν
996 975 1174 1028 αὐτῶν
1220 977 1314 1029 καὶ
1345 979 1609 1045 γυναῖκας
1647 970 1793 1046 εἶχον
1817 975 1912 1028 καὶ

239 1058 449 1119 παῖδας,
481 1059 529 1111 οί
563 1056 620 1110 δέ
649 1056 742 1109 καὶ
780 1055 973 1126 τέχνας
1002 1054 1283 1125 βιωτικάς,
1316 1055 1492 1125 ἕτεροι
1513 1054 1569 1108 δέ
1590 1053 1684 1107 καλ¹
1707 1055 1787 1116 είς
1815 1052 1913 1106 αύ-

238 1137 298 1189 τδ
323 1136 421 1206 τῆς
444 1135 645 1199 κακίας
663 1135 724 1188 τὸ
751 1133 1022 1206 βάραθρον
1044 1133 1490 1205 κατηνέχθησαν;
1524 1131 1686 1187 Ἀλλά
1711 1131 1913 1202 πολλῆς

241 1215 580 1285 ἀπήλαυσαν,
613 1215 768 1284 φησι,
802 1216 903 1284 τῆς
950 1215 1045 1269 τοῦ
1076 1213 1212 1268 Θεοῦ
1257 1216 1500 1287 χάριτος.
1553 1214 1693 1267 Ἀλλ’
1731 1214 1780 1266 εί
1811 1213 1912 1283 μὲν

239 1297 464 1366 νεκροὺς
502 1294 801 1364 ἀναστῆσαι
849 1294 1231 1365 ἐκελευόμεθα,
1268 1293 1302 1365 ἢ
1353 1293 1667 1364 ὀφθαλμοὺς
1705 1292 1913 1357 ἀνοῖξαι

238 1374 477 1443 τυφλῶν,
522 1373 557 1444 ἢ
596 1374 888 1444 καθαρίσαι
931 1372 1239 1445 λεπροῦ»ςῆ
1288 1373 1493 1445 χωλοὺς
1529 1374 1555 1413 δ
1584 1373 1911 1446 ἀνορθῶσαι,

240 1454 272 1524 ἢ
300 1452 561 1524 δαίμονας
582 1452 850 1514 ἐκϐαλεῖν,
877 1453 1091 1517 καὶτὰς
1122 1453 1286 1518 ἄλλας
1317 1454 1414 1516 τάς
1444 1455 1701 1517 τοιαύτας
1733 1452 1915 1506 ἰᾶσθαι

241 1541 449 1597 νόσους,
481 1533 667 1604 καιρὸν
701 1532 767 1586 ἂν
803 1529 915 1604 εἶχε
953 1534 1023 1587 τά
1066 1534 1164 1604 τῆς
1203 1534 1502 1601 ἀπολογίας
1528 1532 1733 1603 ταύτης
1760 1535 1911 1604 ἡμῖν·

244 1616 290 1665 εἰ
328 1614 385 1666 δὲ
436 1613 710 1676 πολιτείας
748 1611 994 1677 ἐξέτασις
1040 1615 1325 1685 πρόκειται
1365 1612 1483 1671 νῦν,
1523 1613 1619 1667 καὶ
1669 1613 1917 1684 ὑπακοῆς

243 1693 519 1760 ἐπίδειξις,
556 1696 707 1745 ποῖον
749 1692 925 1746 ταῦτα
962 1694 1099 1763 πρὸς
1125 1695 1332 1746 ἐκεῖνον
1357 1692 1422 1746 ἂν
1448 1693 1561 1763 ἐχοι
1595 1692 1786 1761 λόγον;

313 1774 423 1827 Καὶ
438 1774 547 1846 γὰρ
564 1774 656 1827 καὶ
677 1774 740 1827 σὺ
760 1772 910 1834 Θείας
926 1774 1244 1843 ἀπήλαυσας
1262 1774 1483 1843 χάριτος
1499 1769 1912 1842 βαπτιζόμενος,

243 1854 336 1927 καὶ
367 1852 683 1923 Πνεύματος
729 1855 1008 1925 μετέσχες,
1052 1856 1100 1907 εί
1143 1855 1237 1907 καὶ
1270 1854 1342 1924 μὴ
1374 1854 1510 1924 πρὸς
1535 1853 1595 1907 τὸ
1620 1852 1689 1906 τά
1715 1853 1917 1922 σημεῖα

244 1937 436 1996 ποιεῖν,
482 1934 598 1987 ἀλλ’
636 1934 760 1987 ὅσον
805 1934 967 2005 ἀρκεῖ
1009 1934 1144 2005 πρὸς
1191 1934 1252 1986 τὸ
1289 1932 1564 1986 πολιτείαν
1610 1932 1777 2003 ὀρθὴν
1826 1932 1918 1985 καὶ

241 2014 623 2086 ἠκριϐωμένην
644 2013 846 2067 λαϐεῖν·
868 2012 1009 2066 ὥστε
1041 2013 1310 2084 ῥᾳθυμίας
1342 2013 1501 2081 μόνον
1521 2012 1620 2082 τῆς
1640 2011 1919 2082 ἡμετέρας

243 2093 390 2145 ἐστὶν
434 2093 816 2163 ἡ.διαστροφή.
851 2092 961 2145 Καὶ
993 2094 1021 2145 ό
1054 2092 1286 2165 Χριστὸς
1323 2092 1380 2145 δὲ
1412 2090 1552 2145 κατά
1577 2091 1676 2162 τὴν
1706 2090 1919 2162 ἡμέραν

247 2172 460 2243 ἐκείνην
497 2173 557 2225 ού
587 2175 699 2232 τοῖς
739 2172 809 2225 τὰ
843 2174 1044 2242 σημεῖα
1078 2171 1473 2243 ἐργασαμένοις
1509 2169 1695 2234 ἁπλῶς
1731 2168 1800 2222 τὰ
1821 2169 1922 2221 ἔπ-

247 2250 385 2304 αθλα
414 2250 647 2317 δίδωσιν,
676 2250 813 2306 ἀλλά
838 2254 951 2315 τοῖς
977 2250 1047 2304 τὰ
1076 2251 1471 2322 προστάγματα
1504 2249 1830 2318 πεποιηκόσι
1849 2248 1920 2303 τὰ

248 2328 430 2385 αὐτοῦ.
456 2329 631 2383 Δεῦτε
656 2329 784 2401 γὰρ,
818 2331 1003 2401 φησὶν,
1035 2334 1087 2385 οἱ
1120 2329 1513 2399 εὐλογημένοι
1549 2327 1656 2381 τοῦ
1688 2328 1920 2395 Πατρός

243 2427 383 2479 μου,
420 2410 916 2478 κληρονομήσατε
949 2409 1065 2477 τὴν
1089 2408 1541 2479 ἡτοιμασμένην
1565 2406 1708 2473 ὑμῖν
1733 2406 1920 2471 ,βασις

246 2488 423 2542 λείαν
448 2488 566 2543 ἀπὸ
604 2489 945 2557 καταϐολῆς
981 2491 1236 2558 κόσμου,
1286 2489 1385 2558 ούχ
1422 2488 1505 2541 ὅτι
1542 2486 1920 2557 ἐθαυματουρ-

243 2568 474 2636 γήσατε,
505 2568 620 2622 ἀλλ’
648 2569 729 2622 ὅτι
760 2569 1109 2631 Ἐπείνασα,
1136 2567 1230 2620 καὶ
1265 2564 1523 2619 ἐδώκατέ
1547 2582 1650 2635 μοι
1686 2563 1917 2634 φαγεῖν·

244 2647 532 2716 ἐδίψησα.
564 2648 661 2703 καὶ
691 2647 1009 2702 ἐποτίσατέ
1051 2663 1146 2717 με’
1187 2646 1364 2713 ξένος
1411 2645 1593 2714 ἤμην,
1636 2644 1733 2697 καὶ
1773 2659 1925 2698 συν-

246 2726 496 2795 ηγάγετέ
520 2743 616 2795 με·
648 2729 897 2795 γυμνὸς,
919 2725 1018 2779 καί
1057 2723 1436 2794 περιεϐάλετέ
1460 2740 1557 2793 με’
1584 2722 1920 2791 ἠσθένησα,

247 2806 342 2858 καὶ
385 2804 809 2873 ἐπεσκέψασθέ
839 2821 936 2874 με’
968 2804 1038 2857 ἐν
1078 2802 1326 2874 φυλακῇ
1356 2802 1538 2872 ἤμην,
1574 2802 1672 2855 καί
1707 2800 1925 2868 ἤλθετε

247 2884 397 2953 πρὸς
419 2883 515 2953 μέ.
541 2883 690 2956 [157]
722 2885 832 2939 Καὶ
851 2887 911 2938 ἐν
926 2887 1040 2948 τοῖς
1070 2886 1439 2955 μακαρισμοῖς
1458 2882 1515 2935 δὲ
1538 2880 1775 2952 οὐδαμοῦ
1798 2882 1926 2946 τοὺς

247 2964 316 3016 τά
349 2963 602 3035 θαύματα
643 2962 927 3029 ποιοῦντας
964 2964 1199 3037 τίθησιν,
1239 2963 1375 3018 ἀλλά
1398 2964 1523 3027 τοὺς
1557 2962 1671 3034 βίον
1702 2961 1927 3032 ἔχοντας

249 3040 431 3095 ὁοθόν.

322 3120 386 3172 0'.
425 3120 585 3174 Ὥστε
613 3121 662 3175 εί
688 3120 784 3174 καὶ
807 3120 990 3191 ἐκείνη
1011 3120 1366 3175 συνέσταλται
1385 3120 1530 3190 νῦνή
1555 3120 1737 3192 χάρις,
1773 3119 1927 3174 οὐδὲν

250 3200 399 3268 ἡμᾶς
446 3200 803 3271 παραϐλάψαι
850 3201 1008 3254 τοῦτο
1050 3201 1360 3272 δυνήσεται.
1420 3200 1534 3253 ἀλλ’
1568 3201 1689 3253 οὐδὲ
1726 3200 1928 3254 ἀπολο-

252 3278 524 3349 γήσασθαι
559 3279 697 3350 ὑπὲρ
720 3278 901 3350 ἡμῶν,
932 3281 1059 3334 ὅταν
1096 3281 1195 3343 τὰς
1221 3280 1451 3345 εὐθύνας
1481 3282 1772 3352 ύπέχωμεν
1819 3280 1929 3333 τῶν

252 3358 675 3429 πεπραγμένων.
708 3360 818 3412 Καὶ
847 3359 957 3431 γὰρ
987 3361 1115 3422 τοὺς
1148 3360 1454 3431 μακαρίους
1487 3360 1728 3422 ἐκείνους
1751 3358 1811 3412 οὐ
1843 3356 1931 3411 διά

251 3440 324 3490 τὰ
362 3441 562 3509 σημεῖα
596 3438 969 3510 θαυμάζομεν·
1017 3438 1179 3492 τοῦτο
1220 3438 1328 3508 γάρ
1359 3439 1480 3493 ὅλον
1518 3440 1619 3509 τῆς
1660 3438 1755 3492 τοῦ
1793 3436 1929 3491 Θεοῦ

252 3518 534 3589 δυνάμεως
562 3513 629 3590 ἦν
660 3530 708 3559 θ’
737 3519 854 3572 ἀλλ’
881 3521 964 3572 ὅτι
992 3520 1267 3573 πολιτείαν
1312 3520 1655 3586 ἐπεδείξαντο
1708 3518 1931 3588 ἀγγελι-

253 3599 379 3669 κὴν·
436 3598 593 3651 τοῦτο
631 3598 687 3651 δέ
734 3599 874 3669 μετά
910 3599 1013 3669 τῆς
1042 3599 1250 3653 ἀνωθεν
1284 3600 1461 3672 ῥοπῆς
1503 3599 1723 3669 καὶτῆς
1752 3597 1932 3653 αὐτῶν

256 3677 490 3747 σπουδῆς
527 3678 687 3750 ἔργον
715 3681 851 3734 ἐστί.
890 3680 1001 3734 Καὶ
1029 3681 1128 3733 οὐκ
1155 3678 1266 3748 ἐγὼ
1298 3680 1457 3736 τοῦτο
1483 3680 1626 3749 λέγω
1652 3679 1768 3744 νῦν,
1797 3677 1934 3732 ἀλλά

255 3761 349 3814 καὶ
383 3760 545 3824 αὐτὸς
593 3763 801 3824 ἐκεῖνος
845 3762 874 3814 6
904 3761 999 3813 τοῦ
1041 3760 1279 3832 Χριστοῦ
1340 3762 1607 3831 μιμητής.
1656 3760 1787 3813 Ὅτε
1824 3758 1935 3828 γάρ

256 3841 395 3913 πρὸς
432 3843 560 3905 τοὺς
592 3841 1061 3911 ψευδαποστὸλους
1101 3840 1390 3893 διετείνετο
1419 3839 1647 3911 γράφων
1683 3841 1795 3901 τοῖς
1832 3854 1936 3908 μα-

257 3921 470 3991 θηταῖς,
502 3923 598 3974 κα¹ι
630 3920 690 3974 τὸ
722 3920 883 3990 μέσον
912 3921 1014 3989 τῆς
1042 3920 1267 3990 δοκίμου
1304 3937 1362 3973 τε
1403 3921 1497 3973 καὶ
1539 3918 1792 3990 κιϐδήλου
1827 3919 1937 3971 δια·

257 4000 445 4062 κονίας
474 4001 823 4070 παραστῆσαι
847 3999 1117 4063 ἐϐούλετο,
1141 4002 1242 4053 οὐκ
1266 4000 1374 4055 ἀπὸ
1395 4000 1504 4055 τῶν
1530 4019 1595 4072 ση
1605 3999 1791 4070 μείων,
1818 3998 1935 4051 ἀλλ’

258 4080 370 4132 ἀπὸ
400 4079 510 4133 τῶν
549 4078 990 4150 κατορθωμάτων
1029 4079 1192 4133 αὐτοῦ
1225 4079 1383 4133 τοῦτο
1413 4079 1688 4150 ἐποίησεν,
1734 4077 1936 4132 οὑτωσὶ

257 4156 454 4226 λέγων·
484 4159 754 4213 Διάκονοι
802 4156 1062 4227 Χριστοῦ
1098 4161 1254 4223 sim;
1301 4156 1698 4228 παραφρονῶν
1730 4153 1936 4220 λαλῶ;

258 4237 414 4307 ὑπὲρ
440 4236 575 4308 ἐγώ·
605 4239 675 4291 ἐν
696 4238 907 4302 κόποις
935 4237 1393 4306 περισσοτέρως,
1415 4239 1486 4291 ἐν
1513 4235 1816 4307 φυλακαῖς
1835 4251 1938 4288 πε-

253 4317 648 4388 ρισσοτέρως,
689 4317 758 4369 ἐν
786 4317 1046 4386 πληγαῖς
1076 4317 1595 4384 ὑπερϐαλλόντως,
1645 4315 1716 4369 ἐν
1752 4313 1937 4368 θανά-

260 4413 386 4462 τοις
406 4394 723 4462 πολλάκιςο
752 4395 871 4449 ὑπὸ
902 4394 1207 4451 Ἰουδαίων
1229 4394 1512 4460 πεντάκις
1533 4395 1955 4462 τεσσαράκον-’

260 4490 336 4527 τα
366 4474 526 4542 παρὰ
556 4475 705 4543 μίαν
734 4475 973 4539 ἔλαϐον,
1010 4473 1136 4541 τρὶς
1169 4473 1589 4542 ἐρῤαϐδίσθην,
1617 4471 1779 4537 ἅπαξ
1810 4473 1936 4527 ἐλι-

264 4553 519 4620 θάσθην,
537 4554 665 4622 τρίς
685 4552 1053 4623 ἐναυάγησα,
1075 4550 1455 4621 νυχθήμερον
1473 4551 1544 4604 ἐν
1556 4550 1636 4617 τῷ
1649 4550 1821 4617 ,βυθῷ
1844 4565 1940 4604 πε-

265 4635 509 4699 ποίηκαο
541 4632 904 4701 ὁδοιπορίαις
935 4630 1251 4698 πολλάκις,
1286 4631 1594 4698 κινδύνοις
1633 4631 1936 4700 ποταμῶν,

265 4710 570 4777 κινδύνοις
610 4709 879 4779 λῃστῶν,
920 4710 1225 4776 κινδύνοις
1253 4710 1325 4765 ἐκ
1361 4711 1597 4780 γένους,
1632 4710 1940 4776 κινδύνοις

263 4790 333 4854 ἐξ
369 4790 577 4855 ἐθνῶν,
609 4790 914 4856 κινδύνοις
947 4790 1017 4843 ἐν
1043 4790 1235 4853 πόλει,
1272 4789 1581 4856 κινδύνοις
1614 4789 1937 4859 ἐνέρημίᾳ,

266 4870 573 4936 κινδύνοις
593 4869 662 4923 ἑν
690 4868 996 4938 θαλάσσῃ,
1037 4869 1345 4936 κινδύνοις
1373 4869 1444 4923 ἐν
1469 4869 1936 4939 ψευδαδέλφοις,

265 4948 337 5000 ἐν
368 4950 552 5014 κόπῳ,
578 4949 648 5001 ὲν
670 4949 897 5018 μόχθῳ,
929 4949 1000 5002 ὲν
1021 4949 1377 5016 ἀγρυπνίαις
1401 4947 1716 5014 πολλάκις,
1749 4948 1820 5001 ὲν
1846 4950 1940 5001 λι-

259 5026 356 5097 μῷ
406 5029 504 5082 καὶ
536 5029 699 5098 δίψει
732 5027 782 5093 δ,
828 5029 899 5082 ὲν
937 5030 1247 5096 νηστείαις
1287 5029 1604 5094 πολλάκις,
1654 5029 1726 5081 ἐν
1756 5027 1942 5096 ψύχει

267 5111 366 5163 καὶ
393 5111 736 5180 γυμνότητι.
768 5109 955 5178 Χωρὶς
981 5107 1099 5162 τῶν
1125 5107 1439 5176 παρεκτὸς,
1468 5108 1507 5175 η
1536 5107 1944 5172 ἐπισύστασίς

263 5207 383 5260 μου
417 5191 453 5259 ἡ
487 5191 615 5243 καθ’
644 5188 893 5259 ἡμέραν,
928 5190 968 5256 ή
1000 5187 1256 5257 μέριμνα
1295 5185 1511 5241 πασῶν
1543 5185 1661 5240 τῶν
1695 5186 1944 5253 Ἐκκλη-

266 5269 438 5324 σιῶν.
472 5270 567 5336 Τίς
593 5268 856 5334 ἀσθενεῖ,
886 5267 986 5322 καὶ
1009 5271 1120 5322 οὐκ
1146 5264 1418 5331 ἀσθενῶ;
1446 5266 1538 5333 τίς
1556 5264 1944 5325 σκανδαλίζε-

267 5367 384 5419 ται,
411 5349 513 5405 καί
544 5351 658 5405 οὐκ
691 5348 808 5419 ἐγὼ
831 5348 1129 5419 πυροῦμαι
1145 5363 1165 5412 ;
1192 5347 1293 5402 Διά
1323 5345 1497 5401 ταῦτα
1523 5345 1787 5417 θαυμάζω
1814 5346 1944 5412 τοὺς

335 5492 515 5568 ςςὲοιὶίρ.
541 5491 849 5568 ἐχειρίσαντρ.

331 5553 362 5595 1³
389 5553 523 5604 Culb.
553 5548 863 5615 ἔκελευὸμεθα
877 5551 959 5599 καὶ
978 5550 1244 5613 ὀφθαλμοὺς
1262 5549 1467 5613 τυφλῶν,
1490 5549 1573 5597 καὶ
1594 5548 1800 5612 χωλούς,
1843 5555 1940 5597 elc.

271 5615 379 5666 Mox
406 5615 539 5679 (οη).
562 5616 679 5679 πρὸς
702 5616 874 5679 ἐκεῖνα.

335 5680 359 5710 ⁸
389 5673 704 5738 Ουὶάαηίτῆς
728 5675 814 5723 τοῦ
837 5673 963 5738 θεοῦ
983 5675 1174 5738 χάριτος
1191 5674 1266 5733 ἦν.

337 5741 364 5779 σι
386 5733 535 5790 Suvil.
560 5733 705 5800 Com:
716 5738 861 5800 δίψει,
886 5733 1062 5786 Μοιέὸιξ
1086 5736 1219 5800 δίψῃ.
1240 5798 1248 5800 Α
1270 5733 1393 5800 Infra
1423 5733 1574 5800 ξένη.
1600 5740 1674 5800 et_
1689 5733 1945 5800 C91b._1ta_-

273 5804 374 5851 σῶν
394 5803 489 5849 τῶν
512 5800 640 5848 ἐκκλ.
668 5794 999 5848 Μονὲιζπᾶσα
1033 5800 1129 5845 τῶν
1149 5794 1282 5846 ἐκκλ.
1325 5797 1479 5845 Paulo
1503 5802 1613 5852 post
1643 5794 1780 5845 Cmb.
1826 5796 1939 5857 ἐγώ·

270 5869 317 5935 οι
337 5866 427 5935 γὰρ
458 5861 655 5910 τούτων.
682 5860 811 5935 μήτε
853 5860 984 5935 igitur]
1017 5860 1219 5935 Χριστός
1240 5875 1375 5933 φησι,
1415 5857 1773 5935 πολλοίμιηίιέ
1802 5858 1943 5935 jdem

273 5919 592 5985 ἑπόιῆσαμενς
618 5924 698 5970 καὶ
722 5923 830 5971 τότε
875 5919 1162 5984 ὁμολογήσω
1202 5919 1383 5981 αὑτοῖς,
1423 5921 1501 5969 ὅτι
1521 5919 1756 5981 ,οὐδέποτε
1798 5920 1944 5981 ἐγνων

271 5988 414 6052 (μᾶς,
436 5985 744 6049 ἀποχωρεῖτε.

1156 381 1243 435 DE
1281 379 1847 446 COMPUNCTIONE,
1887 380 1980 435 AD
2018 335 2450 437 DEMETliIUM.
2496 381 2621 438 LIB.
2664 380 2704 436 ι.

2012 500 2346 564 ἀποστόλους
2390 497 2522 568 ἐγώ·
2547 498 2624 563 ὡς
2659 498 2714 552 οῖ
2751 513 2817 567 γε
2854 494 3062 550 τούτων
3099 495 3268 568 χωρίς
3311 493 3680 562 ἐπιδείξασθαι

2015 581 2226 649 σημεῖα
2241 579 2333 632 διά
2349 595 2495 642 τινος
2518 576 2831 647 οἰκονομίας
2849 575 3295 647 συγχωρηθέντες
3319 575 3379 629 οὐ
3402 574 3564 646 μόνον
3575 575 3680 630 οὐκ

2014 659 2264 727 ἐγένοντο
2301 658 2632 730 θαυμαστοὶ,
2678 657 2817 711 ἀλλά
2860 658 2958 712 καὶ
2994 657 3265 727 ἀδόκιμοι,
3297 654 3485 720 καθὼς
3524 654 3622 710 καὶ
3650 656 3682 708 6

2015 738 2251 809 Χριστὸς
2280 738 2521 793 δείκνυσι
2538 737 2715 805 λέγων
2737 754 2749 767 ·
2774 735 3003 791 Πολλοί
3029 734 3247 804 ἐροῦσι
3258 752 3363 805 μοι
3383 735 3453 790 ἐν
3475 735 3681 803 ἐκείνῃ

2016 815 2090 886 τῇ
2125 816 2333 886 ἡμέρᾳ·
2364 817 2559 884 Κύριε,
2587 818 2784 883 Κύριε,
2812 816 2886 871 οὺ
2910 814 2990 881 τῷ
3025 812 3116 880 σῷ
3143 815 3385 883 ὀνόματι
3417 829 3682 884 προεφη-

2015 896 2335 965 τεύσαμεν,
2366 895 2464 949 καὶ
2494 895 2576 961 τῷ
2603 895 2694 961 σῷ
2726 898 2969 965 ὀνόματι
2993 892 3267 963 δαιμόνια
3291 893 3681 963 ἐξεϐάλομεν,

2017 974 2117 1028 καὶ
2148 974 2228 1041 τῷ
2253 974 2343 1040 σῷ
2372 974 2617 1044 ὀνόματι
2654 975 2890 1041 πολλὰς
2937 973 3223 1043 δυνάμεις
3269 973 3684 1044 ἐποιήσαμεν;

2017 1054 2129 1110 Καὶ
2164 1052 2278 1122 ἐρῶ
2306 1054 2533 1121 αὐτοῖς·
2573 1054 2962 1124 Ἀποχωρεῖτε
3000 1054 3104 1109 ἀπ’
3147 1053 3320 1123 ἐμοῦ,
3367 1053 3592 1121 πάντες
3629 1056 3693 1108 οι

2017 1133 2391 1205 ἐργαζόμενοι
2420 1134 2535 1204 τὴν
2558 1135 2835 1204 ἀνομίαν
2853 1133 3143 1189 οὐδέποτε
3164 1133 3359 1204 ἔγνων
3389 1131 3565 1204 ὑμᾶς.
3588 1131 3689 1186 Διά

2019 1214 2178 1268 τοῦτο
2223 1216 2455 1281 καὶτοῖς
2501 1216 2768 1287 μαθηταῖς
2808 1216 3041 1287 παρῄνει
3080 1214 3273 1284 λέγων’
3322 1213 3417 1281 Μὴ
3453 1212 3690 1283 χαίρετε

2020 1292 2110 1346 ὅτι
2149 1293 2222 1348 τὰ
2264 1294 2539 1364 δαιμόνια
2576 1293 2720 1363 ὑμῖν
2768 1288 3176 1349 ὑποτάσσεται
3205 1305 3249 1356 ο,
3292 1293 3428 1348 ἀλλ’
3485 1291 3575 1345 ὅτι
3615 1287 3693 1345 τὰ

2022 1373 2285 1443 ὀνόματα
2323 1372 2491 1442 ὑμῶν
2539 1373 2858 1443 γέγραπται
2904 1373 2975 1427 ἐν
3012 1372 3139 1439 τοῖς
3188 1370 3484 1441 οὐρανοῖς.
3528 1368 3692 1424 Πολι·-

2019 1453 2141 1506 τεία
2181 1452 2280 1523 μὲν
2312 1456 2420 1525 γὰρ
2449 1451 2582 1524 ὀρθὴ
2618 1444 2711 1506 καὶ⁸
2754 1453 2955 1506 τούτων
2989 1453 3157 1524 χωρὶς
3196 1450 3533 1522 ἀπολήψεται
3563 1449 3693 1513 τοὺς

2024 1533 2340 1602 στεφάνους,
2381 1533 2476 1586 καὶ
2508 1533 2661 1587 ούδέν
2711 1531 2929 1586 ἔλαττον
2965 1532 3075 1597 ἕξει
3106 1532 3257 1603 παρά
3286 1532 3448 1586 τοῦτο
3489 1531 3610 1585 τότε
3642 1529 3694 1569 ί·

2024 1612 2139 1708 βίρς
2179 1613 2237 1666 δὲ
2277 1615 2593 1708 παράνομος
2623 1614 2756 1708 ρρδέ
2799 1612 2937 1685 μετὰ
2981 1613 3241 1708 σημείων.
3273 1612 3559 1708 δυνησεται
3593 1609 3697 1708 την

2024 1694 2246 1747 κόλασιν
2291 1696 2571 1763 ἐκφυγεῖν.
2623 1697 2786 1749 Ὥστε
2845 1692 3099 1764 περιττὸς
3139 1693 3269 1761 ἡμῖν
3324 1693 3354 1744 6
3393 1690 3551 1759 λόγος
3602 1690 3697 1742 οῦ-

2020 1772 2115 1836 τός
2163 1773 2333 1837 ἐστιν,
2375 1774 2436 1827 ού
2477 1776 2730 1847 περιττὸς
2772 1773 2829 1827 δὲ
2872 1773 3052 1844 μόνον,
3099 1770 3236 1826 ἀλλὰ
3278 1771 3373 1826 καλ¹
3417 1770 3695 1826 ἐπικίνδυ-

2023 1870 2134 1917 νος,
2190 1854 2287 1907 καὶ⁸
2334 1855 2549 1919 πολλοῖς
2589 1855 2700 1909 τῶν
2752 1853 3044 1925 αίρετικῶν
3096 1852 3352 1923 παρέχων
3395 1850 3586 1915 λαϐάς.
3630 1851 3697 1906 Εί

2022 1932 2134 2005 γὰρ
2176 1934 2251 2005 μὴ
2297 1934 2385 1989 διὰ
2422 1935 2521 2004 τὴν
2548 1935 2755 1989 οἰκείαν
2795 1936 2994 1988 ἐκεῖνοι
3027 1932 3345 2004 προαίρεσιν
3374 1929 3547 1995 οὕτως
3576 1930 3701 2000 ἐγέο

2023 2030 2176 2068 νοντο
2205 2013 2530 2085 θαυμαστοὶ,
2556 2015 2693 2069 ἀλλά
2723 2013 2812 2068 διὰ
2841 2015 2941 2087 τὴν
2963 2012 3056 2066 τοῦ
3078 2012 3314 2085 Χριστοῦ
3349 2013 3375 2052 ε
3404 2012 3562 2084 χάριν
3603 2012 3699 2083 μό-

2024 2108 2134 2153 νον,
2170 2092 2221 2145 τί
2249 2093 2310 2146 τὸ
2341 2093 2548 2147 κωλύον
2577 2092 2825 2156 ἅπαντας
2858 2091 3131 2154 τοιούτους
3168 2087 3452 2158 γενέσθαι;

2079 2171 2142 2225 Ἣ
2154 2172 2490 2245 γάρχάριςεί
2506 2172 2667 2245 μὴτά
2682 2174 2811 2244 παρ’
2826 2172 2983 2244 ἡμῶν
2996 2170 3260 2242 πρότερον
3272 2169 3474 2241 ἐζήτει,
3488 2167 3701 2241 ἀθρόως

2027 2251 2094 2306 ἂν
2109 2253 2189 2315 εἰς
2208 2252 2579 2315 τάςοάπάντων
2598 2250 2827 2324 ἐξεχύθη
2850 2251 3044 2321 ψυχάς·
3058 2250 3120 2303 οὐ
3136 2250 3245 2323 γάρ
3269 2251 3384 2303 ἐστι
3411 2263 3701 2321 προσωπο-

2026 2330 2242 2403 λήπτης
2261 2333 2289 2385 6
2316 2332 2447 2396 Θεός
2467 2349 2480 2363 ·
2501 2332 2688 2403 ἐπειδὴ
2721 2332 2777 2385 δὲ
2807 2330 2875 2384 τά
2900 2330 3030 2401 παρ’
3046 2329 3202 2401 ἡμῶν
3224 2328 3397 2399 ζητεῖ,
3426 2329 3514 2383 διὰ
3541 2328 3703 2383 τοῦτο

2027 2413 2139 2476 τοῖς
2165 2412 2262 2482 μὲν
2296 2411 2485 2465 ἕπεται
2512 2413 2607 2466 καὶ
2631 2411 2959 2482 παραμένει,
2978 2410 3087 2464 τῶν
3108 2409 3165 2462 δὲ
3201 2408 3525 2479 ἀφίπταται,
3547 2409 3626 2472 είς
3645 2408 3703 2462 δὲ

2027 2492 2155 2554 τοὺς
2183 2490 2402 2554 λοιποὺς
2431 2491 2551 2545 οὐδὲ
2574 2490 2672 2561 τὴν
2694 2490 2867 2561 ἀρχὴν
2886 2489 3241 2543 καθικνεῖται.
3264 2490 3386 2543 Ὅτι
3415 2488 3473 2542 δὲ
3502 2487 3701 2561 προαί-

2031 2587 2182 2643 ρεσιν
2210 2571 2473 2642 πρότερον
2505 2570 2786 2636 ἐξετάσας,
2808 2568 2960 2642 [158]
2981 2568 3123 2623 οῦτω
3143 2568 3243 2640 τὴν
3271 2568 3430 2639 χάριν
3461 2567 3707 2622 ἐδωκενό

2028 2648 2162 2713 Θεὸς
2203 2652 2333 2723 πρὶν
2380 2651 2414 2721 ἦ
2447 2667 2501 2702 τι
2540 2649 2852 2719 θαυμαστὸν
2889 2645 3255 2712 ἐπιδείξασθαι
3300 2647 3392 2699 τὸν
3436 2646 3707 2717 μακάριον

2030 2730 2235 2784 ἐκεῖνον
2254 2770 2270 2793 ,
2301 2728 2533 2783 ἄκουσον
2552 2730 2605 2782 τί
2633 2729 2763 2800 περὶ
2800 2726 2962 2782 αὐτοῦ
2988 2744 3121 2799 φησι
3150 2744 3163 2757 ·
3187 2725 3411 2793 Σκεῦος
3444 2724 3708 2796 ἐκλογῆς

2025 2808 2131 2880 μοί
2190 2809 2359 2874 ἐστι,
2406 2808 2513 2863 τοῦ
2560 2806 2874 2873 ,βαστάσαι
2917 2808 2985 2861 τὸ
3035 2806 3224 2878 ὄνομά
3260 2823 3379 2876 μου
3409 2802 3707 2860 ἑνώπιονιι

2030 2887 2222 2944 ἐθνῶν
2256 2906 2321 2943 τε
2351 2888 2450 2943 καί
2464 2886 2799 2953 βασιλέων,
2821 2888 2921 2941 καὶ
2942 2887 3169 2954 παντὸς
3189 2884 3404 2956 γένους
3435 2884 3706 2953 Ἰσραήλ.

2032 2967 2218 3022 Ταῦτα
2253 2967 2408 3022 οὔπω
2446 2972 2547 3040 τῆς
2582 2969 2804 3040 χάριτος
2830 2966 3110 3039 παρούσης
3152 2964 3535 3037 ἐμαρτύρησεν
3556 2964 3586 3017 6
3611 2962 3711 3027 τάς

2032 3049 2263 3120 καρδίας
2294 3048 2613 3120 ἐμϐατεύων
2654 3047 2829 3120 ήμῶν.
2862 3046 2955 3118 Μὴ
2990 3046 3055 3118 δὴ
3093 3046 3418 3117 σφάλλωμεν
3463 3045 3708 3109 ἑαυτοὺς,

2031 3129 2328 3200 ἀγαπητοὶ,
2345 3127 2605 3182 ἀδύνατον
2625 3123 2764 3182 εἶναι
2791 3127 3042 3195 λέγοντες
3061 3124 3315 3194 γενέσθαι
3340 3123 3483 3179 κατὰ
3501 3121 3713 3177 Παῦλόν

2032 3225 2174 3265 τινα.
2203 3208 2314 3277 Τῆς
2335 3208 2433 3279 μὲν
2462 3208 2569 3280 γάρ
2592 3207 2813 3280 χάριτος
2840 3208 2937 3261 καὶ
2965 3205 3073 3259 τῶν
3093 3205 3333 3276 σημείων
3370 3203 3555 3258 ἐνεκεν
3583 3202 3712 3280 οὐκ-τ

2035 3288 2117 3342 έτι
2154 3278 2365 3352 Παῦλος
2404 3278 2601 3360 ἕτερος
2628 3278 2783 3341 ἔσται
2821 3285 3039 3349 λοιπὸν,
3078 3285 3179 3357 τῆς
3221 3283 3278 3337 δὲ
3310 3281 3595 3354 ἀκριϐείας
3618 3278 3715 3336 τοῦ

2038 3366 2186 3439 βίου,
2202 3367 2315 3421 τῶν
2351 3366 2689 3439 βουλομένων
2716 3365 2949 3430 ἕκαστος
2976 3363 3217 3429 τοιοῦτος
3236 3363 3431 3432 γένοιτ’
3462 3361 3529 3416 ἄν
3549 3380 3563 3393 ο
3587 3362 3637 3439 εί
3658 3361 3716 3415 δέ

2040 3435 2116 3519 μὴ
2137 3447 2263 3511 είσὶ,
2286 3444 2440 3515 παρὰ
2464 3435 2524 3500 τδ
2542 3445 2617 3518 μὴ
2635 3444 2918 3515 βούλεσθαι
2948 3444 3126 3515 μόνον.
3163 3442 3323 3496 Ἀλλά
3349 3441 3457 3512 γὰρ
3479 3442 3581 3494 οὐκ
3596 3435 3712 3495 οἶδα

2038 3525 2156 3588 πῶς
2180 3526 2261 3588 είς
2298 3520 2456 3578 τοῦτο
2496 3524 2720 3593 ἀλογίας
2749 3524 3004 3592 ἐξέπεσον
3036 3526 3082 3589 ί,
3118 3521 3260 3577 κατά
3288 3520 3499 3575 Παῦλον
3529 3519 3709 3590 ζητῶν

2036 3622 2189 3670 τινας
2208 3602 2318 3658 τῶν
2351 3604 2466 3669 νῦν,
2488 3604 2608 3658 οὐδὲ
2645 3604 2789 3659 κατά
2812 3604 2939 3668 τοὺς
2966 3602 3236 3673 τρίτουςῆ
3264 3600 3389 3665 τοὺς
3417 3600 3710 3671 τετάρτους

2042 3685 2161 3755 μετ’
2200 3685 2408 3738 ἐκεῖνον
2427 3684 2722 3754 δυνάμενος
2759 3682 2908 3738 ἰδεῖν.
2935 3682 3035 3737 Διά
3064 3683 3242 3736 ταῦτα
3275 3679 3493 3735 πενθεῖν
3519 3679 3584 3752 δὴ
3611 3679 3717 3751 χρὴ

2040 3764 2137 3817 καὶ
2158 3762 2414 3834 δακρύειν
2444 3764 2540 3818 καὶ
2568 3762 2874 3834 ὀδύρεσθαι,
2904 3762 2966 3817 οὑ
3000 3761 3127 3833 μίαν
3147 3760 3269 3815 οὐδὲ
3302 3759 3561 3831 δευτέραν
3583 3758 3723 3831 ὴμέ-

2042 3860 2143 3915 ραν
2167 3843 2347 3912 μόνον,
2379 3842 2518 3896 ἀλλά
2547 3842 2639 3897 τὸν
2666 3842 2779 3913 βίον
2807 3842 3025 3896 ἃπαντα
3057 3860 3070 3875 ο
3092 3843 3141 3895 εί
3170 3841 3278 3912 γάρ
3307 3858 3392 3904 τις
3412 3842 3493 3905 είς
3519 3838 3720 3912 ταύτην

2040 3922 2139 3994 τὴν
2168 3922 2280 3986 ἐξιν
2325 3923 2718 3993 καταστήσειεν
2764 3922 2960 3976 ἐαυτὸν
2983 3964 2998 3987 ,
3033 3920 3310 3983 δυσκόλως
3344 3920 3721 3992 ἁμαρτήσεται

2039 4000 2135 4054 τοῦ
2163 3999 2373 4054 λοιποῦ.
2406 4000 2517 4054 Καὶ
2548 4004 2598 4054 εί
2617 4000 2921 4065 διαπιστεῖς
2951 3999 3029 4071 τῷ
3053 4000 3218 4070 λόγῳ,
3234 4000 3360 4063 τοὺς
3393 3997 3723 4063 πενθοῦντας

2042 4081 2317 4148 ἐξέτασον,
2340 4079 2510 4152 πένθη
2543 4079 2691 4151 λέγω
2731 4079 2801 4134 τὰ
2822 4078 3087 4151 κοσμικά,
3124 4077 3201 4150 μὴ
3227 4077 3434 4131 τούτων
3458 4077 3579 4131 τινά
3612 4075 3721 4130 τῶν

2042 4160 2254 4213 πολλῶν
2284 4160 2381 4213 καλ⁵
2408 4160 2499 4213 τὸν
2524 4158 2781 4212 ἐπίπονον
2807 4158 3026 4223 ζώντων
3059 4157 3195 4229 βίον,
3214 4156 3330 4211 ἀλλ’
3366 4157 3591 4229 ἐκείνων
3614 4154 3723 4209 τῶν

2041 4237 2228 4310 ἁϐρῶν
2264 4236 2311 4303 i,
2328 4239 2425 4292 καὶ
2450 4237 2603 4292 οὐδὲν
2629 4237 2814 4309 ἕτερον
2834 4228 3114 4306 εἰδότωννῆ
3145 4237 3375 4306 τρυφᾷν.
3406 4228 3565 4289 Οὗτοι
3591 4233 3720 4305 γάρ,

2042 4312 2186 4371 οῦτοι
2215 4318 2264 4369 οί
2296 4316 2517 4388 μεθύειν
2547 4316 2879 4388 μελετῶντες
2908 4314 3003 4371 καὶ
3019 4311 3431 4387 γαστρίζεσθαι,
3448 4317 3497 4367 οί
3523 4311 3594 4367 τὰ
3624 4315 3725 4384 μὲν

2043 4394 2240 4466 ἄριστα
2264 4391 2640 4459 συντελοῦντες
2680 4395 2872 4467 μέχρις
2902 4395 2928 4435 κ
2960 4394 3219 4466 ἑσπέρας,
3239 4392 3309 4447 τά
3338 4392 3395 4445 δὲ
3422 4393 3613 4447 δεῖπνα
3645 4393 3726 4457 εἰς

2048 4474 2218 4546 μέσας
2254 4474 2456 4538 νύκτας
2483 4475 2836 4540 ἐκτείνοντες,
2868 4475 2918 4528 οἱ
2939 4474 3009 4529 τὰ
3027 4474 3137 4528 τῶν
3156 4472 3332 4528 ἀλλων
3363 4472 3722 4544 ἁρπάζοντες,

2044 4553 2277 4608 καὶοῦτε
2303 4557 2501 4627 χήρας,
2527 4553 2651 4608 οὔτε
2681 4556 2932 4626 πένητος,
2949 4552 3075 4607 οῦτε
3102 4553 3363 4608 ἀδυνάτου
3396 4553 3722 4622 φειδόμενοι,

2044 4634 2094 4687 οί
2128 4634 2331 4706 πολλὴν
2371 4634 2629 4705 ὠμότητα
2662 4632 3112 4705 ἐπιδεικνύμενοι,
3142 4633 3196 4687 εί
3235 4650 3365 4687 ποτε
3401 4633 3587 4687 πένθει
3626 4632 3725 4705 λη-

2046 4712 2229 4782 φθεῖεν
2265 4712 2481 4786 σφοδρῷ
2513 4715 2611 4768 καὶ
2651 4713 2936 4785 δυναμένῳ
2961 4711 3207 4768 κάτωθεν
3231 4713 3567 4786 ἀναστρέψαι
3587 4712 3607 4753 ι
3630 4716 3726 4769 καὶ

2044 4791 2366 4862 διαταράξαι
2394 4791 2594 4864 ψυχὴν,
2628 4791 2809 4855 πάσας
2833 4792 3047 4857 ἐκείνας
3072 4792 3170 4857 τὰς
3200 4792 3496 4864 βλακώδεις
3532 4793 3724 4849 ἐπιθυο

2051 4873 2178 4942 μίας
2198 4873 2293 4926 καὶ⁵
2320 4872 2671 4944 παρανόμους
2693 4870 3033 4938 ἐκϐαλόντες,
3054 4873 3135 4937 είς
3158 4875 3251 4929 τὸν
3278 4872 3388 4928 τῶν
3421 4872 3726 4943 φιλοσόφων

2052 4952 2429 5021 μετατίθενται
2465 4950 2578 5022 βίον
2597 4990 2611 5017 ,
2652 4950 3076 5025 σκληραγωγίαν
3098 4990 3112 5016 ,
3142 4953 3450 5025 ἀγρυπνίαν
3471 4991 3486 5017 ,
3520 4970 3726 5024 χαμευ-

2048 5030 2197 5093 νίαν,
2230 5031 2547 5103 καρτερίαν,
2580 5030 2866 5102 νηστείαν,
2895 5031 3079 5102 σιγὴν,
3111 5032 3431 5095 ἐπιείκειαν,
3470 5033 3727 5088 ταπεινό-

2046 5127 2213 5182 τητα,
2232 5110 2641 5183 φιλανθρωπίαν
2663 5109 3093 5182 ἐπιδεικνύμενοι
3120 5109 3341 5184 πολλήν.
3362 5111 3557 5169 Καίτοι
3574 5128 3638 5184 γε
3655 5110 3727 5167 τὰ

2114 5254 2139 5308 ς
2160 5243 2297 5308 Qolb.
2318 5246 2428 5308 ύμῖν
2446 5246 2783 5297 ὑπακούουσιν.

2119 5304 2140 5345 ί
2167 5306 2303 5357 COIb.
2328 5304 2463 5359 πότε.

2114 5371 2139 5438 ξ
2160 5367 2411 5438 (ῖοίδιτοῦ
2435 5366 2579 5438 Θεοῦ.
2601 5367 2758 5418 Paulo
2775 5373 2888 5432 post
2907 5369 3040 5438 idem
3068 5370 3559 5438 ﬂpéugoitéiﬁmzev.
3592 5371 3722 5438 Ἀθρ.

2052 5427 2184 5495 ἰιιξςα-
2200 5432 2283 5493 μὲν
2305 5430 2460 5495 ἔπεισι
2476 5432 2558 5495 καὶ
2575 5447 2757 5494 παραμ.
2776 5427 2839 5481 ξι
2861 5444 2973 5481 mox
2994 5427 3146 5495 ἀρχήν
3167 5427 3415 5482 καθιεῖται.

2113 5490 2140 5529 Ιι
2173 5490 2409 5541 Ἑναντίον
2428 5492 2566 5543 Colb.

2119 5553 2134 5593 ί
2161 5553 2301 5620 Colh.
2324 5555 2539 5620 ἐξέπεσα.
2570 5554 2714 5620 _ldem
2734 5554 3025 5620 rpi'qopg_ml
3046 5554 3297 5620 τετάρτους
3323 5557 3424 5620 μιτῗ
3448 5554 3625 5605 ἐκεῖνον
3645 5558 3728 5608 δν-

2049 5615 2395 5693 νάμεωςηίδεῖνζ
2413 5615 2470 5693 lq
2489 5617 2666 5667 eodem
2685 5615 2798 5667 mo'x
2825 5618 2882 5677 δή
2908 5617 3069 5667 deest.
3095 5615 3219 5667 lbi'd.
3245 5615 3383 5669 Col'b.
3407 5619 3626 5682 δακρύειν
3646 5623 3728 5671 καί

2051 5677 2325 5736 κόπτεσθαι,
2346 5677 2401 5725 οῦ
2419 5677 2546 5763 μίαν.

2123 5740 2135 5763 I
2168 5739 2285 5763 l‘nlk
2332 5739 2410 5763 L‘.‘
2458 5740 2546 5763 2--.Ἳ

2120 5740 2136 5805 j
2329 5739 2438 5805 60.1:
2458 5739 2637 5805 ἐκεῖνον
2657 5740 2738 5787 τὸν
2754 5739 2915 5805 ἁϐρόν.

2114 5801 2143 5838 ι
2167 5800 2303 5849 Colb.
2330 5806 2383 5848 et
2409 5801 2561 5850 Savil.
2601 5803 2775 5865 ἄριστα
2796 5800 3081 5864 μελετῶντες
3101 5802 3276 5867 μέχρις.
3305 5801 3415 5851 Mox
3444 5802 3583 5855 Colb.
3607 5807 3728 5856 οίτα

2052 5864 2149 5925 τῶν
2170 5863 2341 5925 ἐτέρων
2360 5863 2471 5925 ἀρπ.
2568 5923 2587 5925 _
2750 5924 2761 5925 γ
2844 5924 2865 5925 η
3018 5923 3029 5925 Δ
3422 5888 3433 5899 ο
3768 5872 3773 5881 '

2126 5923 2141 5962 ι
2201 5922 2533 5989 Ἀναστρέψαι.
2561 5923 2644 5989 είς
2678 5937 2715 5989 ε
2741 5924 2892 5989 Saﬁl.
2928 5930 2980 5973 et
3007 5923 3143 5989 Colb.
3166 5927 3521 5989 rescripsimus.
3547 5926 3707 5982 lore]

2052 5986 2117 6036 in.
2135 5992 2272 6035 lentu
2292 5984 2567 6050 ἀνατρέψαι,
2590 5986 2747 6037 δαγὶι..
2766 5985 2819 6036 iu.
2840 6000 2994 6049 nurg.
3016 5984 3337 6053 ἀντιστρέψαιζ
3360 5989 3496 6040 Eun.
