4116 6392
330 248 435 307 409
1101 257 1159 314 S.
1197 258 1486 319 JOANNIS
1520 260 2020 321 CHRYSOSTOMI
2055 265 2376 326 ARCIHEP.
2418 269 2964 332 CONSTANTINOP.
3662 273 3775 333 410

320 366 878 443 ἐτέρων·αρπάζοντες
913 371 1008 428 καὶ
1022 371 1093 429 τά
1106 374 1315 431 ἑαυτῶν
1332 377 1503 449 qum;
1518 377 1586 434 ἂν
1606 380 1857 453 πρόοιντο
1874 383 1995 437 κατ’

321 456 530 513 ἐκεῖνον
569 456 662 513 τὸν
707 459 897 532 καιρόν
923 476 938 491 ’
979 460 1083 517 κάν
1126 462 1238 539 πῦρ
1275 465 1495 535 ἀφεῖναί
1529 458 1615 532 τις
1663 467 1839 522 ἐθέλοι
1882 472 1997 533 τοῖς

323 544 631 618 ὑπάρχουσι
692 546 832 618 μετά
887 548 990 619 τῆς
1024 551 1202 615 οἰκίας
1239 552 1442 625 πάσης,
1470 554 1531 608 οὐ
1580 555 1992 628 παροξύνονται.

324 632 559 699 Πολλοὺς
595 634 653 688 δέ
681 633 856 705 ἔγωγε
887 631 1028 699 οἶδα,
1061 638 1198 709 μετά
1224 640 1326 713 τὴν
1356 640 1464 695 τῶν
1486 642 1758 712 φιλτάτων
1791 644 1995 699 ἀποϐο-

324 718 422 791 λὴν
448 721 575 787 τοὺς
601 721 700 793 μὲν
727 723 826 794 τὴν
850 726 909 778 ἐν
939 725 1131 796 ἀγροῖς
1149 725 1358 782 δίαιταν
1401 728 1502 800 τῆς
1535 730 1743 796 πόλεως
1767 732 1996 787 ἐναλλα-

324 807 586 881 ξαμένους
608 812 703 864 καὶ⁵
730 810 839 865 τῶν
867 813 924 866 ἐν
944 812 1118 886 ταύτῃ
1138 814 1339 881 καλῶν,
1367 817 1493 882 τοὺς
1512 817 1569 872 δὲ
1589 819 1741 891 παρά
1768 821 1838 874 τὰ
1860 822 1997 893 μνή-

325 914 473 969 ματα
498 897 606 952 τῶν
638 898 983 955 ἀπελθόντων
1018 900 1117 966 τάς
1159 902 1336 968 οίκίας
1364 903 1745 977 δειμαμένους,
1787 909 1882 962 καὶ
1903 908 1995 961 τὸν

321 984 437 1057 βίον
455 988 572 1041 ἐκεῖ
594 987 1024 1054 καταλύσαντας.
1065 989 1227 1044 Ἀλλά
1255 990 1425 1045 ταῦτα
1466 993 1566 1064 μὲν
1596 992 1822 1064 ὕστερον
1845 1012 1858 1025 ·
1885 994 1995 1061 ἕως

319 1074 367 1128 δ’
394 1075 460 1130 ἂν
487 1074 712 1149 ἀκμάζῃ
750 1076 811 1130 τὸ
842 1076 1060 1143 πένθος,
1078 1078 1290 1143 οὐδενὸς
1319 1081 1503 1145 αὐτοῖς
1520 1080 1628 1135 τῶν
1660 1082 1945 1154 παρόντων
1967 1095 1995 1126 ι

319 1159 478 1231 λόγος
506 1165 675 1231 ἐστὶν,
700 1164 836 1218 ἀλλά
852 1163 951 1237 τὴν
976 1164 1195 1237 μανίαν,
1211 1166 1278 1238 ῆν
1298 1168 1429 1238 περὶ
1445 1168 1544 1240 τὴν
1564 1169 1881 1240 ἐπιμέλειαν
1903 1173 1996 1226 καὶ

316 1249 418 1321 τὴν
448 1249 710 1322 συλλογὴν
732 1250 842 1305 τῶν
874 1253 1171 1325 χρημάτων
1201 1250 1366 1325 εἶχον,
1397 1255 1464 1326 ἢν
1493 1256 1625 1326 περὶ
1653 1257 1753 1329 τὴν
1803 1258 1997 1330 κτῆσιν

316 1338 417 1409 τῆς
461 1337 778 1405 δυναστείας
812 1341 905 1395 καὶ
936 1341 1038 1411 τῆς
1080 1341 1239 1413 δόξης
1276 1342 1380 1414 τῆς
1418 1334 1571 1416 παρά
1613 1345 1723 1399 τῶν
1758 1344 1990 1410 πολλῶν,

318 1424 508 1498 ῶσπερ
544 1428 667 1482 τινὰ
711 1428 979 1501 χόρτον,ῆ
1016 1430 1111 1484 καὶ
1143 1430 1301 1495 ἄνθος
1332 1431 1557 1503 χόρτου,
1592 1435 1658 1505 τῇ
1712 1433 1872 1503 φλογὶ
1896 1438 1995 1506 τῆς

317 1514 558 1584 ἀθυμίας
590 1515 1026 1588 καταφλέξαντες
1047 1558 1062 1583 ,
1101 1518 1333 1592 ἔρριψαν
1378 1520 1487 1574 ἀπὸ
1531 1521 1634 1591 τῆς
1669 1519 1870 1593 ψυχῆς,
1902 1525 1996 1578 καὶ

320 1604 461 1676 πρὸς
497 1604 766 1678 τοσαύτην
799 1606 920 1660 τότε
958 1606 993 1677 ἡ
1033 1605 1242 1661 διάνοια
1286 1605 1604 1677 φιλοσοφίαν
1638 1608 1994 1679 μεθίσταται,

320 1693 398 1757 ὡς
424 1692 558 1764 μηδέ
592 1693 753 1765 μέχρι
781 1692 1042 1766 ῥημάτων
1062 1694 1393 1765 ἀνασχέσθαι
1415 1695 1559 1758 τινὸς
1594 1694 1703 1750 τῶν
1732 1698 1873 1751 κατά
1905 1699 1996 1753 τὸν

319 1774 564 1853 παρόντα
594 1782 707 1852 βίον
738 1781 931 1854 ἡδέων,
953 1782 1091 1837 ἀλλά
1128 1785 1307 1839 πάντα
1337 1786 1407 1840 τὰ
1444 1785 1581 1859 πρὸς
1616 1785 1813 1858 ἡδονὴν
1854 1782 1995 1841 εἶναι

316 1868 579 1924 δοκοῦντα
610 1870 877 1943 πρότερον
919 1870 1313 1944 προσίστασθαί
1356 1890 1418 1927 τε
1454 1874 1639 1939 αὐτοῖς
1670 1874 1766 1928 καὶ
1805 1876 1998 1948 πικρό-

314 1975 455 2013 τατα
482 1958 788 2028 φαίνεσθαι·
807 1960 900 2013 καὶ
925 1960 1101 2023 οὐδεὶς
1127 1959 1194 2015 ἂν
1211 1959 1337 2015 οῦτε
1355 1961 1465 2015 τῶν
1482 1961 1869 2029 οίκετῶν,οῦτε
1887 1963 1995 2020 τῶν

317 2046 488 2117 φίλων
537 2048 831 2120 τολμήσειε
870 2048 995 2103 τότε
1029 2050 1170 2122 ὑπὲρ
1214 2050 1324 2105 τῶν
1356 2051 1416 2105 ἐν
1447 2049 1525 2123 τῷ
1566 2051 1758 2124 κόσμῳ
1784 2052 1993 2124 τούτῳ,

316 2136 412 2189 καὶ⁹
440 2136 644 2208 σφόδρα
700 2136 1170 2205 κατεπειγόντων,
1208 2137 1369 2210 ῥῆξαι
1409 2138 1592 2208 φωνήν
1612 2154 1627 2169 ⁸
1666 2140 1845 2194 πάντα
1884 2142 1995 2209 7&9

316 2224 561 2279 ἐκποδὼν
587 2225 849 2297 γινόμενα
876 2226 906 2267 ι’
932 2224 1084 2298 [159]
1115 2231 1438 2301 παραχωρεῖ
1463 2231 1580 2292 τοῖς
1615 2230 1745 2300 περὶ
1782 2228 1996 2298 φιλοσο-

317 2314 447 2383 φίαν
477 2312 793 2384 λόγοις,τῆς
810 2312 989 2385 ψυχῆς
1006 2314 1096 2368 διὰ
1120 2316 1214 2369 τοῦ
1241 2315 1472 2380 πένθους
1502 2316 1623 2371 τότε
1645 2317 1899 2390 καθάπερ
1936 2318 1996 2373 ἐν

319 2402 452 2473 ἱερῷ
473 2421 578 2457 τινι
602 2403 753 2474 τόπῳ
769 2402 1162 2474 παιδευομένης
1177 2403 1275 2475 τῆς
1297 2403 1645 2478 ἀνθρωπίνης
1659 2404 1876 2476 φύσεως
1896 2406 1996 2479 τὴν

315 2490 592 2548 οὐδένειαν
611 2533 626 2559 ,
654 2494 751 2550 τοῦ
777 2491 1047 2563 παρόντος
1075 2490 1271 2558 αίῶνος
1301 2491 1363 2546 τὸ
1394 2492 1701 2565 ἐπίκαιρον,
1727 2493 1839 2548 τῶν
1867 2494 1996 2566 βιω-

315 2582 485 2637 τικῶν
517 2582 579 2636 τὸ
615 2580 917 2653 εῦφθαρτόν
950 2596 1011 2634 τε
1040 2581 1136 2636 καὶ
1163 2581 1395 2635 ἄστατον
1414 2620 1428 2641 .
1462 2582 1563 2652 τῆς
1602 2582 1807 2654 σκηνῆς
1827 2593 1850 2622 ο
1885 2581 1996 2637 τῶν

317 2669 619 2741 γινομένων
663 2669 763 2740 τὴν
814 2666 1122 2739 ὑπόκρισιν.
1177 2667 1479 2739 ’Υπεροψία
1523 2673 1822 2741 χρημάτων
1870 2669 1995 2723 τότε

317 2759 509 2830 πολλὴ,
533 2758 654 2812 τότε
681 2756 852 2827 ὀργῆς
879 2754 1178 2827 ἀναίρεσις,
1215 2757 1338 2810 τότε
1369 2756 1633 2828 ὀλιγωρία
1663 2756 1993 2830 φιλοτιμίας,

316 2848 414 2902 καὶ
436 2845 561 2901 οὔτε
598 2843 793 2915 φθόνος
812 2843 1185 2916 ἐμφωλεῦσαι,
1211 2845 1272 2899 οὐ
1308 2845 1476 2914 τῦφος
1504 2843 1876 2916 ἐκϐακχεῦσαι
1903 2846 1995 2901 τὸν

319 2934 424 2990 ὐπὸ
450 2933 544 2988 τοῦ
581 2933 810 2998 πένθους
852 2932 1206 3006 συντριϐέντα
1248 2931 1453 2987 δύναιτ’
1479 2932 1569 2999 ἀν,
1597 2933 1699 2987 οὐκ
1729 2933 1996 3006 ἐπιθυμία

318 3023 629 3095 ἐμπίπρησι
659 3021 753 3075 τὸν
788 3021 1087 3076 ἀκόλαστον
1108 3060 1123 3085 ,
1158 3019 1297 3075 ἀλλά
1326 3021 1547 3074 πάντων
1578 3020 1785 3075 τούτων
1819 3039 1998 3092 φυγα-

316 3112 615 3167 δευθέντων
648 3109 889 3176 ἐκεῖθεν,
924 3104 1006 3174 εἷς
1041 3109 1200 3181 μόνος
1241 3107 1613 3174 κατοικίζεται
1640 3108 1899 3181 λογισμὸς
1924 3150 1940 3176 ,
1966 3111 1996 3165 ό

317 3201 416 3275 τὴν
437 3200 622 3256 είκόνα
648 3199 744 3253 τοῦ
762 3198 1212 3271 τετελευτηκότος
1237 3197 1549 3270 διακρατῶν
1585 3198 1825 3270 συνεχῶς
1841 3215 1855 3229 ·
1871 3200 1998 3254 τοῦ·

317 3308 380 3344 το
407 3291 503 3345 καὶ
527 3291 668 3353 σῖτα,
698 3286 795 3341 καὶ
831 3285 1014 3351 ποτὸς,
1050 3286 1146 3341 καὶ
1180 3285 1366 3351 ὕπνος,
1404 3287 1500 3341 καὶ
1522 3286 1704 3359 ἡδονὴ,
1741 3288 1836 3342 καὶ
1866 3289 1998 3343 ἀνά-

319 3395 540 3442 παυσις,
570 3378 665 3431 καὶ
701 3373 1030 3447 παραμυθία
1078 3374 1249 3447 πολλή
1280 3389 1295 3404 °
1324 3375 1485 3429 τοῦτο
1521 3372 1672 3441 δόξα,
1704 3376 1800 3429 καὶ
1832 3376 1997 3432 πλοῦ-

317 3483 431 3530 τος,
477 3466 572 3520 καὶ
597 3463 906 3526 δυναστεία,
928 3462 1025 3517 καὶ
1042 3464 1243 3536 τρυφή.

395 3561 446 3607 ι’.
477 3550 664 3616 Οὕτως
688 3553 838 3622 ἡμᾶς
865 3551 1036 3622 ἐχρῆν
1053 3550 1152 3621 τὴν
1170 3549 1445 3623 ἀποϐολὴν
1472 3552 1578 3624 τῆς
1600 3555 1877 3627 σωτηρίας
1898 3555 1998 3626 τῆς

318 3643 595 3715 ἡμετέρας
628 3641 868 3703 πενθεῖν,
886 3641 973 3694 ’ίνα
1000 3640 1166 3710 μηδὲν
1192 3640 1331 3694 είπω
1358 3641 1521 3695 πλέον
1539 3659 1553 3673 ·
1585 3644 1726 3714 μετά
1740 3643 1996 3698 τοσούτου

321 3730 487 3785 πόθου
541 3729 635 3784 καὶ
689 3728 1000 3801 προθυμίας
1048 3728 1157 3782 ἔδει
1183 3726 1213 3768 ει
1252 3727 1474 3784 πάντων
1507 3716 1625 3784 ἐκεῖ
1652 3731 1914 3786 τετάσθαι
1932 3732 1999 3787 τὸ

320 3822 476 3892 ὄμμα
508 3820 607 3892 τῆς
636 3818 833 3890 ψυχῆς,
854 3819 949 3872 καὶ
985 3817 1163 3872 πάντα
1185 3818 1318 3889 ἡμῖν
1338 3819 1437 3890 τὴν
1457 3819 1675 3891 ἐκείνης
1698 3815 1837 3875 εἶναι
1860 3822 1998 3892 μνή-

324 3927 432 3981 μην
466 3909 561 3963 καὶ
598 3908 970 3963 ἀνατύπωσιν.
1001 3906 1115 3962 Νῦν
1136 3907 1195 3961 δὲ
1224 3910 1272 3962 οἱ
1304 3909 1402 3980 μὲν
1433 3910 1629 3975 παῖδας
1676 3913 1770 3965 καὶ
1805 3915 1997 3981 γυναῖ-

321 4020 424 4066 κας
470 3999 834 4064 ἀποϐαλόντες
881 3999 1018 4069 πρὸς
1058 3997 1211 4053 οὐδὲν
1250 3998 1440 4072 ἕτερον
1485 4001 1857 4073 ἀπασχολοῦσι
1906 4003 1998 4057 τὸν

320 4091 467 4151 νοῦν,
488 4090 522 4162 ἢ
542 4090 676 4162 πρὸς
696 4090 757 4144 τὸ
779 4087 1149 4158 φαντάζεσθαι
1166 4087 1294 4152 τούς
1316 4088 1769 4156 ἀποσπασθέντας
1793 4091 1994 4147 αὐτῶν·

320 4182 482 4254 ἡμεῖς
533 4177 590 4233 δὲ
630 4179 680 4231 οί
730 4175 1005 4248 βασιλείαν
1058 4175 1422 4242 ἀπολέσαντες
1484 4179 1731 4250 οὐρανῶν
1754 4220 1770 4244 ,
1818 4181 1999 4235 πάντα

324 4269 524 4343 μᾶλλον
568 4268 600 4340 ἢ
634 4266 838 4339 ταύτην
866 4264 1246 4337 διανοούμεθα.
1268 4267 1380 4321 Καὶ
1427 4267 1653 4323 ἐκείνων
1682 4268 1781 4341 μὲν
1802 4270 1997 4335 οὐδεὶς,

321 4359 423 4412 κᾶν
475 4354 901 4428 βασιλικωτάτου
937 4364 961 4393 °
994 4352 1132 4425 τύχῃ
1165 4354 1357 4423 γένους
1377 4395 1393 4418 ,
1428 4354 1507 4426 τῷ
1531 4354 1626 4410 τοῦ
1658 4356 1889 4422 πένθους
1918 4359 2002 4411 αί-

324 4445 576 4517 σχύνεται
610 4443 761 4514 νόμῳ
791 4458 805 4472 ’
839 4440 984 4496 ἀλλά
1024 4440 1120 4494 καὶ
1156 4442 1245 4495 ἐπ’
1288 4442 1519 4512 ἐδάφους
1564 4443 1832 4500 καθιεῖται
1856 4486 1873 4513 ,
1904 4445 2001 4500 καὶ

322 4535 584 4605 θρηνήσει
605 4531 821 4604 πικρόν,
840 4531 937 4585 καὶ
952 4529 1051 4602 τὴν
1070 4529 1274 4601 ἐσθῆτα
1308 4531 1622 4602 μεταϐαλεῖ,
1654 4533 1749 4587 καὶ
1772 4534 1842 4588 τά
1866 4533 2001 4589 ἀλλα

322 4625 500 4677 πάντα
561 4621 699 4693 μετὰ
753 4620 955 4691 πολλῆς
1004 4621 1371 4691 ὑποστήσεται
1430 4621 1741 4693 προθυμίας
1777 4621 1849 4676 τὰ
1899 4622 2003 4694 τῆς

322 4704 593 4777 τιμωρίας
643 4704 859 4775 ἐκείνης
890 4719 906 4734 ο
940 4704 1034 4757 καὶ
1066 4702 1191 4757 οὔτε
1223 4703 1562 4775 ἀνατροφὴν,
1593 4703 1717 4759 οὕτε
1750 4704 2002 4776 σώματος

321 4792 456 4857 ἕξιν,
488 4792 548 4845 οὐ
581 4790 679 4855 τὰς
725 4788 865 4861 μετά
902 4788 1074 4841 ταῦτα
1101 4787 1363 4856 λογιεῖται
1384 4787 1594 4853 νόσους,
1633 4787 1733 4852 τὰς
1765 4789 1873 4843 ἀπὸ
1902 4790 2003 4861 τῆς

321 4874 698 4947 ταλαιπωρίας
726 4873 959 4943 ἐκείνης,
987 4871 1123 4925 ἀλλὰ
1163 4870 1304 4941 μετά
1343 4871 1545 4943 πολλῆς
1582 4872 1800 4927 ἅπαντα
1827 4869 1847 4910 τ
1865 4872 2003 4926 οἴσει

323 4958 424 5030 τῆς
443 4956 712 5020 εὐκολίας.
732 4956 844 5010 Καὶ
862 4955 1036 5009 ταῦτα
1059 4955 1156 5026 μὲν
1184 4955 1285 5007 οὐκ
1316 4955 1507 5027 ἄνδρες
1546 4956 1727 5026 μόνον,
1747 4955 1884 5010 ἀλλά
1909 4957 2005 5010 καὶ

326 5044 603 5110 γυναῖκες,
633 5039 735 5095 κᾶν
762 5039 967 5110 σφόδρα
1001 5038 1245 5101 ἀσθενεῖς
1274 5032 1430 5104 ὦσιν,
1463 5040 1880 5104 ἐπιδείκνυνται,
1909 5040 2005 5094 καὶ

326 5128 532 5179 τούτων
553 5124 791 5179 πλείονα.
831 5124 1023 5194 Ἡμεῖς
1049 5123 1103 5176 δέ
1127 5123 1186 5176 οὐ
1213 5122 1428 5187 παῖδας,
1445 5123 1506 5176 οὐ
1547 5126 1832 5192 γυναῖκας,
1867 5123 2005 5177 ἀλλά

326 5211 504 5281 ψυχῆς
528 5208 804 5264 ἀπώλειαν
834 5206 1174 5269 πενθοῦντες,
1205 5206 1384 5277 ψυχῆς
1412 5206 1513 5260 οὐκ
1540 5206 1846 5277 ἀλλοτρίας,
1868 5206 2005 5261 ἀλλά

328 5295 430 5367 τῆς
469 5295 768 5366 ἡμετέρας,
799 5293 1157 5364 σκηπόμεθα
1210 5290 1669 5362 προφασιζόμενοι
1702 5292 1727 5329 ε
1753 5290 2003 5361 σώματος

391 5438 418 5500 ἒ
444 5439 552 5487 Τῶν
574 5436 819 5500 παρόντων
840 5434 1059 5500 deegtjn
1081 5432 1217 5485 Colb.

390 5499 420 5540 δ
444 5495 669 5560 Γινόμενὰ
689 5498 834 5545 deest
853 5498 901 5545 in
922 5495 1061 5560 (ἴρηξ.

392 5566 414 5592 ⁸⁵
441 5564 536 5619 Τῆς
554 5557 729 5619 πολλῆς
750 5557 1084 5618 σκηνῆςλζυιί).

392 5622 423 5663 d
448 5616 579 5671 Ἔδει
603 5616 748 5671 deost
772 5616 987 5671 ίιιςοπ).
1015 5628 1065 5668 el
1090 5633 1200 5667 mox
1224 5618 1505 5681 ﬁpIydPesil
1527 5616 1576 5665 in
1603 5616 1797 5666 eodem.

398 5699 422 5726 e
447 5684 529 5732 Snc
555 5682 862 5733 cesliluimus
882 5698 912 5731 e
940 5683 1092 5731 Savil.
1120 5689 1173 5730 el
1193 5680 1330 5732 (lolb.
1348 5680 1748 5742 Legebaturcum
1772 5681 1889 5730 Mor.
1919 5684 2005 5745 βα-

331 5746 654 5808 σιλικωτέραν.
680 5746 815 5793 Eon.

398 5805 415 5845 ί
442 5804 575 5856 (Lolli.
600 5809 773 5863 πολλῆς
795 5808 993 5854 ἅπαντα.
1019 5805 1125 5853 Sav.
1153 5810 1207 5854 et
1240 5804 1411 5854 Morel.
1437 5805 1613 5860 πολλῆς
1635 5805 1744 5855 τότε
1766 5806 1904 5854 οἴσει.

397 5870 422 5933 F
446 5870 847 5933 Προςασιζομῖνοι
877 5873 1017 5917 deest
1045 5870 1093 5916 in
1117 5866 1254 5918 Colb.
1284 5866 1437 5916 Paulo
1465 5872 1577 5928 post
1600 5867 1731 5916 Idem
1760 5868 2003 5933 συνεργίας

332 5931 548 5993 δεόμεθα.

2099 383 2387 443 ἀσθένειαν
2416 390 2511 444 καὶ
2532 389 2844 462 ἀνατροφῆς
2863 390 3200 463 ἁπαλότητα.
3225 390 3337 445 Καὶ
3366 389 3479 447 εἴθε
3503 391 3665 447 τοῦτο
3686 391 3783 463 μό-

2095 486 2187 523 νον
2216 466 2285 544 ἦν
2309 471 2373 525 τὸ
2410 473 2615 528 δεινόνί
2654 474 2748 529 νῦν
2767 474 2825 529 δέ
2867 475 2988 529 οὐδέ
3032 475 3220 529 ἐκεῖνα
3258 475 3568 547 πράττομεν
3600 479 3661 531 ἐν
3692 471 3779 543 οἷς

2094 555 2249 610 οὐδὲν
2277 556 2378 629 τῆς
2429 558 2521 613 τοῦ
2563 558 2817 631 σώματος
2865 559 3146 631 ἐνεργείας
3187 558 3439 630 δεόμεθα.
3487 560 3601 613 Ποῦ
3637 560 3775 634 γάρ,

2094 637 2216 692 εἰπέ
2253 658 2373 711 μοι,
2404 644 2724 714 σωματικῆς
2773 643 2932 715 χρεία
2975 641 3290 713 δυνάμεως,
3320 641 3447 695 ὅταν
3486 644 3777 715 συντρῖψαι

2093 720 2187 795 δέῃ
2217 723 2467 796 καρδίαν,
2487 726 2614 780 ὅταν
2640 725 2899 791 εῦξασθαι
2932 728 3173 798 νήφοντα
3202 725 3299 779 καὶ
3324 726 3772 798 διεγηγερμένον,

2094 805 2223 860 ὅταν
2253 806 2674 877 ἀναλογίσασθαι
2694 809 2763 864 τά
2784 811 3174 882 ἁμαρτήματα,
3195 810 3322 864 ὅταν
3352 809 3652 864 καταλῦσαι
3680 809 3775 863 τῦ-

2095 905 2194 958 φον
2222 890 2317 943 καὶ
2347 891 2624 959 ἀπόνοιαν,
2639 894 2767 947 ὅταν
2785 893 3122 948 ταπεινῶσαι
3147 891 3407 963 λογισμόν
3426 890 3643 958 ;Ταῦτα
3662 893 3775 962 γάρ

2094 973 2242 1025 ἐστιν
2278 971 2315 1026 ἃ
2347 975 2442 1028 καὶ
2468 974 2559 1029 τὸν
2591 975 2723 1029 Θεὸν
2746 975 2903 1030 ἵλεων
2935 976 3065 1046 ἡμῖν
3094 973 3415 1047 καθίστησι,
3442 974 3538 1029 καὶ
3559 975 3621 1028 οὐ
3652 975 3754 1029 πολ

2093 1055 2186 1110 λοῦ
2223 1056 2393 1112 δεῖται
2420 1059 2580 1114 πόνου
2606 1077 2622 1092 ·
2649 1061 2742 1114 καὶ
2768 1059 2888 1114 οὐδέ
2926 1060 3097 1113 ταῦτα
3128 1059 3461 1131 πράττομεν.
3494 1059 3630 1113 Οὐδὲ
3662 1060 3776 1132 γὰρ

2097 1142 2302 1197 σάκκου
2338 1142 2621 1215 περιϐολὴ,
2663 1143 2785 1198 οὐδέ
2821 1144 2885 1198 τὸ
2910 1146 2969 1199 ἐν
2999 1145 3229 1216 οἰκίσκῳ
3260 1144 3614 1200 κατακλεῖσαι
3649 1146 3779 1198 ἐαυ-

2093 1227 2205 1292 τὸν,
2235 1227 2357 1283 οὐδέ
2384 1229 2447 1282 τὸ
2478 1228 2704 1282 καθίσαι
2731 1230 2789 1281 ἐν
2816 1229 2993 1301 σκότῳ
3010 1269 3027 1295 ,
3058 1228 3217 1284 τοῦτο
3241 1229 3401 1300 μόνον
3425 1228 3545 1282 ἐστὶ
3562 1227 3623 1281 τὸ
3652 1245 3779 1281 πενσ

2095 1311 2231 1377 θεῖν,
2248 1311 2385 1365 ἀλλά
2402 1312 2465 1365 τὸ
2480 1312 2773 1378 διαπαντὸς
2788 1312 2888 1385 τὴν
2907 1315 3128 1386 μνήμην
3148 1312 3257 1367 τῶν
3273 1312 3488 1368 οἰκείων
3500 1312 3776 1382 ἀναστρέ-

2096 1414 2218 1466 φειν
2257 1396 2462 1460 κακῶν,
2508 1398 2603 1452 καὶ
2636 1397 2947 1468 βασανίζειν
2974 1399 3038 1451 τὸ
3092 1399 3328 1463 συνειδὸς
3380 1394 3777 1461 τούτοιςιιτοῖς

2094 1479 2400 1552 λογισμοῖς,
2433 1480 2494 1533 τὸ
2537 1480 2778 1552 συνεχῶς
2806 1481 3135 1552 ἀναμετρεῖν
3159 1483 3259 1553 τῆς
3302 1481 3423 1536 ὁδοῦ
3449 1482 3510 1536 τὸ
3563 1482 3773 1553 μῆκος,

2094 1564 2218 1618 ὅσον
2266 1555 2676 1636 ἀπολειπόμεθα
2733 1565 2832 1637 τῆς
2882 1564 3161 1635 βασιλείας
3211 1565 3320 1620 τῶν
3353 1565 3618 1635 οὐρανῶν.
3663 1563 3778 1621 Καὶ

2095 1647 2214 1711 πῶς
2234 1646 2394 1703 τοῦτο
2421 1647 2593 1714 Eatur,
2615 1650 2782 1720 φησί.
2811 1650 2969 1718 Πῶς;
3000 1650 3066 1705 ἂν
3083 1650 3183 1724 τὴν
3202 1653 3425 1721 γέενναν
3452 1651 3667 1722 ἔχωμεν
3685 1651 3776 1705 ἀεὶ

2094 1731 2204 1803 πρὸ
2245 1732 2356 1786 τῶν
2393 1732 2717 1804 ὀφθαλμῶν,
2756 1736 2991 1799 καὶτοὺς
3021 1735 3297 1807 πανταχοῦ
3315 1736 3435 1789 τότε
3461 1734 3777 1806 διατρέχον-

2093 1834 2194 1881 τας
2213 1817 2500 1887 ἀγγέλους,
2516 1820 2612 1874 καὶ
2635 1820 2965 1888 συνάγοντας
2980 1822 3045 1873 ἐκ
3071 1820 3173 1892 τῆς
3208 1820 3534 1891 οἰκουμένης
3555 1820 3778 1887 ἀπάσης
3850 1866 3857 1875 .

2094 1902 2223 1966 τούς
2274 1903 2335 1955 ἐν
2374 1904 2442 1974 τῇ
2489 1902 2682 1975 γεέννῃ
2723 1902 3137 1974 ἀπαχθήσεσθαι
3181 1903 3475 1975 μέλλοντας
3507 1919 3523 1934 ο
3557 1902 3622 1956 ἂν
3677 1904 3776 1971 τὴν

2093 1984 2368 2040 ἔκπτωσιν
2388 1984 2735 2056 λογισώμεθα
2766 1988 2867 2060 τῆς
2908 1985 3189 2058 βασιλείας
3215 1985 3391 2059 [140],
3430 1987 3554 2039 ὅσον
3581 1982 3774 2050 κακὸν,

2093 2070 2189 2123 καὶ
2216 2069 2316 2142 τῆς
2356 2069 2582 2140 γεέννης
2614 2069 2802 2141 χωρίς.
2825 2071 2937 2125 Καὶ
2968 2069 3097 2141 γάρ,
3126 2070 3175 2122 εί
3202 2070 3277 2141 μὴ
3307 2070 3368 2123 τὸ
3399 2068 3510 2139 πῦρ
3537 2069 3717 2122 ἐκεῖνο
3752 2067 3773 2105 ί

2093 2152 2361 2224 ὴπείλητο
2406 2155 2562 2225 ἡμῖν,
2603 2152 2742 2225 μηδὲ
2789 2152 3048 2208 ἀθάνατοι
3083 2151 3336 2217 κολάσεις
3368 2152 3515 2224 ἡμᾶς
3558 2151 3775 2221 ἔμενον,

2094 2236 2229 2292 αὐτὸ
2262 2237 2424 2309 μόνον
2465 2237 2528 2291 τὸ
2563 2235 2990 2308 ἀλλοτριωθῆναι
3025 2235 3120 2291 τοῦ
3153 2235 3413 2311 Χριστοῦ,
3450 2233 3548 2289 τοῦ
3593 2233 3775 2304 πράου

2094 2321 2190 2375 καὶ
2230 2319 2637 2393 φιλανθρώπου,
2678 2318 2773 2374 τοῦ
2817 2320 3152 2392 παραδόντος
3196 2319 3389 2374 ἐαυτὸν
3426 2318 3570 2389 ὑπὲρ
3616 2318 3776 2387 ἡμῶν

2095 2406 2176 2469 είς
2210 2403 2591 2469 θάνα.τον,’καὶ⁸
2615 2404 2795 2459 πάντα
2824 2402 3114 2468 παθόντος,
3132 2404 3220 2457 ἵνα
3237 2404 3385 2474 ἡμᾶς
3410 2401 3776 2473 ἐξαιρήσηται

2092 2487 2194 2561 τῆς
2214 2488 2489 2554 κολάσεως
2506 2487 2841 2561 ἐκείνης,καὶ
2862 2487 3173 2562 καταλλάξῃ
3188 2488 3334 2559 ἡμᾶς
3351 2486 3430 2556 τῷ
3454 2483 3648 2539 ἐαυτοῦ
3667 2484 3778 2535 Πα-

2092 2572 2185 2644 τρὶ
2210 2571 2438 2644 ἐχθροὺς
2458 2572 2620 2638 ὄντας
2650 2573 2770 2637 τοῖς
2790 2572 3162 2645 πταίσμασιν,
3186 2573 3236 2625 εί
3256 2570 3354 2625 καὶ
3385 2569 3462 2642 μὴ
3494 2568 3603 2622 τῶν
3635 2584 3777 2639 προ-

2095 2655 2368 2727 κειμένων
2406 2657 2630 2712 ἐκείνων
2676 2656 3060 2729 ἀνεκλαλήτων
3109 2655 3330 2724 ἀγαθῶν
3358 2654 3455 2709 καὶ
3492 2653 3778 2707 ἀθανάτων

2094 2739 2385 2794 ἐκπίπτειν
2412 2739 2702 2813 μέλλομεν,
2728 2741 2909 2811 πάσης
2937 2739 3213 2804 κολάσεως
3237 2737 3252 2789 i
3297 2738 3479 2810 μεῖζόν
3504 2737 3652 2800 ἐστι,
3681 2734 3780 2789 καὶ

2096 2825 2282 2881 ίκανὸν
2315 2824 2579 2897 διεγεῖραι
2602 2822 2804 2896 ψυχὰς,
2825 2824 2920 2878 καὶ
2952 2826 3137 2878 πεῖσαι
3165 2823 3357 2894 νήφειν
3381 2820 3693 2883 διαπαντός.
3713 2819 3779 2872 Εἰ

2094 2909 2204 2983 γὰρ
2231 2909 2700 2980 ἀναγινώσκοντες
2721 2908 2880 2981 μόνον
2899 2906 2961 2962 τὸ
2982 2907 3290 2978 ὑπόδειγμα
3306 2904 3417 2959 τῶν
3441 2904 3607 2957 πέντε
3635 2919 3783 2974 παρ-

2095 2994 2266 3049 θένων
2287 3033 2304 3060 ,
2327 2993 2395 3058 ἃς
2424 2993 2532 3061 ἐξω
2575 2990 2671 3046 τοῦ
2710 2990 3000 3062 νυμφῶνος
3028 2992 3062 3061 ἡ
3086 2988 3182 3043 τοῦ
3213 2988 3394 3043 ἐλαίου
3453 2986 3649 3049 σπάνις
3674 2987 3775 3038 ἀπ-

2094 3076 2359 3142 έκλεισεν,
2377 3075 2438 3143 ἐξ
2466 3076 2588 3148 ἴσης
2613 3075 2850 3138 ἐκείναις
2876 3076 3068 3138 αὐταῖς
3091 3072 3258 3143 ἀλγοῦ
3266 3090 3366 3145 μεν
3391 3071 3486 3126 ἐπὶ
3502 3073 3616 3132 τοῖς
3634 3069 3779 3123 ἐκεῖ·

2094 3180 2201 3218 νων
2250 3163 2462 3224 κακοῖς,
2505 3159 2602 3213 καὶ
2646 3156 3058 3230 θορυϐούμεθα⁴
3082 3157 3148 3212 ἂν
3193 3157 3535 3228 ἐννοήσωμεν
3569 3156 3653 3208 δτι
3684 3153 3780 3207 καὶ

2094 3246 2248 3300 αὐτοὶ
2275 3244 2435 3299 τοῦτο
2464 3243 2767 3314 πεισόμεθα
2806 3242 3247 3314 ρᾳθυμήσαντες,
3280 3241 3367 3304 τίς
3407 3241 3580 3303 οὕτως
3624 3238 3778 3291 ἔσται

2111 3332 2311 3396 λίθινος
2368 3329 2575 3394 λοιπὸν,
2613 3328 2723 3395 ὡς,
2767 3326 2861 3381 τοῦ
2901 3326 3345 3399 παραδείγματος
3389 3324 3524 3380 αὐτὸ
3571 3322 3778 3377 τοῦτοΙι

2096 3416 2337 3489 συνεχῶς
2369 3415 2695 3488 στρέφοντος
2708 3412 2807 3485 τὴν
2838 3411 3037 3483 ψυχήν,
3058 3413 3139 3475 είς
3158 3410 3450 3483 ὀλιγωρίαν
3478 3410 3775 3487 ἐμπεσεῖνς

2107 3499 2265 3570 Ἐνῆν
2295 3500 2393 3571 μὲν
2422 3493 2517 3552 οῦν
2545 3498 2642 3551 καὶ
2669 3497 2753 3560 είς
2776 3494 2963 3568 μεῖζον
2985 3494 3161 3566 μῆκος
3184 3495 3421 3547 ἐκτεῖναι
3452 3493 3545 3545 τὸν
3581 3491 3741 3559 λόγον
3758 3530 3776 3552 ,

2094 3586 2209 3640 ἀλλ’
2244 3583 2433 3655 ἐπειδὴ
2481 3583 2639 3655 μόνον
2678 3581 2925 3653 ὑπακοῆς
2964 3582 3060 3635 καὶ
3096 3582 3196 3634 οὐκ
3226 3578 3393 3651 ἀλλης
3437 3577 3625 3649 χρείας
3661 3578 3780 3630 ’ἐνε-

2095 3685 2191 3722 κεν
2228 3666 2244 3707 ι
2277 3671 2410 3739 ἡμῖν
2444 3669 2681 3739 εἴρηται,
2710 3668 2806 3720 καῖ
2837 3663 3012 3719 ταῦτα
3046 3663 3189 3735 πέρα
3206 3663 3300 3717 τοῦ
3329 3663 3543 3727 δέοντος
3572 3661 3780 3732 γέγραο

2096 3769 2244 3806 πται.
2272 3747 2347 3805 Εὖ
2374 3750 2482 3822 γὰρ
2507 3746 2626 3804 οἶδα
2663 3750 2744 3803 ὅτι
2777 3750 2959 3802 πᾶσαν
2998 3747 3098 3818 τῆς
3142 3746 3487 3815 κατανύξεως
3524 3745 3623 3817 τὴν
3648 3747 3780 3817 ἀρε-

2088 3838 2194 3909 ,τὴν
2226 3835 2388 3898 αὐτός
2427 3851 2487 3888 τε
2535 3834 2680 3905 ἔχεις
2715 3832 2982 3905 ἀκριϐῶς,
3018 3834 3113 3887 καὶ
3153 3832 3334 3897 ἄλλοις
3386 3831 3452 3885 ἂν
3493 3831 3781 3902 μεταδοίης

2096 3923 2192 3976 καὶ
2225 3920 2464 3986 σιωπῶν,
2489 3918 2556 3973 ἂν
2595 3919 2755 3990 μόνον
2781 3917 2955 3989 βραχύ
2977 3920 3042 3990 τῇ
3075 3917 3332 3987 εὐλαϐείᾳ
3371 3916 3601 3987 συζῆσαι
3623 3914 3784 3982 ἀξιω-

2097 4006 2242 4060 θεῖεν
2278 4008 2344 4077 τῇ
2382 4006 2472 4076 σῇ,
2514 4003 2609 4057 καὶ
2648 4004 2741 4056 τὸν
2786 4002 3204 4073 ἐσταυρωμένον
3250 4000 3364 4071 βίον
3430 3999 3576 4053 ἰδεῖν.
3616 4000 3782 4054 Ὥστε

2097 4093 2146 4185 Ξῖ
2173 4088 2294 4185 ’χρὴ
2307 4086 2597 4185 καξάνυξιν
2623 4086 2815 4172 μαθεῖν
2840 4086 2967 4172 τοὺς
3120 4085 3216 4140 νῦν
3237 4084 3657 4185 ζέῦνταςβίςιτὸ
3680 4085 3783 4168 σὸν

2207 4161 2217 4175 1

2100 4154 2335 4233 βαδίζειν
2364 4159 2447 4213 δεῖ
2481 4154 2825 4226 καταγώγιον
2845 4171 2859 4185 ·
2886 4154 3016 4221 τούς
3041 4156 3100 4211 δέ
3149 4156 3288 4227 μετά
3320 4157 3525 4223 ταῦτα,
3561 4154 3782 4209 ἀκούειν

2096 4247 2167 4302 τά
2213 4245 2282 4299 σά
2314 4261 2329 4275 ο
2367 4243 2569 4315 πολλὴν
2616 4241 2726 4312 7&9
2770 4237 2923 4312 οἶμαι
2973 4241 3144 4312 ῥοπὴν
3178 4240 3435 4312 παρέξειν
3455 4239 3594 4310 πρὸς
3620 4239 3783 4293 τοῦτο

2096 4331 2194 4403 τὴν
2219 4329 2469 4401 διήγησιν
2499 4327 2657 4399 μόνον
2688 4338 2728 4365 ω
2747 4324 2842 4379 τοῦ
2893 4323 3008 4395 βίου
3046 4324 3139 4379 τοῦ
3175 4324 3294 4383 σοῦ.
3332 4323 3425 4377 Διὸ
3466 4323 3660 4394 δέομαι
3684 4331 3782 4382 καὶ

2098 4409 2405 4484 παρακαλῶ
2450 4410 2548 4482 τὴν
2573 4408 2808 4481 ἀμοιϐὴν
2841 4408 2974 4479 ἡμῖν
3014 4408 3271 4461 ἀποτῖσαι
3311 4407 3520 4474 λοιπὸν,
3555 4409 3782 4474 καὶτὰς

2099 4498 2266 4568 εὐχὰς
2308 4494 2616 4550 ἀντιδοῦναι
2659 4493 2761 4557 τὰς
2794 4492 2928 4558 σάς,
2965 4492 3107 4546 ὥστε
3152 4492 3228 4565 μὴ
3277 4491 3462 4561 λέγειν
3499 4493 3631 4566 περὶ
3676 4512 3782 4548 κα-

2098 4580 2374 4646 τανύξεως
2416 4579 2596 4651 μόνον,
2641 4577 2781 4633 ἀλλά
2826 4580 2921 4633 καὶ
2962 4578 3051 4632 διά
3089 4579 3197 4632 τῶν
3238 4579 3419 4651 ἔργων
3444 4580 3509 4633 τὸ
3545 4582 3782 4650 πρᾶγμα

2100 4663 2506 4719 ἐπιδείκνυσθαι
2554 4663 2715 4717 τοῦτο
2766 4679 2781 4694 ο
2829 4663 3015 4735 ἐπειδὴ
3068 4663 3131 4717 τὸ
3174 4664 3452 4718 διδάσκειν
3501 4664 3632 4718 ἄνευ
3684 4663 3780 4717 τοῦ

2102 4749 2372 4813 ποιεῖν,οὐ
2403 4749 2562 4820 μόνον
2591 4747 2783 4818 κέρδος
2823 4747 2998 4811 οὐδὲν,
3032 4748 3168 4802 ἀλλά
3209 4750 3304 4802 καὶ
3346 4748 3553 4819 ζημίαν
3578 4748 3783 4821 πολλὴν

2102 4835 2197 4890 καὶ
2224 4833 2551 4905 κατάκρισιν
2573 4832 2728 4904 φέρει
2749 4831 2829 4903 τῷ
2856 4832 2995 4902 μετά
3012 4831 3277 4905 τοσαύτης
3299 4833 3631 4903 ἀπροσεξίας
3652 4832 3784 4886 διοι-

2101 4916 2286 4973 κοῦντι
2323 4916 2416 4971 τὸν
2456 4917 2571 4988 βίον
2620 4916 2713 4970 τὸν
2754 4915 2971 4970 ἑαυτοῦ.
3010 4926 3039 4955 ιι
3075 4918 3157 4971 Οὐ
3198 4916 3309 4988 γάρ
3351 4914 3494 4983 πᾶς,
3527 4917 3716 4986 φησὶν,
3749 4921 3784 4971 ό

2099 5001 2297 5071 λέγων
2319 5018 2442 5071 μοι,
2470 5002 2667 5069 Κύριε,
2706 5001 2907 5069 Κύριε,
2947 5001 3095 5055 ἀλλ’
3124 4999 3194 5067 ὃς
3223 4999 3277 5054 δ’
3306 4999 3385 5054 ἂν
3424 5000 3655 5072 ποιήσῃ
3681 5002 3782 5055 καὶ

2101 5084 2338 5155 διδάξῃ,
2387 5081 2565 5151 Οὗτος
2600 5083 2791 5156 μέγας
2842 5084 3212 5154 κληθήσεται
3264 5084 3336 5160 ἐρ’
3367 5083 3444 5153 τῇ
3485 5085 3785 5155 βασιλείᾳ

2102 5170 2225 5225 τῶν
2250 5169 2540 5239 οὐρανῶν.

2163 5305 2423 5383 δ’Τούτοις
2462 5306 2610 5383 ὰεεςι
2647 5309 2700 5383 i_n
2740 5306 2960 5358 Colbert.
3005 5305 3060 5355 ln
3105 5306 3284 5357 eodem
3324 5305 3443 5356 infra
3494 5308 3625 5366 1:63;;
3669 5315 3785 5369 post

2104 5370 2221 5434 φησί
2243 5371 2508 5430 repetitum
2531 5370 2694 5417 deest.

2104 5497 2142 5501 __
2170 5433 2188 5470 ι
2239 5430 2421 5501 Ἐειεῖνο
2442 5437 2566 5501 post.
2593 5429 2959 5501 nopAQeegtuin
3002 5430 3175 5480 Morel.
3222 5432 3347 5481 solo.
3392 5430 3518 5479 Infra
3543 5440 3654 5492 post
3695 5427 3786 5479 τοῦ

2102 5492 2513 5557 Χριστοῦ,γιιιυμινιο
2536 5492 2721 5541 desunt
2742 5493 2791 5541 in
2813 5493 2951 5545 Colb.
2973 5555 2981 5557 Α
3242 5542 3249 5547 .

2172 5556 2187 5605 J'
2222 5554 2823 5619 Savi|.,7diveljso_sensu,
2867 5555 3181 5619 maiapgaw,
3221 5556 3302 5603 καὶ
3340 5557 3435 5603 τῶν
3456 5557 3788 5619 προκειμένων

2104 5619 2293 5682 ἀγαθῶν
2310 5617 2524 5679 γενέσθαι
2546 5616 2700 5675 ἐκτὸς,
2722 5618 2880 5674 πάσης
2898 5618 3003 5665 κολ.
3026 5616 3168 5667 Enrr.

2169 5678 2195 5718 ι
2225 5680 2357 5727 Idem
2383 5679 2584 5728 coniicit
2603 5677 2751 5727 αὐτοῦ
2773 5678 2960 5727 τούτου.
2989 5678 3126 5728 Ευιτ.

2174 5693 2195 5718 ι
2226 5693 2357 5727 metu
2383 5693 2584 5737 εοιψοιι
2603 5695 2751 5727 αυτου
2773 5695 2960 5727 τουτου.
2989 5693 3126 5728 non.

2174 5739 2189 5778 ι
2217 5741 2355 5789 Colb.
2380 5746 2537 5804 μῆκος
2552 5740 2687 5804 ἡμῖνμ
2704 5741 2903 5804 ἐκθεῖναι
2925 5741 3007 5804 τὸν
3024 5741 3179 5801 λόγον’
3224 5741 3327 5788 ἀλλ’
3363 5742 3599 5797 ὑπακοῆς,
3623 5745 3791 5804 χρείας

2110 5807 2280 5873 ἕνεκεν-
2304 5800 2448 5873 [ῆι-ιι.
2460 5800 2906 5873 ἱᾱθιηέτοῦιδέοντος
2923 5800 3285 5873 ἀναγέγραπται.

2170 5866 2209 5892 ιη
2234 5863 2367 5910 ίῖοιι).
2392 5864 2554 5924 μόνην,
2582 5863 2731 5911 εωῑι.
2757 5870 2811 5909 et
2835 5864 3005 5911 Morel.
3034 5863 3189 5924 μόνον.

2176 5928 2201 5955 ι’
2226 5924 2296 5973 Οὐ
2318 5925 2405 5987 γὰρ
2430 5930 2538 5985 πᾶς,
2560 5933 2657 5975 εις.
2686 5924 2800 5975 Ha-c
2826 5938 2995 5988 usque
3007 5928 3063 5975 ad
3086 5927 3231 5975 linem
3258 5924 3435 5975 desunl
3458 5926 3507 5974 in
3528 5924 3655 5980 Colb
