4116 6392
576 373 675 430 ιυθ

570 491 849 560 plurimam
865 498 1113 546 exercent
1134 505 1149 543 :
1169 503 1230 544 ac
1254 488 1377 543 licet
1403 489 1570 543 aliena
1589 501 1777 557 rapere
1792 485 2015 549 soleant,
2036 499 2129 537 sua

573 593 695 634 tunc
729 580 931 649 placide
956 582 1248 650 largiuntur
1274 597 1289 635 :
1319 579 1525 636 etiamsi
1546 578 1662 648 quis
1691 592 1876 632 eorum
1904 576 2057 629 bonis
2081 582 2135 628 et

573 671 750 725 domui
792 673 885 726 toti
918 672 1089 741 ignem
1116 672 1378 742 subjicere
1403 671 1549 735 velit,
1582 685 1686 723 non
1709 675 2128 724 commoventur.

568 760 758 815 Multos
804 777 902 831 ego
950 764 1073 816 novi
1124 772 1243 832 post
1296 762 1688 817 carissimorum
1752 760 2129 824 amissionem,

567 858 748 911 relicta
793 860 927 931 urbe
965 861 1184 930 ejusque
1232 858 1543 923 commodis,
1570 859 1623 911 in
1669 870 1796 927 agro
1844 854 1997 909 sedes
2038 868 2132 923 po-

567 956 737 1008 suisse
757 997 770 1018 ,
805 955 1040 1025 aliosque
1068 968 1230 1023 prope
1255 951 1624 1007 defunctorum
1666 947 1945 1018 sepulchra
1987 956 2129 1000 stru—

567 1048 667 1101 clis
689 1047 917 1111 a-dibus,
948 1047 1016 1101 ibi
1058 1047 1219 1100 vitam
1260 1045 1535 1100 clausisse.
1567 1042 1758 1096 Verum
1784 1040 1851 1094 de
1877 1040 1959 1094 his
1978 1040 2127 1093 alias.

566 1138 733 1193 Porro
775 1140 944 1193 donec
988 1141 1160 1194 luctus
1204 1135 1662 1207 perseveraverit,
1697 1133 1835 1187 nulla
1884 1133 2011 1201 ipsis
2048 1141 2131 1186 est

563 1230 905 1301 prmsentium
953 1230 970 1261 ¹
1003 1230 1174 1295 ratio;
1226 1244 1408 1282 verum
1465 1228 1699 1280 insanam
1754 1225 1894 1278 illam
1936 1224 2129 1278 sollici-

565 1320 800 1373 tudinem
825 1361 840 1383 ,
867 1335 1022 1389 quam
1053 1318 1119 1373 de
1144 1316 1414 1372 servandis
1442 1326 1496 1372 et
1522 1315 1828 1385 colligendis
1865 1314 2123 1386 pecuniis,

564 1410 630 1465 de
650 1410 963 1479 acquirenda
992 1410 1224 1479 potentia
1251 1419 1303 1463 et
1327 1409 1491 1478 gloria
1537 1407 1674 1477 apud
1711 1406 2123 1472 multitudinem,

563 1517 658 1556 ceu
681 1502 940 1571 quoddam
992 1504 1188 1557 faenum
1219 1512 1306 1554 aut
1338 1502 1457 1555 [mni
1505 1499 1687 1553 florem
1736 1499 1981 1554 mmroris
2008 1500 2125 1567 igne

562 1593 937 1647 comburentes
961 1634 975 1658 ,
1007 1594 1073 1647 ab
1100 1594 1278 1646 animo
1320 1608 1417 1645 suo
1458 1592 1769 1661 repudiant;
1801 1592 1852 1644 in
1897 1600 2126 1644 tantam-

561 1702 664 1755 que
694 1695 819 1739 tune
848 1685 1233 1755 philosophiam
1285 1700 1434 1739 mens
1458 1700 1640 1738 eorum
1667 1699 1725 1738 se
1752 1682 2037 1745 transfert,
2066 1690 2127 1736 ut

562 1778 628 1833 de
654 1781 774 1833 vita:
819 1779 1173 1848 voluptatibus
1207 1792 1273 1831 ne
1300 1777 1458 1831 verba
1494 1777 1706 1846 quidem
1744 1776 1915 1829 facere
1939 1789 2124 1845 quem-

561 1870 700 1939 piam
751 1870 1050 1938 patiantur;
1090 1868 1184 1923 sed
1227 1867 1401 1922 omnia
1426 1908 1441 1931 ,
1472 1883 1588 1936 qua:
1632 1867 1683 1920 in
1719 1865 1922 1920 deliciis
1968 1875 2123 1919 antea

560 1970 746 2024 erant,
792 1960 974 2014 odiosa
1019 1968 1143 2013 tunc
1194 1967 1248 2011 et
1291 1958 1479 2012 acerba
1507 1956 1784 2011 videantur
1814 1973 1826 2008 :
1860 1970 2122 2023 nemoque

564 2063 686 2107 tunc
739 2054 850 2108 sive
888 2052 1319 2115 domesticorum,
1352 2051 1463 2104 sive
1508 2050 1801 2104 amicorum
1850 2047 1919 2104 de
1963 2049 2121 2103 rebus

561 2145 718 2213 hujus
746 2143 947 2206 mundi,
972 2144 1056 2198 vel
1090 2142 1376 2197 admodum
1403 2142 1729 2210 urgentibus,
1752 2155 1935 2195 vocem
1962 2141 2121 2193 emit-

557 2242 668 2287 tere
696 2233 917 2298 audeat;
947 2232 1039 2286 sed
1067 2232 1241 2285 omnia
1268 2231 1627 2298 repudiantur,
1658 2239 1711 2285 et
1737 2228 2119 2299 philosophicis

555 2327 887 2380 sermonibus
914 2326 1108 2381 cedunt
1131 2344 1144 2379 :
1167 2325 1442 2394 animaque
1471 2335 1594 2378 tunc
1612 2366 1627 2389 ,
1657 2323 1911 2394 magistro
1937 2323 2078 2378 luctu
2100 2365 2115 2388 ,

553 2433 650 2471 ceu
684 2417 734 2470 in
767 2431 919 2471 sacro
944 2416 1173 2485 quodam
1215 2416 1333 2469 loco
1376 2414 1595 2470 docetur
1632 2416 1875 2468 humana:
1916 2423 2118 2468 naturas

552 2508 804 2563 vilitatem
830 2549 846 2575 ,
874 2509 1150 2579 prtesentis
1185 2508 1365 2563 sreculi
1408 2508 1717 2562 brevitatem
1738 2549 1751 2572 ,
1783 2507 2114 2561 saecularium

552 2618 728 2655 rerum
769 2602 1261 2670 corruptibilitatcm
1315 2612 1368 2657 et
1412 2601 1845 2668 instabilitatem,
1892 2617 2065 2656 scena-
2093 2603 2114 2633 ²

551 2707 725 2745 rerum
749 2708 867 2760 qua:
903 2702 1159 2761 geruntur
1188 2692 1538 2746 histrioniam.
1582 2692 1729 2747 Tunc
1774 2708 1993 2762 magnus
2020 2708 2112 2761 pe-

550 2783 826 2836 cuniarum
875 2792 1246 2851 contemptus,
1284 2783 1363 2838 ira
1414 2784 1649 2851 tollitur,
1680 2784 1897 2838 ambitio
1938 2785 2116 2854 despi-

549 2874 687 2927 citur
717 2892 731 2928 :
763 2889 861 2928 nec
885 2874 1019 2928 livor
1041 2891 1300 2944 occupare
1323 2916 1338 2940 ,
1370 2891 1468 2929 nec
1510 2877 1809 2947 arrogantia
1834 2878 1967 2931 ultra
1994 2894 2112 2933 mo-

547 2966 671 3020 dum
702 2968 965 3023 extollere
989 2977 1161 3038 potest
1210 2985 1330 3023 emn
1351 3010 1365 3033 ,
1391 2970 1479 3040 qui
1520 2969 1664 3024 luctu
1692 2972 1936 3026 atteritur
1962 2991 1975 3026 :
2006 2988 2111 3027 non

547 3058 967 3126 concupiscentia
996 3060 1244 3114 lascivum
1286 3060 1553 3126 incendit;
1584 3061 1678 3117 sed
1727 3062 1828 3117 illis
1867 3064 2111 3120 omnibus

546 3148 740 3220 fugatis
763 3194 777 3217 ,
824 3167 924 3205 una
963 3153 1135 3207 solum
1181 3155 1427 3224 cogitatio
1458 3155 1692 3220 obtinet,
1722 3171 1840 3224 quae
1877 3156 2109 3213 delbncti

545 3242 827 3313 imaginem
882 3245 1241 3301 indesinenter
1290 3248 1445 3302 offert
1492 3266 1504 3302 :
1552 3249 1653 3303 hoc
1696 3250 1875 3311 cibus,
1908 3261 2064 3320 potus
2092 3294 2106 3317 ,

544 3347 759 3387 somnus
783 3374 797 3398 ,
825 3335 1069 3403 voluptas
1094 3376 1109 3401 ,
1166 3337 1374 3405 requies
1398 3379 1412 3402 ,
1445 3339 1737 3393 consolatio
1776 3340 1977 3397 multa:
2009 3341 2109 3399 hoc

542 3423 707 3493 gloria
733 3465 749 3490 ,
781 3424 976 3479 divitiae
996 3467 1009 3490 ,
1040 3428 1270 3495 potentia
1294 3469 1307 3491 ,
1342 3428 1603 3497 voluptas.

570 3556 574 3562 .
614 3515 699 3570 10.
741 3517 827 3571 Sic
854 3532 949 3570 nos
986 3526 1253 3586 oporteret
1283 3519 1528 3573 amissam
1573 3520 1753 3590 lugere
1778 3523 2000 3576 salutem
2041 3538 2107 3577 ne

540 3606 664 3674 quid
706 3608 930 3676 amplius
956 3607 1126 3661 dicam
1159 3608 1466 3665 :dcsilcrio
1515 3611 1605 3663 illo
1637 3621 1784 3665 tanto
1830 3624 1883 3666 et
1915 3614 2107 3667 alacri-

540 3705 647 3750 tate
690 3712 820 3766 opus
874 3708 1015 3751 esset
1042 3686 1288 3753 a'omnes
1315 3700 1524 3754 oculum
1566 3704 1756 3756 mentis
1798 3702 1925 3757 illuc
1972 3702 2104 3757 diri-

539 3802 698 3854 gere,
731 3787 950 3857 ejusque
990 3791 1297 3844 memoriam
1342 3800 1395 3844 et
1439 3791 1661 3845 formam
1707 3795 1943 3848 omnium
1986 3795 2105 3850 loco

538 3877 689 3931 nobis
712 3893 846 3931 esse.
871 3879 1019 3933 Nunc
1042 3889 1215 3935 autem
1238 3881 1325 3951 qui
1352 3883 1488 3936 ﬁlios
1505 3894 1557 3938 et
1577 3899 1770 3940 uxores
1789 3888 2099 3955 amiserunt,

538 3965 666 4018 nihil
711 3967 850 4020 aliud
891 3968 941 4020 in
994 3979 1172 4024 mente
1221 3982 1468 4037 versant,
1499 3990 1655 4044 quam
1703 3985 1761 4031 ut
1802 3964 2101 4035 ablatorum

537 4054 791 4125 imagines
838 4058 938 4111 sibi
980 4062 1281 4130 contingant
1310 4081 1322 4114 :
1352 4079 1451 4117 nos
1488 4076 1698 4135 autem,
1744 4071 1830 4139 qui
1882 4087 2100 4141 regnum

536 4148 785 4201 cmlorum
817 4148 1140 4217 perdidimus
1174 4192 1188 4215 ,
1219 4154 1393 4207 omnia
1435 4156 1607 4224 potius
1630 4199 1646 4224 ,
1674 4175 1829 4228 quam
1857 4162 1984 4215 illud
2011 4179 2101 4219 co-

536 4237 783 4304 gitamus.
813 4240 888 4292 Ac
916 4240 1122 4294 illorum
1150 4243 1362 4312 quidem
1391 4261 1547 4301 nemo
1586 4250 1684 4302 etsi
1746 4251 1893 4324 regio
1915 4255 2095 4328 sitge-

538 4343 692 4392 uere,
723 4329 788 4383 dc
828 4331 969 4385 luctu
1012 4334 1166 4386 solito
1201 4336 1513 4402 erubescet;
1546 4338 1639 4393 sed
1667 4339 1812 4395 humi
1852 4342 2057 4397 sedebit
2080 4386 2095 4408 ,

534 4417 722 4471 acerbe
752 4418 982 4487 lugebit,
1017 4432 1214 4476 vestem
1241 4425 1461 4479 mutabit
1488 4468 1501 4488 ,
1524 4429 1730 4498 aliaque
1756 4432 1956 4499 omnia,
1982 4448 2099 4503 quae

534 4506 834 4575 hujnsmodi
858 4514 1146 4566 cruciatum
1177 4517 1517 4584 comitantur,
1546 4536 1735 4591 magna
1762 4538 1882 4577 cum
1911 4525 2099 4580 alacri-

534 4606 640 4651 tate
667 4599 798 4654 feret
828 4619 842 4656 :
874 4619 977 4657 non
1008 4606 1255 4674 cogitabit
1282 4608 1348 4662 de
1387 4611 1698 4668 educatione
1718 4657 1732 4680 ,
1763 4616 1830 4671 de
1859 4621 2098 4687 corporis

533 4685 732 4754 habitu,
758 4692 947 4746 nonde
970 4695 1172 4750 morbis
1197 4698 1287 4766 qui
1317 4698 1383 4752 ab
1411 4700 1671 4769 ejusmodi
1691 4685 2098 4765 (erumnis—acci-

532 4776 660 4831 dere
687 4792 940 4848 possunt,
973 4785 1065 4837 sed
1108 4788 1280 4857 omnia
1328 4789 1609 4845 admodum
1654 4792 1807 4850 facile
1846 4796 1999 4852 feret.
2032 4800 2097 4854 Et

532 4867 645 4923 haec
674 4886 776 4925 non
804 4874 960 4927 modo
987 4876 1102 4940 viri,
1134 4879 1224 4932 sed
1253 4881 1408 4934 etiam
1437 4885 1815 4951 mulieres,ctsi
1839 4891 1991 4947 valde
2011 4894 2092 4948 in-

532 4962 717 5023 hrmze.
742 4966 1011 5032 exhibent,
1036 4970 1221 5040 hisque
1246 4976 1401 5028 etiam
1432 4978 1775 5047 majora.Nos
1802 4993 1977 5039 autem
2005 4989 2093 5055 qui

532 5068 635 5106 non
660 5054 797 5108 ﬁlios
818 5098 832 5121 ,
868 5073 973 5110 non
1007 5076 1197 5115 uxores
1222 5103 1234 5124 ,
1268 5065 1361 5119 sed
1395 5067 1584 5121 anima:
1626 5072 1915 5139 perniciem
1948 5054 2096 5146 luge-

530 5162 667 5209 lllllS,
700 5150 903 5216 anima;
933 5152 1146 5222 inquam
1171 5198 1184 5217 ,
1213 5173 1317 5212 non
1356 5161 1561 5227 alienm,
1591 5164 1683 5218 sed
1725 5177 1941 5233 nostrze,
1969 5186 2092 5225 cor-

530 5238 671 5305 poris
712 5240 1127 5299 imbecillitatem
1182 5249 1445 5317 fingimus,
1474 5256 1748 5325 victusque
1790 5259 2088 5314 mollitiem.

532 5332 700 5399 Atque
745 5333 942 5388 utinam
984 5336 1070 5392 hic
1114 5349 1217 5394 stet
1260 5344 1457 5397 malum
1489 5364 1501 5399 :
1529 5356 1583 5400 at
1629 5364 1697 5402 ne
1745 5349 1831 5403 illa
1879 5353 2090 5421 quidem

591 5483 606 5547 ξ
636 5489 750 5539 Vox,
774 5487 1093 5547 prwsemium,
1119 5488 1262 5540 deest
1284 5492 1332 5540 in
1352 5493 1483 5544 Colb.

588 5545 609 5610 ξ
643 5550 687 5592 In
710 5545 859 5604 Colb.,
884 5545 1263 5610 nwgnw'scenw.

526 5679 571 5716 ω
590 5604 622 5715 ἒ
644 5610 810 5716 mirga,
834 5622 949 5671 opus
963 5604 1101 5675 Esset,
1116 5612 1291 5664 desunt
1312 5614 1361 5665 in
1382 5616 1531 5680 Colb.,
1553 5626 1604 5669 et
1625 5633 1753 5682 mox,
1776 5621 1925 5685 nobis,
1953 5623 2096 5677 deest

624 5684 731 5717 oue:
771 5704 785 5717 ο

1192 5771 1329 5799 κ...

1010 0 3169 27 Ἥ

1448 373 1534 428 DE
1561 364 2101 433 COMPUNCTIONE,
2139 364 2232 420 AD
2271 365 2689 425 DEMETRIUM.
2716 370 2838 425 LIB.
2879 371 2921 427 Ι.

3700 380 3802 435 410

2241 480 2465 537 facimus
2488 525 2502 548 ,
2531 484 2582 539 in
2603 487 2793 556 quibus
2821 488 3059 559 corporis
3086 504 3247 559 opere
3272 506 3376 545 non
3400 506 3636 562 egemus.
3665 492 3803 562 Quid

2238 576 2411 634 enim.
2441 576 2527 631 die
2554 578 2681 633 mihi
2706 620 2720 645 ,
2745 581 2986 650 corporis
3017 582 3218 637 viribus
3264 599 3399 654 opus
3437 596 3518 640 est
3539 627 3553 651 ,
3588 588 3800 655 quando

2237 680 2331 718 cor
2356 675 2633 723 conterere
2658 669 2912 727 debemus
2933 714 2947 738 ,
2980 687 3098 727 cum
3129 675 3314 743 vigiles
3336 676 3538 746 precari
3568 687 3799 747 oportet,

2235 770 2354 811 cum
2381 770 2594 827 peccata
2622 762 2937 831 recogitare,
2970 766 3320 832 arrogantiam
3348 779 3396 821 et
3426 778 3683 823 tumorem
3710 770 3801 823 de-

2236 862 2434 916 ponere
2453 890 2468 915 ,
2501 862 2732 906 mentem
2762 854 3099 923 deprimere?
3129 857 3252 912 llaec
3280 860 3473 927 quippe
3502 872 3657 927 sunt,
3683 878 3801 931 qua:

2236 937 2400 992 Deum
2429 941 2580 995 nobis
2607 943 2844 1011 placant,
2872 959 2971 1000 nec
2996 948 3161 1001 multo
3192 960 3349 1019 egent
3375 951 3573 1006 labore.
3620 952 3801 1019 Neque

2235 1038 2412 1085 tamen
2454 1032 2566 1088 hate
2606 1036 2844 1091 facimus.
2873 1037 3054 1108 Neque
3099 1041 3239 1094 enim
3289 1041 3372 1095 hic
3417 1044 3562 1097 solus
3595 1053 3676 1099 est
3722 1045 3798 1098 lu-

2232 1121 2388 1189 gendi
2411 1123 2616 1188 modus,
2641 1128 2684 1179 si
2712 1142 2865 1181 sacco
2885 1131 3237 1199 accingamur,
3268 1132 3319 1185 in
3349 1135 3669 1189 deiuuncula
3701 1150 3796 1188 nos

2232 1216 2539 1272 claudamus
2564 1260 2578 1283 ,
2610 1220 2693 1274 vel
2718 1221 2767 1275 in
2798 1224 3033 1278 tenebris
3057 1224 3335 1279 sedeamus
3356 1268 3371 1291 ,
3400 1227 3493 1281 sed
3516 1230 3558 1281 si
3587 1228 3799 1285 assidue

2232 1308 2544 1364 memoriam
2571 1310 2881 1366 delictorum
2919 1314 3349 1371 circumferamus
3374 1359 3387 1381 ,
3416 1320 3795 1373 conscientiam

2231 1401 2631 1469 examinemus,
2692 1405 2789 1459 vise
2836 1405 3215 1476 longitudinem
3266 1411 3568 1480 frequenter
3613 1413 3796 1465 metia-

2234 1507 2373 1557 mur,
2396 1505 2647 1563 quantum
2679 1496 2881 1552 scilicet
2908 1513 2937 1551 a
2966 1514 3131 1569 regno
3157 1501 3407 1555 cmlorum
3430 1502 3705 1557 distemus.
3737 1504 3795 1560 Et

2229 1584 2498 1653 quomodo
2515 1627 2530 1651 ,
2557 1586 2791 1656 inquies,
2820 1589 2921 1644 hoc
2946 1590 3059 1645 fieri
3081 1593 3314 1660 poterit?
3340 1594 3452 1659 Qua
3482 1595 3727 1649 ratione?
3751 1595 3795 1649 si

2228 1675 2521 1744 gehennam
2567 1692 2779 1748 semper
2819 1695 2928 1749 prae
2970 1683 3136 1736 oculis
3179 1682 3502 1750 habeamus,
3535 1700 3632 1739 nec
3690 1702 3792 1740 nou

2227 1766 2444 1834 angelos
2468 1767 2662 1838 ubique
2692 1770 2927 1825 locorum
2966 1780 3090 1826 tunc
3115 1773 3502 1838 discurrentes,
3534 1786 3692 1843 atque
3729 1793 3792 1831 ex

2226 1858 2473 1912 universo
2513 1860 2643 1913 orbe
2681 1872 3061 1931 congregantes
3111 1879 3204 1918 eos
3256 1867 3344 1933 qui
3395 1867 3445 1919 in
3495 1868 3791 1935 gehennam

2225 1946 2516 2002 abducendi
2541 1959 2662 2003 sunt
2686 1967 2699 2002 :
2732 1952 2775 2004 si
2796 1953 3089 2021 cogitemus
3111 1954 3269 2008 etiam
3297 1964 3547 2024 quantum
3573 1956 3789 2022 malum,

2223 2037 2463 2105 gehenna
2488 2041 2748 2108 seposita,
2780 2043 2986 2097 excludi
3019 2059 3046 2096 a
3071 2060 3234 2115 regno
3267 2046 3539 2101 caelorum.
3584 2048 3788 2104 Etenim

2224 2133 2429 2185 etiamsi
2472 2134 2613 2189 nulla
2663 2146 2804 2190 esset
2849 2137 2985 2207 ignis
3012 2138 3153 2194 illius
3180 2141 3552 2207 comminatio,
3582 2144 3789 2200 etiamsi

2224 2221 2539 2278 immortalia
2568 2229 2821 2296 supplicia
2852 2245 2956 2284 non
2989 2246 3087 2285 nos
3126 2243 3423 2300 manerent,
3456 2233 3586 2288 illud
3616 2236 3787 2289 solum

2221 2314 2359 2382 quod
2398 2315 2729 2373 abalienandi
2776 2335 3015 2376 essemus
3056 2338 3082 2373 a
3109 2320 3341 2389 Christo,
3371 2334 3647 2379 mansueto
3679 2327 3788 2392 illo,

2220 2415 2274 2460 et
2316 2406 2586 2462 hominum
2640 2421 2913 2478 amatore,
2963 2414 3051 2481 qui
3088 2414 3321 2482 seipsum
3371 2432 3465 2485 pro
3514 2418 3667 2471 nobis
3722 2420 3786 2472 ad

2220 2509 2446 2555 mortem
2476 2502 2708 2567 tradidit,
2737 2512 2792 2557 et
2832 2506 3008 2557 omnia
3041 2521 3226 2574 passus
3252 2516 3352 2571 est,
3386 2516 3443 2561 ut
3480 2524 3579 2563 nos
3603 2510 3670 2563 ab
3696 2511 3786 2564 illo

2219 2593 2477 2660 supplicio
2497 2594 2767 2661 liberaret,
2789 2606 2841 2648 et
2862 2594 3005 2649 Patri
3032 2610 3128 2650 suo
3151 2599 3540 2664 reconciliaret,
3568 2600 3656 2669 qui
3694 2615 3787 2669 per

2217 2683 2411 2738 delicta
2441 2695 2618 2739 nostra
2651 2687 2814 2755 ipsius
2839 2688 3032 2741 inimici
3063 2705 3311 2755 eramus,
3345 2692 3549 2745 etiamsi
3581 2708 3609 2745 a
3634 2692 3785 2747 bonis

2221 2775 2323 2829 illis
2352 2778 2665 2845 pr0positis,
2695 2778 3048 2833 inell‘abilibus
3089 2789 3144 2835 et
3186 2780 3575 2836 immortalibus
3597 2823 3613 2848 ,
3644 2784 3785 2836 ωιςί-

2216 2865 2345 2920 dere
2393 2882 2499 2921 non
2552 2868 2905 2935 deberemus;
2939 2871 3063 2924 illud
3085 2913 3100 2937 ,
3130 2874 3341 2941 inquam
3366 2915 3381 2940 ,
3411 2875 3583 2928 solum
3640 2876 3783 2930 omni

2216 2956 2477 3025 supplicio
2499 2959 2668 3027 majus
2683 2971 2781 3024 est,
2809 2960 3105 3029 suflicitque
3131 2962 3195 3015 ad
3216 2963 3550 3017 excitandum
3579 2966 3784 3019 animas

2216 3057 2448 3113 nostras,
2479 3058 2532 3101 et
2561 3049 2981 3118 persuadendum
3028 3061 3082 3105 ut
3112 3066 3324 3120 semper
3370 3054 3602 3123 vigilent.
3648 3054 3780 3108 Nam

2213 3139 2259 3193 si
2302 3139 2383 3194 vel
2426 3154 2547 3193 cum
2598 3140 2825 3209 legimus
2862 3141 3163 3212 exemplum
3208 3144 3439 3212 quinque
3484 3145 3777 3213 virginum,

2212 3245 2343 3299 quas
2372 3231 2473 3284 olei
2509 3231 2723 3297 penuria
2751 3240 2898 3286 extra
2924 3233 3101 3301 sponsi
3130 3232 3427 3287 cubiculum
3449 3235 3690 3299 exclusit,
3712 3235 3781 3289 de

2214 3322 2425 3375 illarum
2457 3322 2747 3376 infortunio
2774 3322 2990 3391 perinde
3018 3333 3177 3393 atque
3209 3325 3311 3378 illa:
3338 3324 3578 3379 dolemus
3620 3335 3780 3395 atque

2213 3414 2525 3475 turbamur;
2578 3414 2620 3468 si
2676 3414 2971 3483 cogitemus
3025 3428 3121 3467 nos
3172 3413 3317 3483 ipsos
3368 3416 3437 3469 ob
3498 3417 3776 3485 segnitiem

2211 3514 2444 3559 nostram
2477 3504 2702 3574 idipsum
2726 3519 2974 3574 passuros
3000 3518 3136 3569 esse,
3170 3506 3287 3574 quis
3313 3506 3382 3559 ita
3409 3506 3644 3575 lapideus
3672 3507 3777 3561 erit

2209 3605 2291 3663 ut,
2318 3596 2490 3650 anima
2519 3611 2731 3664 semper
2761 3596 2861 3650 hoc
2904 3597 3146 3665 exemplo
3185 3598 3475 3662 concitata,
3507 3598 3558 3651 in
3603 3599 3773 3669 negli-

2184 3688 2440 3756 gentiam
2495 3688 2689 3741 eadat‘!
2734 3687 3043 3743 Poteramus
3071 3687 3284 3756 quidem
3314 3703 3615 3744 sermonem
3654 3692 3774 3745 lon-

2206 3781 2325 3850 gius
2360 3779 2684 3849 producere,
2717 3778 2809 3833 sed
2838 3780 2959 3848 quia
2990 3778 3302 3833 obedientiaz
3348 3782 3513 3850 gratia
3556 3782 3727 3836 solum
3756 3824 3773 3849 ,

2206 3878 2258 3925 et
2287 3884 2389 3921 non
2412 3870 2511 3921 alia
2528 3868 2595 3922 de
2623 3883 2780 3921 causa
2804 3868 2915 3921 haec
2930 3883 2960 3921 a
2984 3868 3135 3922 nobis
3152 3869 3288 3922 dicta
3310 3881 3453 3935 sunt,
3479 3871 3597 3939 plus
3617 3888 3773 3941 quam

2207 3958 2337 4014 satis
2365 3968 2539 4013 erunt.
2571 3958 2701 4011 Nam
2734 3959 2895 4027 probe
2924 3960 3045 4012 novi
3078 3966 3128 4013 te
3156 3960 3579 4027 compunctionis
3608 3963 3773 4015 virtu-

2205 4060 2311 4105 tem
2348 4047 2580 4119 perfecte
2614 4058 2796 4104 tenere
2819 4089 2834 4114 ,
2864 4058 2918 4104 et
2951 4050 3067 4103 aliis
3095 4065 3210 4103 eam
3240 4064 3395 4119 posse
3416 4052 3497 4105 vel
3528 4053 3772 4107 silentem

2207 4144 2438 4206 tradere,
2466 4143 2509 4195 si
2532 4143 2731 4197 vellent
2758 4151 2959 4196 tantum
2986 4142 3051 4196 ad
3082 4144 3243 4196 breve
3282 4153 3486 4212 tempus
3511 4161 3631 4199 cum
3666 4148 3775 4214 pie-

2205 4242 2311 4287 tate
2360 4242 2447 4287 tua
2491 4233 2700 4296 vivere,
2731 4233 2996 4301 vitamque
3024 4233 3163 4286 illam
3216 4233 3520 4288 crucilixam
3568 4236 3768 4291 videre.

2204 4325 2276 4378 lta
2306 4334 2362 4379 ut
2381 4366 2395 4390 ,
2423 4340 2465 4378 SI
2500 4326 2660 4379 Velinl
2687 4326 2751 4387 ii,
2779 4326 2865 4395 qui
2898 4340 3037 4379 nunc
3065 4327 3249 4379 vivunt
3270 4367 3284 4389 ,
3311 4328 3770 4395 compunctioncm

2200 4414 2472 4483 ediscere,
2531 4415 2598 4469 ad
2648 4416 2999 4470 habitaculum
3045 4424 3192 4470 tuum
3241 4431 3298 4470 se
3327 4416 3634 4482 conferant;
3682 4423 3772 4489 qui

2201 4523 2328 4563 vero
2369 4517 2490 4577 post
2527 4507 2688 4561 futuri
2720 4516 2875 4574 sunt,
2905 4516 3051 4576 gesta
3084 4516 3170 4561 tua
3209 4508 3452 4575 audiant,
3485 4520 3727 4577 eporteat
3754 4528 3769 4565 :

2202 4615 2444 4668 magnam
2501 4600 2640 4653 enim
2700 4598 2765 4651 ad
2823 4598 2873 4651 id
2914 4612 3069 4667 Opem
3124 4598 3401 4651 allaturam
3470 4614 3589 4653 esse
3645 4610 3773 4668 puto

2201 4693 2283 4745 vel
2323 4692 2443 4746 vita:
2491 4700 2595 4745 tua:
2653 4693 3031 4746 narrationem.
3078 4692 3431 4758 Quamobrem
3459 4734 3473 4759 ,
3517 4692 3766 4759 obsecro,

2200 4785 2345 4837 vices
2400 4781 2529 4836 mihi
2589 4783 2887 4852 rependas,
2939 4799 3228 4853 precesque
3288 4794 3403 4840 tuas
3454 4788 3508 4843 in
3569 4800 3773 4845 nterce-

2199 4874 2320 4929 dem
2366 4875 2599 4940 tribuas;
2633 4877 2701 4930 ita
2744 4885 2803 4931 ut
2830 4892 2934 4931 non
2988 4878 3146 4932 modo
3174 4880 3243 4933 de
3270 4884 3673 4951 compunctione
3697 4886 3772 4936 lo-

2199 4981 2352 5034 quar,
2381 4966 2475 5020 sed
2501 4976 2553 5020 et
2575 4982 2685 5021 rem
2728 4968 2895 5036 ipsam
2928 4970 3177 5037 operibus
3200 4970 3501 5027 exhibeam.
3524 4974 3770 5039 Quando-

2200 5056 2412 5125 quidem
2441 5056 2682 5111 doctrina
2709 5059 2824 5114 sine
2844 5075 3005 5128 opere
3033 5076 3137 5115 non
3161 5062 3318 5116 modo
3341 5064 3472 5117 nihil
3498 5065 3652 5131 lucri,
3676 5066 3771 5120 sed

2200 5150 2357 5203 etiam
2390 5150 2762 5205 detrimentum
2807 5168 3053 5222 magnum
3082 5163 3135 5208 et
3162 5156 3660 5211 condemnationem
3687 5158 3768 5212 af-

2205 5240 2304 5295 fert
2328 5243 2375 5295 ei
2398 5283 2412 5307 ,
2446 5243 2532 5311 qui
2558 5258 2676 5297 cum
2709 5252 2852 5298 tanta
2880 5245 3122 5299 socordia
3150 5246 3310 5300 vitam
3341 5248 3552 5301 ordinat
3592 5264 3766 5302 suam.

2206 5331 2222 5362 ⁸
2264 5330 2384 5384 Non
2411 5333 2565 5397 enim,
2616 5333 2817 5403 inquit,
2854 5336 3014 5389 omnis
3056 5337 3139 5407 qui
3174 5337 3295 5390 dicit
3323 5340 3481 5404 mihi,
3509 5338 3765 5407 Domine,

2206 5422 2422 5476 Domine
2445 5464 2458 5487 ,
2487 5426 2573 5476 sed
2600 5426 2682 5493 qui
2714 5426 2877 5479 fecerit
2906 5436 2950 5481 et
2976 5428 3199 5481 docuerit
3217 5471 3231 5493 ,
3262 5430 3343 5484 hic
3378 5448 3591 5501 magnus
3617 5448 3766 5487 voca-

2208 5512 2340 5567 bitur
2368 5515 2419 5567 in
2446 5532 2597 5585 regno
2627 5517 2863 5571 ca’larum
2889 5518 3094 5591 (Matth.
3116 5524 3269 5580 7.21.
3287 5532 3340 5581 et
3364 5523 3416 5579 5.
3439 5523 3556 5593 19).

2266 5686 2282 5716 ί
2319 5690 2425 5733 Ilzec
2449 5694 2601 5748 usque
2621 5682 2676 5732 ad
2700 5681 2844 5733 [luem
2866 5681 3043 5734 desunt
3064 5684 3112 5735 in
3133 5682 3270 5736 savil.
