4116 6392
322 277 420 335 ιιι

328 407 1806 437 Wﬁ—

1056 276 1115 335 S.
1152 277 1428 336 JOANNIS
1462 279 1934 337 CHliYSOSTOMI
1972 279 2285 336 ARClliEP.
2325 281 2855 341 CONSTANTINOP.

1104 491 1381 632 AD
1485 486 2812 677 STELECHIUM,

3456 286 3560 343 ιιε

3366 419 3552 433 ψ

1470 712 1575 774 ET
1615 712 1722 773 DE
1762 710 2325 774 COMPUNCTION
2341 711 2419 785 E,

1188 857 1667 967 LIBER
1745 832 2547 966 SECUNDUS
2593 860 2667 963 ⁸.

1696 1061 2173 1142 μου...

384 1250 438 1306 1.
476 1247 544 1303 Et
570 1242 836 1316 quomodo
859 1241 975 1298 ﬁeri
1006 1241 1190 1312 passit,
1221 1247 1402 1294 sancte
1429 1237 1524 1292 Dei
1549 1235 1730 1300 homo,
1757 1231 1879 1287 Ste-

314 1341 471 1404 lechi,
498 1337 637 1410 quod
663 1336 913 1405 imperas,
942 1342 999 1388 ut
1019 1332 1087 1386 ab
1106 1332 1279 1386 anima
1301 1331 1371 1384 ita
1393 1328 1597 1383 inlirma
1623 1334 1678 1382 et
1697 1324 1883 1396 l’rigida

313 1431 381 1486 de
408 1426 813 1497 compunctione
840 1437 1112 1479 sermones
1140 1419 1401 1477 edantur?
1429 1419 1561 1473 Puto
1587 1417 1727 1472 enim
1748 1431 1882 1487 opus

312 1539 432 1578 esse
447 1537 588 1589 eum,
605 1520 696 1591 qui
726 1520 776 1574 in
800 1518 900 1573 hac
922 1517 1142 1572 materia
1166 1514 1361 1585 aliquid
1379 1514 1502 1569 boni
1521 1512 1760 1568 dicturus
1775 1519 1877 1578 est,

312 1629 423 1684 prie
464 1613 709 1666 omnibus
746 1609 865 1664 aliis
905 1607 1007 1662 hoc
1045 1606 1219 1661 studio
1248 1607 1269 1638 ³
1300 1606 1504 1658 fervere
1537 1611 1589 1657 ct
1630 1600 1879 1667 incendi,

312 1705 385 1759 ita
412 1712 468 1757 ut
488 1701 647 1757 verba
665 1717 781 1771 qua:
803 1700 1076 1769 proferunt
1093 1696 1338 1752 candenti
1360 1694 1500 1750 ferro
1516 1693 1882 1749 vehementius

313 1799 364 1852 in
396 1796 693 1850 auditorum
734 1793 939 1846 animos
985 1789 1217 1844 incidere
1258 1788 1485 1842 valeant.
1512 1785 1676 1841 Nobis
1703 1794 1880 1839 autem

313 1888 450 1957 ignis
478 1882 774 1954 hujusmodi
807 1898 910 1935 non
950 1881 1138 1942 adest,
1170 1878 1265 1934 sed
1295 1878 1470 1932 omnia
1500 1878 1753 1932 interiora
1782 1890 1880 1930 no-

312 1989 419 2030 stra
457 1983 581 2028 sunt
616 1974 749 2027 cinis
777 1980 832 2026 et
863 1970 1052 2041 pulvis.
1085 1967 1359 2024 Undenam
1384 2009 1398 2032 ,
1431 1966 1516 2022 dic
1549 1966 1714 2030 mihi,
1744 1964 1883 2020 unde

315 2069 582 2122 llanmtam
602 2063 952 2119 accendamus
974 2063 1137 2122 illam,
1156 2075 1277 2114 cum
1293 2074 1463 2129 neque
1483 2057 1706 2112 scintilla
1723 2055 1879 2122 adsit,

315 2175 487 2228 neque
522 2158 660 2228 ligna
686 2155 992 2225 subjaceant
1014 2194 1030 2219 ,
1062 2168 1232 2222 neque
1257 2151 1473 2221 spiritus
1496 2150 1562 2205 ad
1590 2150 1731 2204 illam
1761 2163 1883 2218 per-

314 2249 536 2304 llandam
550 2246 815 2305 adveniat.
830 2244 897 2298 ob
907 2241 1181 2313 caliginem
1194 2241 1216 2272 ³
1227 2256 1347 2296 nem
1356 2241 1572 2310 pelllam
1592 2240 1880 2310 ingentem,

311 2356 469 2410 quam
509 2340 588 2393 vis
632 2347 970 2407 peccatorum
1010 2335 1201 2387 animm
1241 2328 1436 2386 nostra:
1467 2330 1745 2386 obtendit?
1769 2330 1882 2401 Ego

312 2433 525 2502 quidem
556 2445 659 2484 non
689 2428 831 2493 novi,
862 2425 954 2479 sed
985 2433 1130 2479 tuutn
1161 2432 1244 2477 est
1270 2422 1467 2488 dicere,
1496 2421 1585 2491 qui
1611 2421 1840 2490 imperas
1862 2461 1878 2487 ,

313 2539 419 2595 quo
441 2531 592 2592 pacto
608 2521 812 2590 jussum
836 2529 980 2571 tuum
1004 2517 1054 2570 in
1072 2529 1204 2585 opus
1225 2512 1495 2584 procedat,
1515 2520 1569 2567 et
1587 2526 1884 2582 congruen-

314 2624 418 2670 tem
451 2615 608 2667 linem
638 2619 967 2679 assequatur.
1002 2607 1109 2662 Nos
1145 2616 1291 2660 certe
1316 2605 1504 2674 lingua:
1528 2602 1881 2674 praebebimus

314 2704 666 2761 ministerium
689 2718 703 2766 ;
736 2711 790 2755 tu
819 2715 943 2754 vero
970 2712 1188 2767 precare
1213 2711 1356 2762 eum,
1384 2694 1472 2766 qui
1501 2703 1653 2749 sanat
1679 2693 1880 2749 contri-

314 2806 398 2850 tos
437 2793 600 2849 corde
619 2835 635 2859 ,
660 2793 748 2863 qni
776 2791 865 2846 dat
901 2789 1250 2860 pusillanimis
1278 2786 1725 2856 longanimitatem
1747 2825 1762 2850 ,
1791 2785 1880 2855 qui

313 2887 530 2942 suscitat
549 2887 615 2941 de
643 2897 781 2940 terra
810 2898 1114 2954 pauperem,
1138 2891 1194 2936 ut
1218 2881 1360 2935 hunc
1379 2880 1432 2934 in
1460 2879 1613 2934 nobis
1637 2879 1884 2934 incendat

312 2984 509 3053 ignem,
531 2980 620 3050 qui
643 2979 924 3033 humanam
951 2990 1164 3031 omnem
1188 2969 1545 3028 inﬁrmitatem
1572 2971 1709 3026 solet
1725 2970 1885 3027 absu-

312 3088 484 3134 mere,
506 3086 567 3125 ac
589 3083 857 3134 somnum,
881 3067 1158 3137 segnitiem
1184 3064 1597 3135 gravitatemque
1616 3061 1881 3117 carnalem

313 3163 667 3233 praescindere
693 3201 707 3224 ,
734 3160 1026 3230 animaeque
1051 3159 1161 3213 alas
1189 3157 1254 3212 ad
1280 3156 1466 3212 caelum
1497 3155 1747 3210 sublimes
1771 3154 1882 3209 eri-

310 3272 438 3325 gere
465 3272 478 3309 :
509 3256 576 3309 ab
612 3255 697 3307 illa
725 3262 902 3308 autem
941 3252 1121 3321 apside
1143 3294 1157 3316 ,
1186 3267 1282 3306 ceu
1311 3268 1375 3307 ex
1404 3251 1631 3321 quodam
1668 3251 1883 3306 excelso

311 3348 509 3401 vertice
529 3387 542 3411 ,
572 3360 784 3400 omnem
812 3343 834 3375 ⁸
856 3342 1087 3398 ostendit
1124 3342 1398 3411 praesentis
1436 3342 1558 3395 vitte
1598 3343 1881 3396 vanitatem

312 3436 727 3506 ementitamque
747 3434 998 3503 Speciem.
1024 3433 1121 3499 Qni
1144 3433 1285 3488 enim
1312 3447 1483 3502 neque
1498 3432 1622 3486 illuc
1646 3432 1880 3501 avolare,

312 3546 483 3601 neque
507 3529 561 3583 in
589 3529 673 3582 illa
702 3527 910 3596 specula
936 3525 1124 3581 sedere
1150 3529 1352 3593 potuit,
1383 3527 1427 3577 is
1456 3539 1623 3593 neque
1652 3533 1878 3589 terram,

313 3636 485 3690 neque
526 3628 735 3672 terrena
776 3616 983 3687 negotia
1012 3615 1054 3682 ⁸,
1104 3623 1162 3668 ut
1195 3613 1375 3677 videre
1412 3628 1508 3682 par
1547 3622 1667 3680 est,
1706 3613 1884 3667 videre

312 3721 508 3784 potest.
536 3710 668 3778 Quia
695 3709 834 3763 enim
861 3708 1022 3762 multa
1053 3717 1204 3773 sunt,
1231 3721 1349 3777 qua:
1376 3706 1511 3760 visui
1539 3705 1781 3760 tenebras
1804 3704 1885 3759 of-

315 3805 561 3870 fundunt,
593 3802 757 3856 multa
784 3817 902 3871 qua:
924 3800 1158 3854 auditum
1190 3799 1421 3863 turbant,
1453 3798 1618 3853 multa
1642 3814 1758 3867 qum
1784 3798 1884 3851 lin-

314 3911 469 3965 guam
496 3892 841 3963 prtepediunt,
875 3898 1085 3960 oportet
1109 3904 1252 3953 eum,
1278 3887 1348 3942 ab
1374 3888 1517 3943 omni
1546 3889 1771 3943 tumultu
1798 3896 1883 3942 at-

315 4002 420 4057 que
444 3986 588 4040 [ωηο
607 3984 943 4050 subductum,
970 3981 1036 4037 ad
1063 3982 1203 4036 illam
1244 3979 1580 4035 solitudinem
1605 3979 1879 4045 secedere,

313 4079 401 4133 ubi
432 4093 616 4147 magna
646 4074 1018 4145 tranquillitas,
1042 4088 1170 4142 pura
1192 4073 1470 4139 serenitas,
1490 4074 1742 4128 tumultus
1763 4074 1885 4128 nul-

312 4172 430 4225 lus:
457 4171 549 4224 sed
576 4168 713 4223 oculi
740 4167 794 4222 in
816 4183 977 4222 unum
1011 4167 1102 4221 Dei
1131 4180 1365 4221 amorem
1387 4165 1408 4198 ⁸
1430 4167 1616 4221 intenti
1647 4182 1750 4222 non
1780 4167 1885 4223 alio

314 4261 607 4326 declinant,
637 4274 793 4314 aures
819 4274 946 4313 vero
972 4258 1319 4322 inconcussas,
1350 4258 1439 4311 uni
1469 4268 1669 4313 tantum
1694 4260 1771 4314 rei
1795 4275 1887 4313 va-

317 4360 458 4413 cant,
481 4365 672 4420 nempe
692 4349 989 4404 divinorum
1011 4348 1338 4419 eloquiorum
1357 4349 1579 4415 auditui,
1604 4359 1658 4404 et
1679 4351 1885 4405 suavis-

284 4436 285 4439 “
316 4442 465 4496 simas
491 4440 853 4509 Spiritualique
876 4438 1154 4494 audiendas
1179 4439 1526 4511 symphonirc,
1554 4457 1671 4510 qua:
1695 4442 1882 4508 semel,

313 4543 468 4602 capto
496 4532 675 4587 animo
697 4573 713 4598 ,
743 4540 886 4586 tanta
921 4532 971 4585 vi
1005 4532 1306 4586 dominatur
1328 4573 1343 4597 ,
1374 4543 1431 4587 ut
1468 4533 1552 4586 illa
1594 4544 1885 4603 pertractus

315 4622 542 4677 melodia
574 4638 743 4693 neque
768 4622 975 4689 cibum,
1007 4638 1178 4693 neque
1205 4632 1404 4694 potum,
1438 4639 1612 4694 neque
1640 4640 1884 4681 somnum

316 4730 435 4768 cum
465 4715 729 4784 voluptate
754 4717 945 4787 capiat.
967 4715 1149 4786 Itaque
1172 4733 1267 4772 nec
1293 4718 1626 4774 srecularium
1650 4723 1887 4791 negotio-

317 4821 433 4859 rum
460 4807 737 4868 tumultus,
762 4823 930 4876 neque
954 4807 1307 4875 corporalium
1334 4809 1488 4865 turba
1511 4826 1709 4876 rerum,
1736 4822 1886 4867 teno-

223 4927 227 4930 ν
318 4910 432 4948 rem
474 4896 619 4949 illum
653 4896 893 4951 relaxare
926 4897 1115 4951 valeat.
1146 4897 1229 4952 Ad
1257 4906 1456 4953 tantam
1482 4899 1620 4956 enim
1647 4903 1667 4934 ⁷
1693 4904 1885 4957 animm

315 4985 687 5041 sublimitatem
717 4986 910 5041 inﬁmae
944 4986 1101 5058 hujus
1139 4992 1464 5059 tempestatis
1495 4995 1745 5064 strepitus
1776 5011 1882 5052 non
1921 5033 1928 5039 -

374 5152 403 5231 ξ.
418 5152 614 5231 Iturius.
634 5156 707 5231 in”,
725 5156 968 5231 Colb._sic,
993 5159 1220 5231 Ejusdem
1257 5163 1324 5231 ad
1347 5163 1627 5231 staec/tium
1647 5170 1708 5220 de
1749 5180 1885 5223 Com-

601 5223 650 5265 tn
667 5217 827 5280 Savil.,
852 5217 1173 5285 Cltrysostomi
1205 5225 1271 5273 ad
1292 5226 1576 5278 Stelecltium
1595 5238 1640 5280 et
1653 5217 1730 5282 "de
1746 5217 1884 5284 {6;};-

376 5339 394 5420 ξ
418 5336 1023 5420 Ἦ,ξερςςξηηξρξςρξιῃιξξ,γ
1051 5343 1140 5396 hoc
1160 5346 1352 5413 studio;
1381 5349 1469 5400 sed
1496 5351 1627 5403 Colb.
1649 5361 1701 5404 et
1720 5356 1879 5420 Savil.,

322 5405 338 5442 t
371 5411 394 5444 ιτ
417 5398 647 5461 pulchro;
671 5398 1059 5463 subaudi,sensu.

370 5460 390 5490 ³
423 5466 471 5508 tu
487 5460 636 5514 (.olb..
655 5467 901 5514 pudorem.

374 5475 390 5490 -
423 5475 471 5508 tu
487 5475 636 5522 com,
655 5475 901 5524 puaorem.

374 5518 395 5583 ξ
428 5522 558 5582 Apud
577 5523 727 5583 Colb.,
752 5537 937 5575 omnem
958 5526 1090 5578 nobis
1110 5531 1330 5582 ostendit.

370 5581 393 5655 ξ
424 5581 535 5655 hinc
552 5581 719 5655 verba.
742 5597 890 5647 neque
905 5595 1096 5655 terrena
1117 5581 1319 5655 negotia,
1345 5594 1493 5647 habet
1513 5596 1645 5650 solus
1656 5599 1818 5652 Morel.

368 5640 392 5710 ξ
424 5648 472 5690 ιιι
492 5640 872 5710 Colb._legnntis,
896 5650 944 5697 in
963 5659 1138 5702 metum
1158 5640 1455 5708 alienata;

366 5702 391 5735 ν
429 5710 544 5765 Vox,
562 5702 725 5770 enim;
723 5702 868 5761 deest
887 5712 936 5762 iu
958 5714 1089 5764 ϐου).

1986 1235 2236 1306 pertingit
2254 1253 2269 1303 ;
2286 1251 2469 1292 verum
2483 1237 2925 1308 quemadmodum
2943 1240 3000 1307 ii,
3013 1243 3102 1313 qui
3118 1242 3182 1298 ad
3203 1244 3558 1306 altissimosse

1993 1328 2268 1384 contulere
2288 1339 2515 1398 montes,
2540 1332 2671 1387 nihil
2687 1348 2870 1388 eorum
2892 1334 3072 1390 vident
3089 1336 3170 1391 vel
3186 1337 3420 1403 audiunt,
3436 1356 3556 1411 qua

1998 1417 2051 1472 in
2079 1417 2208 1473 urbe
2234 1430 2489 1489 geruntur
2512 1423 2595 1477 vel
2619 1422 2888 1491 dicuntur,
2918 1426 3011 1481 sed
3035 1426 3314 1483 obscurum
3343 1429 3555 1486 dumta-

1994 1517 2087 1563 xat
2121 1517 2176 1565 et
2209 1510 2548 1580 injucundum
2571 1514 2589 1547 ¹
2611 1515 2897 1580 clamorem
2930 1516 3180 1585 audiunt,
3216 1519 3556 1577 stridentibus

1998 1601 2173 1671 vespis
2201 1602 2368 1657 nihilo
2396 1605 2715 1672 suaviorem,
2742 1605 2820 1661 sic
2845 1607 2900 1672 ii,
2931 1609 3019 1677 qui
3048 1624 3077 1661 a
3105 1610 3440 1671 szecularibus
3467 1628 3553 1668 re-

1991 1691 2092 1747 bus
2135 1706 2253 1748 esse
2300 1693 2629 1749 abduxerunt
2673 1705 2729 1750 et
2770 1696 2837 1751 ad
2879 1699 3167 1767 Spiritualis
3213 1700 3555 1771 pliilOSttphize

1988 1796 2239 1838 cacumen
2269 1783 2613 1849 advolarunt,
2646 1786 2775 1841 nihil
2810 1802 2994 1842 eorum
3024 1805 3141 1858 qua:
3165 1790 3303 1860 apud
3333 1807 3429 1847 nos
3456 1808 3554 1862 ge-

1989 1885 2179 1930 runtur
2217 1892 2376 1931 sensu
2424 1878 2755 1947 percipiunt;
2802 1895 2995 1949 corpus
3041 1883 3180 1937 enim
3224 1893 3279 1938 et
3316 1886 3557 1953 corporis

1992 1978 2199 2029 sensus,
2221 1965 2391 2021 donec
2411 1968 2585 2022 anima
2605 1969 2745 2024 circa
2767 1979 2960 2025 terram
2983 1983 3241 2039 versatur,
3266 1973 3557 2030 innumeris

1990 2055 2135 2109 illaut
2178 2056 2399 2112 vinculis
2440 2059 2807 2130 constringunt
2832 2100 2848 2127 ,
2892 2062 3252 2131 gravissimam
3295 2060 3554 2119 ﬂuxarum

1995 2145 2318 2215 voluptatum
2349 2156 2717 2219 tempestatem
2743 2150 2972 2220 undique
2996 2151 3320 2222 colligentes.
3346 2153 3554 2207 Etenim

1988 2237 2217 2305 auditus,
2235 2239 2399 2306 visus,
2424 2248 2613 2305 tactus,
2636 2240 2887 2297 odoratus
2911 2250 2966 2297 et
2988 2242 3186 2313 lingua,
3215 2253 3554 2299 externorum

1989 2328 2247 2382 malorum
2266 2330 2489 2404 plurima
2507 2331 2561 2385 in
2580 2331 2719 2386 illam
2736 2323 3010 2387 inducunt.
3029 2332 3160 2388 Cum
3177 2349 3302 2388 vero
3316 2334 3556 2389 sublimis

1987 2418 2235 2486 efﬁcitur,
2266 2429 2321 2475 et
2343 2421 2509 2476 otium
2535 2438 2688 2477 suum
2716 2421 2783 2477 ad
2808 2423 3102 2494 spiritualia
3126 2425 3404 2491 convertit,
3429 2432 3555 2479 tunc

1988 2508 2244 2580 malignas
2270 2512 2618 2581 cogitationes
2642 2513 2883 2582 ingressu
2909 2522 3092 2569 arcet:
3115 2530 3218 2569 non
3248 2530 3436 2570 sensus
3456 2515 3556 2570 ob-

1987 2609 2192 2669 turans,
2216 2602 2309 2656 sed
2332 2617 2516 2658 eorum
2539 2604 2900 2672 operationem
2931 2604 2997 2659 ad
3018 2605 3390 2661 sublimitatem
3412 2607 3551 2662 illam

1991 2690 2292 2747 traducens.
2314 2691 2770 2760 Quemadmodum
2790 2694 2930 2750 enim
2951 2695 3164 2750 domina
3185 2696 3425 2766 qumdam
3446 2696 3555 2752 for-

1992 2783 2255 2837 midabilis
2275 2792 2330 2839 et
2349 2800 2554 2850 severa,
2575 2800 2694 2855 quze
2710 2794 3028 2854 unguentum
3046 2785 3225 2840 condit
3244 2789 3551 2857 pretiosum,

1989 2874 2296 2943 magnisque
2311 2875 2606 2944 sumptibus
2624 2890 2686 2930 ac
2708 2876 2991 2931 multorum
3013 2875 3253 2931 manibus
3283 2877 3349 2931 ad
3373 2877 3556 2932 condi-

1989 2974 2161 3019 turam
2200 2980 2334 3035 opns
2372 2966 2563 3032 habet,
2595 2967 2812 3023 ancillas
2851 2970 3111 3024 suscitans
3145 2980 3200 3024 ct
3232 2984 3509 3026 accersens
3533 3012 3551 3037 ,

1990 3053 2147 3108 aliam
2183 3054 2331 3124 jubet
2365 3066 2599 3111 aromata
2630 3058 2860 3113 nondum
2887 3060 2939 3114 in
2968 3075 3098 3129 opus
3125 3060 3353 3116 admissa
3378 3062 3553 3117 cribro

1988 3160 2298 3211 secernere,
2331 3147 2484 3200 aliam
2514 3158 2724 3218 arrepta
2767 3149 2971 3205 bilance
2997 3158 3054 3205 et
3080 3160 3275 3205 statera
3311 3160 3555 3207 accurate

1987 3237 2247 3309 dispicere
2269 3253 2338 3293 ne
2365 3239 2484 3308 plus
2511 3241 2595 3295 vel
2622 3241 2796 3294 minus
2821 3257 2975 3312 quam
3002 3257 3097 3312 par
3126 3252 3207 3297 est
3234 3244 3285 3297 in
3312 3242 3554 3298 conditu.

1988 3344 2100 3383 ram
2140 3329 2426 3384 admissum
2461 3330 2657 3401 justam
2697 3348 2995 3387 mensuram
3036 3334 3252 3403 perdat,
3280 3335 3435 3389 aliam
3463 3348 3553 3389 co-

1985 3436 2149 3490 quere
2172 3437 2290 3490 qua:
2314 3422 2586 3493 coquenda
2616 3434 2759 3493 sunt,
2788 3425 2942 3479 aliam
2973 3434 3143 3481 terere
3168 3442 3286 3495 qua:
3314 3429 3550 3490 terenda,

1987 3510 2130 3564 illam
2147 3512 2250 3565 alia
2272 3513 2391 3567 aliis
2412 3514 2780 3579 commiscere,
2801 3515 2943 3569 illam
2965 3531 3083 3570 cum
3104 3517 3369 3571 alabastro
3387 3530 3550 3583 Stare,

1985 3600 2140 3655 aliam
2167 3618 2286 3657 cum
2314 3604 2421 3657 alio
2445 3617 2573 3659 vase
2591 3645 2607 3670 ,
2633 3605 2791 3659 aliam
2820 3606 2960 3660 aliud
2986 3607 3252 3677 quidpiam
3287 3616 3512 3662 tractare
3531 3624 3547 3637 ·

1987 3693 2168 3762 sicque
2192 3708 2375 3748 earum
2402 3704 2606 3750 mentes
2633 3696 2787 3751 simul
2812 3707 2865 3752 et
2887 3713 3072 3753 manus
3091 3700 3237 3768 operi
3260 3700 3551 3769 applicans,

1987 3783 2117 3837 nihil
2147 3787 2414 3856 corrumpi
2456 3787 2617 3853 sinit,
2650 3803 2860 3858 semper
2893 3789 3174 3857 insistens,
3203 3806 3308 3846 non
3336 3792 3553 3862 permit-

1992 3884 2110 3929 tens
2134 3885 2286 3930 extra
2315 3879 2510 3948 vagari,
2530 3890 2620 3937 aut
2646 3880 2750 3935 alio
2774 3891 3043 3950 aspectum
3072 3882 3333 3938 divertere
3359 3901 3372 3937 :
3399 3884 3477 3939 sic
3501 3892 3553 3938 et

1988 3967 2163 4020 anima
2193 3968 2479 4037 pretiosmn
2508 3968 2609 4025 hoc
2646 3982 2969 4042 unguentum
3001 3988 3335 4042 prteparans,
3364 3988 3554 4043 nempe

1989 4060 2448 4129 coznpunctionem
2471 4103 2486 4127 ,
2526 4077 2715 4118 sensus
2751 4063 2818 4118 ad
2857 4065 3083 4135 seipsam
3113 4074 3334 4131 evocat,
3368 4080 3552 4120 eorum

1989 4151 2349 4220 prtescindens
2385 4154 2681 4223 segnitiem.
2728 4156 2785 4209 Si
2824 4154 3036 4225 quando
3072 4166 3248 4211 autem
3285 4159 3555 4227 contingat

1989 4243 2132 4297 illam
2165 4244 2216 4297 in
2247 4259 2305 4298 se
2328 4260 2638 4300 conversam
2673 4246 2939 4316 quidpiam
2964 4262 3149 4303 eorum
3175 4250 3407 4320 cogitare
3434 4266 3553 4321 quae

1987 4332 2053 4386 ad
2080 4333 2397 4402 probitatem
2426 4342 2479 4388 et
2507 4335 2598 4390 Dei
2629 4335 2874 4405 placitum
2904 4345 3177 4406 spectant,
3207 4352 3395 4392 sensus
3421 4352 3552 4408 ope-

1988 4425 2192 4479 ratione
2213 4440 2308 4479 sua
2328 4441 2523 4481 vacuos
2542 4427 2847 4494 constituit;
2874 4443 2941 4483 ne
2961 4428 3084 4499 quid
3103 4444 3551 4498 supervacaneum

1990 4516 2357 4585 intempestive
2406 4518 2716 4574 inducentes
2745 4561 2759 4586 ,
2812 4521 3072 4575 internam
3122 4522 3552 4592 tranquillitatem

1988 4608 2313 4676 perturbent.
2341 4608 2518 4674 Quare
2541 4609 2585 4663 si
2612 4624 2772 4664 voces
2793 4611 3039 4677 auribus,
3067 4612 3363 4679 spectacula
3386 4614 3557 4668 oculis

1989 4696 2262 4763 accidant,
2310 4697 2439 4751 nihil
2485 4699 2881 4765 intromittitur,
2926 4700 3146 4770 singulis
3191 4702 3551 4761 membrorum

1988 4786 2381 4854 operationibus
2409 4788 2476 4842 ad
2503 4789 2730 4844 animam
2768 4791 3058 4845 conversis.
3087 4791 3290 4861 Ecquid
3318 4809 3477 4848 voces
3502 4806 3557 4849 et

1987 4879 2282 4945 spectacula
2305 4894 2565 4946 memoro,
2583 4895 2701 4934 cum
2724 4880 2873 4935 multi
2896 4880 2946 4934 in
2967 4881 3065 4937 hoc
3087 4884 3243 4951 positi
3265 4894 3425 4951 statu,
3448 4902 3552 4939 non

1990 4968 2150 5022 modo
2177 4978 2556 5037 praetereuntes
2583 4986 2761 5026 coram
2781 5013 2796 5038 ,
2827 4973 2920 5027 sed
2950 4975 3109 5028 etiam
3140 4989 3201 5030 se
3226 4977 3553 5046 exagitantes

1989 5071 2093 5111 non
2122 5058 2389 5112 sentiant?
2415 5058 2583 5114 Tanta
2606 5063 2799 5131 quippe
2825 5071 2907 5117 est
2932 5064 3123 5119 anima:
3149 5065 3340 5131 virtus,
3373 5078 3427 5121 ut
3455 5084 3551 5120 vo-

1988 5148 2115 5202 lenti
2142 5147 2295 5203 facile
2321 5150 2390 5204 sit
2418 5150 2469 5204 in
2499 5159 2636 5206 terra
2666 5152 2879 5224 quidem
2907 5156 3146 5223 versari,
3176 5159 3269 5214 sed
3292 5199 3309 5227 ,
3336 5174 3399 5214 ac
3422 5161 3469 5215 si
3499 5160 3550 5214 in

1986 5238 2122 5292 caelo
2149 5237 2351 5306 sedeat,
2380 5241 2511 5296 nihil
2528 5255 2714 5296 eorum
2735 5259 2853 5314 quae
2877 5245 2929 5299 in
2959 5255 3097 5301 terra
3119 5256 3373 5318 geruntur
3391 5264 3550 5304 sensu

1985 5339 2282 5395 percipere.

2055 5415 2110 5468 9..
2151 5416 2294 5470 Talis
2322 5426 2434 5472 erat
2460 5418 2645 5475 beatus
2670 5420 2895 5490 Paulus,
2926 5425 3017 5494 qui
3043 5426 3229 5483 mediis
3255 5428 3310 5483 in
3338 5429 3553 5485 urbibus

1984 5518 2239 5570 versans,
2279 5514 2482 5562 tantum
2516 5524 2547 5563 a
2584 5512 2934 5578 praesentibus
2976 5516 3199 5586 aberat,
3233 5531 3485 5588 quantum
3521 5538 3549 5574 a

1987 5610 2314 5652 mortuorum
2356 5600 2702 5657 cadaveribus
2743 5604 3014 5664 absumus.
3040 5608 3174 5665 Cum
3211 5611 3353 5668 enim
3383 5610 3550 5682 dicit,

2055 5732 2071 5760 ⁸
2105 5737 2177 5779 su:
2197 5730 2357 5792 savil.,
2380 5733 2468 5783 sed
2489 5732 2642 5799 Colb.,
2665 5735 2888 5789 debilem.
