4116 6392
553 417 654 470 “3

554 525 686 580 Mihi
716 527 930 581 mundus
955 529 1225 597 cruciﬁxus
1248 539 1319 584 est
1345 531 1366 598 (
1390 530 1560 586 Colat.
1587 533 1642 588 6.
1677 535 1735 587 14
1757 533 1775 605 )
1798 575 1814 600 ,
1844 533 1980 588 hanc
2008 549 2119 590 me-

552 626 725 671 morat
749 619 1220 685 insensibilitatem,
1254 621 1362 675 imo
1389 625 1560 691 potius
1587 641 1690 679 non
1720 625 1853 680 hanc
1881 635 2080 680 tantum
2101 669 2118 695 ,

551 707 644 761 sed
665 708 819 762 aliam
846 710 1022 775 talem,
1052 722 1108 764 ιιι
1132 711 1323 781 duplex
1347 713 1432 766 illa
1455 713 1629 768 fuerit.
1652 715 1764 770 Non
1787 717 1927 770 enim
1948 717 2119 772 solum

552 796 704 862 dixit,
726 797 854 850 Mihi
874 800 1089 854 mundus
1105 803 1376 870 cruciﬁxus
1397 813 1490 869 est,
1511 805 1580 858 ita
1602 815 1657 858 ut
1682 817 1861 874 postea
1878 809 2116 875 tacuerit,

550 889 642 941 Sed
673 905 769 970 per
805 891 1108 959 adjunctum
1149 893 1304 947 aliam
1345 895 1656 965 signiﬁcavit
1688 898 1902 965 dicens,
1935 898 2002 952 Et
2029 916 2120 970 ego

550 980 760 1034 mundo.
788 981 974 1051 Magna
1000 992 1145 1038 certe
1173 984 1504 1055 philosophia
1531 996 1628 1051 est,
1658 998 1840 1056 putare
1867 989 2116 1042 mundum

549 1084 670 1124 esse
696 1078 980 1138 mortuum,
1015 1073 1109 1127 sed
1140 1074 1293 1144 longe
1321 1075 1510 1144 major,
1540 1071 1664 1147 erga
1691 1078 1942 1132 mundum
1969 1079 2120 1148 quasi

549 1171 814 1216 mortuum
845 1163 1091 1218 allectum
1122 1180 1259 1219 esse.
1292 1166 1442 1231 Quod
1470 1166 1646 1236 itaque
1667 1168 1865 1222 Paulus
1885 1169 2121 1224 declara-

548 1251 624 1306 vit
651 1252 951 1322 hujusmodi
977 1264 1058 1310 est
1081 1274 1095 1310 :
1117 1255 1244 1311 dicit
1269 1257 1409 1311 enim
1438 1274 1542 1312 non
1569 1273 1626 1313 se
1658 1269 1856 1313 taMum
1883 1261 2066 1314 abesse
2088 1277 2116 1314 a

548 1344 899 1411 praesentibus
921 1385 936 1410 ,
965 1355 1217 1414 quantum
1251 1348 1484 1402 viventes
1508 1363 1538 1402 a
1562 1350 1804 1415 mortuis,
1835 1350 1927 1404 sed
1954 1367 2120 1420 quan-

551 1444 661 1488 tum
701 1434 895 1487 mortui
923 1449 953 1488 a
982 1437 1227 1490 mortuis.
1258 1436 1354 1504 Qui
1387 1439 1527 1492 enim
1553 1439 1712 1503 vivit,
1740 1441 1944 1494 etiamsi
1975 1457 2117 1495 mor-

547 1533 694 1579 tuum
721 1539 823 1578 non
849 1527 1206 1594 concupiscat,
1228 1537 1282 1580 at
1306 1529 1410 1582 alio
1435 1529 1592 1583 modo
1621 1531 1803 1596 sentit,
1830 1531 1942 1586 sive
1962 1533 2120 1586 mire-

547 1623 636 1668 tur
657 1618 904 1684 prostrati
931 1616 1401 1685 pulchritudinem,
1425 1619 1536 1674 sive
1562 1621 1732 1690 ipsum
1756 1622 2034 1676 miseretur
2056 1639 2118 1678 ac

546 1705 786 1776 deploret
818 1725 830 1760 :
863 1719 1098 1761 mortuus
1123 1717 1297 1762 autem
1324 1725 1446 1779 erga
1484 1720 1749 1765 mortuum
1780 1728 1845 1766 ne
1876 1715 1962 1766 tali
1993 1715 2114 1783 qni-

546 1794 668 1849 dem
691 1795 879 1850 aﬂ‘ectu
900 1807 999 1851 est.
1021 1798 1130 1852 Hoc
1151 1799 1308 1868 igitur
1327 1801 1597 1855 declarare
1618 1817 1737 1857 cum
1763 1803 1939 1869 vellet,
1967 1813 2112 1872 post-

546 1900 702 1953 quam
729 1885 952 1952 dixerat,
985 1887 1113 1940 Mihi
1139 1889 1353 1942 mundus
1378 1893 1647 1959 cruciﬁxus
1676 1902 1775 1957 est,
1801 1895 2019 1958 addidit,
2049 1895 2114 1948 Et

546 1992 636 2045 ego
651 1977 856 2030 mundo.
877 1977 1035 2032 Vides
1057 1995 1211 2048 quam
1230 1981 1382 2050 longe
1403 1982 1586 2036 aberat
1601 1983 1667 2036 ab
1684 1985 1833 2050 orbe,
1853 1987 2116 2054 quomodo

552 2067 604 2120 in
635 2078 773 2123 terra
796 2070 1044 2138 gradiens
1066 2072 1132 2124 ad
1160 2072 1328 2141 ipsum
1355 2073 1669 2127 transilierat
1689 2076 1801 2128 czeli
1828 2077 2116 2132 verticem?

621 2161 778 2216 Pauli
807 2179 925 2233 erga
955 2163 1210 2218 Christum
1238 2181 1379 2218 amor
1410 2167 1557 2219 caelos
1586 2183 1753 2222 omnes
1791 2170 2114 2223 transcendit.

545 2285 615 2297 ——
642 2255 717 2309 Ne
761 2256 886 2309 mihi
934 2272 1325 2312 commemores
1371 2259 1628 2312 montium
1672 2261 1966 2326 cacumina,
2011 2277 2114 2316 non

545 2348 730 2412 saltus,
776 2363 880 2401 non
918 2349 1103 2414 valles,
1149 2366 1251 2403 non
1291 2349 1627 2404 solitudinem
1673 2350 1897 2416 inviam;
1945 2368 2116 2421 neque

544 2441 686 2494 enim
719 2441 831 2494 huic
873 2441 984 2494 sola
1014 2441 1143 2495 satis
1176 2451 1297 2495 sunt
1336 2442 1399 2496 ad
1427 2443 1617 2496 anima:
1658 2444 1938 2496 tumultum
1967 2445 2113 2497 aufe-

551 2532 793 2597 rendum,
826 2533 918 2588 sed
957 2533 1042 2586 illa
1074 2548 1209 2602 opus
1239 2543 1319 2588 est
1353 2535 1584 2599 ﬂanuna,
1615 2551 1770 2605 quam
1798 2536 2037 2590 Christus
2064 2539 2113 2591 in

550 2624 698 2678 Pauli
728 2625 900 2678 anima
922 2625 1184 2688 incendit;
1223 2625 1407 2680 beatus
1436 2637 1610 2680 autem
1643 2627 1728 2682 ille
1758 2643 1854 2696 per
1872 2629 2117 2696 spiritua-

547 2714 650 2768 lem
685 2715 819 2769 hanc
844 2716 1217 2785 cogitationem
1247 2716 1411 2784 ipsam
1433 2717 1580 2782 fovit,
1599 2726 1652 2771 et
1667 2717 1732 2770 ad
1766 2727 1960 2771 tantam
1987 2718 2114 2772 sub-

546 2805 822 2859 limitatem
867 2806 1092 2870 extulit,
1149 2815 1206 2860 ut
1246 2822 1364 2860 cum
1412 2821 1440 2859 a
1491 2817 1630 2860 terra
1682 2807 2005 2876 incepisset,
2049 2808 2115 2861 ad

553 2896 722 2965 ipsum
746 2897 930 2950 caelum
963 2897 1255 2968 pertigerit,
1285 2899 1392 2952 imo
1431 2906 1485 2952 et
1521 2899 1586 2952 ad
1613 2900 1799 2953 caalum
1845 2901 1935 2954 illo
1961 2915 2117 2969 supe-

547 2989 679 3055 rius,
709 2997 762 3044 et
791 2989 856 3043 ad
887 2990 1028 3043 aliud
1061 2990 1250 3044 iterum
1283 3007 1296 3042 :
1326 2991 1437 3058 ipse
1465 3006 1691 3059 namque
1722 3007 1887 3060 usque
1912 2991 1978 3044 ad
2009 2999 2117 3044 ter-

548 3081 676 3134 tium
712 3081 899 3135 caelum
944 3092 1124 3150 raptus
1160 3091 1242 3135 est
1277 3099 1290 3134 :
1323 3097 1474 3135 amor
1515 3091 1692 3135 autem
1733 3083 1850 3151 ejus
1893 3091 1949 3136 et
1991 3097 2117 3151 erga

545 3172 814 3226 Christum
854 3172 1068 3227 dilectio
1098 3189 1200 3225 non
1245 3180 1354 3226 tres
1388 3173 1582 3236 solum,
1616 3172 1706 3225 sed
1738 3188 1922 3226 omnes
1959 3173 2116 3226 etiam

545 3264 707 3317 cmlos
732 3263 1074 3318 transcendit.
1096 3262 1224 3316 Nam
1248 3279 1472 3332 corpore
1498 3263 1706 3332 quidem
1735 3264 1956 3332 pusillus
1979 3273 2115 3331 erat,

547 3356 782 3424 nihilque
809 3356 1039 3424 amplius
1077 3371 1234 3424 quam
1273 3371 1370 3409 nos
1399 3357 1448 3408 in
1490 3357 1587 3408 hac
1623 3371 1681 3409 re
1709 3355 1892 3408 habuit
1920 3373 1932 3407 :
1965 3355 2121 3424 spiri-

547 3447 674 3500 tuali
716 3456 892 3500 autem
942 3445 1132 3499 affectu
1186 3461 1373 3500 omnes
1422 3447 1510 3515 qui
1566 3447 1616 3498 in
1661 3455 1799 3499 terra
1843 3456 2120 3498 versantur

548 3537 790 3591 homines
821 3537 978 3607 longo
1011 3537 1289 3591 intervallo
1319 3537 1605 3604 superavit.
1639 3537 1821 3606 Neque
1847 3539 2044 3591 errabit
2075 3539 2118 3591 si

546 3629 665 3696 quis
711 3636 950 3683 sanctum
983 3628 1127 3682 illum
1158 3630 1298 3682 circa
1339 3645 1447 3682 rem
1478 3629 1615 3682 hanc
1645 3630 1870 3698 imagine
1897 3630 1983 3682 tali
2024 3645 2119 3682 ex-

549 3720 744 3788 primat
785 3739 799 3774 :
840 3720 1282 3790 quemadmodum
1329 3721 1373 3773 si
1423 3719 1631 3772 ﬂamma
1673 3721 1915 3789 quiedam
1957 3729 2118 3774 totam

551 3820 704 3864 terrm
723 3812 1051 3880 superﬁciem
1080 3827 1364 3881 occupans,
1388 3821 1436 3864 et
1468 3812 1516 3863 in
1541 3812 1701 3863 altum
1728 3811 1862 3864 elata
1890 3812 2120 3879 undique

549 3903 817 3955 etelestem
849 3902 1084 3970 apsidem
1126 3910 1424 3970 prietercat,
1473 3912 1525 3955 et
1571 3918 1746 3955 aerem
1787 3918 1944 3970 supra
1979 3903 2119 3956 illam

471 4019 474 4022 -
557 3995 785 4062 positum
816 3993 1131 4062 pervadens,
1163 3994 1274 4047 sive
1303 4010 1396 4046 aer
1424 3993 1510 4046 ille
1537 3995 1634 4058 sit,
1667 3993 1776 4047 sive
1806 3992 1947 4047 aliud
1969 3993 2121 4062 quid-

551 4086 700 4150 libet,
758 4086 1125 4138 iutermedium
1167 4085 1389 4138 duorum
1430 4086 1677 4137 caelorum
1721 4086 1842 4154 igne
1884 4085 2116 4152 repleat;

552 4193 720 4246 neque
747 4176 832 4231 hic
851 4193 1063 4230 cursum
1085 4177 1256 4238 sistat,
1281 4176 1371 4230 sed
1397 4176 1461 4228 ad
1490 4177 1698 4229 tertium
1722 4165 1880 4230 etiam
1903 4187 2120 4246 repente

551 4277 856 4331 transmeet,
889 4267 1170 4334 omniaque
1203 4282 1362 4318 unum
1394 4281 1580 4334 rogum
1617 4265 1830 4332 efﬁciat,
1863 4274 2018 4319 tantze
2046 4266 2120 4319 la-

552 4357 790 4411 titudinis
818 4367 1064 4426 quantam
1095 4356 1252 4410 habet
1285 4357 1526 4409 universa
1558 4365 1718 4420 terra,
1751 4364 1906 4409 tantae
1938 4356 2120 4410 altitu-

550 4450 710 4515 dinis,
741 4459 994 4519 quantum
1023 4449 1178 4518 spatii
1204 4464 1232 4500 a
1261 4449 1416 4501 tertio
1446 4448 1578 4500 caelo
1606 4447 1670 4500 ad
1702 4463 1800 4501 nos
1822 4461 1986 4516 usque
2015 4455 2117 4500 est.

550 4539 624 4595 Ne
649 4543 724 4595 sic
747 4542 961 4612 quidem
993 4551 1118 4612 puto
1143 4541 1228 4596 vel
1267 4549 1470 4610 partem
1510 4539 1886 4608 aliquantulam
1923 4541 2120 4592 amoris

550 4633 665 4701 ejus
704 4650 787 4687 tne
826 4634 1173 4702 expressisse.
1204 4632 1353 4699 Quod
1381 4641 1556 4685 autem
1600 4630 1714 4684 lure
1754 4647 1856 4683 non
1885 4632 1993 4683 sint
2030 4646 2123 4698 per

552 4725 873 4796 hyperbolen
905 4726 1065 4790 dicta,
1098 4725 1280 4780 videre
1321 4725 1514 4794 poterit
1541 4725 1779 4794 quisquis
1815 4739 1875 4777 ea
1909 4725 2118 4793 legerit,

550 4834 667 4887 qua:
709 4819 773 4871 ad
833 4818 1155 4872 Demetrium
1206 4817 1391 4872 eadem
1442 4817 1508 4871 de
1555 4833 1612 4871 re
1659 4818 1986 4886 scripsimus.
2035 4818 2122 4871 Sic

549 4919 759 4978 oportet
782 4907 1050 4963 Christum
1078 4924 1278 4970 amare,
1309 4910 1387 4964 sic
1413 4924 1445 4963 a
1471 4909 1629 4963 rebus
1657 4910 2003 4977 praesentibus
2029 4909 2121 4962 ab-

550 5001 757 5054 sistere.
793 5000 945 5054 Tales
970 5011 1119 5054 erant
1147 5009 1450 5054 sanctorum
1481 4999 1858 5068 pr0phetarum
1887 5000 2081 5052 animze
2103 5039 2118 5064 ,

551 5094 774 5161 ideoque
795 5094 924 5146 alios
945 5102 1261 5162 acceperunt
1283 5093 1486 5146 oculos.
1511 5092 1650 5146 Sane
1671 5093 1809 5161 quod
1834 5093 1904 5144 illi
1932 5107 1958 5143 a
1985 5108 2120 5159 pra:-

549 5183 788 5237 scntibus
827 5198 885 5236 se
919 5193 1279 5253 segregarem,
1321 5183 1370 5236 id
1413 5184 1619 5237 illorum
1663 5183 1948 5252 diligentiae
1987 5197 2120 5251 opus

548 5284 663 5329 erat
690 5292 704 5327 :
732 5273 871 5343 quod
899 5289 1027 5327 vero
1056 5283 1234 5342 postea
1261 5273 1349 5326 alii
1391 5274 1489 5325 sibi
1521 5273 1854 5340 aperirentur
1891 5272 1954 5324 ad
1985 5273 2123 5324 futu-

549 5383 729 5421 rorum
775 5367 1272 5434 contemplationem
1310 5366 1474 5431 oculi,
1518 5365 1642 5418 illud
1680 5365 1890 5416 demmn
1924 5364 2120 5416 divinas

551 5459 733 5528 gratia:
758 5465 892 5511 erat.
923 5456 1064 5510 Talis
1102 5465 1217 5510 erat
1247 5455 1488 5518 Elismus,
1518 5455 1604 5522 qui
1639 5462 1911 5523 postquam
1942 5453 2119 5506 omnia

549 5551 824 5604 saecularia
859 5548 1121 5618 despexit,
1155 5547 1303 5616 regni
1340 5547 1566 5601 caelestis
1597 5561 1778 5600 amore
1804 5554 1986 5614 captus
2014 5553 2116 5607 est,

556 5640 942 5709 prmscntiaque
967 5639 1143 5693 omnia
1183 5639 1404 5707 respuit,
1438 5653 1659 5706 regnum
1687 5653 1896 5705 nempe,
1931 5645 2118 5704 poten-

553 5733 699 5797 tiam,
736 5733 958 5802 gloriam
1004 5741 1059 5786 et
1098 5733 1354 5786 honorem
1400 5731 1465 5784 ab
1503 5729 1750 5782 omnibus
1788 5729 2114 5792 exhibitum;

551 5823 682 5878 vidit
711 5839 772 5879 ea
799 5840 913 5896 qua:
943 5824 1115 5879 nullus
1145 5838 1391 5894 umquam
1432 5822 1667 5891 viderat,
1711 5831 1943 5877 tuentem
1974 5829 2115 5875 mte-

1430 421 1517 476 DE
1555 421 2094 492 COMPU‘NCTIONE,
2135 424 2225 480 AD
2262 424 2711 481 δτειιεει-ιιωι.
2754 425 2878 480 LIB.
2919 423 2984 478 11.

3690 424 3795 478 4η

2226 550 2401 604 grum,
2432 549 2683 605 equorum
2716 535 3014 604 igneorum,
3045 549 3293 589 curruum
3316 574 3332 599 ,
3364 534 3690 604 militumque
3717 537 3794 591 sio

2224 623 2424 679 milium
2448 625 2681 679 exercitu
2707 634 2971 693 Opertum.
2995 624 3125 678 Nam
3147 624 3235 695 qui
3262 626 3542 694 praesentia
3562 625 3794 679 admira-

2225 725 2342 782 tur,
2399 715 2693 770 futurorum
2748 717 3194 784 contemplatione
3255 731 3542 784 numquam
3602 717 3793 785 dignus

2225 807 2501 862 habebitur
2529 824 2543 860 :
2576 807 2665 877 qui
2695 817 2870 861 autem
2903 809 2986 861 illa
3017 807 3264 877 despicit,
3294 817 3350 862 et
3377 807 3543 862 nihilo
3567 808 3791 864 meliora

2225 906 2372 966 putat
2411 897 2594 952 umbra
2637 908 2690 950 et
2728 899 2961 964 somnio,
2995 899 3104 952 cito
3142 913 3331 968 magna
3376 899 3462 952 illa
3501 898 3792 967 spiritualia

2223 999 2594 1058 consequetur.
2616 990 3050 1060 Quandoquidem
3077 1001 3129 1045 et
3155 1005 3252 1045 nos
3275 991 3486 1045 divitias
3510 992 3637 1046 viris
3662 1007 3791 1046 con-

2221 1087 2467 1148 gruentes
2488 1080 2605 1134 ﬁliis
2621 1083 2816 1135 nostris
2842 1081 3173 1148 exhibemus,
3196 1097 3317 1136 cum
3337 1081 3454 1137 illos
3483 1082 3627 1136 viros
3647 1097 3788 1149 esse,

2222 1176 2276 1222 et
2301 1170 2520 1237 puerilia
2550 1171 2726 1223 omnia
2755 1170 3030 1238 despicere
3054 1170 3297 1225 videmus
3324 1188 3340 1226 :
3369 1171 3620 1241 quamdiu
3648 1173 3791 1227 enim

2224 1259 2310 1312 illa
2353 1261 2632 1326 mirantur,
2676 1261 2758 1314 his
2799 1261 2917 1315 illos
2953 1261 3195 1330 indignos
3233 1262 3570 1316 arbitramur.
3601 1263 3791 1317 Anima

2222 1348 2413 1418 quippe
2443 1364 2560 1418 quae
2589 1365 2748 1419 parva
2771 1358 2824 1403 et
2853 1351 3126 1416 saecularia
3151 1350 3426 1418 despicere
3451 1365 3557 1405 non
3583 1349 3785 1415 didicit,

2221 1439 2451 1493 caelestia
2497 1440 2678 1493 mirari
2724 1455 2830 1494 non
2878 1441 3102 1510 poterit;
3153 1441 3373 1510 parique
3411 1440 3570 1494 modo
3614 1441 3658 1494 si
3700 1440 3789 1494 illa

2221 1532 2464 1598 miretur,
2493 1546 2596 1585 non
2620 1532 2810 1601 poterit
2838 1531 2952 1585 haec
2981 1547 3086 1585 non
3116 1531 3361 1586 irridere.
3390 1532 3501 1586 lloc
3527 1541 3582 1587 et
3606 1531 3791 1587 beatus

2221 1623 2416 1677 Paulus
2454 1623 2665 1678 dicebat
2712 1643 2726 1678 :
2761 1639 3078 1694 quamquam
3121 1624 3264 1678 enim
3309 1623 3506 1678 dictum
3551 1624 3680 1679 illud
3722 1625 3791 1681 de

2221 1711 2558 1782 dogmatibus
2600 1713 2859 1782 prolatum
2890 1722 2994 1780 est,
3032 1721 3329 1782 opportune
3366 1723 3541 1769 tamen
3577 1715 3644 1769 de
3669 1730 3790 1768 mo-

2221 1803 2368 1857 ribus
2393 1812 2447 1856 et
2466 1803 2533 1857 de
2558 1803 2712 1856 donis
2733 1803 2940 1858 dicatur
2967 1821 2981 1856 :
3005 1803 3252 1858 Animatis
3280 1805 3428 1858 homo
3453 1821 3554 1858 non
3582 1807 3792 1874 percipit

2218 1911 2279 1947 ea
2299 1910 2409 1960 qua:
2433 1904 2547 1947 sunt
2568 1893 2790 1963 Spiritus
2812 1894 2908 1948 Dei
2930 1894 3003 1967 (l.
3035 1895 3153 1950 Cor.
3183 1895 3238 1948 2.
3269 1895 3380 1966 14).

2290 1986 2342 2040 5.
2375 1984 2541 2038 David
2583 1986 2834 2041 Christum
2877 1988 3108 2041 ardenter
3147 1989 3365 2041 amabat.
3392 2018 3464 2028 —
3494 1988 3564 2044 Ut
3608 1990 3785 2058 itaque

2220 2074 2481 2143 dicebam,
2525 2075 2936 2130 sollicitudinem
2976 2079 3344 2147 requiramus,
3394 2095 3500 2133 non
3549 2079 3785 2133 locorum

2219 2178 2445 2232 tantum,
2477 2167 2569 2223 sed
2608 2169 2767 2223 etiam
2798 2170 3050 2238 propositi
3083 2187 3096 2222 :
3128 2178 3286 2239 atque
3313 2179 3437 2224 ante
3463 2171 3639 2224 omnia
3669 2171 3791 2224 ani-

2220 2273 2359 2310 mam
2387 2256 2641 2311 ducamus
2667 2257 2718 2311 in
2751 2258 2921 2327 ipsam
2953 2274 3056 2312 non
3085 2259 3372 2312 habitatam
3405 2269 3623 2314 terram.
3654 2262 3788 2316 Cum

2220 2348 2309 2400 tali
2333 2363 2560 2417 namque
2589 2349 2748 2402 animi
2779 2349 2969 2404 aﬂectu
2999 2349 3181 2404 beatus
3211 2351 3393 2415 David,
3425 2353 3607 2406 urbem
3641 2352 3790 2406 inco-

2221 2436 2336 2490 lens
2357 2446 2411 2490 et
2437 2453 2656 2507 regnum
2685 2437 3058 2492 administrans
3089 2440 3411 2510 inﬁnitisque
3435 2442 3791 2498 circumdatus

2219 2529 2382 2593 curis,
2407 2529 2676 2583 ardentius
2697 2546 2855 2598 quam
2877 2531 2931 2594 ii,
2960 2531 3048 2600 qui
3075 2533 3412 2587 solitudinem
3439 2546 3787 2602 occuparunt,

2220 2621 2387 2672 amori
2419 2620 2614 2674 Christi
2655 2621 2976 2676 adhaerebat.
3025 2623 3311 2695 Lacrymas
3339 2627 3479 2679 enim
3512 2627 3661 2686 illas,
3691 2643 3786 2696 ge-

2220 2710 2417 2774 mitus,
2477 2721 2526 2764 et
2579 2710 2733 2765 ﬂetus
2785 2713 2872 2767 die
2922 2724 3182 2784 nocteque
3231 2716 3449 2782 eﬂ'usos,
3496 2719 3582 2771 vix
3623 2734 3786 2772 unum

2220 2800 2420 2854 duosve
2446 2818 2652 2868 eorum,
2684 2803 2773 2872 qui
2806 2819 2943 2857 nunc
2967 2805 3203 2858 cruciﬁxi
3234 2817 3389 2870 sunt,
3419 2806 3675 2862 exhibere
3703 2809 3787 2860 vi-

2220 2892 2458 2954 deamus,
2488 2895 2531 2946 si
2576 2905 2748 2949 tamen
2780 2896 3038 2964 quispiam
3081 2899 3391 2964 reperiatur.
3425 2898 3606 2967 Neque
3645 2904 3786 2956 enim

2220 2983 2378 3038 ﬂetus
2407 2995 2606 3040 tantum
2636 2988 3008 3042 considerandi
3036 2999 3178 3051 sunt,
3211 2991 3303 3044 sed
3333 2993 3451 3061 quis
3477 2992 3599 3047 illos
3627 2995 3786 3050 emit-

2223 3083 2356 3129 teret
2381 3075 2660 3145 diligenter
2699 3079 3100 3147 perspiciamus.
3133 3080 3246 3134 Non
3281 3082 3416 3136 idem
3448 3093 3530 3138 est
3559 3085 3610 3138 in
3643 3095 3788 3142 tanta

2221 3164 2473 3233 dignitate
2499 3168 2749 3234 posittnn,
2773 3169 2839 3222 ab
2863 3169 3108 3223 omnibus
3137 3171 3320 3226 honori
3351 3174 3606 3240 habitum,
3630 3193 3788 3244 quem

2223 3270 2382 3310 nemo
2423 3257 2694 3326 increpare
2739 3267 2935 3328 posset,
2987 3260 3272 3324 humiliari,
3321 3265 3589 3318 incurvari
3628 3281 3792 3336 Seque

2224 3349 2393 3417 ipsum
2424 3365 2714 3413 macerare,
2744 3360 2901 3419 atque
2939 3351 3040 3406 hoc
3083 3353 3252 3420 ipsum
3296 3353 3470 3409 facere
3509 3356 3676 3416 illum,
3704 3357 3791 3410 cui

2223 3441 2352 3494 nihil
2393 3442 2578 3494 horum
2621 3452 2905 3511 competat.
2948 3443 3220 3512 Siquidem
3267 3445 3430 3499 multa
3470 3462 3562 3500 rex
3609 3446 3788 3509 habet,

2222 3550 2339 3603 qua:
2371 3535 2540 3602 ipsum
2577 3535 2644 3588 ad
2687 3549 2803 3589 sese
2839 3535 3211 3590 eﬂ‘undendum
3254 3537 3537 3603 adducant,
3566 3556 3790 3609 qumque

2222 3624 2514 3692 impediant
2541 3627 2824 3693 quominus
2865 3627 3094 3680 animam
3133 3627 3346 3696 colligat
3373 3644 3543 3680 suam.
3581 3629 3795 3683 lliuruis

2225 3730 2452 3783 namque
2478 3715 2682 3768 deliciis
2711 3724 2766 3768 et
2793 3717 3049 3770 conviviis
3073 3717 3407 3785 dissolvitur,
3432 3735 3493 3771 ac
3520 3721 3695 3773 mollis
3719 3720 3790 3773 ef-

2226 3803 2418 3865 ﬁcitur,
2454 3804 2665 3858 inﬂatur
2693 3808 2926 3875 potentia
2956 3823 3050 3861 sua
3085 3817 3138 3860 et
3168 3809 3218 3860 in
3247 3804 3604 3878 arrogantiam
3633 3811 3790 3865 elice-

2225 3903 2310 3946 tur
2339 3912 2351 3946 :
2387 3895 2529 3947 illum
2553 3896 2737 3964 gloriae
2765 3913 2914 3950 amor
2944 3899 3065 3959 urit,
3114 3914 3212 3952 nec
3262 3901 3436 3952 minus
3481 3915 3794 3969 corporum,

2225 3987 2455 4054 potentia
2501 3989 2730 4055 genitus,
2760 3997 2813 4041 et
2841 3989 3067 4042 mttritus
3104 3989 3328 4042 deliciis.
3363 3991 3441 4043 Ad
3477 3990 3589 4044 haec
3634 4001 3789 4044 cut-a-

2224 4093 2338 4130 rum
2371 4078 2608 4132 turbines
2647 4078 2816 4146 ipsum
2848 4079 3077 4148 undique
3115 4080 3426 4135 invadentes
3465 4098 3567 4134 non
3597 4082 3795 4146 minus,

2223 4183 2379 4237 quam
2427 4169 2500 4221 illi
2542 4169 2632 4222 alii
2673 4168 2912 4233 aﬂ'ectus,
2961 4171 3124 4240 ipsius
3164 4173 3397 4226 animum
3441 4175 3793 4240 perturbant:

2223 4275 2387 4328 quare
2413 4275 2480 4314 ne
2511 4261 2785 4314 minimum
2812 4261 3024 4327 quidem
3051 4265 3388 4333 compunctio
3417 4266 3614 4318 aditum
3643 4267 3793 4319 inve-

2225 4351 2341 4405 nire
2368 4351 2560 4420 poterit
2589 4360 2663 4405 tot
2693 4353 3072 4407 munitionibus
3103 4353 3312 4421 repulsa
3339 4371 3352 4406 :
3385 4371 3528 4424 aegre
3565 4371 3797 4425 namque

2224 4443 2304 4496 vel
2346 4443 2397 4496 in
2438 4443 2611 4495 anima
2649 4443 2730 4496 his
2769 4443 3007 4498 obicibus
3052 4444 3216 4498 libera
3257 4444 3359 4498 hoc
3395 4445 3588 4498 bonum
3634 4446 3796 4499 inseri

2227 4544 2419 4603 potest.
2469 4534 2711 4588 Privatus
2757 4544 2935 4588 autem
2977 4533 3138 4588 homo
3189 4535 3486 4602 hujusmodi
3538 4536 3796 4588 tumultus

2225 4639 2414 4694 expers
2455 4625 2672 4677 omnino
2719 4633 2821 4686 est,
2874 4624 2976 4678 nisi
3027 4624 3094 4678 sit
3141 4624 3426 4678 admodum
3478 4640 3794 4694 perversos;

2225 4716 2568 4787 quamobrem
2596 4730 2714 4769 cum
2742 4715 2932 4770 minori
2961 4714 3269 4770 difﬁcultate
3297 4719 3490 4785 poterit
3516 4718 3650 4770 hanc
3680 4732 3796 4770 rem

2226 4811 2398 4872 adire,
2435 4825 2592 4878 quant
2626 4809 2670 4862 is
2700 4809 2788 4876 qui
2821 4808 2872 4862 in
2918 4811 3171 4878 potentia,
3203 4809 3426 4877 imperio
3451 4819 3499 4862 et
3529 4809 3676 4862 cultu
3705 4808 3799 4861 tali

2223 4901 2388 4970 degit.
2421 4903 2498 4954 Ac
2523 4899 2966 4970 quemadmodum
2997 4899 3233 4964 difﬁcile,
3266 4901 3374 4952 imo
3395 4899 3571 4967 potius
3598 4900 3797 4967 impos-

2226 4994 2378 5047 sibile
2407 5003 2488 5046 est
2516 4993 2689 5062 ignem
2713 5006 2835 5045 cum
2863 5007 2996 5061 aqua
3034 4991 3279 5052 miscere,
3314 4992 3381 5043 ita
3415 5007 3522 5043 non
3548 5001 3675 5058 puto
3703 4989 3794 5043 de-

2224 5085 2372 5140 licias
2399 5093 2452 5138 et
2477 5083 2939 5154 compunct‘iOnem
2968 5083 3122 5135 simul
3150 5097 3268 5135 esse
3300 5097 3455 5150 posse
3485 5099 3503 5134 ε.
3531 5097 3650 5133 nam
3681 5082 3794 5136 hare

2228 5177 2488 5232 contraria
2532 5185 2676 5240 sunt,
2719 5184 2771 5229 et
2819 5189 2978 5227 unmn
3022 5175 3091 5227 ab
3135 5173 3301 5226 altero
3344 5173 3655 5226 dcstruitnr.
3702 5174 3793 5227 Illa

2226 5271 2366 5324 enim
2413 5279 2581 5321 mater
2629 5275 2711 5320 est
2751 5266 3099 5335 lacrymarum
3155 5274 3207 5318 et
3252 5265 3638 5332 temperanlize,
3683 5264 3796 5318 haec

2226 5363 2362 5415 risus
2389 5373 2442 5414 ct
2482 5359 2738 5412 insaniazz
2775 5359 2857 5410 illa
2882 5358 3050 5411 levem
3080 5365 3134 5411 et
3159 5356 3258 5409 alis
3289 5358 3595 5409 instructam
3633 5357 3799 5408 el'ticit

2225 5455 2474 5516 animam,
2506 5451 2586 5505 Ire
2614 5467 2740 5504 vero
2776 5449 2996 5520 plumbo
3025 5449 3320 5516 graviorem
3349 5450 3693 5500 constituunt.
3731 5449 3797 5500 At

2227 5543 2458 5597 nondunt
2487 5542 2537 5594 id
2566 5539 2704 5610 quod
2731 5541 2903 5608 majus
2929 5548 3012 5593 est
3039 5539 3166 5601 dixi,
3201 5538 3448 5591 Davident
3475 5537 3675 5590 scilicet
3701 5537 3794 5590 illo

2226 5645 2463 5702 tempore
2494 5633 2706 5694 vixisse,
2737 5648 2842 5701 quo
2871 5646 2976 5683 non
3002 5639 3142 5683 tanta
3171 5629 3537 5698 postulabatur
3563 5629 3682 5680 vitaz
3706 5628 3793 5680 di-

2221 5710 2474 5794 ligentia;
2507 5740 2604 5777 nos
2639 5733 2811 5775 autem
2844 5737 2984 5776 nunc
3025 5723 3074 5775 in
3104 5731 3373 5776 certamen
3401 5719 3795 5784 descendimus,

2230 5837 2348 5874 eum
2390 5835 2494 5873 non
2541 5817 2641 5872 alia
2688 5815 2844 5870 modo
2873 5815 3080 5881 delicta,
3125 5813 3217 5867 sed
3263 5814 3373 5883 ipse
3418 5812 3554 5867 risus
3594 5814 3801 5879 longius
