4116 6392
383 535 480 590 ι15

379 646 646 700 obnoxius
692 652 774 698 est
814 643 1014 712 ptenis,
1057 642 1150 695 sed
1193 642 1366 696 luctus
1399 649 1454 694 et
1487 636 1701 692 aﬂlictio
1746 635 1940 704 ubique

363 735 641 791 laudatur.
683 735 930 788 Attamen
979 733 1164 787 beatus
1211 732 1298 784 ille
1343 730 1424 782 his
1471 728 1716 782 omnibus
1763 725 1941 779 fractis

379 824 638 885 obicibus,
669 823 744 876 sic
770 822 910 874 illam
939 819 1146 875 fortiter
1173 820 1421 889 suscepit,
1451 817 1601 889 quasi
1629 832 1764 870 unus
1795 824 1942 870 esset

378 930 442 969 ex
466 912 832 974 multitudine,
868 926 930 964 ac
955 927 1024 964 ne
1064 925 1156 980 per
1182 910 1445 964 somnium
1478 907 1688 977 quidem
1721 920 1941 975 regnum

379 1005 642 1072 regiamve
697 1002 1140 1071 magniﬁcentiora
1195 1001 1412 1054 vidisset
1463 1017 1477 1053 :
1529 1008 1836 1067 tantamque
1887 997 1940 1049 in

379 1110 638 1164 purpura,
669 1094 720 1145 in
751 1092 1046 1146 diademate
1074 1101 1127 1145 et
1163 1092 1214 1144 in
1245 1091 1388 1159 regio
1411 1090 1545 1143 solio
1568 1087 1941 1156 compunctio-

381 1201 498 1238 nem
531 1183 796 1247 exhibuit,
827 1191 1075 1251 quantam
1105 1183 1148 1233 is
1177 1183 1264 1249 qui
1294 1181 1346 1233 in
1372 1193 1547 1242 sacco,
1580 1178 1632 1231 in
1661 1177 1860 1242 cinere,
1889 1185 1945 1231 et

376 1273 430 1326 in
464 1271 747 1325 solitudine
785 1270 954 1325 sedet.
996 1271 1230 1325 Atenim
1251 1269 1337 1338 iis,
1369 1267 1561 1337 quibus
1603 1266 1704 1320 hoc
1745 1265 1941 1319 bonum

381 1380 506 1419 vere
546 1364 934 1433 supervenerit,
969 1371 1169 1416 tantum
1215 1361 1378 1414 robur
1415 1360 1656 1422 exhibet,
1687 1365 1940 1426 quantum

379 1456 513 1524 ignis
560 1456 612 1508 in
654 1455 842 1521 spinis.
897 1453 1009 1507 Hoc
1051 1443 1292 1522 quamvis
1339 1449 1606 1504 hominem
1654 1448 1944 1502 innumeris

377 1545 718 1615 praefocatum
760 1544 914 1598 malis
943 1544 1190 1613 reperiat,
1218 1545 1458 1612 quamvis
1490 1541 1670 1595 multis
1699 1547 1942 1610 peccato-

377 1654 498 1693 sum
558 1637 803 1691 funiculis
854 1637 1232 1698 constrictum,
1288 1633 1530 1704 quamvis
1576 1633 1943 1686 vehementem

377 1729 612 1782 oﬁ'endat
638 1727 1185 1796 concupiscentiarum
1213 1725 1500 1790 ﬂammam,
1529 1726 1768 1794 quamvis
1806 1723 1943 1777 mul-

374 1832 489 1875 tum
513 1821 938 1874 circumstantem
961 1819 1289 1874 smcularium
1311 1833 1486 1872 rerum
1512 1817 1811 1879 tumultum,
1833 1815 1945 1870 haec

379 1909 556 1963 Olllllla
583 1908 757 1962 subito
787 1923 882 1963 ceu
908 1908 1136 1977 quodam
1172 1906 1379 1975 ﬂagello
1408 1906 1643 1977 depellit,
1683 1915 1736 1959 et
1761 1904 1944 1975 procul

380 2001 540 2068 abigit
569 2000 634 2054 ab
661 2000 857 2052 anima.
886 2000 963 2054 Ac
991 1997 1432 2067 quemadmodum
1455 2007 1636 2050 contra
1665 1997 1770 2050 vim
1803 1995 1944 2050 venti

379 2089 706 2145 vehementis
734 2105 1016 2158 numquam
1042 2089 1213 2142 tenuis
1237 2089 1408 2157 pulvis
1429 2087 1654 2152 steterit,
1682 2089 1751 2140 ita
1775 2101 1946 2154 neque

381 2180 926 2250 concupiscentiarum
949 2177 1231 2233 multitudo
1255 2163 1676 2246 campunctionis
1698 2176 1946 2246 ingruen-

374 2279 486 2324 tem
515 2273 616 2324 vim
643 2271 904 2324 sustinere
926 2270 1146 2338 poterit,
1176 2268 1270 2324 sed
1297 2270 1384 2323 illa
1413 2269 1722 2335 destruitur,
1753 2267 1946 2338 pulve-

381 2375 546 2430 reque
573 2358 645 2414 ac
685 2359 832 2414 fumo
872 2358 1028 2414 citius
1071 2361 1376 2428 dissipatur.
1409 2359 1538 2413 Nam
1580 2360 1624 2413 si
1662 2374 1946 2429 corporum

380 2467 533 2506 amor
576 2452 806 2505 animam
852 2452 922 2504 ita
967 2452 1225 2520 captivam
1271 2450 1453 2512 efﬁcit,
1499 2460 1556 2505 ut
1593 2451 1661 2506 ab
1701 2452 1947 2506 omnibus

381 2541 523 2595 illam
553 2540 800 2607 abducat,
819 2542 1012 2609 unique
1040 2531 1223 2594 amica:
1244 2541 1505 2611 tyrannidi
1532 2539 1798 2609 subjiciat,
1822 2539 1948 2609 quid

375 2645 489 2684 non
518 2629 717 2685 efﬁciat
739 2645 888 2684 arnor
919 2629 1137 2695 Christi,
1166 2639 1443 2700 metusque
1467 2646 1535 2685 ne
1564 2631 1653 2685 ille
1679 2631 1890 2685 secedat
1915 2645 1945 2684 a

375 2719 577 2774 nobis?
602 2719 754 2787 Quod
779 2728 1066 2789 utrumque
1100 2721 1171 2774 ita
1204 2720 1480 2790 prepbette
1510 2721 1744 2775 animum
1777 2722 1946 2790 agita-

383 2810 491 2874 bat,
533 2819 593 2865 ut
629 2811 914 2880 aliquando
950 2811 1152 2865 diceret
1181 2830 1194 2863 :
1224 2810 1662 2878 Quemadmodum
1699 2811 1949 2865 desiderat

373 2919 554 2956 cervus
578 2902 645 2954 ad
681 2905 842 2972 fontes
867 2918 1136 2971 aquarum,
1163 2903 1232 2954 ita
1261 2901 1513 2955 desiderat
1541 2903 1712 2954 anima
1749 2919 1857 2955 mea
1881 2903 1948 2955 ad

381 3006 450 3062 te,
494 2995 630 3050 Deus
657 2995 824 3066 (Psal.
849 2997 939 3050 41.
984 2996 1075 3067 1);
1119 3011 1182 3050 ac
1224 3011 1426 3060 rursus,
1460 2997 1640 3048 Anima
1675 3013 1786 3049 mea
1819 2996 1948 3049 sicut

375 3095 514 3140 terra
539 3087 645 3140 sine
681 3103 812 3157 aqua
839 3087 963 3152 tibi;
991 3095 1066 3151 et,
1109 3087 1335 3140 Adluesit
1372 3087 1541 3139 anima
1567 3103 1676 3140 mea
1713 3095 1824 3157 post
1863 3095 1948 3150 te;

374 3178 666 3248 aliquando
690 3189 885 3244 autem,
916 3178 1150 3247 Domine,
1177 3195 1239 3232 ne
1269 3181 1513 3251 infurore
1538 3190 1622 3233 tuo
1644 3196 1828 3251 arguas
1847 3195 1944 3241 me,

381 3285 540 3338 neque
577 3269 630 3322 in
659 3269 735 3324 ira
775 3279 862 3323 tua
896 3271 1140 3340 corripias
1166 3287 1244 3324 me
1272 3269 1440 3340 (Psat.
1475 3269 1595 3325 142.
1623 3269 1675 3324 6.
1706 3280 1751 3323 et
1775 3268 1864 3324 62.
1890 3269 1943 3325 9.

373 3371 433 3415 et
451 3361 506 3416 6.
533 3360 612 3432 2).

454 3472 510 3526 4.
550 3470 821 3540 Inscriptio
848 3473 1044 3542 psalmi,
1071 3473 1178 3528 Pro
1205 3483 1410 3538 octava,
1441 3475 1560 3544 quid
1581 3474 1850 3544 signiﬁcat.
1877 3502 1950 3514 —

384 3561 639 3616 Necmibi
669 3564 926 3632 quispiam
959 3563 1284 3633 dicatipsum
1305 3606 1319 3630 ,
1345 3574 1400 3618 ut
1428 3577 1699 3634 peccatum
1742 3565 1948 3634 lugeret

381 3667 569 3717 suum,
593 3651 732 3706 hunc
756 3653 1031 3722 scripsisse
1053 3654 1330 3723 psalmum:
1349 3672 1518 3726 neque
1537 3657 1676 3710 enim
1703 3657 1828 3710 illud
1857 3671 1949 3711 ve-

377 3755 499 3795 rum
517 3750 616 3806 est,
650 3756 819 3811 neque
837 3742 888 3796 id
915 3743 1168 3812 suspicari
1199 3745 1605 3813 permittuutea,
1635 3761 1754 3814 quae
1782 3746 1833 3799 in
1861 3747 1945 3799 in-

381 3831 666 3901 scriptione
687 3841 967 3901 ponuntur.
983 3833 1093 3888 Nisi
1120 3834 1454 3904 eaimposset
1483 3847 1845 3906 argumentum
1869 3836 1946 3890 in-

382 3923 879 3992 scriptumostendi,
904 3923 1042 3978 hunc
1059 3925 1315 3994 psalmum
1331 3927 1518 3981 liceret
1544 3928 1616 3981 illi
1643 3928 1722 3982 rei
1743 3928 1944 3983 adscri-

377 4010 508 4066 bere
537 4013 651 4066 :sin
672 4027 797 4067 vero
826 4012 871 4067 is
888 4014 974 4083 qui
1007 4029 1101 4082 pro
1129 4023 1347 4084 peccato
1372 4015 1544 4071 dictus
1570 4005 1672 4083 est,
1702 4020 1946 4075 omnibus

379 4112 464 4156 est
489 4102 816 4166 manifestus,
837 4103 922 4158 hic
940 4113 1113 4158 autem
1133 4105 1291 4158 aliam
1315 4104 1477 4160 habet
1493 4107 1806 4178 bypothesin
1827 4128 1839 4163 :
1857 4126 1942 4176 ne,

380 4206 579 4260 quaeso,
597 4207 664 4246 ne
683 4192 856 4246 divina
873 4191 1278 4262 confundamus,
1295 4210 1427 4251 neve
1438 4197 1805 4267 dogmatibusa
1828 4199 1947 4269 Spi-

378 4283 480 4335 ritu
498 4282 715 4351 prolatis
729 4283 1200 4338 accommodatiora
1217 4299 1337 4340 esse
1352 4294 1530 4340 nostra
1546 4289 1816 4343 ratiocinia
1834 4305 1947 4358 pro-

381 4375 699 4429 nuntiemus.
725 4375 974 4440 Qumnam
1001 4374 1160 4445 igitur
1183 4385 1266 4431 est
1288 4377 1599 4449 inscriptio?
1621 4377 1726 4433 Pro
1771 4391 1944 4436 octava

380 4464 546 4528 (.Psal.
571 4467 624 4520 6.
645 4465 719 4538 1).
736 4467 987 4533 Quaenam
1005 4485 1130 4523 vero
1151 4477 1232 4522 est
1247 4479 1452 4535 octava,
1471 4471 1570 4524 nisi
1590 4471 1704 4526 dies
1727 4473 1810 4526 illa
1840 4473 1944 4529 Do-

377 4557 505 4610 mini
523 4573 707 4628 magna
725 4569 778 4613 et
806 4560 1108 4629 conspicua,
1139 4568 1199 4614 ut
1223 4561 1461 4616 clibanus
1476 4563 1822 4634 ardens,qu:n
1850 4583 1941 4620 su-

376 4661 568 4716 pernas
587 4649 814 4703 Virtutes
840 4658 1064 4704 tremere
1085 4651 1206 4707 facit
1224 4650 1488 4722 (Virtutes,
1504 4653 1689 4723 inquit,
1708 4655 1942 4709 actorum

374 4742 699 4794 movebuntur
740 4740 954 4813 {Matt/1.
990 4743 1079 4797 24.
1125 4741 1278 4815 29]),
1327 4760 1445 4813 qua:
1500 4747 1673 4814 ignem
1727 4747 1941 4802 exhibet

374 4831 502 4900 Regi
539 4840 663 4886 tunc
694 4832 766 4886 illi
787 4835 1234 4902 prmeurrentem?
1259 4833 1506 4888 Octavam
1536 4848 1709 4891 autem
1738 4840 1942 4892 vocavit

371 4922 548 4986 illam,
577 4930 743 4976 status
772 4923 1112 4978 mutationem
1155 4924 1461 4988 declarans,
1497 4942 1699 4980 necnon
1748 4927 1939 4981 futurae

371 5015 493 5066 vita:
519 5015 932 5068 renovationem.
956 5015 1196 5068 Praesens
1220 5029 1445 5084 namque
1477 5017 1578 5069 vita
1628 5017 1755 5070 nihil
1797 5019 1938 5072 aliud

371 5114 457 5158 est
477 5145 491 5170 ,
522 5119 676 5173 quam
723 5104 1011 5159 behdomas
1054 5120 1155 5159 una
1175 5146 1190 5171 ,
1219 5121 1336 5175 qua:
1365 5106 1471 5159 vita
1502 5107 1682 5175 incipit
1711 5123 1738 5160 a
1772 5109 1936 5176 prima

365 5193 492 5260 die,
520 5193 711 5248 desinit
756 5195 808 5248 in
856 5197 1170 5264 septimam:
1201 5211 1265 5249 ac
1303 5212 1509 5250 rursum
1559 5197 1744 5252 iisdem
1773 5201 1936 5252 inter-

371 5285 523 5340 vallis
572 5286 851 5352 circumit,
882 5297 935 5341 et
955 5278 1190 5344 ad'idem
1238 5288 1550 5358 principium
1590 5293 1850 5357 recurrit,
1884 5301 1936 5345 et

366 5377 420 5429 in
469 5378 626 5431 linem
667 5379 959 5433 descendit.
983 5383 1158 5446 Quare
1186 5390 1422 5436 octavam
1444 5381 1584 5436 diem
1611 5397 1765 5437 nemo
1790 5383 1937 5438 dixe-

365 5474 433 5524 rit
462 5488 580 5527 esse
609 5474 950 5537 Dominieam,
979 5474 1073 5530 sed
1121 5475 1362 5544 primam.
1396 5475 1574 5546 Neque
1613 5477 1752 5530 enim
1803 5478 1933 5532 heb-

367 5563 611 5615 domadis
653 5564 879 5618 circulus
914 5565 964 5618 in
1008 5575 1249 5619 octavum
1289 5582 1568 5621 numerum
1609 5567 1930 5623 extenditur.

362 5651 502 5706 Cum
529 5663 704 5708 autem
733 5655 846 5711 lucc
872 5659 1050 5711 omnia
1079 5659 1403 5712 cessaverint
1437 5669 1491 5712 et
1517 5659 1770 5713 dissoluta
1814 5659 1931 5714 fue-

369 5748 494 5811 rint,
545 5757 668 5803 tunc
707 5749 958 5818 ogdoadis
1011 5764 1196 5804 cursus
1243 5751 1294 5804 in
1336 5751 1569 5807 medium
1618 5749 1928 5806 adducitur:

365 5853 538 5907 neque
575 5839 716 5893 enim
769 5856 977 5895 rursum
1044 5841 1110 5895 ad
1165 5843 1477 5911 principium
1535 5846 1794 5910 recurrit,
1840 5843 1934 5898 sed

365 5928 712 5993 sequentibus
737 5930 1028 5986 intervallis
1050 5931 1232 5988 hmrct.
1265 5933 1522 6005 Propheta
1547 5935 1701 6005 igitur
1717 5935 1762 5988 vi
1782 5949 1932 5989 com—

1106 528 1162 584 S.
1200 525 1478 584 JOANNIS
1519 519 1981 580 CllRYSOSTOMI
2021 519 2333 576 ARCIIIEP.
2373 518 2902 575 CONSTANTINOP.

3505 515 3605 570 M6

2052 635 2346 702 punctionis
2373 636 2675 704 inscriptam
2699 651 2909 704 semper
2946 634 3127 704 judicii
3173 636 3478 690 memoriam
3513 638 3607 689 ha—

2049 725 2160 777 buit
2180 766 2194 783 .
2221 725 2465 795 diemque
2491 727 2633 779 illam
2661 727 2710 780 in
2739 735 2886 780 tanto
2912 727 3058 780 cultu
3084 767 3100 792 ,
3131 726 3180 779 in
3213 728 3370 780 tantis
3408 727 3605 779 divitiis

2045 814 2254 867 assidue
2281 815 2458 869 animo
2484 816 2761 882 versabat,
2793 831 2947 886 quam
2976 831 3072 870 nos
3119 816 3200 870 vel
3254 816 3306 869 in
3358 817 3610 870 azrurnnis

2046 905 2316 958 constituti
2361 906 2446 959 vix
2477 907 2528 959 in
2576 907 2883 962 memoriam
2928 922 3238 962 revocamus
3275 927 3286 961 :
3318 923 3382 962 ac
3414 908 3610 976 judicia

2045 993 2159 1062 ejus
2199 995 2500 1064 frequenter
2549 997 2822 1050 revolvens
2867 997 3008 1052 hunc
3061 997 3273 1066 scripsit
3317 998 3600 1066 psalmum.

2047 1085 2246 1154 Ecquid
2270 1085 2436 1140 dicit?
2465 1085 2708 1151 Domine,
2735 1105 2795 1140 ne
2832 1087 2884 1141 in
2929 1088 3101 1157 furore
3142 1099 3225 1142 tuo
3269 1105 3453 1158 arguas
3496 1105 3605 1152 me,

2046 1191 2203 1246 neque
2247 1177 2300 1230 in
2353 1177 2431 1230 ira
2482 1187 2568 1231 tua
2616 1179 2859 1250 corripias
2912 1195 3024 1246 me,
3082 1179 3314 1236 furorem
3366 1191 3420 1236 et
3471 1182 3602 1236 iram

2046 1267 2314 1335 appellans
2335 1268 2575 1338 supplicii
2607 1268 3024 1326 vehementiam:
3052 1281 3270 1326 noverat
3308 1273 3448 1326 enim
3498 1289 3600 1327 nu-

2047 1372 2167 1412 men
2197 1373 2415 1426 prorsus
2435 1375 2553 1415 esse
2576 1360 2793 1416 aﬁ‘ectus
2817 1377 3046 1432 expers;
3079 1381 3396 1436 quamquam
3433 1374 3607 1421 tamen

2047 1449 2144 1504 sibi
2171 1449 2414 1506 conscius
2445 1461 2559 1505 erat
2580 1493 2595 1518 ,
2623 1467 2726 1507 non
2755 1466 2964 1523 pmnam
2992 1463 3045 1508 et
3069 1454 3377 1525 supplicium
3427 1457 3610 1512 deberi

2045 1541 2182 1606 sibi,
2214 1542 2309 1596 sed
2338 1541 2595 1598 honorem
2620 1553 2674 1598 et
2715 1560 2960 1600 coronas.
2985 1546 3254 1616 Siquidem
3301 1549 3432 1603 ﬁdes
3452 1591 3466 1614 ,
3517 1567 3611 1619 per

2046 1650 2203 1703 quam
2236 1635 2646 1706 alienigenarum
2670 1638 2857 1691 turrim
2897 1638 3188 1704 destruxit,
3218 1649 3271 1694 et
3315 1643 3608 1696 universam

2046 1725 2346 1781 Judznorum
2373 1736 2584 1798 gentem
2614 1745 2677 1784 ex
2699 1731 2825 1798 ipsis
2851 1733 3014 1799 portis
3035 1733 3220 1786 mortis
3258 1735 3483 1803 eripuit,
3511 1733 3609 1788 be-

2047 1818 2292 1874 neﬁcium
2319 1821 2532 1876 inimico
2561 1837 2658 1876 suo
2686 1823 2870 1884 semel,
2901 1823 2983 1878 bis
3002 1833 3056 1879 et
3083 1826 3275 1893 pluries
3291 1826 3605 1894 praestitum,

2045 1923 2110 1964 ac
2129 1925 2237 1978 pra:
2263 1910 2508 1966 omnibus
2524 1912 2699 1966 divina
2728 1913 2794 1967 de
2819 1914 2933 1982 ipso
2970 1914 3168 1983 prolata
3219 1918 3505 1980 sententia,
3531 1927 3612 1971 to-

2050 2007 2153 2052 tam
2183 1999 2280 2053 viri
2302 2001 2548 2056 virtutem
2578 2003 2707 2057 satis
2742 2003 3076 2071 declarabat,
3109 2007 3370 2076 etiamque
3409 2009 3606 2078 magis,

2047 2105 2203 2159 quam
2230 2091 2341 2162 ipsa
2372 2093 2622 2162 praeclare
2641 2103 2811 2164 gesta.
2831 2093 3004 2164 Opera
3033 2096 3226 2166 quippe
3277 2100 3610 2167 quantumvis

2049 2197 2236 2251 magna
2265 2192 2322 2238 et
2341 2183 2646 2239 admiranda
2674 2184 2725 2238 in
2751 2187 2873 2240 mali
2901 2188 3254 2257 suspicionem
3283 2191 3461 2244 vocari
3489 2206 3608 2258 pos-

2047 2281 2202 2338 sunt,
2227 2273 2325 2327 etsi
2353 2283 2409 2327 ut
2431 2275 2714 2344 plurimum
2735 2277 2879 2331 omni
2920 2279 3219 2347 suspicione
3239 2279 3402 2334 libera
3433 2289 3612 2335 essent

2044 2361 2175 2431 justi
2196 2362 2336 2418 illius
2364 2379 2560 2434 opera:
2592 2381 2710 2422 cum
2753 2377 2930 2423 autem
2955 2368 3096 2424 Deus
3139 2370 3252 2440 ipse
3302 2372 3448 2426 testis
3494 2380 3612 2438 est,

2051 2464 2177 2510 tunc
2219 2457 2393 2512 nullus
2439 2467 2521 2513 est
2548 2459 2832 2530 suspicioni
2873 2461 3019 2516 locus
3051 2479 3065 2516 :
3092 2463 3189 2517 nisi
3229 2464 3369 2517 enim
3400 2479 3613 2518 accura-

2058 2550 2323 2606 tissimam
2360 2550 2577 2609 virtutis
2616 2555 2990 2626 probationem
3064 2552 3423 2619 exhibuisset,
3455 2571 3609 2608 num-

2049 2652 2204 2705 quam
2255 2647 2397 2692 esset
2439 2639 2649 2694 cazleSIe
2688 2643 3008 2710 prmconium
3065 2655 3440 2712 consequutus.
3475 2645 3610 2713 Quid

2051 2729 2209 2796 igitur
2232 2728 2299 2782 de
2340 2729 2430 2784 illo
2463 2730 2591 2785 dicit
2619 2731 2791 2785 Deus?
2811 2731 2990 2786 Inveni
3031 2733 3196 2788 Dauid
3234 2735 3396 2800 ﬁlium
3419 2734 3610 2800 Jesste,

2049 2821 2212 2873 virum
2253 2821 2524 2874 secundum
2550 2839 2636 2876 cor
2679 2840 2840 2876 meum
2860 2823 2932 2897 (1.
2954 2822 3080 2896 Reg.
3106 2826 3194 2880 l5.
3226 2827 3337 2897 M).
3368 2829 3613 2883 Attamen

2049 2921 2170 2980 post
2197 2913 2302 2966 tale
2321 2913 2572 2982 judicium
2593 2956 2608 2980 ,
2637 2923 2755 2983 post
2797 2925 2939 2968 tanta
2971 2916 3222 2986 praeclare
3247 2928 3394 2988 gesta
3416 2960 3428 2980 ,
3461 2918 3614 2972 dam-

2049 3010 2292 3058 natorum
2319 3015 2373 3059 et
2402 3005 2596 3060 nullam
2637 3022 2759 3076 erga
2805 3007 2969 3062 Deum
3015 3008 3258 3063 fiduciam
3307 3010 3612 3066 habentium

2049 3093 2211 3148 verba
2240 3093 2489 3162 protulit,
2516 3105 2574 3149 ut
2598 3097 2956 3165 evangelicum
2992 3098 3120 3153 illud
3166 3100 3440 3169 impleret:
3491 3102 3614 3154 Cum

2049 3186 2217 3238 omnia
2248 3185 2490 3253 feceritis,
2531 3187 2717 3255 dicite,
2749 3188 2894 3242 Servi
2921 3189 3122 3244 inutiles
3157 3207 3326 3244 sumus
3357 3190 3502 3264 (Luc.
3526 3193 3611 3246 17.

2050 3275 2162 3348 10).
2207 3276 2344 3344 Quid
2384 3277 2610 3348 amplius
2659 3279 2791 3332 dixit
2838 3279 3148 3349 publicanus
3186 3280 3275 3336 ille
3326 3282 3614 3336 innumeris

2049 3367 2203 3422 malis
2253 3377 2496 3436 onustus,
2545 3372 2634 3439 qui
2662 3384 2728 3423 ne
2769 3370 2818 3422 in
2865 3372 3050 3425 caelum
3096 3369 3307 3440 quidem
3350 3372 3616 3440 respicere

2049 3459 2308 3525 audebat,
2364 3475 2536 3530 neque
2585 3460 2794 3531 longum
2840 3470 3020 3516 texere
3061 3476 3394 3526 sermonem,
3447 3475 3617 3530 neque

2049 3564 2213 3620 prope
2238 3549 2562 3605 Pharismum
2596 3550 2770 3604 stare?
2796 3550 2886 3606 llle
2909 3551 3165 3621 siquidem
3187 3551 3539 3621 exprobrabat
3563 3552 3614 3606 ei

2049 3644 2265 3698 dicens:
2295 3642 2416 3697 Non
2436 3661 2543 3697 sum
2572 3644 2699 3698 sicut
2727 3645 2891 3697 cteteri
2929 3645 3189 3698 hominum
3213 3686 3227 3709 ,
3267 3653 3512 3713 raptores,
3539 3645 3616 3697 in-

2041 3735 2198 3804 justi,
2223 3719 2475 3794 adulleri,
2509 3744 2594 3786 aut
2631 3734 2755 3787 sicut
2783 3735 2864 3787 ln'c
2886 3735 3183 3806 publicanus
3210 3733 3360 3802 (Luc.
3388 3735 3472 3789 18.
3493 3735 3614 3804 ll):

2051 3825 2134 3878 hic
2161 3840 2285 3879 vero
2314 3839 2374 3878 ac
2399 3825 2442 3878 si
2473 3825 2601 3880 nihil
2640 3825 2828 3879 durum
2857 3827 3123 3889 audisset,
3147 3826 3343 3880 dictum
3373 3827 3612 3895 excepit,

2049 3931 2111 3969 ac
2141 3932 2243 3970 non
2276 3916 2433 3970 modo
2473 3916 2774 3987 indignatus
2809 3931 2912 3971 non
2959 3927 3073 3981 est,
3118 3917 3211 3972 sed
3261 3918 3416 3971 etiam
3466 3917 3613 3970 illum

2049 4007 2147 4061 sibi
2171 4009 2609 4063 contumeliosum
2640 4018 2692 4062 et
2713 4017 3046 4078 arrogantem
3069 4050 3085 4075 ,
3112 4017 3259 4062 tanto
3297 4008 3471 4062 affecit
3517 4008 3614 4061 ho«

2049 4113 2211 4162 nore,
2243 4107 2301 4152 ut
2338 4115 2403 4152 ne
2438 4108 2578 4153 terra
2624 4099 2866 4169 quidem,
2912 4115 3069 4170 quam
3117 4100 3205 4153 ille
3255 4100 3613 4165 calcabat,se
3663 4083 3666 4086 i

2047 4188 2262 4258 dignutn
2295 4190 2656 4244 existimaret:
2678 4204 2740 4244 ac
2769 4189 2988 4244 verbum
3021 4189 3231 4259 quidem
3260 4190 3458 4243 nullum
3487 4205 3612 4260 pro-

2049 4280 2200 4345 tulit,
2219 4280 2321 4336 nisi
2343 4289 2399 4335 ut
2419 4282 2762 4336 conﬁteretur
2788 4289 3004 4351 peccata
3047 4295 3140 4334 sua
3165 4296 3180 4347 ;
3209 4287 3393 4351 pectus
3431 4291 3609 4334 autem

2046 4371 2353 4442 frequenter
2408 4373 2740 4443 percutiens,
2795 4375 2874 4430 sic
2920 4374 3136 4444 rogabat
3185 4374 3283 4428 sibi
3326 4373 3608 4443 propitium

2045 4478 2161 4519 esse
2185 4465 2371 4518 Deum.
2394 4464 2498 4520 Sed
2526 4466 2664 4534 quod
2690 4466 2804 4519 haec
2831 4474 3043 4536 ageret,
3073 4465 3204 4519 nihil
3233 4466 3453 4519 mirum:
3486 4481 3607 4518 nam

2043 4563 2380 4624 peccatorum
2401 4554 2680 4608 multitudo
2705 4554 2854 4608 illum
2877 4594 2892 4620 ,
2929 4555 3089 4609 vellet
3108 4554 3304 4619 nollet,
3337 4553 3479 4608 humi
3519 4570 3609 4608 re-

2044 4644 2252 4718 Spicere
2275 4646 2495 4715 cogebat
2518 4663 2530 4698 :
2551 4645 2689 4714 quod
2705 4654 2882 4699 autem
2901 4645 3075 4715 justus
3095 4654 3146 4699 et
3171 4646 3431 4699 nullorum
3457 4645 3608 4699 simi-

2045 4735 2171 4789 lium
2215 4737 2312 4790 sibi
2340 4736 2612 4801 conscius,
2640 4751 2759 4790 cum
2805 4735 2989 4790 eadem
3029 4751 3129 4804 qua
3177 4735 3480 4804 publicanus
3525 4736 3606 4787 sui

2043 4826 2429 4894 improbatione
2470 4825 2718 4891 accedat,
2759 4826 2885 4880 illud
2924 4840 3052 4879 sane
3105 4825 3345 4880 mirabile
3394 4834 3510 4891 est,
3555 4835 3606 4881 et

2043 4921 2204 4974 animi
2229 4936 2353 4974 vere
2379 4920 2592 4973 contriti
2617 4920 2846 4989 signum.
2887 4919 2970 4972 Ab
3000 4918 3090 4972 illo
3141 4919 3280 4973 enim
3304 4960 3317 4982 ,
3345 4917 3602 4987 PrOpitius

2039 5021 2145 5064 esto
2179 5013 2310 5068 mihi
2361 5012 2622 5082 peccaturi
2659 5007 3046 5084 (Ibid.15),in
3076 5025 3180 5078 quo
3219 5008 3394 5064 differt
3436 5008 3596 5073 illud,

2043 5101 2275 5165 Domine,
2301 5107 2621 5171 ueinlurore
2655 5111 2740 5155 tuo
2765 5117 2952 5170 arguas
2993 5117 3099 5168 me,
3147 5117 3302 5170 neque
3327 5103 3378 5154 in
3421 5102 3498 5154 ira
3523 5113 3607 5153 tua

2041 5193 2286 5261 corripias
2311 5209 2388 5245 me
2409 5191 2576 5263 (Psal.
2605 5192 2660 5247 6.
2691 5192 2786 5263 2)?
2815 5192 2926 5246 lmo
2957 5193 3128 5262 potius
3153 5193 3253 5246 hoc
3281 5208 3437 5262 quam
3476 5194 3605 5246 illud

2043 5283 2196 5352 longe
2215 5283 2386 5349 majus
2410 5292 2510 5337 est.
2529 5283 2661 5338 Nam
2683 5283 2992 5352 publicanus
3009 5298 3075 5336 ne
3098 5282 3162 5336 ad
3185 5283 3374 5337 cmlum
3396 5287 3604 5354 quidem

2040 5374 2302 5442 respicere
2326 5373 2585 5438 audebat;
2610 5374 2785 5444 justus
2815 5383 2994 5428 autem
3025 5375 3198 5443 majus
3227 5375 3495 5443 quidpiam
3528 5378 3604 5427 fa-

2041 5464 2236 5518 ciebat.
2269 5464 2362 5517 ille
2382 5464 2611 5529 diccbat,
2646 5462 2907 5532 Propitius
2931 5474 3032 5516 esto
3058 5465 3213 5528 milii;
3243 5463 3329 5517 hic
3372 5479 3438 5517 ne
3477 5462 3603 5518 illud

2039 5557 2250 5621 quidem
2300 5556 2480 5612 dicere
2530 5556 2776 5610 audebat.
2834 5555 3013 5625 Neque
3055 5556 3196 5609 enim
3243 5556 3478 5621 dicebat,
3524 5554 3604 5608 Νι

2038 5663 2222 5718 arguas
2264 5662 2343 5698 me
2363 5648 2402 5712 ί,
2434 5645 2549 5710 sed,
2591 5645 2672 5700 Ne
2698 5647 2750 5699 in
2795 5650 2967 5716 furore
2994 5656 3116 5710 tuo;
3145 5660 3313 5714 neque
3333 5685 3349 5710 ,
3379 5644 3457 5698 Ne
3494 5661 3606 5696 cor-

2037 5737 2194 5806 ripias
2223 5753 2318 5798 me,
2342 5736 2436 5791 sed
2457 5777 2472 5800 ,
2506 5734 2587 5789 Ne
2613 5736 2762 5789 inira
2789 5746 2914 5789 tua:
2937 5751 3038 5789 non
3069 5750 3252 5803 pmnas
3299 5751 3403 5788 non
3458 5736 3604 5789 luere

2045 5826 2314 5897 jostulans
2334 5867 2348 5890 ,
2377 5825 2472 5881 sed
2519 5842 2624 5882 non
2657 5835 2760 5881 tam
2785 5825 3154 5881 vehementes:
3187 5825 3252 5878 ita
3285 5834 3344 5879 ut
3373 5824 3601 5895 undique

2101 5941 2114 5971 ¹
2151 5941 2222 5990 sic
2253 5941 2380 5992 Coll).
2409 5939 2611 5993 etsavil.
2641 5948 2688 5992 In
2712 5938 2870 5991 δίωτοι.
2897 5943 3113 6003 (pandam
3136 5939 3356 5988 deerant.
