4116 6392
295 429 402 485 415

293 541 409 614 εχει
442 543 540 614 τὴν
569 542 808 608 κόλασιν,
835 543 1135 598 ἐπαινεῖται
1158 545 1216 599 δέ
1243 545 1518 616 πανταχοῦ
1543 546 1604 598 16
1636 547 1853 600 πενθεῖν
1883 547 1976 600 καὶ¹

291 632 358 686 16
380 631 673 685 Θλίϐεσθαι.
705 631 841 684 Ἀλλ’
866 634 1014 703 ὅμως
1037 636 1066 688 6
1089 635 1358 707 μακάριος
1380 635 1582 697 ἐκεῖνος
1608 635 1784 687 πάντα
1804 633 1977 688 ταῦτα

293 720 555 792 διακόψας
581 722 668 775 ’τά
717 712 1034 788 κωλύματα,
1085 722 1258 786 οὕτως
1299 722 1470 792 αὐτῆς
1517 721 1815 775 ἐπελάϐετο
1857 738 1978 790 σφο-

294 808 458 879 δρῶς,
486 810 562 872 ώς
589 809 697 862 τῶν
732 809 938 864 πολλῶν
967 805 1046 874 εἷς
1086 809 1183 877 ῶν,
1206 811 1300 864 καὶ
1330 809 1463 880 μηδέ
1495 809 1628 881 ὄναρ
1663 809 1792 862 ποτὲ
1834 808 1979 878 βασι-

295 896 462 959 λείαν,
498 897 631 966 μηδὲ
673 898 772 968 τὴν
808 899 866 950 ἐν
901 897 1188 968 βασιλείοις
1228 896 1576 951 πολυτέλειαν
1620 897 1974 966 θεασάμενος,

294 986 389 1037 καὶ
417 985 683 1056 τοσαύτην
704 987 760 1037 ἐν
789 985 1062 1057 ἁλουργίδι
1088 988 1183 1038 καὶ
1209 985 1498 1056 διαδήματι
1518 984 1611 1038 καὶ
1635 983 1808 1055 θρόνῳ
1834 983 1980 1054 βασι-

269 1140 271 1142 ,
293 1073 428 1143 λικῶ
444 1074 540 1145 τὴν
563 1075 849 1142 κατάνυξιν
870 1074 1018 1148 [145]
1041 1073 1366 1139 ἐπεδείξατο,
1385 1075 1516 1146 ὅσην
1535 1075 1562 1126 6
1588 1075 1646 1128 ἐν
1669 1075 1857 1144 σάκκῳ
1886 1075 1978 1126 καὶ

297 1161 474 1233 σποδῷ
515 1163 608 1215 καὶ
651 1163 708 1215 ἐν
755 1162 961 1234 ἐρημίᾳ
991 1163 1315 1233 καθήμενος.
1350 1162 1460 1214 Καὶ
1500 1161 1608 1232 γάρ
1638 1158 1717 1225 οἷς
1750 1161 1813 1214 ἂν
1843 1178 1976 1231 γνη-

297 1249 425 1312 σίως
455 1249 611 1302 τοῦτο
650 1250 1024 1321 παραγένηται
1050 1249 1111 1303 τὸ
1147 1249 1330 1312 καλὸν,
1365 1249 1634 1320 τοσαύτην
1671 1248 1976 1302 ἐπιδείκνυ-

293 1353 384 1390 ται
417 1336 514 1407 τὴν
543 1339 714 1408 ἰσχὺν.
732 1338 862 1408 ὅσην
885 1338 943 1391 ἐν
969 1339 1087 1401 ταῖς
1115 1336 1380 1400 ἀκάνθαις
1406 1337 1466 1389 16
1483 1337 1614 1406 πῦρ.
1634 1336 1803 1388 Τοῦτο
1824 1348 1850 1376 ι
1875 1335 1978 1390 κᾶν

295 1424 399 1476 ὑπὸ
429 1424 634 1494 μυρίων
659 1423 960 1496 ἀγχόμενον
997 1423 1132 1495 εὓρῃ
1173 1423 1379 1487 κακῶν,
1411 1422 1512 1477 κᾶν
1548 1422 1716 1476 πολλά
1740 1422 1809 1475 τά
1841 1440 1980 1493 σχοι-

293 1513 382 1564 νία
417 1511 524 1564 τῶν
569 1511 979 1583 ἁμαρτημάτων
1014 1511 1424 1582 περικείμενον,
1467 1509 1568 1563 κᾶν
1611 1509 1844 1580 σφοδρὰν
1871 1509 1978 1562 τῶν

295 1599 597 1671 ἐπιθυμιῶν
628 1599 725 1672 τὴν
758 1599 930 1669 φλόγα
955 1601 1238 1664 καίουσαν,
1261 1598 1366 1653 κάν
1388 1598 1556 1651 πολὺν
1581 1597 1688 1651 τῶν
1713 1597 1978 1667 βιωτικῶν

297 1687 634 1758 πραγμάτων
674 1687 1013 1758 περιεστῶτα
1053 1686 1300 1759 θόρυϐον,
1336 1686 1513 1740 πάντα
1552 1687 1733 1738 ἐκεῖνα
1778 1684 1979 1748 εὐθέως

298 1775 499 1848 σφοδρᾷ
527 1793 628 1830 τινι
653 1776 876 1848 μάστιγι
907 1776 1027 1830 κατ’
1051 1775 1222 1848 ἄκρας
1247 1775 1277 1816 δ
1305 1774 1601 1830 ἐλαύνουσα
1634 1773 1822 1846 πόρρω
1845 1772 1979 1828 καθ-

300 1864 477 1934 ίστησι
518 1851 614 1935 τῆς
658 1864 859 1936 ψυχῆς.
887 1866 999 1919 Καὶ
1041 1865 1292 1936 καθάπερ
1320 1865 1458 1936 πρὸς
1486 1864 1686 1934 ἀνέμου
1721 1863 1842 1933 βίαν
1878 1865 1978 1934 ῥα-

295 1951 484 2020 γδαίου
533 1955 633 2006 ούκ
675 1954 740 2008 ἀν
786 1970 916 2006 ποτε
944 1953 1106 2025 σταίη
1154 1955 1303 2017 κόνις
1331 1953 1522 2023 λεπτὴ,
1561 1951 1731 2016 οὕτως
1771 1951 1980 2005 οὐδὲτὸ

294 2040 403 2092 τῶν
442 2039 743 2112 ἐπιθυμιῶν
781 2040 987 2112 πλῆθος
1023 2039 1368 2105 κατανύξεως
1407 2041 1587 2112 ῥύμην
1634 2039 1979 2111 ἐμπεσοῦσαν

294 2127 579 2200 δυνήσεται
623 2129 888 2198 ἐνεγκεῖν,
912 2128 1028 2182 ἀλλ’
1073 2127 1394 2198 ἀφανίζεται
1445 2129 1539 2180 καὶ
1584 2128 1848 2198 διαχεῖται
1887 2127 1981 2180 καὶ

295 2215 495 2279 κόνεως
523 2217 616 2271 καὶ
645 2215 853 2270 καπνοῦ
889 2216 1081 2271 θᾶττον
1113 2217 1334 2279 παντός.
1370 2217 1432 2269 Εἰ
1457 2217 1566 2286 γὰρ
1598 2217 1626 2268 ὀ
1652 2216 1760 2268 τῶν
1796 2215 1981 2285 σωμά-

296 2319 403 2354 των
436 2302 572 2374 ἐρως
596 2302 738 2357 οὕτω
765 2303 1047 2358 δουλοῦται
1076 2303 1177 2374 τὴν
1213 2301 1414 2373 ψυχὴν,
1453 2301 1528 2365 ὡς
1561 2302 1775 2355 πάντων
1813 2301 1980 2371 αὐτὴν

297 2391 624 2459 ἀπαγαγεῖν,
649 2391 743 2446 καὶ
777 2393 846 2464 τῇ
872 2391 973 2462 τῆς
1007 2390 1289 2463 ἐρωμένης
1325 2389 1672 2462 προσηλῶσαι
1710 2389 1980 2461 τυραννίδι

300 2477 458 2552 μόνῃ.
482 2479 533 2531 τί
567 2480 665 2532 οὐκ
700 2480 767 2532 ἂν
801 2480 830 2532 6
863 2479 957 2533 τοῦ
992 2479 1230 2549 Χριστοῦ
1267 2477 1430 2541 πόθος
1456 2480 1771 2549 ἐργάσαιτο,
1807 2480 1900 2530 καὶ
1921 2478 1982 2530 τὸ

295 2565 413 2629 δέος
434 2566 531 2637 τῆς
555 2566 762 2620 ἐκείνου
795 2566 1202 2638 ἀλλοτριώσεως
1225 2577 1243 2606 ε
1271 2584 1285 2631 ;
1306 2567 1483 2639 "A1159
1511 2567 1794 2640 ἀμφότερα
1812 2568 1980 2621 ταῦτα

295 2652 468 2718 οὕτως
501 2654 729 2726 ἔστρεφε
768 2654 862 2708 τοῦ
918 2657 1193 2726 προφήτου
1231 2657 1328 2726 τὴν
1362 2654 1560 2726 ψυχὴν,
1591 2655 1664 2718 ώς
1709 2655 1840 2707 ποτὲ
1885 2656 1980 2726 μὲν

296 2741 472 2810 λέγειν
496 2759 511 2774 ο
539 2745 648 2796 Ὃν
681 2746 907 2812 τρόπον
941 2743 1220 2799 ἐπιποθεῖ
1252 2745 1291 2811 ἠ
1332 2742 1559 2812 ἔλαφος
1599 2744 1695 2796 ἐπὶ
1731 2743 1836 2809 τὰς
1873 2760 1984 2811 πη-

299 2831 408 2902 ⁸βὰς
438 2829 556 2884 τῶν
586 2829 837 2898 ὑδάτων,
873 2830 1062 2898 οὕτως
1090 2830 1364 2884 ἐπιποθεῖ
1395 2831 1434 2898 ἠ
1475 2830 1644 2899 ψυχή
1679 2848 1796 2899 μου
1835 2829 1983 2899 πρὸς

299 2919 393 2982 σὲ,
425 2921 457 2973 ό
491 2919 662 2984 Θεόςο
705 2919 800 2972 καὶ
829 2918 1012 2985 πάλιν,
1045 2918 1107 2978 Ἠ
1141 2917 1312 2986 ψυχή
1338 2934 1457 2987 μου
1498 2917 1577 2982 ὠς
1617 2915 1694 2987 γῆ
1726 2917 1984 2985 ἄνυδρός

299 3022 426 3061 σοι·
458 3007 571 3069 καὶ,
619 3006 962 3076 Ἐκολλήθη
1001 3007 1040 3075 ’ἡ
1089 3004 1258 3074 ψυχή
1300 3022 1420 3074 μου
1449 3005 1640 3058 ὀπίσω
1672 3019 1819 3058 σου·
1855 3005 1984 3058 ποτὲ

298 3091 375 3155 δὲ,
402 3093 598 3161 Κύριε.
617 3092 702 3162 μὴ
727 3088 807 3162 τῷ
832 3091 998 3164 θυμῷ
1018 3108 1135 3148 σου
1156 3092 1414 3164 ἐλέγξῃς
1437 3111 1534 3163 με,
1555 3093 1710 3162 μηδὲ
1739 3090 1812 3161 τῇ
1840 3091 1985 3162 ὀργῇ

302 3195 421 3234 σου
443 3180 781 3251 παιδεύσῃς
796 3199 893 3252 με.

371 3267 434 3322 δ’.
469 3267 580 3319 Καὶ
614 3269 688 3338 μή
728 3285 816 3339 μοι
857 3267 1064 3337 λεγέτω
1101 3285 1206 3332 τις,
1239 3270 1321 3323 δτι
1365 3269 1464 3340 τὴν
1507 3267 1783 3340 ἁμαρτίαν
1821 3266 1984 3320 αὐτοῦ

303 3354 516 3408 πενθῶν
539 3356 728 3409 τοῦτον
755 3355 960 3427 ἔγραψε
985 3356 1076 3410 τὸν
1100 3356 1333 3428 ψαλμόν·
1373 3359 1432 3411 ού
1454 3355 1560 3429 γὰρ
1587 3357 1783 3426 ἀληθὲς
1805 3354 1982 3414 τοῦτο,

301 3442 424 3495 ούδέ
471 3443 691 3512 ἀφίησιν
718 3442 744 3483 ἀ
773 3443 1114 3497 ὑποπτεῦσαι
1163 3462 1214 3497 τι
1253 3444 1489 3498 τοιοῦτον
1539 3445 1606 3497 τὰ
1655 3446 1991 3513 ἐπιγεγραμ-

306 3531 442 3602 μένα
462 3532 666 3586 ἀνωθεν
690 3532 1011 3604 γράμματα.
1035 3534 1098 3586 Εἰ
1123 3533 1218 3603 μὲν
1240 3534 1346 3606 γάρ
1379 3534 1564 3606 μηδεὶς
1591 3529 1703 3603 εἶχε
1725 3533 1823 3602 τὴν
1858 3530 1990 3584 ὑπό-

303 3622 450 3676 θεσιν
483 3623 653 3690 δεῖξαι
687 3624 1218 3696 προγεγραμμένην,
1245 3625 1371 3695 ἐνῆν
1409 3622 1488 3694 τῷ
1529 3623 1838 3694 βουλομένῳ
1867 3618 1991 3672 τοῦ-

303 3730 394 3766 τον
423 3713 652 3777 ἐκείνοις
687 3714 926 3786 ἁρμόσαι
960 3716 1071 3778 τοῖς
1103 3715 1393 3786 πράγμασι
1435 3714 1528 3766 τὸν
1567 3712 1812 3783 ψαλμόνο
1854 3712 1901 3762 εί
1932 3710 1990 3763 65

304 3802 334 3854 6
359 3802 441 3854 ἐπ’
466 3801 694 3865 ἐκείνοις
717 3801 929 3872 λεχθεὶς
955 3813 978 3842 ε
1000 3801 1156 3873 δῆλός
1193 3805 1362 3868 ἐστιν,
1400 3795 1555 3864 οὗτος
1575 3801 1630 3854 65
1658 3801 1850 3871 ἐτέραν
1880 3800 1992 3868 ἔχει

304 3887 405 3958 τὴν
444 3886 716 3951 ὑπόθεσιν,
747 3888 841 3958 μὴ,
893 3888 1213 3958 παρακαλῶ,
1259 3888 1332 3960 μὴ
1374 3888 1694 3959 συγχέωμεν
1744 3886 1814 3940 τά
1851 3886 1990 3948 θεῖα,

313 3975 447 4046 μηδέ
486 3975 593 4028 τῶν
635 3975 742 4028 ὑπὸ
772 3974 1089 4045 Πνεύματος
1121 3977 1425 4048 εἰρημένων
1457 3975 1742 4046 δογμάτων
1788 3991 1992 4044 κυριω⁴

308 4062 500 4132 τέρους
549 4057 688 4115 εἶναι
741 4063 867 4126 τοὺς
912 4062 1216 4134 ἡμετέρους
1260 4062 1625 4133 ψηφιζώμεθα
1679 4060 1992 4132 λογισμούς.

310 4151 407 4214 Τίς
432 4146 524 4204 οὖν
552 4151 698 4205 ἐστιν
717 4153 750 4220 ἡ
777 4152 1055 4223 ἐπιγραφή
1085 4167 1100 4215 ;
1134 4151 1303 4220 Ὑπὲρ
1325 4151 1431 4218 τῆς
1453 4150 1690 4220 ὀγδόης,
1719 4151 1873 4221 φησί.
1899 4150 1995 4212 Τίς

310 4237 367 4290 δέ
393 4240 537 4292 ἐστιν
576 4241 608 4310 ή
648 4239 830 4310 ὀγδόη,
858 4239 1029 4308 ἀλλ’ἢ
1061 4239 1094 4309 ἡ
1143 4238 1324 4311 ἡμέρα
1359 4238 1450 4292 τοῦ
1485 4239 1689 4310 Κυρίου
1722 4239 1751 4309 ἡ
1787 4238 1995 4310 μεγάλη

311 4324 407 4377 καὶ
438 4324 726 4395 ἐπιφανὴς,
760 4326 793 4396 ἡ
832 4325 907 4388 ὼς
936 4324 1188 4388 κλίϐανος
1224 4325 1512 4396 καιομένη,
1561 4327 1595 4396 ἡ
1635 4327 1728 4378 καὶ
1757 4328 1856 4388 τάς
1881 4315 1997 4377 ’ἀνω

311 4412 568 4483 δυνάμεις
602 4413 825 4484 τρέμειν
854 4412 1345 4484 παρασκευάζουσα
1378 4412 1837 4481 (Σεισθήσονται
1865 4413 1994 4482 γάρ,

315 4503 466 4572 φησὶ,
499 4500 596 4554 καί
630 4499 914 4570 δυνάμεις
945 4499 964 4539 ί
995 4499 1114 4554 τῶν
1147 4497 1463 4569 οὐρανῶν),
1489 4501 1521 4570 ἠ
1546 4498 1658 4570 πῦρ
1681 4498 1996 4552 δεικνύουσα

312 4586 612 4658 προτρέχον
645 4585 737 4639 τοῦ
771 4586 1034 4657 βασιλέως
1065 4587 1185 4639 τότε
1207 4587 1451 4652 ἐκείνου;
1493 4586 1716 4658 Ὀγδόην
1745 4586 1801 4638 δὲ
1828 4587 1998 4658 αὐτὴν

313 4676 556 4741 ἐκάλεσε,
597 4675 659 4729 16
693 4677 793 4747 τῆς
837 4677 1221 4741 καταστάσεως
1255 4676 1656 4749 ἐνηλλαγμένον
1691 4677 1992 4747 ἐμφαίνων,

313 4766 408 4818 καὶ
459 4764 557 4835 τῆς
602 4764 898 4837 μελλούσης
946 4764 1092 4835 ζωῆς
1131 4767 1231 4837 τὴν
1270 4767 1587 4820 ἀνανέωσιν.
1625 4767 1682 4818 '0
1738 4766 1838 4836 μὲν
1887 4767 1997 4839 γὰρ

236 4861 247 4867 ’
314 4852 503 4924 παρὼν
542 4853 655 4924 βίος
706 4853 856 4906 οὐδὲν
903 4853 1087 4925 ἕτερόν
1130 4854 1304 4916 ἐστιν,
1347 4853 1462 4908 ἀλλ’
1513 4853 1547 4924 ἦ
1589 4853 1823 4924 ἑϐδομὰς
1875 4854 1994 4922 μία,

314 4936 613 5006 ἀρχόμενος
663 4937 763 5007 μὲν
805 4935 915 4990 ἀπὸ
951 4937 1050 5008 τῆς
1101 4937 1324 5009 πρώτης
1365 4938 1597 5010 ἡμέρας,
1634 4939 1900 4992 τελευτῶν
1941 4939 1998 4992 δὲ

314 5019 394 5079 είς
421 5018 517 5088 τὴν
546 5018 802 5090 ἑϐδόμην,
832 5020 926 5073 καὶ
959 5019 1122 5073 πάλιν
1163 5024 1276 5084 τοῖς
1309 5022 1492 5085 αὐτοῖς
1526 5023 1998 5094 ἀνακυκλούμενος

314 5099 662 5172 διαστήμασι,
698 5103 792 5156 καὶ
828 5105 907 5166 είς
935 5103 1033 5174 τὴν
1062 5104 1231 5176 αὐτὴν
1274 5105 1438 5158 ἀνιὼν
1477 5105 1670 5177 ἀρχὴν,
1703 5106 1794 5160 καὶ
1824 5123 1997 5159 κατα-

316 5182 518 5239 ϐαίνων
561 5186 642 5250 είς
674 5187 774 5256 τὴν
801 5187 1077 5254 τελευτήν.
1108 5188 1307 5260 Διόπερ
1339 5188 1530 5260 ὀγδόην
1571 5189 1783 5261 ἡμέραν
1811 5190 1910 5242 ούκ
1931 5190 1998 5243 ἄν

315 5281 400 5330 τις
433 5269 574 5321 εἴποι
604 5269 734 5322 ποτέ
779 5269 877 5340 τὴν
913 5270 938 5308 ε
966 5270 1270 5340 Κυριακὴν,
1318 5271 1453 5324 ἀλλά
1503 5271 1753 5342 πρώτηνο
1780 5273 1840 5325 ού
1889 5271 1996 5344 γάρ

317 5350 612 5405 ἐκτείνεται
653 5354 733 5415 εἰς
775 5351 959 5421 ὃγδοον
995 5352 1228 5424 ἀριθμὸν
1268 5355 1296 5406 6
1333 5355 1430 5424 τῆς
1453 5354 1744 5425 ἑϐδομάδος
1776 5354 1994 5420 κύκλος.

381 5454 410 5524 ξ
433 5454 588 5524 Τοῦτο
607 5454 822 5524 dgegljn
838 5457 979 5524 polb.
1003 5457 1117 5507 Mox
1145 5457 1278 5508 idem
1306 5459 1582 5522 ἀγχόμενος,
1607 5467 1659 5508 el.
1676 5460 1994 5524 περικείμενα.

321 5513 595 5582 lnfrajdem
607 5520 695 5582 τὸν
715 5520 957 5582 Θὸρυϐον
1349 5513 1364 5548 "

380 5576 564 5644 b_S_ic'e
587 5579 722 5644 (ομ).
752 5576 804 5628 έι
828 5578 980 5630 Savil.
1007 5582 1368 5644 rescripsimus,
1391 5580 1564 5630 Morel.
1587 5587 1638 5630 et
1659 5595 1718 5632 ex
1744 5595 1806 5631 eo
1826 5583 1993 5633 Monlf.

317 5641 424 5688 κατ’
445 5640 608 5704 ᾀκραν.
632 5641 765 5690 Εοιτ.

384 5706 406 5768 °_
437 5702 861 5768 ροψπῇςέκεῖθεν
881 5703 1254 5768 ἀλλοτριώσεως.
1271 5702 1326 5752 In
1339 5704 1516 5753 eodem
1541 5718 1651 5754 mox
1675 5704 1992 5756 ταῦταόρρει.

383 5760 407 5800 δ
433 5763 566 5828 Cplb-
593 5760 702 5828 οὐδὲ
721 5760 1047 5828 γὰρξάφίησκινῖ

386 5837 411 5866 ο
436 5824 574 5890 (ξοην.
601 5827 641 5873 εί
663 5827 714 5874 65
735 5824 764 5873 6
788 5824 1054 5890 μὲνέκεῖνα
1072 5827 1266 5890 λεχθείς.
1288 5826 1437 5890 ΡδιιΙο
1455 5834 1564 5890 pos!
1583 5827 1714 5890 idem
1736 5828 1998 5890 πνεύματος

323 5884 572 5958 δογμάτων
615 5884 927 5951 κυριωτέρους
969 5888 1085 5936 εἶναι
1115 5884 1225 5943 τοὺς
1245 5884 1501 5950 ἡμετέροὺς
1545 5888 1825 5952 ἀξιώσωμεν
1855 5884 1995 5952 ’λογιέ

391 5963 575 6083 ξ’ξξριι).
589 6010 747 6083 φησὶν,
771 6010 1070 6083 αίλδνχάμεις-
1105 6073 1114 6082 _

386 6069 413 6112 Ι
434 6070 518 6127 Εἰς
536 6069 769 6128 τελευτήν.
803 6069 1001 6132 Ὀγδιην
1026 6073 1200 6134 ἡμέραν
1226 6072 1313 6122 οὐκ
1334 6072 1389 6120 ἀν
1411 6073 1658 6134 προσείποι
1684 6073 1912 6131 τὴνΛΪυιὺ

1217 429 1306 484 DE
1339 429 1902 496 CUMPUNCTIONE,
1945 431 2034 485 AD
2069 431 2542 488 STELECHIUM.
2591 433 2718 488 LIB.
2761 433 2821 488 Il.

3662 439 3762 494 ΗΒ

2089 547 2260 601 Ὅταν
2299 547 2354 600 65
2395 548 2565 601 ταῦτα
2608 549 2784 602 πάντα
2819 548 3094 620 παύσηται
3134 548 3229 603 καὶ
3269 549 3564 623 καταλυθῇ,
3593 554 3710 606 τότε
3741 558 3772 611 6

2081 631 2186 701 τῆς
2213 632 2464 701 ὀγδοάδος
2491 635 2690 705 δρόμος
2729 637 2808 694 είς
2839 633 3002 704 μέσον
3043 633 3265 700 ἀγεται’
3303 635 3364 688 οὐ
3386 635 3494 704 γάρ
3541 636 3772 708 ἀνατρέ-

2083 731 2169 782 χει
2199 714 2360 768 πάλιν
2389 717 2482 768 ἐπὶ
2513 717 2614 786 τὴν
2642 715 2835 786 ἀρχὴν,
2868 714 3003 768 ἀλλά
3033 714 3140 767 τῶν
3177 715 3304 785 ἐξῆς
3334 716 3514 786 ἔχεται
3543 719 3769 790 διαστη-

2088 798 2292 866 μάτων.
2329 799 2386 852 Ὀ
2414 801 2591 852 τοίνυν
2633 801 2918 871 προφήτης
2941 799 3047 852 ὑπὸ
3084 799 3282 868 πολλῆς
3312 801 3653 866 κατανύξεως
3679 806 3772 872 ἐγ-

2084 881 2476 952 γεγραμμένην
2491 882 2589 952 τῆς
2609 883 2840 953 κρίσεως
2867 882 2966 950 τὴν
2994 884 3210 954 μνήμην
3242 883 3286 953 [1
3297 883 3388 955 46]
3410 879 3521 954 εἶχε
3543 887 3764 938 διαπαν-

2083 965 2197 1027 τὸς,
2228 966 2322 1017 καὶ
2358 963 2456 1034 τὴν
2501 965 2714 1035 ἡμέραν
2757 966 2972 1035 ἐκείνην
3006 967 3064 1018 ἐν
3101 967 3336 1038 τοσαύτῃ
3375 969 3641 1038 θεραπείᾳ
3676 971 3765 1022 καλ

2083 1050 2262 1118 τρυφῇ
2290 1048 2550 1116 διηνεκῶς
2577 1049 2604 1087 h
2631 1048 2858 1119 ἔστρεφε
2886 1049 3014 1120 παρ’
3039 1050 3234 1121 ἐαυτῷ,
3256 1053 3321 1122 ἢν
3347 1053 3402 1103 ἐν
3422 1054 3538 1115 ταῖς
3561 1051 3770 1120 θλίψεσι

2089 1131 2242 1201 μόλις
2266 1133 2424 1202 ἡμεῖς
2444 1134 2522 1194 εἰς
2550 1133 2769 1201 μνήμην
2789 1133 3137 1202 λαμϐάνομεν
3156 1151 3169 1164 ·
3204 1140 3298 1187 καὶ
3326 1138 3393 1187 τά
3424 1135 3662 1205 κρίματα
3684 1137 3773 1190 αύ·

2084 1213 2180 1268 τοῦ
2214 1215 2452 1285 συνεχῶς
2490 1215 2940 1285 ἀναλογιζόμενος
2978 1216 3162 1269 τοῦτον
3195 1218 3399 1288 ἔγραψε
3425 1219 3514 1270 τὸν
3535 1219 3769 1288 ψαλμὸν.

2085 1299 2196 1352 Καὶ
2235 1299 2288 1350 τί
2322 1315 2486 1369 φησι;
2530 1299 2727 1364 Κύριε,
2773 1298 2859 1366 μὴ
2902 1297 2980 1363 τῷ
3026 1299 3190 1368 θυμῷ
3232 1317 3347 1353 σου
3387 1301 3642 1369 ἐλέγξῃς
3671 1317 3770 1369 με,

2080 1380 2237 1450 μηδὲ
2270 1379 2346 1448 τῇ
2385 1379 2534 1449 ὀργῇ
2579 1397 2694 1434 σου
2733 1382 3064 1450 παιδεύσῃς
3099 1400 3207 1450 με·
3254 1382 3424 1453 θυμὸν
3475 1385 3568 1437 καὶ
3603 1385 3773 1456 ὀργὴν

2085 1465 2257 1533 λέγων
2288 1465 2386 1534 τὴν
2417 1465 2666 1518 ἐπίτασιν
2702 1466 2801 1536 τῆς
2839 1467 3108 1536 τιμωρίας
3135 1462 3262 1537 (οἶδε
3288 1468 3396 1539 γὰρ
3443 1468 3636 1531 παντὸς
3669 1469 3774 1520 πά-

2087 1549 2212 1614 θους
2235 1549 2296 1602 16
2324 1549 2478 1602 Θεῖον
2509 1548 2981 1620 ἀπηλλαγμένον),
3024 1549 3200 1602 καίτοι
3227 1569 3288 1618 γε
3311 1550 3487 1621 ἐαυτῷ
3521 1551 3775 1614 συνειδὼς

2086 1633 2145 1685 ού
2177 1633 2450 1696 κολάσεως
2473 1632 2593 1685 ούδέ
2624 1633 2917 1704 τιμωρίας,
2950 1633 3086 1687 ἀλλὰ
3113 1635 3279 1704 τιμῆς
3301 1635 3425 1699 ἀξια
3457 1636 3550 1687 καὶ
3578 1636 3777 1703 στεφά-

2086 1733 2211 1771 νων.
2239 1718 2310 1770 Ἥ
2336 1734 2392 1769 τε
2434 1718 2542 1788 γάρ
2577 1717 2781 1781 πίστις,
2823 1717 2888 1770 δι’
2916 1711 2983 1789 ἧς
3020 1720 3324 1790 κατήνεγκε
3368 1717 3458 1771 τὸν
3490 1717 3598 1770 τῶν
3627 1717 3778 1772 630.0-

2088 1798 2269 1868 φύλων
2300 1799 2532 1872 πύργον,
2568 1800 2663 1854 καὶ
2705 1800 2766 1853 16
2803 1801 2910 1852 πᾶν
2943 1801 3052 1853 τῶν
3097 1802 3366 1856 Ἰουδαίων
3409 1801 3560 1864 ἐθνος
3592 1800 3650 1864 ἐξ
3678 1803 3777 1852 αὺ-

2087 1883 2196 1936 τῶν
2223 1884 2440 1955 ἥρπασε
2472 1883 2581 1937 τῶν
2630 1883 2725 1936 τοῦ
2762 1882 2992 1937 θανάτου
3029 1885 3232 1946 πυλῶν,
3273 1886 3308 1955 ἥ
3351 1902 3410 1937 τε
3442 1886 3522 1948 είς
3549 1884 3641 1937 16v
3665 1883 3778 1953 ἡδί-

2089 1968 2296 2037 κηκότα
2330 1967 2616 2038 εὐεργεσία
2646 1967 2912 2038 γενομένη
2947 1970 3039 2022 καὶ
3084 1969 3234 2034 ἅπαξ
3273 1969 3366 2022 καὶ
3403 1968 3483 2031 δὶς
3519 1969 3612 2020 καὶ
3649 1965 3778 2018 πολ-

2087 2051 2263 2113 λάκις,
2295 2051 2389 2103 καὶ
2435 2050 2540 2122 πρὸ
2580 2050 2784 2102 τούτων
2841 2051 2874 2121 ἡ
2920 2049 3014 2102 τοῦ
3049 2049 3185 2103 Θεοῦ
3225 2051 3354 2122 περὶ
3395 2049 3561 2103 αὐτοῦ
3599 2049 3778 2119 ψῆφος

2089 2133 2448 2203 ἐξενεχθεῖσα,
2477 2136 2656 2188 πᾶσαν
2691 2133 2848 2204 ἱκανὴ
2877 2133 3046 2197 δεῖξαι
3076 2133 3169 2186 τοῦ
3200 2134 3390 2205 ἀνδρὸς
3421 2133 3517 2204 τὴν
3552 2130 3776 2202 ἀρετὴν,

2089 2218 2183 2271 καὶ
2217 2218 2325 2270 τῶν
2370 2216 2809 2288 κατορθωμάτων
2839 2218 3038 2287 μᾶλλον
3073 2217 3275 2271 αὐτῶν.
3311 2217 3393 2269 Τὰ
3433 2217 3530 2286 μὲν
3559 2214 3667 2286 γάρ
3696 2214 3781 2286 ἐρ-

2088 2320 2182 2371 γα,
2204 2303 2308 2356 κᾶν
2403 2303 2613 2373 μεγάλα
2644 2302 2738 2355 καὶ
2771 2301 3243 2371 θαυμαστά,δμως
3273 2299 3482 2372 πονηρὰ
3510 2300 3783 2355 ὑποπτευ-

2091 2386 2248 2455 θῆναι
2275 2387 2478 2439 δύναιτ’
2507 2386 2594 2449 ἂν,
2625 2388 2672 2438 εί
2718 2386 2810 2438 καὶ
2840 2385 2908 2438 τὰ
2938 2385 3174 2454 μάλιστα
3206 2383 3385 2453 πάσης
3414 2383 3648 2452 ὑποψίας
3674 2383 3781 2434 ἀπ-

2089 2469 2324 2538 ήλλακτο
2365 2470 2459 2522 τοῦ
2513 2469 2724 2523 δικαίου
2773 2468 2839 2522 τά
2877 2468 3306 2539 κατορθώματαο
3339 2468 3466 2520 ὅταν
3493 2467 3549 2519 δέ
3580 2468 3608 2519 6
3645 2463 3782 2526 Θεὸς

2089 2555 2116 2606 6
2147 2554 2437 2624 μαρτυρῶν
2459 2551 2518 2626 ᾖ,
2547 2555 2727 2622 πάσης
2758 2554 2772 2592 ί
2808 2553 2962 2616 ἐκτὸς
2993 2552 3226 2616 ὑποψίας
3254 2553 3286 2623 ἡ
3317 2551 3494 2621 ψῆφός
3525 2550 3782 2604 ἐστινοού

2089 2640 2217 2708 γάρ,
2254 2641 2303 2690 εἰ
2347 2638 2421 2708 μὴ
2453 2638 2550 2708 τὴν
2593 2638 2992 2708 ἀκριϐεστάτην
3036 2636 3269 2706 βάσανον
3301 2635 3401 2705 τῆς
3445 2633 3646 2704 ἀρετῆς
3678 2635 3780 2686 ἐπ-

2091 2721 2348 2785 εδείξατο,
2385 2723 2483 2791 τῆς
2523 2723 2579 2774 έν
2608 2725 2718 2784 τοῖς
2746 2721 2992 2790 οὐρανοῖς
3025 2717 3410 2789 ἁνακηρύξεως
3460 2718 3648 2787 ἐτυχεν
3693 2716 3779 2770 ἄν·

2091 2804 2157 2857 Τί
2186 2801 2278 2876 οὖν
2325 2807 2352 2857 ό
2391 2804 2524 2868 Θεός
2549 2821 2680 2876 φησι
2720 2806 2847 2873 περὶ
2875 2803 3072 2869 αὐτοῦς
3114 2800 3309 2872 Εὗρον
3331 2801 3514 2855 Δαυῒδ
3537 2803 3640 2854 τι¹ν
3674 2801 3782 2854 τοῦ

2105 2869 2344 2952 Ἰεσσαὶ,
2380 2869 2572 2956 ἄνδρα
2612 2869 2764 2942 κατὰ
2796 2869 2918 2955 τὴν
2960 2869 3212 2954 καρδίαν
3256 2904 3397 2956 μου.
3449 2885 3587 2938 Ἀλλ’
3634 2887 3784 2954 ὅμως

2095 2972 2232 3042 μετά
2253 2972 2352 3043 τὴν
2373 2972 2630 3043 τοιαύτην
2652 2971 2831 3043 κρίσιν
2854 2973 2946 3024 κα)⁸
2973 2970 3070 3034 τὰς
3094 2970 3360 3034 τοσαύτας
3391 2968 3782 3041 ἀνδραγαθίας,

2091 3055 2160 3108 τὰ
2213 3055 2324 3109 τῶν
2379 3056 2845 3127 κατεγνωσμένων
2885 3055 3181 3125 ἐφθέγγετο
3213 3056 3455 3124 ῥήματα,
3495 3051 3589 3106 καὶ
3641 3052 3786 3105 οὐδε-

2097 3140 2227 3210 μίαν
2261 3139 2496 3210 ἐχόντων
2533 3139 2843 3210 παρρησίαν
2872 3139 3007 3210 πρὸς
3044 3138 3134 3191 τὸν
3177 3137 3328 3200 Θεὸν,
3361 3136 3582 3208 πληρῶν
3611 3136 3786 3188 ἐκεῖνο

2092 3222 2155 3274 τὸ
2201 3222 2589 3293 εύαγγελικὸν,
2639 3223 2719 3288 16,
2758 3223 2937 3276 Ὅταν
2975 3221 3170 3275 πάντα
3197 3219 3526 3289 ποιήσητε,
3573 3219 3782 3287 λέγετε,

2094 3307 2176 3360 ὅτι
2243 3307 2486 3376 Ἆχρεῒοι
2513 3306 2724 3361 δοῦλοί
2761 3307 2966 3378 ἐσμεν.
3006 3305 3070 3359 Τί
3113 3305 3313 3358 τούτων
3347 3315 3360 3354 I
3396 3303 3556 3356 πλέον
3585 3301 3785 3372 ἐφθέγ-

2099 3389 2226 3456 ξατο
2257 3393 2285 3443 6
2309 3390 2476 3454 ὅντως
2507 3391 2714 3461 μυρίων
2740 3391 2924 3461 γέμων
2958 3387 3144 3442 κακῶν
3172 3389 3200 3439 6
3225 3385 3461 3457 τελώνης
3493 3389 3717 3448 ἐκεῖνος,
3755 3388 3786 3439 ὀ

2100 3472 2234 3544 μηδὲ
2261 3473 2558 3542 ἀναϐλέψαι
2588 3475 2667 3536 είς
2695 3475 2784 3526 τὸν
2821 3472 3046 3542 οὐρανὸν
3076 3471 3382 3540 ὑπομένων,
3417 3469 3548 3540 μηδὲ
3575 3467 3787 3538 μακρὸν

2097 3559 2412 3612 κατατεῖναι
2463 3557 2640 3624 λόγον,
2681 3556 2814 3628 μηδὲ
2862 3553 3088 3624 πλησίον
3133 3553 3326 3622 στῆναι
3367 3551 3458 3604 τοῦ
3493 3551 3783 3620 Φαρισαίου

2097 3639 2347 3710 τολμῶνς
2387 3640 2446 3692 'U
2493 3640 2590 3710 μὲν
2631 3638 2737 3708 γὰρ
2788 3637 3060 3700 ὠνείδιζεν
3105 3636 3266 3689 αὑτὸν
3305 3635 3496 3703 λέγων,
3533 3635 3613 3688 ὅτι
3663 3638 3786 3690 Οὐκ

2097 3722 2215 3791 εἰμὶ
2250 3723 2331 3788 ὡς
2369 3725 2423 3776 οἱ
2467 3722 2667 3776 λοιποὶ
2708 3721 2826 3791 τῶν
2863 3719 3209 3791 ἀνθρώπων,
3253 3719 3534 3791 ἅρπαγες,
3570 3719 3782 3791 ἄδικοι,

2093 3789 2316 3862 μοιχοὶ,
2359 3793 2398 3862 ἣ
2445 3792 2543 3846 καὶ
2581 3794 2662 3858 ὠς
2710 3789 2888 3858 οὗτος
2931 3789 3289 3859 όίτελὼνης·
3325 3793 3354 3843 ὀ
3398 3789 3454 3842 δὲ
3499 3790 3575 3852 ὡς
3619 3789 3786 3862 μηδὲν

2100 3876 2338 3940 ἀκούσας
2363 3877 2620 3947 δυσχερὲς
2654 3877 2747 3930 καὶ
2776 3874 3099 3940 κατεδέξατο
3135 3875 3195 3927 16
3232 3873 3442 3944 λεχθὲν,
3470 3874 3564 3926 καὶ
3597 3875 3656 3926 ού
3690 3873 3786 3944 μό-

2102 3977 2191 4013 νον
2209 3960 2309 4013 ούκ
2331 3960 2734 4030 ἠγανάκτησεν,
2769 3958 2904 4012 ἀλλά
2928 3959 3021 4011 καὶ
3050 3958 3141 4010 τον
3167 3957 3427 4029 ὑϐριστὴν
3451 3959 3652 4010 ἐκεῖνον
3691 3956 3784 4009 καὶ

2103 4046 2336 4110 ἀλαζόνα
2363 4045 2598 4118 τοσαύτῃ
2627 4039 2889 4117 τετίμηκε
2916 4047 3071 4116 τιμῇ,
3110 4045 3186 4104 ώς
3215 4045 3347 4115 μηδὲ
3379 4048 3478 4114 τῆς
3512 4045 3786 4114 πατουμέ-

2103 4149 2197 4201 νης
2225 4133 2315 4184 ὑπ’
2359 4130 2566 4184 ἐκείνου
2611 4133 2714 4200 γῆς
2760 4131 2906 4196 ἀξιον
2964 4126 3100 4182 εἶναι
3145 4129 3390 4199 νομίζειν
3433 4129 3656 4181 ἐαυτόν·
3692 4127 3786 4182 καὶ

2104 4217 2258 4337 βῆμα
2300 4215 2399 4285 μὲν
2442 4211 2594 4268 εἶπεν
2642 4214 2814 4276 οὐδὲν,
2860 4212 2996 4283 πλὴν
3036 4213 3159 4265 ὅσον
3199 4213 3300 4275 τὰς
3337 4211 3611 4283 ἁμαρτίας
3655 4213 3785 4280 ὀμο-

2135 4286 2330 4337 ογῆσαι
2378 4285 2472 4337 τάς
2515 4284 2711 4337 ἐαυτοῦ
2738 4300 2752 4314 ’
2802 4283 2872 4336 τὰ
2908 4284 2964 4337 δὲ
3017 4283 3213 4337 στέρνα
3259 4281 3474 4335 τύπτων
3519 4281 3784 4337 σφοδρῶς.

2135 4281 2330 4355 ογῆσαι
2378 4284 2711 4355 τάςέαυτοῦ
2738 4300 2752 4314 ο
2802 4283 2872 4336 τὰ
3017 4281 3784 4355 στέρναᾼτύπτωνμσφοδρῶ-ς,

2104 4352 2244 4409 οὕτω
2271 4354 2569 4427 παρεκάλει
2607 4355 2763 4408 ἵλεων
2801 4353 3052 4423 γενέσθαι
3093 4354 3184 4406 16v
3216 4352 3370 4406 Θεόν.
3403 4352 3560 4406 Ἀλλά
3591 4352 3652 4404 16
3687 4353 3787 4423 μὲν

2103 4441 2310 4493 ἐκεῖνον
2361 4438 2531 4492 ταῦτα
2589 4442 2764 4495 ποιεῖν
2810 4438 2962 4492 οὐδὲν
3021 4436 3367 4507 θαυμαστόν·
3409 4436 3470 4488 16
3523 4437 3630 4504 γὰρ
3677 4435 3788 4487 τῶν

2103 4523 2518 4594 ἁμαρτημάτων
2569 4522 2770 4594 πλῆθος
2790 4522 2886 4576 καὶ
2955 4521 3147 4574 ἐκόντα
3207 4520 3368 4573 αὐτὸν
3426 4520 3519 4572 καὶ
3585 4520 3790 4573 ἄκοντα

2104 4606 2255 4659 κάτω
2290 4606 2516 4659 κύπτειν
2563 4606 2874 4676 ἠνάγκαζε·
2922 4605 2982 4657 16
3032 4605 3087 4658 δὲ
3126 4603 3216 4657 16v
3260 4603 3466 4656 δίκαιον
3503 4603 3595 4655 καὶ
3624 4602 3787 4672 μηδὲν

2104 4689 2281 4760 ἐαυτῷ
2319 4689 2594 4742 συνειδότα
2645 4689 2885 4742 τοιοῦτον
2935 4688 3071 4758 μετά
3116 4689 3217 4757 τῆς
3257 4687 3426 4758 αὐτῆς
3461 4685 3540 4756 τῷ
3582 4684 3786 4756 τελώνῃ

2105 4773 2384 4845 προσιέναι
2420 4773 2446 4812 ¹ί
2477 4772 2890 4842 καταγνώσεως,
2920 4772 3078 4826 τοῦτό
3102 4774 3216 4825 ἐστι
3252 4770 3314 4824 16
3343 4769 3662 4842 παράδοξον,
3695 4774 3788 4824 καὶ

2102 4856 2281 4928 ψυχῆς
2340 4856 2510 4919 όντως
2557 4857 3024 4926 συντετριμμένης
3061 4858 3305 4926 σημεῖον.
3341 4853 3447 4907 Τοῦ
3479 4853 3608 4924 γάρ,
3643 4853 3788 4906 Ἰλά-

2105 4939 2283 5006 σθητί
2305 4957 2404 5007 μοι
2451 4936 2531 5004 τῷ
2571 4939 2915 5008 ἁμαρτωλῷ,
2950 4940 3004 4992 τί
3043 4940 3314 5011 διενήνοχε
3355 4937 3440 5002 16,
3479 4935 3675 5005 Κύριε,
3698 4935 3786 5005 μὴ

2105 5021 2184 5087 τῷ
2213 5021 2376 5092 θυμῷ
2408 5037 2524 5076 σου
2551 5021 2806 5092 ἐλέγξῃς
2826 5040 2923 5092 με,
2949 5021 3106 5093 μηδὲ
3132 5021 3207 5092 τῇ
3233 5020 3382 5090 ὀργῇ
3411 5035 3528 5074 σου
3556 5019 3789 5074 παιδεύ-

2103 5117 2227 5172 σῃς
2265 5120 2387 5174 με;
2438 5104 2650 5160 Μᾶλλον
2710 5105 2765 5158 65
2811 5107 2968 5160 τοῦτο
3015 5107 3224 5160 ἐκείνου
3273 5106 3370 5158 καὶ
3409 5103 3588 5175 πολλῷ
3626 5103 3789 5158 πλέον

2105 5186 2272 5244 ἐστίν.
2319 5189 2375 5240 '0
2412 5189 2507 5258 μὲν
2541 5191 2648 5260 γάρ
2689 5189 2922 5260 τελώνης
2965 5191 3085 5244 οὐδὲ
3114 5189 3413 5257 ἀναϐλέῷαι
3451 5189 3532 5250 είς
3569 5187 3660 5241 τὸν
3693 5188 3787 5240 οὐ·

2109 5271 2266 5342 ρανὸν
2305 5272 2404 5325 ούκ
2435 5273 2752 5343 ἐτόλμησεν,
2785 5276 2812 5325 ό
2842 5274 2898 5326 65
2921 5273 3128 5336 δίκαιος
3161 5271 3350 5326 τούτου
3392 5269 3576 5342 μεῖζον
3602 5269 3787 5338 ἐποίη-

2107 5370 2218 5408 σεν.
2252 5354 2305 5406 ’F
2312 5356 2484 5416 κεῖνος
2525 5355 2624 5424 μὲν
2659 5355 2768 5426 γάρ
2807 5355 3011 5426 ἐλεγεν,
3049 5355 3347 5422 Ἰλάσθητι
3375 5371 3498 5424 μοι,
3537 5347 3692 5418 οὗτος
3727 5353 3785 5407 65

2104 5437 2224 5490 οὐδὲ
2259 5436 2420 5489 τοῦτο
2447 5436 2751 5508 ἐθάρρησεν
2780 5441 2953 5492 εἰπεῖν
2973 5454 2986 5467 ·
3017 5438 3077 5490 οὐ
3105 5438 3213 5509 γὰρ
3243 5432 3386 5502 εἷπε,
3409 5435 3506 5503 Μὴ
3531 5435 3787 5506 ἐλέγξῃς

2098 5537 2198 5590 με,
2226 5517 2244 5558 ι
2271 5520 2428 5581 ἀλλά,
2452 5520 2548 5588 Μὴ
2589 5520 2670 5587 τῷ
2695 5519 2846 5593 [147]
2869 5521 3033 5592 θυμῷ
3076 5538 3211 5583 σου,
3234 5520 3373 5584 οὐδε,
3405 5519 3502 5587 Μὴ
3545 5518 3784 5571 παιδού-

2103 5619 2222 5672 σῃς
2237 5621 2334 5674 με,
2357 5604 2511 5667 ἀλλά,
2542 5605 2638 5672 Μὴ
2669 5604 2745 5674 τῇ
2784 5605 2930 5676 ὀργῇ
2967 5623 3103 5672 σου,
3137 5607 3197 5659 ού
3237 5606 3296 5659 16
3329 5604 3403 5675 μὴ
3434 5603 3780 5673 κολασθῆναι,

2104 5687 2242 5743 ἀλλά
2265 5688 2327 5741 16
2357 5687 2432 5759 μὴ
2464 5689 2668 5760 σφόδρα
2695 5690 2852 5744 τοῦτο
2886 5689 3076 5744 παθεῖν
3109 5689 3293 5744 αίτῶν.
3325 5689 3487 5740 ’Ὥστε
3520 5685 3786 5741 πάντοθεν

2168 5822 2195 5861 ¹ι
2221 5823 2340 5872 Colb
2389 5823 2656 5879 διαπαντός.

2169 5885 2189 5950 ί
2215 5885 2350 5950 (ἔοι-ζ).
2373 5885 2486 5950 ὅταν
2513 5886 2563 5950 δὲ
2583 5889 2700 5943 θεὸς
2724 5889 2750 5935 ό
2773 5889 3038 5950 μαρτυρῶν,
3057 5889 3231 5941 πάντες.

2176 5948 2190 5999 i
2223 5947 2357 5996 Colb.
2381 5946 2426 5992 τί
2448 5947 2634 5996 τούτου.

2169 6014 2192 6048 k
2217 6010 2297 6055 (Iul
2308 6009 2354 6055 b.
2376 6007 2636 6070 προσεῖναι.

2174 6071 2187 6110 ι
2214 6075 2293 6118 Su:
2313 6068 2448 6116 cum.
2476 6077 2526 6119 el
2549 6073 2698 6120 Savil.
2725 6071 2780 6120 lu
2805 6071 2976 6121 llorcl.
3001 6071 3221 6134 quaedam
3243 6074 3470 6121 deerunt.
