4116 6392
283 403 374 461 417

282 514 432 569 animi
459 512 575 581 ejus
596 508 864 564 humilitas
891 515 1170 577 appareat,
1204 516 1257 559 et
1286 504 1424 575 quod
1449 519 1505 557 se
1536 513 1681 556 lztnlt)
1708 517 1833 570 sup-

284 610 430 679 plicio
483 607 701 675 dignum
754 611 997 672 putaret,
1029 608 1084 655 et
1106 598 1245 670 quod
1278 613 1383 653 non
1416 597 1639 652 auderet
1689 604 1851 649 totam

283 700 481 756 veniam
513 714 542 752 a
567 699 675 752 Deo
699 695 997 766 postulare;
1029 692 1185 762 idque
1215 707 1344 746 sane
1365 704 1550 745 eorum
1576 697 1660 742 est
1678 689 1767 756 qui
1795 702 1855 740 se

286 790 563 845 admodum
579 785 908 842 damnandos
924 791 1165 847 censent,
1186 792 1241 837 et
1258 795 1564 852 persuasum
1584 778 1776 834 habent
1798 792 1857 831 se

284 884 509 937 omnium
562 880 838 935 hominum
890 875 1243 946 nequissimos
1295 888 1436 929 esse.
1482 869 1635 939 Quod
1679 879 1854 924 autem

285 974 444 1043 majus
460 979 560 1034 est,
580 971 681 1024 hoc
702 970 871 1031 ipsum
894 982 1001 1021 non
1023 964 1386 1020 vehementius
1404 961 1675 1032 puniri,ex
1698 960 1859 1013 mise-

285 1062 498 1116 riCordia
518 1070 571 1115 et
590 1059 869 1114 clementia
887 1056 1001 1121 Dei,
1022 1064 1203 1125 utpote
1229 1052 1493 1118 infirmus,
1516 1048 1617 1107 sibi
1638 1048 1857 1105 concedi

284 1154 526 1222 rogabat:
561 1150 800 1204 Miserere
830 1148 948 1212 mei,
984 1146 1186 1216 inquit,
1213 1144 1453 1213 quoniam
1473 1143 1708 1211 inﬁrmus
1742 1156 1855 1194 sum

286 1243 446 1313 (Psat.
470 1242 525 1298 6.
542 1242 619 1313 ὅ).
637 1240 772 1309 Quid
800 1238 1025 1309 lioc?qui
1050 1238 1139 1292 tali
1161 1236 1460 1291 testimonio
1485 1234 1729 1304 dignatus
1755 1241 1857 1297 est,

285 1346 332 1391 et
341 1335 533 1406 judicia
553 1335 647 1390 Dei
670 1349 776 1387 non
801 1332 998 1388 oblitus
1022 1330 1292 1402 erat(nam
1313 1329 1407 1395 ait,
1430 1326 1635 1382 Judicia
1652 1336 1739 1379 tua
1760 1342 1860 1379 non

285 1445 391 1484 sum
433 1427 616 1497 oblitus
644 1423 820 1498 [PsaL
854 1423 977 1479 IIS.
1011 1420 1148 1493 250]),
1180 1421 1269 1490 qui
1300 1420 1414 1489 ipso
1469 1418 1580 1475 sole
1624 1416 1860 1487 splendi-

286 1522 398 1575 dius
424 1520 596 1583 lucet,
621 1518 707 1573 hic
731 1518 853 1571 talia
883 1514 1080 1586 profert
1106 1513 1299 1567 verba?
1326 1511 1519 1575 Etiam.
1564 1509 1674 1563 IIoc
1719 1509 1860 1563 enim

287 1612 523 1667 mirabile
547 1620 661 1675 est,
707 1608 847 1679 quod
888 1617 995 1661 tam
1042 1619 1232 1675 magna
1272 1611 1549 1673 operatus,
1584 1599 1715 1655 nihil
1745 1615 1862 1653 um-

287 1719 439 1774 quam
467 1703 639 1772 magni
660 1700 727 1755 de
752 1715 811 1755 se
837 1699 917 1754 vel
942 1697 1137 1753 dixerit
1155 1696 1237 1749 vel
1265 1694 1525 1756 senserit,
1554 1692 1647 1747 sed
1667 1706 1725 1746 se
1749 1705 1865 1745 om-

288 1799 429 1851 nium
454 1795 802 1850 novissimum
831 1799 1136 1861 reputaret,
1168 1797 1222 1843 et
1241 1803 1307 1843 ex
1335 1786 1449 1841 sola
1473 1786 1565 1839 Dei
1582 1784 1863 1839 clementia

290 1890 508 1945 salutem
540 1885 796 1956 consequi
821 1892 1067 1954 rogaret,
1097 1896 1161 1936 ac
1189 1882 1235 1935 si
1265 1879 1501 1934 diceret:
1531 1877 1729 1947 Dignus
1752 1876 1868 1945 qui-

296 1980 412 2035 dem
435 1994 551 2035 sum
568 1976 828 2046 supplicio
851 1972 1227 2045 indeprecabili
1244 1981 1324 2038 ,et
1346 1969 1726 2025 immortalibus
1753 1982 1868 2037 p03-

290 2076 397 2139 nis;
425 2083 479 2127 at
503 2071 643 2141 quod
665 2070 718 2125 id
743 2085 848 2125 non
877 2069 1106 2140 amplius
1134 2067 1273 2122 ferre
1300 2066 1499 2135 possim
1517 2106 1531 2127 ,
1564 2078 1693 2133 rogo
1720 2064 1871 2117 solu-

293 2169 485 2220 tionem
503 2180 531 2219 a
552 2164 902 2235 przesentibus
921 2162 1074 2217 malis
1095 2179 1107 2214 :
1128 2159 1572 2231 quemadmodum
1602 2158 1780 2212 famuli
1798 2158 1871 2211 tui

291 2258 375 2325 qui
399 2256 675 2310 innumera
699 2254 903 2309 scelera
932 2260 1331 2322 perpetrarunt,
1366 2265 1654 2319 numquam
1683 2248 1866 2303 dicere

294 2355 513 2418 possunt
536 2361 593 2400 se
621 2361 725 2399 non
750 2359 1003 2415 peccasse
1029 2362 1043 2410 ;
1070 2343 1191 2413 quia
1219 2350 1394 2396 autem
1425 2340 1752 2410 ﬂagellorum
1782 2338 1876 2393 do-

301 2442 382 2496 lor
410 2440 755 2496 intolerabilis
792 2448 903 2502 est,
936 2446 1125 2506 rogant
1164 2436 1376 2491 demum
1418 2433 1645 2503 mitigari
1676 2433 1872 2501 plagas.

298 2533 409 2603 Ego
447 2541 622 2587 autem
666 2540 795 2601 puto
847 2529 995 2584 illum
1038 2528 1195 2583 aliam
1247 2541 1459 2597 quoque
1513 2524 1876 2579 infirmitatem

297 2624 650 2679 subindieare.
682 2622 851 2691 Quam
889 2636 1017 2675 vero
1044 2618 1229 2674 illam?
1276 2633 1393 2674 eam
1444 2632 1563 2686 qua:
1598 2615 1668 2670 ab
1716 2614 1878 2668 animi

299 2731 527 2772 maerore
546 2725 600 2771 et
624 2730 654 2768 a
679 2713 961 2784 gemitibus
980 2711 1318 2782 procedebat.
1343 2709 1491 2765 Solet
1512 2707 1656 2763 enim
1680 2706 1881 2761 doloris

297 2821 570 2872 excessus,
593 2821 713 2861 cum
736 2804 1018 2859 violentior
1038 2803 1220 2866 instat,
1250 2811 1414 2857 totam
1432 2801 1621 2855 anima:
1635 2799 1742 2853 vim
1759 2813 1880 2853 cor—

301 2901 510 2956 rodere.
535 2899 697 2969 quue
719 2906 845 2969 puto
885 2905 1127 2952 sanctum
1158 2896 1327 2949 virum
1356 2908 1475 2949 esse
1510 2907 1723 2961 passum
1743 2890 1883 2960 quod

302 3009 419 3050 sese
439 2992 722 3047 admodum
743 2991 1039 3054 damnaret,
1058 3001 1112 3043 et
1131 2987 1272 3058 quod
1292 3001 1578 3057 numquam
1599 2999 1724 3055 spes
1746 2984 1882 3040 bona

301 3094 636 3157 suppeteret,
677 3083 771 3140 sed
796 3083 1019 3139 adversa
1042 3096 1254 3150 semper
1277 3078 1619 3149 exspectatio.
1664 3076 1731 3131 Et
1782 3074 1887 3131 hoc

304 3196 366 3234 ex
393 3178 732 3249 sequentibus
757 3177 932 3247 palam
952 3175 1076 3230 facit
1108 3192 1122 3228 :
1147 3189 1267 3229 nam
1282 3171 1521 3227 Miserere
1540 3170 1655 3236 mei,
1684 3169 1884 3238 adjicit,

305 3270 539 3340 quoniam
580 3270 815 3338 inﬁrmus
847 3285 958 3323 sum
981 3284 1000 3321 :
1040 3283 1167 3321 sana
1208 3283 1320 3331 me,
1370 3264 1605 3331 Domine,
1649 3263 1889 3332 quoniam

310 3361 606 3415 conturbata
638 3371 755 3415 sunt
785 3377 901 3414 ossa
947 3376 1090 3425 mea,
1121 3369 1167 3413 et
1208 3359 1378 3411 anima
1427 3373 1537 3410 mea
1576 3354 1771 3409 turbata
1816 3362 1890 3407 est

308 3454 495 3508 valde:
523 3469 642 3508 cum
673 3453 820 3522 prius
844 3452 1094 3515 dixisset,
1119 3450 1359 3513 Domine,
1390 3465 1451 3501 ne
1479 3450 1535 3500 in
1582 3448 1752 3518 furore
1806 3454 1890 3497 tuo

310 3562 495 3615 arguas
516 3561 593 3597 me
622 3542 790 3616 (Psat.
818 3542 872 3597 6.
904 3541 980 3611 ὅ).
1010 3540 1159 3608 Quod
1182 3539 1227 3593 si
1257 3539 1348 3593 ille
1384 3538 1473 3607 qui
1513 3535 1891 3592 conscientiam

312 3636 381 3689 ita
408 3650 591 3703 puram
615 3634 876 3700 habebat,
910 3642 1060 3702 rogat
1087 3647 1155 3686 ne
1184 3646 1403 3701 operum
1430 3644 1653 3684 examen
1675 3641 1894 3681 accura-

312 3736 425 3781 tum
452 3728 545 3781 fiat
578 3746 590 3781 :
626 3726 752 3795 quid
798 3739 897 3779 nos
948 3724 1202 3779 faciemus
1242 3722 1333 3791 qui
1373 3728 1450 3775 tot
1478 3720 1631 3774 malis
1676 3717 1895 3772 involuti

315 3834 530 3883 sumus,
560 3827 609 3873 et
634 3826 837 3870 tantum
865 3816 934 3870 ab
961 3814 1080 3884 ejus
1118 3812 1310 3868 fiducia
1362 3812 1517 3880 longe
1561 3824 1780 3872 sumus,
1832 3822 1894 3861 ac

319 3927 423 3967 nec
480 3909 1019 3980 quantulamcumque
1057 3906 1173 3972 ejus
1201 3902 1549 3960 confessionis
1578 3909 1778 3969 partem
1806 3914 1899 3953 ex-

320 4001 630 4057 hibuimus?
652 4000 827 4067 Quare
848 3998 1004 4069 igitur
1032 3997 1219 4050 beatus
1247 3996 1337 4049 ille
1385 3993 1463 4048 sic
1504 3990 1897 4047 confitebatur?

322 4091 586 4146 Didicerat
616 4090 819 4144 scilicet
841 4087 1106 4142 neminem
1128 4083 1407 4154 justificari
1437 4097 1620 4137 coram
1672 4082 1781 4136 Deo
1802 4123 1817 4145 ,
1844 4089 1900 4135 et

319 4184 514 4254 justum
536 4183 619 4236 vix
636 4182 857 4236 salutem
878 4175 1514 4248 consequi.Quamobrem
1535 4188 1674 4228 nunc
1690 4172 1899 4243 quidem

322 4275 693 4347 rogatdicens,
732 4272 851 4326 Non
875 4272 1029 4324 intres
1067 4270 1119 4322 in
1149 4268 1399 4338 judicium
1445 4283 1560 4319 cum
1589 4280 1729 4318 servo
1771 4274 1857 4317 tuo
1884 4265 1901 4296 ί

324 4368 496 4435 (Psal.
526 4367 648 4421 142.
674 4366 756 4432 2);
782 4378 924 4418 nunc
942 4376 1093 4425 vero,
1122 4360 1360 4414 Miserere
1378 4358 1494 4423 mei,
1525 4356 1759 4423 Domine,
1779 4372 1906 4426 quo-

324 4461 464 4513 niam
492 4458 725 4527 inﬁrmus
742 4472 871 4509 sum.

399 4551 454 4605 5.
483 4549 595 4604 Hoc
624 4549 763 4603 enim
793 4562 889 4616 par
917 4552 1003 4600 est
1026 4543 1221 4613 ubique
1246 4540 1612 4601 considerare.
1638 4537 1906 4608 quomodo

330 4658 591 4713 nusquam
634 4640 886 4710 praeclara
933 4648 1083 4707 gesta
1126 4650 1222 4690 sua
1262 4642 1547 4698 memoret,
1590 4631 1685 4685 sed
1732 4631 1783 4684 in
1818 4630 1908 4684 Dei

331 4732 765 4790 misericordiam
813 4731 1037 4784 salutem
1083 4742 1233 4781 suam
1277 4725 1543 4793 conjiciat.
1589 4722 1722 4776 Illud
1765 4723 1907 4776 enim

332 4825 547 4879 contriti
578 4832 661 4878 est
712 4821 910 4884 animi,
938 4818 1066 4873 illud
1116 4816 1375 4871 humiliati
1420 4816 1664 4884 spiritus,
1698 4812 1826 4867 illud
1857 4813 1911 4865 in

331 4935 494 4974 causa
544 4925 657 4971 erat
682 4915 823 4985 quod
867 4928 1055 4982 magna
1085 4919 1333 4978 cperatus
1382 4909 1499 4977 plus
1528 4922 1684 4976 quam
1726 4920 1913 4975 pecca-

331 5021 481 5066 tores
504 5009 716 5062 timeret
755 5020 816 5059 ac
851 5010 1124 5057 tremeret.
1154 5000 1305 5067 Quod
1332 5008 1508 5052 autem
1554 5004 1808 5050 tremeret
1849 5010 1912 5048 ac

334 5110 600 5156 metueret
628 5097 749 5151 audi
778 5097 950 5164 ipsum
981 5093 1246 5147 dicentem
1279 5109 1292 5144 :
1337 5089 1397 5145 Si
1419 5089 1708 5155 iniquitates
1747 5085 1917 5139 obser-

335 5192 548 5251 vaveris,
564 5186 1050 5249 Domine;Domine,
1067 5183 1177 5250 quis
1196 5180 1455 5236 sustinebit
1477 5178 1649 5251 (Psal.
1676 5175 1799 5232 129.
1818 5178 1872 5246 5)
1892 5177 1915 5229 ‘i

336 5287 571 5340 Noverat
598 5283 763 5344 enim,
792 5288 847 5334 et
873 5280 1015 5332 clare
1045 5285 1282 5338 noverat,
1311 5289 1410 5327 nos
1431 5286 1553 5328 esse
1592 5271 1706 5325 Deo
1734 5268 1916 5322 multis

337 5376 534 5429 debitis
555 5370 814 5426 obnoxios
835 5410 849 5434 ,
882 5376 936 5423 et
968 5365 1183 5419 minima
1207 5372 1419 5433 peccata
1450 5375 1696 5430 magnam
1724 5358 1916 5412 mereri

342 5480 577 5534 minam.
611 5463 839 5517 Noverat
884 5459 972 5511 diu
1001 5467 1125 5510 ante
1168 5453 1444 5524 praescius,
1478 5464 1609 5519 quas
1652 5448 1797 5517 leges
1822 5462 1919 5517 po-

340 5556 539 5610 siturus
562 5562 705 5609 esset
727 5551 974 5606 Christus
1000 5556 1254 5601 venturus
1280 5562 1293 5596 :
1338 5558 1446 5597 non
1485 5540 1708 5595 cmdium
1736 5537 1917 5602 modo,

340 5648 435 5701 sed
465 5646 625 5700 etiam
651 5640 1112 5703 contumeliarum,
1130 5636 1515 5698 conviciorum,
1543 5633 1801 5686 malarum
1831 5644 1922 5682 co-

344 5739 689 5807 gitationum,
718 5735 877 5799 risus,
926 5732 1082 5785 otiosi
1127 5728 1390 5784 sermonis
1409 5768 1422 5791 ,
1450 5722 1792 5780 scurrilitatis
1812 5763 1826 5786 ,
1857 5736 1919 5775 ac

409 5834 423 5851 ‘
460 5828 531 5877 sic
563 5827 722 5889 pergit
742 5824 890 5880 colb.,
924 5834 1142 5889 apprime
1162 5819 1339 5889 sciebat
1376 5816 1679 5888 quoctjustus
1716 5811 1818 5875 ipse
1840 5809 1924 5862 vix

344 5878 592 5941 adeatur}
617 5878 903 5950 quapropter
928 5878 1130 5942 dicebat,
1154 5882 1375 5932 Miserere
1391 5878 1511 5931 inci.

664 5985 935 6045 PATROL.
984 5978 1100 6040 Gn.
1149 5972 1397 6037 XLVII.

1153 394 1237 448 DE
1266 388 1811 454 COMPUNCTIONE,
1853 389 1942 442 AD
1979 387 2430 445 S'l‘ELECIIIUM.
2473 391 2598 445 LIB.
2642 390 2703 446 II.

3426 394 3526 447 M8

1960 503 2222 555 minorum
2269 505 2426 558 etiam
2477 520 2651 558 rerum
2703 520 2915 575 gravem
2958 506 3073 561 fore
3112 508 3365 563 ultionem
3412 523 3529 563 cre-

1957 594 2137 648 debat.
2166 594 2498 665 Quapropter
2526 596 2719 650 Paulus
2738 639 2752 661 ,
2784 599 2883 652 etsi
2912 598 3107 652 nullius
3134 599 3234 653 sibi
3261 601 3528 669 conscius,

1957 684 2172 738 dicebat
2194 727 2207 748 ,
2241 685 2389 740 Nihil
2417 687 2540 739 mihi
2568 690 2794 742 conscius
2830 706 2941 743 sum
2962 732 2974 754 ,
3007 691 3095 745 sed
3120 708 3219 745 non
3247 693 3298 745 in
3325 693 3418 745 hoc
3440 691 3532 759 ju-

1960 777 2201 845 stiﬁcatus
2222 796 2332 832 sum
2355 778 2429 851 (l.
2462 778 2579 835 Cor.
2598 781 2651 835 4.
2671 782 2749 849 4).
2776 781 2883 836 Cur
2910 792 3084 838 autem
3101 786 3123 838 ?
3143 784 3297 853 Quia,
3326 786 3534 842 etiamsi

1962 869 2088 923 nihil
2119 871 2239 924 mali
2266 872 2512 939 fecisset,
2549 890 2719 943 neque
2748 876 2892 930 enim
2935 877 3152 945 fecerat,
3182 878 3395 933 modum
3440 878 3536 931 lio-

1964 962 2109 1016 noris
2164 962 2275 1016 Deo
2324 963 2585 1019 referendi
2656 966 2959 1035 implevisse
3008 984 3067 1023 se
3138 984 3243 1023 non
3295 970 3534 1039 putabat.

1965 1052 2185 1109 Etiamsi
2216 1055 2357 1109 enim
2396 1058 2695 1113 sexcenties
2724 1061 3045 1124 moriamur,
3076 1061 3280 1115 etiamsi
3324 1076 3537 1116 omnem

1964 1146 2309 1200 exhibeamus
2339 1148 2586 1203 virtu:em
2608 1191 2622 1213 ,
2652 1150 2782 1203 nihil
2825 1151 3041 1220 dignum
3067 1151 3338 1207 reddimus
3364 1152 3537 1208 hono-

1965 1236 2134 1300 ribus,
2160 1239 2352 1307 quibus
2376 1255 2406 1293 a
2435 1241 2543 1296 Deo
2563 1240 2739 1295 affecti
2762 1258 2965 1297 sumus.

2037 1331 2133 1385 Dei
2171 1334 2481 1401 providentia
2505 1352 2621 1406 erga
2656 1337 2920 1391 hominem.
2946 1368 3017 1377 —
3038 1337 3169 1393 Vide
3211 1338 3355 1394 enim
3403 1353 3538 1409 quo-

1966 1423 2147 1489 modo,
2180 1440 2299 1478 cum
2331 1426 2475 1480 nullo
2501 1442 2566 1481 ex
2594 1429 2789 1483 nostris
2810 1439 3011 1500 egeret,
3042 1429 3137 1484 sed
3165 1429 3264 1483 sibi
3292 1430 3405 1500 ipse
3432 1430 3543 1484 suf-

1970 1518 2172 1582 ﬁceret,
2210 1534 2314 1572 non
2358 1519 2645 1574 existentes
2693 1536 2789 1576 nos
2832 1522 3060 1576 existere
3109 1520 3265 1585 fecit,
3310 1524 3540 1575 animam

1970 1607 2244 1677 inspiravit
2270 1610 2480 1678 qualem
2511 1611 2644 1665 nulli
2671 1628 2736 1666 ex
2766 1614 2992 1666 terrenis
3018 1612 3353 1678 animalibus,
3386 1628 3542 1683 para-

1969 1700 2142 1755 disum
2169 1702 2447 1771 plantavit,
2476 1706 2665 1759 caelum
2703 1705 2956 1769 extendit,
2991 1715 3183 1759 terram
3228 1707 3540 1773 Substravit,

1973 1792 2252 1847 luminaria
2281 1796 2522 1849 accendit
2566 1795 2862 1864 splendida,
2894 1805 3088 1850 terram
3134 1797 3353 1867 stagnis,
3382 1796 3543 1851 fonti-

1974 1884 2091 1945 bus,
2137 1884 2465 1950 fluminibus,
2510 1886 2731 1941 floribus
2772 1897 2825 1942 et
2872 1890 3064 1957 plantis
3100 1891 3325 1954 ornavit,
3355 1890 3546 1944 cazlum

1973 1976 2119 2029 vario
2158 1986 2422 2030 astrorum
2476 1978 2641 2033 choro
2671 1978 2910 2033 disﬁnxit
2934 2023 2947 2046 ,
2982 1990 3191 2035 noctem
3238 1997 3341 2035 non
3374 1982 3549 2037 minus

1974 2083 2132 2137 quam
2161 2067 2301 2122 diem
2350 2067 2532 2122 utilem
2582 2068 2704 2123 fecit
2750 2080 2964 2139 propter
2989 2072 3221 2140 quietem
3269 2081 3323 2126 et
3350 2073 3489 2126 vires
3518 2088 3548 2127 a

1976 2172 2165 2213 Somno
2193 2169 2481 2228 reparatas.
2514 2160 2641 2213 Nam
2671 2175 2889 2215 somnus
2918 2177 3021 2215 non
3055 2163 3228 2216 minus
3252 2178 3408 2232 quam
3440 2162 3547 2217 cibi

1977 2266 2201 2319 corpora
2229 2260 2409 2305 nostra
2432 2252 2545 2316 alit,
2572 2252 2725 2305 utvel
2756 2251 2879 2306 inde
2908 2252 3077 2320 palam
3104 2264 3205 2317 est,
3232 2252 3371 2323 quod
3400 2252 3554 2306 famis

1979 2344 2191 2414 quidem
2244 2344 2437 2398 multas
2461 2358 2603 2412 sape
2632 2343 2748 2399 dies
2775 2344 2986 2397 tolerari
3036 2345 3310 2400 videamus
3354 2346 3554 2415 absque

1980 2449 2168 2489 Somno
2190 2445 2365 2489 autem
2402 2436 2487 2489 vix
2529 2450 2743 2504 paucas.
2776 2435 2869 2490 Ille
2899 2445 2980 2489 est
2999 2437 3087 2505 qui
3114 2435 3216 2491 diei
3245 2435 3509 2490 flammam
3536 2478 3551 2502 ,

1982 2530 2093 2583 sive
2120 2544 2184 2583 ex
2237 2528 2387 2582 radio
2431 2528 2613 2595 solari,
2645 2531 2756 2585 sive
2782 2544 2850 2583 ex
2881 2529 3084 2584 diurnis
3120 2528 3391 2582 laboribus
3430 2544 3556 2599 pro-

1984 2624 2180 2683 veniat.
2205 2621 2485 2692 refrigerat
2510 2633 2562 2676 et
2590 2622 2865 2688 dissolvit,
2893 2623 3075 2692 sicque
3103 2637 3200 2677 nos
3228 2632 3443 2693 vegetos
3472 2638 3560 2678 re-

1986 2715 2159 2771 stituit
2186 2726 2238 2769 et
2261 2715 2521 2769 adeundis
2560 2715 2750 2770 iterum
2793 2715 3064 2769 laboribus
3091 2730 3249 2783 pares
3277 2732 3291 2767 :
3321 2712 3557 2785 hyberna

1986 2826 2114 2864 vero
2140 2818 2453 2880 tempestate
2479 2824 2581 2863 nox
2605 2809 2843 2880 longiore
2863 2823 3020 2862 cursu
3043 2809 3161 2877 plus
3186 2807 3338 2863 nobis
3357 2809 3563 2862 confert

1988 2899 2187 2969 requiei
2217 2908 2269 2953 et
2295 2899 2493 2966 solatii,
2541 2900 2668 2953 dum
2699 2913 2796 2952 nos
2841 2897 2939 2951 sub
2967 2907 3104 2951 tecto
3142 2913 3357 2951 manere
3398 2898 3560 2967 cogit.

1988 2991 2247 3045 Tenebrae
2272 3000 2446 3044 autem
2488 3004 2591 3044 non
2622 2990 2813 3044 frustra
2839 3003 2937 3043 nec
2960 2998 3159 3043 temere
3188 2989 3313 3043 huic
3341 2989 3563 3058 tempori

1989 3081 2254 3150 deputata:
2276 3090 2401 3135 sunt
2422 3080 2535 3146 ,sed
2558 3096 2653 3150 pro
2675 3081 2862 3150 majori
2886 3080 3085 3150 quiete.
3108 3078 3563 3145 Quemadmodum

1992 3174 2135 3227 enim
2164 3180 2359 3227 matres
2384 3173 2548 3242 prolis
2576 3183 2815 3227 amantes
2834 3214 2850 3239 ,
2886 3188 3008 3227 cum
3042 3173 3315 3242 vagientes
3340 3172 3567 3225 infantes

1992 3264 2057 3318 ad
2098 3264 2329 3335 quietem
2380 3271 2687 3333 provocant,
2724 3264 2864 3317 ulnis
2909 3263 3236 3333 complexos,
3285 3264 3569 3330 tunicaque

1995 3356 2178 3409 oculos
2231 3370 2415 3409 eorum
2462 3356 2764 3425 operientes
2818 3353 3057 3409 dormire
3108 3354 3357 3407 faciunt:
3413 3354 3489 3406 sic
3514 3361 3568 3405 et

2000 3450 2139 3504 Deus
2176 3460 2445 3518 tamquam
2482 3450 2723 3503 velamen
2752 3446 3018 3518 quoddam
3065 3445 3312 3501 tenebras
3362 3460 3455 3514 per
3483 3459 3572 3498 or-

2000 3541 2121 3595 bem
2148 3557 2210 3595 ex
2221 3541 2476 3609 pandens,
2508 3539 2749 3595 homines
2772 3554 2802 3594 a
2830 3539 3103 3593 laboribus
3126 3538 3399 3607 quiescere
3426 3534 3568 3590 facit.

2000 3633 2107 3688 Nisi
2137 3634 2279 3689 enim
2312 3634 2382 3687 ita
2408 3640 2584 3697 esset,
2616 3632 2795 3686 nimiis
2823 3630 3048 3700 negotiis
3088 3629 3173 3683 vel
3217 3628 3453 3697 pecunia}
3481 3642 3573 3681 co-

2000 3725 2186 3795 genda:
2208 3724 2498 3793 cupiditate
2527 3738 2711 3777 omnes
2737 3722 3158 3777 distraheremur
3182 3738 3193 3773 :
3226 3735 3368 3775 nunc
3395 3728 3572 3774 autem

2003 3834 2101 3872 nos
2147 3818 2232 3871 vel
2263 3817 2457 3871 invitos
2492 3816 2768 3870 remittere
2810 3813 3033 3868 sudores
3077 3812 3236 3876 facit;
3269 3826 3368 3865 nec
3410 3811 3572 3864 modo

2002 3909 2315 3979 corporibus
2333 3949 2349 3975 ,
2380 3908 2474 3963 sed
2503 3907 2663 3963 etiam
2689 3906 2903 3970 animis,
2930 3921 3036 3959 non
3076 3905 3251 3959 minus
3272 3920 3431 3974 quam
3458 3918 3578 3957 cor-

2004 4003 2247 4073 poribus,
2296 4002 2531 4073 quietem
2580 4001 2667 4055 hic
2712 4014 2891 4053 rerum
2942 3996 3075 4051 ordo
3123 4005 3394 4066 procurat.
3440 3994 3577 4061 Quid

2006 4098 2147 4151 enim
2169 4096 2379 4149 dicatur
2393 4093 2460 4148 de
2482 4092 2737 4162 temporis
2759 4090 2916 4160 hujus
2932 4090 3108 4159 quiete
3124 4098 3175 4142 et
3198 4086 3579 4156 tranquillitate

2008 4198 2063 4244 et
2106 4190 2373 4259 quomodo
2402 4187 2581 4240 omnia
2624 4185 2835 4240 silentio
2884 4182 3037 4253 plena
3064 4189 3119 4236 et
3160 4180 3387 4236 tumultu
3416 4193 3580 4232 vacua

2009 4282 2134 4344 sint,
2165 4280 2469 4348 nulliusque
2495 4294 2596 4331 vox
2625 4277 2868 4331 audiatur
2890 4276 3033 4331 velut
3061 4275 3114 4329 in
3145 4273 3252 4337 die,
3283 4273 3369 4327 ubi
3397 4272 3481 4325 alii
3514 4270 3582 4325 de

2012 4382 2319 4444 paupertate
2332 4379 2747 4441 conqueruntur,
2775 4369 2861 4422 alii
2888 4368 3139 4422 damnum
3169 4366 3269 4420 sibi
3306 4363 3580 4433 importari

2013 4469 2262 4529 clamant,
2294 4465 2382 4517 alii
2414 4463 2629 4516 morbos
2656 4461 2949 4530 mutilaque
2972 4473 3197 4527 corpora
3225 4458 3428 4526 lugent,
3460 4470 3583 4524 pars

2013 4557 2431 4627 propinquorum
2462 4563 2718 4619 mortem,
2750 4565 2874 4621 pars
2915 4549 3172 4619 jacturam
3214 4546 3579 4617 pecuniarum,

2015 4650 2103 4701 alii
2127 4648 2385 4700 humanas
2406 4644 2536 4699 alias
2560 4658 2843 4703 aerumnas,
2870 4656 2987 4710 quae
3012 4654 3138 4693 sane
3162 4639 3404 4708 plurimm
3429 4648 3584 4691 sunt:

2016 4756 2081 4794 ex
2105 4739 2294 4807 quibus
2320 4736 2566 4789 omnibus
2582 4733 2742 4787 veluti
2766 4732 3010 4801 procellis
3026 4731 3277 4799 eripiens,
3302 4729 3587 4782 Immanum

2017 4846 2179 4899 genus
2205 4827 2269 4881 ad
2295 4837 2503 4896 portum
2532 4840 2683 4879 suum
2703 4839 2805 4878 nox
2834 4823 3042 4890 recipit.
3068 4821 3191 4875 Haec
3215 4820 3367 4874 nobis
3386 4836 3413 4872 a
3438 4831 3592 4875 nocte

2020 4922 2153 4974 bona
2208 4918 2583 4980 conferuntur,
2633 4934 2662 4970 a
2711 4915 2799 4970 die
2854 4924 3030 4969 autem
3082 4914 3205 4979 illa,
3234 4928 3352 4982 quae
3395 4912 3593 4966 scinms

2020 5013 2273 5066 universi.
2304 5011 2439 5078 Quid
2466 5025 2594 5064 vero
2620 5008 2829 5063 dicatur
2866 5006 2933 5060 de
2958 5005 3267 5059 commercii
3310 5003 3596 5058 facultate?

2022 5104 2228 5159 Etenim
2259 5119 2324 5156 ne
2347 5102 2592 5155 itinerum
2623 5097 2899 5168 longitudo
2925 5111 3024 5151 nos
3052 5110 3081 5149 a
3112 5105 3296 5149 mutuo
3320 5094 3597 5150 consortio

2020 5204 2305 5258 averteret,
2337 5194 2632 5248 breviorem
2656 5192 2807 5245 nobis
2829 5190 2968 5243 viam
3000 5203 3145 5243 mare
3171 5186 3374 5243 scilicet
3402 5185 3597 5256 ubique

2022 5304 2118 5359 per
2146 5288 2329 5341 orbem
2350 5287 2487 5340 Deus
2506 5283 2731 5346 diffudit,
2760 5292 2817 5336 ut
2841 5282 2892 5336 in
2915 5282 3044 5337 orbe
3065 5290 3175 5335 toto
3194 5281 3343 5350 quasi
3370 5281 3420 5333 in
3437 5278 3598 5333 domo

2024 5396 2126 5435 una
2171 5380 2501 5442 habitantes,
2548 5376 2625 5429 sic
2667 5373 2973 5443 frequenter
3013 5372 3279 5442 possimus
3331 5371 3419 5424 alii
3467 5370 3595 5422 alios

2026 5475 2194 5535 adire,
2227 5483 2288 5526 ut
2315 5487 2407 5525 sua
2437 5472 2633 5541 quique
2660 5467 2935 5523 commoda
2979 5467 3235 5536 proximis
3264 5468 3375 5521 suis
3406 5465 3596 5534 singuli

2028 5565 2316 5629 tradentes,
2338 5563 2509 5616 aliena
2556 5568 2740 5613 mutuo
2782 5558 3060 5625 recipiant,
3091 5566 3144 5611 et
3187 5571 3401 5625 parvam
3444 5564 3600 5607 terra:

2029 5656 2323 5726 portionem
2355 5662 2700 5722 occupantes,
2733 5650 2979 5704 omnibus
3007 5650 3201 5718 ubique
3229 5647 3417 5719 positis
3447 5647 3597 5699 bonis

2028 5750 2177 5820 quasi
2222 5748 2422 5802 domini
2477 5747 2747 5815 potiantur
2793 5763 2807 5799 :
2862 5744 3305 5813 quemadmodum
3356 5743 3409 5795 in
3461 5740 3595 5795 lauta

2032 5857 2212 5899 mensa
2239 5841 2456 5911 singulis
2485 5838 2738 5907 convivis,
2763 5853 2879 5908 qua:
2905 5848 3025 5892 ante
3055 5852 3111 5891 se
3144 5836 3310 5903 posita
3336 5842 3461 5889 sunt
3487 5832 3598 5887 alii:

2540 5934 2571 5953 ⁸
3162 5942 3238 6002 εὶῖι
