4116 6392
567 423 672 485 H9

575 551 732 621 longe
753 549 971 605 remotis
989 548 1139 615 dare,
1165 556 1221 604 et
1246 548 1314 603 ab
1342 547 1467 615 illis,
1496 562 1614 618 qua:
1638 560 1802 618 penes
1827 558 1886 601 se
1909 543 2127 606 habent,

1368 418 1428 475 S.
1471 419 1657 476 JOAN.
1691 418 2078 478 CIIRYSOST.
2118 417 2434 475 ARCII'EP.
2467 415 3011 476 CONSTANTINOP.

3693 413 3811 468 4Ξο

2235 539 2461 598 faciebat
2486 542 2506 612 (
2531 558 2562 598 e
2586 557 2646 597 re
2671 556 2898 612 namque
2917 539 3073 595 fuerit
3099 539 3245 594 illum
3271 537 3445 594 denuo
3468 551 3808 592 commemo-

573 649 792 696 extensa
816 639 986 695 solum
1012 654 1172 694 manu
1196 638 1438 708 accipere
1459 637 1601 692 licet.
1634 635 1787 704 Quod
1812 637 1857 690 si
1885 634 2002 705 quis
2029 633 2132 688 alia
2229 632 2395 703 rare),
2417 647 2538 689 cum
2555 631 2685 687 dicit
2695 633 2971 687 Dominum
2993 647 3087 701 pro
3106 646 3165 686 se
3185 639 3446 685 mortuum
3468 643 3586 684 esse
3610 647 3624 682 :
3651 627 3812 694 Quod

574 745 822 786 sermone
843 730 1087 799 persequi
1107 729 1407 793 tentaverit,
1437 727 1492 781 in
1506 726 1884 797 longitudinem
1909 723 2135 780 immen-

573 834 687 874 sam
733 819 948 882 incidet,
983 833 1081 873 nec
1106 818 1189 873 vel
1235 818 1477 887 exiguam
1517 827 1719 886 partem
1750 815 2005 884 attingere
2041 827 2133 883 po-

575 910 737 964 terit:
764 909 1029 980 quomodo
1067 909 1207 964 cnim
1228 950 1243 974 ,
1273 909 1433 963 homo
1459 923 1579 962 cum
1628 908 1729 974 sit,
1759 906 2014 961 infinitam
2042 904 2134 960 Dei

575 998 886 1069 sapientiam
912 999 1087 1054 metiri
1122 997 1494 1068 aggrediatur?
1516 998 1697 1067 Cogita
1737 996 1946 1051 interim
1988 996 2138 1065 plan-

577 1098 751 1144 tarum
797 1089 1142 1154 varietatem,
1190 1088 1602 1153 fructiferarum,
1655 1087 2092 1142 infructuosarum
2117 1127 2134 1152 ,

576 1195 760 1235 earum
785 1195 906 1251 qua:
932 1180 987 1234 in
1015 1179 1275 1247 desertis,
1305 1195 1423 1250 qua:
1451 1181 1505 1235 in
1529 1181 1670 1250 agris
1698 1179 1871 1244 cultis,
1909 1179 1962 1233 in
1988 1193 2139 1232 mon-

582 1271 746 1336 tibus,
780 1270 831 1324 in
851 1270 1070 1339 planitie
1098 1288 1112 1324 :
1143 1270 1418 1325 considera
1447 1270 1807 1326 diversitatem
1843 1271 1896 1324 in
1922 1269 2138 1324 semiui-

579 1359 701 1426 bus,
733 1360 786 1414 in
814 1361 1065 1426 oleribus,
1096 1360 1150 1414 in
1175 1359 1426 1427 ﬂoribus,
1451 1361 1503 1414 in
1536 1361 1852 1416 animalibus
1878 1362 2141 1415 terrestri-

579 1451 711 1518 bus,
740 1453 794 1506 in
815 1451 1096 1521 amphibiis
1117 1493 1134 1517 ,
1166 1453 1218 1506 in
1245 1453 1550 1507 natatilibus
1578 1471 1592 1506 :
1617 1453 1883 1523 perpende
1908 1453 2132 1509 visibilia

581 1544 757 1597 omnia
787 1555 1002 1613 propter
1043 1558 1140 1599 nos
1166 1543 1303 1599 facta
1323 1587 1338 1612 ,
1364 1545 1570 1610 caelum,
1602 1553 1796 1600 terram
1818 1586 1833 1611 ,
1873 1559 2038 1609 mare,
2086 1553 2142 1598 et

582 1637 762 1690 omnia
791 1650 909 1706 quae
953 1637 1006 1690 in
1031 1638 1109 1691 eis
1132 1646 1273 1691 sunt.
1300 1636 1748 1703 Quemadmodum
1775 1637 1916 1691 enim
1945 1636 1989 1689 si
2022 1636 2141 1706 quis

583 1726 782 1796 regiam
825 1725 1153 1796 splendidam
1205 1727 1592 1790 construxerit,
1637 1727 1804 1781 multo
1854 1727 2138 1798 fulgentem

580 1831 748 1884 auro,
774 1819 942 1873 multo
964 1834 1288 1888 gemmarum
1331 1819 1502 1874 nitore
1531 1835 1545 1872 :
1578 1819 1649 1873 ita
1687 1817 1940 1873 mundum
1977 1819 2140 1872 fabri-

580 1917 730 1962 catus
760 1908 921 1971 Deus,
961 1909 1228 1964 hominem
1273 1909 1577 1974 introduxit,
1603 1917 1663 1962 ut
1706 1909 1759 1964 in
1806 1909 1920 1963 haec
1962 1908 2139 1962 omnia

581 2014 800 2069 regnum
823 2001 1106 2056 obtineret.
1137 2001 1392 2072 Quodque
1431 2001 1586 2071 longe
1619 2003 1910 2056 mirabilius
1944 2003 1997 2056 in
2041 2001 2140 2056 hac

582 2088 744 2143 domo
769 2099 869 2156 est,
891 2105 996 2146 non
1021 2107 1088 2146 ex
1128 2092 1391 2162 lapidibus
1428 2101 1623 2146 tectum
1652 2083 2012 2158 concinnavit,
2045 2092 2141 2146 sed

584 2194 652 2232 ex
685 2179 788 2232 alia
817 2182 1131 2250 pretiosiore
1157 2183 1377 2237 materia
1412 2183 1667 2250 condidit,
1695 2199 1865 2254 neque
1888 2184 2140 2238 candela-

583 2266 668 2321 bri
704 2270 849 2324 aurei
875 2269 1142 2326 ﬂammam
1175 2273 1453 2341 accendit,
1481 2274 1572 2328 sed
1617 2288 1844 2344 superne
1872 2275 2143 2344 lampadas

584 2371 810 2426 ponens,
837 2374 928 2414 eas
955 2376 1046 2430 per
1089 2361 1277 2416 domus
1303 2371 1496 2418 tectum
1523 2364 1822 2420 discurrere
1843 2364 2020 2434 jussit,
2070 2365 2141 2419 ita

583 2458 642 2503 ut
667 2449 717 2503 id
748 2465 851 2504 non
881 2452 1008 2506 utile
1031 2451 1192 2507 modo
1219 2463 1381 2520 esset,
1408 2454 1501 2509 sed
1531 2469 1772 2525 magnam
1800 2457 1961 2510 etiam
1990 2455 2143 2511 nobis

587 2549 799 2608 pareret
825 2541 1168 2612 voluptatem,
1218 2545 1572 2612 pavimentum
1612 2553 1789 2600 autem
1834 2547 1999 2600 instar
2026 2546 2142 2616 opi-

584 2642 730 2696 parte
757 2644 956 2684 mensze
981 2631 1299 2686 adornavit:
1330 2641 1383 2688 et
1407 2633 1521 2688 haec
1545 2634 1768 2702 prmbuit
1797 2637 1866 2702 ei,
1893 2636 1982 2705 qui
2011 2633 2142 2690 nihil

583 2717 758 2773 adhuc
776 2718 900 2774 boni
926 2719 1255 2775 exhibuerat.
1275 2721 1646 2778 Verumtamen
1673 2733 1793 2794 post
1815 2733 1960 2779 tanta
1981 2725 2139 2792 dona,

585 2822 705 2862 cum
732 2823 854 2879 erga
894 2809 1186 2865 beneficum
1209 2811 1368 2866 homo
1409 2827 1467 2868 se
1494 2814 1756 2884 ingratum
1800 2817 2140 2884 praebuisset,

586 2911 690 2950 non
720 2897 838 2952 ideo
875 2899 1023 2954 illum
1064 2899 1268 2957 honore
1307 2903 1561 2972 privavit,
1590 2904 1684 2960 sed
1713 2907 1912 2976 expulit
1938 2917 2140 2962 tantum

583 3003 651 3044 ex
675 2990 936 3059 paradiso,
963 3000 1121 3063 atque
1141 2993 1218 3048 sic
1243 2996 1534 3065 castigavit,
1554 3006 1610 3051 ut
1631 2997 1892 3068 ingratum
1908 2999 2142 3054 animum

586 3083 725 3137 ultra
746 3083 1034 3153 procedere
1058 3085 1350 3152 cohiberet,
1376 3097 1431 3142 et
1449 3088 1521 3143 ad
1547 3090 1726 3160 pejora
1752 3090 2018 3147 declinare
2039 3092 2142 3146 im-

585 3171 811 3241 pediret.
842 3173 968 3228 llmc
1005 3189 1163 3245 porro
1187 3176 1364 3230 omnia
1385 3217 1400 3244 ,
1429 3177 1615 3248 hisque
1643 3179 1823 3250 plura,
1851 3195 2030 3236 secum
2056 3197 2143 3236 re-

586 3269 778 3330 putans
813 3263 1102 3334 apostolus,
1129 3273 1313 3336 utpote
1341 3268 1522 3322 divino
1562 3279 1737 3325 motus
1764 3270 1995 3340 Spiritu,
2024 3287 2144 3342 qua:

584 3351 653 3406 ab
699 3351 871 3420 initio,
923 3369 1042 3424 quae
1083 3356 1342 3425 quotidie,
1370 3372 1491 3428 quae
1531 3359 1585 3413 in
1626 3361 1881 3430 singulos,
1926 3376 2046 3432 qua:
2087 3363 2142 3417 in

584 3455 772 3496 omnes
810 3441 986 3508 simul,
1030 3459 1148 3515 quae
1193 3446 1389 3516 palam,
1435 3463 1553 3519 quae
1598 3449 1928 3517 clanculum,
1976 3452 2144 3508 multo

585 3531 735 3601 plura
765 3531 847 3599 iis,
877 3549 996 3604 qua:
1034 3537 1308 3592 manifesta
1339 3549 1495 3606 sunt;
1524 3541 1650 3595 item
1694 3557 1812 3612 quae
1849 3543 2140 3598 secundum

589 3625 941 3680 oeconomiam
971 3628 1223 3698 unigeniti
1248 3630 1365 3686 Filii
1395 3633 1508 3698 Dei,
1538 3633 1712 3689 futura
1741 3650 1951 3707 quoque
1979 3637 2139 3705 bona,

582 3723 638 3768 et
661 3714 837 3769 omnia
861 3715 1071 3772 demum
1093 3720 1542 3791 circumspiciens,
1565 3733 1724 3795 atque
1741 3727 2143 3784 inenarrabilem

589 3804 682 3859 Dei
707 3816 942 3862 amorem
989 3810 1219 3880 undique
1243 3813 1498 3884 colligens
1526 3824 1580 3870 et
1621 3817 1885 3887 cogitans,
1912 3820 2062 3890 quasi
2088 3821 2142 3875 in

587 3897 904 3954 immensum
946 3901 1163 3972 pelagus
1209 3903 1489 3976 delapsus,
1542 3908 1619 3962 sic
1662 3909 1877 3965 edidicit
1925 3919 2054 3981 quot
2090 3921 2146 3967 et

512 4010 518 4018 ε
587 3989 797 4058 quantis
824 4000 967 4046 esset
989 3994 1284 4050 rationibus
1307 3997 1590 4053 reddendis
1615 4000 1891 4067 obnoxius,
1920 4017 2144 4072 quarum

587 4094 657 4134 ne
697 4081 969 4136 minimam
1010 4093 1220 4153 partem
1268 4087 1519 4144 exhibere
1547 4099 1772 4159 poterat.
1812 4092 2146 4163 Quapmpter

590 4172 714 4226 talia
735 4173 1065 4244 loquebatur,
1099 4186 1153 4232 et
1177 4179 1394 4234 minima
1438 4181 1650 4250 quidem
1693 4194 1908 4254 peccata
1954 4201 2145 4257 magna

586 4278 708 4318 cum
749 4265 1024 4337 diligentia
1047 4271 1400 4338 scrutabatur,
1429 4285 1577 4330 recte
1617 4275 1754 4332 facta
1793 4287 1968 4334 autem
2012 4280 2147 4336 obli-

585 4355 730 4411 vioni
757 4357 1057 4413 mandabat.
1088 4359 1193 4416 Sed
1218 4377 1324 4416 non
1348 4365 1565 4434 perinde
1581 4382 1699 4432 nos,
1719 4369 1807 4440 qui
1833 4369 2146 4426 delictorum

588 4444 823 4515 quidem,
869 4447 994 4506 licet
1035 4452 1198 4508 multa
1244 4469 1538 4526 magnaque
1576 4459 1698 4524 sint,
1743 4475 1843 4515 nec
1883 4463 2142 4518 rationem

590 4533 869 4606 habemus,
899 4554 998 4595 nec
1013 4543 1336 4599 mentionem
1363 4544 1583 4602 facimus
1607 4566 1621 4602 :
1646 4551 1691 4604 si
1713 4551 1839 4620 quid
1863 4561 2038 4607 autem
2059 4555 2145 4610 vel

589 4628 864 4684 minimum
890 4630 1014 4686 boni
1037 4633 1337 4702 fecerimus,
1359 4637 1412 4692 id
1437 4637 1576 4693 ultro
1603 4641 1841 4712 citroque
1860 4645 2142 4713 jactamus,

586 4737 686 4776 nec
721 4722 865 4792 prius
889 4724 1122 4794 jactandi
1149 4737 1204 4782 et
1230 4730 1492 4798 gloriandi
1530 4731 1688 4786 finem
1715 4733 1956 4802 facimus,
1989 4751 2148 4806 quam

586 4829 810 4883 parvum
854 4815 979 4872 illud
1009 4834 1102 4888 per
1147 4825 1498 4892 arrogantiam
1538 4825 1828 4883 deleamus.
1858 4827 1984 4884 Haec
2020 4831 2147 4886 item

595 4906 926 4976 perpendens
965 4908 1126 4964 David
1156 4910 1173 4942 ¹
1216 4910 1463 4968 dicebat:
1509 4913 1644 4981 Quid
1685 4926 1756 4971 est
1803 4918 1971 4986 homo,
2014 4921 2147 4990 quod

590 5011 780 5049 meum
803 5013 854 5052 es
877 4999 986 5068 ejus
1017 4997 1182 5070 (Psal.
1207 5003 1260 5057 8.
1279 5003 1356 5072 5).
1383 5003 1565 5074 Neque
1589 5006 1640 5061 id
1671 5009 1865 5077 solum,
1894 5012 1987 5065 sed
2014 5013 2034 5044 ³
2061 5013 2144 5066 in-

588 5096 795 5155 gratum
843 5090 1077 5145 animum
1117 5093 1235 5162 ejus
1273 5094 1519 5150 incusans
1561 5097 1815 5154 dicebat:
1850 5102 2016 5157 Homo
2037 5121 2149 5158 cum

589 5178 643 5230 in
664 5177 855 5233 honore
879 5189 1022 5249 esset,
1050 5199 1150 5236 non
1169 5185 1411 5240 intellexit
1435 5202 1454 5240 :
1480 5201 1794 5259 comparatus
1815 5203 1889 5246 est
1903 5194 2150 5263 jumentis

587 5267 968 5339 insipientibus,
997 5282 1044 5327 et
1068 5274 1244 5329 similis
1270 5279 1431 5348 factus
1460 5289 1529 5334 est
1553 5282 1623 5335 eis
1645 5281 1815 5351 (Psal.
1844 5286 1932 5340 48.
1968 5286 2078 5359 15).

660 5359 712 5413 6.
742 5359 873 5414 illud
899 5362 1030 5431 grati
1070 5361 1252 5420 famuli
1278 5375 1396 5433 est,
1417 5368 1668 5425 beneficia
1713 5374 1959 5429 omnibus
1995 5377 2154 5432 simul

588 5448 780 5502 collata
800 5491 816 5518 ,
847 5451 945 5505 sibi
976 5455 1184 5522 propria
1211 5456 1514 5514 existimare
1537 5499 1550 5522 ,
1579 5469 1736 5531 atque
1762 5463 1831 5516 ita
1872 5465 2152 5521 sollicitum

589 5554 709 5595 esse
732 5554 794 5596 ac
821 5541 868 5596 si
897 5544 1133 5600 omnium
1161 5545 1367 5605 debitor
1387 5558 1547 5607 esset.
1585 5551 1738 5621 Quod
1763 5554 1919 5610 etiam
1959 5553 2154 5613 Paulus

653 5761 1210 5890 ζῗὲὶὲοξεᾶἒξὲῑῗεξὲ,
1233 5769 1323 5822 sed
1351 5769 1501 5834 cotb.,
1525 5767 1629 5824 hac
1645 5774 2130 5840 Wdemjustus.

2232 730 2420 786 autem,
2443 723 2630 794 inquit,
2652 738 2783 776 nunc
2804 723 2912 776 vivo
2929 722 2983 775 in
3007 737 3174 786 carne,
3204 721 3258 774 iu
3282 719 3384 789 ﬁde
3408 720 3513 772 vivo
3536 717 3659 772 Filii
3681 716 3806 778 Dei.

2233 817 2320 883 qui
2335 815 2508 869 dilexit
2523 831 2618 876 me,
2639 825 2686 868 et
2700 813 2905 867 tradidit
2917 812 3228 880 semetipsum
3245 827 3335 880 pro
3351 827 3427 864 me
3443 808 3584 881 (Gal.
3608 810 3661 862 2.
3678 809 3806 876 20).

2237 904 2362 960 Haec
2398 919 2557 974 porro
2584 903 2792 958 dicebat
2819 917 2924 956 non
2954 913 3010 956 ut
3037 899 3248 981 Christi.
3271 901 3467 954 donum
3507 900 3807 954 contrahe-

2236 1005 2338 1064 ret,
2364 996 2457 1050 sed
2483 1003 2542 1050 ut
2562 993 2737 1065 quoad
2758 1003 2945 1060 totum,
2972 1007 3031 1048 se
3051 992 3335 1048 obnoxium
3357 990 3721 1053 constitueret,
3745 997 3808 1043 et

2237 1086 2459 1158 singulis
2488 1085 2644 1140 utsic
2670 1084 2844 1140 atl'ecti
2880 1092 3060 1139 essent
3089 1082 3446 1152 persuaderet.
3473 1079 3605 1135 Nam
3628 1080 3672 1134 si
3703 1093 3808 1149 pro

2237 1193 2345 1233 uno
2373 1186 2573 1232 tantum
2601 1177 2814 1231 homine
2841 1175 3070 1229 venisset
3106 1172 3344 1228 Christus
3367 1210 3381 1237 ,
3414 1185 3519 1224 non
3558 1169 3676 1224 ideo
3702 1169 3807 1222 mi-

2237 1277 2487 1324 nueretur
2509 1267 2727 1332 donum,
2750 1265 2844 1322 sed
2867 1265 3036 1335 majus
3053 1277 3170 1319 esse
3187 1261 3637 1333 comprobaretur.
3658 1260 3810 1325 Quo-

2238 1359 2430 1414 modo?
2449 1358 2580 1425 Quia
2615 1372 2711 1426 pro
2743 1371 2849 1410 uno
2874 1363 3074 1410 tantam
3100 1351 3512 1408 sollicitudinem
3552 1350 3808 1404 habuisse

2238 1449 2521 1512 videretur,
2543 1455 2788 1517 quantam
2815 1445 2924 1512 ille,
2944 1443 3034 1513 qui
3055 1458 3209 1496 uuam
3230 1456 3380 1496 ovem
3401 1455 3659 1510 quaerens,
3680 1437 3810 1493 ideo

2241 1538 2547 1593 turbabatur
2579 1545 2635 1592 et
2671 1535 2850 1591 flebat.
2882 1535 2937 1590 Si
2965 1534 3104 1588 enim
3131 1534 3194 1600 ii,
3222 1531 3312 1601 qui
3342 1530 3591 1601 pecunias
3618 1540 3809 1583 mutuo

2238 1637 2590 1699 acceperunt,
2623 1641 2720 1681 nec
2745 1624 2998 1681 solvendo
3018 1637 3172 1695 pares
3213 1631 3336 1678 sunt
3362 1664 3378 1690 ,
3404 1622 3497 1676 sed
3530 1623 3581 1676 in
3611 1635 3810 1690 magno

2238 1723 2359 1777 aeris
2405 1721 2567 1777 alieni
2609 1719 2871 1790 profundo
2912 1718 3174 1780 demersi,
3217 1730 3319 1771 nec
3351 1714 3668 1779 comedunt,
3702 1729 3810 1770 nec

2238 1814 2526 1879 dormiunt,
2555 1810 2905 1867 sollicitudine
2929 1809 3212 1864 excruciati
3241 1827 3254 1862 :
3274 1809 3448 1878 justus
3469 1807 3557 1877 qui
3581 1806 3725 1862 videt
3745 1821 3808 1862 se

2238 1921 2345 1960 non
2373 1920 2469 1975 pro
2491 1903 2743 1973 pecuniis,
2766 1901 2859 1957 sed
2887 1917 2985 1970 pro
3006 1899 3328 1955 facinoribus
3347 1913 3464 1954 esse
3482 1898 3804 1964 debitorem,

2239 1996 2364 2067 quid
2391 2011 2494 2051 non
2517 1993 2776 2064 patiatur?
2798 1992 2904 2048 Sed
2925 2006 3022 2046 nos
3042 2007 3146 2046 non
3163 1991 3256 2058 ita;
3277 2005 3398 2044 nam
3424 1991 3467 2044 si
3488 2005 3669 2059 parum
3695 1991 3808 2045 sol-

2239 2103 2426 2144 vamus
2452 2128 2467 2152 ,
2497 2087 2568 2140 ita
2595 2085 2770 2140 affecti
2810 2099 2995 2140 sumus
3017 2123 3034 2150 ,
3063 2098 3126 2138 ac
3149 2083 3194 2138 si
3224 2090 3390 2137 totum
3417 2081 3759 2136 solvissemus
3784 2097 3805 2148 ;

2240 2181 2349 2236 imo
2366 2223 2382 2248 ,
2409 2179 2548 2250 quod
2575 2179 2730 2248 longe
2753 2177 2986 2233 deterius
3006 2185 3117 2239 est,
3147 2191 3215 2232 ne
3249 2191 3468 2245 parvum
3495 2174 3708 2245 quidem
3736 2175 3808 2229 il-

2239 2272 2330 2328 lud
2357 2288 2476 2328 cum
2499 2286 2560 2325 ea
2588 2270 2880 2336 alacritate,
2898 2285 3016 2339 quae
3044 2269 3236 2324 liberos
3256 2268 3424 2333 decet,
3448 2266 3683 2330 facimus.
3707 2267 3807 2323 sed

2241 2365 2387 2436 prius
2431 2364 2774 2434 inquirimus,
2801 2363 2845 2417 si
2896 2361 3194 2416 mercedem
3237 2359 3456 2424 habeat,
3499 2359 3546 2414 si
3583 2360 3806 2414 multam

2241 2461 2462 2527 habeat,
2485 2461 2530 2514 si
2552 2459 2604 2514 id
2631 2458 2782 2513 nobis
2807 2465 3079 2527 reputetur
3097 2497 3111 2521 ,
3143 2470 3206 2509 ac
3233 2455 3570 2510 illiberalium
3595 2467 3807 2508 merce-

2240 2549 2613 2619 nariorumque
2637 2548 2794 2602 verba
2825 2545 3159 2616 proferimus.
3185 2545 3321 2611 Quid
3347 2545 3447 2610 ais,
3468 2559 3502 2598 ο
3522 2544 3679 2598 homo
3708 2557 3808 2612 pu-

2241 2642 2520 2696 sillanimis
2565 2648 2620 2696 et
2666 2639 2882 2694 infelix?
2921 2651 3010 2693 res
3064 2638 3174 2692 Deo
3218 2637 3408 2706 placita
3462 2635 3660 2706 agenda
3707 2633 3804 2688 tibi

2241 2732 2584 2802 proponitur,
2612 2739 2666 2785 et
2710 2740 2764 2785 tu
2803 2731 2870 2785 de
2909 2728 3156 2784 mercede
3183 2728 3438 2782 sollicitus
3464 2727 3559 2782 es?
3584 2727 3640 2782 Si
3682 2732 3808 2796 post

2241 2832 2507 2899 peractam
2553 2837 2666 2876 rem
2692 2819 2746 2875 in
2787 2820 3081 2891 gehennam
3127 2817 3490 2889 conjiciendus
3513 2831 3698 2884 esses,
3734 2831 3804 2870 an

2241 2913 2641 2969 detrectandum
2683 2911 2863 2969 esset?
2889 2925 3066 2966 nonne
3091 2919 3216 2965 tunc
3241 2910 3400 2964 etiam
3447 2922 3635 2977 magna
3678 2921 3803 2962 cum

2241 3006 2512 3060 alacritate
2531 3019 2744 3058 manum
2771 3003 2924 3058 bonis
2944 3001 3192 3072 operibus
3214 2999 3497 3054 admovere
3519 3013 3613 3067 par
3630 2996 3807 3052 esset?

2244 3095 2379 3152 Rem
2409 3096 2516 3150 Deo
2542 3103 2812 3165 acceptam
2835 3093 2965 3148 facis
2987 3135 3003 3160 ,
3029 3101 3083 3148 et
3109 3093 3267 3147 aliam
3302 3089 3596 3146 mercedem
3626 3087 3808 3158 requi-

2241 3188 2354 3245 ris?
2379 3188 2518 3244 Vere
2543 3188 2755 3257 ignoras
2774 3197 3025 3256 quantum
3053 3182 3478 3253 bonisitplacere
3505 3181 3613 3235 Deo
3641 3181 3722 3236 :si
3752 3179 3807 3234 id

2242 3297 2470 3353 namque
2497 3282 2681 3346 scires,
2712 3279 2915 3334 nullum
2945 3277 3086 3332 aliud
3113 3276 3236 3331 huic
3259 3291 3356 3346 par
3382 3273 3654 3344 praemium
3682 3287 3807 3327 esse

2242 3383 2478 3445 putares.
2510 3373 2691 3430 Nescis
2717 3372 2810 3426 tibi
2846 3369 3144 3426 mercedem
3170 3409 3185 3433 ,
3213 3367 3428 3437 augeri,
3456 3364 3668 3435 quando
3695 3378 3804 3418 non

2244 3481 2340 3535 spe
2385 3464 2648 3519 mercedis
2674 3478 2792 3534 qua:
2817 3461 3009 3516 decent
3044 3458 3316 3530 operaris?
3339 3456 3621 3527 lgnorasne
3663 3454 3804 3524 apud

2244 3556 2487 3612 homines
2515 3569 2608 3610 eos
2645 3554 2874 3609 maxime
2898 3553 2951 3606 in
2980 3551 3180 3606 honore
3205 3549 3271 3604 ab
3299 3548 3542 3602 omnibus
3579 3544 3760 3598 haberi
3787 3584 3804 3607 ,

2242 3647 2330 3718 qui
2357 3656 2480 3701 ante
2505 3644 2803 3700 mercedem
2828 3642 2893 3697 ad
2923 3643 3005 3696 sui
3035 3641 3280 3712 placitum
3311 3638 3635 3707 respiciunt,
3661 3645 3717 3690 et
3739 3635 3809 3688 de

2242 3740 2432 3796 eodem
2461 3738 2654 3809 placito
2680 3736 2848 3806 magis
2871 3733 3079 3789 solliciti
3105 3741 3249 3794 sunt,
3271 3746 3429 3800 quam
3451 3729 3518 3784 de
3543 3727 3764 3799 praemio
3781 3725 3809 3779 ?

2243 3829 2389 3885 Itane
2413 3829 2655 3884 homines
2685 3841 2810 3896 erga
2835 3837 3125 3880 conservos
3151 3835 3278 3876 suos
3308 3830 3414 3875 tam
3443 3832 3700 3889 generose
3726 3816 3809 3871 af—

2243 3922 2367 3976 fecti
2397 3930 2548 3987 sunt;
2574 3931 2628 3974 tu
2657 3934 2784 3974 vero
2813 3927 2890 3972 tot
2914 3915 3186 3972 beneficiis
3219 3929 3250 3968 a
3293 3913 3516 3968 Domino
3547 3920 3765 3966 ornatus
3786 3951 3803 3976 ,

2243 4021 2426 4082 totque
2448 4018 2760 4080 exspectans
2787 4007 2854 4062 ab
2883 4007 2971 4061 illo
2998 4005 3134 4060 bona
3152 4044 3168 4070 ,
3190 4019 3309 4059 cum
3334 4000 3536 4072 aliquid
3571 4001 3637 4055 ad
3665 4001 3810 4054 salu-

2244 4112 2350 4157 tem
2380 4100 2655 4172 pertinens
2679 4109 2822 4152 tuam
2852 4097 3112 4167 agendum
3137 4102 3238 4157 est,
3270 4102 3550 4162 antequam
3576 4105 3708 4160 opus
3727 4098 3810 4143 at-

2246 4195 2434 4264 tingas,
2456 4193 2524 4248 de
2548 4191 2791 4247 mercede
2815 4191 3022 4246 curiose
3041 4185 3300 4257 inquiris?
3318 4184 3442 4240 Ideo
3462 4197 3646 4239 sumus
3661 4196 3806 4237 sem-

2245 4302 2342 4357 per
2383 4285 2557 4356 frigidi
2581 4325 2597 4351 ,
2623 4283 2952 4338 miserabiles
2973 4321 2988 4348 ,
3018 4295 3120 4336 nec
3143 4279 3209 4333 ad
3251 4276 3521 4348 quidpiam
3563 4273 3806 4346 generosi

2245 4375 2507 4446 agendum
2557 4374 2725 4444 parati
2758 4391 2772 4428 :
2802 4373 2920 4427 ideo
2966 4372 3018 4425 in
3069 4369 3478 4437 compunctione
3520 4379 3808 4434 numquam

2245 4465 2439 4537 degere
2460 4507 2474 4531 ,
2505 4479 2676 4535 neque
2709 4463 2938 4517 animam
2965 4471 3200 4517 nostram
3225 4460 3308 4514 vel
3346 4458 3620 4513 minimum
3657 4455 3811 4510 colli-

2245 4573 2372 4628 gere
2400 4571 2699 4627 possumus.
2728 4554 2939 4610 Etenim
2965 4561 3174 4624 peccata
3203 4559 3380 4605 nostra
3408 4563 3514 4603 non
3533 4548 3810 4616 diligenter

2247 4649 2646 4704 consideramus
2667 4687 2682 4712 ,
2709 4645 2800 4700 Dei
2829 4643 3082 4705 beneficia
3109 4657 3215 4697 non
3243 4647 3560 4704 scrutamur,
3582 4636 3648 4692 ad
3668 4637 3812 4691 viros

2247 4740 2500 4811 praclara
2545 4753 2706 4807 opera
2735 4737 2953 4792 edentes
2979 4750 3083 4788 non
3127 4732 3458 4802 reSpicimus.
3485 4729 3685 4784 Idcirco
3724 4727 3814 4782 ho-

2248 4847 2436 4887 norum
2467 4845 2688 4899 cperum
2711 4828 3099 4892 obliviscimur,
3121 4825 3243 4894 quia
3272 4835 3551 4892 prosperos
3588 4828 3813 4874 eventus

2248 4936 2354 4975 non
2396 4919 2665 4975 moderate
2701 4917 2918 4973 ferimus
2940 4957 2956 4982 ,
2978 4929 3150 4984 neque
3172 4955 3188 4980 ,
3214 4920 3272 4967 ut
3323 4910 3626 4980 frequenter
3659 4907 3769 4961 dixi
3793 4947 3811 4970 ,

2249 5011 2460 5079 quando
2481 5026 2578 5082 nos
2609 5018 2916 5083 peccatores
2944 5021 3220 5072 vocamus,
3248 5019 3369 5058 cum
3395 5002 3617 5056 veritate
3644 4999 3814 5068 loqui-

2251 5119 2386 5159 mur.
2416 5103 2472 5157 ω
2494 5101 2617 5156 inde
2645 5101 2845 5170 liquet,
2869 5098 3010 5169 quod
3034 5112 3152 5152 cum
3181 5097 3405 5165 idipsum
3431 5093 3499 5147 ab
3523 5092 3639 5145 aliis
3663 5091 3816 5142 audi-

2250 5210 2391 5259 mus,
2413 5193 2868 5257 excandes‘cimus,
2895 5189 3198 5253 efferamur,
3220 5183 3594 5240 contumeliam
3623 5180 3673 5234 id
3693 5193 3815 5234 esse

2251 5287 2495 5343 dicimus.
2518 5284 2594 5338 lta
2614 5283 2752 5354 apud
2772 5295 2870 5338 nos
2890 5281 3067 5337 omnia
3086 5278 3351 5351 hypocrisi
3382 5276 3534 5346 plena
3556 5281 3698 5338 sunt,
3715 5286 3818 5326 nec

2253 5383 2520 5438 imitamur
2557 5381 2892 5450 publicanum
2917 5419 2933 5445 ,
2960 5377 3049 5448 qui
3077 5374 3298 5431 alterius
3337 5371 3435 5427 sibi
3480 5377 3818 5440 peccatorum

2255 5472 2642 5528 multitudinem
2665 5469 3035 5540 exprobrantis
3062 5464 3435 5522 contumeliam
3457 5461 3684 5514 libenter
3709 5471 3821 5511 sus-

2255 5566 2456 5635 cipiens
2480 5605 2496 5629 ,
2529 5579 2624 5633 per
2659 5576 2821 5631 opera
2869 5561 3073 5615 lucrum
3119 5557 3296 5615 retulit
3321 5549 3627 5610 :descendit
3675 5547 3819 5602 enim

2251 5657 2568 5729 justificatus
2615 5653 2788 5723 potius
2827 5665 2985 5722 quam
3027 5649 3342 5704 Phariszcus.
3386 5642 3495 5699 Nos
3533 5649 3708 5695 autem
3752 5652 3822 5690 ne

2258 5748 2454 5804 scimus
2472 5743 2681 5816 quidem
2697 5742 2822 5814 quid
2840 5743 2911 5797 sit
2927 5741 3187 5796 confessio
3202 5737 3353 5810 (Luc.
3374 5736 3461 5792 18.
3483 5735 3589 5802 Η),
3612 5731 3821 5788 etiamsi

2261 5837 2479 5897 infinitis
2503 5837 2654 5894 malis
2677 5835 2866 5906 repleti
2881 5834 3046 5893 simus
3063 5850 3076 5890 :
3094 5847 3216 5890 cum
3241 5837 3512 5902 oporteret
3525 5841 3628 5882 non
3646 5823 3822 5880 solum
