4116 6392
202 385 309 443 419

198 508 424 575 ἀπάσης
454 505 642 577 κύριος
666 503 762 566 ῶν,
795 501 905 554 τῶν
944 499 1222 570 πανταχοῦ
1264 498 1565 569 γινομένων
1624 492 1869 577 ἀπολαύῃ

198 574 413 643 καλῶν·
452 574 703 655 καθάπερ
758 584 851 637 ἐπὶ
904 581 1181 654 τραπέζης
1204 581 1466 644 πλουσίας
1508 578 1721 646 ἑκάστῳ
1766 574 1875 626 τῶν

195 670 533 742 δαιτυμόνων
559 667 622 720 :6
662 662 1121 735 παρατεθειμένον
1150 662 1300 742 αὐτῷ
1320 662 1461 715 δόντι
1487 655 1873 742 τῷ

203 735 599 819 κατακειμένῳ,
618 745 678 799 :6
700 746 831 814 παρ’
848 742 1041 813 ἐκείνῳ
1074 740 1325 814 κείμενον
1371 740 1699 819 ἀντιλαϐεῖν
1718 735 1875 819 sugg-

197 847 315 884 εστι
342 815 446 900 τὴν
476 815 633 899 χεῖρα
676 822 836 895 μόνον
864 822 1307 875 ἐκτείναντα.Ἐί
1341 822 1399 875 δέ
1419 838 1502 885 τις
1524 820 1619 873 κα)⁸
1646 817 1717 872 τὰ
1739 815 1872 872 ἄλλα

197 910 377 963 πάντα
400 899 660 962 ἐπελθεῖν
686 903 1053 973 ἐπιχειρήσειε
1084 900 1161 971 τῷ
1183 899 1347 970 λόγῳ,
1370 902 1449 964 εἰς
1476 902 1679 970 ἄφατον
1712 899 1875 951 ἐκπε-

199 992 372 1043 σεῖται
402 987 597 1058 μῆκος,
636 984 730 1038 καὶ
765 980 886 1035 οὐδέ
926 979 1120 1053 μικρὸν
1149 979 1499 1033 ἐπελεύσεται
1534 978 1719 1050 μέρος·
1755 976 1872 1058 πῶς

196 1066 308 1138 γὰρ
333 1057 619 1136 ἄνθρωπος
642 1060 717 1116 ὢν
747 1061 843 1115 καὶ
869 1059 969 1129 τὴν
992 1059 1216 1130 ἄπειρον
1235 1058 1328 1138 τοῦ
1355 1058 1490 1138 Θεοῦ
1526 1058 1717 1127 σοφίαν
1750 1057 1875 1138 ἀνα-

199 1136 418 1217 μετρεῖν
440 1140 761 1213 ἐπιχειρῶν;
802 1138 1082 1209 Ἐννόησον
1118 1137 1227 1209 γὰρ
1258 1137 1396 1200 τέως
1419 1137 1518 1202 τὰς
1549 1138 1656 1191 τῶν
1689 1136 1873 1205 φυτῶν

195 1224 489 1295 διαφορὰς,
537 1220 647 1276 τῶν
697 1219 1102 1292 καρποφόρων,
1150 1217 1260 1271 τῶν
1312 1218 1615 1289 ἀκάρπων,
1666 1218 1777 1271 τῶν
1813 1219 1872 1271 ἐν

196 1305 445 1375 ἐρήμοις,
469 1301 580 1355 τῶν
613 1300 753 1353 κατὰ
782 1299 880 1370 τὴν
912 1297 1255 1368 οἰκουμένην,
1306 1296 1415 1351 τῶν
1470 1298 1528 1350 ἐν
1563 1298 1732 1368 ὄρεσι,
1763 1297 1871 1351 τῶν

196 1384 255 1436 ἐν
282 1384 505 1445 πεδίοις·
535 1381 609 1435 ίδε
632 1381 731 1450 τὴν
757 1379 815 1431 ἐν
852 1377 882 1417 δ
908 1378 1020 1441 τοῖς
1046 1376 1321 1446 σπέρμασι
1355 1375 1649 1436 ποικιλίαν,
1685 1377 1785 1447 τὴν
1812 1378 1871 1429 ἐν

194 1464 316 1526 ταῖς
351 1460 622 1532 βοτάναις,
677 1458 779 1529 τὴν
835 1457 894 1509 ἐν
948 1459 1058 1519 τοῖς
1089 1455 1297 1517 ἄνθεσι,
1343 1454 1439 1525 τὴν
1481 1455 1541 1507 ἐν
1571 1457 1683 1518 τοῖς
1713 1454 1872 1518 ζώοις

193 1544 307 1605 τοῖς
341 1541 637 1612 χερσαίοις,
695 1539 810 1601 τοῖς
848 1534 1151 1607 ἀμφιϐίοις,
1197 1536 1310 1598 τοῖς
1348 1536 1584 1605 νηκτοῖς·
1615 1535 1871 1612 ἐννόησον

192 1620 277 1673 ὅτι
304 1620 374 1674 τά
393 1611 647 1691 δρώμενα
676 1616 892 1671 ἅπαντα
923 1614 988 1667 δι’
1014 1616 1182 1685 ἡμᾶς,
1206 1612 1454 1685 οὐρανὸς,
1484 1613 1578 1683 γῆ.
1604 1611 1867 1677 θάλασσα,

193 1700 265 1753 τά
293 1701 352 1753 ἐν
375 1698 583 1763 τούτοις
610 1697 846 1763 ἅπαντα.
865 1693 1133 1764 Καθάπερ
1149 1694 1255 1764 γάρ
1277 1710 1361 1756 τις
1382 1692 1629 1763 βασίλεια
1645 1694 1822 1763 ἐαυτῷ
1842 1704 1865 1731 ο

195 1776 427 1849 λαμπρά
481 1776 897 1836 κατασκευάσας
919 1814 935 1839 ,
980 1771 1161 1843 πολλῷ
1208 1772 1306 1843 μὲν
1352 1772 1745 1827 ἀποστίλϐοντα
1791 1772 1871 1844 τῷ

194 1857 404 1927 χρυσῷ,
458 1856 626 1928 πολλῇ
655 1855 711 1908 δὲ
750 1853 1037 1923 λάμποντα
1065 1855 1133 1923 τῇ
1166 1852 1274 1904 τῶν
1302 1849 1466 1904 λίθων
1493 1851 1675 1923 αἴγλῃ,
1728 1850 1870 1906 οὕτω

192 1938 287 1990 τὸν
320 1937 523 2007 κόσμον
563 1934 963 2004 τεκτηνάμενος
993 1934 1021 1985 6
1051 1930 1184 1994 Θεὸς
1231 1930 1407 2001 ἤγαγε
1448 1929 1539 1984 τὸν
1584 1930 1869 2004 ἄνθρωπον

195 2014 552 2087 βασιλεύοντα
594 2014 813 2068 πάντων
845 2012 957 2065 τῶν
982 2013 1042 2064 ἐν
1078 2009 1247 2082 αὐτῷ.
1279 2009 1389 2063 Καὶ
1414 2009 1479 2063 :6
1506 2009 1686 2080 πολλῷ
1741 2011 1873 2064 θαυ-

196 2094 559 2167 μασιώτερον,
583 2093 775 2148 τούτου
796 2091 892 2145 τοῦ
910 2092 1061 2145 οἴκου
1085 2091 1183 2144 οὐκ
1206 2088 1313 2143 ἀπὸ
1338 2088 1500 2144 λίθων
1533 2090 1871 2157 κατασκευά-

194 2192 296 2240 σας
319 2176 412 2229 τὸν
436 2176 655 2246 δροφον,
683 2172 799 2227 ἀλλ’
828 2172 889 2239 ἐξ
927 2171 1119 2243 ἐτέρας
1141 2168 1273 2241 ὕλης
1317 2170 1651 2241 τιμιωτέρας
1707 2169 1870 2224 αὐτὸν

194 2255 655 2326 συμπηξάμενος,
699 2253 820 2307 οὐδὲ
869 2250 1092 2323 λυχνίας
1146 2249 1358 2322 χρυσῆς
1410 2248 1583 2318 φλόγα
1636 2249 1868 2320 ἀνάψας,

193 2335 310 2388 ἀλλ’
335 2334 540 2391 ἀνωθεν
561 2334 661 2398 τὰς
699 2330 985 2404 λαμπάδας
1018 2329 1181 2401 ἀφεὶς
1224 2328 1528 2400 διατρέχειν
1554 2328 1740 2383 τούτου
1775 2330 1869 2384 τοῦ

191 2416 345 2467 οἴκου
374 2415 473 2486 τὴν
508 2413 706 2484 στέγην
750 2411 1066 2475 ἐκέλευσεν,
1122 2409 1198 2473 ὼς
1242 2408 1317 2479 μὴ
1373 2409 1641 2480 χρήσιμον
1688 2410 1868 2479 μόνον,

192 2494 330 2547 ἀλλά
357 2496 451 2548 καὶ
493 2493 695 2563 πολλὴν
730 2494 862 2563 ήμῖν
913 2486 1178 2560 εἶναιτὴν
1222 2488 1434 2559 ήδονήν·
1485 2488 1547 2541 :6
1578 2488 1634 2543 δέ
1676 2490 1871 2559 ἔδαφος

192 2574 317 2628 ἀντὶ⁹
341 2574 621 2646 τραπέζης
650 2573 820 2642 ἀνῆκε
875 2568 1219 2633 πολυτελοῦς.
1266 2569 1376 2622 Καὶ
1403 2567 1576 2621 ταῦτα
1628 2569 1871 2641 παρέσχε

189 2653 271 2721 τῷ
295 2655 463 2725 μηδὲν
492 2653 705 2708 οὐδέπω
746 2650 1139 2721 ἐπιδειξαμένῳ
1166 2647 1351 2702 καλόν.
1383 2647 1519 2701 Ἀλλ’
1544 2649 1695 2720 ὅμως
1732 2650 1870 2720 μετά

187 2731 289 2803 τὴν
317 2732 588 2803 τοσαύτην
635 2732 844 2801 δωρεὰν
874 2729 902 2770 ἀ
936 2727 1227 2799 ἀγνώμονα
1261 2726 1391 2798 περὶ
1430 2726 1522 2780 τὸν
1570 2728 1869 2799 εὐεργέτην

189 2813 502 2883 γενόμενον,
530 2812 650 2866 οὐδὲ
672 2810 844 2874 οὓτως
868 2807 1129 2879 ἐστέρησε
1151 2806 1252 2875 τῆς
1276 2804 1461 2877 τιμῆς,
1486 2806 1601 2860 ἀλλ’
1625 2805 1869 2861 ἐκϐαλὼν

195 2891 355 2962 μόνον
379 2890 473 2945 τοῦ
508 2891 858 2962 παραδείσου,
890 2888 1064 2957 τούτῳ
1114 2884 1362 2949 κολάζει,
1397 2885 1706 2956 περαιτέρω
1736 2905 1871 2958 προ-

190 2971 353 3042 ϐῆναι
383 2970 483 3042 τὴν
510 2969 901 3041 ἀγνωμοσύνην
942 2965 1167 3021 κωλύων
1184 3004 1199 3024 ,
1233 2962 1326 3018 καὶ
1353 2965 1453 3035 τὴν
1480 2964 1573 3017 ἐπὶ
1602 2965 1663 3017 τὸ
1688 2968 1869 3036 χεῖρον

190 3048 535 3103 ἀναστέλλων
586 3048 779 3120 ῥοπήν.
818 3046 1003 3100 Ταῦτα
1032 3044 1097 3116 δὴ
1143 3043 1318 3100 πάντα
1357 3042 1812 3114 ἀναλογιζόμενος
1843 3056 1869 3084 ο

190 3129 221 3182 6
261 3128 605 3193 Ἀπόστολος,
634 3128 730 3180 καὶ
772 3125 976 3180 τούτων
1025 3122 1268 3187 πλείονα,
1302 3126 1397 3179 ἆτε
1429 3121 1707 3193 Πνεύματι
1742 3123 1870 3193 θείῳ

192 3206 531 3277 κινούμενος,
565 3207 635 3260 τά
676 3224 737 3259 τε
779 3204 839 3272 ἐξ
883 3206 1079 3277 ἀρχῆς,
1119 3203 1187 3256 τά
1213 3221 1273 3258 τε
1301 3203 1425 3258 καθ’
1455 3201 1694 3273 ἑκάστην
1726 3201 1867 3272 ήμέ·

193 3302 317 3356 ραν,
362 3285 433 3339 τά
472 3302 531 3338 τε
563 3286 643 3347 είς
694 3285 792 3338 ἕνα
825 3284 1077 3342 ἕκαστον,
1108 3280 1178 3335 τά
1218 3297 1279 3334 τε
1313 3282 1393 3345 είς
1450 3280 1666 3335 ἅπαντα
1714 3284 1865 3352 κοινῇ

190 3364 473 3435 γινόμενα,
491 3364 585 3417 καὶ
617 3362 686 3417 τὰ
709 3361 984 3432 φανερῶς,
1018 3359 1112 3413 καὶ
1128 3359 1198 3412 τὰ
1234 3357 1410 3430 λάθρα
1439 3358 1618 3428 πολλῷ
1649 3359 1869 3415 πλείονα

188 3443 319 3498 ὅντα
331 3444 437 3498 τῶν
460 3442 729 3515 φανερῶν,
753 3441 847 3495 καὶ
867 3442 947 3493 ἔτι
972 3440 991 3478 ί
1015 3438 1166 3512 [150]
1178 3439 1246 3492 τά
1271 3439 1412 3493 κατά
1434 3439 1532 3510 τὴν
1558 3440 1868 3512 οἰκονομίαν

188 3523 285 3577 τοῦ
317 3522 639 3594 μονογενοῦς
671 3521 802 3576 Υίοῦ
828 3520 922 3574 τοῦ
946 3519 1105 3583 Θεοῦ,
1150 3520 1243 3573 καὶ
1272 3519 1339 3573 τὰ
1376 3519 1635 3590 μέλλοντα
1662 3520 1864 3590 ἀγαθὰ,

191 3606 287 3657 καὶ
321 3605 498 3659 πάντα
546 3603 735 3667 ἀπλῶς
778 3600 1164 3673 περισκοπῶν,
1212 3601 1305 3653 καὶ
1354 3601 1690 3671 πανταχόθεν
1735 3603 1865 3655 συλ-

189 3682 365 3751 λέγων
400 3684 495 3738 τοῦ
522 3684 657 3738 Θεοῦ
674 3684 773 3754 τὴν
805 3683 1081 3754 ἄφραστον
1138 3681 1380 3751 ἀγάπην,
1438 3682 1534 3734 καὶ
1584 3682 1866 3752 ἐννοήσας,

189 3764 378 3835 ὥσπερ
406 3766 487 3827 είς
517 3765 753 3832 πέλαγος
810 3760 1066 3833 ἐμπεσὼν
1095 3760 1321 3832 ἀχανὲς,
1355 3760 1528 3824 οὕτως
1567 3762 1869 3832 ἐμάνθανεν

191 3845 332 3899 ὅσων
350 3844 443 3897 καὶ
471 3842 675 3914 ἡλίκων
701 3841 1002 3904 ὑπεύθυνος
1023 3835 1115 3911 ἦν,
1162 3840 1284 3894 οὐδέ
1314 3839 1376 3893 :6
1412 3840 1703 3894 πολλοστὸν
1734 3842 1869 3896 ἀπο-

194 3921 413 3976 δεδώκει
467 3923 656 3994 μέρος.
708 3920 799 3974 Διὸ
842 3920 907 3990 δὴ
949 3918 1122 3974 ταῦτα
1163 3918 1480 3988 ἐφθέγγετο,
1508 3920 1603 3974 καὶ
1656 3921 1726 3974 τά
1767 3922 1867 3992 μὲν

195 4002 367 4071 μικρά
423 4001 530 4054 τῶν
588 3999 1000 4071 ἁμαρτημάτων
1057 3998 1194 4069 μετά
1246 3998 1447 4069 πολλῆς
1493 3999 1725 4070 ἐξήταζε
1767 4002 1867 4072 τῆς

192 4080 499 4151 ἀκριϐείας,
528 4080 597 4135 τά
628 4080 686 4132 δέ
714 4077 1115 4149 κατορθώματα
1139 4076 1274 4149 λήθῃ
1301 4078 1685 4149 παρέπεμπεν.
1726 4080 1865 4135 Ἀλλ’

191 4160 289 4229 οὐχ
327 4160 486 4230 ἡμεῖς
519 4162 565 4226 Β,
593 4158 642 4213 οἶ
677 4157 784 4212 τῶν
820 4158 919 4227 μὲν
968 4155 1473 4227 πλημμελημάτων,
1513 4157 1608 4210 καὶ¹
1657 4158 1866 4213 πολλῶν

191 4238 361 4291 ὄντων
384 4240 477 4293 καὶ
503 4238 775 4311 μεγάλων,
795 4235 920 4289 οὐτε
940 4235 1117 4304 λόγον,
1142 4234 1265 4289 οὔτε
1293 4236 1514 4307 μνήμην
1541 4237 1862 4309 ποιούμεθα·

193 4317 261 4369 ἂν
291 4318 348 4371 δέ
399 4336 450 4373 τι
506 4317 699 4391 μικρὸν
749 4314 1203 4386 κατορθώσωμεν,
1233 4315 1390 4368 τοῦτο
1427 4314 1539 4368 ἀνω
1575 4318 1670 4369 καὶ
1714 4318 1865 4373 κάτω

194 4396 519 4467 στρέφομεν,
562 4398 658 4450 καὶ
701 4397 762 4449 οὐ
801 4395 1066 4467 πρότερον
1107 4391 1457 4464 ἀφιστάμεθα
1500 4395 1864 4466 γαυρούμενοι

254 4485 281 4513 ⁸
307 4485 453 4535 Savil.
481 4495 534 4536 et
553 4486 728 4536 Morel.
749 4486 829 4533 καὶ
848 4483 929 4533 νῦν
965 4484 1133 4547 ἔξεστι,
1154 4482 1461 4547 καθᾴπῳᾲέπί
1478 4486 1722 4547 τραπ.-πλ.
1748 4486 1863 4534 ἐκα-

192 4562 362 4609 στον...
389 4548 548 4607 δόντα,
566 4566 610 4597 τ.
631 4565 683 4596 π.
710 4565 780 4607 κ.,
803 4547 859 4594 τὸ
878 4545 1222 4609 παρακείμενον
1247 4544 1471 4609 ἀντξθά,
1485 4544 1571 4609 καὶ
1593 4545 1673 4609 νῦν
1693 4548 1861 4605 ἔξεστι,

192 4608 336 4670 deest
357 4610 406 4657 in
429 4605 563 4659 Colb.
589 4611 742 4659 Paulo
765 4605 1032 4670 posthlb.
1048 4605 1315 4655 ἐκτείναντι.
1342 4605 1455 4656 Mox
1479 4606 1628 4657 Savil.
1655 4609 1857 4661 ettjnlb.

192 4668 485 4731 ἐμπεσεῖται,
510 4672 683 4721 Morel.
708 4668 991 4719 ἐκπεσεῖται.

255 4730 284 4770 δ
305 4732 439 4781 Colh.
463 4735 558 4782 τῶν
582 4733 629 4781 ἐν
648 4732 903 4787 ἰσοπέδοις,
926 4732 1011 4787 τὴν
1030 4728 1077 4777 έν

258 4746 284 4770 ιι
305 4746 439 4781 mm.
463 4750 558 4782 των
582 4746 629 4781 εν
651 4746 903 4790 ισοπεοοις,
926 4746 1011 4787 την
1030 4746 1093 4778 εν.

258 4794 282 4823 °
319 4792 507 4857 ξΕαυτῷ
531 4795 679 4843 deest
714 4795 764 4843 in
791 4792 945 4857 βοιι)ζ
959 4790 1084 4857 qura
1102 4796 1209 4857 pogl
1236 4790 1691 4857 aiy1n_Colb._pe:6:
1716 4794 1767 4857 δὲ
1786 4794 1861 4842 0:-

192 4855 386 4965 samiac
414 4851 694 4929 βασιλικῆς.
736 4855 896 4927 ρῦτω.
924 4851 1055 4902 Infra
1093 4851 1228 4903 Colb.
1255 4851 1307 4902 έν
1348 4851 1478 4918 αὐτῷ
1523 4851 1611 4903 οὐκ
1650 4856 1745 4904 ἀπὸ
1787 4856 1860 4904 λί-

221 4934 305 4965 ων.
330 4920 523 4965 omissis
545 4922 869 4965 interpositis.

221 4934 305 4975 ων,
330 4920 523 4966 omissis
545 4920 869 4979 interpositis.

258 4977 287 5017 (ι
309 4978 399 5027 Hic
422 4980 631 5028 multum
657 4980 810 5027 variat
828 4975 962 5040 Coib.
985 4977 1069 5038 qui
1093 4977 1165 5040 sic
1185 4975 1335 5040 habet
1358 4989 1371 5025 :
1399 4976 1579 5040 δωρεὰν
1598 4978 1679 5025 καὶ
1707 4979 1860 5040 ἀγνώ-

193 5055 296 5116 μων
311 5042 416 5116 περὶ
434 5039 1162 5116 τὸν-εὐεργέτηνυγενὸρίενοςκκαὶ
1183 5038 1562 5116 τολμῄσαςῖάπερ
1572 5038 1857 5116 ἐτόλμησεν,

193 5100 302 5150 οὐδὲ
322 5100 473 5159 οὕτως
494 5100 733 5157 ἐξέπιπτεν
749 5100 833 5159 τῆς
849 5106 1005 5163 τιμῆς,
1030 5100 1151 5163 ἀλλά
1174 5100 1403 5148 τοσοῦτον
1427 5100 1674 5163 ἐκολάζετο
1696 5100 1856 5163 μόνον,

192 5164 305 5227 ὅσον
326 5164 464 5227 καύτῷ
487 5164 602 5227 πρὸς
634 5165 720 5220 τὴν
737 5164 832 5210 τῶν
846 5160 1085 5227 δοθέντων
1112 5162 1245 5224 ἤρκει
1268 5160 1476 5227 φυλακὴν
1515 5160 1716 5227 ἀγαθῶν)
1762 5160 1858 5227 Τήν

192 5225 280 5296 γὰρ
315 5222 622 5296 ἀναισθησίαν
665 5225 924 5296 περαιτέρω
963 5222 1192 5296 προϐἤςιαι
1223 5222 1449 5296 κωλύων,
1470 5225 1550 5271 καὶ
1571 5226 1656 5296 τὴν
1689 5224 1763 5296 έπξ
1802 5226 1858 5296 τὸ

192 5284 347 5394 ᾆεῖρον
369 5288 668 5335 ἀναστέλλων
691 5284 867 5350 ῥοπὴν,
884 5284 1063 5341 ἐκείνην
1108 5284 1303 5333 ἐπετίθει
1336 5285 1421 5341 τήν
1458 5286 1684 5348 τιμωρίαν
1706 5287 1853 5351 αὐτῷ.

234 5364 355 5394 αυτα
374 5350 429 5394 δὴ
452 5349 606 5394 πάντα
627 5347 1010 5394 ἀναλογιζόμενος
1030 5347 1057 5394 6
1080 5345 1275 5394 δίκαιος.
1296 5346 1393 5393 καί.

234 5345 355 5395 αῦτα
374 5350 429 5409 δὴ
452 5349 606 5396 πάντα
627 5345 1010 5409 ἀναλογιζόμενος
1028 5345 1275 5409 ρῖδίκαιος,
1296 5346 1393 5409 καί.

252 5401 445 5472 ‘_SaviL
468 5412 749 5472 sequentia,
773 5401 845 5472 s'i_c
860 5401 1011 5472 legit:
1028 5401 1083 5472 ‘Q
1098 5403 1151 5472 ’ᾼ
1161 5401 1482 5472 πόστολος,τά
1503 5407 1627 5472 τε-ἐξ
1647 5409 1853 5471 ἀρχῆς...

190 5470 426 5532 γινόμενα,
447 5473 527 5519 καὶ
544 5465 672 5520 ἔτι...
714 5468 829 5519 Υίοῦ
850 5465 935 5517 τοῦ
960 5465 1102 5523 Θεοῦ,
1128 5468 1406 5532 ἐννοήσας...
1430 5465 1779 5532 ὑπεύθυνοςῆν,
1799 5473 1858 5519 τὰ

193 5532 277 5596 μὲν
295 5533 400 5596 γάρ-
417 5534 588 5596 μικρά,
607 5532 832 5594 pluribus
850 5532 1041 5580 omissis
1067 5542 1178 5591 qua:
1202 5531 1597 5592 interpolationis
1615 5532 1859 5594 suspicio-

192 5592 306 5641 h'em
329 5592 527 5643 habent.
550 5592 689 5643 Εοιτ.

260 5652 281 5692 f
310 5653 416 5732 ’ἔτι
437 5656 597 5732 deest‘
600 5658 649 5704 in
673 5654 809 5732 Coit).
830 5654 985 5729 lfaqu
1006 5652 1386 5732 @9193sz
1402 5652 1721 5732 ἀνέκφραστον
1740 5654 1859 5716 ἀγά-

190 5733 298 5774 πην.
326 5717 420 5764 Καὶ
442 5718 506 5772 είς
519 5718 720 5778 πέλαγος
740 5717 999 5779 ἐμπίπτων,
1026 5720 1078 5762 et
1101 5728 1209 5761 mox
1235 5715 1487 5769 ὑπεύθυνος
1509 5715 1591 5762 ὧν.
1785 5715 1791 5716 ί

195 5840 237 5846 __
255 5781 280 5818 ε
308 5779 640 5846 ΙΙαρέπεμπενχ
661 5779 715 5826 οὐ
739 5778 947 5846 καθάπερ
981 5776 1116 5846 ἡμεῖς
1136 5776 1266 5846 I..'._olb.
1294 5774 1422 5844 infra
1456 5776 1590 5846 (ἴσην.
1639 5774 1789 5846 ταῦτα
1830 5780 1857 5826 6

192 5840 370 5895 δίκαιος
390 5838 584 5901 σκοπῶν
605 5841 751 5901 ἔλεγε,
776 5838 946 5901 Morel.
977 5846 1031 5886 et
1048 5838 1198 5901 Savil.
1233 5838 1383 5901 ταῦτα
1404 5839 1484 5885 καὶ
1511 5840 1537 5885 6
1566 5840 1712 5901 Δαυῐδ
1738 5856 1855 5887 σκο-

190 5905 293 5950 πῶν
314 5904 458 5970 ἔλεγε.
487 5900 611 5951 Infra
633 5898 769 5953 Cdlb.
796 5899 941 5950 αὐτοῦ
974 5901 1053 5948 καὶ
1070 5900 1210 5949 πάλιν
1228 5905 1311 5957 τῆς
1336 5898 1670 5961 ἀγνωμοσύνης
1699 5901 1854 5949 αὐτῶν

190 5978 479 6025 κατηγορῶν.

1129 380 1215 440 DE
1248 377 1807 441 COMI‘L‘NCTIONE.
1850 374 1939 430 AD
1984 375 2445 438 STELECHIUM.
2491 381 2620 439 LIB.
2662 380 2727 439 Il.

3535 383 3642 439 £20

1985 494 2099 573 mir
2128 495 2457 569 φυσώμενοι,
2516 499 2621 563 ἕως
2673 499 2740 555 ἂν
2791 500 2884 553 καὶ
2927 499 3059 553 αὐτὸ
3094 499 3156 553 :6
3182 498 3375 573 μικρὸν
3419 500 3507 555 διά
3549 500 3650 572 τῆς

1976 572 2293 641 ἀλαζονείας
2311 577 2654 650 κενώσωμεν.
2673 579 2857 633 Ταῦτα
2888 582 3024 634 καὶὸ
3046 578 3210 634 Δαυϊδ
3230 579 3445 634 σκοπῶν
3468 580 3644 649 ἐλεγεο

1980 654 2044 731 Τί
2068 653 2245 709 ἐστιν
2267 655 2600 726 ἄνθρωπος,
2632 657 2722 711 ὅτι
2753 659 3065 728 μιμνήσκῃ
3111 659 3329 722 αὐτοῦ;
3354 660 3430 713 Οὐ
3484 660 3646 731 μόνον

1973 729 2050 797 δὲ,
2082 733 2218 787 ἀλλά
2261 736 2357 789 καὶ
2389 736 2489 807 τῆς
2517 737 2909 808 ἀγνωμοσύνης
2934 738 3100 792 αὐτοῦ
3137 729 3647 811 κατηγορῶνᾙἋν-

1973 813 2224 879 θρωπος,
2256 814 2439 885 φησὶν,
2462 815 2531 870 ἐν
2556 817 2695 887 τιμῇ
2717 817 2804 871 ὢν
2823 820 2895 873 οὐ
2915 816 3169 886 συνῆκε,
3190 819 3646 887 παρασυνεϐλή-

1973 894 2046 961 θη
2075 893 2200 978 toTS
2221 896 2471 978 κτήνεσι
2500 896 2627 963 τοῖς
2654 898 2953 966 ἀνοήτοις,
2982 899 3079 952 καὶ
3096 897 3366 969 ὡμοιώθη
3389 899 3611 978 αὐτοῖς..

2044 980 2119 1039 ς’.
2157 975 2326 1029 Τοῦτο
2351 978 2563 1031 οἰκέτου
2586 978 2948 1050 εὐγνώμονος,
2972 979 3071 1044 τὰς
3099 981 3179 1044 είς
3200 980 3259 1032 :6
3285 980 3462 1033 κοινὸν
3488 975 3646 1050 εὐερ-

1970 1052 2160 1122 γεσίας
2186 1053 2571 1123 ίδιοποιεῖσθαι,
2601 1059 2697 1112 καὶ
2718 1057 2793 1123 ὡς
2821 1060 2913 1113 τοῦ
2948 1059 3149 1122 παντὸς
3178 1058 3460 1128 ὀφειλέτην
3489 1058 3641 1122 ὄντα,

1973 1134 2278 1204 φροντίζειν
2328 1137 2421 1189 καὶ
2452 1140 2743 1209 μεριμνᾷν.
2789 1138 2964 1212 Ὅπερ
2994 1138 3088 1192 καὶ
3123 1138 3152 1191 ὁ
3183 1136 3394 1202 Παῦλος
3421 1137 3642 1208 ἐποίησε

1974 1212 2160 1281 (καλὸν
2196 1214 2306 1284 γὰρ
2343 1215 2505 1269 πάλιν
2532 1217 2700 1272 αὐτοῦ
2731 1218 3147 1290 μνημονεῦσαι),
3186 1218 3254 1272 δι’
3286 1218 3445 1273 αὐτὸν
3467 1219 3642 1285 λέγων

1970 1292 2287 1364 τεθνηκέναι
2311 1297 2402 1350 τὸν
2415 1296 2633 1368 Κύριονο
2661 1300 2731 1352 Ὃ
2760 1298 2869 1370 γὰρ
2894 1298 3012 1353 νῦν
3029 1297 3122 1362 ζῶ,
3143 1301 3329 1369 φησὶν,
3345 1300 3414 1353 ἐν
3437 1301 3638 1369 σαρκὶ,

1969 1372 2039 1425 ἐν
2097 1373 2297 1428 πίστει
2327 1374 2398 1435 ζῶ
2427 1374 2500 1444 τῇ
2524 1377 2631 1432 τοῦ
2674 1377 2809 1431 Υἱοῦ
2839 1377 2947 1432 τοῦ
2985 1378 3133 1433 Θεοῦ
3158 1378 3265 1433 τοῦ
3290 1377 3642 1447 ἀγαπήσειν.-

1971 1452 2074 1517 τός
2094 1469 2172 1521 με
2201 1453 2299 1507 καί
2339 1455 2713 1523 παραδόντος
2740 1458 2958 1512 ἑαυτὸν
2985 1456 3137 1527 ὑπὲρ
3169 1458 3335 1528 ἐμοῦ.
3372 1460 3555 1513 Ταῦτα
3583 1459 3642 1513 δέ

1970 1530 2174 1599 ἔλεγεν,
2231 1534 2292 1587 οὐ
2334 1536 2605 1589 συστεῖλαι
2636 1536 2956 1607 βουλόμενος
2992 1537 3086 1591 τοῦ
3122 1538 3358 1609 Χριστοῦ
3401 1539 3499 1610 τὴν
3533 1540 3637 1593 δω-

1974 1612 2122 1680 ρεὰν,
2147 1611 2283 1668 ἀλλὰ
2310 1615 2404 1668 τοῦ
2456 1617 2656 1681 παντὸς
2697 1618 2889 1671 ἑαυτὸν
2950 1617 3247 1672 ὑπεύθυνον
3302 1619 3638 1689 καταστῆσαι

1972 1690 2237 1755 σπεύδων,
2294 1694 2388 1748 καὶ
2431 1696 2661 1749 ἕκαστον
2697 1693 2837 1750 οὕτω
2893 1696 3195 1751 διακεῖσθαι
3235 1697 3459 1752 πείθων.
3510 1698 3537 1739 h
3573 1700 3638 1751 Εί

1969 1769 2076 1843 γάρ
2105 1772 2200 1826 καὶ
2222 1772 2291 1826 δι’
2315 1774 2410 1828 ἕνα
2463 1777 2793 1847 παρεγένετο
2829 1776 3112 1849 ἄνθρωπον
3165 1780 3194 1831 6
3241 1777 3506 1849 Χριστὸς,
3573 1778 3637 1831 οὐ

1973 1850 2131 1920 μόνον
2167 1852 2266 1906 οὐκ
2293 1854 2607 1910 ἐλαττοῦται
2629 1856 2804 1928 τούτῳ
2829 1860 2862 1928 ή
2888 1857 3095 1928 δωρεὰ,
3123 1857 3257 1911 ἀλλά
3281 1858 3385 1911 καὶ.
3436 1856 3638 1927 μείζων

1967 1930 2260 1986 δείκνυται.
2296 1933 2459 2000 Πῶς;
2489 1936 2611 1990 Ὀτι
2641 1938 2735 1990 καὶ
2762 1937 2901 2009 ὑπὲρ
2943 1936 3062 2001 ἐνὸς
3090 1936 3357 2007 τοσαύτην
3388 1937 3636 2006 φαίνεται

1967 2009 2066 2081 τὴν
2129 2014 2363 2084 σπουδὴν
2411 2015 2869 2087 ἐπιδεικνύμενος,
2922 2017 3052 2088 ὅσην
3111 2018 3140 2070 6
3188 2016 3249 2070 τὺ
3276 2017 3335 2071 ἓν
3364 2016 3637 2088 πρόϐατον

1968 2088 2242 2169 ἐπιζητῶν
2260 2132 2275 2156 ,
2302 2092 2391 2147 διὰ
2417 2094 2588 2149 ταῦτα
2617 2096 2960 2169 ἐταράττετο,
2993 2095 3082 2149 διά
3099 2094 3273 2151 ταῦτα
3308 2096 3541 2168 ἐθρήνει.
3570 2096 3635 2152 El

1968 2168 2076 2239 γὰρ
2100 2171 2151 2224 οί
2177 2173 2280 2244 χρή
2291 2190 2436 2243 ματα
2454 2168 2845 2246 δανεισάμενοι,
2867 2177 2963 2228 καὶ
2986 2175 3087 2228 οὐκ
3113 2174 3327 2245 ἔχοντες
3351 2175 3631 2243 ἀποτῖσαι,

1968 2249 2104 2303 ἀλλά
2124 2251 2301 2323 πολλῷ
2321 2254 2845 2325 καταϐαπτιζόμενοι
2869 2267 2885 2295 ι
2899 2254 2977 2326 τῷ
2995 2254 3103 2309 τῶν
3117 2254 3445 2325 ὀφλημάτων
3465 2255 3633 2327 βυθῷ,

1967 2327 2091 2383 οὔτε
2120 2330 2410 2398 ἐσθίουσιν,
2441 2332 2565 2387 οὔτε
2592 2334 2944 2389 καθεύδουσιν
2969 2336 3074 2389 ὐπὸ
3115 2335 3216 2404 τῆς
3243 2335 3521 2406 φροντίδος
3542 2335 3636 2390 δα·-

1969 2409 2219 2486 κνόμενοι
2239 2426 2253 2441 ·
2293 2413 2321 2465 6
2352 2413 2561 2476 δίκαιος
2580 2414 2723 2485 ὁρῶν
2751 2415 2850 2468 οὐκ
2874 2415 2932 2469 ἐν
2961 2416 3256 2485 χρήμασιν,
3280 2414 3393 2469 ἀλλ’
3425 2416 3483 2468 ἐν
3503 2416 3638 2486 πρά-

1969 2483 2115 2551 ξεσιν
2142 2485 2307 2544 οὖσαν
2342 2492 2443 2563 τὴν
2475 2483 2716 2564 ὀφειλὴν,
2763 2494 2815 2547 τί
2853 2483 3323 2559 οὐκ-Ὕάννέπαθενς
3358 2494 3498 2548 Ἀλλ’
3537 2483 3636 2566 οὐχ

1968 2569 2128 2639 ἡμεῖς
2168 2570 2358 2635 οὕτως,
2399 2570 2535 2625 ἀλλὰ
2567 2573 2670 2627 κᾶν
2716 2572 2909 2644 μικρὸν
2952 2573 3275 2643 ἐκτίσωμεν,
3303 2574 3377 2638 ὡς
3430 2574 3490 2627 τὸ
3528 2577 3637 2628 πᾶν

1967 2649 2304 2714 ἐκτετικότες
2335 2651 2673 2721 διακείμεθα,
2709 2653 2907 2724 μᾶλλον
2927 2653 2984 2706 δέ
3011 2654 3106 2708 καὶ
3136 2652 3632 2725 ὑπερϐαλλόμενον

1968 2730 2063 2781 καὶ
2094 2729 2213 2784 οὐδὲ
2257 2731 2318 2785 τὸ
2377 2732 2572 2803 μικρὸν
2600 2732 2758 2786 τοῦτο
2799 2732 2938 2801 μετά
2979 2731 3287 2803 προθυμίας
3323 2732 3422 2803 τῆς
3464 2748 3636 2804 προσ-

1964 2807 2207 2881 ¹ηκούσης
2235 2809 2542 2882 ἐλευθέροις
2581 2811 2911 2882 πράττομεν,
2934 2811 3071 2866 ἀλλὰ
3098 2811 3362 2882 πρότερον
3388 2811 3637 2876 ἐξετάζο-

1970 2906 2069 2958 μεν
2098 2890 2146 2942 εί
2173 2890 2359 2961 μισθὸν
2376 2890 2491 2961 ἔχει
2512 2930 2526 2955 ,
2558 2892 2652 2945 καὶ
2676 2892 2724 2944 εί
2742 2890 2908 2944 πολὺν
2931 2890 3020 2944 τὸν
3058 2890 3269 2961 μισθὸν,
3300 2890 3395 2944 καὶ
3427 2894 3476 2944 εἰ
3502 2894 3636 2963 ήμῖν

1966 2968 2151 3030 αὐτοῖς
2202 2968 2512 3036 λογίζεται,
2567 2969 2933 3042 ἀνελευθέρων
2983 2970 3147 3023 τινῶν
3201 2971 3296 3024 καὶ
3346 2970 3635 3041 μισθωτῶν

1968 3046 2328 3118 φθεγγόμενοι
2357 3049 2595 3119 ῥήματα.
2622 3049 2687 3102 Τί
2712 3048 2910 3116 λέγεις,
2935 3047 3188 3119 ἄνθρωπε
3213 3048 3514 3120 μικρόψυχε
3538 3050 3635 3105 καὶ

1966 3125 2317 3195 ταλαίπωρε;
2347 3127 2635 3197 πρόκειταί
2658 3144 2713 3179 τι
2742 3127 2944 3197 πρᾶξαι
2970 3127 3080 3181 τῶν
3110 3128 3451 3198 ἀρεσκόντων
3490 3127 3630 3199 Θεῷ,

1966 3204 2063 3257 καὶ
2097 3204 2161 3259 σὺ
2212 3206 2340 3277 περὶ
2391 3206 2585 3276 μισθοῦ
2614 3207 2914 3277 φροντίζων
2945 3206 3219 3276 ἐστηκας;
3264 3207 3327 3259 El
3356 3207 3464 3278 γὰρ
3492 3208 3635 3279 1:96-

1969 3286 2135 3350 ξαντά
2175 3302 2235 3339 σε
2272 3288 2354 3351 είς
2388 3287 2612 3356 γέενναν
2635 3288 2896 3359 ἐμπεσεῖν
2922 3285 3232 3357 προῦκειτο,
3265 3286 3633 3341 ἀναδύσασθαι

1966 3365 2156 3437 ἐχρῆν,
2201 3364 2315 3420 ἀλλ’
2344 3366 2464 3437 οὐχὶ
2500 3367 2637 3437 μετὰ
2663 3366 2863 3437 πολλῆς
2885 3367 2980 3419 καὶ
3020 3365 3161 3419 οὕτω
3208 3367 3306 3435 τῆς
3328 3366 3634 3438 προθυμίας

1966 3445 2233 3499 ἅπτεσθαι
2257 3446 2357 3516 τῆς
2389 3446 2498 3499 τῶν
2520 3446 2701 3500 καλῶν
2725 3446 2986 3518 ἐργασίας
3008 3463 3022 3511 ;
3050 3447 3315 3520 Πράττεις
3347 3464 3400 3501 τι
3428 3448 3537 3501 τῶν
3555 3449 3635 3520 τῷ

1965 3523 2085 3594 Θεῷ
2109 3524 2300 3592 φίλων,
2325 3525 2418 3578 καὶ
2437 3526 2625 3593 μισθὸν
2655 3526 2840 3595 ἓτερον
2858 3525 3169 3595 ἐπιζητεῖς;
3192 3527 3396 3587 Ὄντως
3419 3527 3633 3597 ἀγνοεῖς

1965 3602 2088 3655 ὅσον
2121 3603 2270 3655 ἐστὶν
2302 3602 2504 3671 ἀγαθὸν
2530 3603 2726 3674 ἀρέσαι
2756 3602 2903 3675 [151]
2934 3603 3053 3674 Θεῷ
3073 3621 3087 3637 ·
3121 3605 3169 3657 εί
3206 3603 3315 3674 γάρ
3344 3605 3513 3675 ᾔδεις,
3538 3606 3632 3660 οὐ·

1965 3682 2157 3752 δεμίαν
2191 3681 2257 3735 ἂν
2283 3682 2474 3755 ἐτέραν
2503 3684 2758 3753 ἐνόμισας
2780 3680 2918 3737 εἶναι
2942 3680 3062 3753 ἴσην
3083 3683 3337 3754 ἀμοιϐήν.
3354 3684 3467 3739 Οὐκ
3488 3682 3634 3751 οἶδας

1964 3761 2047 3814 ὅτι
2078 3778 2158 3813 σοι
2180 3762 2209 3813 6
2232 3760 2420 3831 μισθὸς
2442 3760 2683 3828 αὔξεται,
2712 3762 2840 3815 ὅταν
2866 3760 2940 3833 μὴ
2978 3762 3065 3815 ἐπ’
3094 3761 3267 3815 ἐλπίδι
3290 3762 3396 3816 τῶν
3428 3765 3634 3835 μισθῶν

1966 3843 2181 3912 πράττῃ
2211 3839 2282 3894 τὰ
2307 3841 2493 3895 δέοντα
2516 3859 2531 3908 ;
2564 3842 2677 3911 Οὐχ
2706 3843 2837 3913 ὁρᾷς
2858 3842 2939 3895 ὅτι
2963 3842 3057 3895 καὶ
3079 3841 3171 3895 ἐπὶ
3194 3842 3303 3894 τῶν
3329 3842 3634 3913 ἀνθρώπων

1964 3919 2187 3983 τούτους
2245 3920 2479 3990 μάλιστα
2532 3921 2767 3993 τιμῶσιν
2805 3921 3061 3985 ἅπαντες,
3092 3919 3186 3985 οὒς
3214 3921 3282 3975 ἀν
3315 3922 3466 3974 ἴδωσι
3526 3925 3635 3995 πρὸ

1964 3998 2073 4052 τῶν
2122 3997 2329 4070 μισθῶν
2362 4001 2445 4064 εἰς
2492 4001 2554 4055 τὸ
2607 4001 2838 4065 ἐκείνοις
2884 4000 3118 4071 ἀρέσκον
3166 4000 3180 4050 Ι
3234 4000 3495 4071 ὁρῶντας,
3537 4006 3633 4059 καὶ

1965 4078 2105 4150 ὑπὲρ
2132 4078 2321 4132 τούτου
2374 4079 2574 4151 μᾶλλον
2606 4080 3033 4145 σπουδάζοντας,
3086 4079 3120 4149 ἢ
3159 4079 3258 4149 τῆς
3290 4082 3420 4151 παρ’
3451 4082 3632 4139 αὐτῶν

1963 4158 2170 4229 τιμῆς;
2220 4156 2376 4224 Εἶτα,
2426 4160 2701 4231 ἄνθρωποι
2734 4159 2831 4230 μέν
2868 4157 3040 4222 οὕτως
3070 4158 3308 4227 εὐγενῶς
3342 4159 3477 4231 πρὸς
3505 4164 3631 4227 τοὺς

1961 4237 2283 4309 ὁμοδούλους
2326 4238 2648 4304 διάκεινται,
2706 4241 2771 4292 σὺ
2798 4238 2855 4292 δέ
2891 4239 2920 4291 6
2963 4238 3199 4293 τοσαῦτα
3251 4240 3632 4312 εὐεργετηθεὶς

1963 4308 2115 4391 παρά
2166 4319 2260 4375 τοῦ
2322 4319 2618 4382 Δεσπότου,
2666 4319 2763 4371 καὶ
2800 4316 3036 4373 τοσαῦτα
3069 4308 3382 4387 προσδοκῶν
3424 4308 3626 4390 ἀγαθὰ,

1959 4401 2124 4470 ἡνίκα
2160 4400 2226 4455 ἀν
2249 4417 2302 4453 τι
2327 4399 2424 4472 δέῃ
2453 4397 2656 4469 πρᾶξαι
2693 4396 2801 4450 τῶν
2830 4400 2911 4460 είς
2948 4397 3220 4468 σωτηρίαν
3261 4399 3499 4469 ήκόντων
3531 4400 3630 4473 τὴν

1964 4480 2080 4550 σὴν,
2106 4480 2211 4550 πρὸ
2226 4479 2327 4548 τῆς
2356 4477 2608 4549 πράξεως
2628 4476 2719 4530 τὸν
2741 4476 2929 4546 μισθὸν
2944 4475 3304 4547 περιεργάζῃ.
3332 4478 3429 4532 Διά
3456 4479 3628 4550 ταῦτα

1963 4543 2239 4630 πανταχοῦ
2265 4543 2466 4629 ψυχροὶ
2494 4556 2588 4610 καὶ
2606 4543 2940 4626 ταλαίπωροι
2962 4543 3215 4626 καὶπρὸς
3238 4543 3492 4628 οὐδεμίαν
3518 4543 3628 4614 τιῖἶν

1961 4638 2225 4709 γενναίων
2264 4637 2429 4707 ἐσμὲν
2457 4634 2960 4706 παρεσκευασμένοι
3012 4635 3266 4706 πράξεων
3290 4654 3302 4666 θ
3347 4635 3436 4689 διὰ
3473 4635 3629 4690 τοῦτο

1960 4719 2084 4774 οὔτε
2129 4719 2187 4771 ἐν
2214 4714 2504 4780 κατανύξει
2550 4711 2802 4783 γενέσθαι
2846 4712 3177 4785 δεδυνήμεθά
3224 4716 3248 4754 Ιι
3292 4731 3454 4779 ποτε,
3500 4715 3626 4768 οὔτε

1965 4799 2157 4871 μικρόν
2182 4815 2235 4850 τι
2267 4793 2539 4849 συστεῖλαι
2572 4792 2670 4862 τὴν
2717 4790 2896 4862 ψυχὴν
2916 4791 3019 4871 τὴν
3040 4793 3331 4864 ἡμετέραν.
3360 4794 3496 4846 Οὐτε
3517 4794 3626 4866 γὰρ

1960 4870 2027 4933 τὰ
2065 4877 2438 4950 ἁμαρτήματα
2478 4872 2635 4944 ήμῶν
2681 4870 3110 4942 ἀναλογιζόμεθα
3151 4873 3286 4943 μετὰ
3320 4873 3625 4944 ἀκριϐείας,

1958 4958 2083 5013 οὐτε
2134 4958 2235 5020 τὰς
2283 4951 2378 5010 τοῦ
2432 4952 2567 5007 Θεοῦ
2597 4952 2917 5023 εὐεργεσίας
2947 4950 3292 5023 ἐξετάζομεν,
3331 4952 3454 5006 οὐτε
3486 4952 3626 5023 πρὸς

1956 5040 2083 5102 τοὺς
2121 5037 2191 5090 τά
2223 5036 2453 5107 μέγιστα
2485 5030 2918 5102 κατωρθωκότας
2953 5032 3185 5103 ὁρῶμεν.
3213 5032 3311 5085 Διά
3334 5032 3490 5085 τοῦτο
3516 5032 3626 5085 τῶν

1958 5117 2180 5188 ἀγαθῶν
2217 5115 2236 5154 1
2272 5115 2447 5186 ἔργων
2470 5111 2938 5183 ἐπιλανθανόμεθα
2961 5149 2977 5175 ,
3015 5112 3096 5165 ὅτι
3122 5110 3244 5165 οὐτε
3276 5112 3510 5185 μετρίως
3525 5114 3626 5176 τὰς

1958 5196 2264 5270 εὐπραγίας
2296 5195 2568 5270 φέρομεν,
2594 5190 2718 5245 οὔτε
2762 5188 2792 5243 6
2822 5191 3061 5270 συνεχῶς
3092 5191 3342 5263 λέγομεν,
3368 5193 3625 5263 ἀμαρτω-

1958 5269 2083 5342 λοὺς
2122 5273 2345 5337 ἑαυτοὺς
2394 5269 2725 5334 καλοῦντες,
2769 5269 2905 5340 μετά
2952 5269 3209 5340 ἀληθείας
3252 5270 3622 5342 φθεγγόμεθα.

1988 5407 2008 5429 ⁶
2021 5405 2049 5442 Ιι
2068 5404 2159 5453 Hic
2179 5403 2329 5464 longe
2350 5402 2507 5465 variat
2518 5397 2661 5465 Colb:
2670 5400 2755 5461 qui
2773 5398 2849 5465 pic
2861 5399 3045 5465 habet;
3068 5400 3321 5465 εῖγὰρκαὶ
3339 5402 3399 5451 δι’
3420 5402 3486 5449 ὧν
3503 5417 3626 5465 παρ-

1958 5469 2141 5541 εγένετο
2165 5461 2420 5541 ἀνθρῶπων
2441 5461 2712 5541 δνχριιξτρς,
2738 5462 2792 5509 οὐ
2814 5461 2953 5537 μόνον
2982 5461 3366 5541 οὐκῖἐλαττοῇαι
3389 5461 3623 5538 τούτωνῆ

1957 5524 2129 5605 δωρεὰ,
2158 5524 2278 5601 ἀλλά
2297 5527 2377 5573 καὶ
2400 5524 2838 5605 μείζωνλδείζινυται,
2861 5525 2971 5571 ὅταν
3003 5525 3228 5605 ⁸1κτιξιὶύπέρ
3250 5526 3351 5605 ένςξς
3390 5526 3625 5605 τοσαύτην

1991 5584 2175 5661 αίνηται
2323 5584 2532 5643 σπουδήν
2574 5584 2959 5647 ἐπιδεικνύμενος.
3003 5584 3269 5650 ’Ὠσπερτὸ
3303 5588 3351 5635 ἐν
3389 5588 3625 5651 πρόϐατον

1982 5651 2177 5708 πιζητεῖ.
2205 5649 2309 5698 Διά.

2026 5725 2039 5751 ι
2065 5712 2199 5761 Coib.
2226 5710 2555 5773 βαπτιζόμενα.

2026 5776 2039 5825 j
2077 5770 2303 5851 Sa\:il.'et
2326 5770 2461 5822 Cnlb.
2485 5772 2549 5826 εἰς
2570 5770 2625 5818 τὸ
2660 5770 2853 5827 ἐκείνοις
2893 5773 3109 5835 ἀρέσκον.
3135 5771 3310 5821 Morel.
3331 5773 3385 5819 :6
3412 5773 3477 5826 ei:
3500 5772 3626 5820 ἐκεί-

1958 5855 2064 5892 νους
2087 5852 2304 5899 αρεσκον.

2026 5901 2051 5938 Ιι
2074 5897 2209 5947 Colb.
2242 5896 2489 5956 δυνάμεθα.

2030 5962 2045 6001 Ι
2075 5959 2207 6011 Coll).
2235 5954 2431 6022 ὁρῶμεν.
2459 5954 2582 6007 Οὔτε
2619 5958 2713 6005 τῶν
2732 5958 2932 6020 ἀγαθῶν.
2964 5958 3075 6009 Mox
3096 5957 3147 6009 in
3169 5958 3343 6009 eodem
3366 5957 3437 6013 ὃτι
3460 5956 3621 6009 deest.
