4116 6392
445 363 541 416 021

444 479 555 532 Καὶ
570 478 725 548 δῆλον
747 477 955 532 ἐκεῖθεν
975 493 988 506 ·
1031 478 1158 530 ὅταν
1191 477 1299 548 γάρ
1324 481 1452 550 παρ’
1481 479 1681 550 ἐτέρων
1702 479 1874 534 ταῦτα
1899 493 1925 522 ι
1952 480 2116 534 ἀκού-

447 574 650 628 σωμεν,
703 557 1081 627 ἀγριαίνομεν,
1111 557 1532 628 ἐκθηριούμεθα,
1594 558 1750 630 ὓϐριν
1778 559 1840 612 τὸ
1883 561 2118 631 πρᾶγμα

447 634 587 692 εἷναί
606 654 803 708 φαμεν.
830 635 985 691 Οὕτω
1014 637 1191 690 πάντα
1211 638 1498 707 ὑπόκρισις
1529 639 1597 694 τὰ
1634 640 1762 709 παρ’
1793 640 1974 711 ἡμῶν,
2025 643 2115 694 καὶ

443 717 562 770 οὑδέ
585 718 673 770 τὸν
702 716 938 787 τελώνην
969 717 1302 788 μιμούμεθα,
1336 717 1416 781 ὂς,
1440 717 1625 790 ἐτέρου
1655 720 1715 771 τὸ
1737 719 1845 772 τῶν
1872 721 2118 791 ἁμαρτη-

446 797 632 866 μάτων
687 795 1038 860 ὀνειδίζοντος
1079 796 1226 867 αὐτῷ
1287 797 1512 867 πλῆθος,
1565 798 1995 870 καταδεξάμενος
2044 799 2116 852 τά

443 876 642 945 ὀνείδη,
668 875 758 930 διά
780 877 890 930 τῶν
924 875 1100 949 ἔργων
1125 878 1187 930 τὸ
1219 877 1411 949 κέρδος
1454 879 1845 951 ἐκαρπώσατοο
1878 879 2115 949 κατῆλθε

446 957 553 1025 γὰρ
578 955 996 1026 δεδικαιωμένος
1047 955 1244 1026 μᾶλλον
1291 957 1432 1028 ὑπὲρ
1462 958 1554 1011 τὸν
1585 960 1908 1028 Φαρισαῖονο
1955 962 2116 1030 ἡμεῖς

387 1075 391 1082 .
444 1037 501 1090 δὲ
559 1037 682 1090 οὑδὲ
707 1037 736 1090 ὅ
771 1037 824 1090 τί
849 1038 979 1092 ποτέ
1012 1039 1158 1091 ἐστιν
1193 1037 1577 1109 ἐξομολόγησις
1615 1038 1792 1107 ῐσμεν,
1823 1039 2116 1093 καὶταῦτα

452 1116 659 1186 μυρίων
687 1116 948 1186 γέμοντες
973 1117 1177 1171 κακῶν.
1211 1116 1358 1169 Ἔδει
1390 1116 1446 1170 δέ
1481 1118 1553 1187 μὴ
1606 1118 1765 1187 μόνον
1824 1119 2114 1171 πεπεῖσθαι

444 1195 527 1248 ὅτι
582 1198 750 1268 μυρία
780 1201 913 1268 ἡμῖν
944 1196 1424 1269 πεπλημμέληται.
1454 1197 1590 1250 ἀλλά
1631 1199 1725 1251 καὶ
1751 1198 1927 1251 πάντα
1959 1199 2115 1269 ήμῶν

442 1275 511 1328 τά
535 1276 930 1347 ἁμαρτήματα,
963 1278 1032 1331 τά
1052 1293 1112 1330 τε
1152 1277 1345 1348 μικρὰ,
1381 1277 1452 1330 τά
1487 1295 1546 1331 τε
1583 1277 1814 1348 μεγάλα,
1840 1277 2028 1348 ὥσπερ
2057 1280 2115 1332 ἐν

443 1354 608 1426 βίϐλῳ
632 1359 697 1426 τῇ
730 1357 927 1428 καρδία
956 1356 1263 1427 γράφοντας
1289 1357 1452 1426 ἔχειν,
1482 1359 1576 1411 καὶ
1613 1356 1689 1420 ὡς
1733 1359 1928 1410 νεωστὶ
1955 1375 2109 1427 γεγεο

441 1437 648 1505 νημένα
680 1436 918 1490 πενθεῖν.
955 1436 1110 1490 Οῦτω
1135 1436 1245 1507 γὰρ
1276 1436 1341 1490 ἂν
1375 1438 1468 1490 καὶ
1513 1437 1573 1490 τὸ
1599 1437 1853 1509 φρόνημα
1880 1437 1977 1507 τῆς
2012 1438 2116 1507 ψυ-

442 1515 543 1585 χῆς
573 1517 995 1587 κατεστείλαμεν
1021 1527 1070 1580 π,
1120 1518 1358 1587 συνεχῶς
1385 1519 1522 1588 αὑτῇ
1549 1517 1657 1570 τῶν
1679 1519 1893 1572 οἰκείων
1920 1520 2116 1591 ἀναμι-

444 1597 775 1666 μνήσκοντες
806 1597 1012 1651 κακῶν.
1045 1597 1311 1651 Τοσοῦτον
1346 1600 1492 1651 ἐστιν
1519 1599 1720 1666 ἀγαθὸν
1756 1600 2114 1669 μνημονεύειν

439 1678 851 1748 ἁμαρτημάτων
867 1676 1103 1739 οἰκείων,
1123 1677 1197 1741 ὡς
1214 1677 1306 1732 καὶ
1329 1677 1399 1730 τά
1414 1678 1778 1748 ἀφανισθέντα
1795 1679 2115 1748 ἐγκλήματα

443 1758 678 1827 συνεχῶς
707 1759 892 1827 φέρειν
918 1760 997 1821 είς
1018 1762 1180 1828 μέσον
1215 1759 1304 1812 τὸν
1341 1759 1610 1830 μακάριον
1633 1758 1864 1812 Παῦλον.
1895 1759 2112 1830 Ἐπειδὴ

439 1838 546 1908 γὰρ
579 1838 646 1891 τὰ
673 1840 916 1910 πρότερα
941 1838 1244 1907 ἀπενίψατο
1273 1841 1452 1894 πάντα
1480 1840 1568 1892 διά
1599 1839 1692 1893 τοῦ
1718 1840 2109 1910 βαπτίσματος,

440 1918 532 1969 καὶ
559 1917 696 1987 μετά
727 1913 893 1972 ταῦτα
918 1918 1064 1972 ἐϐίου
1105 1919 1362 1990 καθαρῶς
1381 1959 1397 1983 ,
1438 1919 1608 1983 οὕτως
1645 1920 1720 1984 ὡς
1743 1920 1906 1990 μηδὲν
1936 1919 2114 1992 ἐαυτῷ

440 1997 755 2061 συνειδέναι,
782 1999 875 2050 καὶ
893 1999 992 2050 οὐκ
1021 1994 1164 2068 εἶχεν
1193 2000 1332 2070 ὑπὲρ
1361 1991 1436 2052 ὧν
1456 1999 1756 2066 στενάξειεν
1783 1991 2112 2071 ἁμαρτημάέ

438 2094 567 2142 των,
592 2077 701 2131 τῶν
727 2079 830 2148 πρὸ
849 2077 943 2131 τοῦ
974 2077 1348 2149 βαπτίσματος
1381 2075 1788 2148 ἐξηλειμμένων
1837 2079 2114 2150 ἐμέμνητο

438 2155 632 2220 λέγων,
669 2158 748 2210 δτι
793 2157 848 2210 Ὁ
888 2158 1141 2226 Χριστὸς
1169 2158 1403 2225 Ἰησοῦς
1426 2154 1615 2226 ἦλθεν
1639 2160 1727 2223 εἰς
1747 2159 1853 2228 τὸν
1882 2160 2113 2227 κόσμον

437 2235 825 2304 ἁμαρτωλοὺς
846 2237 1061 2301 σῶσαι,
1089 2231 1177 2290 ὧν
1207 2235 1437 2304 πρῶτός
1471 2240 1588 2305 εἰμι
1621 2235 1763 2306 ἐγώ·
1791 2237 1886 2290 καί
1925 2239 2108 2302 πάλιν,

438 2317 663 2368 Πιστόν
685 2332 761 2385 με
797 2315 1070 2385 ἡγήσατο
1095 2315 1342 2385 θέμενος
1361 2319 1449 2381 εὶς
1480 2316 1810 2380 διακονίαν,
1840 2318 1947 2370 τὸν
1967 2321 2113 2386 πρό-

438 2411 608 2462 τερον
635 2395 662 2434 b
681 2396 824 2449 ὄντα
842 2395 1218 2466 βλάσφημον
1254 2396 1351 2448 καὶ
1385 2395 1644 2462 διώκτην
1666 2397 1763 2450 καὶ
1783 2398 2077 2465 ὑϐριστήν
2093 2415 2106 2428 °

438 2474 922 2542 καθ’ὺπερϐολὴν
958 2475 1068 2544 γὰρ
1121 2474 1368 2528 ἐδίωκον
1421 2474 1535 2542 τὴν
1583 2475 1956 2543 Ἐκκλησίαν
2003 2478 2110 2532 τοῦ

440 2553 608 2615 Θεοῦ,
636 2555 734 2608 καὶ
757 2555 1052 2622 ἐπόρθουν
1073 2554 1268 2623 αὐτήν
1290 2569 1303 2582 ·
1334 2557 1429 2608 καί.
1461 2555 1642 2619 πάλιν,
1673 2559 1794 2610 Οὐκ
1809 2559 1923 2627 εἰμί
1942 2557 2111 2625 ἄξιος

437 2633 750 2690 καλεῖσθαι
817 2637 1181 2700 ἀπόστολος.
1244 2635 1308 2688 El
1349 2636 1458 2705 γὰρ
1481 2637 1576 2688 καὶ
1603 2636 1929 2701 ἀνευθύνους
1963 2641 2109 2710 ἡμᾶς

437 2713 660 2784 ἀφίησιν
686 2717 867 2768 ἐκεῖνα
892 2714 960 2768 τά
993 2714 1394 2785 ἁμαρτήματαο
1449 2713 1562 2767 ἀλλ’
1592 2715 1741 2786 ὅμως
1778 2718 1925 2771 ἐστὶν
1950 2719 2110 2772 ἰκανά

435 2794 612 2867 ψυχὴν
637 2795 912 2867 ἐντρέψαι,
959 2796 1050 2869 καὶ
1075 2797 1258 2848 πεῖσαι
1312 2793 1559 2866 σφοδρῶς
1596 2797 1814 2869 ἀγαπᾷν
1835 2797 1925 2851 τὸν
1953 2799 2102 2854 Θεόν.

437 2875 547 2927 Καὶ
571 2866 692 2946 γὰρ
721 2866 1025 2947 ἐρωτηθεὶς
1062 2876 1090 2927 ὁ
1129 2875 1310 2944 Σίμων
1351 2874 1456 2926 ὑπὸ
1487 2874 1580 2927 τοῦ
1617 2866 1846 2947 Κυρίου,
1879 2877 1962 2942 τίς
2000 2880 2109 2933 τῶν

436 2953 528 3006 δύο
550 2953 958 3024 χρεωφειλετῶν
981 2953 1072 3006 τὸν
1094 2953 1439 3029 δεδανεικόξα
1459 2954 1732 3024 ἀγαπήσει
1752 2953 1900 3029 [152]
1925 2957 2104 3023 πλέον,

438 3033 531 3085 καὶ
578 3032 782 3096 εἰπὼν,
841 3034 923 3086 ὅτι
960 3031 1186 3102 Νομίζω
1227 3031 1254 3072 ἀ
1279 3074 1292 3097 ,
1344 3025 1393 3098 ᾧ
1422 3032 1488 3086 τὸ
1529 3033 1718 3088 πλέον
1755 3025 2104 3104 ἐχαρίσατο,

437 3111 693 3180 ἤκουσεν
743 3112 962 3181 Ὀρθῶς
993 3111 1259 3181 ἔκρινας.

507 3192 571 3257 ζ’.
597 3194 762 3246 Ὅταν
782 3191 891 3263 γάρ
919 3193 1262 3263 ἐννοήσωμεν
1291 3191 1351 3245 τὸ
1372 3189 1574 3262 πλῆθος
1596 3191 1705 3247 τῶν
1727 3194 2104 3264 παρελθόντων

438 3271 868 3343 ἁμαρτημάτων,
891 3271 1009 3324 τότε
1048 3271 1306 3341 εἰσόμεθα
1338 3272 1435 3342 τῆς
1463 3273 1557 3325 τοῦ
1587 3271 1723 3325 Θεοῦ
1754 3274 1975 3344 χάριτος
2007 3276 2106 3346 τὴν

438 3352 762 3423 ὑπερϐολὴν,
799 3353 919 3404 τότε
953 3351 1100 3404 κάτω
1133 3349 1416 3419 νεύσομεν,
1465 3352 1585 3406 τότε
1637 3353 2101 3425 συσταλησὸμεθα.

440 3432 588 3501 Ὅσῳ
611 3430 718 3501 γὰρ
743 3429 1000 3499 μειζόνων
1030 3428 1197 3500 ἐσμὲν
1233 3439 1257 3468 θ
1286 3428 1574 3482 ὑπεύθυνοι
1595 3430 2102 3502 πλημμελημάτων,

436 3510 672 3580 τοσούτῳ
708 3509 906 3579 μᾶλλον
933 3508 1408 3580 ἐντραπησόμεθα.
1434 3509 1645 3572 Παῦλος
1688 3511 1785 3581 μὲν
1808 3507 1899 3564 οὖν
1919 3514 2107 3566 κάκεί-

435 3606 540 3642 νων
575 3589 882 3659 ἐμέμνητο·
916 3591 1080 3658 ἡμεῖς
1122 3588 1179 3641 δέ
1234 3588 1354 3641 οὑδέ
1415 3589 1482 3641 τὰ
1533 3590 1670 3660 μετὰ
1721 3590 1782 3642 τὸ
1825 3589 2105 3663 βάπτισμα

436 3667 846 3738 ἀναμνησθῆναι
884 3667 1182 3738 βουλόμεθα
1206 3707 1220 3732 ,
1263 3667 1328 3721 τά
1370 3668 1611 3722 κίνδυνον
1644 3667 1856 3739 ἔχοντα,
1887 3671 1981 3724 καὶ
2008 3672 2106 3743 τῆς

435 3749 522 3802 ἐπ’
552 3749 730 3811 αὐτοῖς
767 3748 1066 3812 ἐξετάσεως
1122 3747 1458 3820 ὑπευθύνους
1512 3750 1660 3820 ἡμᾶς
1725 3749 2101 3814 καθιστῶντα,

435 3830 571 3884 ἀλλά
607 3830 709 3883 κᾶν
741 3831 822 3892 εἰς
859 3829 1070 3884 ἔννοιαν
1114 3829 1357 3882 τοιούτου
1401 3818 1544 3896 τίνός
1583 3847 1714 3883 ποτε
1749 3830 2102 3902 ἐμπέσωμεν,

435 3911 634 3973 εὐθέως
657 3910 1107 3981 ἀπεπηδήσαμεν,
1163 3909 1281 3962 οὐδὲ
1321 3909 1383 3962 τὸ
1415 3910 1550 3980 πρὸς
1600 3910 1774 3982 βραχὺ
1821 3913 1886 3982 τῇ
1916 3913 2104 3986 μνήμῃ

435 3989 673 4059 λυπῆσαι
710 3988 1020 4058 βουλόμενοι
1057 3988 1155 4054 τὴν
1189 3987 1388 4058 ψυχήν.
1429 3989 1719 4058 Τοιγάρτοι
1775 3991 1945 4062 μυρία
1996 3993 2106 4044 ἀπὸ

433 4069 636 4138 ταύτης
672 4069 768 4138 τῆς
805 4065 1117 4136 ἀνωφελοῦς
1146 4067 1366 4139 χάριτος
1398 4069 1531 4138 ἡμῖν
1555 4068 1798 4122 τίκτεται
1825 4069 1895 4122 τὰ
1934 4071 2102 4127 κακά.

435 4147 591 4202 Οῦτω
619 4149 725 4218 γὰρ
764 4147 1081 4218 ἀναλγήτως
1133 4147 1350 4217 ἔχοντες
1375 4148 1472 4200 καὶ
1503 4146 1784 4217 μαλακῶς,
1816 4147 1940 4201 οὔτε
1964 4149 2105 4220 ὑπὲρ

434 4226 542 4279 τῶν
561 4228 820 4297 πρότερον
849 4224 1346 4296 ἐξομολογήσασθαι
1403 4225 1681 4296 δυνάμεθα
1715 4225 1770 4285 ί,
1805 4226 1946 4294 (πῶς
1973 4228 2100 4298 γὰρ,

433 4299 508 4359 ὧν
535 4306 655 4359 ούδέ
682 4307 779 4376 τὴν
815 4306 1034 4376 μνήμην
1071 4303 1360 4374 ἀνέχεσθαι
1391 4303 1642 4375 ἐθίζομεν
1667 4305 1892 4369 ἑαυτούς
1913 4308 1952 4374 ς)
2010 4307 2105 4359 καὶ

435 4385 568 4456 πρὸς
595 4385 663 4438 τά
689 4384 949 4456 μέλλοντα
979 4383 1281 4456 προχείρως
1310 4385 1752 4454 καταφερόμεθα.
1795 4385 2105 4457 Ἀγαπητὸν

433 4465 542 4535 γὰρ
562 4465 659 4536 τῆς
679 4465 900 4535 μνήμης
926 4463 1140 4532 ἐκείνης
1168 4462 1586 4534 ἐνακμαζούσης
1611 4465 1743 4534 ἡμῖν
1761 4465 1867 4527 ἀεὶ,
1887 4463 1981 4518 καὶ
2009 4464 2102 4517 τοῦ

433 4544 598 4611 φόϐου
636 4543 1014 4606 κατασείοντος
1058 4542 1154 4614 τὴν
1199 4541 1457 4607 διάνοιαν,
1498 4541 1792 4613 δυνηθῆναι
1822 4543 1882 4596 τὸ
1908 4543 2102 4614 χαῦνον

433 4626 601 4695 αὐτῆς
634 4625 726 4676 καὶ
752 4623 1140 4694 διακεχυμένον
1167 4622 1370 4687 ἐξελεῖν
1391 4638 1406 4653 ’
1445 4623 1493 4675 εἰ
1539 4621 1594 4674 δὲ
1621 4624 1716 4676 καὶ
1764 4623 1953 4678 τοῦτον
1999 4625 2106 4692 ἀφ·

433 4703 572 4766 έλοις
597 4705 620 4743 ⁸
645 4702 734 4755 τὸν
752 4701 983 4772 χαλινὸν,
1012 4703 1094 4766 τίς
1109 4703 1277 4773 αὐτὴν
1322 4701 1539 4766 καθέξει
1573 4700 1755 4755 λοιπὸν
1774 4702 1944 4766 ἀδεῶς
1964 4703 2104 4756 κατά

495 4825 519 4852 ³
541 4823 674 4876 Colh.
700 4825 760 4872 τά
782 4824 916 4872 αὐτά.

490 4885 518 4924 ι)
539 4887 671 4936 Culb.
697 4885 1093 4946 καταστείλωμεν.
1124 4885 1233 4934 Mox
1258 4885 1387 4933 idem
1412 4882 1640 4932 τοσοῦτον
1661 4883 1749 4947 γάρ
1773 4884 1915 4931 ἐστιν.

497 4953 518 4978 ε
549 4949 684 4998 (lulb.
708 4948 762 4994 τὸ
785 4945 1027 5010 πρότερον.
1060 4949 1108 4995 ln
1151 4948 1325 5010 eodem
1359 4947 1468 5010 1019
1493 4957 1707 5010 §equ_ens
1728 4945 1906 5010 ’ᾀεεεμ
1949 4945 2101 5010 Paulo

432 5015 542 5069 post
565 5011 698 5060 Colb.
723 5006 944 5070 ἐπόρθουν
970 5008 1135 5066 αὐτὴν,
1170 5010 1252 5056 καὶ
1271 5009 1358 5056 οὐκ
1373 5006 1475 5069 εἰμί
1499 5006 1656 5062 ἱκανὸς
1695 5007 1938 5056 καλεῖσθαι
1979 5007 2100 5056 ἀπό-

433 5073 614 5133 στολος·
643 5071 682 5118 εἰ
707 5071 796 5133 γὰρ
818 5071 898 5133 καί
921 5070 1271 5133 ἀνυπευθύνους.

491 5130 519 5170 ἀ
553 5133 667 5180 Haec
693 5129 960 5193 ὅξτίνομίζω
982 5132 1163 5180 desunt
1185 5134 1232 5179 in
1253 5129 1386 5180 Colb.

493 5195 515 5216 ⁸
546 5194 682 5243 Colb.
711 5191 853 5254 ἦμενξ
878 5191 1004 5241 Infra
1025 5193 1155 5242 idem
1181 5193 1241 5240 τὰ
1265 5193 1345 5239 καὶ
1363 5191 1572 5239 κίνδυνον
1599 5191 1783 5254 ἔχοντα.
1807 5192 1934 5243 Infra
1967 5194 2099 5243 idem

433 5256 541 5318 οὐδὲ
556 5255 674 5318 πρὸς
694 5254 858 5318 βραχύ-

500 5316 520 5387 [
698 5315 801 5387 τῶν
818 5317 1056 5387 προτέρων
1082 5350 1115 5363 ..
1141 5315 1449 5387 δυνησόμεθαί

496 5382 520 5418 ε
542 5378 674 5429 Colb.
702 5384 754 5426 el
771 5376 922 5427 Sav'il.
959 5376 1009 5428 in
1033 5384 1170 5430 textu
1192 5376 1373 5440 ἀφέλοι,
1406 5377 1578 5427 Morel.
1613 5382 1667 5427 et
1687 5377 1839 5428 Savil.
1865 5381 1916 5428 in
1937 5392 2090 5442 marg.

429 5456 638 5506 αφελοις.

1237 362 1294 420 S.
1336 361 1623 418 JOANMS
1659 345 2154 420 CHRYSOSTOMI
2189 361 2516 420 ARCHIEP.
2555 361 3106 420 CONSTAL‘TINOP.

3789 366 3899 424 422

2217 479 2480 552 κρημνῶν
2524 479 2862 551 φερομένην,
2899 479 2994 533 καὶ
3045 482 3124 543 εἰς
3159 479 3230 534 τά
3267 481 3367 551 τῆς
3415 481 3690 547 ἀπωλείας
3725 484 3896 556 ἐμπί-

2215 577 2454 613 πτουσαν
2478 558 2726 631 βάραθρα
2748 575 2763 624 ;
2793 559 2893 613 Διά
2908 559 3080 613 ταῦτα
3101 563 3129 614 ὁ
3157 559 3366 625 δίκαιος
3389 563 3597 626 ἐκεῖνος
3622 564 3724 634 τὴν
3761 563 3896 634 μέλ-

2212 642 2407 695 λουσαν
2431 642 2717 711 ὑπέγραφε
2740 641 2964 695 κόλασιν
2985 657 2999 672 ο
3035 642 3124 698 διὰ
3153 643 3329 699 ταῦτα
3348 643 3588 716 ἐθρήνει,
3606 645 3695 700 διὰ
3714 645 3897 700 ταῦτα

2212 720 2418 786 ἔστενε,
2450 717 2622 774 ταῦτα
2645 723 2709 775 ἐκ
2758 721 3077 792 περιουσίας
3121 723 3311 777 ποιῶν.
3347 725 3472 787 Τοῖς
3499 723 3596 793 μὲν
3627 722 3895 792 μεγάλοις

2214 801 2341 870 ὑμῖν
2385 801 2545 871 ἀρκεῖ
2591 800 2726 870 πρὸς
2751 801 2813 854 τὸ
2870 803 3243 872 κατανυγῆναι
3289 803 3350 856 τὸ
3395 803 3503 856 τῶν
3559 803 3894 872 εὐεργεσιῶν

2213 880 2621 951 ἀναμνησθῆναι
2670 879 2763 933 τοῦ
2808 879 2966 946 Θεοῦ,
2993 881 3054 934 τὸ
3101 881 3176 953 μὴ
3208 882 3522 952 μεμνῆσθαι
3545 881 3648 935 τῶν
3672 883 3896 936 οἰκείων

2214 959 2674 1032 κατορθωμάτων,
2723 960 2784 1013 τὸ
2815 960 2951 1030 μετὰ
2978 961 3177 1034 πολλῆς
3206 963 3490 1034 ἀκριϐείας
3519 961 3797 1028 ἐξετάζειν
3841 962 3898 1016 ετ

2215 1042 2316 1094 πού
2346 1059 2397 1095 τι
2447 1043 2540 1095 καὶ
2593 1042 2786 1112 μικρὸν
2831 1043 2960 1113 ὑμῖν
3008 1043 3164 1114 τύχοι
3198 1042 3609 1114 πλημμληθέν,
3653 1043 3715 1096 τὸ
3749 1042 3892 1114 πρὸς

2212 1122 2339 1185 τοὺς
2387 1122 2653 1192 μεγάλους
2685 1123 2883 1196 ἄνδρας
2929 1125 3062 1195 ὁρᾷν
3089 1126 3184 1178 καὶ
3220 1125 3425 1196 σφόδρα
3452 1123 3892 1193 εὑηρεστηκότας

2214 1200 2351 1271 Θεῷ,
2391 1202 2453 1254 τὸ
2483 1202 2618 1271 μετά
2671 1202 2844 1256 ταῦτα
2897 1204 3112 1257 ἅπαντα
3156 1203 3361 1257 ἐννοεῖν
3388 1203 3448 1256 τὸ
3476 1201 3570 1256 τοῦ
3600 1203 3896 1273 μέλλοντος

2213 1280 2426 1351 ἄδηλον,
2447 1281 2507 1334 τὸ
2535 1281 2672 1353 πρὸς
2695 1282 2794 1352 τὴν
2814 1284 3169 1336 κατάπτωσιν
3192 1285 3286 1336 καὶ
3310 1283 3409 1350 τὴν
3434 1282 3709 1352 ἁμαρτίαν
3728 1280 3894 1352 ὀξύρο

2216 1363 2398 1430 ροπον,
2424 1361 2560 1432 ὅπερ
2589 1362 2683 1415 καὶ
2711 1364 2740 1415 ὁ
2777 1361 2988 1426 Παῦλος
3017 1361 3304 1416 ἐδεδοίκει·
3331 1363 3411 1416 διὸ
3440 1365 3534 1416 καὶ
3565 1363 3747 1433 ἐλεγε’
3783 1364 3894 1416 Φο-

2215 1441 2425 1510 ϐοῦμαι
2462 1441 2549 1509 μή
2584 1457 2709 1507 πως
2739 1441 2952 1507 ἄλλοις
2977 1442 3248 1509 κηρύξας
3273 1443 3455 1510 αὐτὸς
3479 1446 3760 1514 ἀδόκιμος
3793 1444 3894 1513 τέ-

2213 1535 2431 1589 νωμαιο
2468 1520 2563 1572 καὶ
2596 1519 2677 1584 τὸ,
2722 1520 2784 1573 '0
2816 1520 3014 1575 δοκῶν
3043 1522 3313 1588 ἑστάναι,
3352 1524 3631 1588 βλεπέτω
3663 1523 3750 1593 μὴ
3785 1523 3894 1576 πέ-

2215 1616 2319 1668 σῃ.
2373 1600 2536 1662 Οὕτω,
2557 1602 2652 1655 καί
2680 1603 2708 1654 ὁ
2731 1601 2897 1656 Δαυῖδ
2929 1603 3103 1656 ταῦτα
3136 1606 3312 1658 πάντα
3355 1604 3583 1675 ἔστρεφε
3610 1603 3740 1672 παρ’
3765 1605 3897 1656 ἐαυ-

2216 1679 2294 1750 τῷ
2316 1682 2344 1722 h
2366 1699 2378 1712 ·
2409 1681 2506 1744 τὰς
2537 1682 2635 1750 μὲν
2668 1682 2777 1752 γὰρ
2815 1683 3134 1754 εὐεργεσίας
3183 1683 3277 1738 τοῦ
3316 1685 3450 1738 Θεοῦ
3501 1684 3852 1754 λογιζόμενος
3876 1725 3892 1747 .

2217 1761 2404 1830 ἔλεγε·
2471 1761 2532 1815 Τί
2557 1764 2728 1815 ἐστιν
2756 1762 3086 1830 ἅνθρωπος,
3123 1764 3213 1818 ὅτι
3251 1764 3562 1834 μιμνήσκῃ
3609 1763 3826 1819 αὑτοῦ·
3857 1764 3892 1830 ἧ

2214 1841 2344 1907 υἱὸς
2379 1841 2718 1912 ἀνθρώπου,
2750 1840 2839 1894 ὅτι
2879 1842 3210 1912 ἐπισκέπτῃ
3266 1844 3483 1909 αὑτόν;
3518 1844 3914 1908 Ἠλάττωσας-
4025 1896 4033 1908 ,

2214 1922 2404 1976 αὐτὸν
2430 1922 2634 1990 βραχύ
2665 1939 2719 1974 τι
2749 1923 2884 1988 παρ’
2911 1922 3226 1991 ἀγγέλους,
3257 1923 3404 1991 δόξῃ
3435 1923 3535 1976 καὶ
3556 1922 3696 1992 τιμῇ
3716 1924 3895 1976 ἐστε-

2212 2001 2501 2069 φάνωσας
2528 2002 2733 2054 αὐτόν.
2767 2000 2889 2053 Τῶν
2918 2000 2975 2054 δὲ
3006 2000 3446 2071 κατορθωμάτων
3491 1999 3662 2064 οὕτως
3700 2000 3897 2054 ἐπελέ-

2213 2078 2377 2149 ληστο
2421 2080 2529 2132 τῶν
2584 2079 2772 2144 αὑτοῦ,
2827 2081 2902 2145 ὡς
2975 2081 3112 2151 μετά
3173 2079 3274 2151 τὴν
3325 2080 3526 2150 μυρίαν
3570 2080 3898 2149 φιλοσοφίαν

2213 2159 2427 2230 ἐκείνην
2468 2161 2674 2212 εἰπεῖν’
2712 2160 2808 2224 Τίς
2852 2162 2967 2229 ειμι
3005 2159 3139 2229 ἐγὼ,
3169 2159 3345 2226 Κύριέ
3373 2177 3516 2227 μου,
3545 2160 3743 2228 Κύριε,
3792 2161 3896 2213 καί

2212 2241 2305 2306 τίς
2343 2243 2376 2294 ό
2412 2235 2579 2305 οἶκος
2621 2238 2728 2292 τοῦ
2763 2239 2987 2306 πατρός
3024 2255 3164 2308 μου,
3192 2236 3282 2291 ὅτι
3330 2238 3652 2307 ἠγάπησάς
3677 2256 3756 2310 με
3780 2239 3898 2304 ἕως

2211 2320 2480 2384 τούτων;
2529 2318 2626 2372 καί
2661 2318 3166 2386 κατεσμίκρυνται
3205 2317 3393 2373 ταῦτα
3441 2318 3699 2372 ἐνώπιόν
3749 2333 3898 2385 σου⁹

2211 2398 2389 2466 Κύριέ
2413 2416 2554 2466 μου,
2589 2397 2686 2450 καὶ
2707 2397 3020 2464 ἐλὰλησας
3043 2397 3194 2465 ὑπὲρ
3210 2397 3317 2450 τοῦ
3343 2397 3515 2451 οἴκου
3539 2397 3646 2451 τοῦ
3661 2397 3897 2452 δούλου

2212 2493 2327 2532 σου
2351 2480 2438 2542 εὶς
2460 2477 2723 2546 μακράν.
2773 2473 2963 2542 Οὗτος
3006 2477 3076 2531 δὲ
3100 2483 3132 2532 ό
3170 2482 3356 2548 νόμος
3403 2477 3510 2532 τοῦ
3549 2477 3895 2545 ἀνθρώπου,

2211 2558 2387 2626 Κύριέ
2404 2576 2540 2626 μου,
2572 2558 2771 2626 Κύριε,
2798 2559 2948 2626 πρὸς
2985 2559 3079 2613 σέ.
3113 2560 3219 2614 Καὶ
3258 2559 3316 2613 τί
3340 2557 3674 2627 προσθήσει
3707 2560 3820 2611 Aa:
3833 2557 3899 2611 ῒδ

2211 2637 2298 2690 ἔτι
2325 2635 2432 2690 τοῦ
2454 2635 2722 2705 λαλῆσαι
2750 2637 2900 2705 πρὸς
2923 2637 2996 2692 σέ
3010 2655 3029 2702 ;
3063 2638 3172 2691 Καὶ
3192 2639 3298 2692 τῶν
3321 2638 3601 2710 προγόνων
3644 2635 3898 2707 συνεχῶς

2209 2718 2307 2789 τὴν
2337 2716 2538 2788 ἀρετὴν
2587 2717 2802 2779 ἐννοῶν,
2852 2715 2912 2769 τὸ
2948 2715 3114 2786 μηδὲν
3140 2718 3275 2788 πρὸς
3316 2715 3555 2777 ἐκείνους
3579 2714 3776 2784 ἐαυτὸν
3802 2713 3898 2780 ἐξ-

2211 2795 2418 2859 ετάζων
2444 2791 2584 2849 εἷναι
2608 2794 2848 2865 ἐνόμιζε.
2875 2793 3030 2848 Μετά
3055 2793 3163 2865 γὰρ
3187 2795 3248 2847 τὸ
3275 2797 3469 2858 εἰπεῖν,
3503 2793 3633 2847 Ἐπὶ
3656 2793 3757 2848 σοὶ
3778 2792 3898 2861 ἤλ-

2211 2889 2400 2927 πισαν
2436 2879 2490 2928 οἱ
2515 2873 2763 2940 πατέρες
2790 2872 2977 2943 ἡμῶν,
3009 2873 3139 2942 περὶ
3167 2873 3358 2926 ἐαυτοῦ
3383 2873 3557 2941 λέγων
3581 2874 3894 2942 ἐπήγαγεν,

2201 2949 2348 3018 Ἐγὼ
2361 2949 2835 3022 δέεῑμισκώληξ,
2852 2948 2951 3006 καί
2971 2954 3082 3006 οὐκ
3109 2951 3436 3021 ἄνθρωπος.
3465 2952 3536 3004 Τὸ
3559 2951 3617 3006 δὲ
3643 2952 3736 3005 τοῦ
3761 2953 3896 3021 μέλι

2212 3029 2395 3094 λοντος
2418 3030 2609 3101 ἄδηλον
2631 3029 2803 3094 οὑτως
2828 3027 2939 3102 εἶχε
2965 3031 3073 3102 πρὸ
3105 3030 3211 3085 τῶν
3226 3030 3539 3102 ὀφθαλμῶν,
3573 3030 3648 3094 ὡς
3669 3029 3797 3099 λέγε
3807 3049 3860 3084 ιν
3879 3051 3894 3064 υ

2213 3111 2480 3164 Φώτισον
2501 3111 2638 3177 τοὺς
2655 3113 3003 3180 ὀφθαλμούς
3049 3129 3189 3182 μου,
3215 3111 3300 3180 μή
3337 3128 3483 3166 ποτε
3514 3112 3774 3165 ὐπνώσω
3802 3115 3898 3180 εἰς

2215 3188 2491 3243 θάνατον.
2552 3189 2663 3243 Καὶ
2717 3190 3133 3262 ἁμαρτημάτων
3181 3188 3334 3262 [155]
3376 3192 3434 3246 δὲ
3483 3191 3627 3245 οὕτω
3674 3193 3897 3247 πολλῶν

2215 3268 2512 3321 ὑπεύθυνον
2555 3270 2745 3325 ἐαυτὸν
2775 3267 2915 3325 εἶναι
2937 3271 3207 3342 ἐνόμιζεν,
3230 3271 3305 3334 ὡς
3331 3270 3510 3339 λέγειν
3533 3287 3546 3301 ⁸
3578 3270 3898 3340 Ἰλάσθητι

2212 3346 2287 3416 τῇ
2314 3349 2567 3417 ἁμαρτίᾳ
2581 3366 2723 3416 μου,
2746 3351 2950 3417 πολλὴ
2967 3351 3078 3421 γάρ
3100 3351 3289 3406 ἐστιν.
3334 3350 3495 3422 Ὑμῖν
3526 3350 3624 3422 μὲν
3652 3348 3748 3406 οὖν
3775 3360 3898 3419 τοῖς

2218 3428 2472 3498 μεγάλοις
2510 3429 2670 3500 ἀρκεῖ
2707 3429 2799 3482 καὶ
2838 3429 3041 3484 ταῦτα·
3092 3433 3227 3502 ἡμῖν
3253 3431 3311 3484 δὲ
3344 3433 3439 3485 καὶ
3497 3435 3632 3504 μετά
3682 3435 3898 3487 τούτων

2212 3505 2320 3558 τῶν
2342 3506 2650 3578 φαρμάκων
2684 3511 2831 3562 ἐστὶν
2865 3509 3078 3578 ἀνάγκη
3108 3510 3305 3581 ἰσχυρά
3323 3511 3417 3565 καὶ
3448 3513 3605 3585 ἱκανὴ
3640 3514 3897 3569 καθελεῖν

2211 3585 2272 3666 τὸ
2307 3586 2561 3657 φρόνημα
2593 3589 2686 3642 καὶ
2732 3589 2832 3658 τὴν
2870 3587 3189 3652 ἀλαζονείαν
3227 3589 3463 3644 ἅπασαν.
3513 3593 3577 3646 Τί
3619 3594 3684 3666 δὴ
3728 3597 3896 3649 τοῦτό

2212 3665 2328 3718 ἐστι
2362 3666 2376 3705 i
2407 3682 2421 3731 ;
2466 3667 2538 3718 Τὸ
2591 3666 2703 3720 τῶν
2759 3667 3170 3737 ἁμαρτημάτων
3187 3668 3410 3739 πλῆθος,
3464 3669 3526 3723 τὺ
3561 3665 3800 3736 συνειδὸς
3831 3673 3896 3727 τὸ

2214 3744 2447 3816 πονηρόν
2469 3760 2485 3776 ο
2525 3745 2661 3816 ὅπερ
2718 3745 2939 3800 ἐπειδὰν
2989 3747 3147 3818 ήμῶν
3172 3748 3517 3820 ἐπιλάϐηται,
3555 3748 3676 3802 οὐδὲ
3731 3750 3895 3802 ἐκόν-

2211 3839 2310 3886 τας
2358 3823 2579 3895 ἀφίησιν
2617 3824 2847 3896 ἀρθῆναι
2881 3825 3016 3896 πρὸς
3064 3826 3125 3879 τὸ
3160 3825 3311 3896 ὕψος.
3343 3829 3432 3881 Διὸ
3471 3827 3534 3899 δὴ
3566 3827 3758 3898 δέομαι
3793 3831 3896 3884 καὶ

2212 3902 2472 3956 ἀντιϐολῶ
2508 3902 2642 3974 πρὸς
2671 3903 2768 3974 τῆς
2790 3903 3099 3975 παρρησίας
3129 3905 3318 3974 αὐτῆς,
3336 3901 3403 3977 ἧς
3428 3904 3517 3958 διὰ
3545 3905 3652 3958 τῶν
3684 3923 3894 3979 κατορο

2212 3981 2475 4051 θωμάτων
2502 3985 2715 4051 ἐκτήσω
2751 3984 2887 4050 πρὸς
2917 3985 3005 4036 τὸν
3029 3984 3180 4049 Θεὸν,
3206 3988 3362 4056 χεῖρα
3395 3987 3525 4056 ἡμῖν
3546 3987 3735 4058 ὀρέξαι
3767 4006 3896 4042 συν-

2213 4060 2349 4131 εχῶς
2384 4059 2674 4130 δεομένοις,
2702 4059 2842 4114 ὥστε
2881 4062 3172 4133 δυνηθῆναι
3213 4065 3307 4117 καὶ
3345 4063 3610 4135 πενθῆσαι
3637 4067 3729 4120 τὸν
3755 4069 3895 4138 9:69-

2210 4160 2301 4195 τον
2327 4140 2432 4194 τῶν
2477 4140 2743 4194 τοσούτων
2776 4142 2961 4196 κακῶν
2983 4144 3102 4197 κατ’
3133 4143 3289 4208 ἀξίαν
3310 4185 3324 4210 ,
3376 4145 3471 4199 καί
3509 4146 3894 4220 πενθήσανταῖς

2213 4219 2568 4274 ἐπιλαϐέσθαι
2608 4221 2750 4284 τινὸς
2793 4221 2912 4275 ὁδοῦ
2961 4223 3154 4295 φίλης,
3205 4224 3301 4276 καὶ
3343 4224 3480 4297 πρὸς
3515 4225 3608 4280 τὸν
3655 4219 3894 4299 οὐρανὸν

2208 4299 2482 4372 φερούσης
2512 4300 2680 4370 ἡμᾶς,
2733 4299 2818 4353 ἴνα
2851 4301 2926 4372 μὴ
2951 4301 3279 4366 ἀπελθόντες
3327 4306 3407 4366 εἰς
3440 4304 3531 4357 τὸν
3574 4305 3726 4377 ᾅδην,
3756 4309 3893 4362 ἔνθα

2204 4379 2376 4441 οὐδεὶς
2409 4377 2843 4457 ἐξομολογεῖσθαι
2895 4379 3140 4448 δύναται,
3177 4380 3246 4434 τὰ
3305 4381 3414 4434 τῶν
3467 4393 3480 4432 ι
3518 4387 3892 4457 ἡτιμωμένων

2207 4457 2494 4535 πάθωμεν,
2517 4456 2727 4535 οὐδενὸς
2773 4458 2913 4527 ήμᾶς
2942 4458 3330 4530 ἐξαιρουμένου
3365 4461 3567 4516 λοιπόν.
3605 4456 3749 4528 Ἕως
3779 4469 3889 4535 μὲν

2205 4538 2312 4617 γάρ
2331 4536 2395 4590 ἂν
2411 4534 2600 4617 ἐνθάδε
2633 4529 2803 4617 ὦμεν,
2834 4538 2928 4617 καὶ
2953 4540 3117 4608 ἡμεῖς
3148 4529 3275 4611 παρ’
3308 4543 3462 4613 ὑμῶν
3493 4543 3704 4614 μεγάλα
3742 4529 3889 4617 καρ-

2205 4613 2489 4668 πώσασθαι
2550 4614 2912 4685 δυνησόμεθα,
2962 4617 3056 4670 καί
3114 4618 3271 4687 ὑμεῖς
3325 4613 3888 4695 ἡμᾶςεὺεργετῆσαι

2211 4693 2279 4774 τά
2335 4694 2853 4774 μέγισταίέπειδάν
2885 4694 2942 4747 δὲ
2973 4696 3292 4769 ἀπέλθωμεν
3318 4701 3450 4764 ἐκεῖ,
3474 4700 3598 4753 ἔνθα
3619 4693 3763 4774 μήτε
3791 4707 3888 4773 φί-

2210 4772 2321 4836 λος,
2351 4773 2485 4842 μήτε
2508 4770 2750 4852 ἀδελφὸς,
2791 4773 2926 4852 μήτε
2963 4775 3142 4846 πατὴρ
3169 4779 3470 4847 ἐπαρκέσαι
3507 4781 3532 4820 ιε
3571 4770 3887 4852 δυνήσεται,

2214 4853 2350 4921 μήτε
2377 4851 2721 4921 παραστῆναι
2756 4851 3138 4922 κολαζομένοις
3166 4857 3318 4926 ἡμῖν,
3360 4858 3575 4930 ἀνάγκη
3605 4851 3788 4914 λοιπὸν
3827 4867 3887 4920 ἐν

2209 4930 2412 5012 ἀπορία
2433 4931 2527 5012 καὶ
2551 4931 2911 5012 σκότῳῗβαθεῖ
2940 4935 3035 4986 καὶ
3074 4935 3241 5005 πολλῇ
3276 4936 3382 4989 τῶν
3408 4940 3886 5012 παραμυθήσομέ-

2210 5028 2313 5094 νων
2341 5010 2546 5094 ἐρημία
2571 5009 2670 5080 τὴν
2692 5011 2955 5094 ἀθάνατον
2983 5011 3148 5094 τίνειν
3171 5014 3349 5085 δίκην,
3379 5009 3654 5074 ἀνάλωτον
3671 5009 3887 5094 τροφὴν

2207 5089 2270 5158 τῇ
2296 5090 2578 5159 παμφάγῳ
2599 5091 2918 5162 γινομένους
2948 5091 3125 5162 φλογί.

2263 5277 2289 5348 ἓξ
2475 5283 2620 5352 πέσῃ,
2647 5283 2750 5352 ἐπεῖ
2764 5285 2845 5352 καὶ
2869 5287 2894 5332 ὁ
2921 5287 3015 5352 .
3036 5289 3146 5352 παρ’
3167 5290 3336 5352 ἐαυτῷ.

2271 5343 2282 5379 ⁵
2316 5343 2452 5411 ίξοίί).
2479 5346 2525 5411 τί
2615 5343 2756 5411 τοῦτὸ
2781 5347 2895 5411 ἐστιἶ
2922 5349 3046 5396 Infra
3073 5343 3202 5398 idem
3222 5343 3331 5400 οὐδέ
3352 5353 3568 5411 ἀκόντας.

2271 5414 2283 5477 ξ
2314 5405 2627 5477 (ροιὺκούδείς
2643 5407 3040 5477 ἐξομολογήσεται
3062 5411 3211 5477 αὐτῷ,
3233 5417 3293 5462 τά
3316 5418 3428 5464 τῶν.

2267 5471 2293 5507 ιε
2325 5466 2548 5531 Ἀρκέσαι
2569 5467 2705 5518 Coib.
