4116 6392
316 362 418 410 ιιι

331 478 612 530 persuasos
640 482 757 523 esse
797 471 1071 529 innumera
1112 492 1208 532 nos
1242 480 1377 534 mala
1409 493 1773 555 perpetrasse,
1800 486 1894 543 sed

330 568 485 609 etiam
512 569 720 626 peccata
740 574 916 617 nostra
933 568 1105 619 omnia
1135 577 1242 621 tum
1265 586 1442 638 parva,
1468 583 1575 627 tnm
1601 591 1807 645 magna,
1840 578 1892 631 in

336 646 488 702 corde
511 663 607 703 ceu
625 651 674 703 in
695 651 831 706 libro
857 654 1116 724 descripta
1141 658 1353 721 habere.
1372 672 1444 723 et.
1464 678 1525 717 ac
1550 665 1593 719 si
1622 682 1789 735 nuper
1802 668 1897 721 ad-

330 735 487 789 missa
511 747 708 804 essent,
738 742 932 810 lugere.
952 743 1022 797 Ita
1046 747 1185 800 enim
1202 750 1361 803 animi
1380 755 1730 822 arrogantiam
1750 756 1896 811 cohi-

327 828 595 897 beremus,
615 833 657 885 si
678 833 976 903 frequenter
990 838 1061 891 illi
1080 842 1288 909 propria
1308 844 1443 897 mala
1455 859 1897 902 commemorare-

328 935 465 973 mus.
493 919 717 977 Tantum
748 934 833 979 est
874 927 1065 981 bonum
1106 942 1442 998 peccatorum
1472 936 1769 990 recordatio
1792 980 1806 1004 ,
1840 949 1895 992 ut

328 1008 511 1065 beatus
539 1012 731 1067 Paulus
752 1015 860 1084 jam
892 1018 1061 1072 deleta
1091 1021 1310 1074 crimina
1345 1021 1649 1092 frequenter
1685 1027 1737 1080 in
1778 1044 1892 1082 me-

328 1100 472 1154 dium
502 1102 806 1160 adduceret.
833 1106 963 1173 Quia
990 1111 1129 1163 enim
1169 1113 1343 1180 priora
1385 1116 1561 1169 omnia
1587 1132 1681 1185 per
1719 1117 1892 1188 bapti-

327 1206 499 1246 smum
527 1195 785 1261 abluerat,
816 1206 869 1252 et
900 1211 1080 1269 postea
1116 1217 1245 1271 pure
1274 1205 1497 1273 vixerat,
1522 1207 1590 1260 ita
1619 1217 1674 1261 ut
1698 1210 1893 1265 nullius

325 1283 427 1335 sibi
461 1282 709 1341 conscius
733 1298 904 1352 esset,
934 1306 1032 1345 nec
1062 1294 1288 1360 peccatis
1313 1305 1454 1351 esset
1486 1298 1769 1354 obstrictus
1796 1318 1893 1369 pro

322 1376 516 1443 quibus
545 1378 912 1447 ingemisceret
931 1423 947 1448 ,
978 1399 1039 1437 ea
1066 1400 1182 1453 quae
1213 1395 1335 1441 ante
1361 1387 1676 1457 baptismum
1720 1392 1893 1447 admi-

324 1475 500 1533 serat,
537 1469 648 1538 jam
691 1470 864 1526 deleta
909 1478 1357 1533 commemorabat
1406 1481 1591 1536 dicens
1623 1499 1635 1536 :
1665 1482 1891 1539 Christus

323 1560 471 1614 Iesus
495 1563 625 1615 venit
654 1564 707 1617 in
732 1566 972 1619 mundum
996 1580 1277 1638 peccatores
1302 1573 1524 1639 salvere,
1550 1590 1761 1641 quorum
1786 1578 1892 1646 pri-

324 1666 435 1702 mus
462 1668 549 1721 ego
577 1668 687 1705 sum
713 1655 789 1724 (1.
815 1654 948 1709 Tim.
979 1658 1031 1712 1.
1056 1656 1166 1729 15);
1197 1674 1258 1713 ac
1285 1676 1516 1729 rursum,
1549 1662 1777 1718 Fidelem
1814 1683 1892 1719 me

323 1742 639 1807 existimavit,
669 1761 857 1815 ponens
883 1748 935 1801 in
962 1749 1236 1804 ministerio
1261 1753 1379 1821 :qui
1407 1755 1547 1822 prius
1574 1753 1891 1824 blasphemus

324 1833 419 1901 fui,
451 1842 495 1887 et
524 1846 805 1902 persecutor
830 1841 1211 1896 contumeliosus
1243 1843 1317 1914 (l.
1350 1843 1485 1898 Tim.
1534 1848 1584 1901 1.
1634 1847 1723 1903 12.
1758 1849 1842 1917 l5)
1873 1866 1886 1901 :

321 1939 475 1989 supra
502 1926 704 1979 modum
729 1928 857 1981 enim
884 1930 1209 2000 persequebar
1236 1932 1514 1989 Ecclesium
1544 1936 1654 2002 Dei,
1684 1947 1729 1990 et
1750 1938 1893 1992 deva-

319 2014 510 2066 stabam
538 2031 645 2068 eam
666 2017 684 2077 (
703 2016 816 2070 Gul.
848 2019 898 2072 1.
933 2018 1030 2091 l5)
1056 2038 1069 2086 ;
1098 2033 1151 2075 et
1176 2023 1394 2092 iterum,
1427 2024 1545 2080 Non
1571 2044 1679 2081 sum
1711 2029 1890 2099 dignus

322 2105 485 2157 vocari
511 2107 769 2173 apostolus
794 2109 870 2178 (t.
899 2109 1013 2163 Cor.
1040 2113 1125 2166 l5.
1148 2113 1223 2184 9).
1251 2114 1397 2170 Licet
1418 2118 1558 2171 enim
1588 2133 1684 2173 nos
1709 2135 1737 2172 a
1767 2135 1892 2187 pec-

318 2194 450 2250 catis
478 2196 579 2250 illis
606 2197 876 2254 absolutos
900 2200 1165 2269 dimittat,
1197 2216 1416 2274 possunt
1448 2216 1625 2262 tamen
1654 2210 1739 2263 illa
1770 2215 1887 2264 ani-

316 2302 458 2340 mam
501 2288 567 2342 ad
611 2292 978 2345 verecundiam
1011 2309 1297 2362 provocare
1324 2307 1378 2351 et
1414 2298 1480 2352 ad
1512 2299 1602 2353 Dei
1649 2315 1884 2355 amorem

317 2378 657 2434 vehementer
685 2381 950 2437 inducere.
982 2384 1188 2439 Etenim
1235 2386 1585 2459 interrogatus
1626 2390 1808 2446 Simon
1856 2409 1886 2447 a

319 2470 574 2538 Domino,
614 2476 731 2543 quis
774 2490 840 2529 ex
886 2476 1089 2532 duobus
1141 2480 1464 2535 debitoribus
1512 2481 1883 2539 faeneratorem

315 2562 433 2643 plus
460 2562 718 2634 diligeret,
746 2581 865 2620 cum
895 2569 1271 2636 respondisset,
1300 2570 1546 2626 Existimo
1591 2576 1605 2604 ¹
1638 2578 1755 2643 quia
1802 2577 1844 2630 is
1864 2618 1879 2642 ,

313 2654 394 2706 cui
424 2640 549 2723 plus
593 2656 838 2725 donavit,
868 2660 1100 2725 audivit,
1142 2660 1290 2717 Recte
1321 2664 1569 2732 judicasti
1628 2640 1777 2737 (Luc.
1828 2640 1879 2722 7.

314 2747 384 2799 45
408 2746 446 2815 ).

390 2837 440 2888 7.
469 2836 598 2891 Cum
628 2838 767 2892 enim
799 2840 1205 2910 recogitabimus
1236 2844 1453 2913 pristina
1484 2857 1692 2916 peccata
1712 2886 1731 2915 ,
1757 2856 1883 2904 tunc

312 2942 693 2996 cognoscemus
720 2930 909 2985 divinae
938 2934 1119 3001 gratia:
1149 2938 1502 3003 priestantiam
1526 2978 1541 3004 ,
1572 2948 1696 2994 tunc
1735 2940 1880 2995 humi

314 3019 655 3087 respiciemus
677 3060 693 3086 ,
722 3030 845 3077 tunc
890 3039 988 3077 nos
1024 3025 1090 3079 ad
1127 3027 1398 3082 meliorem
1437 3028 1637 3099 frugem
1664 3032 1884 3101 recipie-

314 3121 451 3163 mus.
477 3111 682 3175 Quanto
706 3112 844 3166 enim
872 3116 1159 3183 majoribus
1182 3116 1392 3173 obnoxii
1423 3121 1619 3175 erimus
1647 3124 1881 3178 crimini-

312 3199 411 3252 bus
433 3239 448 3265 ,
480 3210 624 3256 tanto
661 3204 846 3271 majori
895 3206 1093 3274 pudore
1138 3208 1449 3265 afliciemur.
1471 3212 1665 3269 Paulus
1703 3217 1879 3286 itaque

310 3295 469 3346 etiam
497 3294 836 3362 pristinorum
865 3298 1072 3353 illorum
1097 3301 1505 3369 recordabatur;
1537 3320 1633 3360 nos
1664 3322 1730 3361 ne
1757 3308 1877 3362 illo-

309 3400 427 3439 rum
456 3387 701 3455 quidem,
729 3405 846 3457 quze
889 3401 1006 3460 post
1053 3392 1369 3462 baptismum
1417 3396 1756 3465 admisimus,
1790 3416 1875 3453 re-

307 3478 513 3532 cordari
528 3480 788 3546 volumus,
811 3497 929 3551 qua:
949 3484 1099 3537 nobis
1117 3485 1402 3553 perieulum
1418 3496 1615 3553 creant,
1640 3504 1755 3558 qua:
1779 3506 1875 3545 nos

306 3573 532 3633 examini
562 3574 817 3628 obnoxios
845 3577 1207 3643 constituunt;
1233 3578 1326 3631 sed
1354 3579 1559 3634 etiamsi
1584 3581 1874 3650 cujuspiam

307 3663 536 3732 ipsorum
562 3666 810 3735 cogitatio
835 3668 987 3721 nobis
1008 3667 1265 3734 inciderit,
1283 3669 1559 3725 confestim
1585 3672 1868 3739 resilimus,

306 3769 371 3808 ne
416 3755 562 3810 brevi
608 3755 817 3825 quidem
860 3766 1096 3825 tempore
1136 3758 1364 3812 animam
1408 3775 1469 3814 ea
1511 3762 1876 3818 recordatione

304 3861 536 3901 maerore
582 3849 793 3903 allicere
842 3849 1103 3904 volentes.
1146 3851 1303 3921 Atqui
1344 3852 1618 3908 innumera
1661 3872 1723 3909 ex
1776 3857 1875 3911 hac

304 3938 476 3992 inutili
504 3940 667 4008 gratia
701 3942 849 3995 nobis
876 3943 1012 3995 mala
1052 3943 1341 4011 pariuntur.
1370 3944 1480 4000 Hac
1505 3947 1644 4001 enim
1672 3946 1875 4004 doloris

306 4030 564 4083 vacuitate
605 4045 665 4084 ac
711 4031 928 4086 mollitie
973 4033 1244 4099 instructi,
1278 4037 1496 4104 pristina
1546 4047 1757 4106 pecvata
1806 4056 1873 4093 ne

301 4120 538 4175 confiteri
568 4121 777 4190 quidem
807 4137 1116 4191 possumus:
1136 4126 1397 4194 quomodo
1428 4142 1721 4196 possemus,
1752 4144 1871 4183 cum

301 4227 367 4264 ne
415 4213 722 4266 memoriam
769 4213 981 4282 quidem
1026 4229 1211 4268 eorum
1251 4216 1528 4271 admittere
1571 4220 1872 4273 soleamus?

301 4299 492 4370 Sicque
524 4310 700 4370 postea
730 4303 778 4355 in
808 4312 1019 4371 peccata
1048 4303 1247 4359 facilius
1268 4306 1508 4361 labimur.
1535 4307 1663 4361 Nam
1691 4309 1735 4362 si
1759 4310 1872 4362 illo-

301 4407 415 4445 rum
446 4394 696 4446 memoria
719 4394 855 4462 apud
884 4409 979 4447 nos
1010 4410 1218 4464 semper
1244 4396 1431 4465 vigeat,
1466 4407 1609 4451 metu
1638 4398 1869 4453 animam

301 4484 632 4553 exagitante,
664 4485 712 4537 in
764 4495 1006 4553 promptu
1033 4496 1113 4539 est
1164 4486 1277 4553 ejus
1304 4488 1576 4541 mollitiem
1626 4498 1681 4543 et
1719 4490 1867 4543 incu-

299 4574 429 4626 riam
457 4583 718 4628 excutere.
742 4572 890 4641 Quod
918 4576 960 4628 si
988 4574 1086 4630 hoc
1104 4574 1318 4629 frrenum
1343 4577 1703 4648 auferas,quis
1726 4579 1868 4634 illam

300 4676 479 4733 postea
508 4666 955 4733 cobibebit,cum
999 4669 1151 4736 pulso
1189 4680 1331 4723 metu
1375 4685 1433 4724 se
1478 4670 1528 4723 in
1578 4671 1869 4740 prwcipitia

297 4757 560 4826 conjiciet,
591 4769 644 4811 et
671 4758 720 4811 in
754 4760 998 4827 perniciei
1030 4759 1275 4813 barathra
1303 4760 1597 4816 delabetur.
1630 4763 1753 4818 ideo
1776 4764 1865 4831 ju-

295 4858 410 4901 stus
449 4849 535 4903 ille
569 4850 797 4903 futurum
840 4850 939 4904 sibi
986 4852 1299 4920 supplicium
1343 4853 1659 4923 depingebat
1688 4895 1705 4918 ,
1746 4856 1865 4911 ideo

297 4939 457 4993 llebat
484 4948 537 4993 et
564 4940 806 5009 gemebat
831 4958 842 4993 :
871 4949 1027 5009 atque
1054 4942 1131 4996 sic
1149 4958 1213 4997 ex
1232 4944 1515 4999 abundanti
1541 4961 1599 5001 se
1625 4948 1858 5017 gerebat.

304 5028 461 5083 Vobis
508 5044 636 5084 sane
675 5031 877 5100 magnis
918 5032 1045 5085 viris
1072 5032 1137 5087 ad
1177 5037 1635 5104 compunctionem
1670 5038 1863 5093 suflicit

360 5162 375 5191 ι
414 5159 583 5221 verba,
608 5159 826 5213 eaistimo
847 5162 975 5227 quia,
998 5165 1120 5226 apud
1142 5165 1269 5216 Coll).
1294 5166 1486 5219 desunt.

1154 376 1241 425 ma
1272 378 1804 438 CUMPUNCTIONE
1842 385 1932 439 AD
1961 384 2422 447 STELECIIIUM.
2463 394 2591 451 LIB.
2636 398 2700 453 ll.

3456 414 3563 469 422

1999 496 2266 552 recordari
2304 499 2677 560 beneficiorum
2704 507 2816 577 Dei,
2840 522 2981 571 recte
3007 517 3258 574 factorum
3285 522 3519 580 oblivisci
3546 567 3560 590 ,

2000 597 2243 642 accurate
2271 595 2490 649 scrutari
2520 612 2587 652 ne
2613 600 2738 668 quid
2766 604 2848 657 vel
2875 606 3145 663 minimum
3171 610 3348 666 delicti
3390 614 3561 668 admi-

2000 677 2173 731 seritis
2197 721 2210 743 ,
2241 697 2458 753 magnos
2483 689 2627 743 viros
2651 694 2739 761 qui
2777 695 3059 754 admodum
3089 702 3200 757 Deo
3224 705 3468 775 placuere
3495 708 3563 761 ob

1999 769 2180 823 oculos
2209 770 2401 829 habere
2431 794 2444 827 :
2472 789 2591 846 post
2617 780 2733 838 [nec
2753 787 2927 841 omnia
2950 769 3285 850 considerare
3310 797 3563 852 incertam

2000 854 2158 912 futuri
2189 863 2545 923 conditionem
2569 912 2582 935 ,
2615 876 2846 931 animum
2871 879 2939 934 ad
2971 881 3172 951 lapsum
3200 895 3252 940 et
3278 888 3343 941 ad
3378 903 3562 956 pecca-

1997 957 2107 1042 t_um
2126 954 2439 1019 proclivem:
2459 963 2597 1030 quod
2614 974 2667 1019 et
2681 966 2872 1024 Paulus
2893 975 3176 1042 metuebat,
3193 992 3310 1031 cum
3329 954 3557 1036 diceret:

2000 1037 2166 1141 Timeo
2192 1062 2253 1098 ne
2276 1048 2389 1101 aliis
2411 1053 2707 1125 praedicans,
2738 1060 2845 1123 ipse
2866 1064 3103 1133 reprobus
3130 1037 3311 1138 ejﬁciar
3335 1068 3409 1141 (1.
3439 1072 3536 1125 Cor

1996 1130 2200 1233 9:271;
2225 1145 2277 1233 et
2295 1178 2309 1202 ,
2340 1139 2440 1205 Qui
2476 1144 2667 1199 videtur
2703 1157 2851 1213 stare,
2875 1130 3034 1207 videat
3063 1172 3125 1209 ne
3154 1130 3303 1213 cadat
3339 1130 3415 1233 ξί.
3441 1160 3557 1216 Cor.

1995 1221 2081 1276 10.
2108 1222 2215 1296 12).
2230 1226 2317 1281 Sic
2340 1240 2393 1284 et
2413 1232 2573 1288 David
2595 1235 2707 1293 hzec
2722 1241 2895 1295 omnia
2913 1258 3088 1299 secum
3110 1221 3376 1305 volvebat:
3397 1251 3559 1307 bene-

1995 1315 2111 1370 ﬁcia
2140 1318 2331 1388 quippe
2352 1322 2441 1377 Dei
2458 1327 2708 1394 cogitans,
2733 1329 2969 1387 dicebat:
2992 1335 3126 1399 Quid
3148 1347 3219 1391 est
3238 1339 3404 1405 homo,
3428 1344 3559 1413 quod

1994 1424 2183 1463 memor
2202 1428 2253 1464 es
2269 1417 2395 1482 ejus,
2418 1426 2503 1469 aut
2532 1419 2667 1486 ﬁlius
2696 1422 2929 1493 hominis,
2959 1430 3193 1497 quoniam
3216 1431 3385 1486 visitas
3410 1437 3561 1488 eum?

1996 1497 2227 1554 Minuisti
2251 1519 2365 1556 eum
2396 1508 2548 1575 paulo
2582 1512 2745 1565 minus
2771 1514 2832 1568 ab
2865 1516 3097 1586 angelis:
3118 1519 3280 1590 gloria
3304 1532 3349 1575 et
3374 1524 3561 1579 honore

1994 1596 2242 1647 coronasti
2292 1611 2406 1650 eum
2453 1598 2646 1670 (Psal.
2685 1602 2738 1658 8.
2785 1605 2837 1660 5.
2867 1608 2960 1680 6).
2992 1610 3066 1663 Ita
3119 1627 3245 1667 vero
3288 1624 3429 1670 recte
3474 1618 3553 1671 fa-

1993 1697 2195 1743 ctorum
2224 1691 2417 1747 oblitus
2443 1704 2584 1759 erat,
2612 1706 2672 1750 ut
2702 1709 2974 1770 postquam
3011 1704 3290 1761 innumera
3327 1707 3559 1777 philoso-

1992 1779 2131 1849 phiae
2153 1784 2392 1852 exempla
2417 1786 2653 1855 dederat,
2677 1790 2876 1847 diceret
2902 1808 2916 1845 :
2942 1793 3067 1858 Quis
3084 1813 3196 1851 sum
3210 1815 3321 1868 ego,
3344 1798 3559 1857 Domine

1992 1874 2081 1938 mi,
2107 1872 2339 1943 Domine,
2367 1888 2547 1948 etquae
2573 1882 2749 1937 domus
2773 1886 2928 1954 patris
2951 1889 3067 1954 mei,
3093 1889 3209 1958 quia
3237 1891 3456 1945 dilexisti
3479 1910 3558 1946 me

1992 1984 2049 2021 eo
2077 1971 2270 2039 usque?
2297 1981 2343 2025 et
2368 1989 2521 2041 parva
2549 1977 2655 2029 visa
2672 1987 2788 2031 sunt
2814 1978 2919 2032 Iiwc
2947 1980 2999 2033 in
3023 1992 3286 2050 conspectu
3315 1992 3416 2049 tuo,
3445 1984 3556 2038 Do-

1991 2059 2121 2112 mine
2143 2062 2246 2114 mi:
2265 2069 2308 2113 et
2329 2061 2521 2117 locutus
2541 2081 2591 2119 es
2613 2083 2702 2134 pro
2721 2067 2869 2122 domo
2892 2071 3017 2124 servi
3038 2072 3111 2125 tui
3134 2072 3186 2126 in
3210 2074 3552 2144 longinquum.

1992 2146 2118 2201 Herc
2146 2160 2217 2203 est
2245 2152 2375 2205 enim
2400 2153 2481 2207 lea:
2507 2155 2739 2221 hominis,
2769 2157 2982 2213 Domine
3002 2161 3088 2226 mi,
3113 2161 3325 2217 Domine
3348 2205 3362 2229 ,
3394 2164 3461 2217 ad
3486 2174 3552 2218 te.

1989 2237 2059 2292 Et
2076 2240 2198 2308 quid
2216 2241 2361 2295 addet
2382 2242 2545 2298 David
2557 2246 2721 2299 adhuc
2739 2247 2872 2318 loqui
2899 2251 2964 2303 ad
2981 2260 3026 2304 te
3040 2250 3114 2322 (2.
3129 2251 3256 2321 Reg.
3274 2255 3327 2307 7.
3347 2254 3555 2323 18-20)?

1989 2328 2058 2385 Et
2082 2346 2199 2386 cum
2225 2335 2480 2403 majorum
2499 2351 2713 2392 suorum
2737 2341 2981 2396 virtutem
3008 2343 3284 2411 recoleret,
3307 2361 3425 2401 sese
3450 2348 3555 2403 illis

1987 2438 2320 2494 comparans,
2339 2429 2468 2482 nihil
2495 2430 2768 2499 reputabat
2792 2446 2928 2488 esse.
2952 2434 3080 2489 Nam
3108 2446 3379 2507 postquam
3402 2439 3553 2493 dixcc

1988 2527 2106 2582 rat,
2137 2515 2203 2571 In
2230 2529 2276 2572 te
2302 2532 2622 2590 speraverant
2661 2533 2825 2592 patres
2864 2527 3021 2579 nostri
3047 2525 3218 2596 (Psal.
3248 2527 3337 2583 21.
3366 2531 3456 2601 6),
3484 2530 3552 2587 de

1987 2610 2162 2680 seipse
2192 2612 2411 2681 loquens
2448 2614 2621 2669 intulit
2650 2634 2663 2668 :
2697 2615 2808 2687 Ego
2833 2629 2999 2671 autem
3022 2635 3132 2672 sum
3170 2622 3347 2675 vermis
3376 2632 3420 2675 et
3450 2639 3551 2676 non

1987 2703 2155 2756 homo.
2184 2702 2440 2759 Incertam
2470 2722 2594 2761 vero
2622 2707 2781 2762 futuri
2811 2710 3164 2765 conditionem
3192 2712 3261 2766 ita
3286 2729 3396 2784 pra:
3420 2729 3551 2769 ocu-

1985 2794 2051 2848 lis
2076 2794 2252 2849 habuit
2280 2838 2294 2860 ,
2326 2805 2385 2851 ut
2421 2797 2619 2853 diceret
2651 2816 2664 2852 :
2695 2798 2936 2853 Illumina
2966 2802 3136 2855 oculos
3162 2819 3316 2870 meos,
3344 2820 3407 2857 ne
3441 2821 3537 2857 um-

1984 2900 2134 2951 quam
2172 2884 2483 2941 obdormiam
2523 2888 2577 2941 in
2617 2899 2774 2943 morte
2802 2889 2970 2959 (Psal.
3021 2891 3104 2947 12.
3146 2892 3225 2962 4).
3253 2894 3425 2963 Seque
3476 2904 3549 2951 tot

1984 2987 2317 3045 peccatorum
2360 2996 2509 3034 reum
2554 2981 2942 3048 arbitrabatur,
2986 2992 3045 3037 ut
3084 2985 3161 3039 sic
3198 2984 3501 3055 loqueretur
3532 3006 3545 3040 :

1982 3066 2241 3138 Propitius
2265 3080 2368 3124 esto
2398 3081 2598 3135 peccato
2627 3089 2755 3139 meo,
2780 3074 2993 3127 multum
3012 3085 3083 3129 est
3100 3076 3228 3129 enim
3251 3075 3421 3147 (Psal.
3455 3077 3546 3133 24.

1985 3159 2043 3213 11
2072 3159 2112 3228 ).
2145 3160 2308 3215 Vobis
2346 3162 2521 3232 itaque
2559 3163 2764 3234 magnis
2792 3165 2906 3220 haec
2930 3167 3059 3220 satis
3085 3177 3206 3222 sunt
3234 3184 3247 3220 :
3278 3169 3427 3223 nobis
3452 3183 3547 3221 au-

1982 3258 2088 3304 tem
2117 3265 2235 3305 cum
2266 3260 2342 3305 tot
2370 3252 2615 3307 remediis
2638 3257 2925 3309 necessitas
2953 3267 3195 3325 superest
3216 3256 3409 3323 valida,
3429 3272 3549 3327 quae

1982 3343 2148 3412 possit
2185 3344 2483 3413 superbiam
2525 3355 2578 3400 et
2619 3346 2972 3416 arrogantiam
3010 3361 3220 3402 omnem
3263 3348 3328 3402 de
3373 3347 3547 3402 medio

1981 3433 2185 3488 tollere.
2217 3435 2392 3504 Ecqua
2436 3435 2524 3489 illa
2563 3436 2681 3491 est?
2707 3437 3049 3491 Peccatorum
3077 3436 3354 3493 multitudo
3373 3480 3387 3507 ,
3416 3453 3547 3493 con-

1980 3526 2197 3581 scientia
2244 3528 2381 3581 mala
2404 3567 2420 3593 ,
2444 3543 2561 3598 qua:
2596 3538 2870 3597 postquam
2898 3544 2995 3585 nos
3033 3531 3306 3599 occupavit
3324 3572 3338 3594 ,
3364 3546 3430 3586 ne
3454 3547 3548 3585 vo-

1980 3618 2150 3673 lentes
2171 3618 2382 3688 quidem
2408 3620 2529 3674 sinit
2568 3619 2632 3673 ad
2658 3619 2899 3674 sublimia
2936 3619 3084 3690 erigi.
3115 3620 3288 3687 Quare
3324 3621 3545 3675 obsecro

1979 3716 2035 3763 et
2059 3722 2186 3779 rogo
2212 3724 2305 3778 per
2335 3709 2578 3763 fiduciam
2608 3708 2750 3763 illam
2775 3749 2790 3774 ,
2816 3725 2973 3780 quam
3002 3724 3070 3765 ex
3104 3711 3257 3766 bonis
3295 3712 3544 3781 operibus

1979 3800 2119 3870 apud
2146 3802 2308 3855 Deum
2338 3801 2681 3871 acquisivisti,
2705 3803 2859 3857 nobis
2883 3800 3185 3872 frequenter
3208 3803 3543 3871 precantibus

1978 3906 2190 3946 manum
2233 3892 2471 3963 porrigas
2495 3935 2509 3959 ,
2539 3908 2645 3963 quo
2681 3893 2945 3963 possimus
2974 3902 3237 3947 tantorum
3284 3894 3541 3947 malorum

1977 3985 2236 4038 sarcinam
2278 3999 2373 4053 pro
2402 3985 2589 4039 merito
2612 3984 2892 4053 deplorare
2912 4024 2927 4050 ,
2957 3991 3012 4039 et
3036 3992 3154 4053 post
3181 3983 3377 4037 luctum
3403 3984 3542 4039 viam

1976 4074 2258 4145 quamdam
2301 4075 2522 4128 amicam
2549 4085 2602 4130 et
2629 4074 2696 4129 ad
2722 4075 2906 4129 caelum
2946 4089 3043 4129 nos
3075 4074 3354 4130 ducentem
3396 4086 3543 4127 asse-

1976 4166 2063 4234 qui
2089 4206 2103 4230 ,
2127 4179 2194 4218 ne
2232 4165 2282 4217 in
2322 4165 2583 4218 infernum
2622 4164 2853 4231 deducti,
2882 4164 2968 4219 ubi
2994 4180 3150 4219 nemo
3177 4163 3415 4219 confiteri
3445 4179 3540 4233 po-

1977 4262 2098 4317 test,
2128 4268 2189 4308 ea
2217 4254 2496 4322 patiamur,
2521 4269 2639 4323 quae
2668 4256 2934 4323 patiuntur
2956 4254 3186 4323 reprobi,
3210 4254 3419 4308 nemine
3439 4268 3536 4308 nos

1974 4344 2225 4413 deinceps
2249 4346 2504 4413 eripiente
2529 4343 2697 4414 (Psal.
2721 4340 2808 4396 49.
2829 4340 2938 4410 22.)
2961 4338 3137 4396 Donec
3161 4346 3301 4399 enim
3326 4344 3414 4399 hic
3432 4345 3537 4398 eri-

1974 4451 2091 4490 mus
2113 4478 2127 4503 ,
2157 4445 2209 4489 et
2234 4452 2330 4490 nos
2360 4451 2391 4489 a
2418 4434 2567 4490 vobis
2610 4449 2851 4504 magnum
2890 4434 3160 4503 percipere
3186 4432 3409 4488 fructum
3439 4448 3535 4501 po-

1974 4526 2193 4580 terimus
2218 4567 2238 4593 ,
2266 4535 2320 4581 et
2368 4541 2465 4580 vos
2502 4525 2654 4579 nobis
2696 4523 2951 4579 beneficia
3005 4522 3251 4579 conferre
3303 4524 3533 4577 maxima

1972 4616 2233 4670 valebitis.
2285 4616 2418 4670 Cum
2468 4623 2644 4669 autem
2689 4614 2781 4669 illo
2829 4614 3239 4680 advenerimus,
3294 4613 3381 4667 ubi
3436 4628 3536 4666 nec

1969 4710 2193 4774 amicus,
2221 4724 2318 4762 nec
2344 4707 2525 4773 frater,
2552 4721 2650 4762 nec
2676 4716 2823 4776 pater
2839 4707 3028 4776 juvare
3051 4712 3331 4775 poterunt,
3362 4720 3533 4774 neque

1970 4801 2121 4856 nobis
2146 4816 2332 4872 pinnas
2376 4801 2618 4855 dantibus
2668 4798 2874 4863 adesse,
2920 4812 3137 4853 necesse
3186 4797 3397 4851 demum
3432 4796 3535 4849 erit

1968 4893 2021 4947 in
2065 4893 2327 4947 anxietate
2364 4900 2418 4946 et
2456 4891 2636 4946 densis
2659 4889 2925 4956 tenebris,
2950 4887 3122 4943 omnis
3162 4888 3533 4943 consolationis

1967 4992 2218 5052 expertes
2255 4981 2554 5036 immortale
2592 4980 2905 5051 supplicium
2949 4980 3095 5034 luere
3118 5020 3133 5044 ,
3164 4978 3336 5033 omnia
3366 4976 3531 5031 devo-

1966 5075 2130 5128 rantis
2159 5072 2383 5129 ﬂamma:
2418 5087 2592 5129 escam
2633 5085 2916 5141 numquam
2957 5068 3364 5136 consumendam
3403 5065 3531 5123 efre-

1972 5176 2105 5219 ClOS.
