4116 6392
541 402 644 457 L25

1253 391 1311 447 S.
1347 385 1628 447 ⁷ΙΟΑΝΝΙΞ
1667 377 2147 440 CHRYSOSTOMI
2188 373 2507 433 ARCIIIEP.
2546 367 3093 430 CONSTANTINOP.

3663 365 3769 422 494

1173 1112 1255 1172 ΙΝ
1290 1106 1569 1170 LIBROS
1604 1106 1711 1167 AD
1755 1100 2192 1164 STAGIRIUM
2225 1101 2272 1163 A
2319 1096 2681 1159 DIEMONE
2718 1093 3116 1156 VEXATUM

616 1479 792 1536 Hosce
810 1476 977 1532 libros
1005 1464 1477 1544 Chrysostomum,
1506 1478 1633 1520 cum
1661 1462 1927 1518 diaconus
1946 1470 2112 1523 esset,

547 1587 784 1646 edidisse
832 1583 1085 1638 Socrates
1126 1578 1223 1645 ait,
1255 1575 1350 1631 lib.
1381 1591 1459 1640 vi,
1497 1590 1546 1631 c.
1575 1572 1610 1627 '5
1631 1613 1646 1639 ,
1677 1568 1925 1624 videlicet
1969 1571 2118 1635 post-

548 1709 713 1766 quam
734 1690 960 1747 adversa
989 1684 1297 1742 valetudine
1318 1681 1594 1747 laborans,
1623 1694 1690 1736 ex
1722 1690 1939 1734 secessu
1962 1687 2119 1726 mon-

551 1802 690 1856 tium
745 1798 801 1854 iu
854 1795 1043 1852 urbem
1089 1790 1266 1848 redire
1306 1798 1529 1845 coactus
1564 1794 1668 1853 est,
1722 1782 1868 1855 quod
1924 1776 2123 1861 accidit

553 1922 700 1964 anno
726 1902 854 1969 580,
890 1911 950 1958 ut
981 1898 1230 1972 pluribus
1262 1896 1317 1952 in
1357 1895 1478 1950 Vita
1506 1893 1680 1949 sancti
1720 1887 1961 1947 doctoris
1989 1899 2119 1940 nar-

553 2022 727 2067 ratur.
761 2007 861 2064 Hic
908 2014 1089 2061 autem
1131 2003 1306 2059 obiter
1353 2012 1663 2063 monemus,
1706 1995 1946 2057 titulum,
1977 1992 2121 2064 Πρὸς

551 2110 886 2182 Σταγείρων,
918 2120 1197 2178 perperam
1240 2102 1376 2159 verti
1402 2102 1470 2157 ab
1510 2100 1575 2156 li.
1607 2099 1843 2164 Valesio,
1881 2095 2122 2151 Socratis

554 2219 866 2288 interprete,
897 2212 1157 2266 Adversus
1202 2209 1518 2279 Stagirium.
1552 2204 1667 2260 Etsi
1704 2218 1833 2258 vero
1872 2199 2123 2257 Socrates

553 2323 613 2379 in
663 2322 731 2377 iis
778 2318 1014 2376 maxime
1063 2331 1186 2386 quae
1229 2314 1295 2369 ad
1343 2312 1789 2382 Chrysostomum
1830 2306 2121 2378 pertinent,

553 2429 872 2498 frequenter
913 2422 1181 2480 calculum
1236 2419 1376 2475 male
1430 2425 1618 2488 ponat,
1681 2414 1768 2470 hic
1805 2421 2010 2477 tamen,
2064 2410 2123 2465 in

551 2536 678 2607 ipso
711 2533 837 2588 libri
872 2530 1078 2596 limine,
1128 2526 1340 2583 videtur
1379 2524 1459 2579 illi
1500 2521 1926 2593 Chrysostomus
1990 2516 2120 2573 asti-

553 2642 732 2713 pulari
758 2658 773 2695 :
808 2639 1148 2709 Oportuerat,
1177 2633 1373 2703 inquit,
1402 2647 1496 2685 nos
1522 2629 1614 2683 tibi
1647 2641 1785 2682 nunc
1819 2624 2021 2690 adesse,
2049 2630 2128 2676 at-

552 2761 653 2817 que
680 2747 736 2799 in
774 2755 1130 2799 aerumnarum
1168 2747 1381 2790 tuarum
1424 2734 1744 2788 consortium
1782 2729 2027 2796 transire,
2060 2743 2124 2782 ac

551 2850 719 2907 verbis
751 2845 1099 2911 exhortando,
1136 2857 1287 2914 opere
1312 2838 1567 2911 juvando,
1602 2845 1892 2901 cunctaque
1919 2832 2125 2904 reliqua

552 2974 650 3030 pro
688 2954 833 3012 uirili
878 2962 1060 3008 nostra
1103 2958 1253 3022 parte
1286 2945 1558 3017 inferendo
1606 2943 1873 3014 obsequia.
1919 2948 2124 3011 partem

556 3064 794 3134 aliquam
841 3059 1004 3114 lenire
1041 3055 1277 3111 maroris
1301 3070 1320 3107 :
1344 3052 1593 3124 quoniam
1641 3065 1757 3103 vero
1796 3056 1847 3102 et
1883 3046 2124 3116 corporis

554 3169 698 3224 mala
725 3164 986 3229 ualetudo,
1029 3172 1079 3217 et
1121 3163 1351 3215 invectus
1395 3160 1453 3212 in
1498 3169 1654 3225 caput
1692 3165 1931 3209 nostrum
1952 3151 2123 3218 dolor,

556 3273 699 3327 domi
737 3287 829 3325 nos
852 3284 1059 3323 manere
1089 3265 1623 3336 compuleruntmlmt
1651 3260 1830 3333 μένειν
1858 3257 2128 3329 κατηνάγ-

557 3392 755 3442 κασαν,
785 3373 1036 3444 nobisque
1062 3370 1196 3424 tanti
1220 3367 1357 3422 lucri
1382 3366 1732 3421 ministerium
1762 3361 2127 3424 abstulerunt;

552 3484 670 3557 jam
707 3481 844 3554 quod
875 3479 1131 3550 reliquum
1163 3485 1240 3530 est
1279 3490 1373 3544 pro
1399 3470 1758 3525 consolatione
1798 3477 1912 3529 tua,
1947 3474 1999 3520 et
2031 3479 2127 3535 pro

558 3587 790 3643 utilitate
820 3595 1023 3647 nostra,
1056 3581 1171 3646 hoc,
1213 3588 1271 3632 ut
1301 3575 1530 3648 facultas
1564 3584 1745 3628 nostra
1790 3572 1939 3642 feret,
1963 3570 2123 3624 indu-

559 3708 674 3747 cere
702 3707 803 3745 non
828 3688 1166 3759 negligemus.
1213 3681 1309 3738 llis
1354 3680 1650 3750 alloquitur
1692 3676 1986 3747 Stagirium
2013 3674 2126 3728 An-

560 3794 777 3850 tiochiae
812 3804 942 3846 tunc
983 3789 1264 3860 degentem
1294 3803 1309 3839 :
1334 3784 1575 3853 dumque
1616 3782 1693 3836 ait
1736 3794 1795 3835 se
1835 3778 1980 3834 domi
2012 3792 2127 3831 ma-

558 3913 690 3953 nere
735 3904 981 3952 coactum
1026 3893 1095 3949 ab
1138 3889 1453 3946 inﬁrmitate
1508 3885 1770 3957 corporis,
1828 3897 1929 3938 nec
1966 3896 2127 3955 posse

563 4001 862 4070 Stagirium
894 3997 1064 4063 adire,
1090 3993 1397 4052 subindicat
1437 4007 1496 4048 se
1523 3991 1709 4047 eadem
1736 3990 1791 4043 in
1816 3986 1952 4043 urbe
1970 4001 2119 4042 com-

561 4105 802 4173 morari;
838 4118 962 4159 nam
991 4102 1038 4159 si
1073 4113 1201 4158 tunc
1228 4102 1281 4155 in
1323 4100 1539 4155 deserto
1579 4106 1633 4152 et
1666 4096 1719 4150 in
1743 4093 2009 4149 montium
2040 4107 2125 4148 re-

564 4211 814 4271 cessibus
837 4209 1094 4283 degisset,
1135 4209 1237 4264 hoc
1273 4208 1471 4277 ipsum,
1521 4212 1578 4259 ut
1616 4201 1851 4269 videtur,
1878 4199 2124 4256 dicturus

2219 1474 2327 1515 non
2349 1464 2485 1514 erat.
2513 1457 2570 1513 Si
2595 1458 2735 1512 hanc
2763 1456 3022 1527 temporis
3052 1464 3237 1512 notam
3264 1472 3580 1528 sequamur,
3608 1461 3782 1520 libros

2218 1564 2287 1618 ad
2335 1562 2631 1634 Stagirium
2677 1564 2957 1635 scripserit
3007 1580 3150 1621 anno
3186 1565 3291 1620 380
3334 1567 3417 1622 vel
3459 1567 3585 1633 381,
3631 1583 3784 1640 post-

2217 1684 2381 1739 quam
2410 1683 2477 1723 ex
2507 1668 2770 1739 asperiori
2808 1669 2934 1723 vita:
2972 1683 3186 1741 genere,
3213 1670 3360 1741 quod
3389 1671 3599 1730 duobus
3622 1675 3785 1731 annis

2220 1776 2275 1831 in
2306 1775 2560 1847 spelunca
2587 1784 2849 1848 gesserat,
2880 1776 2935 1830 in
2966 1776 3213 1846 corporis
3238 1778 3605 1836 inﬁrmitatem
3631 1776 3787 1838 dela-

2220 1896 2372 1953 psus,
2398 1881 2453 1935 in
2468 1882 2654 1937 urbem
2677 1880 2852 1936 redire
2870 1890 3090 1937 coactus
3106 1888 3190 1937 est
3214 1880 3317 1936 sub
3330 1882 3487 1937 ﬁnem
3511 1885 3638 1938 anni
3656 1884 3785 1952 580,

2221 1985 2315 2040 ubi
2370 1986 2583 2041 tantillo
2624 1985 2811 2056 elapso
2842 1995 3085 2055 tempore
3130 1986 3395 2044 diaconus
3434 1990 3716 2047 ordinatur
3753 2008 3786 2047 a

2222 2091 2453 2146 Meletio.

2292 2193 2570 2250 Obnititur
2602 2192 3002 2260 Tillemontius,
3032 2203 3086 2250 et
3119 2210 3186 2250 ex
3207 2195 3578 2269 Chrysostomi
3613 2198 3789 2253 verbis

2223 2297 2389 2354 infert
2438 2299 2636 2369 ipsum,
2704 2299 3021 2369 priusquam
3063 2314 3132 2355 ex
3175 2301 3451 2356 montibus
3501 2302 3553 2354 in
3597 2302 3787 2357 urbem

2222 2403 2443 2468 rediret,
2502 2403 2601 2459 hos
2644 2398 2929 2474 scripsisse
2974 2403 3163 2460 libros.
3219 2402 3378 2472 Nam,
3433 2406 3626 2477 inquit,
3674 2407 3788 2462 haec

2223 2509 2592 2584 Chrysostomi
2642 2512 2842 2566 verba:
2875 2509 3045 2565 Tanta
3079 2511 3217 2565 enim
3264 2510 3426 2564 audio
3478 2512 3571 2564 tibi
3612 2528 3789 2567 acces-

2225 2618 2356 2675 sisse
2384 2618 2596 2689 pietatis
2624 2611 2979 2683 incrementa;
3018 2614 3174 2689 [154]
3206 2617 3333 2672 item
3362 2617 3490 2673 illud
3521 2634 3533 2671 :
3569 2617 3789 2689 καὶγὰρ

2226 2722 2337 2777 τῶν
2376 2724 2583 2778 ἐκεῖθεν
2608 2724 2917 2794 ἐρχομένων
2965 2723 3150 2777 ἀκούω
3189 2722 3554 2795 διηγουμένων
3583 2724 3662 2778 ὅτι
3708 2741 3791 2779 σοι

2228 2830 2336 2893 πᾶς
2356 2832 2384 2884 ὁ
2411 2830 2599 2900 καιρὸς
2623 2831 2703 2892 εἰς
2730 2828 2895 2900 εὐχὰς
2928 2829 3022 2883 καὶ
3044 2829 3257 2901 δάκρυα.
3284 2829 3628 2884 ἀναλίσκεται
3653 2846 3668 2882 :
3702 2847 3790 2885 au-

2227 2935 2318 2989 dio
2343 2950 2408 2990 ex
2433 2936 2499 2989 tis
2522 2936 2612 3004 qui
2640 2935 2832 2990 istltinc
2865 2935 3169 2999 adveniunt,
3209 2934 3305 2989 tibi
3333 2951 3482 2989 omne
3509 2945 3709 3004 tempus
3734 2936 3792 2990 in

2228 3038 2477 3110 lacrymis
2501 3041 2863 3112 perpetuisque
2884 3040 3211 3095 orationibus
3241 3041 3478 3095 consumi
3498 3058 3518 3106 ;
3565 3042 3791 3095 iterum-

2225 3145 2730 3217 que,plurimosque
2771 3144 2876 3211 hic,
2912 3146 3040 3201 dum
3086 3155 3179 3199 tua
3220 3155 3497 3199 narrarent
3526 3146 3792 3210 instituta,

2226 3260 2642 3320 campana-erunt
2661 3267 2681 3316 ;
2703 3250 2839 3314 haec,
2869 3250 3048 3321 inquit
3088 3248 3198 3317 ille,
3234 3265 3342 3304 non
3366 3258 3493 3304 sunt
3519 3249 3663 3305 dicta
3695 3249 3793 3305 ho-

2227 3354 2390 3409 minis
2441 3355 2630 3410 eadcm
2676 3354 2731 3409 in
2773 3353 2907 3410 urbe
2952 3354 3361 3411 commorantis.
3415 3351 3568 3408 Unde
3632 3353 3796 3411 infert

2228 3458 2524 3530 Stagirium
2552 3458 2771 3530 quidem
2800 3458 3100 3514 Antiochiae
3121 3457 3311 3521 fuisse,
3345 3455 3797 3528 Chrysostomum

2227 3581 2356 3621 vero
2377 3566 2431 3621 in
2460 3565 2727 3620 montium
2757 3564 3147 3630 secessu,unde
3171 3563 3333 3634 paulo
3359 3572 3503 3635 post,
3540 3578 3797 3633 premen-

2229 3671 2373 3727 tibus
2399 3670 2677 3741 corporeis
2699 3669 3126 3739 inﬁrmitatibus,
3161 3672 3217 3725 in
3241 3670 3428 3727 urbem
3454 3670 3631 3726 redire
3650 3684 3797 3726 com-

2226 3774 2417 3845 pulsus
2450 3784 2553 3830 est.

2299 3878 2424 3935 Haec
2449 3894 2613 3950 porro
2636 3888 2953 3950 argumenta
2974 3894 3083 3935 non
3117 3878 3250 3934 tanti
3278 3880 3537 3934 momenti
3558 3893 3679 3935 csse
3705 3879 3776 3933 vi-

2227 3984 2445 4052 dentur,
2482 3994 2542 4040 ut
2577 3999 2676 4040 nos
2713 3999 2747 4038 a
2785 3985 2965 4054 priore
3000 3984 3270 4041 sententia
3316 3984 3623 4040 abducant:
3664 3984 3795 4039 nam

2227 4104 2349 4160 quae
2380 4086 2634 4158 superius
2671 4102 2737 4142 ex
2780 4086 3171 4157 Cbrysostomo
3212 4087 3536 4152 aﬂ'eruntur,
3591 4087 3798 4156 optime

2225 4204 2459 4267 possunt
2478 4196 2749 4266 quadrare
2778 4195 2847 4250 ad
2888 4194 3167 4251 hominem
3211 4194 3267 4249 in
3291 4194 3480 4250 eadem
3510 4192 3796 4263 degentem

909 4872 1540 4997 EJUSDEM
1657 4874 2198 4989 ORATIO
2302 4867 3425 4986 ADHORTATORIA

1311 5121 1401 5178 AD
1440 5119 1815 5179 STAGIRIUM
1855 5119 2177 5178 ASCETAM
2220 5120 2265 5175 A
2305 5117 2638 5175 ΒᾸΞΜΟΝΙΟ
2671 5116 3032 5175 VEXATUM.

1685 5301 2042 5389 LIBER
2130 5280 2669 5389 PRIMUS'.

630 5452 686 5532 i.
700 5473 1028 5548 Oportuerat
1041 5477 1277 5549 quidem,
1296 5492 1330 5532 ο
1341 5474 1625 5531 carissime
1639 5475 1882 5530 omnium
1904 5473 2126 5543 Stagiri,

561 5580 665 5628 nos
692 5567 789 5621 tibi
816 5581 963 5622 nunc
994 5567 1207 5633 adesse,
1238 5577 1401 5636 atque
1433 5567 1487 5621 in
1516 5579 1885 5621 aerumnarum
1908 5574 2124 5618 tuarum

624 5697 640 5727 ¹
662 5694 861 5759 Titulus
878 5693 948 5745 sic
967 5696 1117 5746 habet
1140 5694 1189 5746 in
1206 5698 1391 5756 ‘Savil,
1418 5695 1742 5759 Chrysostomi
1765 5696 1829 5745 ad
1853 5694 2120 5757 Stagirinm

563 5769 595 5808 ο
632 5758 848 5811 dammae
882 5766 1123 5823 vexatum,
1167 5758 1729 5813 consolatorius’Sermo
1770 5759 1807 5809 l.
1848 5760 1901 5810 ln
1927 5759 2119 5819 Morel.,

2234 5474 2567 5529 consortium
2588 5472 2840 5537 transire,
2864 5478 2919 5527 et
2934 5470 3372 5541 operejuvando,
3389 5469 3568 5524 verbis
3597 5465 3798 5522 exhor-

2233 5563 2417 5627 tando,
2447 5569 2751 5632 cunctaque
2784 5561 2994 5631 reliqua
3018 5575 3118 5630 pro
3150 5558 3288 5613 virili
3325 5567 3507 5613 nostra
3531 5565 3685 5625 parte
3716 5555 3796 5607 in-

2233 5694 2463 5760 Ejusdem
2487 5692 2847 5761 adhortatorius
2875 5696 2939 5747 ad
2976 5691 3242 5761 Stagirium
3266 5699 3475 5746 ascetant
3508 5701 3539 5740 a
3566 5690 3793 5742 dwmous

2232 5765 2455 5809 uexatum
2486 5763 2654 5808 Sermo
2682 5759 2713 5807 l.
