4116 6392
351 278 455 333 423

1216 278 1306 333 AD
1348 276 1720 334 STAGIRIUM
1758 278 1803 333 A
1840 275 2148 335 ΒᾹΞΜΟΝΕ
2186 274 2521 336 VEXATUM
2560 279 2687 335 LIB.
2729 280 2770 335 Ι.

3485 283 3591 341 424

357 596 3563 639 W

1728 999 2219 1067 ADMONITIO.

357 1343 511 1407 urbe,
555 1339 854 1411 praesertim
904 1348 1068 1398 tanta:
1100 1341 1512 1413 amplitudimis,
1551 1354 1766 1416 quanta:
1804 1356 1924 1403 erat

356 1446 639 1502 Antiochia
665 1460 788 1500 cum
831 1445 1129 1501 suburbiis.
1167 1445 1248 1501 Ad
1295 1448 1409 1503 haec
1448 1450 1607 1506 annis
1631 1453 1924 1519 postremis

355 1551 570 1605 duobus
594 1564 843 1605 secessus
892 1550 1001 1613 sui,
1054 1549 1305 1607 videlicet
1347 1553 1454 1609 '579
1494 1563 1548 1609 et
1571 1555 1699 1623 580,
1721 1559 1925 1629 quibus

356 1649 653 1704 secundum
675 1646 1003 1703 Tillemontii
1049 1648 1318 1705 calculum
1360 1653 1457 1706 hos
1504 1653 1676 1710 libros
1704 1656 1925 1728 scripsit

354 1754 799 1825 Chrysostomus,
831 1754 886 1807 in
912 1754 1169 1824 spelunca
1208 1755 1297 1810 ille
1335 1756 1484 1815 solus
1522 1758 1773 1830 degebat,
1803 1762 1925 1832 τρὶς

353 1859 496 1914 ὀκτὼ
518 1861 713 1932 μῆνας,
741 1870 818 1915 ter
849 1872 964 1916 octo
1007 1861 1292 1926 mensibus,
1340 1870 1397 1917 ut
1419 1863 1498 1919 ait
1528 1862 1826 1931 Palladius,
1868 1867 1924 1923 id

354 1973 460 2030 est,
485 1965 701 2019 duobus
733 1966 915 2030 annis,
962 1979 1029 2019 ex
1074 1980 1180 2035 qua
1217 1966 1475 2036 spelunca
1521 1969 1591 2024 ob
1639 1971 1922 2026 adversam

355 2071 599 2143 corporis
624 2069 984 2125 valetudinem
1009 2069 1061 2122 in
1087 2069 1274 2124 urbem
1297 2071 1473 2126 redire
1493 2075 1810 2143 compulsus
1842 2086 1928 2132 est

356 2181 460 2238 sub
493 2179 653 2233 finem
688 2176 814 2231 anni
844 2174 968 2229 580.
1001 2175 1083 2229 An
1118 2190 1246 2230 vero
1279 2175 1334 2229 in
1364 2177 1621 2245 spelunca
1644 2180 1791 2235 solus
1815 2180 1926 2236 de-

356 2298 488 2352 gens
509 2281 712 2335 diceret
732 2293 790 2333 se
814 2277 1063 2348 corporis
1103 2277 1419 2334 infirmitate
1450 2279 1623 2345 domi,
1644 2284 1803 2349 οῖκοι,
1832 2284 1926 2339 de-

359 2395 566 2441 tentum
595 2398 703 2437 non
747 2397 905 2452 posse
945 2381 1238 2450 Stagirium
1276 2383 1463 2438 adire?
1499 2384 1604 2451 An,
1648 2387 1838 2443 eadem
1870 2389 1925 2443 in

357 2489 614 2559 spelunca
636 2486 1105 2551 inclusus,tantam
1138 2485 1545 2542 adventantium
1565 2488 1926 2560 frequentiam

354 2593 650 2663 exciperet,
676 2600 937 2660 quantam
967 2589 1209 2645 indicant
1243 2590 1363 2646 loca
1412 2592 1529 2662 ipsa
1574 2610 1605 2648 a
1635 2593 1926 2650 Tillemon-

358 2700 434 2753 tio
462 2696 660 2752 allata?
687 2694 812 2751 Haec
836 2696 1136 2766 prtesertim
1178 2712 1266 2751 me
1312 2708 1532 2753 movent
1560 2709 1620 2753 ut
1644 2699 1924 2756 Socratem

359 2817 577 2871 sequar,
609 2808 662 2855 et
691 2800 855 2854 hosce
887 2798 1054 2854 libros
1083 2797 1313 2853 referam
1344 2799 1399 2853 in
1433 2816 1634 2856 annum
1660 2804 1786 2868 581,
1818 2821 1927 2874 quo

360 2910 602 2972 ineunte,
636 2915 695 2960 ut
717 2915 991 2976 putamus,
1037 2920 1069 2958 a
1114 2904 1327 2960 Meletio
1359 2905 1621 2962 diaconus
1648 2909 1929 2965 ordinatus

360 3017 443 3063 est
469 3008 913 3078 Chrysostomus.
957 3004 1083 3061 Haec
1120 3006 1187 3061 de
1236 3015 1480 3077 tempore
1510 3024 1525 3062 :
1551 3020 1930 3081 argumentum

362 3120 543 3165 autem
576 3109 885 3179 bujusmodi
905 3117 1006 3164 est.

432 3214 722 3284 Stagirius,
761 3213 929 3267 nobili
966 3213 1085 3267 loco
1127 3223 1311 3277 natus,
1357 3229 1387 3267 a
1432 3214 1632 3270 teneris
1678 3216 1733 3269 in
1780 3216 1933 3272 Chri-

363 3321 540 3372 stiana
557 3317 660 3373 fide
674 3318 958 3380 educatus,
977 3316 1245 3386 principio
1269 3316 1486 3385 quidem
1508 3320 1740 3374 terrenis
1764 3321 1928 3376 rebus

375 3424 623 3477 addictus
647 3430 797 3488 erat;
834 3421 926 3475 sed
962 3421 1109 3475 brevi
1142 3430 1327 3490 postea
1362 3420 1628 3476 abdicatis
1655 3422 1932 3478 facultati-

363 3528 468 3582 bus
522 3526 817 3596 mundique
863 3525 1094 3590 deliciis,
1143 3525 1309 3578 vitam
1358 3527 1737 3595 monasticam,
1764 3530 1934 3584 invito

362 3634 488 3688 licet
514 3634 918 3701 reluctanteque
941 3640 1110 3703 patre,
1135 3632 1416 3702 amplexus
1428 3641 1529 3688 est.
1561 3631 1720 3689 Initio
1751 3644 1933 3695 tamen

366 3755 473 3793 non
507 3740 581 3793 ita
622 3738 930 3809 diligenter,
983 3747 1046 3792 ut
1089 3752 1189 3807 par
1231 3747 1370 3800 erat,
1414 3737 1511 3792 sed
1556 3738 1853 3793 oscitanter
1880 3748 1935 3794 et

369 3842 735 3912 perfunctorie
759 3858 847 3898 res
890 3842 1152 3897 asceticas
1182 3841 1454 3896 tractabat
1482 3881 1494 3903 ,
1519 3844 1841 3913 generisque
1872 3844 1935 3899 fi-

364 3946 525 4001 ducia
554 3947 743 4011 fretus,
779 3952 1061 3999 monentes
1086 3959 1144 3999 se
1172 3956 1314 4014 aegre
1365 3941 1702 3997 admittebat.
1731 3941 1932 3997 Verum

371 4051 734 4123 prospiciente
759 4048 1015 4112 Numine,
1072 4064 1139 4103 ne
1180 4056 1302 4117 post
1342 4055 1619 4116 peractum
1659 4056 1934 4103 tantarum

366 4171 531 4225 opum
564 4155 893 4211 sac'jﬁcium
927 4154 1100 4210 levius
1144 4151 1427 4223 praemium
1470 4149 1739 4224 Stagirius
1759 4152 1933 4209 refer-

2028 1360 2130 1421 ret,
2157 1367 2187 1409 a
2210 1352 2456 1411 daemone
2480 1328 2769 1427 corripitur
2804 1366 2860 1413 et
2891 1359 3215 1432 exagitetur,
3246 1376 3311 1419 ac
3339 1366 3583 1434 repetitis

2029 1459 2341 1530 frequenter
2368 1460 2579 1518 vicibus
2600 1478 2771 1533 usque
2790 1464 2925 1519 adeo
2960 1475 3208 1532 vexatur,
3232 1475 3291 1522 ut
3314 1468 3366 1523 in
3397 1470 3591 1542 despe-

2029 1574 2176 1622 ratas
2209 1567 2313 1623 sibi
2349 1577 2580 1624 mortem
2622 1569 2996 1626 consciscendi
3045 1572 3401 1642 cogitationes
3423 1577 3595 1634 inter-

2032 1669 2164 1725 dum
2185 1671 2413 1728 veniret.
2452 1672 2591 1729 Hinc
2636 1688 2844 1729 mceror
2880 1684 2935 1730 et
2982 1676 3200 1733 tristitia
3232 1678 3423 1751 ingens
3452 1700 3466 1737 :
3498 1685 3597 1740 vim

2028 1788 2221 1830 omnes
2279 1776 2526 1845 placandi
2582 1776 2677 1833 Dei
2729 1787 3045 1848 tentantur,
3120 1784 3269 1837 nulla
3327 1786 3594 1855 prolicit:

2030 1887 2345 1934 sanctorum
2394 1895 2586 1949 preces
2628 1880 2973 1950 adhibentur,
3022 1901 3121 1942 nec
3169 1888 3476 1947 vexationis
3534 1892 3599 1947 fi-

2029 1998 2154 2036 nem
2192 1984 2501 2054 impetrant.
2534 1985 2633 2041 Hic
2676 1996 2856 2043 tamen
2888 2004 2955 2043 ex
2994 2004 3236 2047 aerumna
3283 1993 3600 2065 huiusmodi

2029 2085 2241 2143 fructus
2267 2091 2535 2159 provenit,
2572 2102 2631 2147 ut
2672 2094 2766 2161 qui
2813 2093 2943 2148 olim
2994 2096 3320 2155 oscitantius
3354 2115 3413 2156 se
3443 2117 3600 2173 gere-

2031 2192 2144 2255 bat,
2170 2192 2281 2263 jam
2325 2192 2625 2252 ferventius
2663 2197 2751 2266 pia
2794 2198 3052 2255 exercitia
3091 2201 3285 2258 adiret.
3327 2203 3602 2265 Evocatur

2031 2298 2098 2351 ad
2130 2307 2292 2353 tanta:
2314 2300 2635 2357 calamitatis
2656 2303 2905 2359 solatium
2919 2305 3341 2378 Chrysostomus
3364 2314 3596 2383 amicus,

2031 2404 2146 2474 qui,
2180 2420 2303 2458 cum
2333 2407 2522 2462 morbo
2565 2409 2815 2465 detentus
2844 2411 3007 2465 domo
3031 2414 3291 2471 excedere
3320 2433 3428 2473 non
3457 2421 3603 2476 vale~

2032 2520 2134 2577 ret,
2171 2521 2280 2568 tres
2308 2514 2473 2568 hosce
2511 2513 2683 2569 libros
2724 2515 2873 2570 misit
2906 2517 3158 2574 leniendo
3194 2519 3369 2575 dolori
3403 2538 3601 2594 oppor-

2036 2625 2217 2681 tunos,
2246 2617 2336 2671 ubi
2364 2618 2614 2689 exemplo
2637 2628 2949 2676 sanctorum
2966 2623 3250 2693 utriusque
3267 2624 3599 2685 Tesmmenti

2033 2721 2229 2790 probat
2252 2720 2419 2776 Deum
2440 2724 2522 2777 vel
2542 2724 2881 2781 charissimis
2903 2727 3006 2782 sibi
3036 2728 3169 2784 viris
3196 2732 3463 2787 atrociora
3482 2734 3603 2791 ideo

2037 2825 2331 2882 immisisse
2363 2827 2525 2892 mala,
2570 2838 2629 2883 ut
2672 2830 2884 2900 majora
2926 2834 3146 2901 praemia
3183 2837 3605 2905 splendidiores-

2032 2945 2140 2999 que
2187 2945 2419 2987 coronas
2464 2933 2748 2989 tribueret.
2792 2935 3047 2991 Animum
3086 2938 3161 2993 ait
3200 2941 3602 3003 calamitatibus

2034 3035 2308 3101 affectum,
2346 3037 2645 3093 ferventius
2683 3037 2793 3092 Deo
2826 3038 3136 3110 divinisque
3168 3043 3331 3098 rebus
3373 3045 3598 3114 haerere,

2033 3142 2279 3195 maculas
2310 3156 2502 3195 omnes
2528 3150 2581 3196 et
2612 3141 2743 3196 vitia
2782 3143 2884 3197 hac
2903 3138 3112 3201 ratione
3132 3147 3294 3203 citius
3325 3150 3597 3223 abstergi;

2034 3257 2093 3299 ut
2116 3245 2286 3314 ipsius
2319 3245 2540 3316 Stagirii
2576 3247 2826 3317 exemplo
2867 3251 3211 3319 comprobari
3235 3262 3470 3322 poterat,
3502 3260 3599 3327 qui

2033 3349 2343 3410 oscitantia.
2390 3360 2627 3419 torpore,
2675 3358 2888 3407 tumore
2932 3354 3247 3422 eliminatis,
3292 3358 3407 3426 jam
3460 3362 3603 3417 inter

2035 3452 2390 3510 ferventiores
2426 3455 2629 3511 Christi
2676 3458 2909 3513 athletas
2956 3460 3163 3529 primas
3201 3471 3431 3520 teneret.
3477 3465 3605 3523 llaec

2034 3558 2125 3613 ille
2156 3561 2270 3613 fuse
2294 3568 2348 3612 et
2374 3560 2688 3630 παθητικῶς
2719 3577 2818 3630 pro
2844 3578 2995 3618 more
3022 3580 3123 3619 suo
3147 3570 3515 3638 prosequitur,
3541 3587 3605 3626 ac

2033 3661 2255 3717 cuilibet
2294 3662 2546 3718 lcniendo
2583 3666 2807 3719 mmrori
2854 3668 3151 3725 remedium
3185 3670 3345 3727 offert
3381 3673 3599 3745 legenti.

2107 3768 2611 3838 lnterpretationem
2683 3786 2810 3825 vero
2871 3773 3063 3828 incerti
3124 3777 3407 3845 cujusdam
3466 3782 3602 3847 viri,

2034 3887 2155 3941 qua:
2178 3872 2229 3925 in
2261 3872 2579 3928 Morelliana
2632 3875 2871 3930 editione
2918 3880 3093 3947 posita
3125 3880 3320 3949 fuerat,
3352 3884 3606 3940 innume-

2038 3975 2113 4030 ris
2142 3975 2194 4028 in
2220 3975 2355 4031 locis
2381 3977 2727 4033 emendatam
2772 3994 2803 4033 e
2834 3982 3054 4052 regione
3093 3982 3264 4041 Graeci
3297 3997 3477 4046 textus
3506 4006 3605 4061 po-

2035 4093 2263 4133 sunmus.

812 4439 3577 4467 —————-———————_—___—__________

584 4860 730 4936 ιἐίη
755 4875 1053 4991 ΤΟΥ
1106 4877 1593 4997 ΑΥΤΟΥ
1648 4878 2171 5005 ΛΟΓΟΣ
2231 4892 3369 5017 ΠΑΡΑΙΝΕΤΙΚΟΣ

1222 5140 1401 5193 ΠΡΟΣ
1440 5142 1843 5199 ΣΤΑΓΕΙΡΙΟΝ
1884 5147 2222 5200 ΑΣΚΗΤΠΝ
2259 5151 2722 5209 ΔΑΙΜΟΝΩΝΤΑ.

1466 5277 1828 5419 ΛΟΓΟΣ
1885 5337 2322 5424 ΠΡΩΤΟΣ
2371 5342 2427 5423 ι.

331 5448 396 5494 α’.
425 5442 569 5496 Ἔδει
592 5443 691 5514 μὲν
711 5445 878 5515 ἡμᾶς,
902 5438 948 5497 ὧ
978 5445 1200 5513 φίλτατε
1225 5446 1440 5501 πάντων
1464 5451 1587 5520 ἐμοὶ
1615 5452 1920 5522 Σταγείριε,

262 5525 354 5575 καὶ
382 5524 633 5592 παρεῖναί
661 5541 742 5578 σοι
768 5524 863 5577 νῦν
881 5526 975 5577 καὶ
1004 5526 1676 5600 συνδιαταλαιπωρείσθαι,
1708 5531 1804 5583 καὶ
1835 5532 1920 5585 λό-

320 5665 343 5693 “
366 5664 560 5735 Titulus
581 5666 651 5736 sic
673 5668 823 5715 habet
848 5670 896 5715 in
929 5668 1083 5736 savii.
1103 5683 1120 5736 _:
1153 5671 1494 5736 Χριοσοστρμου
1516 5672 1628 5736 apo;
1648 5674 1913 5736 Στῌαγείριον

257 5726 550 5785 δῗῑιμονᾶινττῑ
589 5730 722 5786 )όγος
762 5732 1143 5792 παραμυθητικὸς
1184 5726 1239 5777 α’
1298 5733 1346 5779 In
1373 5726 1579 5781 Morelf:
1618 5726 1722 5781 Τοῦ
1752 5726 1909 5783 ἀῦτοῦ

257 5804 389 5847 ιογος
430 5792 750 5851 stag-amanto;
794 5794 906 5853 πρὸς
934 5792 1201 5851 Σταϐείριον
1243 5794 1453 5851 ἀσκητὴν
1496 5798 1787 5857 δαιμο-ίώντα
1829 5798 1907 5845 λό-

2027 5473 2108 5524 γῳ
2141 5457 2577 5528 παρακαλοῦντα,
2642 5460 2736 5513 καὶ
2794 5460 2943 5533 ἔργῳ
2992 5462 3429 5535 διακονούμενον,
3457 5465 3553 5518 καὶ
3609 5472 3678 5523 τᾶ

2026 5534 2161 5589 ἄλλα
2213 5537 2389 5590 πάντα
2439 5538 2903 5608 συλλαμϐάνοντα,
2970 5542 3133 5615 μέρος
3183 5534 3255 5596 τιν
3290 5547 3387 5616 τῆς
3438 5545 3676 5617 ἀθυμίας

2018 5753 2145 5812 γοςα
2161 5737 2185 5785 '.
2204 5766 2271 5812 :—
2294 5738 2432 5812 Nntaa
2457 5746 2508 5787 et
2538 5743 2678 5812 variae
2701 5740 3016 5812 lectiones__in
3044 5750 3143 5794 tres
3167 5744 3315 5795 libros
3334 5748 3392 5798 ad
3413 5747 3678 5812 Stagirium

2018 5811 2080 5847 ex
2106 5798 2253 5849 Earil.
2279 5809 2328 5851 et
2354 5814 2417 5851 cx
2445 5816 2541 5854 uno
2565 5803 2845 5857 Colbertino
2867 5807 3034 5857 codice
3058 5815 3310 5871 petuntur.
