4116 6392
422 269 533 327 ωε

424 386 830 457 ἐπικουφίζειν,
867 388 991 444 ὅσον
1021 389 1153 461 ήμῖν
1192 390 1418 445 δυνατὸν
1459 387 1555 463 ἦν’
1598 394 1788 464 ἐπειδὴ
1821 396 1876 447 δὲ
1912 396 1945 466 ἡ
1995 395 2089 449 τοῦ

426 473 676 543 σώματος
706 474 958 530 ἀσθένεια
974 517 988 541 ,
1012 477 1183 531 καὶτὸ
1215 480 1574 550 κατασκῆψαν
1598 485 1662 553 τῇ
1693 484 1901 555 κεφαλῇ
1925 484 2094 537 κακὸν

425 563 563 615 οῖκοι
604 562 785 632 μένειν
812 563 1257 632 καταναγκάσαν,
1287 567 1564 621 διακονίαν
1588 570 1841 625 τοσοῦτον
1864 571 2093 641 ἔχουσαν

424 646 612 720 κέρδος
649 649 795 720 ἡμᾶς
840 649 1109 719 ἀφείλετο,
1143 652 1279 723 ὅπερ
1315 653 1461 706 ἐστὶν
1496 652 1645 727 [155]
1683 656 1972 710 ὑπόλοιπον
2000 658 2094 712 καὶ

423 735 559 808 πρὸς
579 735 930 808 παραμυθίαν
952 738 1050 808 τὴν
1076 738 1195 809 σὴν,
1213 740 1308 794 καὶ
1332 740 1468 812 πρὸς
1484 741 1750 809 ὠφέλειαν
1772 744 1870 814 τὴν
1893 746 2094 815 ἡμετέ-

425 840 546 894 ραν,
581 822 739 876 τοῦτο
791 823 934 877 κατά
959 824 1190 896 δύναμιν
1223 828 1555 895 εἰσενεγκεῖν
1584 830 1685 882 οὐκ
1710 832 2014 902 όκνήσομεν
2040 846 2087 886 ιι.

424 913 584 976 Ἴσως
617 911 717 981 μὲν
740 910 851 983 γὰρ
878 910 1032 967 ἔσται
1057 930 1111 966 τι
1141 913 1325 978 πλέον,
1362 916 1501 987 πρὸς
1523 916 1583 969 τὸ
1621 918 1690 971 τὰ
1742 919 1986 988 παρόντα
2030 938 2091 974 σε

419 999 606 1070 φέρειν
627 999 886 1068 γενναίως
907 1013 924 1028 ⁸
953 1000 1020 1054 ἂν
1046 1000 1103 1055 δὲ
1123 1000 1233 1073 ἀρα
1251 1002 1417 1073 μηδέν
1447 1021 1501 1057 τι
1522 1005 1763 1059 τοιοῦτον
1780 1007 2088 1079 ἀνύσωμεν,

417 1086 480 1141 τδ
506 1086 636 1157 γοῦν
656 1087 766 1140 τῶν
785 1089 866 1152 εἰς
894 1090 1043 1160 ἡμᾶς
1082 1091 1327 1161 ἡκόντων
1357 1092 1700 1165 ἐλλειφθῆναι
1731 1095 1918 1166 μηδὲν,
1961 1099 2090 1168 ῥᾷον

419 1176 564 1247 ἡμᾶς
623 1176 930 1230 διακεῖσθαι
974 1179 1190 1249 ποιήσει
1232 1178 1326 1232 τοῦ
1364 1179 1575 1235 λοιποῦ.
1628 1182 1687 1236 '0
1730 1184 1840 1257 γὰρ
1870 1185 2086 1239 ἅπαντα

416 1262 852 1334 ἀναπληρώσας,
904 1264 1115 1335 ὅσαπερ
1147 1265 1214 1319 ἂν
1245 1266 1424 1339 οἴηται
1458 1263 1494 1309 δ’
1525 1270 1659 1341 πρὸς
1698 1270 1852 1325 λύσιν
1899 1273 2085 1345 φέρειν

414 1352 525 1407 τῶν
560 1352 900 1424 κατεχόντων
934 1354 1197 1425 ἀνιαρῶν,
1222 1355 1325 1409 κᾶν
1360 1357 1529 1428 μηδὲν
1567 1359 1799 1434 περάνῃ,
1831 1361 1930 1432 τῆς
1957 1361 2087 1431 γοῦν

414 1440 525 1495 ἀπὸ
547 1440 654 1494 τῶν
674 1439 949 1511 λογισμῶν
978 1443 1159 1505 αἰτίας
1183 1444 1422 1512 ἀφεῖται,
1451 1445 1545 1499 καὶ
1570 1446 1632 1500 τὸ
1676 1447 1785 1501 τῶν
1810 1449 2089 1521 ἐγκλημά-

415 1544 523 1581 των
553 1526 716 1598 ἇχθος
742 1528 1100 1600 ἀποθέμενος,
1115 1529 1176 1582 τὸ
1191 1530 1293 1600 τῆς
1322 1532 1561 1603 ἀθυμίας
1581 1534 1766 1605 φέρειν
1777 1537 2086 1605 ἀναγκάζε-

413 1631 504 1669 ται
522 1615 705 1685 μόνον.
735 1615 799 1669 Εἰ
821 1616 920 1687 μὲν
945 1612 1039 1671 οῦν
1058 1617 1168 1670 τῶν
1192 1618 1623 1689 εὐδοκιμούντων
1653 1623 1803 1694 παρά
1837 1623 1957 1695 Θεῷ
1989 1625 2085 1679 καὶ

415 1703 627 1776 μεγάλα
657 1704 973 1775 δυναμένων
986 1705 1281 1776 ἐτύγχανον
1297 1706 1392 1773 ὢν,
1410 1709 1512 1762 οὐκ
1540 1708 1606 1763 ἂν
1642 1709 1882 1765 διέλιπον
1898 1712 2087 1785 δεόμε-

412 1810 499 1856 νος
529 1793 623 1846 καὶ
658 1792 914 1847 ἱκετεύων
939 1794 1077 1865 ὑπὲρ
1107 1795 1208 1866 τῆς
1225 1795 1413 1867 τιμίας
1438 1799 1563 1868 ἐμοὶ
1585 1800 1830 1871 κεφαλῆς
1849 1817 1864 1832 '
1893 1803 2081 1873 ἐπειδὴ

408 1880 465 1934 δέ
506 1899 574 1952 με
629 1881 728 1952 τὴν
776 1882 1088 1954 παρρησίαν
1120 1884 1337 1955 ἐκείνην
1371 1885 1467 1939 καὶ
1516 1886 1614 1959 τὴν
1655 1890 1807 1960 ίσχύν
1864 1890 1924 1944 τὸ
1973 1891 2083 1945 τῶν

409 1967 822 2039 ἁμαρτημάτων
847 1968 1051 2039 πλῆθος
1088 1968 1428 2043 παρῄρηται,
1448 1973 1549 2046 τὴν
1568 1974 1657 2029 διά
1688 1976 1948 2049 ῥημάτων
1979 1997 2083 2034 πα-

412 2055 682 2126 ράκλησιν
730 2056 1066 2127 πειράσομαί
1110 2073 1192 2110 σοι
1251 2063 1642 2130 προσαγαγεῖν.
1684 2064 1794 2116 Καὶ
1848 2064 1957 2138 γὰρ
1989 2067 2083 2120 ἐπὶ

407 2142 517 2197 τῶν
552 2143 623 2198 τά
646 2142 873 2215 σώματα
909 2144 1245 2215 καμνόντων,
1301 2148 1505 2220 ἰατρῶν
1537 2151 1635 2219 μὲν
1685 2152 1944 2221 ἀφανίσαι
1981 2155 2081 2220 τάς

405 2231 704 2304 ἀλγηδόνας
745 2234 840 2287 καὶ
872 2232 1080 2286 παῦσαι
1107 2233 1205 2305 τὴν
1224 2234 1401 2300 νόσον,
1425 2236 1487 2290 τὸ
1509 2238 1568 2291 δὲ
1598 2241 1937 2310 παρακαλεῖν
1959 2244 2081 2297 οὐδὲ

406 2320 514 2375 τῶν
550 2319 777 2401 οἰκετῶν
812 2320 862 2372 οἰ
896 2320 1026 2392 περὶ
1066 2322 1166 2392 τὴν
1210 2321 1507 2394 θεραπείαν
1544 2325 1696 2391 ὄντες
1726 2329 2033 2401 ἀφῄρηνται
2060 2372 2076 2397 ,

406 2408 521 2462 ἀλλ’
547 2400 694 2461 οῦτοι
725 2407 961 2479 μάλιστά
1000 2409 1135 2461 εἰσιν
1182 2411 1231 2463 οἰ
1281 2413 1409 2475 τοὺς
1442 2412 1668 2478 πολλοὺς
1705 2415 1845 2488 ὑπὲρ
1871 2400 2078 2472 τούτων

405 2494 789 2558 ἀναλίσκοντες
844 2494 1054 2562 λόγους,
1119 2495 1248 2550 ὅταν
1306 2497 1452 2552 εὖνοι
1492 2510 1516 2538 ο
1570 2503 1686 2564 τοῖς
1719 2505 2077 2576 κεκτημένοις

405 2584 603 2645 αὐτοὺς
632 2582 870 2652 τύχωσιν
907 2581 1078 2646 ὄντες.
1115 2584 1212 2637 Ἂν
1244 2586 1342 2657 μὲν
1379 2588 1487 2656 γάρ
1511 2605 1564 2642 τι
1588 2588 1751 2662 λεχθῇ
1772 2594 2093 2664 παρ’ήμῶν.

403 2669 465 2722 τὸ
492 2670 789 2739 δυνάμενον
826 2669 1015 2724 σϐέσαι
1037 2671 1138 2743 τὴν
1166 2672 1404 2744 ἄμετρον
1431 2674 1636 2747 ταύτην
1679 2676 1903 2750 ὀδύνην,
1931 2680 2076 2753 άπερ

403 2757 675 2829 εὐχόμεθα
708 2759 948 2826 γέγονεν’
967 2757 1034 2812 ἂν
1058 2759 1116 2812 δὲ
1141 2761 1311 2831 μηδὲν
1339 2761 1590 2834 εὕρωμεν
1604 2765 1939 2835 φθέγξασθαι
1960 2786 2071 2822 τοι-

401 2846 528 2900 οῦτο
553 2845 602 2911 ἀ,
634 2848 735 2916 τῆς
760 2846 891 2915 γοῦν
915 2847 1227 2919 προθυμίας
1263 2851 1412 2921 ἡμᾶς
1440 2852 1760 2919 ἀποδέξεται
1796 2858 2014 2922 πάντως
2044 2861 2073 2912 ό

402 2934 663 2999 κελεύσας
683 2934 771 2988 διά
790 2934 883 2988 τοῦ
912 2936 1180 3007 μακαρίου
1211 2938 1424 2993 Παύλου
1456 2940 1666 2997 κλαίειν
1694 2945 1836 3015 μετά
1866 2945 2075 3000 κλαιόν-

399 3038 512 3077 των
540 3023 633 3077 καί
661 3022 1071 3091 συναπάγεσθαι
1104 3026 1217 3088 τοῖς
1241 3031 1534 3092 ταπεινοῖς.

469 3127 633 3179 Δοκεῖ
659 3125 757 3196 μὲν
785 3122 879 3180 οὖν
908 3126 1008 3197 μία
1053 3144 1134 3181 σοι
1157 3129 1256 3200 τῆς
1278 3128 1516 3202 ἀθυμίας
1529 3133 1787 3199 ὑπόθεσις
1817 3130 1957 3190 εἶναι
1975 3138 2068 3192 τοῦ

399 3213 634 3285 πονηροῦ
656 3213 845 3267 τούτου
860 3213 1110 3286 δαίμονος
1140 3217 1173 3287 ἡ
1216 3218 1380 3288 μανία
1397 3236 1410 3249 ·
1444 3220 1615 3276 πολλά
1635 3222 1692 3276 δὲ
1711 3223 1777 3277 ἂν
1807 3225 1958 3297 εὕροι
1985 3243 2069 3289 τις

398 3300 597 3372 ἑφεξῆς
614 3301 683 3355 τά
705 3302 813 3355 ἀπὸ
838 3303 937 3373 τῆς
974 3303 1130 3375 ῥίζης
1151 3304 1353 3377 ταύτης
1370 3309 1667 3380 τικτόμενα
1698 3310 1935 3383 λυπηρά.
1959 3315 2071 3368 Καὶ

395 3388 566 3444 ταῦτα
596 3392 698 3444 οὐκ
729 3390 833 3447 ἀπ’,
858 3392 1096 3461 ἐμαυτοῦ
1131 3391 1274 3461 λέγω
1294 3395 1410 3460 νῦν,
1443 3396 1561 3449 ἀλλ’
1598 3397 1657 3463 ἐξ
1698 3392 1775 3451 ὧν
1809 3400 2071 3472 ἀποδυρο-

400 3477 565 3548 μένου
594 3494 689 3530 σου
717 3476 976 3540 πολλάκις
1004 3478 1214 3549 ἡκουσα
1242 3480 1382 3552 πρὸς
1414 3484 1585 3553 ἡμᾶς,
1609 3484 1779 3555 ἡνίκα
1801 3488 1901 3539 σὺν
1933 3487 2067 3557 ἡμῖν

394 3561 536 3636 ἦσθα
556 3582 569 3596 ·
590 3566 685 3618 καὶ
709 3564 927 3635 πρῶτον
955 3565 1053 3635 μὲν
1070 3566 1132 3619 τὸ
1149 3566 1543 3640 βιωτικώτερον
1558 3569 1736 3634 ζῶντα
1751 3572 1842 3626 τὸν
1857 3572 2067 3645 ἔμπρο-

396 3652 520 3706 σθεν
540 3652 730 3723 χρόνον
755 3651 918 3724 μηδὲν
934 3652 1145 3706 τοιοῦτο
1162 3654 1375 3721 παθεῖν,
1394 3657 1508 3710 ἀλλ’
1530 3657 1693 3729 ἡνίκα
1714 3661 2067 3733 ὲσταύρωσας

393 3738 470 3811 τῷ
516 3740 708 3810 κόσμῳ
737 3740 953 3803 σαυτὸν,
983 3741 1285 3812 τηνικαῦτα
1340 3743 1593 3816 αἴσθησιν
1639 3746 1733 3816 τῆς
1772 3747 1928 3801 νόσου
1965 3748 2064 3802 λα-

391 3827 529 3895 ϐεῖν,
577 3830 758 3882 ἰκανὸν
785 3829 1084 3901 θορυϐῆσαι
1118 3840 1143 3869 θ
1179 3831 1273 3884 καὶ
1297 3832 1379 3895 είς
1409 3832 1720 3904 ἀμηχανίαν
1772 3837 2059 3907 ἐμϐαλεῖν·

390 3915 642 3987 δεύτερον
663 3916 720 3969 δὲ
743 3917 806 3969 τὸ
830 3916 1057 3981 πολλοὺς
1094 3918 1192 3989 μὲν
1224 3920 1317 3972 καὶ
1335 3920 1659 3991 τρυφῶντας
1682 3923 1791 3977 τῶν
1822 3925 1891 3978 τά
1923 3926 2064 3980 αὐτά

391 4004 480 4057 σοὶ
505 4004 891 4075 νενοσηκότων,
913 4005 1106 4076 μικρὸν
1141 4009 1591 4079 καρτερήσαντας
1637 4012 1830 4084 χρόνον
1853 4054 1869 4080 ,
1924 4015 2060 4069 ταύ-

388 4108 487 4162 της
512 4091 892 4163 ἀπαλλαγῆναι
914 4092 1012 4163 τῆς
1037 4094 1368 4163 ἀρρωστίας,
1420 4098 1513 4150 καὶ
1545 4097 1718 4163 οὕτως
1744 4101 1825 4164 εἰς
1847 4100 2060 4157 τελείαν

389 4180 599 4249 ὑγίειαν
628 4179 966 4242 ἐπανελθεῖν,
988 4180 1064 4243 ὡς
1090 4182 1184 4234 καὶ
1214 4183 1474 4253 ὁμιλῆσαι
1505 4185 1724 4256 γάμοις,
1766 4190 1861 4241 καὶ
1892 4190 2060 4245 πατέ-

390 4267 757 4340 ραςγενέσθαι
796 4256 999 4323 παίδων
1032 4268 1263 4336 πολλῶν,
1295 4272 1525 4328 καὶτῶν
1566 4275 1741 4345 ἡδέων
1784 4277 1877 4330 τοῦ
1915 4296 2057 4352 παρ-

387 4355 539 4419 όντος
577 4355 887 4410 ἀπολαῦσαι
925 4355 1076 4427 βίου,
1116 4359 1211 4410 καὶ
1244 4359 1411 4430 μηδὲν
1431 4360 1642 4416 τοιοῦτο
1663 4363 1827 4417 πάλιν
1840 4365 2052 4421 παθεῖν·

389 4443 448 4496 σὲ
465 4443 524 4497 δὲ
540 4441 792 4497 τοσοῦτον
811 4443 1036 4498 ἕλκοντα
1051 4445 1242 4517 χρόνον
1257 4447 1316 4500 ὲν
1340 4447 1620 4518 νηστείαις
1647 4452 1742 4504 καὶ
1764 4455 2055 4524 παννυχίσι

387 4532 479 4593 καὶ
510 4533 575 4602 τῇ
609 4529 769 4601 λοιπῇ
813 4531 1231 4604 σκληραγωγίᾳ,
1282 4534 1552 4606 μηδεμίαν
1599 4537 1753 4591 λύσιν
1797 4541 2054 4610 εὑρέσθαι

385 4626 498 4681 τῶν
549 4627 886 4698 κατεχόντων
938 4628 1158 4681 δεινῶν·
1209 4631 1392 4700 τρίτον
1447 4633 1584 4705 πρὸς
1629 4634 1861 4701 τούτοις,
1876 4636 1937 4689 τὸ
1962 4640 2053 4692 τὸν

384 4728 540 4798 ἅγιον
552 4729 756 4783 ἐκεῖνον
772 4729 1040 4800 τοσαύτην
1066 4732 1122 4782 έν
1139 4730 1321 4795 ἄλλοις
1348 4733 1574 4801 ἀνδράσι
1601 4733 1830 4805 δύναμιν
1858 4738 2053 4791 ἐπιδει-

384 4819 639 4894 ξάμενον,
675 4823 842 4895 μηδὲν
872 4825 965 4878 ἐπὶ
998 4825 1097 4895 τῆς
1122 4825 1223 4896 σῆς
1250 4828 1467 4898 ἀγάπης
1497 4828 1786 4900 δυνηθῆναι
1846 4832 2050 4903 πρᾶξαι

379 4918 620 4986 τοιοῦτο,
657 4922 795 4993 μήτε
838 4922 1065 4986 ἐκεῖνον,
1125 4926 1264 4993 μήτε
1313 4922 1440 4987 τοὺς
1481 4924 1599 4991 μετ’
1631 4925 1841 4978 ἐκείνου
1866 4926 1913 4991 τ,
1955 4930 2051 4982 καὶ

378 5015 556 5071 ταῦτα
594 5016 997 5089 δυνατωτέρους
1033 5017 1190 5081 ὄντας
1220 5019 1403 5082 αὑτοῦ,
1455 5019 1591 5073 ἀλλά
1638 5019 1787 5093 [156]
1838 5024 2046 5089 πάντας

378 5112 580 5184 ὁμοίως
618 5112 1044 5184 ὲρυθριάσαντας
1080 5112 1357 5167 ἀπελθεῖν.
1404 5113 1560 5168 Μετὰ
1596 5115 1654 5168 δὲ
1701 5116 1905 5170 τούτων
1952 5121 2047 5172 καὶ

377 5208 577 5279 ἑτέρως
598 5209 801 5281 σφόδρα
819 5207 956 5281 ἔφης
995 5208 1203 5278 ἀλγεῖν,
1233 5211 1316 5263 ὅτι
1347 5208 1492 5263 οὕτω
1522 5226 1616 5263 σου
1654 5210 1754 5282 τῆς
1781 5211 1957 5285 ψυχῆς
2006 5218 2036 5289 ή

437 5389 465 5451 _‘
489 5389 638 5439 Savil.
663 5393 801 5438 notat
818 5390 870 5437 in
890 5401 1042 5451 marg.
1173 5387 1467 5451 ὀκνήσωμεν.

434 5449 467 5492 1³
486 5452 619 5502 Culb.
647 5459 700 5500 el.
723 5452 872 5500 Savil.
915 5449 1083 5508 οἴοιτο,
1106 5449 1279 5498 Morel.
1305 5449 1479 5506 οἴηται.

437 5516 461 5583 ξ
483 5513 659 5583 μοιξει.
682 5513 825 5583 εὖνοι,
850 5514 1000 5583 Sayll.
1023 5512 1193 5583 εὔνοοι,
1218 5510 1439 5583 ἰεςωᾳυθ
1462 5511 1598 5583 Colp.
1624 5515 1795 5572 codex.

433 5572 464 5615 δ
482 5576 627 5623 Savil.
655 5574 893 5633 τοιοῦτον,
912 5572 1057 5622 hicet
1076 5574 1214 5621 infra.
1240 5573 1410 5621 Morel.
1443 5572 1651 5624 τοιοῦτο.

433 5637 453 5659 ⁸
476 5635 560 5685 Sic
582 5639 731 5685 Savil.
751 5645 909 5686 recte.
937 5634 1111 5684 Morel.
1131 5635 1445 5697 θορυϐεῖσθαι.

437 5696 460 5732 τ
486 5698 659 5747 Morel.
680 5700 730 5746 in
754 5703 894 5747 textu
920 5703 972 5759 et
991 5697 1139 5759 ngil.
1177 5696 1226 5742 i’n
1264 5709 1417 5759 τηεμ-ε.
1458 5697 1557 5759 μετ’
1581 5698 1777 5749 ἐκείνου.
1803 5700 1955 5750 Savil.
1983 5702 2032 5750 ir.

372 5766 509 5826 lexlu
532 5761 633 5826 μετ]
655 5760 847 5826 ἐκεῖνον.
873 5758 995 5809 Infra
1028 5758 1200 5806 Morel.
1225 5766 1282 5826 eg
1310 5756 1469 5826 Sa}le
1487 5761 1708 5826 ip_marg.
1739 5764 2033 5826 περιεγένετο

369 5818 572 5882 δύναμις.
603 5820 752 5869 Savil.
774 5824 822 5870 in
849 5829 985 5870 textu
1023 5836 1077 5867 π.
1098 5818 1325 5881 τυραννίς.
1369 5818 1478 5869 Mox
1506 5818 1687 5873 Morel:
1703 5818 1931 5880 πολλάκις
1954 5824 2030 5871 ἐπὶ

371 5882 540 5944 βρόχον
573 5883 732 5932 ἐλθεῖν.
761 5883 992 5933 δειγὶιὶυῐη
1014 5882 1280 5942 sequimur.

1181 275 1239 332 S.
1278 275 1566 335 JOANNIS
1602 276 2092 334 CHRYSOSTOMI
2132 280 2458 341 ARCIIIEP.
2496 284 3052 347 CONSTANTINOP.

3764 307 3873 366 426

2197 396 2296 467 τῆς
2323 397 2561 470 ἀθυμίας
2584 405 2933 474 περιεγένετο
2956 406 3210 481 δύναμις,
3255 412 3332 479 ὡς
3376 420 3575 490 μικροῦ
3603 424 3871 495 πολλάκις

2194 494 2288 546 καὶ
2307 495 2399 548 ἐπὶ
2427 496 2619 569 βρόχον
2643 501 2884 572 ὁρμῆσαι
2910 504 3106 570 ἐλθεῖν,
3132 510 3225 562 καὶ
3262 512 3355 565 ἐπὶ
3384 519 3632 588 ποταμὸν
3649 522 3743 576 καὶ
3773 526 3870 581 ἐπὶ

2193 592 2456 661 κρημνόν.
2479 594 2637 648 Ἐστι
2663 596 2722 650 δέ
2760 615 2812 651 τι
2834 599 2931 653 καὶ
2967 602 3218 673 πέμπτον
3247 606 3342 659 ἐπὶ
3378 609 3615 677 τούτοις,
3648 616 3711 669 τὸ
3736 620 3868 685 τοὺς

2196 688 2293 757 μὲν
2331 688 2603 760 ὁμήλικας
2634 694 2731 746 καλ⁸
2765 694 2904 763 μετὰ
2941 696 3037 749 σοῦ
3077 698 3283 772 ταύτης
3313 703 3624 776 ἡργμένους
3644 713 3744 784 τῆς
3768 732 3869 770 πο-

2191 783 2417 852 λιτείας,
2448 789 2583 859 όρᾷν
2609 791 2668 842 ὲν
2694 792 2931 865 εὐθυμία
2966 793 3273 865 διάγοντας,
3309 804 3507 858 σαυτὸν
3540 806 3599 860 δὲ
3627 809 3685 863 έν
3706 813 3869 882 χαλε-

2191 881 2427 954 πωτάτῳ
2443 884 2674 939 κλύδωνι
2688 894 2716 935 ε
2734 889 2985 959 κείμενον
2999 892 3081 946 ἔτι
3102 896 3196 949 καὶ
3216 895 3592 974 δεσμωτήριον
3612 881 3869 967 οἰκοῦντα

2188 978 2251 1031 τὸ
2290 977 2509 1033 πάντων
2548 980 2931 1057 ἐλεεινότερον.
2972 988 3048 1042 Οὐ
3074 990 3184 1063 γὰρ
3219 992 3360 1047 οὑτω
3392 998 3518 1063 τοὺς
3545 999 3864 1074 δεδεμένους

2192 1074 2395 1148 σιδήρῳ
2423 1077 2681 1150 δακρύειν
2704 1079 2840 1152 ἔφης
2857 1081 2990 1146 δεῖν,
3034 1084 3111 1149 ὡς
3149 1088 3278 1152 τοὺς
3313 1090 3521 1165 ταύτην
3548 1102 3866 1170 περικειμέ-

2189 1187 2311 1237 νους
2362 1174 2461 1247 τὴν
2489 1175 2700 1231 ἀλυσιν.
2744 1178 2971 1248 Ἐλεγες
3008 1181 3067 1235 δέ
3097 1187 3303 1255 μοικαὶ
3325 1186 3514 1261 ἕτερον
3556 1190 3697 1249 εἶναι
3726 1199 3865 1270 πρὸς

2186 1272 2401 1336 τούτοις
2423 1270 2485 1325 τό
2507 1272 2747 1343 μάλιστά
2772 1284 2832 1330 σε
2855 1276 3147 1349 θορυϐοῦνο
3178 1281 3478 1340 δεδοικέναι
3498 1288 3629 1362 ’γὰρ
3658 1292 3800 1366 ὑπὲρ
3832 1296 3863 1336 h

2187 1366 2279 1420 τοῦ
2315 1369 2521 1439 πατρὸς
2553 1371 2649 1425 καὶ
2696 1372 2944 1444 τρέμειν,
2999 1376 3210 1448 μήποτε
3251 1381 3596 1454 αἰσθόμενος,
3649 1390 3864 1459 μεγάλα

2184 1465 2312 1559 τοὺς
2360 1467 2797 1540 ὑποδεξαμένους
2855 1487 2915 1525 σε
2951 1472 3052 1544 τὴν
3097 1475 3271 1547 ἀρχὴν
3319 1479 3507 1548 ἁγίους
3559 1486 3864 1559 ἐργάσηται

2185 1558 2354 1615 δεινά
2382 1563 2449 1633 τῇ
2472 1579 2534 1616 τε
2560 1562 2671 1635 γὰρ
2691 1564 2919 1637 δυνάμει
2937 1568 3033 1622 καὶ
3067 1569 3146 1642 τῷ
3168 1571 3386 1645 πλούτῳ
3405 1575 3731 1649 θαρροῦντα,
3764 1584 3865 1638 καὶ

2186 1658 2291 1712 ὐπὸ
2330 1658 2434 1730 τῆς
2477 1659 2716 1731 ἀθυμίας
2756 1663 3129 1735 κρατούμενον
3156 1708 3173 1733 ,
3232 1671 3412 1727 πάντα
3443 1674 3736 1748 τολμήσειν
3780 1683 3864 1746 εἰς

2184 1756 2404 1822 αὐτοὺς,
2440 1758 2536 1812 καὶ
2564 1759 2782 1825 οὐδενὸς
2807 1761 3108 1830 ἀφέξεσθαι
3135 1764 3246 1819 τῶν
3270 1767 3653 1839 ἐμπιπτόντων
3686 1776 3861 1847 αὐτῷ.

2183 1850 2294 1905 Καὶ
2335 1852 2498 1924 μέχρι
2527 1855 2626 1925 μὲν
2654 1853 2748 1907 τοῦ
2775 1856 3045 1928 παρόντος
3081 1857 3374 1932 δυνηθῆναι
3400 1865 3501 1935 τὴν
3524 1866 3737 1939 μητέρα
3762 1872 3863 1926 καὶ

2184 1947 2528 2019 συγκαλύψαι
2587 1950 2651 2003 τὸ
2700 1952 2945 2021 γεγονὸς,
3003 1954 3098 2008 καὶ
3143 1956 3508 2030 ἐπιζητοῦντά
3553 1979 3614 2015 σε
3678 1982 3865 2038 παρα-

2182 2044 2519 2117 κρούσασθαι
2565 2046 2831 2110 πολλάκις
2871 2048 3033 2103 αὐτόν
3065 2066 3080 2080 ·
3121 2053 3170 2105 εἰ
3216 2051 3274 2107 δὲ
3329 2056 3522 2127 χρόνος
3566 2060 3862 2134 ἐγγένηται

2183 2143 2406 2208 πλείων,
2447 2144 2874 2217 φωραθήσεσθαι
2905 2149 3007 2219 τῆς
3032 2149 3241 2223 μητρὸς
3266 2150 3365 2225 τὴν
3397 2155 3707 2229 ὑπόκρισιν,
3758 2172 3865 2219 καὶ

2180 2240 2459 2322 ἀφόρητον.
2481 2241 2643 2295 αὐτὸν
2671 2241 2856 2316 ἐκείνῃ
2881 2260 2939 2297 τε
2967 2243 3189 2300 ἔσεσθαι
3216 2247 3311 2301 καὶ
3339 2250 3452 2313 τοῖς
3483 2256 3757 2322 μοναχοῖς,
3796 2256 3863 2313 ὀ

2180 2337 2238 2391 δὲ
2281 2337 2397 2392 τῶν
2427 2318 2612 2393 κακῶν
2640 2338 2884 2411 κολοφὼν
2918 2340 2980 2394 τὸ
3034 2344 3172 2415 μηδὲ
3209 2345 3352 2419 ὑπὲρ
3397 2318 3509 2402 τῶν
3547 2318 3862 2420 μελλόντων

2180 2432 2324 2504 ἔχειν
2354 2434 2597 2508 θαρρεῖν,
2632 2438 2766 2510 μηδὲ
2789 2438 2989 2492 εἰδέναι
3032 2441 3240 2509 σαφῶς,
3267 2442 3323 2496 εἴ
3366 2460 3497 2498 ποτε
3530 2445 3680 2500 ἔσται
3699 2446 3861 2513 λύσις

2179 2534 2277 2603 τῆς
2310 2531 2468 2587 νόσου
2505 2533 2708 2605 ταύτης
2726 2535 2820 2588 καὶ
2851 2535 3160 2609 ἀπαλλαγὴ,
3187 2537 3277 2591 διά
3302 2539 3363 2592 τὸ
3389 2540 3650 2607 πολλάκις
3693 2542 3860 2598 τοῦτο

2179 2631 2629 2702 προσδοκήσαντα
2682 2632 2845 2686 πάλιν
2889 2635 3005 2698 τοῖς
3047 2634 3235 2698 αὐτοῖς
3265 2641 3605 2708 περιπεσεῖν.
3666 2639 3858 2696 Ἱκανά

2177 2727 2311 2798 γοῦν
2346 2728 2523 2784 ταῦτα
2583 2730 2887 2804 θορυϐῆσαι
2914 2731 3113 2805 ψυχὴν,
3162 2736 3258 2789 καὶ
3309 2735 3515 2809 πολλῆς
3566 2739 3856 2811 ἐμπλῆσαι

2176 2824 2445 2898 ταραχῆς,
2490 2825 2626 2881 ἀλλά
2656 2826 2834 2898 ψυχὴν
2860 2827 2959 2900 τὴν
3000 2829 3344 2901 παρειμένην
3398 2833 3491 2886 καὶ
3525 2834 3859 2892 ἀπαίδευτον

2176 2924 2272 2976 καὶ⁸
2300 2921 2516 2993 νωθράν
2534 2941 2549 2954 ·
2583 2924 2747 2996 ἡμεῖς
2774 2924 2833 2978 δὲ
2851 2925 2920 2995 ἢν
2941 2925 3288 3001 ἐθελήσωμεν
3321 2928 3604 3000 διαϐλέψαι
3628 2931 3850 3005 μικρὸν,

2174 3018 2270 3072 καὶ
2301 3018 2598 3089 λογισμοὺς
2647 3019 2978 3091 ἀνακινῆσαι
3032 3023 3161 3086 τοὺς
3208 3022 3476 3089 εὐσεϐεῖς,
3503 3023 3693 3097 ὥσπερ
3722 3025 3854 3079 τινὰ

2173 3116 2322 3171 κόνιν
2340 3114 2545 3187 λεπτὴν
2564 3155 2580 3180 ,
2626 3114 2830 3180 ταύτας
2856 3118 3299 3190 ἀποτιναξόμεθα
3323 3118 3427 3191 τῆς
3466 3119 3709 3191 ἀθυμίας
3744 3126 3852 3186 τὰς

2173 3214 2480 3279 ὑποθέσεις.
2494 3215 2691 3271 Καίτοι
2710 3216 2783 3287 μή
2814 3233 2882 3287 με
2915 3217 3145 3289 νομίσῃς
3175 3216 3266 3270 διά
3299 3219 3362 3271 τὸ
3392 3217 3498 3283 ἔξω
3538 3216 3634 3271 τοῦ
3678 3219 3849 3273 πόνου

2171 3314 2266 3367 καὶ
2301 3312 2401 3384 τῆς
2426 3311 2599 3381 ζάλης
2641 3310 2844 3383 ταύτης
2886 3312 3145 3375 ἑστάναι,
3189 3311 3361 3365 ταῦτα
3410 3314 3849 3384 ἐπαγγέλλεσθαι

2171 3415 2254 3451 σοι
2303 3397 2421 3468 μετ’
2465 3395 2719 3460 εὐκολίας
2764 3396 2880 3450 νῦν.
2909 3396 2973 3450 Εἰ
3003 3394 3112 3468 γάρ
3149 3397 3243 3451 καὶ
3276 3397 3482 3452 ἄπιστα
3501 3399 3635 3464 δόξω
3658 3396 3847 3470 λέγειν

2168 3494 2330 3560 τισὶν,
2358 3492 2473 3547 ἀλλ’
2501 3492 2650 3565 ὅμως
2670 3492 2781 3565 ἐρῶ
2811 3510 2825 3523 ο
2864 3492 2926 3546 οὐ
2960 3491 3070 3564 γὰρ
3102 3492 3166 3564 δὴ
3195 3493 3336 3564 μετά
3383 3493 3493 3549 τῶν
3529 3495 3703 3552 ἄλλων
3747 3500 3848 3551 καὶ
3940 3580 3947 3587 θ

2168 3593 2331 3657 αὐτὸς
2367 3594 2692 3665 ἀπιστήσεις
2736 3594 2889 3664 ἡμῖν.

2249 3804 2468 3876 Ἐπειδὴ
2492 3805 2602 3876 γάρ
2639 3805 2954 3877 ἐπεπήδησέ
2978 3824 3083 3863 ,σου
3105 3811 3171 3880 τῇ
3195 3808 3338 3882 ψυχῇ
3366 3810 3521 3881 παρά
3545 3812 3641 3883 τὴν
3659 3812 3845 3886 ἀρχὴν

2163 3902 2193 3955 ό
2221 3901 2416 3972 μιαρὸς
2430 3901 2638 3972 δαίμων
2664 3903 2894 3966 ἐκεῖνος,
2925 3904 3018 3956 καὶ
3052 3905 3256 3974 μεταξὺ
3290 3906 3509 3960 πάντων
3542 3907 3843 3979 εὐχόμενον

2163 3995 2598 4061 κατέϐαλεν,οὐκ
2613 3997 2803 4069 ἔτυχον
2825 3998 2924 4069 μὲν
2937 3998 3130 4074 παρὼν
3163 4000 3279 4071 (καὶ
3300 4001 3461 4072 χάριν
3476 4002 3584 4073 ἔχω
3612 4005 3691 4077 τῷ
3713 4006 3843 4074 φιλο

2161 4092 2436 4163 ἀνθρώπῳ
2490 4092 2661 4164 Θεῷ),
2702 4093 2905 4166 ἔμαθον
2955 4094 3015 4148 δὲ
3068 4095 3286 4151 ἅπαντα
3326 4099 3467 4168 μετά
3523 4100 3835 4176 ἀκριϐείας,

2158 4186 2467 4259 ὡσπερανεὶ
2491 4188 2701 4261 παρών.
2748 4192 2808 4244 Ὅ
2839 4190 2950 4263 γάρ
2972 4191 3105 4263 ἐμὸς
3134 4191 3286 4261 φίλος
3319 4194 3413 4247 καὶ
3447 4194 3538 4258 σὸς
3574 4194 3838 4262 Θεόφιλος

2158 4284 2187 4334 ό
2223 4284 2467 4353 Ἐφέσιος
2517 4283 2708 4351 ἐλθὼν,
2741 4286 2956 4341 ἅπαντά
2991 4304 3082 4358 μοι
3141 4288 3326 4357 σαφῶς
3371 4288 3687 4359 διηγήσατο,
3731 4291 3836 4362 τὴν

2160 4380 2491 4453 στρέϐλωσιν
2512 4382 2622 4435 τῶν
2652 4383 2873 4454 χειρῶν,
2888 4384 2990 4454 τὴν
3014 4384 3345 4456 διαστροφὴν
3370 4385 3479 4440 τῶν
3510 4385 3834 4457 ὀφθαλμῶν,

2155 4477 2250 4531 τὸν
2302 4477 2410 4530 ἀπὸ
2469 4479 2565 4531 τοῦ
2620 4479 2889 4550 στόματος
2929 4481 3132 4552 ἀφρὸν,
3178 4482 3277 4554 τὴν
3315 4484 3686 4554 ἀποτρόπαιον
3736 4486 3836 4538 καὶ

2155 4571 2368 4643 ἀσημον
2420 4573 2636 4644 ἐκείνην
2673 4575 2858 4647 φωνὴν
2879 4614 2897 4639 ,
2941 4576 3033 4630 τὸν
3057 4576 3151 4630 τοῦ
3196 4576 3452 4650 σώματος
3471 4580 3694 4652 τρόμον,
3726 4582 3834 4654 τὴν

2154 4668 2515 4739 ἀναισθησίαν
2529 4672 2629 4741 τὴν
2663 4672 2758 4725 ἐπὶ
2796 4672 2951 4740 πολὺ,
2986 4674 3047 4727 τὸ
3080 4673 3211 4746 ὄναρ
3242 4675 3303 4729 τὸ
3358 4677 3498 4730 κατά
3531 4677 3629 4748 τὴν
3656 4677 3833 4732 νύκτα

2153 4763 2370 4836 ἐκείνην
2403 4768 2598 4836 φανέν·
2633 4768 2826 4841 ἄγριον
2845 4771 2953 4843 γάρ
2983 4788 3106 4825 τινα
3125 4764 3188 4825 ὗν
3216 4771 3461 4845 βορϐόρῳ
3496 4773 3832 4845 μολυνθέντα

2152 4864 2335 4936 πολλῷ
2377 4865 2618 4937 συνεχῶς
2668 4867 2937 4939 ἐπιπηδᾷν
2982 4886 3064 4923 σοι
3106 4870 3201 4923 καὶ
3244 4869 3640 4942 προσπαλαίειν
3682 4872 3825 4945 ἔφη·

2149 4958 2272 5016 εἶτα
2306 4961 2398 5015 τὸν
2443 4963 2925 5036 παρακαθεύδοντα
2968 4966 3073 5019 ὐπὸ
3107 4966 3209 5037 τῆς
3246 4966 3423 5036 ὅψεως
3453 4970 3826 5042 ταραχθέντα,

2149 5057 2493 5129 διεγερθῆναί
2536 5076 2620 5126 τε,
2661 5063 2756 5115 καὶ
2778 5061 2940 5115 πάλιν
2977 5079 3034 5115 σε
3065 5062 3384 5135 κινούμενον
3418 5063 3524 5119 ὑπὸ
3573 5067 3668 5120 τοῦ
3699 5067 3826 5123 δαί-

2154 5173 2315 5226 μονος
2351 5157 2553 5230 εὑρεῖν.

2224 5250 2288 5322 β’.
2339 5253 2556 5326 Ἐπειδὴ
2587 5249 2681 5308 οὖν
2722 5256 2895 5311 ταῦτα
2921 5256 3256 5328 ἀπήγγειλεν
3286 5259 3520 5325 ἐκεῖνος,
3545 5260 3824 5331 τοσαύτην

2147 5350 2280 5419 ἡμῖν
2320 5351 2549 5421 κατέχεε
2587 5352 2687 5423 τὴν
2716 5353 2907 5423 ἀχλὺν,
2945 5355 3077 5425 ὅσην
3103 5358 3131 5409 ό
3161 5354 3372 5427 δαίμων
3396 5348 3630 5429 οὗτοςτῇ
3667 5357 3823 5433 [157]

2144 5447 2334 5520 ἀγάπῃ
2353 5451 2418 5519 τῇ
2444 5451 2529 5520 σῇ.
2572 5449 2657 5513 Ὡς
2672 5450 2728 5503 δὲ
2755 5451 2894 5521 μετὰ
2928 5449 3094 5505 πολὺν
3128 5451 3402 5523 ἁνήνεγκα
3430 5455 3641 5525 χρόνον,
3660 5455 3821 5509 οὐδὲν

2140 5542 2264 5612 ἐμοὶ
2290 5542 2476 5598 λοιπὸν
2500 5544 2610 5599 τῶν
2640 5548 2698 5599 ὲν
2730 5545 2808 5617 τῷ
2835 5548 3025 5620 κόσμῳ
3052 5549 3230 5621 τούτῳ
3251 5550 3440 5605 δεινῶν
3469 5551 3648 5606 ἐδόκει
3672 5547 3821 5608 εἶναι

2199 5751 2224 5789 8
2249 5750 2331 5821 Sig
2365 5755 2708 5817 rescripsimus
2744 5769 2775 5806 e
2817 5757 3000 5821 Savil.;

2140 5812 2268 5862 δωνι.
2293 5812 2428 5864 Enrr.

2205 5872 2235 5912 Ιι
2261 5873 2394 5925 Colb.
2420 5883 2469 5926 cl
2494 5877 2642 5930 Sail].
2679 5882 2813 5947 ὑπέρ,
2837 5881 3009 5934 Morel.
3038 5897 3154 5935 vero
3172 5885 3283 5937 ὑπό.

3047 5758 3216 5812 Monlf.
3260 5762 3308 5812 ἐν
3349 5762 3545 5829 χαλεπῷ
3585 5762 3657 5828 τῷ
3695 5763 3815 5815 x16-
