4116 6392
408 364 511 418 ης

408 478 629 535 ferendo
658 480 911 551 obsequia
936 522 951 547 ,
979 488 1184 551 partem
1213 483 1441 552 aliquam
1482 484 1649 539 lenire
1691 486 1938 541 mmroris
1969 504 1981 539 :

406 572 660 641 quoniam
682 587 809 625 vero
834 581 887 626 et
913 573 1153 640 corporis
1179 573 1316 626 mala
1346 574 1592 629 valetudo
1619 616 1633 638 ,
1666 585 1717 629 et
1745 576 1988 630 invectus

406 663 459 715 in
489 672 645 732 caput
676 673 913 718 nostrum
942 663 1096 717 dolor
1120 706 1133 728 ,
1181 664 1323 718 domi
1352 680 1447 719 nos
1473 681 1688 721 manere
1714 667 1986 736 compule-

408 765 531 808 runt
557 797 571 814 .
600 755 860 823 nobisque
886 756 1012 809 tanti
1059 755 1191 811 lucri
1231 756 1583 811 ministerium
1615 758 1985 826 abstulerunt,

404 846 512 916 jam
540 845 681 916 quod
712 847 971 915 reliquum
1014 856 1095 900 est
1124 861 1221 916 pro
1250 849 1616 903 consolatione
1646 858 1732 903 tua
1758 891 1772 915 ,
1805 858 1858 904 et
1892 865 1987 918 pro

408 937 637 991 utilitate
668 948 848 991 nostra
874 980 887 1002 ,
924 938 1023 991 lioe
1051 948 1106 991 ut
1143 938 1363 993 facultas
1400 938 1571 1005 feret,
1602 941 1851 995 inducere
1882 956 1985 996 non

406 1028 754 1098 negligemus.
788 1028 1053 1083 Profuerit
1081 1030 1220 1083 enim
1249 1029 1301 1084 id
1334 1031 1427 1084 tibi
1472 1030 1700 1086 fortasse
1726 1033 1893 1102 magis
1920 1032 1985 1087 ad

408 1132 703 1190 przesentes
739 1120 994 1175 adversos
1033 1136 1189 1176 casus
1238 1121 1525 1177 fortissime
1573 1124 1836 1179 ferendos.
1893 1124 1984 1179 Sin

404 1226 532 1265 vero
562 1212 689 1265 nihil
725 1212 829 1266 tale
857 1212 1235 1281 perfecerimus
1264 1256 1278 1280 ,
1310 1225 1455 1268 certe
1488 1214 1569 1269 vel
1603 1215 1655 1268 in
1696 1214 1846 1268 nullo
1890 1230 1987 1268 nos

402 1304 638 1359 officium
697 1305 1042 1371 deseruisse,
1094 1306 1333 1376 nihilque
1394 1306 1643 1361 omisisse
1697 1306 1986 1376 diligentia:

402 1413 502 1452 nos
529 1398 896 1453 consolabitur
919 1441 934 1466 ,
965 1399 1281 1468 melioriqne
1306 1399 1487 1453 animo
1510 1414 1627 1453 esse
1650 1400 1702 1453 in
1726 1400 1984 1468 reliquum

403 1488 580 1543 faciet.
612 1489 661 1543 ls
686 1489 831 1543 enim
858 1532 873 1555 ,
896 1490 985 1560 qui
1011 1498 1199 1544 cuneta
1224 1490 1557 1560 impleverit,
1580 1507 1698 1561 quae
1719 1490 1783 1545 ad
1808 1490 1987 1545 levan-

402 1580 499 1635 dos
521 1581 735 1635 dolores
754 1582 982 1637 maxime
997 1582 1242 1637 conferre
1259 1583 1544 1637 arbitratus
1564 1582 1753 1649 fuerit,
1775 1584 1983 1639 etiamsi

402 1672 534 1726 nihil
585 1672 725 1726 aliud
771 1682 1029 1744 peragat,
1077 1674 1161 1728 vel
1205 1674 1540 1744 cogitationis
1590 1676 1777 1729 saltem
1826 1686 1985 1745 atque

402 1764 743 1819 conscientia:
819 1765 1156 1820 accusatione
1230 1766 1524 1832 liberatur,
1598 1768 1984 1838 criminumque

401 1870 566 1910 onere
596 1856 837 1925 deposito
862 1898 877 1923 ,
924 1857 1093 1910 solam
1132 1858 1399 1912 maestitiae
1440 1858 1703 1913 sarcinam
1746 1857 1984 1927 perferre

400 1949 623 2019 cogitur.
657 1949 709 2003 Si
739 1950 899 2018 igitur
925 1966 990 2004 ex
1018 1949 1227 2004 illorum
1257 1966 1431 2005 essem
1459 1967 1681 2006 numero
1708 1993 1725 2017 ,
1754 1952 1840 2021 qui
1872 1951 1983 2006 Deo

403 2040 717 2096 familiarius
745 2043 1013 2110 conjuncti
1048 2043 1331 2112 plurimum
1360 2043 1497 2113 apud
1530 2044 1678 2097 illum
1721 2052 1941 2113 possunt
1966 2084 1980 2108 ,

400 2149 690 2203 numquam
722 2134 962 2203 profecto
991 2150 1144 2189 orare
1165 2143 1219 2189 et
1239 2134 1522 2190 obsecrare
1550 2152 1645 2205 pro
1669 2135 1796 2189 mihi
1819 2137 1983 2190 caris-

399 2227 535 2281 simo
560 2230 732 2296 capite
773 2227 1087 2283 desisterem
1120 2246 1133 2281 :
1175 2229 1423 2299 quoniam
1463 2239 1641 2285 autem
1679 2230 1982 2300 hujusmodi

400 2321 541 2375 vires
567 2329 724 2390 atque
744 2322 1120 2375 conlidentiam
1142 2322 1272 2375 mihi
1295 2322 1555 2377 scelerum
1584 2339 1819 2377 meorum
1849 2326 1986 2378 mul-

399 2412 571 2465 titudo
596 2412 849 2478 abstulit,
880 2414 1164 2467 verborum
1192 2414 1610 2468 consolationem
1656 2415 1749 2469 tibi
1793 2413 1984 2469 ail'erre

400 2503 656 2557 conabor.
685 2503 814 2557 Nam
852 2515 905 2559 et
933 2505 983 2558 in
1017 2505 1080 2558 iis
1108 2505 1199 2575 qui
1229 2520 1484 2575 corporea
1512 2506 1647 2560 mala
1678 2506 1983 2562 valetudine

400 2596 685 2663 laborant,
716 2613 836 2651 cum
866 2597 1194 2653 medicorum
1234 2599 1303 2653 sit
1340 2598 1520 2669 fugare
1548 2599 1759 2654 dolores
1783 2642 1799 2666 ,
1833 2598 1980 2653 infir-

398 2691 745 2759 mitatemque
785 2704 1165 2761 compescere,
1212 2708 1317 2744 non
1361 2701 1536 2745 tamen
1584 2690 1794 2745 famulis
1821 2731 1837 2756 ,
1892 2691 1981 2760 qui

398 2789 523 2834 sunt
552 2780 606 2833 in
628 2781 921 2834 ministerio
941 2821 957 2846 ,
983 2780 1318 2835 interdicitur
1340 2782 1622 2835 verborum
1645 2782 1941 2835 consolatio
1964 2798 1979 2846 ;

401 2871 509 2925 imo
536 2886 665 2925 vero
688 2871 739 2923 hi
764 2873 993 2926 maxime
1020 2881 1146 2925 sunt
1170 2914 1185 2938 ,
1210 2874 1295 2942 qui
1321 2873 1561 2941 plurimis
1583 2874 1633 2926 in
1656 2872 1983 2927 consolando

399 2962 575 3017 verbis
603 2973 821 3016 utuntur
844 3004 859 3028 ,
887 2979 1007 3017 cum
1039 2979 1164 3033 erga
1194 2964 1439 3017 dominos
1466 2963 1603 3018 bene
1630 2963 1803 3018 affecti
1832 2974 1977 3017 sunt.

401 3054 457 3110 Si
489 3056 614 3124 quid
647 3057 822 3123 itaque
849 3056 1046 3111 dictum
1076 3057 1233 3111 fuerit
1259 3072 1289 3109 a
1319 3058 1475 3111 nobis
1498 3098 1511 3122 ,
1543 3057 1684 3127 quod
1712 3057 1855 3111 hunc
1885 3058 1983 3111 im-

400 3165 643 3203 mensum
685 3149 923 3204 dolorem
970 3158 1116 3204 tuum
1158 3152 1326 3220 possit
1368 3152 1744 3221 exstinguere,
1787 3153 1981 3206 factum

399 3244 501 3296 erit
528 3252 583 3296 ut
612 3254 897 3312 optamus:
928 3244 1008 3297 sin
1049 3258 1179 3297 vero
1216 3243 1521 3311 hujusmodi
1565 3243 1693 3298 nihil
1743 3245 1982 3299 invenire

400 3343 492 3386 aut
520 3333 663 3403 loqui
692 3335 1028 3403 potuerimus
1050 3374 1066 3399 ,
1098 3334 1425 3389 voluntatem
1476 3345 1651 3388 tamen
1694 3346 1933 3389 nostram
1962 3377 1978 3402 ,

401 3439 463 3477 ac
493 3427 819 3495 propositum
851 3426 938 3479 ille
966 3426 1280 3495 approbabit
1303 3466 1319 3490 ,
1361 3427 1449 3494 qui
1482 3442 1576 3496 per
1606 3427 1816 3480 beatum
1850 3427 1983 3480 Pau-

401 3515 510 3569 lnin
548 3515 691 3571 ﬂere
738 3532 859 3571 cum
909 3516 1196 3583 flentibus,
1248 3518 1642 3589 humilibusque
1694 3519 1982 3575 condolere

396 3607 556 3677 jussit
580 3607 598 3679 (
626 3607 779 3661 Rom.
814 3608 901 3663 12.
934 3607 1063 3681 15

475 3699 729 3770 Stagirius
754 3718 784 3753 a
815 3702 1041 3755 daemone
1070 3712 1297 3756 vexatur.
1331 3732 1399 3741 -
1421 3702 1642 3757 Videtur
1673 3703 1849 3773 itaque
1879 3719 1981 3757 una

402 3805 523 3845 esse
575 3806 733 3845 causa
778 3794 1026 3847 maeroris
1070 3794 1187 3860 tui,
1229 3794 1539 3863 nequissimi
1580 3795 1786 3849 scilicet
1828 3794 1983 3864 hujus

403 3882 662 3936 daemonis
686 3884 887 3937 insania
913 3901 926 3949 ;
957 3900 1137 3937 verum
1163 3885 1230 3939 ab
1254 3887 1353 3939 hac
1377 3885 1535 3938 veluti
1558 3886 1734 3940 radice
1756 3885 1982 3954 plurima

404 3975 574 4028 tristia
600 3975 725 4029 oriri
751 4017 764 4039 ,
790 3976 833 4029 si
857 3976 975 4044 quis
1001 3986 1143 4031 recte
1166 3978 1535 4046 perspexerit,
1561 3979 1945 4033 animadvertct
1968 3996 1980 4031 :

402 4065 544 4134 quod
577 4081 680 4119 non
708 4082 771 4120 ex
800 4069 1003 4135 ineipso
1026 4069 1183 4122 modo
1207 4070 1427 4138 colligo,
1451 4070 1543 4123 sed
1568 4086 1634 4123 ex
1667 4070 1771 4126 illis
1790 4112 1802 4133 ,
1827 4087 1946 4141 quae
1963 4113 1977 4136 ,

404 4156 529 4209 dum
557 4156 774 4211 adesses
798 4174 977 4210 coram
1003 4200 1019 4222 ,
1050 4169 1100 4213 te
1128 4159 1321 4229 smpius
1344 4171 1756 4229 conquerentem
1780 4162 1976 4215 audivi.

404 4249 584 4303 Primo
611 4256 662 4304 te
685 4265 855 4319 nuper
873 4267 993 4304 cum
1020 4251 1260 4304 smeulari
1283 4268 1431 4307 more
1451 4254 1659 4306 viveres
1682 4294 1696 4316 ,
1726 4252 1855 4306 nihil
1883 4254 1987 4308 tale

406 4357 619 4412 passum
646 4358 803 4408 esse;
836 4343 929 4399 sed
964 4360 1084 4398 cum
1124 4344 1348 4413 teipsum
1395 4344 1595 4398 mundo
1637 4345 1942 4398 crucifixisti
1968 4386 1984 4410 ,

409 4447 533 4491 tunc
561 4436 612 4490 in
640 4437 809 4490 morbi
840 4452 1055 4491 sensum
1083 4438 1294 4491 venisse
1317 4478 1333 4503 ,
1362 4452 1481 4507 qnze
1522 4452 1651 4492 sane
1695 4453 1781 4492 res
1822 4438 1988 4506 possit

409 4527 461 4581 in
512 4528 966 4597 perturbationem
1020 4528 1177 4598 inque
1226 4529 1650 4599 desperationem
1698 4530 1986 4598 conjicere.

404 4618 650 4672 Secundo
670 4659 685 4684 ,
709 4618 848 4687 quod
870 4634 1026 4688 quam
1054 4619 1309 4688 plurimos
1335 4620 1546 4674 noveris
1570 4662 1585 4686 ,
1613 4622 1737 4691 dum
1764 4621 1989 4677 delicate

403 4712 682 4776 viverent,
714 4710 813 4765 hac
840 4722 990 4781 peste
1017 4723 1289 4782 correptos
1313 4756 1326 4779 ,
1355 4730 1447 4769 eos
1471 4725 1645 4770 tamen
1673 4730 1835 4784 parvo
1861 4724 1980 4784 post

406 4813 645 4873 tempore
673 4806 741 4858 ita
767 4820 828 4859 ea
860 4807 1165 4861 inﬁmitate
1192 4808 1462 4874 liberatos,
1490 4818 1548 4862 ut
1573 4808 1820 4877 perfecta:
1847 4810 1987 4861 inte-

407 4895 582 4967 gritati
611 4896 840 4950 restituti
868 4906 921 4951 et
948 4914 1140 4953 uxores
1168 4899 1462 4965 ducerent,
1502 4909 1556 4953 et
1586 4900 1837 4968 plurimos
1869 4915 1991 4969 pro-

406 4995 657 5042 crearent
685 4986 878 5042 liberos
903 5030 916 5053 ,
945 4990 1297 5057 omnibusque
1318 4991 1437 5043 vitrc
1461 4994 1733 5059 prtesentis
1754 5006 1989 5044 commo-

406 5079 488 5133 dis
517 5080 823 5134 fruerentur
843 5123 856 5143 ,
883 5081 1119 5150 nihilque
1146 5083 1480 5150 postmodum
1508 5085 1609 5137 tale
1636 5094 1943 5152 paterentur
1972 5102 1985 5137 :

404 5181 588 5225 contra
616 5215 629 5239 ,
676 5182 728 5225 tu
757 5188 878 5227 cum
912 5184 1112 5227 tantum
1146 5184 1357 5245 tempus
1386 5175 1437 5229 in
1466 5176 1681 5243 jcjnniis
1709 5192 1771 5229 ac
1798 5192 1991 5246 perno-

404 5265 725 5319 ctationihus
749 5307 763 5329 ,
792 5274 847 5319 et
888 5268 1089 5335 reliqua
1120 5268 1243 5320 vita:
1280 5269 1590 5321 austeritate
1631 5268 1946 5322 contriveris
1971 5310 1985 5332 ,

407 5356 609 5409 nullam
651 5372 1009 5411 mrumnarum
1060 5367 1267 5411 tuarum
1322 5358 1686 5412 liberationem
1734 5358 1989 5413 hactenus

411 5447 699 5503 inveneris.
731 5448 916 5503 Tertio
938 5492 952 5515 ,
980 5450 1121 5519 quod
1163 5465 1283 5504 cum
1324 5459 1539 5504 sanctus
1568 5450 1659 5504 ille
1686 5451 1767 5505 vir
1791 5459 1989 5503 tantam

410 5540 463 5594 in
494 5542 715 5611 reliquis
739 5543 866 5597 viris
892 5544 1181 5613 potentiam
1208 5542 1502 5597 03tenderit
1523 5584 1538 5609 ,
1571 5542 1699 5595 nihil
1728 5542 1990 5612 ejusmodi

408 5634 641 5702 potuerit
668 5634 720 5688 in
748 5644 833 5687 tua
865 5635 1148 5688 dilectione
1178 5634 1437 5704 perficere
1457 5674 1471 5698 ,
1503 5649 1674 5703 neque
1702 5633 1815 5702 ipse
1840 5674 1854 5698 ,
1892 5648 1989 5687 ne-

408 5743 509 5781 one
536 5728 570 5781 ii
601 5744 689 5797 qui
715 5745 837 5784 cum
866 5730 957 5783 illo
981 5738 1171 5796 erant,
1217 5730 1307 5783 illo
1350 5730 1513 5786 etiam
1561 5731 1611 5784 in
1657 5729 1758 5783 hoc
1794 5742 1989 5799 genere

407 5823 771 5891 potentiores,
834 5839 1018 5879 verum
1060 5840 1244 5881 omnes
1290 5840 1347 5881 re
1395 5825 1586 5881 infecta
1633 5824 1725 5880 abs
1769 5831 1819 5879 te
1862 5836 1983 5877 cum

1256 366 1347 421 AD
1385 367 1752 427 STAGIBIUM
1794 370 1836 424 A
1880 370 2181 427 DIEMONE
2220 372 2577 429 VEXAI'UM.
2618 375 2744 431 LIB.
2786 375 2829 432 Ι.

3578 381 3682 436 Δὲϐ

2097 484 2292 540 rubore
2319 486 2679 544 discesserint.
2711 491 2791 545 Ad
2826 490 2943 546 haec
2970 492 3070 545 alia
3097 506 3160 547 ex
3200 500 3350 563 parte
3380 494 3599 549 nimium
3628 508 3679 550 te

2097 577 2216 644 angi
2254 577 2470 634 dicebas
2494 622 2508 645 ,
2556 581 2697 650 quod
2737 581 2809 637 ita
2849 583 3085 638 animum
3127 594 3272 638 tuum
3312 586 3391 640 vis
3434 589 3681 642 maeroris

2097 671 2472 739 occupaverit,
2496 683 2551 725 ut
2577 674 2771 742 sazpius
2794 690 2976 744 parum
3002 675 3140 731 absit
3166 676 3291 746 quin
3317 677 3381 730 ad
3408 676 3678 747 laqueum,

2097 760 2313 816 ﬂuvium
2368 772 2423 819 et
2466 767 2817 836 przecipitium
2866 783 3136 824 accurras.
3187 770 3384 838 Quinto
3429 770 3682 841 deinceps

2097 853 2215 905 loco
2241 893 2255 917 ,
2286 854 2428 923 quod
2458 857 2689 925 mquales
2712 866 2830 911 tuos
2850 867 2903 912 et
2923 859 3332 914 contubernales
3355 901 3369 923 ,
3393 860 3480 929 qui
3504 873 3679 916 tecum

2095 941 2257 996 vitam
2290 942 2425 997 hanc
2451 946 2723 1013 inierunt,
2771 949 3054 1017 tranquille
3098 960 3315 1019 agentes
3359 952 3594 1020 aspicis:
3630 960 3682 1007 te

2096 1049 2223 1089 vero
2245 1036 2550 1091 saevissime
2576 1041 2820 1108 procella:
2835 1041 3007 1095 adhuc
3028 1044 3326 1110 expositum
3349 1083 3363 1108 ,
3379 1050 3434 1097 et
3451 1045 3676 1111 carceri,

2095 1125 2187 1193 qui
2241 1128 2480 1182 omnium
2533 1132 2774 1195 profecto
2820 1133 3155 1187 miserrimus
3206 1142 3329 1199 est,
3386 1134 3679 1189 addictum.

2094 1214 2277 1285 Neque
2305 1217 2445 1271 enim
2477 1218 2559 1274 his
2589 1222 2677 1291 qui
2706 1222 2848 1276 ferro
2877 1223 3035 1277 vincti
3074 1232 3235 1287 sunt,
3276 1224 3345 1278 ita
3381 1224 3684 1295 lacryman-

2094 1307 2220 1362 dum
2249 1311 2527 1366 asserebas
2554 1355 2569 1378 ,
2598 1321 2657 1367 ut
2684 1314 2748 1368 iis
2776 1356 2790 1380 ,
2825 1315 2914 1389 qui
2954 1314 3259 1383 hujusmodi
3298 1325 3483 1371 catena
3523 1316 3680 1371 colli-

2095 1403 2199 1471 gati
2246 1404 2460 1459 fuerint.
2509 1405 2706 1461 Aiebas
2750 1414 2804 1463 et
2848 1406 2991 1462 aliud
3032 1422 3153 1462 esse
3190 1414 3451 1477 prmterea
3479 1450 3494 1475 ,
3537 1408 3678 1477 quod

2096 1501 2329 1555 maxime
2358 1507 2409 1554 te
2434 1499 2675 1553 turbaret.
2700 1517 2714 1553 ε
2748 1499 2921 1554 vereri
2950 1498 3091 1553 enim
3122 1513 3187 1555 ac
3216 1506 3447 1554 tremere
3470 1540 3485 1563 ,
3526 1515 3595 1554 ne
3634 1500 3678 1555 si

2095 1593 2192 1647 ista
2221 1601 2371 1662 pater
2400 1591 2595 1646 sentiat
2619 1632 2632 1655 ,
2660 1590 2906 1647 maximis
2935 1590 3142 1660 injuriis
3177 1599 3336 1661 atque
3372 1591 3669 1645 incommo-

2093 1685 2175 1738 dis
2200 1683 2395 1737 afliciat
2419 1692 2631 1736 sanctos
2662 1680 2780 1736 illos
2804 1722 2819 1747 ,
2850 1682 2939 1753 qui
2970 1690 3021 1737 te
3063 1697 3094 1735 a
3129 1681 3388 1751 principio
3430 1696 3681 1751 suscepe-

2093 1786 2215 1832 runt
2245 1796 2258 1830 :
2291 1779 2483 1847 quippe
2512 1775 2733 1830 summis
2779 1776 2980 1829 viribus
3019 1785 3176 1846 atque
3218 1775 3407 1845 opibus
3450 1774 3637 1829 fretum
3659 1817 3676 1841 ,

2092 1880 2251 1938 atque
2279 1869 2637 1939 indignatione
2666 1867 2985 1922 concitatum
3011 1909 3026 1934 ,
3070 1875 3259 1921 cuncta
3294 1866 3550 1921 adversus
3584 1881 3677 1920 eos

2092 1979 2366 2030 ausurum,
2394 1973 2449 2018 et
2496 1962 2624 2017 nulli
2676 1961 3000 2032 parciturum
3043 1958 3306 2027 vindiciis,
3339 1976 3405 2015 ex
3455 1960 3559 2014 illis
3588 1960 3676 2029 qui

2092 2055 2192 2108 sibi
2238 2054 2554 2108 occurrerit.
2596 2052 2661 2107 Et
2708 2052 2963 2107 hactenus
3016 2050 3229 2121 quidem
3282 2050 3517 2121 potuisse
3569 2066 3681 2104 ma-

2095 2155 2226 2201 trem
2272 2162 2385 2201 rem
2429 2156 2628 2215 gestam
2675 2145 2875 2199 notitiae
2914 2145 3081 2214 patris
3135 2143 3471 2208 subducere,
3518 2158 3679 2211 repu-

2092 2238 2323 2307 lisseqne
2362 2237 2511 2291 illum
2549 2250 2692 2305 saepe
2717 2280 2730 2302 ,
2760 2252 2879 2290 eum
2909 2237 2975 2290 de
3002 2246 3054 2290 te
3084 2236 3374 2306 inquireret
3403 2251 3417 2287 :
3450 2234 3562 2289 fore
3583 2249 3681 2287 an.

2094 2341 2199 2383 tem
2241 2340 2299 2383 ut
2344 2344 2595 2398 processu
2639 2329 2892 2398 temporis
2926 2327 3352 2397 deprehendatur
3380 2335 3531 2381 canta
3563 2325 3678 2380 ha‘c

2093 2422 2279 2474 matris
2322 2420 2629 2486 simulatio,
2663 2420 2878 2489 jamque
2923 2419 3013 2473 ille
3053 2427 3107 2472 et
3149 2418 3248 2486 ipsi
3300 2428 3354 2471 et
3404 2415 3679 2472 monachis

2092 2512 2353 2566 acerrime
2401 2511 2693 2565 immineat.
2747 2511 3022 2565 Postremo
3067 2509 3209 2579 quod
3274 2510 3510 2563 omnium
3566 2524 3681 2561 ma-

2096 2604 2269 2660 lorum
2330 2620 2637 2674 supremum
2678 2603 2887 2657 culmen
2933 2612 3050 2667 est,
3102 2602 3298 2656 nullam
3345 2601 3436 2657 tibi
3478 2610 3679 2656 certam

2094 2711 2215 2752 esse
2265 2694 2563 2750 futurorum
2607 2694 2983 2750 confidentiam
3026 2693 3277 2757 dicebas,
3307 2706 3479 2762 neque
3522 2707 3680 2761 aper-

2093 2789 2196 2843 tius
2243 2788 2422 2854 seire,
2467 2787 2509 2840 si
2554 2785 2767 2856 quando
2811 2783 2985 2838 futura
3026 2785 3096 2838 sit
3148 2782 3319 2837 morbi
3378 2782 3536 2853 hujus
3582 2782 3676 2836 ab-

2092 2879 2286 2932 solutio
2311 2886 2470 2947 atque
2498 2878 2739 2932 liberatio
2765 2918 2779 2941 ,
2808 2891 2926 2931 cum
2952 2917 2967 2938 ,
3016 2876 3209 2946 satpius
3259 2876 3357 2929 hac
3400 2882 3678 2943 exspecta-

2093 2970 2235 3024 tione
2264 2969 2441 3023 habita
2466 3010 2481 3035 ,
2511 2984 2695 3024 rursus
2725 2970 2777 3023 in
2808 2969 3053 3024 eamdem
3097 2968 3362 3022 miseriam
3404 2967 3675 3022 incideris.

2094 3061 2239 3114 Talia
2269 3070 2394 3116 sunt
2425 3060 2661 3130 profecto
2692 3060 2789 3114 ista
2816 3102 2832 3128 ,
2864 3076 2980 3128 quae
3009 3060 3243 3112 animum
3286 3059 3517 3113 maxime
3557 3073 3677 3128 per-

2092 3153 2309 3209 turbare
2360 3154 2603 3223 possint,
2648 3154 2953 3223 ingentique
2992 3152 3211 3221 implere
3269 3151 3531 3215 tumultu,
3581 3149 3675 3204 sed

2091 3243 2326 3298 animum
2358 3244 2637 3298 remissum
2664 3285 2679 3309 ,
2712 3244 3016 3311 imperitum
3056 3258 3119 3296 ac
3156 3240 3414 3296 desidem.
3445 3241 3513 3295 At
3549 3250 3676 3294 vere

2092 3350 2191 3389 nos
2219 3336 2262 3390 si
2291 3337 2592 3406 perspicere
2618 3337 2890 3406 paululum
2922 3335 3244 3389 voluerimus
3264 3377 3276 3397 ,
3300 3334 3677 3404 cogitationes-

2091 3443 2193 3498 que
2224 3429 2335 3498 pias
2363 3428 2670 3492 admovere,
2715 3427 2811 3483 bas
2855 3442 3042 3481 omnes
3073 3426 3318 3481 inueniris
3346 3440 3533 3478 causas
3564 3424 3677 3477 vel-

2092 3520 2167 3574 uti
2214 3520 2578 3574 tenuissimum
2609 3520 2882 3589 pulverem
2920 3518 3269 3573 excutiemus.
3319 3517 3460 3572 Cave
3500 3524 3677 3570 autem

2095 3620 2245 3681 putes
2276 3626 2362 3665 me
2402 3611 2561 3665 modo
2592 3612 2691 3665 ista
2723 3611 2921 3665 ideirco
2953 3620 3093 3663 tanta
3121 3607 3371 3663 facilitate
3396 3606 3632 3678 polliceri
3659 3647 3674 3666 ,

2092 3702 2233 3772 quod
2260 3713 2409 3757 extra
2441 3702 2680 3757 dolorem
2716 3705 2855 3756 hunc
2898 3701 3291 3770 procellamqne
3329 3714 3531 3754 verser.
3568 3698 3680 3752 Etsi

2093 3796 2233 3848 enim
2260 3795 2574 3865 quibusdam
2606 3794 2847 3849 fortassis
2876 3792 3199 3848 incredibilia
3228 3792 3408 3846 dicere
3432 3791 3675 3856 videbor,

2093 3887 2266 3941 dicam
2300 3895 2476 3940 tamen
2508 3903 2518 3937 :
2554 3901 2726 3954 neque
2752 3885 2891 3939 enim
2913 3898 3034 3938 cum
3060 3882 3277 3952 reliquis
3309 3891 3365 3936 tu
3388 3881 3517 3935 mihi
3546 3896 3678 3951 quo-

2094 3996 2197 4050 que
2226 3979 2382 4033 fidem
2415 3994 2519 4033 non
2555 3978 2790 4034 habebis.

2165 4070 2378 4123 Daemon
2406 4072 2509 4123 suis
2534 4074 2753 4140 formam
2790 4069 2991 4139 accipit.
3020 4098 3091 4109 —
3114 4066 3245 4121 Cum
3273 4066 3341 4121 ab
3370 4066 3523 4120 initio
3551 4080 3671 4120 sce-

2095 4162 2260 4216 lestus
2297 4161 2385 4215 ille
2415 4161 2624 4214 daemon
2652 4162 2888 4214 animam
2921 4161 3117 4213 invasit
3148 4170 3314 4223 tuam,
3360 4168 3520 4227 atque
3558 4172 3679 4211 cum

2096 4254 2304 4307 ueteris
2332 4253 2616 4322 prostravit
2642 4262 2907 4318 orantem,
2954 4267 3059 4305 non
3092 4250 3339 4321 equidem
3371 4259 3495 4304 tunc
3537 4264 3679 4317 prae-

2097 4360 2223 4399 sens
2273 4345 2512 4409 aderam,
2565 4344 2869 4414 gratiasque
2915 4358 3015 4411 ago
3057 4343 3476 4396 clementissimo
3522 4340 3676 4403 Deo;

2097 4434 2255 4489 didici
2302 4445 2476 4489 tamen
2505 4438 2682 4488 omnia
2713 4435 3137 4504 diligentissime,
3184 4449 3289 4487 non
3334 4448 3490 4486 secus
3534 4447 3596 4485 ac
3634 4431 3679 4484 si

2098 4527 2213 4595 ipse
2255 4525 2543 4579 affuissem.
2572 4525 2704 4579 Nam
2737 4524 3063 4593 'l‘heOpbilns
3092 4523 3372 4593 Ephesius,
3408 4523 3681 4588 utriusque

2098 4629 2339 4671 nostrum
2384 4618 2610 4683 amicus,
2644 4616 2913 4685 profectus
2940 4616 3007 4670 ad
3049 4630 3156 4681 me,
3198 4625 3386 4669 cuncta
3425 4615 3554 4668 mihi
3589 4629 3682 4682 per

2098 4712 2342 4765 ordinem
2371 4711 2574 4774 retulit,
2600 4711 2852 4765 distortas
2878 4726 3088 4775 manus,
3125 4716 3305 4763 torvos
3331 4709 3538 4773 oeulos,
3571 4724 3619 4758 oi
3639 4712 3683 4760 is

2096 4821 2362 4874 spumam.
2392 4804 2715 4858 horrendam
2748 4804 2888 4857 illam
2920 4814 2972 4857 et
2995 4802 3271 4857 confusam
3308 4816 3514 4865 vocem,
3554 4816 3676 4854 eor-

2098 4899 2245 4969 poris
2283 4908 2591 4961 tremorem,
2624 4898 2927 4951 diuturnam
2969 4910 3157 4950 sensus
3184 4894 3555 4964 privationem,
3597 4893 3678 4945 vi-

2097 5003 2324 5057 s'unque
2354 4986 2587 5041 terribile
2613 4987 2753 5055 quod
2797 5002 2857 5039 ea
2888 4997 3040 5040 nocte
3069 4998 3341 5040 05tensum
3378 4996 3478 5039 est.
3513 4984 3675 5037 Sucm

2099 5078 2242 5132 enim
2271 5079 2551 5147 quemdam
2593 5077 2977 5132 ferocissimum
3021 5077 3249 5129 maxima
3290 5074 3339 5127 vi
3371 5074 3465 5127 luti
3498 5073 3675 5143 inqui—

2098 5181 2280 5225 natum
2322 5173 2373 5225 in
2408 5180 2459 5225 te
2487 5171 2690 5225 insilire
2711 5170 2926 5241 jugiter,
2960 5179 3119 5239 atque
3164 5179 3335 5222 tecum
3364 5178 3676 5221 concertare

2098 5264 2308 5319 aiebat:
2337 5279 2563 5333 cumque
2589 5265 2634 5318 is
2655 5264 2743 5333 qui
2769 5264 2915 5332 juxta
2948 5262 3337 5327 obdormiebat,
3379 5276 3441 5314 ea
3474 5260 3676 5313 visione

2099 5359 2360 5424 turbatus,
2404 5366 2753 5427 experrectus
2791 5364 2954 5423 esset,
2998 5356 3265 5410 invenisse
3312 5363 3362 5409 te
3394 5368 3603 5407 rursum
3648 5368 3678 5406 a

2097 5451 2341 5506 dwmone
2370 5451 2569 5505 vexari.

2167 5544 2223 5597 2.
2263 5544 2393 5599 Cum
2418 5545 2575 5613 igitur
2600 5542 2713 5597 haec
2734 5542 2821 5597 ille
2846 5541 3204 5606 denuntiaret,
3230 5550 3448 5606 tantam,
3480 5546 3675 5604 fateor,

2098 5637 2344 5692 mmroris
2371 5636 2615 5690 nebulam
2652 5635 2780 5689 mihi
2807 5633 3011 5699 oﬂ'udit,
3036 5642 3284 5702 quantam
3327 5632 3413 5685 hic
3440 5632 3551 5699 ipse
3572 5631 3676 5683 du-

2095 5728 2343 5782 rissimus
2370 5727 2577 5781 dannon
2605 5730 2811 5782 caritati
2855 5737 2977 5781 tum.
3018 5727 3207 5781 Postea
3248 5740 3377 5778 vero
3402 5738 3556 5793 quam
3586 5740 3673 5777 nio

2099 5835 2166 5875 ex
2193 5819 2385 5878 acerbo
2414 5834 2476 5876 ac
2520 5819 2725 5876 diutino
2769 5819 2951 5875 dolore
2995 5816 3203 5886 collegi,
3236 5814 3365 5870 nihil
3397 5815 3523 5868 milii
3561 5813 3674 5881 jam
