4116 6392
441 346 537 400 42⁸7

435 466 490 517 in
520 457 719 518 mundo
738 474 916 532 grave,
942 459 1075 514 nihil
1102 460 1256 515 dulce
1281 459 1591 514 videbatur:
1613 457 1704 512 sed
1732 472 1851 510 cum
1873 455 2000 510 olim

434 556 720 608 vanitatem
750 553 928 607 saeculi
954 551 1276 620 contemptui
1303 550 1665 612 habuerim,ac
1693 547 1985 618 reprehen-

435 645 563 698 dere
595 643 783 698 solitus
811 642 931 706 sim,
965 649 1087 696 tunc
1119 642 1345 697 maxime
1371 640 1424 694 id
1453 654 1639 708 passus
1679 652 1818 704 sum,
1863 650 1979 691 ma-

429 736 620 803 jorque
648 733 872 787 affectus
898 731 965 786 ad
1003 731 1324 786 desiderium
1353 729 1515 785 subiit
1536 728 1835 783 dilectionis
1864 735 2000 791 tute;

433 824 628 893 quippe
652 839 711 876 ea
741 831 824 878 est
850 837 1066 876 casuum
1091 822 1316 875 tristium
1346 831 1552 883 natura,
1578 835 1696 890 qua:
1717 819 2003 873 amicitiam

434 930 724 984 peraugere
747 914 1051 969 consuevit:
1078 914 1237 982 idque
1259 929 1324 968 ex
1349 927 1415 967 eo
1440 912 1625 981 liquet,
1656 910 1796 982 quod
1825 909 2006 964 inimi-

433 1006 586 1060 citias
608 1020 816 1074 quoque
842 1005 995 1059 facile
1023 1020 1276 1059 revocare
1305 1004 1357 1058 in
1383 1003 1608 1074 gratiam
1654 1003 1842 1074 possit.
1869 1001 2003 1056 Nul-

435 1097 519 1151 lus
542 1098 686 1151 enim
720 1097 828 1150 fere
858 1105 963 1149 tam
995 1095 1261 1162 immanis,
1286 1106 1500 1162 tamque
1528 1094 1744 1149 insanus
1773 1101 1876 1160 est,
1915 1091 2004 1162 qui

433 1186 478 1239 si
509 1186 684 1240 videat
721 1187 865 1255 gravi
909 1187 1084 1255 aliquo
1109 1200 1236 1242 casu
1261 1185 1380 1254 angi
1422 1185 1717 1249 inimicum,
1749 1183 2006 1238 adversus

435 1275 580 1330 illum
601 1291 815 1331 servare
835 1275 1012 1330 odium
1041 1276 1226 1346 possit.
1253 1275 1401 1342 Quod
1431 1275 1477 1328 si
1508 1274 1841 1329 inimicorum
1867 1289 2004 1343 quo-

433 1383 536 1436 que
582 1367 916 1431 miseremur,
959 1381 1161 1436 eosque
1207 1365 1502 1420 amicorum
1549 1364 1809 1420 habemus
1858 1364 2000 1430 loco,

435 1472 556 1512 eum
579 1471 739 1525 grave
766 1456 962 1525 aliquid
991 1465 1151 1526 atque
1175 1455 1502 1524 insperatum
1541 1454 1661 1509 illos
1686 1454 1892 1524 perpeti
1919 1455 2001 1506 vi-

433 1545 655 1600 demus:
685 1547 985 1609 considera,
1024 1561 1226 1616 quaeso,
1276 1546 1555 1615 diligenter
1583 1545 1708 1615 quid
1753 1560 1839 1600 me
1868 1545 1998 1614 pati,

435 1653 605 1707 quove
633 1651 751 1692 esse
775 1638 952 1691 animo
979 1652 1200 1691 necesse
1226 1635 1405 1701 fuerit,
1435 1635 1563 1690 dum
1588 1650 1731 1702 eum,
1757 1649 1914 1705 quem
1935 1650 2002 1690 ex

433 1727 681 1782 omnibus
723 1729 953 1784 maxime
990 1729 1170 1799 diligo,
1204 1743 1466 1798 quemque
1504 1743 1610 1782 non
1641 1729 1816 1781 minus
1843 1742 2000 1797 quam

434 1833 521 1872 me
548 1832 728 1872 earum
773 1818 962 1884 habeo,
989 1818 1171 1873 vexari
1212 1819 1490 1885 acerrime,
1521 1833 1584 1873 ac
1615 1832 1842 1872 mmrore
1870 1817 2004 1872 dell-

434 1923 558 1962 cere
585 1907 843 1963 audirem.
873 1908 990 1963 Noli
1031 1909 1208 1978 itaque
1234 1919 1420 1978 putare
1457 1923 1556 1964 nos
1579 1907 1873 1964 vexationis
1899 1916 2005 1962 tum

435 1999 720 2065 immunes,
761 1998 993 2053 fomenta
1020 2000 1115 2054 tibi
1150 1999 1531 2054 consolationis
1556 1998 1860 2053 admovere.
1891 1998 2000 2051 Etsi

432 2089 576 2143 enim
592 2104 621 2142 a
641 2089 1036 2158 perturbatione
1054 2089 1231 2156 illa,ac
1247 2089 1544 2160 dejectione
1559 2087 1752 2158 diaboli
1769 2102 1887 2142 sum
1909 2087 2003 2142 Dei

433 2181 600 2249 gratia
629 2181 782 2244 liber,
822 2180 979 2250 hujus
1006 2189 1182 2236 tamen
1207 2181 1471 2236 maestitia:
1499 2195 1560 2235 ac
1589 2181 1787 2235 doloris
1823 2193 2002 2248 :equas

434 2279 611 2339 partes
631 2271 759 2324 mihi
777 2280 950 2325 tecum
973 2269 1182 2326 vindico
1212 2288 1226 2325 :
1251 2283 1410 2342 atque
1432 2272 1482 2326 in
1505 2272 1606 2325 hoc
1627 2271 1755 2324 mihi
1781 2269 2002 2324 credent

434 2362 524 2429 qui
553 2361 621 2414 ita
642 2371 697 2415 ut
713 2371 922 2431 oportet
949 2362 1168 2432 diligere
1189 2369 1470 2418 noverunt.
1491 2366 1601 2432 Age
1618 2377 1744 2431 ergo
1759 2361 1998 2415 excutia-

433 2467 552 2505 mus
574 2451 716 2506 hunc
742 2453 1012 2522 pulverem
1037 2471 1050 2507 :
1075 2454 1145 2508 ita
1173 2455 1314 2508 enim
1342 2455 1444 2508 erit
1468 2453 1760 2508 tolerabilis
1779 2467 1843 2506 ac
1869 2451 2000 2506 levis

436 2539 654 2610 hujusce
695 2541 775 2595 vis
807 2543 1068 2608 maeroris,
1099 2543 1143 2597 si
1169 2545 1493 2598 uoluerimus
1521 2542 1758 2598 cedendo
1789 2541 2003 2611 aegritu-

431 2629 540 2683 dini
569 2630 701 2683 trahi
730 2630 795 2684 ad
821 2633 1128 2701 praecipitia,
1159 2633 1254 2688 sed
1286 2634 1500 2703 vigilare
1540 2633 1737 2702 potius,
1791 2641 1846 2686 et
1872 2631 1999 2700 quid

431 2723 571 2778 facto
597 2739 730 2793 opus
757 2725 826 2778 sit
851 2727 1107 2794 cogitare.
1139 2725 1369 2780 Plurima
1396 2726 1537 2781 enim
1581 2741 1646 2781 ex
1678 2727 1740 2780 iis
1771 2742 1890 2796 qua:
1916 2727 1998 2779 vi-

430 2815 622 2869 dentur
649 2816 1014 2881 acerbissima,
1048 2818 1350 2887 priusquam
1371 2820 1747 2873 examinentur
1773 2819 1997 2888 diligen-

431 2907 558 2971 tius,
589 2907 765 2976 gravia
793 2916 1049 2977 putantur
1072 2920 1127 2962 et
1167 2909 1518 2963 intolerabilia
1542 2927 1554 2962 :
1583 2910 1626 2963 si
1672 2909 1790 2979 quis
1818 2919 1995 2964 tamen

426 3012 489 3052 ea
520 2997 724 3052 ratione
749 2998 1015 3067 discutiat,
1047 3001 1279 3054 inveniet
1314 3015 1434 3054 esse
1462 3001 1616 3070 longe
1645 3001 1892 3072 opinione
1916 3001 1995 3054 le-

427 3088 596 3153 viora,
625 3090 765 3160 quod
811 3091 971 3146 modo
1000 3106 1209 3162 quoque
1235 3091 1466 3147 futurum
1510 3109 1614 3147 non
1636 3093 1880 3162 despero.
1913 3092 1994 3148 Tu

429 3189 630 3236 tantum
657 3183 881 3252 teipsum
903 3185 1242 3254 erigc,neque
1269 3201 1417 3240 vana:
1435 3201 1497 3241 ac
1515 3187 1689 3241 stultae
1709 3186 1845 3256 vulgi
1875 3187 1994 3256 opi-

428 3274 573 3327 nioni
617 3276 989 3345 acquiescens,
1036 3277 1313 3333 fortiorem
1355 3289 1538 3334 contra
1586 3294 1684 3333 nos
1723 3280 1994 3334 inimicum

425 3374 647 3421 statuas.
687 3366 846 3436 Igitur
867 3369 909 3421 si
935 3369 1148 3438 quidem
1190 3369 1255 3424 ad
1281 3369 1512 3440 aliquem
1541 3369 1832 3424 inﬁdelium
1859 3369 1993 3424 mihi

426 3476 603 3515 sermo
644 3470 808 3526 esset,
833 3461 917 3517 vel
946 3475 1131 3515 eorum
1155 3458 1245 3529 qui
1276 3471 1399 3512 casu
1439 3456 1565 3511 ferri
1589 3456 1767 3508 omnia
1817 3456 2000 3509 existi-

427 3561 594 3615 mant,
625 3551 711 3606 vel
755 3565 940 3606 eorum
984 3552 1075 3619 qui
1119 3547 1456 3616 aequissimis
1495 3544 1775 3599 darmnniis
1820 3544 2002 3598 mundi

428 3642 814 3710 providentiam
857 3643 1148 3712 assignant,
1176 3639 1296 3706 plus
1325 3637 1452 3691 mihi
1497 3638 1703 3708 negotii
1731 3635 2005 3690 incumbe-

429 3740 532 3798 ret,
557 3732 962 3803 repellendaque
983 3732 1132 3802 prius
1156 3744 1378 3785 erronea
1406 3728 1591 3798 opinio
1619 3729 1825 3794 fuisset,
1845 3735 2004 3796 atque

426 3823 649 3877 veritate
675 3823 1016 3893 providentiae
1043 3831 1278 3884 ostensa,
1311 3827 1422 3874 tum
1465 3823 1679 3876 demum
1709 3817 2002 3874 consolatio

427 3912 800 3972 subinferenda
830 3920 972 3968 esset
1003 3929 1016 3965 :
1054 3913 1304 3982 quoniam
1331 3926 1463 3967 vero
1489 3911 1686 3966 Christi
1717 3910 1884 3980 gratia
1917 3908 2002 3962 in-

427 4020 660 4065 structus
689 4005 754 4065 ab
782 4003 1000 4064 infantia
1021 4019 1198 4061 sacras
1218 4002 1450 4061 didicisti
1477 4004 1674 4067 literas,
1696 4014 1928 4069 veraque
1946 4008 2004 4053 et

428 4100 677 4155 salutaria
691 4100 934 4168 dogmata
953 4115 1016 4153 ex
1036 4097 1296 4167 majorum
1314 4104 1522 4149 tuorum
1541 4091 1878 4148 successione
1894 4104 2003 4144 sus-

427 4192 637 4260 cepisti,
686 4191 860 4245 credis
887 4190 1086 4259 absque
1131 4189 1233 4241 ulla
1280 4185 1614 4240 luesitatione
1667 4184 1779 4237 Deo
1819 4196 2001 4235 curam

428 4299 549 4338 esse
577 4283 644 4336 de
686 4281 955 4342 omnibus,
1003 4290 1056 4332 et
1103 4279 1172 4332 de
1211 4277 1292 4331 his
1332 4275 1567 4330 maxime
1613 4272 1704 4343 qui
1746 4272 1848 4326 sibi
1895 4271 2000 4326 ﬁde

425 4373 593 4444 juncti
622 4383 776 4439 sunt;
809 4373 1006 4427 omissa
1035 4370 1134 4425 hac
1164 4379 1333 4439 parte,
1363 4366 1578 4421 aliunde
1607 4378 1881 4420 sumamus
1921 4364 2001 4417 in-

430 4467 600 4520 itium.
627 4465 894 4533 Principio
921 4479 1040 4518 cum
1065 4463 1280 4532 angelos
1305 4468 1512 4516 crearet
1534 4460 1676 4513 Deus
1701 4475 1716 4525 ;
1742 4457 1849 4510 imo
1876 4470 2002 4511 vero

429 4569 488 4614 ut
511 4559 671 4613 altius
695 4558 919 4612 ducatur
947 4555 1154 4611 oratio:
1185 4563 1470 4623 antequam
1499 4553 1717 4622 angelos
1743 4550 2001 4606 conderet

427 4652 777 4718 caalestesqne
817 4647 1050 4715 reliquas
1074 4645 1332 4707 Virtutes,
1384 4643 1526 4698 Deus
1569 4650 1685 4697 erat
1732 4642 1848 4696 sine
1892 4640 2002 4695 ullo

431 4756 680 4812 umquam
726 4738 1016 4795 exsistendi
1045 4737 1325 4808 principio.
1355 4734 1487 4821 pum
1527 4750 1658 4790 vero
1686 4734 1882 4789 nullius
1923 4733 2004 4788 rei

430 4850 593 4905 egens
635 4847 848 4902 semper
888 4839 1050 4894 esset,
1082 4828 1135 4884 id
1174 4828 1375 4898 quippe
1399 4827 1672 4896 proprium
1711 4825 2002 4880 divinitatis

430 4934 530 4988 est,
561 4923 761 4979 creavit
786 4920 1027 4990 angelos,
1058 4917 1427 4988 archangelos,
1451 4931 1742 4985 omnesque
1769 4915 2002 4985 reliquas

431 5017 771 5084 incorporeas
800 5011 1143 5066 substantias.
1186 5008 1400 5064 Creavit
1425 5021 1552 5061 vero
1581 5007 1650 5061 ob
1673 5007 1816 5061 aliud
1847 5006 1998 5072 nihil,

433 5109 532 5163 nisi
557 5108 667 5162 sola
692 5105 943 5160 bonitatis
967 5119 1077 5157 sua:
1103 5116 1281 5156 causa.
1307 5100 1542 5168 Quorum
1575 5099 1717 5153 enim
1748 5099 2003 5169 obsequio

433 5215 538 5254 non
563 5198 850 5270 indigebat,
880 5211 1164 5267 numquam
1192 5209 1284 5250 eos
1307 5191 1546 5262 profecto
1565 5191 1871 5254 creavisset,
1897 5191 1999 5245 nisi

429 5307 680 5360 supreme
705 5293 876 5346 bonus
904 5299 1072 5345 esset.
1115 5288 1244 5343 Post
1269 5286 1482 5340 illorum
1517 5299 1648 5339 vero
1673 5284 2000 5339 creationem

430 5383 558 5438 fecit
583 5382 855 5437 hominem
882 5382 996 5451 ipsa
1026 5379 1228 5434 scilicet
1247 5389 1406 5446 atque
1431 5375 1617 5431 eadem
1639 5389 1821 5438 causa,
1850 5390 2004 5428 mun-

429 5475 666 5544 dumque
695 5471 834 5527 hunc
859 5484 1097 5527 omnem.
1139 5483 1296 5538 quem
1337 5482 1458 5522 cum
1504 5464 1800 5519 innumeris
1847 5463 2001 5518 bonis

431 5564 778 5634 insigniisset,
806 5576 1026 5631 parvum
1057 5559 1202 5614 illum
1231 5567 1286 5614 et
1310 5557 1620 5612 vilissimum
1648 5554 1731 5609 his
1757 5553 2003 5608 omnibus

431 5657 684 5729 praefecit,
727 5655 830 5710 hoc
877 5653 1022 5709 illum
1065 5653 1117 5707 in
1157 5659 1296 5705 terra
1325 5648 1673 5711 constituens,
1719 5645 1858 5716 quod
1890 5645 2004 5713 ipse

432 5757 572 5804 esset
599 5748 652 5804 in
679 5747 830 5804 czelo.
858 5741 1011 5812 Quod
1041 5743 1185 5799 enim
1210 5742 1313 5797 ait:
1349 5738 1616 5795 Faciamus
1647 5738 1894 5794 hominem
1934 5736 2002 5790 ad

1169 343 1226 401 8.
1266 343 1540 399 JOANNIS
1574 338 2046 398 CIIRYSOSTOMI
2090 339 2408 396 ARCHIEP.
2449 341 2977 399 CONSTANTINOP.

3573 345 3677 401 428

2111 454 2379 523 imaginem
2406 465 2452 508 et
2479 455 2855 510 similitudinem
2879 467 3100 510 nostram
3124 453 3275 527 (Gen.
3313 457 3364 510 1.
3391 455 3510 527 26),
3546 460 3678 516 nihil

2113 542 2254 596 aliud
2293 542 2550 613 profecto,
2587 561 2743 614 quam
2772 545 2872 599 sub
2896 544 3096 600 ditione
3129 544 3244 614 ejus
3269 547 3437 614 posita
3464 556 3676 602 terrena

2112 644 2300 688 cuncta
2320 635 2594 705 signiﬁcat.
2617 635 2747 690 Cum
2768 637 2926 706 igitur
2951 635 3018 689 ita
3041 636 3185 690 illum
3207 635 3476 692 conditum
3500 637 3554 691 in
3571 647 3679 692 tan-

2111 733 2166 778 to
2205 725 2406 778 honore
2430 725 2677 792 locasset,
2704 726 2864 780 veluti
2891 727 3000 796 regi
3030 726 3225 795 regiam
3252 726 3552 796 paradisum
3577 728 3675 798 ipsi

2112 822 2445 870 terrenorum
2467 817 2701 870 omnium
2731 817 3138 886 pulcherrimam
3161 816 3342 872 sedem
3365 818 3674 888 assignavit.

2110 903 2309 960 Volens
2337 915 2591 976 praeterea
2622 906 2723 976 ipsi
2751 907 2852 961 alia
2873 921 3084 978 quoque
3101 922 3167 962 ex
3194 917 3344 978 parte
3368 909 3675 976 ostendere,

2112 1005 2367 1064 quantum
2395 996 2693 1051 animantes
2732 997 2964 1068 reliquas
3006 998 3210 1054 honore
3256 1000 3675 1068 transcenderet,

2107 1083 2326 1140 adducit
2351 1085 2419 1140 ad
2446 1086 2594 1140 illum
2640 1101 2848 1153 omnes,
2878 1103 2941 1143 ac
2980 1090 3194 1144 nomina
3237 1091 3457 1160 singulis
3501 1091 3676 1162 impo-

2109 1190 2238 1229 nere
2257 1173 2436 1244 jubet;
2468 1177 2778 1247 nullumque
2806 1193 2876 1233 ex
2903 1177 2988 1233 his
3026 1179 3079 1234 in
3109 1179 3427 1249 adjutorium
3453 1180 3544 1236 dat
3575 1182 3673 1249 illi,

2109 1281 2426 1337 causamque
2465 1269 2705 1336 protinus
2733 1269 3021 1339 adjiciens:
3058 1269 3180 1325 Non
3201 1273 3354 1334 enim,
3381 1273 3567 1342 inquit,
3594 1274 3675 1328 in-

2108 1367 2282 1410 ventus
2300 1367 2373 1411 est
2390 1359 2595 1429 adjutor
2619 1359 2796 1414 similis
2813 1361 2861 1414 ei
2882 1360 3032 1430 (Gen.
3053 1360 3110 1414 2.
3135 1360 3249 1432 20).
3271 1361 3403 1416 Cum
3427 1378 3556 1418 vero
3581 1379 3676 1434 per

2109 1448 2223 1503 haec
2247 1450 2425 1504 omnia
2450 1449 2683 1505 medium
2708 1452 2983 1522 utriusque
3025 1461 3227 1508 naturae
3255 1469 3379 1509 eum
3423 1471 3543 1511 esse
3578 1456 3674 1512 do-

2107 1541 2322 1607 cuisset,
2361 1541 2608 1612 quodque
2635 1545 2881 1598 omnibus
2908 1555 3049 1600 esset
3090 1548 3203 1616 ipse
3247 1548 3554 1604 honoratior
3589 1550 3675 1603 ni-

2108 1627 2286 1698 hilque
2313 1642 2456 1686 esset
2481 1632 2555 1686 illi
2584 1634 2776 1698 simile,
2808 1643 2932 1690 tunc
2957 1644 3012 1690 et
3043 1637 3317 1692 mulierem
3345 1646 3512 1705 creat,
3540 1649 3595 1694 et
3620 1639 3673 1695 in

2108 1719 2210 1776 hoc
2251 1723 2398 1777 illum
2428 1739 2611 1779 rursus
2658 1725 2927 1782 bonorans
2971 1728 3412 1800 manifestumque
3453 1731 3672 1800 faciens,

2106 1811 2245 1879 quod
2291 1813 2430 1868 illam
2477 1830 2686 1886 quoque
2731 1816 2897 1886 ipsius
2939 1819 3106 1888 gratia
3141 1829 3393 1885 creasset,
3436 1821 3571 1876 sicut
3618 1833 3675 1878 et

2107 1901 2302 1957 Paulus
2327 1904 2402 1957 ait
2433 1922 2447 1957 :
2482 1904 2622 1972 Non,
2655 1907 2842 1976 inquit,
2873 1917 3067 1962 creatus
3103 1917 3175 1963 est
3215 1910 3291 1962 vir
3331 1921 3534 1980 propter
3556 1929 3674 1966 mu—

2106 1992 2293 2059 lierem,
2323 1995 2411 2048 sed
2435 1997 2613 2049 mulier
2637 2007 2842 2067 propter
2874 1999 3037 2050 virum
3065 1996 3141 2070 (ί.
3165 1999 3281 2053 Cor.
3323 2001 3411 2056 ll.
3444 1998 3521 2072 9).
3556 2001 3674 2058 Non

2105 2097 2281 2144 autem
2310 2088 2392 2145 his
2422 2098 2624 2145 tantum
2654 2093 2798 2146 illum
2839 2091 3142 2158 honoravit,
3173 2109 3356 2148 verum
3387 2103 3442 2149 et
3465 2110 3675 2150 sermo-

2107 2191 2228 2233 nem
2251 2179 2322 2233 illi
2349 2180 2438 2234 nni
2468 2196 2534 2236 ex
2560 2183 2806 2236 omnibus
2827 2182 3044 2251 largitus
3071 2193 3171 2246 est,
3198 2184 3384 2254 suique
3413 2184 3557 2238 illum
3580 2202 3675 2239 no-

2107 2269 2250 2325 tione
2279 2271 2520 2341 dignatus
2546 2282 2646 2340 est,
2674 2287 2737 2327 ac
2763 2288 2860 2328 suo
2888 2273 3034 2329 dedit
3064 2274 3164 2328 frui
3184 2275 3473 2340 consortio,
3509 2291 3675 2345 quan-
3742 2262 3746 2263 ν

2105 2369 2215 2415 tum
2259 2361 2360 2416 frui
2388 2362 2545 2417 homo
2584 2373 2810 2432 poterat.
2844 2363 3242 2420 [inmortalitate
3280 2375 3536 2434 praeterea
3573 2365 3675 2419 do-

2105 2450 2334 2504 nandum
2366 2453 2626 2519 promisit,
2654 2469 2966 2524 summaque
2987 2454 3228 2524 implevit
3252 2455 3527 2525 sapientia,
3565 2457 3674 2526 Spi-

2103 2541 2344 2597 ritualem
2373 2543 2445 2597 illi
2461 2545 2682 2614 gratiam
2708 2545 2985 2613 adjiciens,
3005 2547 3141 2601 adeo
3159 2558 3218 2601 ut
3239 2548 3487 2602 nonnulla
3514 2550 3673 2605 etiam

2103 2631 2433 2700 praediceret.
2474 2633 2702 2704 Haecque
2729 2635 2805 2689 illi
2847 2636 3023 2689 omnia
3055 2637 3268 2708 largitus
3296 2648 3397 2703 est,
3443 2655 3562 2694 cum
3590 2651 3672 2694 ta-

2103 2737 2221 2774 men
2250 2722 2316 2776 ab
2351 2739 2416 2777 eo
2442 2724 2582 2779 nulla
2621 2736 2745 2780 ante
2779 2735 2926 2782 recte
2961 2727 3097 2782 facta
3136 2731 3512 2784 manavissent.
3535 2730 3672 2797 Quid

2103 2810 2260 2879 igitur
2304 2813 2390 2868 ille
2417 2815 2433 2845 ¹
2465 2823 2585 2884 post
2630 2823 2771 2869 tanta
2820 2826 3032 2886 tamque
3066 2819 3348 2889 singularia
3377 2819 3673 2876 beneﬁcia?

2100 2900 2345 2956 Benefico
2368 2918 2465 2958 suo
2491 2904 2594 2958 ﬁde
2621 2905 2914 2976 digniorem
2950 2908 3218 2980 inimicum
3249 2911 3535 2966 arbitratus
3561 2925 3667 2978 est,

2098 3002 2382 3062 spretoque
2409 2995 2653 3049 mandato
2670 2996 2958 3053 conditoris
2985 2997 3240 3052 fallaciam
3259 2999 3396 3054 illius
3418 3003 3668 3070 praztulit,

2099 3081 2185 3149 qui
2203 3095 2261 3136 se
2279 3082 2498 3151 perdere
2518 3085 2735 3139 omnino
2753 3086 3007 3155 bonisque
3027 3088 3271 3143 omnibus
3285 3090 3477 3159 ejicere
3492 3093 3672 3162 cupie-

2097 3173 2446 3230 bat.Pra:tulit
2469 3186 2793 3243 autem,cum
2817 3189 2989 3234 tamen
3012 3181 3214 3234 nullum
3232 3197 3400 3250 neque
3423 3198 3666 3254 magnum

2098 3281 2267 3336 neque
2283 3283 2497 3337 parvum
2519 3270 2828 3326 beneficium
2845 3273 2910 3326 ab
2927 3288 2991 3326 eo
3006 3282 3146 3327 esset
3163 3285 3519 3345 consequutus
3535 3277 3670 3332 sola-

2096 3373 2199 3426 que
2214 3359 2432 3414 verbum
2453 3361 2571 3430 ejus
2606 3377 2731 3416 aurc
2761 3363 3100 3432 percepisset.
3121 3363 3256 3417 Num
3283 3381 3409 3418 vero
3428 3366 3621 3419 delevit
3645 3370 3666 3400 '

2107 3444 2250 3499 illum
2283 3447 2441 3511 Deus,
2473 3454 2615 3499 tanta
2642 3445 2832 3513 ingrati
2861 3445 3023 3499 animi
3049 3447 3198 3515 signa
3226 3444 3293 3498 ab
3323 3445 3474 3499 initio
3497 3444 3670 3500 statim

2105 3547 2261 3605 atque
2287 3537 2352 3590 ab
2378 3537 2522 3606 ipsis,
2557 3547 2613 3591 ut
2652 3538 2722 3590 ita
2756 3537 3000 3601 dixerim,
3047 3535 3200 3591 stadii
3229 3536 3526 3591 carceribus
3565 3551 3677 3606 pne

2105 3642 2164 3681 se
2190 3626 2483 3681 ferentem?
2512 3627 2623 3681 Hoc
2651 3628 2792 3682 enim
2819 3628 3037 3696 justitia:
3077 3628 3215 3682 ratio
3256 3627 3572 3696 postulabat,
3618 3637 3674 3678 ut

2107 3718 2173 3783 is,
2201 3717 2291 3787 qui
2327 3718 2617 3772 innumeris
2653 3728 2808 3773 antea
2831 3717 3050 3773 affectus
3075 3718 3345 3773 beneficiis
3374 3719 3441 3771 ab
3487 3716 3672 3770 inobe-

2105 3806 2302 3862 dientia
2325 3810 2502 3862 statim
2527 3818 2684 3878 atque
2713 3809 3090 3878 ingratitudine
3113 3809 3235 3862 vitae
3256 3809 3400 3862 initia
3425 3809 3673 3877 cepisset,

2105 3900 2375 3954 deleretur
2400 3910 2560 3970 atque
2583 3900 2649 3956 de
2675 3901 2853 3955 medio
2891 3899 3212 3955 auferretur.
3240 3901 3379 3954 Deus
3409 3915 3534 3955 vero
3570 3915 3676 3954 non

2106 3990 2281 4045 minus
2300 4004 2454 4059 quam
2477 3999 2630 4044 antea
2649 3990 2786 4045 bene
2812 3990 2885 4044 illi
2913 3991 3086 4045 facere
3109 3990 3357 4058 perstitit,
3382 3987 3672 4043 ostendens

2106 4094 2203 4148 per
2248 4079 2369 4146 hoc,
2412 4081 2553 4149 quod
2581 4095 2679 4135 nos
2717 4081 2818 4136 etsi
2865 4081 3057 4135 millies
3099 4094 3379 4150 peccemus
3424 4081 3677 4148 illumque

2105 4184 2432 4237 aversemur,
2461 4171 2573 4240 ipse
2595 4181 2769 4226 tamen
2791 4171 2946 4226 saluti
2973 4178 3167 4226 nostra:
3191 4170 3500 4240 prospicere
3529 4185 3676 4224 num-

2105 4279 2264 4330 quam
2284 4262 2511 4328 desistit,
2556 4274 2613 4318 ut
2638 4265 2684 4319 si
2723 4263 2937 4334 quidem
2967 4264 3214 4319 conversi
3241 4263 3518 4328 fuerimus,
3562 4278 3680 4318 ser-

2106 4371 2325 4411 vemur:
2355 4356 2436 4411 sin
2475 4365 2652 4412 autem
2699 4356 2752 4410 in
2799 4356 2943 4411 vitiis
2983 4357 3518 4425 perseveraverimus,
3563 4355 3680 4424 ipse

2106 4435 2286 4501 tamen
2313 4446 2454 4516 quod
2481 4461 2632 4501 suum
2658 4456 2774 4501 erat
2809 4446 3001 4502 fecisse
3028 4446 3353 4500 advertatur.
3395 4445 3574 4516 Itaque
3597 4446 3679 4498 vi-

2106 4537 2300 4592 dentur
2325 4537 2535 4607 quidem
2558 4537 2748 4606 ejectio
2770 4537 2856 4591 illa
2886 4552 2919 4592 e
2945 4537 3212 4606 paradiso,
3243 4536 3477 4606 lignique
3504 4536 3681 4601 vitalis

2108 4628 2370 4694 inhibitio,
2393 4629 2684 4698 mortisque
2709 4628 3001 4692 mulctatio,
3045 4629 3333 4684 cruciantis
3361 4643 3483 4684 esse
3521 4637 3682 4698 atque

2110 4719 2420 4788 punientis:
2467 4728 2591 4774 sunt
2630 4729 2808 4773 autem
2859 4719 3244 4789 providentiam
3291 4719 3526 4788 gerentis
3569 4732 3678 4772 non

2109 4811 2282 4864 minus
2302 4826 2459 4880 quam
2484 4812 2682 4880 priora.
2710 4809 2826 4864 Etsi
2854 4811 2997 4865 enim
3021 4810 3262 4865 mirabile
3291 4810 3345 4864 id
3382 4809 3522 4878 quod
3543 4809 3678 4864 dici-

2108 4918 2228 4957 mus
2253 4903 2480 4966 videtur,
2508 4903 2844 4958 verissimum
2880 4910 2964 4958 est
2988 4911 3164 4957 tamen
3199 4921 3213 4956 :
3245 4917 3308 4956 ea
3341 4903 3536 4971 quippe
3560 4917 3681 4971 quae

2111 4993 2325 5055 fiebant,
2353 5005 2471 5048 cum
2501 4994 2765 5048 contraria
2813 4993 3140 5058 viderentur,
3187 5009 3294 5046 uno
3334 5004 3508 5046 tamen
3547 5007 3681 5046 con-

2106 5086 2361 5156 cordique
2404 5086 2508 5141 ﬁne
2551 5077 2650 5140 sibi
2696 5086 2922 5140 invicem
2969 5085 3394 5141 consentiebant.
3435 5084 3680 5152 Exempli

2107 5193 2266 5233 causa
2307 5195 2320 5230 :
2350 5177 2491 5247 quod
2531 5177 2676 5230 illum
2710 5177 2934 5232 exclusit
2962 5192 2992 5230 a
3023 5169 3287 5246 paradiso,
3318 5174 3460 5245 quod
3494 5183 3678 5230 contra

2109 5269 2411 5340 paradisum
2455 5270 2753 5336 collocavit,
2803 5279 2856 5323 et
2904 5270 3072 5322 vetuit
3117 5268 3314 5339 lignum
3346 5268 3492 5333 vitae,
3539 5265 3681 5335 quod

2111 5361 2392 5416 mortalem
2432 5359 2574 5427 fecit,
2616 5359 2757 5429 quod
2800 5359 3013 5413 interim
3043 5373 3106 5414 ea
3146 5359 3409 5412 sententia
3437 5369 3683 5424 superior

2109 5454 2256 5507 visus
2283 5463 2364 5508 est
2390 5470 2405 5506 :
2445 5451 2578 5518 haec,
2611 5451 2844 5521 inquam,
2877 5451 3076 5517 omnia,
3108 5464 3313 5504 necnon
3355 5463 3475 5518 qua:
3499 5462 3565 5501 ex
3597 5446 3684 5499 his

2109 5553 2526 5614 consequuntur,
2550 5559 2648 5614 pro
2698 5543 2814 5612 ejus
2838 5541 3011 5599 salute
3055 5552 3110 5600 et
3134 5541 3336 5598 honore
3363 5550 3509 5611 gesta
3535 5550 3682 5593 sunt.

2175 5683 2192 5714 ι
2227 5686 2276 5728 tn
2301 5678 2463 5732 Morel.
2491 5678 2650 5735 deest,
2673 5674 2771 5734 ίιω.

2177 5744 2198 5775 ³
2229 5742 2364 5793 savii.
2391 5740 2537 5802 addit,
2558 5739 2638 5792 die
2659 5737 2794 5792 mtltt'.
