  <div class='ocr_page' id='page_1' title='image "/cluster/home/n/w/nwhite01/storage/ocr_20150623/47/nnc1.0046978321/390.png"; bbox 0 0 4116 6392; ppageno 0'>
   <div class='ocr_carea' id='block_1_1' title="bbox 363 315 465 375">
    <p class='ocr_par' dir='ltr' id='par_1_1' title="bbox 363 315 465 375">
     <span class='ocr_line' id='line_1_1' title="bbox 363 315 465 375; baseline 0.029 -3"><span class='ocrx_word' id='word_1_1' title='bbox 363 315 465 375; x_wconf 72' lang='grc' dir='ltr'>ἐῒΙ</span> 
     </span>
    </p>
   </div>
   <div class='ocr_carea' id='block_1_2' title="bbox 363 431 2026 507">
    <p class='ocr_par' dir='ltr' id='par_1_2' title="bbox 363 431 2026 507">
     <span class='ocr_line' id='line_1_2' title="bbox 363 431 2026 507; baseline -0.002 -18"><span class='ocrx_word' id='word_1_2' title='bbox 363 434 553 493; x_wconf 85' lang='grc' dir='ltr'>δεινὸν,</span> <span class='ocrx_word' id='word_1_3' title='bbox 594 432 717 486; x_wconf 74' lang='grc' dir='ltr'>οὔτε</span> <span class='ocrx_word' id='word_1_4' title='bbox 768 432 879 487; x_wconf 91' lang='grc' dir='ltr'>τῶν</span> <span class='ocrx_word' id='word_1_5' title='bbox 913 431 1085 504; x_wconf 79' lang='grc' dir='ltr'>ἡδέων</span> <span class='ocrx_word' id='word_1_6' title='bbox 1139 431 1266 504; x_wconf 74' lang='grc' dir='ltr'>ήδύο</span> <span class='ocrx_word' id='word_1_7' title='bbox 1302 432 1439 487; x_wconf 84' lang='grc' dir='ltr'>ἀλλά</span> <span class='ocrx_word' id='word_1_8' title='bbox 1484 433 1683 507; x_wconf 82' lang='grc' dir='ltr'>πολλὴν</span> <span class='ocrx_word' id='word_1_9' title='bbox 1720 434 1815 488; x_wconf 76' lang='grc' dir='ltr'>καί.</span> <span class='ocrx_word' id='word_1_10' title='bbox 1857 433 2026 487; x_wconf 83' lang='grc' dir='ltr'>πάλαι</span> 
     </span>
    </p>
   </div>
   <div class='ocr_carea' id='block_1_3' title="bbox 362 522 2026 595">
    <p class='ocr_par' dir='ltr' id='par_1_3' title="bbox 362 522 2026 595">
     <span class='ocr_line' id='line_1_3' title="bbox 362 522 2026 595; baseline -0.002 -17"><span class='ocrx_word' id='word_1_11' title='bbox 362 524 473 579; x_wconf 90' lang='grc' dir='ltr'>τῶν</span> <span class='ocrx_word' id='word_1_12' title='bbox 499 525 556 576; x_wconf 92' lang='grc' dir='ltr'>ἐν</span> <span class='ocrx_word' id='word_1_13' title='bbox 578 524 657 594; x_wconf 83' lang='grc' dir='ltr'>τῷ</span> <span class='ocrx_word' id='word_1_14' title='bbox 685 523 783 594; x_wconf 84' lang='grc' dir='ltr'>βίῳ</span> <span class='ocrx_word' id='word_1_15' title='bbox 819 523 1158 595; x_wconf 84' lang='grc' dir='ltr'>ματαιότητα</span> <span class='ocrx_word' id='word_1_16' title='bbox 1192 523 1557 594; x_wconf 82' lang='grc' dir='ltr'>κατεγνωκὼς</span> <span class='ocrx_word' id='word_1_17' title='bbox 1575 565 1589 587; x_wconf 96' lang='grc'>,</span> <span class='ocrx_word' id='word_1_18' title='bbox 1638 523 1818 594; x_wconf 89' lang='grc' dir='ltr'>πολλῷ</span> <span class='ocrx_word' id='word_1_19' title='bbox 1864 522 2026 576; x_wconf 89' lang='grc' dir='ltr'>πλέον</span> 
     </span>
    </p>
   </div>
   <div class='ocr_carea' id='block_1_4' title="bbox 360 611 2027 685">
    <p class='ocr_par' dir='ltr' id='par_1_4' title="bbox 360 611 2027 685">
     <span class='ocr_line' id='line_1_4' title="bbox 360 611 2027 685; baseline 0.001 -21"><span class='ocrx_word' id='word_1_20' title='bbox 360 613 520 665; x_wconf 87' lang='grc' dir='ltr'>τοῦτο</span> <span class='ocrx_word' id='word_1_21' title='bbox 550 611 749 667; x_wconf 77' lang='grc' dir='ltr'>ἔπαθον</span> <span class='ocrx_word' id='word_1_22' title='bbox 778 612 929 677; x_wconf 89' lang='grc' dir='ltr'>τότε,</span> <span class='ocrx_word' id='word_1_23' title='bbox 984 613 1079 666; x_wconf 72' lang='grc' dir='ltr'>καὶ</span> <span class='ocrx_word' id='word_1_24' title='bbox 1123 612 1323 683; x_wconf 86' lang='grc' dir='ltr'>μείζων</span> <span class='ocrx_word' id='word_1_25' title='bbox 1356 631 1423 684; x_wconf 90' lang='grc' dir='ltr'>με</span> <span class='ocrx_word' id='word_1_26' title='bbox 1456 614 1618 678; x_wconf 90' lang='grc' dir='ltr'>πόθος</span> <span class='ocrx_word' id='word_1_27' title='bbox 1654 624 1674 645; x_wconf 90' lang='grc'><strong>·</strong></span> <span class='ocrx_word' id='word_1_28' title='bbox 1706 613 1880 685; x_wconf 73' lang='grc' dir='ltr'>εἰσῄει</span> <span class='ocrx_word' id='word_1_29' title='bbox 1928 612 2027 683; x_wconf 84' lang='grc' dir='ltr'>τῆς</span> 
     </span>
    </p>
   </div>
   <div class='ocr_carea' id='block_1_5' title="bbox 364 699 2022 774">
    <p class='ocr_par' dir='ltr' id='par_1_5' title="bbox 364 699 2022 774">
     <span class='ocr_line' id='line_1_5' title="bbox 364 699 2022 774; baseline 0.001 -22"><span class='ocrx_word' id='word_1_30' title='bbox 364 699 645 763; x_wconf 81' lang='grc' dir='ltr'>εὐλαϐείας</span> <span class='ocrx_word' id='word_1_31' title='bbox 671 700 769 769; x_wconf 88' lang='grc' dir='ltr'>τῆς</span> <span class='ocrx_word' id='word_1_32' title='bbox 801 700 922 770; x_wconf 90' lang='grc' dir='ltr'>σῆς.</span> <span class='ocrx_word' id='word_1_33' title='bbox 965 700 1206 772; x_wconf 78' lang='grc' dir='ltr'>Τοιαύτη</span> <span class='ocrx_word' id='word_1_34' title='bbox 1241 702 1350 774; x_wconf 87' lang='lat'>7&amp;9</span> <span class='ocrx_word' id='word_1_35' title='bbox 1369 705 1402 773; x_wconf 90' lang='grc' dir='ltr'>ή</span> <span class='ocrx_word' id='word_1_36' title='bbox 1436 702 1597 772; x_wconf 84' lang='grc' dir='ltr'>φύσις</span> <span class='ocrx_word' id='word_1_37' title='bbox 1628 703 1738 756; x_wconf 90' lang='grc' dir='ltr'>τῶν</span> <span class='ocrx_word' id='word_1_38' title='bbox 1764 701 2022 772; x_wconf 72' lang='grc' dir='ltr'>ἀνιαρῶψ</span> 
     </span>
    </p>
   </div>
   <div class='ocr_carea' id='block_1_6' title="bbox 365 790 2028 864">
    <p class='ocr_par' dir='ltr' id='par_1_6' title="bbox 365 790 2028 864">
     <span class='ocr_line' id='line_1_6' title="bbox 365 790 2028 864; baseline 0.001 -23"><span class='ocrx_word' id='word_1_39' title='bbox 365 790 653 845; x_wconf 73' lang='grc' dir='ltr'>ἐπιτείνειν</span> <span class='ocrx_word' id='word_1_40' title='bbox 699 790 856 845; x_wconf 85' lang='grc' dir='ltr'>εῐωθε</span> <span class='ocrx_word' id='word_1_41' title='bbox 887 792 985 856; x_wconf 86' lang='grc' dir='ltr'>τὰς</span> <span class='ocrx_word' id='word_1_42' title='bbox 1032 792 1214 862; x_wconf 88' lang='grc' dir='ltr'>φιλίας</span> <span class='ocrx_word' id='word_1_43' title='bbox 1259 794 1366 860; x_wconf 77' lang='grc' dir='ltr'>ἀεὶ,</span> <span class='ocrx_word' id='word_1_44' title='bbox 1402 795 1495 848; x_wconf 76' lang='grc' dir='ltr'>καὶ</span> <span class='ocrx_word' id='word_1_45' title='bbox 1528 794 1686 864; x_wconf 88' lang='grc' dir='ltr'>δῆλον</span> <span class='ocrx_word' id='word_1_46' title='bbox 1717 795 1779 847; x_wconf 82' lang='grc' dir='ltr'>ἐκ</span> <span class='ocrx_word' id='word_1_47' title='bbox 1811 791 1906 845; x_wconf 90' lang='grc' dir='ltr'>τοῦ</span> <span class='ocrx_word' id='word_1_48' title='bbox 1934 791 2028 844; x_wconf 74' lang='grc' dir='ltr'>καὶ</span> 
     </span>
    </p>
   </div>
   <div class='ocr_carea' id='block_1_7' title="bbox 364 877 2026 953">
    <p class='ocr_par' dir='ltr' id='par_1_7' title="bbox 364 877 2026 953">
     <span class='ocr_line' id='line_1_7' title="bbox 364 877 2026 953; baseline 0.001 -23"><span class='ocrx_word' id='word_1_49' title='bbox 364 877 462 941; x_wconf 90' lang='grc' dir='ltr'>τάς</span> <span class='ocrx_word' id='word_1_50' title='bbox 495 878 693 951; x_wconf 83' lang='grc' dir='ltr'>ἔχθρας</span> <span class='ocrx_word' id='word_1_51' title='bbox 734 879 994 934; x_wconf 90' lang='grc' dir='ltr'>δύνασθαι</span> <span class='ocrx_word' id='word_1_52' title='bbox 1038 882 1275 936; x_wconf 84' lang='grc' dir='ltr'>διαλύειν</span> <span class='ocrx_word' id='word_1_53' title='bbox 1313 882 1570 946; x_wconf 82' lang='grc' dir='ltr'>εὐκόλως.</span> <span class='ocrx_word' id='word_1_54' title='bbox 1606 883 1739 936; x_wconf 86' lang='grc' dir='ltr'>Οὑδέ</span> <span class='ocrx_word' id='word_1_55' title='bbox 1767 881 1876 953; x_wconf 86' lang='grc' dir='ltr'>γάρ</span> <span class='ocrx_word' id='word_1_56' title='bbox 1911 880 2026 934; x_wconf 87' lang='grc' dir='ltr'>ἐστί</span> 
     </span>
    </p>
   </div>
   <div class='ocr_carea' id='block_1_8' title="bbox 363 966 2026 1043">
    <p class='ocr_par' dir='ltr' id='par_1_8' title="bbox 363 966 2026 1043">
     <span class='ocr_line' id='line_1_8' title="bbox 363 966 2026 1043; baseline 0.002 -25"><span class='ocrx_word' id='word_1_57' title='bbox 363 983 446 1030; x_wconf 89' lang='grc' dir='ltr'>τις</span> <span class='ocrx_word' id='word_1_58' title='bbox 483 966 654 1031; x_wconf 86' lang='grc' dir='ltr'>οὑτως</span> <span class='ocrx_word' id='word_1_59' title='bbox 686 969 867 1035; x_wconf 87' lang='grc' dir='ltr'>άθλιος</span> <span class='ocrx_word' id='word_1_60' title='bbox 903 970 1024 1026; x_wconf 90' lang='grc' dir='ltr'>οὑδέ</span> <span class='ocrx_word' id='word_1_61' title='bbox 1077 972 1302 1041; x_wconf 83' lang='grc' dir='ltr'>ἠλίθιος,</span> <span class='ocrx_word' id='word_1_62' title='bbox 1351 972 1410 1037; x_wconf 75' lang='grc' dir='ltr'>ὃς</span> <span class='ocrx_word' id='word_1_63' title='bbox 1446 972 1589 1043; x_wconf 86' lang='grc' dir='ltr'>ὀρῶν</span> <span class='ocrx_word' id='word_1_64' title='bbox 1626 971 1895 1040; x_wconf 82' lang='grc' dir='ltr'>ἀλγοῦντα</span> <span class='ocrx_word' id='word_1_65' title='bbox 1936 970 2026 1023; x_wconf 79' lang='grc' dir='ltr'>τὸν</span> 
     </span>
    </p>
   </div>
   <div class='ocr_carea' id='block_1_9' title="bbox 363 1054 2029 1132">
    <p class='ocr_par' dir='ltr' id='par_1_9' title="bbox 363 1054 2029 1132">
     <span class='ocr_line' id='line_1_9' title="bbox 363 1054 2029 1132; baseline 0.004 -26"><span class='ocrx_word' id='word_1_66' title='bbox 363 1054 554 1127; x_wconf 91' lang='grc' dir='ltr'>ἐχθρὸν</span> <span class='ocrx_word' id='word_1_67' title='bbox 573 1098 587 1121; x_wconf 92' lang='grc'>,</span> <span class='ocrx_word' id='word_1_68' title='bbox 622 1058 909 1129; x_wconf 89' lang='grc' dir='ltr'>δυνήσεται</span> <span class='ocrx_word' id='word_1_69' title='bbox 938 1060 1168 1130; x_wconf 80' lang='grc' dir='ltr'>φυλάξαι</span> <span class='ocrx_word' id='word_1_70' title='bbox 1192 1060 1291 1132; x_wconf 81' lang='grc' dir='ltr'>τὴν</span> <span class='ocrx_word' id='word_1_71' title='bbox 1318 1061 1610 1132; x_wconf 88' lang='grc' dir='ltr'>ἀπέχθειαν</span> <span class='ocrx_word' id='word_1_72' title='bbox 1639 1062 1737 1132; x_wconf 81' lang='grc' dir='ltr'>τήν</span> <span class='ocrx_word' id='word_1_73' title='bbox 1761 1060 1899 1131; x_wconf 90' lang='grc' dir='ltr'>πρὸς</span> <span class='ocrx_word' id='word_1_74' title='bbox 1932 1060 2029 1113; x_wconf 84' lang='grc' dir='ltr'>αὑ-</span> 
     </span>
    </p>
   </div>
   <div class='ocr_carea' id='block_1_10' title="bbox 360 1145 2023 1219">
    <p class='ocr_par' dir='ltr' id='par_1_10' title="bbox 360 1145 2023 1219">
     <span class='ocr_line' id='line_1_10' title="bbox 360 1145 2023 1219; baseline 0.005 -25"><span class='ocrx_word' id='word_1_75' title='bbox 360 1146 474 1201; x_wconf 88' lang='grc' dir='ltr'>τόν.</span> <span class='ocrx_word' id='word_1_76' title='bbox 518 1146 578 1198; x_wconf 86' lang='grc' dir='ltr'><strong>Εἰ</strong></span> <span class='ocrx_word' id='word_1_77' title='bbox 614 1145 671 1198; x_wconf 81' lang='grc' dir='ltr'>δὲ</span> <span class='ocrx_word' id='word_1_78' title='bbox 716 1145 944 1219; x_wconf 81' lang='grc' dir='ltr'>ἐχθροὺς</span> <span class='ocrx_word' id='word_1_79' title='bbox 1000 1148 1257 1219; x_wconf 75' lang='grc' dir='ltr'>ἐλεοῦμεν</span> <span class='ocrx_word' id='word_1_80' title='bbox 1309 1149 1403 1203; x_wconf 77' lang='grc' dir='ltr'>καί</span> <span class='ocrx_word' id='word_1_81' title='bbox 1449 1149 1636 1217; x_wconf 88' lang='grc' dir='ltr'>φίλους</span> <span class='ocrx_word' id='word_1_82' title='bbox 1686 1148 2023 1218; x_wconf 85' lang='grc' dir='ltr'>ποιούμεθα⁹</span> 
     </span>
    </p>
   </div>
   <div class='ocr_carea' id='block_1_11' title="bbox 361 1231 2027 1308">
    <p class='ocr_par' dir='ltr' id='par_1_11' title="bbox 361 1231 2027 1308">
     <span class='ocr_line' id='line_1_11' title="bbox 361 1231 2027 1308; baseline 0.004 -24"><span class='ocrx_word' id='word_1_83' title='bbox 361 1231 491 1284; x_wconf 81' lang='grc' dir='ltr'>ὅταν</span> <span class='ocrx_word' id='word_1_84' title='bbox 517 1250 571 1285; x_wconf 92' lang='grc' dir='ltr'>τι</span> <span class='ocrx_word' id='word_1_85' title='bbox 600 1232 709 1287; x_wconf 89' lang='grc' dir='ltr'>τῶν</span> <span class='ocrx_word' id='word_1_86' title='bbox 756 1233 1065 1306; x_wconf 85' lang='grc' dir='ltr'>ἀϐουλήτων</span> <span class='ocrx_word' id='word_1_87' title='bbox 1097 1236 1487 1308; x_wconf 80' lang='grc' dir='ltr'>ὑπομείναντες</span> <span class='ocrx_word' id='word_1_88' title='bbox 1515 1237 1737 1308; x_wconf 86' lang='grc' dir='ltr'>ῖδωμεν,</span> <span class='ocrx_word' id='word_1_89' title='bbox 1774 1238 2027 1308; x_wconf 88' lang='grc' dir='ltr'>ἐννόησον</span> 
     </span>
    </p>
   </div>
   <div class='ocr_carea' id='block_1_12' title="bbox 359 1318 2026 1396">
    <p class='ocr_par' dir='ltr' id='par_1_12' title="bbox 359 1318 2026 1396">
     <span class='ocr_line' id='line_1_12' title="bbox 359 1318 2026 1396; baseline 0.004 -24"><span class='ocrx_word' id='word_1_90' title='bbox 359 1319 414 1372; x_wconf 85' lang='grc' dir='ltr'>τί</span> <span class='ocrx_word' id='word_1_91' title='bbox 449 1320 676 1391; x_wconf 81' lang='grc' dir='ltr'>πάσχειν</span> <span class='ocrx_word' id='word_1_92' title='bbox 705 1322 849 1386; x_wconf 83' lang='grc' dir='ltr'>είκὸς</span> <span class='ocrx_word' id='word_1_93' title='bbox 876 1318 943 1393; x_wconf 80' lang='grc' dir='ltr'>ἦν</span> <span class='ocrx_word' id='word_1_94' title='bbox 974 1332 1059 1394; x_wconf 80' lang='grc' dir='ltr'>μὲ,</span> <span class='ocrx_word' id='word_1_95' title='bbox 1095 1324 1186 1378; x_wconf 92' lang='grc' dir='ltr'>τὸν</span> <span class='ocrx_word' id='word_1_96' title='bbox 1212 1326 1463 1380; x_wconf 77' lang='grc' dir='ltr'>ἁπάντων</span> <span class='ocrx_word' id='word_1_97' title='bbox 1495 1343 1585 1396; x_wconf 91' lang='grc' dir='ltr'>μοι</span> <span class='ocrx_word' id='word_1_98' title='bbox 1612 1325 1865 1394; x_wconf 89' lang='grc' dir='ltr'>φίλτατον</span> <span class='ocrx_word' id='word_1_99' title='bbox 1885 1366 1899 1390; x_wconf 94' lang='grc'>,</span> <span class='ocrx_word' id='word_1_100' title='bbox 1932 1327 2026 1380; x_wconf 78' lang='grc' dir='ltr'>καὶ</span> 
     </span>
    </p>
   </div>
   <div class='ocr_carea' id='block_1_13' title="bbox 360 1407 2035 1485">
    <p class='ocr_par' dir='ltr' id='par_1_13' title="bbox 360 1407 2035 1485">
     <span class='ocr_line' id='line_1_13' title="bbox 360 1407 2035 1485; baseline 0.004 -25"><span class='ocrx_word' id='word_1_101' title='bbox 360 1407 420 1460; x_wconf 79' lang='grc' dir='ltr'>δν</span> <span class='ocrx_word' id='word_1_102' title='bbox 449 1407 560 1462; x_wconf 78' lang='grc' dir='ltr'>ἴσον</span> <span class='ocrx_word' id='word_1_103' title='bbox 603 1408 721 1478; x_wconf 86' lang='grc' dir='ltr'>ἀγω</span> <span class='ocrx_word' id='word_1_104' title='bbox 744 1410 844 1479; x_wconf 89' lang='grc' dir='ltr'>τῆς</span> <span class='ocrx_word' id='word_1_105' title='bbox 891 1411 1129 1481; x_wconf 77' lang='grc' dir='ltr'>ἐμαυτοῦ</span> <span class='ocrx_word' id='word_1_106' title='bbox 1179 1413 1441 1483; x_wconf 82' lang='grc' dir='ltr'>κεφαλῆς,</span> <span class='ocrx_word' id='word_1_107' title='bbox 1470 1415 1529 1469; x_wconf 92' lang='grc' dir='ltr'>ἐν</span> <span class='ocrx_word' id='word_1_108' title='bbox 1552 1416 1665 1478; x_wconf 87' lang='grc' dir='ltr'>τοῖς</span> <span class='ocrx_word' id='word_1_109' title='bbox 1708 1414 2035 1485; x_wconf 78' lang='grc' dir='ltr'>ἀνηκέστοις</span> 
     </span>
    </p>
   </div>
   <div class='ocr_carea' id='block_1_14' title="bbox 360 1494 2025 1574">
    <p class='ocr_par' dir='ltr' id='par_1_14' title="bbox 360 1494 2025 1574">
     <span class='ocr_line' id='line_1_14' title="bbox 360 1494 2025 1574; baseline 0.004 -27"><span class='ocrx_word' id='word_1_110' title='bbox 360 1494 572 1566; x_wconf 81' lang='grc' dir='ltr'>ὁρῶντα</span> <span class='ocrx_word' id='word_1_111' title='bbox 621 1498 760 1551; x_wconf 87' lang='grc' dir='ltr'>κατὰ</span> <span class='ocrx_word' id='word_1_112' title='bbox 804 1499 897 1552; x_wconf 91' lang='grc' dir='ltr'>τὸν</span> <span class='ocrx_word' id='word_1_113' title='bbox 929 1501 1028 1571; x_wconf 90' lang='grc' dir='ltr'>τῆς</span> <span class='ocrx_word' id='word_1_114' title='bbox 1069 1500 1306 1571; x_wconf 83' lang='grc' dir='ltr'>ἀθυμίας</span> <span class='ocrx_word' id='word_1_115' title='bbox 1334 1502 1511 1571; x_wconf 90' lang='grc' dir='ltr'>λόγον.</span> <span class='ocrx_word' id='word_1_116' title='bbox 1546 1502 1699 1572; x_wconf 84' lang='grc' dir='ltr'>Μηδὲ</span> <span class='ocrx_word' id='word_1_117' title='bbox 1733 1502 1762 1542; x_wconf 77' lang='grc' dir='ltr'>ι)</span> <span class='ocrx_word' id='word_1_118' title='bbox 1794 1502 2025 1574; x_wconf 77' lang='grc' dir='ltr'>νομίσῃς</span> 
     </span>
    </p>
   </div>
   <div class='ocr_carea' id='block_1_15' title="bbox 358 1584 2026 1663">
    <p class='ocr_par' dir='ltr' id='par_1_15' title="bbox 358 1584 2026 1663">
     <span class='ocr_line' id='line_1_15' title="bbox 358 1584 2026 1663; baseline 0.003 -26"><span class='ocrx_word' id='word_1_119' title='bbox 358 1586 509 1654; x_wconf 85' lang='grc' dir='ltr'>ήμᾶς</span> <span class='ocrx_word' id='word_1_120' title='bbox 534 1584 639 1651; x_wconf 82' lang='grc' dir='ltr'>ἐξω</span> <span class='ocrx_word' id='word_1_121' title='bbox 663 1586 762 1656; x_wconf 86' lang='grc' dir='ltr'>τῆς</span> <span class='ocrx_word' id='word_1_122' title='bbox 786 1586 1016 1656; x_wconf 76' lang='grc' dir='ltr'>θλίψεως</span> <span class='ocrx_word' id='word_1_123' title='bbox 1057 1590 1275 1644; x_wconf 83' lang='grc' dir='ltr'>ἑστάναι</span> <span class='ocrx_word' id='word_1_124' title='bbox 1320 1590 1421 1661; x_wconf 86' lang='grc' dir='ltr'>τῆς</span> <span class='ocrx_word' id='word_1_125' title='bbox 1448 1590 1567 1661; x_wconf 88' lang='grc' dir='ltr'>σῆς,</span> <span class='ocrx_word' id='word_1_126' title='bbox 1597 1591 1731 1663; x_wconf 84' lang='grc' dir='ltr'>μηδὲ</span> <span class='ocrx_word' id='word_1_127' title='bbox 1752 1589 1838 1644; x_wconf 90' lang='grc' dir='ltr'>διά</span> <span class='ocrx_word' id='word_1_128' title='bbox 1867 1590 2026 1643; x_wconf 90' lang='grc' dir='ltr'>τοῦτο</span> 
     </span>
    </p>
   </div>
   <div class='ocr_carea' id='block_1_16' title="bbox 358 1673 2024 1750">
    <p class='ocr_par' dir='ltr' id='par_1_16' title="bbox 358 1673 2024 1750">
     <span class='ocr_line' id='line_1_16' title="bbox 358 1673 2024 1750; baseline 0.002 -24"><span class='ocrx_word' id='word_1_129' title='bbox 358 1673 458 1743; x_wconf 75' lang='grc' dir='ltr'>τήν</span> <span class='ocrx_word' id='word_1_130' title='bbox 492 1674 837 1745; x_wconf 87' lang='grc' dir='ltr'>παράκλησιν</span> <span class='ocrx_word' id='word_1_131' title='bbox 880 1675 1226 1748; x_wconf 78' lang='grc' dir='ltr'>ὑποπτεύσῃς</span> <span class='ocrx_word' id='word_1_132' title='bbox 1253 1676 1351 1749; x_wconf 78' lang='grc' dir='ltr'>τὴν</span> <span class='ocrx_word' id='word_1_133' title='bbox 1379 1679 1539 1750; x_wconf 85' lang='grc' dir='ltr'>ἐμήν.</span> <span class='ocrx_word' id='word_1_134' title='bbox 1572 1678 1637 1733; x_wconf 85' lang='grc' dir='ltr'>Εἰ</span> <span class='ocrx_word' id='word_1_135' title='bbox 1664 1677 1771 1749; x_wconf 83' lang='grc' dir='ltr'>γὰρ</span> <span class='ocrx_word' id='word_1_136' title='bbox 1797 1679 1889 1733; x_wconf 76' lang='grc' dir='ltr'>καί</span> <span class='ocrx_word' id='word_1_137' title='bbox 1928 1676 2024 1731; x_wconf 90' lang='grc' dir='ltr'>τοῦ</span> 
     </span>
    </p>
   </div>
   <div class='ocr_carea' id='block_1_17' title="bbox 360 1764 2023 1842">
    <p class='ocr_par' dir='ltr' id='par_1_17' title="bbox 360 1764 2023 1842">
     <span class='ocr_line' id='line_1_17' title="bbox 360 1764 2023 1842; baseline 0.003 -25"><span class='ocrx_word' id='word_1_138' title='bbox 360 1764 771 1835; x_wconf 82' lang='grc' dir='ltr'>σπαράττεσθαι</span> <span class='ocrx_word' id='word_1_139' title='bbox 828 1765 922 1820; x_wconf 87' lang='grc' dir='ltr'>καί</span> <span class='ocrx_word' id='word_1_140' title='bbox 956 1768 1387 1823; x_wconf 90' lang='grc' dir='ltr'>καταϐάλλεσθαι</span> <span class='ocrx_word' id='word_1_141' title='bbox 1429 1774 1581 1842; x_wconf 85' lang='grc' dir='ltr'>παρά</span> <span class='ocrx_word' id='word_1_142' title='bbox 1632 1769 1727 1823; x_wconf 91' lang='grc' dir='ltr'>τοῦ</span> <span class='ocrx_word' id='word_1_143' title='bbox 1784 1768 2023 1841; x_wconf 89' lang='grc' dir='ltr'>πονηροῦ</span> 
     </span>
    </p>
   </div>
   <div class='ocr_carea' id='block_1_18' title="bbox 357 1852 2024 1929">
    <p class='ocr_par' dir='ltr' id='par_1_18' title="bbox 357 1852 2024 1929">
     <span class='ocr_line' id='line_1_18' title="bbox 357 1852 2024 1929; baseline 0.003 -25"><span class='ocrx_word' id='word_1_144' title='bbox 357 1852 611 1923; x_wconf 84' lang='grc' dir='ltr'>δαίμονος</span> <span class='ocrx_word' id='word_1_145' title='bbox 640 1853 728 1907; x_wconf 85' lang='grc' dir='ltr'>διά</span> <span class='ocrx_word' id='word_1_146' title='bbox 751 1853 851 1925; x_wconf 82' lang='grc' dir='ltr'>τὴν</span> <span class='ocrx_word' id='word_1_147' title='bbox 882 1854 977 1908; x_wconf 91' lang='grc' dir='ltr'>τοῦ</span> <span class='ocrx_word' id='word_1_148' title='bbox 997 1854 1134 1909; x_wconf 83' lang='grc' dir='ltr'>Θεοῦ</span> <span class='ocrx_word' id='word_1_149' title='bbox 1159 1858 1318 1928; x_wconf 83' lang='grc' dir='ltr'>χάριν</span> <span class='ocrx_word' id='word_1_150' title='bbox 1338 1856 1717 1929; x_wconf 83' lang='grc' dir='ltr'>ἀπήλλαγμαι,</span> <span class='ocrx_word' id='word_1_151' title='bbox 1766 1856 1865 1927; x_wconf 86' lang='grc' dir='ltr'>τῆς</span> <span class='ocrx_word' id='word_1_152' title='bbox 1891 1856 2024 1925; x_wconf 88' lang='grc' dir='ltr'>γοῦν</span> 
     </span>
    </p>
   </div>
   <div class='ocr_carea' id='block_1_19' title="bbox 357 1939 2025 2017">
    <p class='ocr_par' dir='ltr' id='par_1_19' title="bbox 357 1939 2025 2017">
     <span class='ocr_line' id='line_1_19' title="bbox 357 1939 2025 2017; baseline 0.004 -25"><span class='ocrx_word' id='word_1_153' title='bbox 357 1939 592 2010; x_wconf 86' lang='grc' dir='ltr'>ἀθυμίας</span> <span class='ocrx_word' id='word_1_154' title='bbox 615 1940 711 2011; x_wconf 88' lang='grc' dir='ltr'>τῆς</span> <span class='ocrx_word' id='word_1_155' title='bbox 734 1941 820 1995; x_wconf 84' lang='grc' dir='ltr'>διὰ</span> <span class='ocrx_word' id='word_1_156' title='bbox 855 1942 1029 1997; x_wconf 91' lang='grc' dir='ltr'>ταῦτα</span> <span class='ocrx_word' id='word_1_157' title='bbox 1057 1945 1151 1997; x_wconf 82' lang='grc' dir='ltr'>καὶ</span> <span class='ocrx_word' id='word_1_158' title='bbox 1182 1944 1281 2015; x_wconf 84' lang='grc' dir='ltr'>τῆς</span> <span class='ocrx_word' id='word_1_159' title='bbox 1308 1945 1499 2017; x_wconf 83' lang='grc' dir='ltr'>ὀδύνης</span> <span class='ocrx_word' id='word_1_160' title='bbox 1526 1946 1585 1999; x_wconf 90' lang='grc' dir='ltr'>τὸ</span> <span class='ocrx_word' id='word_1_161' title='bbox 1615 1946 1729 1999; x_wconf 86' lang='grc' dir='ltr'>ῐσον</span> <span class='ocrx_word' id='word_1_162' title='bbox 1763 1962 1845 1998; x_wconf 91' lang='grc' dir='ltr'>σοι</span> <span class='ocrx_word' id='word_1_163' title='bbox 1873 1946 2025 2015; x_wconf 90' lang='grc' dir='ltr'>φέρω</span> 
     </span>
    </p>
   </div>
   <div class='ocr_carea' id='block_1_20' title="bbox 362 2028 2024 2103">
    <p class='ocr_par' dir='ltr' id='par_1_20' title="bbox 362 2028 2024 2103">
     <span class='ocr_line' id='line_1_20' title="bbox 362 2028 2024 2103; baseline 0.004 -24"><span class='ocrx_word' id='word_1_164' title='bbox 362 2028 545 2098; x_wconf 86' lang='grc' dir='ltr'>μέρος,</span> <span class='ocrx_word' id='word_1_165' title='bbox 580 2030 674 2081; x_wconf 81' lang='grc' dir='ltr'>καὶ</span> <span class='ocrx_word' id='word_1_166' title='bbox 694 2029 868 2092; x_wconf 78' lang='grc' dir='ltr'>οὐδεὶς</span> <span class='ocrx_word' id='word_1_167' title='bbox 896 2030 963 2083; x_wconf 82' lang='grc' dir='ltr'>ἂν</span> <span class='ocrx_word' id='word_1_168' title='bbox 991 2032 1311 2103; x_wconf 89' lang='grc' dir='ltr'>ἀπιστήσειέ</span> <span class='ocrx_word' id='word_1_169' title='bbox 1340 2050 1430 2103; x_wconf 94' lang='grc' dir='ltr'>μοι</span> <span class='ocrx_word' id='word_1_170' title='bbox 1461 2032 1571 2086; x_wconf 86' lang='grc' dir='ltr'>τῶν</span> <span class='ocrx_word' id='word_1_171' title='bbox 1604 2032 1820 2087; x_wconf 84' lang='grc' dir='ltr'>εἰδότων</span> <span class='ocrx_word' id='word_1_172' title='bbox 1850 2032 2024 2102; x_wconf 84' lang='grc' dir='ltr'>φιλεῖν</span> 
     </span>
    </p>
   </div>
   <div class='ocr_carea' id='block_1_21' title="bbox 356 2114 2024 2193">
    <p class='ocr_par' dir='ltr' id='par_1_21' title="bbox 356 2114 2024 2193">
     <span class='ocr_line' id='line_1_21' title="bbox 356 2114 2024 2193; baseline 0.004 -26"><span class='ocrx_word' id='word_1_173' title='bbox 356 2114 433 2177; x_wconf 86' lang='grc' dir='ltr'>ῶς</span> <span class='ocrx_word' id='word_1_174' title='bbox 449 2115 553 2186; x_wconf 81' lang='grc' dir='ltr'>χρὴ</span> <span class='ocrx_word' id='word_1_175' title='bbox 589 2116 780 2185; x_wconf 78' lang='grc' dir='ltr'>φιλεῖν.</span> <span class='ocrx_word' id='word_1_176' title='bbox 811 2118 947 2189; x_wconf 82' lang='grc' dir='ltr'>Φέρε</span> <span class='ocrx_word' id='word_1_177' title='bbox 980 2114 1073 2173; x_wconf 78' lang='grc' dir='ltr'>οῦν</span> <span class='ocrx_word' id='word_1_178' title='bbox 1093 2120 1545 2192; x_wconf 79' lang='grc' dir='ltr'>ἀποτιναξὼμεθα</span> <span class='ocrx_word' id='word_1_179' title='bbox 1558 2122 1658 2193; x_wconf 81' lang='grc' dir='ltr'>τὴν</span> <span class='ocrx_word' id='word_1_180' title='bbox 1680 2121 1827 2175; x_wconf 88' lang='grc' dir='ltr'>κόνιν</span> <span class='ocrx_word' id='word_1_181' title='bbox 1846 2138 1860 2151; x_wconf 76' lang='grc' dir='ltr'><strong>ο</strong></span> <span class='ocrx_word' id='word_1_182' title='bbox 1882 2120 2024 2174; x_wconf 80' lang='grc' dir='ltr'>οὑτω</span> 
     </span>
    </p>
   </div>
   <div class='ocr_carea' id='block_1_22' title="bbox 357 2202 2019 2281">
    <p class='ocr_par' dir='ltr' id='par_1_22' title="bbox 357 2202 2019 2281">
     <span class='ocr_line' id='line_1_22' title="bbox 357 2202 2019 2281; baseline 0.006 -27"><span class='ocrx_word' id='word_1_183' title='bbox 357 2202 465 2274; x_wconf 85' lang='grc' dir='ltr'>γὰρ</span> <span class='ocrx_word' id='word_1_184' title='bbox 481 2204 631 2256; x_wconf 81' lang='grc' dir='ltr'>ἕσται</span> <span class='ocrx_word' id='word_1_185' title='bbox 656 2206 866 2276; x_wconf 85' lang='grc' dir='ltr'>φορητὴ</span> <span class='ocrx_word' id='word_1_186' title='bbox 884 2207 976 2259; x_wconf 83' lang='grc' dir='ltr'>καὶ</span> <span class='ocrx_word' id='word_1_187' title='bbox 993 2207 1166 2279; x_wconf 81' lang='grc' dir='ltr'>κούφη</span> <span class='ocrx_word' id='word_1_188' title='bbox 1190 2210 1289 2279; x_wconf 86' lang='grc' dir='ltr'>τῆς</span> <span class='ocrx_word' id='word_1_189' title='bbox 1313 2210 1548 2280; x_wconf 83' lang='grc' dir='ltr'>ἀθυμίας</span> <span class='ocrx_word' id='word_1_190' title='bbox 1564 2209 1815 2281; x_wconf 87' lang='grc' dir='ltr'>ταύτηςή</span> <span class='ocrx_word' id='word_1_191' title='bbox 1838 2209 2019 2279; x_wconf 84' lang='grc' dir='ltr'>φύσις,</span> 
     </span>
    </p>
   </div>
   <div class='ocr_carea' id='block_1_23' title="bbox 359 2289 2024 2370">
    <p class='ocr_par' dir='ltr' id='par_1_23' title="bbox 359 2289 2024 2370">
     <span class='ocr_line' id='line_1_23' title="bbox 359 2289 2024 2370; baseline 0.005 -28"><span class='ocrx_word' id='word_1_192' title='bbox 359 2289 523 2359; x_wconf 89' lang='grc' dir='ltr'>μόνον</span> <span class='ocrx_word' id='word_1_193' title='bbox 555 2291 619 2361; x_wconf 79' lang='grc' dir='ltr'>ἢν</span> <span class='ocrx_word' id='word_1_194' title='bbox 658 2292 733 2362; x_wconf 84' lang='grc' dir='ltr'>μὴ</span> <span class='ocrx_word' id='word_1_195' title='bbox 796 2292 1112 2366; x_wconf 82' lang='grc' dir='ltr'>θελήσωμεν</span> <span class='ocrx_word' id='word_1_196' title='bbox 1140 2308 1161 2334; x_wconf 77' lang='grc' dir='ltr'><strong>ο</strong></span> <span class='ocrx_word' id='word_1_197' title='bbox 1196 2296 1377 2362; x_wconf 84' lang='grc' dir='ltr'>ἁπλῶς</span> <span class='ocrx_word' id='word_1_198' title='bbox 1416 2298 1663 2361; x_wconf 89' lang='grc' dir='ltr'>ἐκδόντες</span> <span class='ocrx_word' id='word_1_199' title='bbox 1694 2299 1919 2362; x_wconf 78' lang='grc' dir='ltr'>ἑαυτοὺς</span> <span class='ocrx_word' id='word_1_200' title='bbox 1944 2299 2024 2370; x_wconf 83' lang='grc' dir='ltr'>τῷ</span> 
     </span>
    </p>
   </div>
   <div class='ocr_carea' id='block_1_24' title="bbox 357 2372 2023 2452">
    <p class='ocr_par' dir='ltr' id='par_1_24' title="bbox 357 2372 2023 2452">
     <span class='ocr_line' id='line_1_24' title="bbox 357 2372 2023 2452; baseline 0.007 -27"><span class='ocrx_word' id='word_1_201' title='bbox 357 2372 524 2427; x_wconf 87' lang='grc' dir='ltr'>πάθει</span> <span class='ocrx_word' id='word_1_202' title='bbox 557 2374 819 2447; x_wconf 85' lang='grc' dir='ltr'>σύρεσθαι</span> <span class='ocrx_word' id='word_1_203' title='bbox 848 2377 991 2431; x_wconf 88' lang='grc' dir='ltr'>κατά</span> <span class='ocrx_word' id='word_1_204' title='bbox 1028 2381 1311 2452; x_wconf 83' lang='grc' dir='ltr'>κρημνῶν,</span> <span class='ocrx_word' id='word_1_205' title='bbox 1346 2382 1482 2435; x_wconf 89' lang='grc' dir='ltr'>ἀλλά</span> <span class='ocrx_word' id='word_1_206' title='bbox 1512 2382 1607 2435; x_wconf 68' lang='grc' dir='ltr'>καί¹</span> <span class='ocrx_word' id='word_1_207' title='bbox 1636 2382 1907 2451; x_wconf 81' lang='grc' dir='ltr'>ἀνανῆψαι</span> <span class='ocrx_word' id='word_1_208' title='bbox 1929 2384 2023 2435; x_wconf 81' lang='grc' dir='ltr'>καὶ</span> 
     </span>
    </p>
   </div>
   <div class='ocr_carea' id='block_1_25' title="bbox 356 2460 2023 2540">
    <p class='ocr_par' dir='ltr' id='par_1_25' title="bbox 356 2460 2023 2540">
     <span class='ocr_line' id='line_1_25' title="bbox 356 2460 2023 2540; baseline 0.005 -27"><span class='ocrx_word' id='word_1_209' title='bbox 356 2460 671 2530; x_wconf 88' lang='grc' dir='ltr'>λογίσασθαί</span> <span class='ocrx_word' id='word_1_210' title='bbox 714 2481 767 2517; x_wconf 89' lang='grc' dir='ltr'>τι</span> <span class='ocrx_word' id='word_1_211' title='bbox 796 2464 906 2519; x_wconf 89' lang='grc' dir='ltr'>τῶν</span> <span class='ocrx_word' id='word_1_212' title='bbox 951 2465 1178 2521; x_wconf 87' lang='grc' dir='ltr'>δεόντων</span> <span class='ocrx_word' id='word_1_213' title='bbox 1224 2469 1634 2539; x_wconf 86' lang='grc' dir='ltr'>σπουδάσωμεν.</span> <span class='ocrx_word' id='word_1_214' title='bbox 1677 2470 1855 2523; x_wconf 88' lang='grc' dir='ltr'>Πολλά</span> <span class='ocrx_word' id='word_1_215' title='bbox 1913 2469 2023 2540; x_wconf 87' lang='grc' dir='ltr'>γάρ</span> 
     </span>
    </p>
   </div>
   <div class='ocr_carea' id='block_1_26' title="bbox 354 2545 2023 2625">
    <p class='ocr_par' dir='ltr' id='par_1_26' title="bbox 354 2545 2023 2625">
     <span class='ocr_line' id='line_1_26' title="bbox 354 2545 2023 2625; baseline 0.006 -28"><span class='ocrx_word' id='word_1_216' title='bbox 354 2545 466 2597; x_wconf 90' lang='grc' dir='ltr'>τῶν</span> <span class='ocrx_word' id='word_1_217' title='bbox 496 2546 797 2603; x_wconf 86' lang='grc' dir='ltr'>δοκούντων</span> <span class='ocrx_word' id='word_1_218' title='bbox 839 2547 977 2604; x_wconf 76' lang='grc' dir='ltr'>εἶναι</span> <span class='ocrx_word' id='word_1_219' title='bbox 1022 2551 1209 2605; x_wconf 90' lang='grc' dir='ltr'>δεινῶν</span> <span class='ocrx_word' id='word_1_220' title='bbox 1246 2554 1458 2624; x_wconf 85' lang='grc' dir='ltr'>μεγάλα</span> <span class='ocrx_word' id='word_1_221' title='bbox 1489 2554 1587 2625; x_wconf 86' lang='grc' dir='ltr'>μὲν</span> <span class='ocrx_word' id='word_1_222' title='bbox 1636 2555 1883 2623; x_wconf 89' lang='grc' dir='ltr'>φαίνεται</span> <span class='ocrx_word' id='word_1_223' title='bbox 1929 2556 2023 2607; x_wconf 76' lang='grc' dir='ltr'>καὶ</span> 
     </span>
    </p>
   </div>
   <div class='ocr_carea' id='block_1_27' title="bbox 353 2634 2022 2714">
    <p class='ocr_par' dir='ltr' id='par_1_27' title="bbox 353 2634 2022 2714">
     <span class='ocr_line' id='line_1_27' title="bbox 353 2634 2022 2714; baseline 0.006 -28"><span class='ocrx_word' id='word_1_224' title='bbox 353 2634 605 2705; x_wconf 79' lang='grc' dir='ltr'>ἀφόρητα</span> <span class='ocrx_word' id='word_1_225' title='bbox 637 2636 765 2706; x_wconf 83' lang='grc' dir='ltr'>πρὶν</span> <span class='ocrx_word' id='word_1_226' title='bbox 793 2637 1147 2709; x_wconf 75' lang='grc' dir='ltr'>ἐξετασθῆναι</span> <span class='ocrx_word' id='word_1_227' title='bbox 1176 2641 1355 2706; x_wconf 87' lang='grc' dir='ltr'>καλῶς</span> <span class='ocrx_word' id='word_1_228' title='bbox 1377 2657 1391 2670; x_wconf 89' lang='grc'>·</span> <span class='ocrx_word' id='word_1_229' title='bbox 1422 2644 1471 2695; x_wconf 89' lang='grc' dir='ltr'>εἰ</span> <span class='ocrx_word' id='word_1_230' title='bbox 1522 2642 1581 2695; x_wconf 89' lang='grc' dir='ltr'>δέ</span> <span class='ocrx_word' id='word_1_231' title='bbox 1629 2661 1717 2708; x_wconf 88' lang='grc' dir='ltr'>τις</span> <span class='ocrx_word' id='word_1_232' title='bbox 1767 2643 1905 2698; x_wconf 85' lang='grc' dir='ltr'>αὑτά</span> <span class='ocrx_word' id='word_1_233' title='bbox 1943 2642 2022 2714; x_wconf 85' lang='grc' dir='ltr'>τῷ</span> 
     </span>
    </p>
   </div>
   <div class='ocr_carea' id='block_1_28' title="bbox 354 2718 2023 2800">
    <p class='ocr_par' dir='ltr' id='par_1_28' title="bbox 354 2718 2023 2800">
     <span class='ocr_line' id='line_1_28' title="bbox 354 2718 2023 2800; baseline 0.008 -28"><span class='ocrx_word' id='word_1_234' title='bbox 354 2718 603 2792; x_wconf 85' lang='grc' dir='ltr'>λογισμῷ</span> <span class='ocrx_word' id='word_1_235' title='bbox 624 2722 999 2795; x_wconf 78' lang='grc' dir='ltr'>διασκέψηται,</span> <span class='ocrx_word' id='word_1_236' title='bbox 1026 2728 1250 2797; x_wconf 80' lang='grc' dir='ltr'>εὑρήσει</span> <span class='ocrx_word' id='word_1_237' title='bbox 1272 2727 1452 2799; x_wconf 82' lang='grc' dir='ltr'>πολλῷ</span> <span class='ocrx_word' id='word_1_238' title='bbox 1475 2730 1575 2800; x_wconf 86' lang='grc' dir='ltr'>τῆς</span> <span class='ocrx_word' id='word_1_239' title='bbox 1619 2732 1875 2796; x_wconf 87' lang='grc' dir='ltr'>ὑπονοίας</span> <span class='ocrx_word' id='word_1_240' title='bbox 1919 2750 2023 2785; x_wconf 89' lang='grc' dir='ltr'>κα-</span> 
     </span>
    </p>
   </div>
   <div class='ocr_carea' id='block_1_29' title="bbox 353 2806 2021 2888">
    <p class='ocr_par' dir='ltr' id='par_1_29' title="bbox 353 2806 2021 2888">
     <span class='ocr_line' id='line_1_29' title="bbox 353 2806 2021 2888; baseline 0.008 -31"><span class='ocrx_word' id='word_1_241' title='bbox 353 2806 715 2879; x_wconf 86' lang='grc' dir='ltr'>ταδεέστερα·</span> <span class='ocrx_word' id='word_1_242' title='bbox 766 2810 905 2881; x_wconf 84' lang='grc' dir='ltr'>ὅπερ</span> <span class='ocrx_word' id='word_1_243' title='bbox 948 2813 1040 2865; x_wconf 74' lang='grc' dir='ltr'>καὶ</span> <span class='ocrx_word' id='word_1_244' title='bbox 1079 2813 1174 2867; x_wconf 89' lang='grc' dir='ltr'>νῦν</span> <span class='ocrx_word' id='word_1_245' title='bbox 1216 2814 1421 2878; x_wconf 84' lang='grc' dir='ltr'>ἐλπίζω</span> <span class='ocrx_word' id='word_1_246' title='bbox 1458 2818 1801 2888; x_wconf 88' lang='grc' dir='ltr'>γενήσεσθαι.</span> <span class='ocrx_word' id='word_1_247' title='bbox 1863 2817 2021 2871; x_wconf 83' lang='grc' dir='ltr'>Ἀλλά</span> 
     </span>
    </p>
   </div>
   <div class='ocr_carea' id='block_1_30' title="bbox 354 2893 2021 2977">
    <p class='ocr_par' dir='ltr' id='par_1_30' title="bbox 354 2893 2021 2977">
     <span class='ocr_line' id='line_1_30' title="bbox 354 2893 2021 2977; baseline 0.007 -29"><span class='ocrx_word' id='word_1_248' title='bbox 354 2893 714 2966; x_wconf 87' lang='grc' dir='ltr'>διανάστησον</span> <span class='ocrx_word' id='word_1_249' title='bbox 744 2899 959 2964; x_wconf 87' lang='grc' dir='ltr'>σαυτὸν,</span> <span class='ocrx_word' id='word_1_250' title='bbox 994 2901 1088 2954; x_wconf 81' lang='grc' dir='ltr'>καί</span> <span class='ocrx_word' id='word_1_251' title='bbox 1118 2901 1194 2972; x_wconf 82' lang='grc' dir='ltr'>μὴ</span> <span class='ocrx_word' id='word_1_252' title='bbox 1228 2906 1293 2973; x_wconf 82' lang='grc' dir='ltr'>τῇ</span> <span class='ocrx_word' id='word_1_253' title='bbox 1328 2905 1533 2976; x_wconf 77' lang='grc' dir='ltr'>ματαία</span> <span class='ocrx_word' id='word_1_254' title='bbox 1562 2906 1657 2960; x_wconf 76' lang='grc' dir='ltr'>καὶ</span> <span class='ocrx_word' id='word_1_255' title='bbox 1697 2906 1877 2977; x_wconf 88' lang='grc' dir='ltr'>ἀλόγῳ</span> <span class='ocrx_word' id='word_1_256' title='bbox 1912 2906 2021 2959; x_wconf 90' lang='grc' dir='ltr'>τῶν</span> 
     </span>
    </p>
   </div>
   <div class='ocr_carea' id='block_1_31' title="bbox 358 2982 2021 3067">
    <p class='ocr_par' dir='ltr' id='par_1_31' title="bbox 358 2982 2021 3067">
     <span class='ocr_line' id='line_1_31' title="bbox 358 2982 2021 3067; baseline 0.008 -33"><span class='ocrx_word' id='word_1_257' title='bbox 358 2982 569 3035; x_wconf 83' lang='grc' dir='ltr'>πολλῶν</span> <span class='ocrx_word' id='word_1_258' title='bbox 604 2985 868 3055; x_wconf 80' lang='grc' dir='ltr'>ἑπόμενος</span> <span class='ocrx_word' id='word_1_259' title='bbox 898 2988 1048 3059; x_wconf 81' lang='grc' dir='ltr'>δόξῃ,</span> <span class='ocrx_word' id='word_1_260' title='bbox 1079 2990 1435 3063; x_wconf 89' lang='grc' dir='ltr'>σφοδρότερον</span> <span class='ocrx_word' id='word_1_261' title='bbox 1459 2993 1669 3067; x_wconf 83' lang='grc' dir='ltr'>ἐργάσῃ</span> <span class='ocrx_word' id='word_1_262' title='bbox 1696 2993 1817 3048; x_wconf 80' lang='grc' dir='ltr'>καθ’</span> <span class='ocrx_word' id='word_1_263' title='bbox 1863 2993 2021 3065; x_wconf 87' lang='grc' dir='ltr'>ήμῶν</span> 
     </span>
    </p>
   </div>
   <div class='ocr_carea' id='block_1_32' title="bbox 352 3070 2022 3151">
    <p class='ocr_par' dir='ltr' id='par_1_32' title="bbox 352 3070 2022 3151">
     <span class='ocr_line' id='line_1_32' title="bbox 352 3070 2022 3151; baseline 0.008 -29"><span class='ocrx_word' id='word_1_264' title='bbox 352 3070 444 3123; x_wconf 89' lang='grc' dir='ltr'>τὸν</span> <span class='ocrx_word' id='word_1_265' title='bbox 474 3070 565 3141; x_wconf 84' lang='grc' dir='ltr'>ἐχθ</span> <span class='ocrx_word' id='word_1_266' title='bbox 574 3072 685 3143; x_wconf 92' lang='grc' dir='ltr'>ρόν.</span> <span class='ocrx_word' id='word_1_267' title='bbox 705 3074 768 3125; x_wconf 72' lang='lat' dir='ltr'><strong>El</strong></span> <span class='ocrx_word' id='word_1_268' title='bbox 797 3076 896 3145; x_wconf 84' lang='grc' dir='ltr'>μὲν</span> <span class='ocrx_word' id='word_1_269' title='bbox 910 3074 1004 3130; x_wconf 78' lang='grc' dir='ltr'>οὖν</span> <span class='ocrx_word' id='word_1_270' title='bbox 1021 3077 1158 3146; x_wconf 91' lang='grc' dir='ltr'>πρός</span> <span class='ocrx_word' id='word_1_271' title='bbox 1184 3079 1306 3133; x_wconf 89' lang='grc' dir='ltr'>τινά</span> <span class='ocrx_word' id='word_1_272' title='bbox 1329 3096 1418 3149; x_wconf 92' lang='grc' dir='ltr'>μοι</span> <span class='ocrx_word' id='word_1_273' title='bbox 1442 3080 1550 3133; x_wconf 91' lang='grc' dir='ltr'>τῶν</span> <span class='ocrx_word' id='word_1_274' title='bbox 1566 3082 1810 3135; x_wconf 90' lang='grc' dir='ltr'>ἀπίστων</span> <span class='ocrx_word' id='word_1_275' title='bbox 1826 3084 1853 3134; x_wconf 89' lang='lat'>6</span> <span class='ocrx_word' id='word_1_276' title='bbox 1866 3082 2022 3151; x_wconf 88' lang='grc' dir='ltr'>λόγος</span> 
     </span>
    </p>
   </div>
   <div class='ocr_carea' id='block_1_33' title="bbox 352 3152 2021 3242">
    <p class='ocr_par' dir='ltr' id='par_1_33' title="bbox 352 3152 2021 3242">
     <span class='ocr_line' id='line_1_33' title="bbox 352 3152 2021 3242; baseline 0.008 -32"><span class='ocrx_word' id='word_1_277' title='bbox 352 3152 442 3227; x_wconf 81' lang='grc' dir='ltr'>ἦν,</span> <span class='ocrx_word' id='word_1_278' title='bbox 478 3159 511 3229; x_wconf 88' lang='grc' dir='ltr'>ἢ</span> <span class='ocrx_word' id='word_1_279' title='bbox 556 3159 663 3212; x_wconf 91' lang='grc' dir='ltr'>τῶν</span> <span class='ocrx_word' id='word_1_280' title='bbox 693 3162 1015 3233; x_wconf 83' lang='grc' dir='ltr'>αὐτομάτως</span> <span class='ocrx_word' id='word_1_281' title='bbox 1046 3164 1261 3220; x_wconf 78' lang='grc' dir='ltr'>ἅπαντα</span> <span class='ocrx_word' id='word_1_282' title='bbox 1298 3167 1558 3238; x_wconf 86' lang='grc' dir='ltr'>φέρεσθαι</span> <span class='ocrx_word' id='word_1_283' title='bbox 1584 3169 1941 3239; x_wconf 78' lang='grc' dir='ltr'>νομιζόντων,</span> <span class='ocrx_word' id='word_1_284' title='bbox 1987 3170 2021 3242; x_wconf 82' lang='grc' dir='ltr'>ἢ</span> 
     </span>
    </p>
   </div>
   <div class='ocr_carea' id='block_1_34' title="bbox 352 3244 2025 3328">
    <p class='ocr_par' dir='ltr' id='par_1_34' title="bbox 352 3244 2025 3328">
     <span class='ocr_line' id='line_1_34' title="bbox 352 3244 2025 3328; baseline 0.009 -30"><span class='ocrx_word' id='word_1_285' title='bbox 352 3244 458 3298; x_wconf 90' lang='grc' dir='ltr'>τῶν</span> <span class='ocrx_word' id='word_1_286' title='bbox 495 3249 753 3318; x_wconf 86' lang='grc' dir='ltr'>πονηροῖς</span> <span class='ocrx_word' id='word_1_287' title='bbox 794 3248 1088 3319; x_wconf 88' lang='grc' dir='ltr'>δαιμονίοις</span> <span class='ocrx_word' id='word_1_288' title='bbox 1122 3253 1217 3306; x_wconf 90' lang='grc' dir='ltr'>τοῦ</span> <span class='ocrx_word' id='word_1_289' title='bbox 1255 3253 1461 3325; x_wconf 89' lang='grc' dir='ltr'>κόσμου</span> <span class='ocrx_word' id='word_1_290' title='bbox 1485 3256 1583 3326; x_wconf 81' lang='grc' dir='ltr'>τὴν</span> <span class='ocrx_word' id='word_1_291' title='bbox 1611 3257 1867 3328; x_wconf 89' lang='grc' dir='ltr'>πρόνοιαν</span> <span class='ocrx_word' id='word_1_292' title='bbox 1891 3260 2025 3313; x_wconf 89' lang='grc' dir='ltr'>ἀνα-</span> 
     </span>
    </p>
   </div>
   <div class='ocr_carea' id='block_1_35' title="bbox 350 3334 2023 3421">
    <p class='ocr_par' dir='ltr' id='par_1_35' title="bbox 350 3334 2023 3421">
     <span class='ocr_line' id='line_1_35' title="bbox 350 3334 2023 3421; baseline 0.011 -36"><span class='ocrx_word' id='word_1_293' title='bbox 350 3334 632 3399; x_wconf 83' lang='grc' dir='ltr'>τιθέντων,</span> <span class='ocrx_word' id='word_1_294' title='bbox 656 3338 858 3409; x_wconf 87' lang='grc' dir='ltr'>πολλῆς</span> <span class='ocrx_word' id='word_1_295' title='bbox 880 3339 945 3393; x_wconf 85' lang='grc' dir='ltr'>ἄν</span> <span class='ocrx_word' id='word_1_296' title='bbox 975 3359 1065 3412; x_wconf 93' lang='grc' dir='ltr'>μοι</span> <span class='ocrx_word' id='word_1_297' title='bbox 1084 3345 1469 3414; x_wconf 86' lang='grc' dir='ltr'>πραγματείας</span> <span class='ocrx_word' id='word_1_298' title='bbox 1484 3346 1723 3417; x_wconf 84' lang='grc' dir='ltr'>ἐδέησεν,</span> <span class='ocrx_word' id='word_1_299' title='bbox 1746 3348 1833 3401; x_wconf 80' lang='grc' dir='ltr'>ἵνα</span> <span class='ocrx_word' id='word_1_300' title='bbox 1871 3349 2023 3421; x_wconf 87' lang='grc' dir='ltr'>πρῶ-</span> 
     </span>
    </p>
   </div>
   <div class='ocr_carea' id='block_1_36' title="bbox 350 3421 2022 3501">
    <p class='ocr_par' dir='ltr' id='par_1_36' title="bbox 350 3421 2022 3501">
     <span class='ocr_line' id='line_1_36' title="bbox 350 3421 2022 3501; baseline 0.012 -30"><span class='ocrx_word' id='word_1_301' title='bbox 350 3435 442 3473; x_wconf 91' lang='grc' dir='ltr'>τον</span> <span class='ocrx_word' id='word_1_302' title='bbox 471 3421 569 3493; x_wconf 83' lang='grc' dir='ltr'>τὴν</span> <span class='ocrx_word' id='word_1_303' title='bbox 586 3422 1009 3499; x_wconf 89' lang='grc' dir='ltr'>πεπλανημένην</span> <span class='ocrx_word' id='word_1_304' title='bbox 1028 3429 1184 3495; x_wconf 81' lang='grc' dir='ltr'>δόξαν</span> <span class='ocrx_word' id='word_1_305' title='bbox 1212 3431 1477 3495; x_wconf 87' lang='grc' dir='ltr'>ἐκϐαλὼν,</span> <span class='ocrx_word' id='word_1_306' title='bbox 1492 3436 1587 3489; x_wconf 75' lang='grc' dir='ltr'>καὶ</span> <span class='ocrx_word' id='word_1_307' title='bbox 1616 3437 1808 3501; x_wconf 86' lang='grc' dir='ltr'>πείσας</span> <span class='ocrx_word' id='word_1_308' title='bbox 1826 3438 2022 3491; x_wconf 88' lang='grc' dir='ltr'>εἰδέναι</span> 
     </span>
    </p>
   </div>
   <div class='ocr_carea' id='block_1_37' title="bbox 350 3508 2022 3595">
    <p class='ocr_par' dir='ltr' id='par_1_37' title="bbox 350 3508 2022 3595">
     <span class='ocr_line' id='line_1_37' title="bbox 350 3508 2022 3595; baseline 0.011 -35"><span class='ocrx_word' id='word_1_309' title='bbox 350 3508 449 3580; x_wconf 82' lang='grc' dir='ltr'>τὴν</span> <span class='ocrx_word' id='word_1_310' title='bbox 465 3510 637 3583; x_wconf 87' lang='grc' dir='ltr'>ἀληθῆ</span> <span class='ocrx_word' id='word_1_311' title='bbox 665 3512 758 3566; x_wconf 87' lang='grc' dir='ltr'>τοῦ</span> <span class='ocrx_word' id='word_1_312' title='bbox 777 3516 974 3580; x_wconf 89' lang='grc' dir='ltr'>παντὸς</span> <span class='ocrx_word' id='word_1_313' title='bbox 994 3518 1271 3588; x_wconf 88' lang='grc' dir='ltr'>πρόνοιαν,</span> <span class='ocrx_word' id='word_1_314' title='bbox 1295 3520 1470 3585; x_wconf 85' lang='grc' dir='ltr'>οὑτως</span> <span class='ocrx_word' id='word_1_315' title='bbox 1487 3524 1579 3575; x_wconf 75' lang='grc' dir='ltr'>ἐπὶ</span> <span class='ocrx_word' id='word_1_316' title='bbox 1597 3524 1660 3577; x_wconf 94' lang='grc' dir='ltr'>τὸ</span> <span class='ocrx_word' id='word_1_317' title='bbox 1684 3526 2022 3595; x_wconf 88' lang='grc' dir='ltr'>παρακαλεῖν</span> 
     </span>
    </p>
   </div>
   <div class='ocr_carea' id='block_1_38' title="bbox 355 3597 2021 3684">
    <p class='ocr_par' dir='ltr' id='par_1_38' title="bbox 355 3597 2021 3684">
     <span class='ocr_line' id='line_1_38' title="bbox 355 3597 2021 3684; baseline 0.011 -35"><span class='ocrx_word' id='word_1_318' title='bbox 355 3597 540 3666; x_wconf 70' lang='grc' dir='ltr'>τρέψω</span> <span class='ocrx_word' id='word_1_319' title='bbox 569 3600 660 3653; x_wconf 87' lang='grc' dir='ltr'>τὸν</span> <span class='ocrx_word' id='word_1_320' title='bbox 692 3600 879 3671; x_wconf 83' lang='grc' dir='ltr'>λόγον·</span> <span class='ocrx_word' id='word_1_321' title='bbox 918 3605 1102 3675; x_wconf 81' lang='grc' dir='ltr'>ἐπειδὴ</span> <span class='ocrx_word' id='word_1_322' title='bbox 1136 3608 1193 3661; x_wconf 84' lang='grc' dir='ltr'>δέ</span> <span class='ocrx_word' id='word_1_323' title='bbox 1235 3612 1301 3679; x_wconf 85' lang='grc' dir='ltr'>τῇ</span> <span class='ocrx_word' id='word_1_324' title='bbox 1346 3610 1441 3664; x_wconf 94' lang='grc' dir='ltr'>τοῦ</span> <span class='ocrx_word' id='word_1_325' title='bbox 1493 3611 1627 3666; x_wconf 90' lang='grc' dir='ltr'>Θεοῦ</span> <span class='ocrx_word' id='word_1_326' title='bbox 1688 3612 1871 3684; x_wconf 90' lang='grc' dir='ltr'>χάριτι</span> <span class='ocrx_word' id='word_1_327' title='bbox 1913 3615 2021 3669; x_wconf 84' lang='grc' dir='ltr'>ἀπὸ</span> 
     </span>
    </p>
   </div>
   <div class='ocr_carea' id='block_1_39' title="bbox 354 3682 2021 3773">
    <p class='ocr_par' dir='ltr' id='par_1_39' title="bbox 354 3682 2021 3773">
     <span class='ocr_line' id='line_1_39' title="bbox 354 3682 2021 3773; baseline 0.014 -38"><span class='ocrx_word' id='word_1_328' title='bbox 354 3682 589 3755; x_wconf 81' lang='grc' dir='ltr'>βρέφους</span> <span class='ocrx_word' id='word_1_329' title='bbox 630 3688 700 3741; x_wconf 85' lang='grc' dir='ltr'>τὰ</span> <span class='ocrx_word' id='word_1_330' title='bbox 752 3689 872 3761; x_wconf 88' lang='grc' dir='ltr'>ἰερά</span> <span class='ocrx_word' id='word_1_331' title='bbox 921 3694 1228 3765; x_wconf 87' lang='grc' dir='ltr'>γράμματα</span> <span class='ocrx_word' id='word_1_332' title='bbox 1274 3693 1453 3764; x_wconf 78' lang='grc' dir='ltr'>οἶδας,</span> <span class='ocrx_word' id='word_1_333' title='bbox 1494 3700 1590 3754; x_wconf 80' lang='grc' dir='ltr'>καί</span> <span class='ocrx_word' id='word_1_334' title='bbox 1618 3682 1696 3756; x_wconf 14' lang='grc' dir='ltr'>τάί</span> <span class='ocrx_word' id='word_1_335' title='bbox 1712 3682 1891 3773; x_wconf 85' lang='grc' dir='ltr'>ἀληθῆ</span> <span class='ocrx_word' id='word_1_336' title='bbox 1925 3707 2021 3759; x_wconf 72' lang='grc' dir='ltr'>καὶ</span> 
     </span>
    </p>
   </div>
   <div class='ocr_carea' id='block_1_40' title="bbox 355 3774 2020 3860">
    <p class='ocr_par' dir='ltr' id='par_1_40' title="bbox 355 3774 2020 3860">
     <span class='ocr_line' id='line_1_40' title="bbox 355 3774 2020 3860; baseline 0.015 -37"><span class='ocrx_word' id='word_1_337' title='bbox 355 3774 603 3844; x_wconf 88' lang='grc' dir='ltr'>σωτήρια</span> <span class='ocrx_word' id='word_1_338' title='bbox 635 3775 879 3845; x_wconf 88' lang='grc' dir='ltr'>δόγματα</span> <span class='ocrx_word' id='word_1_339' title='bbox 923 3780 1300 3854; x_wconf 84' lang='grc' dir='ltr'>διαδεξάμενος</span> <span class='ocrx_word' id='word_1_340' title='bbox 1323 3790 1387 3842; x_wconf 89' lang='grc' dir='ltr'>ἐκ</span> <span class='ocrx_word' id='word_1_341' title='bbox 1433 3791 1712 3860; x_wconf 88' lang='grc' dir='ltr'>προγόνων</span> <span class='ocrx_word' id='word_1_342' title='bbox 1742 3793 2020 3860; x_wconf 87' lang='grc' dir='ltr'>πιστεύεις</span> 
     </span>
    </p>
   </div>
   <div class='ocr_carea' id='block_1_41' title="bbox 352 3859 2020 3953">
    <p class='ocr_par' dir='ltr' id='par_1_41' title="bbox 352 3859 2020 3953">
     <span class='ocr_line' id='line_1_41' title="bbox 352 3859 2020 3953; baseline 0.016 -43"><span class='ocrx_word' id='word_1_343' title='bbox 352 3859 599 3930; x_wconf 84' lang='grc' dir='ltr'>ἀκριϐῶς</span> <span class='ocrx_word' id='word_1_344' title='bbox 648 3864 729 3918; x_wconf 84' lang='grc' dir='ltr'>ὅτι</span> <span class='ocrx_word' id='word_1_345' title='bbox 775 3866 927 3938; x_wconf 89' lang='grc' dir='ltr'>μέλει</span> <span class='ocrx_word' id='word_1_346' title='bbox 956 3872 1084 3942; x_wconf 81' lang='grc' dir='ltr'>περὶ</span> <span class='ocrx_word' id='word_1_347' title='bbox 1116 3874 1333 3928; x_wconf 87' lang='grc' dir='ltr'>πάντων</span> <span class='ocrx_word' id='word_1_348' title='bbox 1362 3875 1441 3947; x_wconf 81' lang='grc' dir='ltr'>τῷ</span> <span class='ocrx_word' id='word_1_349' title='bbox 1472 3859 1622 3949; x_wconf 87' lang='grc' dir='ltr'>Θεῷ,</span> <span class='ocrx_word' id='word_1_350' title='bbox 1658 3882 1753 3935; x_wconf 74' lang='grc' dir='ltr'>καὶ</span> <span class='ocrx_word' id='word_1_351' title='bbox 1785 3859 2020 3953; x_wconf 87' lang='grc' dir='ltr'>μάλιστα</span> 
     </span>
    </p>
   </div>
   <div class='ocr_carea' id='block_1_42' title="bbox 350 3946 2021 4044">
    <p class='ocr_par' dir='ltr' id='par_1_42' title="bbox 350 3946 2021 4044">
     <span class='ocr_line' id='line_1_42' title="bbox 350 3946 2021 4044; baseline 0.017 -47"><span class='ocrx_word' id='word_1_352' title='bbox 350 3946 460 3999; x_wconf 89' lang='grc' dir='ltr'>τῶν</span> <span class='ocrx_word' id='word_1_353' title='bbox 490 3952 854 4009; x_wconf 87' lang='grc' dir='ltr'>πιστευόντων</span> <span class='ocrx_word' id='word_1_354' title='bbox 874 3957 1041 4029; x_wconf 80' lang='grc' dir='ltr'>αὑτῷ,</span> <span class='ocrx_word' id='word_1_355' title='bbox 1070 3960 1229 4015; x_wconf 91' lang='grc' dir='ltr'>τοῦτο</span> <span class='ocrx_word' id='word_1_356' title='bbox 1269 3946 1498 4032; x_wconf 86' lang='grc' dir='ltr'>ἀφέντες</span> <span class='ocrx_word' id='word_1_357' title='bbox 1528 3946 1589 4021; x_wconf 90' lang='grc' dir='ltr'>τὸ</span> <span class='ocrx_word' id='word_1_358' title='bbox 1619 3946 1804 4040; x_wconf 70' lang='grc' dir='ltr'>μέρος,</span> <span class='ocrx_word' id='word_1_359' title='bbox 1824 3971 2021 4044; x_wconf 86' lang='grc' dir='ltr'>ἐτέρω-</span> 
     </span>
    </p>
   </div>
   <div class='ocr_carea' id='block_1_43' title="bbox 352 4034 2019 4129">
    <p class='ocr_par' dir='ltr' id='par_1_43' title="bbox 352 4034 2019 4129">
     <span class='ocr_line' id='line_1_43' title="bbox 352 4034 2019 4129; baseline 0.017 -42"><span class='ocrx_word' id='word_1_360' title='bbox 352 4034 443 4089; x_wconf 88' lang='grc' dir='ltr'>θεν</span> <span class='ocrx_word' id='word_1_361' title='bbox 472 4039 827 4112; x_wconf 81' lang='grc' dir='ltr'>ποιησώμεθα</span> <span class='ocrx_word' id='word_1_362' title='bbox 884 4046 984 4117; x_wconf 86' lang='grc' dir='ltr'>τὴν</span> <span class='ocrx_word' id='word_1_363' title='bbox 1034 4049 1231 4123; x_wconf 85' lang='grc' dir='ltr'>ἀρχήν.</span> <span class='ocrx_word' id='word_1_364' title='bbox 1294 4053 1509 4128; x_wconf 83' lang='grc' dir='ltr'>Ἐπειδὴ</span> <span class='ocrx_word' id='word_1_365' title='bbox 1550 4034 1728 4122; x_wconf 31' lang='grc' dir='ltr'>τοῦς-ά</span> <span class='ocrx_word' id='word_1_366' title='bbox 1753 4034 2019 4129; x_wconf 61' lang='grc' dir='ltr'>ἀγγέλους</span> 
     </span>
    </p>
   </div>
   <div class='ocr_carea' id='block_1_44' title="bbox 350 4124 2015 4218">
    <p class='ocr_par' dir='ltr' id='par_1_44' title="bbox 350 4124 2015 4218">
     <span class='ocr_line' id='line_1_44' title="bbox 350 4124 2015 4218; baseline 0.017 -43"><span class='ocrx_word' id='word_1_367' title='bbox 350 4124 604 4198; x_wconf 82' lang='grc' dir='ltr'>ἐποίησεν</span> <span class='ocrx_word' id='word_1_368' title='bbox 623 4129 652 4181; x_wconf 98' lang='lat'>6</span> <span class='ocrx_word' id='word_1_369' title='bbox 665 4128 816 4195; x_wconf 74' lang='grc' dir='ltr'>Θεόςο</span> <span class='ocrx_word' id='word_1_370' title='bbox 849 4134 1046 4203; x_wconf 80' lang='grc' dir='ltr'>μᾶλλον</span> <span class='ocrx_word' id='word_1_371' title='bbox 1060 4137 1117 4190; x_wconf 86' lang='grc' dir='ltr'>δέ</span> <span class='ocrx_word' id='word_1_372' title='bbox 1141 4139 1397 4213; x_wconf 86' lang='grc' dir='ltr'>ἀνωτέρω</span> <span class='ocrx_word' id='word_1_373' title='bbox 1410 4124 1508 4197; x_wconf 35' lang='grc' dir='ltr'>τὸν.</span> <span class='ocrx_word' id='word_1_374' title='bbox 1524 4144 1678 4213; x_wconf 90' lang='grc' dir='ltr'>λόγον</span> <span class='ocrx_word' id='word_1_375' title='bbox 1700 4124 2015 4218; x_wconf 23' lang='grc' dir='ltr'>ἀγάγτωμενλ</span> 
     </span>
    </p>
   </div>
   <div class='ocr_carea' id='block_1_45' title="bbox 351 4212 2019 4305">
    <p class='ocr_par' dir='ltr' id='par_1_45' title="bbox 351 4212 2019 4305">
     <span class='ocr_line' id='line_1_45' title="bbox 351 4212 2019 4305; baseline 0.016 -42"><span class='ocrx_word' id='word_1_376' title='bbox 351 4212 482 4281; x_wconf 77' lang='grc' dir='ltr'>πρὶν</span> <span class='ocrx_word' id='word_1_377' title='bbox 508 4215 635 4277; x_wconf 85' lang='grc' dir='ltr'>τοὺς</span> <span class='ocrx_word' id='word_1_378' title='bbox 668 4216 933 4285; x_wconf 87' lang='grc' dir='ltr'>ἀγγέλους</span> <span class='ocrx_word' id='word_1_379' title='bbox 972 4224 1248 4291; x_wconf 87' lang='grc' dir='ltr'>γενέσθαι,</span> <span class='ocrx_word' id='word_1_380' title='bbox 1287 4212 1381 4283; x_wconf 76' lang='grc' dir='ltr'>καὶ</span> <span class='ocrx_word' id='word_1_381' title='bbox 1426 4229 1523 4294; x_wconf 78' lang='grc' dir='ltr'>τὰς</span> <span class='ocrx_word' id='word_1_382' title='bbox 1553 4212 1718 4296; x_wconf 80' lang='grc' dir='ltr'>ἄλλας</span> <span class='ocrx_word' id='word_1_383' title='bbox 1748 4212 2019 4305; x_wconf 37' lang='grc' dir='ltr'>’δυνάμεις</span> 
     </span>
    </p>
   </div>
   <div class='ocr_carea' id='block_1_46' title="bbox 349 4300 2014 4389">
    <p class='ocr_par' dir='ltr' id='par_1_46' title="bbox 349 4300 2014 4389">
     <span class='ocr_line' id='line_1_46' title="bbox 349 4300 2014 4389; baseline 0.016 -39"><span class='ocrx_word' id='word_1_384' title='bbox 349 4300 448 4363; x_wconf 89' lang='grc' dir='ltr'>τάς</span> <span class='ocrx_word' id='word_1_385' title='bbox 476 4300 536 4353; x_wconf 88' lang='grc' dir='ltr'>ἐν</span> <span class='ocrx_word' id='word_1_386' title='bbox 562 4305 676 4366; x_wconf 89' lang='grc' dir='ltr'>τοῖς</span> <span class='ocrx_word' id='word_1_387' title='bbox 711 4306 961 4377; x_wconf 88' lang='grc' dir='ltr'>οὑρανοῖς</span> <span class='ocrx_word' id='word_1_388' title='bbox 983 4350 997 4373; x_wconf 96' lang='grc'>,</span> <span class='ocrx_word' id='word_1_389' title='bbox 1039 4306 1109 4383; x_wconf 80' lang='grc' dir='ltr'>ἦν</span> <span class='ocrx_word' id='word_1_390' title='bbox 1147 4314 1177 4366; x_wconf 85' lang='lat'>6</span> <span class='ocrx_word' id='word_1_391' title='bbox 1222 4314 1376 4381; x_wconf 85' lang='grc' dir='ltr'>Θεὸς,</span> <span class='ocrx_word' id='word_1_392' title='bbox 1424 4318 1598 4389; x_wconf 87' lang='grc' dir='ltr'>ἀρχὴν</span> <span class='ocrx_word' id='word_1_393' title='bbox 1624 4300 2014 4377; x_wconf 39' lang='grc' dir='ltr'>οὐδέποτε-τοῦ</span> 
     </span>
    </p>
   </div>
   <div class='ocr_carea' id='block_1_47' title="bbox 350 4382 2016 4481">
    <p class='ocr_par' dir='ltr' id='par_1_47' title="bbox 350 4382 2016 4481">
     <span class='ocr_line' id='line_1_47' title="bbox 350 4382 2016 4481; baseline 0.017 -43"><span class='ocrx_word' id='word_1_394' title='bbox 350 4382 492 4441; x_wconf 83' lang='grc' dir='ltr'>εἶναι</span> <span class='ocrx_word' id='word_1_395' title='bbox 543 4388 739 4446; x_wconf 88' lang='grc' dir='ltr'>λαϐών.</span> <span class='ocrx_word' id='word_1_396' title='bbox 783 4382 1071 4469; x_wconf 13' lang='grc' dir='ltr'>Ἀνενδεήςν</span> <span class='ocrx_word' id='word_1_397' title='bbox 1115 4400 1172 4454; x_wconf 90' lang='grc' dir='ltr'>δέ</span> <span class='ocrx_word' id='word_1_398' title='bbox 1231 4401 1307 4457; x_wconf 87' lang='grc' dir='ltr'>ὣν</span> <span class='ocrx_word' id='word_1_399' title='bbox 1366 4382 1476 4469; x_wconf 65' lang='grc' dir='ltr'>ἀεὶ,</span> <span class='ocrx_word' id='word_1_400' title='bbox 1498 4382 1760 4476; x_wconf 52' lang='grc' dir='ltr'>(τοιοῦτον</span> <span class='ocrx_word' id='word_1_401' title='bbox 1807 4409 1917 4481; x_wconf 86' lang='grc' dir='ltr'>γὰρ</span> <span class='ocrx_word' id='word_1_402' title='bbox 1955 4410 2016 4465; x_wconf 92' lang='grc' dir='ltr'>τὸ</span> 
     </span>
    </p>
   </div>
   <div class='ocr_carea' id='block_1_48' title="bbox 349 4474 2017 4563">
    <p class='ocr_par' dir='ltr' id='par_1_48' title="bbox 349 4474 2017 4563">
     <span class='ocr_line' id='line_1_48' title="bbox 349 4474 2017 4563; baseline 0.016 -37"><span class='ocrx_word' id='word_1_403' title='bbox 349 4474 561 4547; x_wconf 85' lang='grc' dir='ltr'>Θεῖον,)</span> <span class='ocrx_word' id='word_1_404' title='bbox 585 4479 839 4552; x_wconf 88' lang='grc' dir='ltr'>ἐποίησεν</span> <span class='ocrx_word' id='word_1_405' title='bbox 865 4484 1150 4553; x_wconf 87' lang='grc' dir='ltr'>ἀγγέλους,</span> <span class='ocrx_word' id='word_1_406' title='bbox 1179 4474 1575 4562; x_wconf 87' lang='grc' dir='ltr'>ἀρχαγγέλους,</span> <span class='ocrx_word' id='word_1_407' title='bbox 1604 4495 1699 4549; x_wconf 82' lang='grc' dir='ltr'>καὶ</span> <span class='ocrx_word' id='word_1_408' title='bbox 1725 4474 1828 4561; x_wconf 79' lang='grc' dir='ltr'>τὰς</span> <span class='ocrx_word' id='word_1_409' title='bbox 1850 4474 2017 4563; x_wconf 80' lang='grc' dir='ltr'>ἄλλας</span> 
     </span>
    </p>
   </div>
   <div class='ocr_carea' id='block_1_49' title="bbox 347 4562 2013 4654">
    <p class='ocr_par' dir='ltr' id='par_1_49' title="bbox 347 4562 2013 4654">
     <span class='ocr_line' id='line_1_49' title="bbox 347 4562 2013 4654; baseline 0.015 -40"><span class='ocrx_word' id='word_1_410' title='bbox 347 4562 457 4617; x_wconf 87' lang='grc' dir='ltr'>τῶν</span> <span class='ocrx_word' id='word_1_411' title='bbox 479 4565 785 4636; x_wconf 87' lang='grc' dir='ltr'>ἀσωμάτων</span> <span class='ocrx_word' id='word_1_412' title='bbox 815 4571 1021 4637; x_wconf 86' lang='grc' dir='ltr'>οὐσίας,</span> <span class='ocrx_word' id='word_1_413' title='bbox 1055 4576 1279 4646; x_wconf 89' lang='grc' dir='ltr'>ἐποίησε</span> <span class='ocrx_word' id='word_1_414' title='bbox 1303 4578 1358 4631; x_wconf 87' lang='grc' dir='ltr'>δὲ</span> <span class='ocrx_word' id='word_1_415' title='bbox 1390 4578 1455 4632; x_wconf 82' lang='grc' dir='ltr'>δι’</span> <span class='ocrx_word' id='word_1_416' title='bbox 1476 4580 1661 4652; x_wconf 74' lang='grc' dir='ltr'>ἕτερον</span> <span class='ocrx_word' id='word_1_417' title='bbox 1697 4584 1795 4654; x_wconf 86' lang='grc' dir='ltr'>μὲν</span> <span class='ocrx_word' id='word_1_418' title='bbox 1828 4562 2013 4651; x_wconf 74' lang='grc' dir='ltr'>οὐδὲν,</span> 
     </span>
    </p>
   </div>
   <div class='ocr_carea' id='block_1_50' title="bbox 348 4648 2016 4742">
    <p class='ocr_par' dir='ltr' id='par_1_50' title="bbox 348 4648 2016 4742">
     <span class='ocr_line' id='line_1_50' title="bbox 348 4648 2016 4742; baseline 0.015 -40"><span class='ocrx_word' id='word_1_419' title='bbox 348 4648 415 4702; x_wconf 86' lang='grc' dir='ltr'>δι’</span> <span class='ocrx_word' id='word_1_420' title='bbox 460 4653 773 4726; x_wconf 88' lang='grc' dir='ltr'>ἀγαθότητα</span> <span class='ocrx_word' id='word_1_421' title='bbox 807 4657 866 4710; x_wconf 89' lang='grc' dir='ltr'>δέ</span> <span class='ocrx_word' id='word_1_422' title='bbox 915 4661 1103 4732; x_wconf 88' lang='grc' dir='ltr'>μόνην.</span> <span class='ocrx_word' id='word_1_423' title='bbox 1132 4657 1235 4717; x_wconf 80' lang='grc' dir='ltr'>Ὧν</span> <span class='ocrx_word' id='word_1_424' title='bbox 1266 4666 1376 4738; x_wconf 84' lang='grc' dir='ltr'>γὰρ</span> <span class='ocrx_word' id='word_1_425' title='bbox 1422 4671 1521 4739; x_wconf 87' lang='grc' dir='ltr'>τῆς</span> <span class='ocrx_word' id='word_1_426' title='bbox 1572 4648 1869 4742; x_wconf 80' lang='grc' dir='ltr'>θεραπείας</span> <span class='ocrx_word' id='word_1_427' title='bbox 1916 4648 2016 4727; x_wconf 82' lang='grc' dir='ltr'>οὑκ</span> 
     </span>
    </p>
   </div>
   <div class='ocr_carea' id='block_1_51' title="bbox 348 4736 2018 4831">
    <p class='ocr_par' dir='ltr' id='par_1_51' title="bbox 348 4736 2018 4831">
     <span class='ocr_line' id='line_1_51' title="bbox 348 4736 2018 4831; baseline 0.015 -42"><span class='ocrx_word' id='word_1_428' title='bbox 348 4736 569 4810; x_wconf 77' lang='grc' dir='ltr'>ἔχρῃζε,</span> <span class='ocrx_word' id='word_1_429' title='bbox 613 4742 819 4797; x_wconf 88' lang='grc' dir='ltr'>τούτων</span> <span class='ocrx_word' id='word_1_430' title='bbox 840 4746 949 4801; x_wconf 77' lang='grc' dir='ltr'>οὐδ’</span> <span class='ocrx_word' id='word_1_431' title='bbox 984 4748 1050 4802; x_wconf 85' lang='grc' dir='ltr'>ἂν</span> <span class='ocrx_word' id='word_1_432' title='bbox 1076 4736 1410 4824; x_wconf 89' lang='grc' dir='ltr'>δημιουργὸς</span> <span class='ocrx_word' id='word_1_433' title='bbox 1436 4736 1672 4825; x_wconf 82' lang='grc' dir='ltr'>ἐγένετο,</span> <span class='ocrx_word' id='word_1_434' title='bbox 1703 4760 1752 4812; x_wconf 90' lang='grc' dir='ltr'>εἰ</span> <span class='ocrx_word' id='word_1_435' title='bbox 1887 4762 2018 4830; x_wconf 74' lang='grc' dir='ltr'>σφόο</span> 
     </span>
    </p>
   </div>
   <div class='ocr_carea' id='block_1_52' title="bbox 348 4824 2018 4919">
    <p class='ocr_par' dir='ltr' id='par_1_52' title="bbox 348 4824 2018 4919">
     <span class='ocr_line' id='line_1_52' title="bbox 348 4824 2018 4919; baseline 0.016 -41"><span class='ocrx_word' id='word_1_436' title='bbox 348 4826 452 4896; x_wconf 91' lang='grc' dir='ltr'>δρα</span> <span class='ocrx_word' id='word_1_437' title='bbox 472 4824 540 4899; x_wconf 81' lang='grc' dir='ltr'>ἦν</span> <span class='ocrx_word' id='word_1_438' title='bbox 564 4829 768 4898; x_wconf 90' lang='grc' dir='ltr'>ἀγαθός</span> <span class='ocrx_word' id='word_1_439' title='bbox 789 4845 834 4889; x_wconf 73' lang='grc' dir='ltr'>θ.</span> <span class='ocrx_word' id='word_1_440' title='bbox 852 4836 1007 4890; x_wconf 91' lang='grc' dir='ltr'>Μετά</span> <span class='ocrx_word' id='word_1_441' title='bbox 1026 4837 1082 4891; x_wconf 86' lang='grc' dir='ltr'>δὲ</span> <span class='ocrx_word' id='word_1_442' title='bbox 1108 4840 1205 4911; x_wconf 83' lang='grc' dir='ltr'>τὴν</span> <span class='ocrx_word' id='word_1_443' title='bbox 1233 4841 1439 4897; x_wconf 90' lang='grc' dir='ltr'>τούτων</span> <span class='ocrx_word' id='word_1_444' title='bbox 1472 4824 1858 4919; x_wconf 40' lang='grc' dir='ltr'>δημιουργίαν-</span> <span class='ocrx_word' id='word_1_445' title='bbox 1875 4824 2018 4904; x_wconf 81' lang='grc' dir='ltr'>ποιεῖ</span> 
     </span>
    </p>
   </div>
   <div class='ocr_carea' id='block_1_53' title="bbox 349 4914 2012 5005">
    <p class='ocr_par' dir='ltr' id='par_1_53' title="bbox 349 4914 2012 5005">
     <span class='ocr_line' id='line_1_53' title="bbox 349 4914 2012 5005; baseline 0.014 -40"><span class='ocrx_word' id='word_1_446' title='bbox 349 4914 546 4968; x_wconf 77' lang='grc' dir='ltr'>καὶτὸν</span> <span class='ocrx_word' id='word_1_447' title='bbox 560 4916 843 4989; x_wconf 78' lang='grc' dir='ltr'>ἄνθρωπον</span> <span class='ocrx_word' id='word_1_448' title='bbox 854 4922 941 4977; x_wconf 90' lang='grc' dir='ltr'>διά</span> <span class='ocrx_word' id='word_1_449' title='bbox 953 4924 1051 4995; x_wconf 83' lang='grc' dir='ltr'>τὴν</span> <span class='ocrx_word' id='word_1_450' title='bbox 1066 4927 1236 4998; x_wconf 80' lang='grc' dir='ltr'>αὑτήν</span> <span class='ocrx_word' id='word_1_451' title='bbox 1250 4931 1456 5002; x_wconf 88' lang='grc' dir='ltr'>ταύτην</span> <span class='ocrx_word' id='word_1_452' title='bbox 1468 4914 1618 5005; x_wconf 71' lang='grc'>[158]</span> <span class='ocrx_word' id='word_1_453' title='bbox 1637 4914 1797 4988; x_wconf 78' lang='grc' dir='ltr'>πάλιν</span> <span class='ocrx_word' id='word_1_454' title='bbox 1812 4938 2012 5004; x_wconf 78' lang='grc' dir='ltr'>αἰτίαν,</span> 
     </span>
    </p>
   </div>
   <div class='ocr_carea' id='block_1_54' title="bbox 348 5002 2016 5095">
    <p class='ocr_par' dir='ltr' id='par_1_54' title="bbox 348 5002 2016 5095">
     <span class='ocr_line' id='line_1_54' title="bbox 348 5002 2016 5095; baseline 0.014 -42"><span class='ocrx_word' id='word_1_455' title='bbox 348 5002 445 5054; x_wconf 74' lang='grc' dir='ltr'>καὶ</span> <span class='ocrx_word' id='word_1_456' title='bbox 482 5003 575 5058; x_wconf 87' lang='grc' dir='ltr'>τὸν</span> <span class='ocrx_word' id='word_1_457' title='bbox 605 5007 807 5075; x_wconf 84' lang='grc' dir='ltr'>κόσμον</span> <span class='ocrx_word' id='word_1_458' title='bbox 848 5012 1063 5067; x_wconf 81' lang='grc' dir='ltr'>ᾶπαντα</span> <span class='ocrx_word' id='word_1_459' title='bbox 1095 5014 1303 5072; x_wconf 89' lang='grc' dir='ltr'>τοῦτον.</span> <span class='ocrx_word' id='word_1_460' title='bbox 1348 5020 1459 5073; x_wconf 83' lang='grc' dir='ltr'>Καὶ</span> <span class='ocrx_word' id='word_1_461' title='bbox 1493 5022 1701 5093; x_wconf 88' lang='grc' dir='ltr'>μυρίων</span> <span class='ocrx_word' id='word_1_462' title='bbox 1728 5024 1891 5078; x_wconf 88' lang='grc' dir='ltr'>αὑτὸν</span> <span class='ocrx_word' id='word_1_463' title='bbox 1917 5026 2016 5095; x_wconf 84' lang='grc' dir='ltr'>ἐμ-</span> 
     </span>
    </p>
   </div>
   <div class='ocr_carea' id='block_1_55' title="bbox 348 5089 2015 5183">
    <p class='ocr_par' dir='ltr' id='par_1_55' title="bbox 348 5089 2015 5183">
     <span class='ocr_line' id='line_1_55' title="bbox 348 5089 2015 5183; baseline 0.016 -42"><span class='ocrx_word' id='word_1_464' title='bbox 348 5089 566 5160; x_wconf 87' lang='grc' dir='ltr'>πλήσας</span> <span class='ocrx_word' id='word_1_465' title='bbox 618 5094 839 5160; x_wconf 86' lang='grc' dir='ltr'>ἀγαθῶν</span> <span class='ocrx_word' id='word_1_466' title='bbox 890 5100 982 5153; x_wconf 89' lang='grc' dir='ltr'>τὸν</span> <span class='ocrx_word' id='word_1_467' title='bbox 1037 5103 1232 5175; x_wconf 90' lang='grc' dir='ltr'>μικρὸν</span> <span class='ocrx_word' id='word_1_468' title='bbox 1287 5089 1504 5162; x_wconf 26' lang='grc' dir='ltr'>ἐκεῖνον.</span> <span class='ocrx_word' id='word_1_469' title='bbox 1544 5089 1637 5163; x_wconf 70' lang='grc' dir='ltr'>καὶ</span> <span class='ocrx_word' id='word_1_470' title='bbox 1672 5111 1863 5183; x_wconf 88' lang='grc' dir='ltr'>εὑτελῆ</span> <span class='ocrx_word' id='word_1_471' title='bbox 1902 5089 2015 5177; x_wconf 77' lang='grc' dir='ltr'>τοῖς</span> 
     </span>
    </p>
   </div>
   <div class='ocr_carea' id='block_1_56' title="bbox 344 5179 2015 5269">
    <p class='ocr_par' dir='ltr' id='par_1_56' title="bbox 344 5179 2015 5269">
     <span class='ocr_line' id='line_1_56' title="bbox 344 5179 2015 5269; baseline 0.014 -40"><span class='ocrx_word' id='word_1_472' title='bbox 344 5179 619 5246; x_wconf 87' lang='grc' dir='ltr'>τοσούτοις</span> <span class='ocrx_word' id='word_1_473' title='bbox 656 5182 837 5255; x_wconf 83' lang='grc' dir='ltr'>ἔργοις</span> <span class='ocrx_word' id='word_1_474' title='bbox 864 5188 1157 5261; x_wconf 80' lang='grc' dir='ltr'>ἐπέστησε,</span> <span class='ocrx_word' id='word_1_475' title='bbox 1210 5193 1368 5248; x_wconf 91' lang='grc' dir='ltr'>τοῦτο</span> <span class='ocrx_word' id='word_1_476' title='bbox 1409 5196 1571 5250; x_wconf 88' lang='grc' dir='ltr'>αὑτὸν</span> <span class='ocrx_word' id='word_1_477' title='bbox 1612 5179 1897 5269; x_wconf 83' lang='grc' dir='ltr'>ἀποφήνας</span> <span class='ocrx_word' id='word_1_478' title='bbox 1921 5201 2015 5253; x_wconf 76' lang='grc' dir='ltr'>ἐπὶ</span> 
     </span>
    </p>
   </div>
   <div class='ocr_carea' id='block_1_57' title="bbox 344 5265 2011 5362">
    <p class='ocr_par' dir='ltr' id='par_1_57' title="bbox 344 5265 2011 5362">
     <span class='ocr_line' id='line_1_57' title="bbox 344 5265 2011 5362; baseline 0.016 -44"><span class='ocrx_word' id='word_1_479' title='bbox 344 5265 442 5336; x_wconf 89' lang='grc' dir='ltr'>τῆς</span> <span class='ocrx_word' id='word_1_480' title='bbox 466 5268 600 5340; x_wconf 86' lang='grc' dir='ltr'>γῆς,</span> <span class='ocrx_word' id='word_1_481' title='bbox 631 5272 769 5346; x_wconf 83' lang='grc' dir='ltr'>ὅπερ</span> <span class='ocrx_word' id='word_1_482' title='bbox 800 5277 952 5330; x_wconf 74' lang='grc' dir='ltr'>ἐστὶν</span> <span class='ocrx_word' id='word_1_483' title='bbox 996 5280 1157 5345; x_wconf 91' lang='grc' dir='ltr'>αὑτὸς</span> <span class='ocrx_word' id='word_1_484' title='bbox 1206 5282 1265 5336; x_wconf 90' lang='grc' dir='ltr'>ἐν</span> <span class='ocrx_word' id='word_1_485' title='bbox 1297 5286 1411 5349; x_wconf 86' lang='grc' dir='ltr'>τοῖς</span> <span class='ocrx_word' id='word_1_486' title='bbox 1449 5265 1828 5356; x_wconf 40' lang='grc' dir='ltr'>οὑρανοῖςίἸλὸ</span> <span class='ocrx_word' id='word_1_487' title='bbox 1879 5288 2011 5362; x_wconf 80' lang='grc' dir='ltr'>γὰρ,</span> 
     </span>
    </p>
   </div>
   <div class='ocr_carea' id='block_1_58' title="bbox 409 5464 2008 5547">
    <p class='ocr_par' dir='ltr' id='par_1_58' title="bbox 409 5464 2008 5547">
     <span class='ocr_line' id='line_1_58' title="bbox 409 5464 2008 5547; baseline 0.023 -38"><span class='ocrx_word' id='word_1_488' title='bbox 409 5464 435 5547; x_wconf 59' lang='grc' dir='ltr'>ἶ</span> <span class='ocrx_word' id='word_1_489' title='bbox 708 5471 929 5547; x_wconf 47' lang='grc' dir='ltr'>ριιεδγιι.</span> <span class='ocrx_word' id='word_1_490' title='bbox 960 5474 1217 5547; x_wconf 46' lang='lat' dir='ltr'>Agim-el.</span> <span class='ocrx_word' id='word_1_491' title='bbox 1234 5480 1388 5542; x_wconf 83' lang='grc' dir='ltr'>μεῖζόν</span> <span class='ocrx_word' id='word_1_492' title='bbox 1411 5500 1469 5545; x_wconf 88' lang='grc' dir='ltr'>με</span> <span class='ocrx_word' id='word_1_493' title='bbox 1488 5484 1649 5547; x_wconf 81' lang='grc' dir='ltr'>πάθος,</span> <span class='ocrx_word' id='word_1_494' title='bbox 1670 5492 1833 5542; x_wconf 82' lang='lat' dir='ltr'><strong>minus</strong></span> <span class='ocrx_word' id='word_1_495' title='bbox 1853 5499 2008 5546; x_wconf 78' lang='lat' dir='ltr'>recte.</span> 
     </span>
    </p>
   </div>
   <div class='ocr_carea' id='block_1_59' title="bbox 407 5522 1096 5597">
    <p class='ocr_par' dir='ltr' id='par_1_59' title="bbox 407 5522 1096 5597">
     <span class='ocr_line' id='line_1_59' title="bbox 407 5522 1096 5597; baseline 0.023 -26"><span class='ocrx_word' id='word_1_496' title='bbox 407 5522 533 5597; x_wconf 52' lang='grc' dir='ltr'>ξδέρ</span> <span class='ocrx_word' id='word_1_497' title='bbox 562 5528 710 5597; x_wconf 74' lang='lat' dir='ltr'><strong>$_av_il.</strong></span> <span class='ocrx_word' id='word_1_498' title='bbox 738 5531 903 5582; x_wconf 80' lang='lat' dir='ltr'><strong>Monll‘.</strong></span> <span class='ocrx_word' id='word_1_499' title='bbox 934 5539 995 5597; x_wconf 74' lang='grc' dir='ltr'>μὴ</span> <span class='ocrx_word' id='word_1_500' title='bbox 1012 5522 1096 5597; x_wconf 65' lang='grc' dir='ltr'>εῆῖ</span> 
     </span>
    </p>
   </div>
   <div class='ocr_carea' id='block_1_60' title="bbox 344 5588 2020 5710">
    <p class='ocr_par' dir='ltr' id='par_1_60' title="bbox 344 5588 2020 5710">
     <span class='ocr_line' id='line_1_60' title="bbox 344 5588 2020 5710; baseline 0.023 -78"><span class='ocrx_word' id='word_1_501' title='bbox 344 5588 453 5710; x_wconf 55' lang='grc' dir='ltr'>ρεζϐ</span> <span class='ocrx_word' id='word_1_502' title='bbox 475 5588 625 5637; x_wconf 84' lang='lat' dir='ltr'><strong>Savil.</strong></span> <span class='ocrx_word' id='word_1_503' title='bbox 651 5590 697 5639; x_wconf 88' lang='lat' dir='ltr'>in</span> <span class='ocrx_word' id='word_1_504' title='bbox 722 5606 874 5657; x_wconf 75' lang='lat' dir='ltr'><strong>marg.</strong></span> <span class='ocrx_word' id='word_1_505' title='bbox 902 5588 964 5658; x_wconf 62' lang='grc' dir='ltr'>μὴ</span> <span class='ocrx_word' id='word_1_506' title='bbox 986 5588 1411 5665; x_wconf 50' lang='grc' dir='ltr'>’συὴωρὴσωμεῃ</span> <span class='ocrx_word' id='word_1_507' title='bbox 1451 5609 1504 5654; x_wconf 82' lang='lat' dir='ltr'><strong>el</strong></span> <span class='ocrx_word' id='word_1_508' title='bbox 1541 5622 1651 5658; x_wconf 79' lang='lat' dir='ltr'>mox</span> <span class='ocrx_word' id='word_1_509' title='bbox 1683 5614 1751 5678; x_wconf 83' lang='grc' dir='ltr'>τῷ</span> <span class='ocrx_word' id='word_1_510' title='bbox 1774 5617 1907 5668; x_wconf 86' lang='grc' dir='ltr'>πάθει</span> <span class='ocrx_word' id='word_1_511' title='bbox 1928 5617 2020 5684; x_wconf 80' lang='grc' dir='ltr'>φέ-</span> 
     </span>
     <span class='ocr_line' id='line_1_61' title="bbox 458 5666 522 5698; baseline 0.063 -4"><span class='ocrx_word' id='word_1_512' title='bbox 458 5666 522 5698; x_wconf 77' lang='grc' dir='ltr'>αι.</span> 
     </span>
    </p>
   </div>
   <div class='ocr_carea' id='block_1_61' title="bbox 458 5666 522 5698">
    <p class='ocr_par' dir='ltr' id='par_1_61' title="bbox 458 5666 522 5698">
     <span class='ocr_line' id='line_1_62' title="bbox 458 5666 522 5698; baseline 0.047 -4"><span class='ocrx_word' id='word_1_513' title='bbox 458 5666 522 5698; x_wconf 80' lang='grc' dir='ltr'>αι.</span> 
     </span>
    </p>
   </div>
   <div class='ocr_carea' id='block_1_62' title="bbox 404 5708 1577 5785">
    <p class='ocr_par' dir='ltr' id='par_1_62' title="bbox 404 5708 1577 5785">
     <span class='ocr_line' id='line_1_63' title="bbox 404 5708 1577 5785; baseline 0.02 -31"><span class='ocrx_word' id='word_1_514' title='bbox 404 5708 432 5785; x_wconf 58' lang='grc' dir='ltr'>ξ</span> <span class='ocrx_word' id='word_1_515' title='bbox 457 5710 627 5785; x_wconf 51' lang='grc' dir='ltr'>Γῌοιγξι.</span> <span class='ocrx_word' id='word_1_516' title='bbox 654 5715 812 5785; x_wconf 69' lang='grc' dir='ltr'>ἐπειδῂ</span> <span class='ocrx_word' id='word_1_517' title='bbox 836 5720 1065 5785; x_wconf 13' lang='grc' dir='ltr'>γάργτούς.</span> <span class='ocrx_word' id='word_1_518' title='bbox 1094 5723 1244 5772; x_wconf 76' lang='lat' dir='ltr'><strong>Savil.</strong></span> <span class='ocrx_word' id='word_1_519' title='bbox 1276 5727 1434 5785; x_wconf 82' lang='grc' dir='ltr'>ἐπειδὴ</span> <span class='ocrx_word' id='word_1_520' title='bbox 1456 5731 1577 5785; x_wconf 85' lang='grc' dir='ltr'>τούς.</span> 
     </span>
    </p>
   </div>
   <div class='ocr_carea' id='block_1_63' title="bbox 406 5770 1643 5853">
    <p class='ocr_par' dir='ltr' id='par_1_63' title="bbox 406 5770 1643 5853">
     <span class='ocr_line' id='line_1_64' title="bbox 406 5770 1643 5853; baseline 0.02 -35"><span class='ocrx_word' id='word_1_521' title='bbox 406 5774 433 5801; x_wconf 83' lang='grc'>⁶</span> <span class='ocrx_word' id='word_1_522' title='bbox 456 5770 607 5823; x_wconf 77' lang='lat' dir='ltr'><strong>Savil.</strong></span> <span class='ocrx_word' id='word_1_523' title='bbox 636 5785 686 5825; x_wconf 84' lang='lat' dir='ltr'><strong>el</strong></span> <span class='ocrx_word' id='word_1_524' title='bbox 703 5770 1061 5843; x_wconf 58' lang='grc' dir='ltr'>(ᾇΟΙΒ.’ἐγένετνέ,</span> 
     </span>
    </p>
   </div>
   <div class='ocr_carea' id='block_1_64' title="bbox 1279 286 2868 377">
    <p class='ocr_par' dir='ltr' id='par_1_64' title="bbox 1279 286 2868 377">
     <span class='ocr_line' id='line_1_65' title="bbox 1279 286 2868 377; baseline 0.003 -7"><span class='ocrx_word' id='word_1_525' title='bbox 1279 314 1374 370; x_wconf 80' lang='lat' dir='ltr'><strong>AD</strong></span> <span class='ocrx_word' id='word_1_526' title='bbox 1412 314 1791 372; x_wconf 65' lang='lat' dir='ltr'>summum</span> <span class='ocrx_word' id='word_1_527' title='bbox 1829 286 1874 368; x_wconf 67' lang='grc' dir='ltr'>Α</span> <span class='ocrx_word' id='word_1_528' title='bbox 1910 313 2217 371; x_wconf 56' lang='grc' dir='ltr'>οτεΜοΝΕ</span> <span class='ocrx_word' id='word_1_529' title='bbox 2256 315 2616 375; x_wconf 81' lang='lat' dir='ltr'><strong>VEXATUM.</strong></span> <span class='ocrx_word' id='word_1_530' title='bbox 2656 319 2787 377; x_wconf 84' lang='lat' dir='ltr'>LIB.</span> <span class='ocrx_word' id='word_1_531' title='bbox 2826 321 2868 376; x_wconf 83' lang='grc' dir='ltr'>ι.</span> 
     </span>
    </p>
   </div>
   <div class='ocr_carea' id='block_1_65' title="bbox 3690 325 3795 381">
    <p class='ocr_par' dir='ltr' id='par_1_65' title="bbox 3690 325 3795 381">
     <span class='ocr_line' id='line_1_66' title="bbox 3690 325 3795 381; baseline 0.019 -2"><span class='ocrx_word' id='word_1_532' title='bbox 3690 325 3795 381; x_wconf 68' lang='grc'>428</span> 
     </span>
    </p>
   </div>
   <div class='ocr_carea' id='block_1_66' title="bbox 2132 432 3795 510">
    <p class='ocr_par' dir='ltr' id='par_1_66' title="bbox 2132 432 3795 510">
     <span class='ocr_line' id='line_1_67' title="bbox 2132 432 3795 510; baseline 0.007 -26"><span class='ocrx_word' id='word_1_533' title='bbox 2132 432 2486 504; x_wconf 76' lang='grc' dir='ltr'>Ποιήσωμεν</span> <span class='ocrx_word' id='word_1_534' title='bbox 2500 434 2817 504; x_wconf 77' lang='grc' dir='ltr'>ἄνθρωπον</span> <span class='ocrx_word' id='word_1_535' title='bbox 2834 439 2963 493; x_wconf 84' lang='grc' dir='ltr'>κατ’</span> <span class='ocrx_word' id='word_1_536' title='bbox 2979 440 3183 493; x_wconf 78' lang='grc' dir='ltr'>εἰκόνα</span> <span class='ocrx_word' id='word_1_537' title='bbox 3214 440 3508 510; x_wconf 74' lang='grc' dir='ltr'>ἡμετέραν</span> <span class='ocrx_word' id='word_1_538' title='bbox 3535 441 3634 495; x_wconf 81' lang='grc' dir='ltr'>καὶ</span> <span class='ocrx_word' id='word_1_539' title='bbox 3664 442 3795 497; x_wconf 82' lang='grc' dir='ltr'>καθ’</span> 
     </span>
    </p>
   </div>
   <div class='ocr_carea' id='block_1_67' title="bbox 2129 520 3796 601">
    <p class='ocr_par' dir='ltr' id='par_1_67' title="bbox 2129 520 3796 601">
     <span class='ocr_line' id='line_1_68' title="bbox 2129 520 3796 601; baseline 0.006 -28"><span class='ocrx_word' id='word_1_540' title='bbox 2129 520 2605 589; x_wconf 78' lang='grc' dir='ltr'>ὁμοίωσιν-,οὐδὲν</span> <span class='ocrx_word' id='word_1_541' title='bbox 2642 524 2826 595; x_wconf 74' lang='grc' dir='ltr'>ἔτερόν</span> <span class='ocrx_word' id='word_1_542' title='bbox 2845 526 3051 597; x_wconf 87' lang='grc' dir='ltr'>ἐστινῆ</span> <span class='ocrx_word' id='word_1_543' title='bbox 3082 526 3144 579; x_wconf 85' lang='grc' dir='ltr'>τὸ</span> <span class='ocrx_word' id='word_1_544' title='bbox 3181 528 3275 580; x_wconf 82' lang='grc' dir='ltr'>καί</span> <span class='ocrx_word' id='word_1_545' title='bbox 3302 528 3466 580; x_wconf 89' lang='grc' dir='ltr'>αὑτὸν</span> <span class='ocrx_word' id='word_1_546' title='bbox 3481 529 3579 599; x_wconf 83' lang='grc' dir='ltr'>τήν</span> <span class='ocrx_word' id='word_1_547' title='bbox 3619 531 3796 601; x_wconf 82' lang='grc' dir='ltr'>ἀρχὴν</span> 
     </span>
    </p>
   </div>
   <div class='ocr_carea' id='block_1_68' title="bbox 2127 608 3795 686">
    <p class='ocr_par' dir='ltr' id='par_1_68' title="bbox 2127 608 3795 686">
     <span class='ocr_line' id='line_1_69' title="bbox 2127 608 3795 686; baseline 0.008 -27"><span class='ocrx_word' id='word_1_548' title='bbox 2127 608 2437 678; x_wconf 86' lang='grc' dir='ltr'>ἀνῃρῆσθαι</span> <span class='ocrx_word' id='word_1_549' title='bbox 2470 610 2579 663; x_wconf 89' lang='grc' dir='ltr'>τῶν</span> <span class='ocrx_word' id='word_1_550' title='bbox 2608 613 2669 665; x_wconf 88' lang='grc' dir='ltr'>ἐν</span> <span class='ocrx_word' id='word_1_551' title='bbox 2708 615 2773 683; x_wconf 83' lang='grc' dir='ltr'>τῇ</span> <span class='ocrx_word' id='word_1_552' title='bbox 2825 616 2917 685; x_wconf 86' lang='grc' dir='ltr'>γῇ.</span> <span class='ocrx_word' id='word_1_553' title='bbox 2938 614 3176 686; x_wconf 86' lang='grc' dir='ltr'>Ποιήσας</span> <span class='ocrx_word' id='word_1_554' title='bbox 3203 614 3259 668; x_wconf 88' lang='grc' dir='ltr'>δέ</span> <span class='ocrx_word' id='word_1_555' title='bbox 3296 615 3459 669; x_wconf 89' lang='grc' dir='ltr'>αὑτὸν</span> <span class='ocrx_word' id='word_1_556' title='bbox 3487 619 3582 670; x_wconf 75' lang='grc' dir='ltr'>καὶ</span> <span class='ocrx_word' id='word_1_557' title='bbox 3616 618 3674 671; x_wconf 87' lang='grc' dir='ltr'>ἐν</span> <span class='ocrx_word' id='word_1_558' title='bbox 3703 637 3795 672; x_wconf 81' lang='grc' dir='ltr'>το·-</span> 
     </span>
    </p>
   </div>
   <div class='ocr_carea' id='block_1_69' title="bbox 2130 696 3792 777">
    <p class='ocr_par' dir='ltr' id='par_1_69' title="bbox 2130 696 3792 777">
     <span class='ocr_line' id='line_1_70' title="bbox 2130 696 3792 777; baseline 0.008 -28"><span class='ocrx_word' id='word_1_559' title='bbox 2130 696 2300 769; x_wconf 80' lang='grc' dir='ltr'>σαύτῃ</span> <span class='ocrx_word' id='word_1_560' title='bbox 2336 700 2687 770; x_wconf 87' lang='grc' dir='ltr'>καταστήσας</span> <span class='ocrx_word' id='word_1_561' title='bbox 2716 704 2875 772; x_wconf 84' lang='grc' dir='ltr'>τιμῇ,</span> <span class='ocrx_word' id='word_1_562' title='bbox 2931 702 3183 775; x_wconf 88' lang='grc' dir='ltr'>καθάπερ</span> <span class='ocrx_word' id='word_1_563' title='bbox 3241 704 3484 775; x_wconf 86' lang='grc' dir='ltr'>βασίλεια</span> <span class='ocrx_word' id='word_1_564' title='bbox 3533 706 3744 777; x_wconf 87' lang='grc' dir='ltr'>βασιλεῖ</span> <span class='ocrx_word' id='word_1_565' title='bbox 3772 708 3792 748; x_wconf 71' lang='grc' dir='ltr'>ί</span> 
     </span>
    </p>
   </div>
   <div class='ocr_carea' id='block_1_70' title="bbox 2125 784 3798 865">
    <p class='ocr_par' dir='ltr' id='par_1_70' title="bbox 2125 784 3798 865">
     <span class='ocr_line' id='line_1_71' title="bbox 2125 784 3798 865; baseline 0.01 -29"><span class='ocrx_word' id='word_1_566' title='bbox 2125 784 2188 838; x_wconf 84' lang='grc' dir='ltr'>τὸ</span> <span class='ocrx_word' id='word_1_567' title='bbox 2231 785 2517 839; x_wconf 90' lang='grc' dir='ltr'>κάλλιστον</span> <span class='ocrx_word' id='word_1_568' title='bbox 2541 787 2648 839; x_wconf 92' lang='grc' dir='ltr'>τῶν</span> <span class='ocrx_word' id='word_1_569' title='bbox 2674 788 2767 842; x_wconf 72' lang='grc' dir='ltr'>ἐπὶ</span> <span class='ocrx_word' id='word_1_570' title='bbox 2796 789 2901 859; x_wconf 89' lang='grc' dir='ltr'>γῆς</span> <span class='ocrx_word' id='word_1_571' title='bbox 2926 790 3164 855; x_wconf 81' lang='grc' dir='ltr'>ἀπέταξε</span> <span class='ocrx_word' id='word_1_572' title='bbox 3183 792 3275 846; x_wconf 94' lang='grc' dir='ltr'>τὸν</span> <span class='ocrx_word' id='word_1_573' title='bbox 3314 794 3660 865; x_wconf 88' lang='grc' dir='ltr'>παράδεισον.</span> <span class='ocrx_word' id='word_1_574' title='bbox 3687 799 3798 853; x_wconf 82' lang='lat' dir='ltr'><strong>Kal</strong></span> 
     </span>
    </p>
   </div>
   <div class='ocr_carea' id='block_1_71' title="bbox 2127 875 3797 959">
    <p class='ocr_par' dir='ltr' id='par_1_71' title="bbox 2127 875 3797 959">
     <span class='ocr_line' id='line_1_72' title="bbox 2127 875 3797 959; baseline 0.01 -32"><span class='ocrx_word' id='word_1_575' title='bbox 2127 875 2264 944; x_wconf 90' lang='grc' dir='ltr'>πρὸς</span> <span class='ocrx_word' id='word_1_576' title='bbox 2287 876 2497 939; x_wconf 87' lang='grc' dir='ltr'>τούτοις</span> <span class='ocrx_word' id='word_1_577' title='bbox 2532 877 2854 949; x_wconf 83' lang='grc' dir='ltr'>βουλόμενος</span> <span class='ocrx_word' id='word_1_578' title='bbox 2879 880 3025 952; x_wconf 86' lang='grc' dir='ltr'>αὑτῷ</span> <span class='ocrx_word' id='word_1_579' title='bbox 3050 882 3221 949; x_wconf 84' lang='grc' dir='ltr'>δεῖξαι</span> <span class='ocrx_word' id='word_1_580' title='bbox 3252 886 3347 937; x_wconf 80' lang='grc' dir='ltr'>καὶ</span> <span class='ocrx_word' id='word_1_581' title='bbox 3383 886 3649 959; x_wconf 83' lang='grc' dir='ltr'>ἑτέρωθεν</span> <span class='ocrx_word' id='word_1_582' title='bbox 3670 891 3797 945; x_wconf 82' lang='grc' dir='ltr'>ὅσον</span> 
     </span>
    </p>
   </div>
   <div class='ocr_carea' id='block_1_72' title="bbox 2125 959 3796 1040">
    <p class='ocr_par' dir='ltr' id='par_1_72' title="bbox 2125 959 3796 1040">
     <span class='ocr_line' id='line_1_73' title="bbox 2125 959 3796 1040; baseline 0.011 -29"><span class='ocrx_word' id='word_1_583' title='bbox 2125 959 2235 1012; x_wconf 90' lang='grc' dir='ltr'>τῶν</span> <span class='ocrx_word' id='word_1_584' title='bbox 2266 960 2470 1015; x_wconf 85' lang='grc' dir='ltr'>λοιπῶν</span> <span class='ocrx_word' id='word_1_585' title='bbox 2512 962 2820 1034; x_wconf 88' lang='grc' dir='ltr'>ἀναϐέϐηκε</span> <span class='ocrx_word' id='word_1_586' title='bbox 2842 964 2995 1029; x_wconf 84' lang='grc' dir='ltr'>ζώων</span> <span class='ocrx_word' id='word_1_587' title='bbox 3015 967 3183 1035; x_wconf 75' lang='grc' dir='ltr'>ε,άγει</span> <span class='ocrx_word' id='word_1_588' title='bbox 3212 969 3348 1039; x_wconf 89' lang='grc' dir='ltr'>πρὸς</span> <span class='ocrx_word' id='word_1_589' title='bbox 3372 971 3534 1024; x_wconf 88' lang='grc' dir='ltr'>αὑτὸν</span> <span class='ocrx_word' id='word_1_590' title='bbox 3555 972 3796 1040; x_wconf 75' lang='grc' dir='ltr'>ἅπαντα,</span> 
     </span>
    </p>
   </div>
   <div class='ocr_carea' id='block_1_73' title="bbox 2126 1043 3795 1130">
    <p class='ocr_par' dir='ltr' id='par_1_73' title="bbox 2126 1043 3795 1130">
     <span class='ocr_line' id='line_1_74' title="bbox 2126 1043 3795 1130; baseline 0.011 -35"><span class='ocrx_word' id='word_1_591' title='bbox 2126 1043 2221 1095; x_wconf 73' lang='grc' dir='ltr'>καὶ</span> <span class='ocrx_word' id='word_1_592' title='bbox 2267 1044 2508 1115; x_wconf 85' lang='grc' dir='ltr'>ὀνόματα</span> <span class='ocrx_word' id='word_1_593' title='bbox 2542 1047 2810 1101; x_wconf 82' lang='grc' dir='ltr'>ἐπιθεῖναι</span> <span class='ocrx_word' id='word_1_594' title='bbox 2861 1048 3074 1103; x_wconf 87' lang='grc' dir='ltr'>κελεύει</span> <span class='ocrx_word' id='word_1_595' title='bbox 3104 1053 3269 1105; x_wconf 84' lang='grc' dir='ltr'>πᾶσιν</span> <span class='ocrx_word' id='word_1_596' title='bbox 3292 1054 3494 1118; x_wconf 80' lang='grc' dir='ltr'>αὐτοῖς.</span> <span class='ocrx_word' id='word_1_597' title='bbox 3514 1058 3623 1110; x_wconf 80' lang='lat' dir='ltr'>Kal</span> <span class='ocrx_word' id='word_1_598' title='bbox 3645 1059 3795 1130; x_wconf 82' lang='grc' dir='ltr'>ὅμως</span> 
     </span>
    </p>
   </div>
   <div class='ocr_carea' id='block_1_74' title="bbox 2126 1129 3794 1219">
    <p class='ocr_par' dir='ltr' id='par_1_74' title="bbox 2126 1129 3794 1219">
     <span class='ocr_line' id='line_1_75' title="bbox 2126 1129 3794 1219; baseline 0.013 -39"><span class='ocrx_word' id='word_1_599' title='bbox 2126 1129 2277 1181; x_wconf 76' lang='grc' dir='ltr'>οὐδὲν</span> <span class='ocrx_word' id='word_1_600' title='bbox 2294 1129 2353 1194; x_wconf 82' lang='grc' dir='ltr'>ἐξ</span> <span class='ocrx_word' id='word_1_601' title='bbox 2369 1131 2547 1185; x_wconf 86' lang='grc' dir='ltr'>αὑτῶν</span> <span class='ocrx_word' id='word_1_602' title='bbox 2593 1132 2810 1188; x_wconf 88' lang='grc' dir='ltr'>δίδωσιν</span> <span class='ocrx_word' id='word_1_603' title='bbox 2853 1136 3003 1207; x_wconf 87' lang='grc' dir='ltr'>αὑτῷ</span> <span class='ocrx_word' id='word_1_604' title='bbox 3045 1137 3182 1208; x_wconf 87' lang='grc' dir='ltr'>πρὸς</span> <span class='ocrx_word' id='word_1_605' title='bbox 3240 1138 3494 1211; x_wconf 87' lang='grc' dir='ltr'>βοήθειαν</span> <span class='ocrx_word' id='word_1_606' title='bbox 3520 1159 3532 1172; x_wconf 86' lang='lat'><strong>&#39;</strong></span> <span class='ocrx_word' id='word_1_607' title='bbox 3559 1145 3655 1198; x_wconf 74' lang='grc' dir='ltr'>καὶ</span> <span class='ocrx_word' id='word_1_608' title='bbox 3682 1129 3794 1219; x_wconf 83' lang='grc' dir='ltr'>τὴν</span> 
     </span>
    </p>
   </div>
   <div class='ocr_carea' id='block_1_75' title="bbox 2127 1217 3797 1301">
    <p class='ocr_par' dir='ltr' id='par_1_75' title="bbox 2127 1217 3797 1301">
     <span class='ocr_line' id='line_1_76' title="bbox 2127 1217 3797 1301; baseline 0.011 -31"><span class='ocrx_word' id='word_1_609' title='bbox 2127 1217 2308 1270; x_wconf 87' lang='grc' dir='ltr'>αἰτίαν</span> <span class='ocrx_word' id='word_1_610' title='bbox 2353 1218 2738 1291; x_wconf 87' lang='grc' dir='ltr'>προστίθησιν·</span> <span class='ocrx_word' id='word_1_611' title='bbox 2783 1224 2866 1277; x_wconf 86' lang='grc' dir='ltr'><em>Οὐ</em></span> <span class='ocrx_word' id='word_1_612' title='bbox 2915 1223 3025 1296; x_wconf 85' lang='grc' dir='ltr'>γὰρ</span> <span class='ocrx_word' id='word_1_613' title='bbox 3071 1224 3306 1293; x_wconf 81' lang='grc' dir='ltr'>εὑρέθη,</span> <span class='ocrx_word' id='word_1_614' title='bbox 3349 1229 3514 1299; x_wconf 83' lang='grc' dir='ltr'>φησί,</span> <span class='ocrx_word' id='word_1_615' title='bbox 3559 1217 3797 1301; x_wconf 78' lang='grc' dir='ltr'>βοηθός</span> 
     </span>
    </p>
   </div>
   <div class='ocr_carea' id='block_1_76' title="bbox 2128 1304 3797 1377">
    <p class='ocr_par' dir='ltr' id='par_1_76' title="bbox 2128 1304 3797 1377">
     <span class='ocr_line' id='line_1_77' title="bbox 2128 1304 3797 1377; baseline 0.013 -21"><span class='ocrx_word' id='word_1_616' title='bbox 2128 1304 2329 1373; x_wconf 82' lang='grc' dir='ltr'>ὅμοιος</span> <span class='ocrx_word' id='word_1_617' title='bbox 2385 1306 2565 1372; x_wconf 81' lang='grc' dir='ltr'>αὐτῷ.</span> <span class='ocrx_word' id='word_1_618' title='bbox 2630 1308 2858 1376; x_wconf 81' lang='grc' dir='ltr'>Διδάξας</span> <span class='ocrx_word' id='word_1_619' title='bbox 2908 1312 2966 1365; x_wconf 81' lang='grc' dir='ltr'>δὲ</span> <span class='ocrx_word' id='word_1_620' title='bbox 3012 1312 3175 1367; x_wconf 89' lang='grc' dir='ltr'>αὑτὸν</span> <span class='ocrx_word' id='word_1_621' title='bbox 3208 1314 3302 1368; x_wconf 79' lang='grc' dir='ltr'>καὶ</span> <span class='ocrx_word' id='word_1_622' title='bbox 3344 1316 3433 1371; x_wconf 83' lang='grc' dir='ltr'>διὰ</span> <span class='ocrx_word' id='word_1_623' title='bbox 3489 1318 3693 1374; x_wconf 89' lang='grc' dir='ltr'>τούτων</span> <span class='ocrx_word' id='word_1_624' title='bbox 3733 1323 3797 1377; x_wconf 91' lang='grc' dir='ltr'>τὸ</span> 
     </span>
    </p>
   </div>
   <div class='ocr_carea' id='block_1_77' title="bbox 2131 1392 3799 1475">
    <p class='ocr_par' dir='ltr' id='par_1_77' title="bbox 2131 1392 3799 1475">
     <span class='ocr_line' id='line_1_78' title="bbox 2131 1392 3799 1475; baseline 0.014 -33"><span class='ocrx_word' id='word_1_625' title='bbox 2131 1392 2293 1461; x_wconf 86' lang='grc' dir='ltr'>μέσον</span> <span class='ocrx_word' id='word_1_626' title='bbox 2326 1392 2594 1465; x_wconf 82' lang='grc' dir='ltr'>ἑκατέρας</span> <span class='ocrx_word' id='word_1_627' title='bbox 2638 1396 2735 1467; x_wconf 85' lang='grc' dir='ltr'>τῆς</span> <span class='ocrx_word' id='word_1_628' title='bbox 2764 1397 3001 1467; x_wconf 90' lang='grc' dir='ltr'>φύσεως,</span> <span class='ocrx_word' id='word_1_629' title='bbox 3032 1401 3126 1455; x_wconf 83' lang='grc' dir='ltr'>καί</span> <span class='ocrx_word' id='word_1_630' title='bbox 3149 1402 3232 1456; x_wconf 86' lang='grc' dir='ltr'>ὅτι</span> <span class='ocrx_word' id='word_1_631' title='bbox 3260 1402 3476 1459; x_wconf 86' lang='grc' dir='ltr'>πάντων</span> <span class='ocrx_word' id='word_1_632' title='bbox 3515 1408 3677 1475; x_wconf 88' lang='grc' dir='ltr'>αὐτὸς</span> <span class='ocrx_word' id='word_1_633' title='bbox 3713 1428 3799 1466; x_wconf 87' lang='grc' dir='ltr'>τι-</span> 
     </span>
    </p>
   </div>
   <div class='ocr_carea' id='block_1_78' title="bbox 2130 1476 3795 1567">
    <p class='ocr_par' dir='ltr' id='par_1_78' title="bbox 2130 1476 3795 1567">
     <span class='ocr_line' id='line_1_79' title="bbox 2130 1476 3795 1567; baseline 0.015 -38"><span class='ocrx_word' id='word_1_634' title='bbox 2130 1476 2420 1551; x_wconf 86' lang='grc' dir='ltr'>μιώτερος,</span> <span class='ocrx_word' id='word_1_635' title='bbox 2453 1482 2546 1534; x_wconf 77' lang='grc' dir='ltr'>καὶ</span> <span class='ocrx_word' id='word_1_636' title='bbox 2581 1481 2731 1537; x_wconf 86' lang='grc' dir='ltr'>οὑδέν</span> <span class='ocrx_word' id='word_1_637' title='bbox 2755 1485 2812 1537; x_wconf 89' lang='grc' dir='ltr'>ἐν</span> <span class='ocrx_word' id='word_1_638' title='bbox 2832 1486 3071 1559; x_wconf 85' lang='grc' dir='ltr'>τοσούτῳ</span> <span class='ocrx_word' id='word_1_639' title='bbox 3103 1489 3300 1561; x_wconf 90' lang='grc' dir='ltr'>πλήθει</span> <span class='ocrx_word' id='word_1_640' title='bbox 3331 1492 3443 1545; x_wconf 83' lang='grc' dir='ltr'>ἴσον</span> <span class='ocrx_word' id='word_1_641' title='bbox 3470 1495 3640 1567; x_wconf 83' lang='grc' dir='ltr'>αὑτῷ,</span> <span class='ocrx_word' id='word_1_642' title='bbox 3672 1499 3795 1554; x_wconf 88' lang='grc' dir='ltr'>τότε</span> 
     </span>
    </p>
   </div>
   <div class='ocr_carea' id='block_1_79' title="bbox 2125 1565 3796 1651">
    <p class='ocr_par' dir='ltr' id='par_1_79' title="bbox 2125 1565 3796 1651">
     <span class='ocr_line' id='line_1_80' title="bbox 2125 1565 3796 1651; baseline 0.014 -32"><span class='ocrx_word' id='word_1_643' title='bbox 2125 1565 2189 1636; x_wconf 86' lang='grc' dir='ltr'>δὴ</span> <span class='ocrx_word' id='word_1_644' title='bbox 2213 1566 2385 1631; x_wconf 88' lang='grc' dir='ltr'>κτίζει</span> <span class='ocrx_word' id='word_1_645' title='bbox 2412 1568 2508 1623; x_wconf 80' lang='grc' dir='ltr'>καὶ</span> <span class='ocrx_word' id='word_1_646' title='bbox 2541 1569 2640 1641; x_wconf 88' lang='grc' dir='ltr'>τὴν</span> <span class='ocrx_word' id='word_1_647' title='bbox 2672 1576 2927 1640; x_wconf 89' lang='grc' dir='ltr'>γυναῖκα,</span> <span class='ocrx_word' id='word_1_648' title='bbox 2968 1577 3071 1629; x_wconf 88' lang='grc' dir='ltr'>κάν</span> <span class='ocrx_word' id='word_1_649' title='bbox 3119 1578 3295 1651; x_wconf 87' lang='grc' dir='ltr'>τούτῳ</span> <span class='ocrx_word' id='word_1_650' title='bbox 3325 1581 3490 1637; x_wconf 86' lang='grc' dir='ltr'>πάλιν</span> <span class='ocrx_word' id='word_1_651' title='bbox 3515 1565 3680 1642; x_wconf 84' lang='grc' dir='ltr'>αὑτὸν</span> <span class='ocrx_word' id='word_1_652' title='bbox 3710 1605 3796 1643; x_wconf 87' lang='grc' dir='ltr'>τι-</span> 
     </span>
    </p>
   </div>
   <div class='ocr_carea' id='block_1_80' title="bbox 2128 1652 3797 1739">
    <p class='ocr_par' dir='ltr' id='par_1_80' title="bbox 2128 1652 3797 1739">
     <span class='ocr_line' id='line_1_81' title="bbox 2128 1652 3797 1739; baseline 0.016 -35"><span class='ocrx_word' id='word_1_653' title='bbox 2128 1652 2246 1722; x_wconf 88' lang='grc' dir='ltr'>μῶν</span> <span class='ocrx_word' id='word_1_654' title='bbox 2271 1655 2367 1708; x_wconf 83' lang='grc' dir='ltr'>καί</span> <span class='ocrx_word' id='word_1_655' title='bbox 2403 1657 2637 1728; x_wconf 89' lang='grc' dir='ltr'>φανερὸν</span> <span class='ocrx_word' id='word_1_656' title='bbox 2665 1660 2850 1730; x_wconf 83' lang='grc' dir='ltr'>ποιῶν,</span> <span class='ocrx_word' id='word_1_657' title='bbox 2874 1663 2956 1716; x_wconf 83' lang='grc' dir='ltr'>ὅτι</span> <span class='ocrx_word' id='word_1_658' title='bbox 2979 1663 3046 1717; x_wconf 86' lang='grc' dir='ltr'>δι’</span> <span class='ocrx_word' id='word_1_659' title='bbox 3073 1664 3237 1722; x_wconf 88' lang='grc' dir='ltr'>αὑτὸν</span> <span class='ocrx_word' id='word_1_660' title='bbox 3264 1670 3476 1738; x_wconf 89' lang='grc' dir='ltr'>γέγονε,</span> <span class='ocrx_word' id='word_1_661' title='bbox 3503 1673 3685 1739; x_wconf 87' lang='grc' dir='ltr'>καθὼς</span> <span class='ocrx_word' id='word_1_662' title='bbox 3698 1679 3797 1733; x_wconf 78' lang='grc' dir='ltr'>καὶ</span> 
     </span>
    </p>
   </div>
   <div class='ocr_carea' id='block_1_81' title="bbox 2124 1741 3795 1835">
    <p class='ocr_par' dir='ltr' id='par_1_81' title="bbox 2124 1741 3795 1835">
     <span class='ocr_line' id='line_1_82' title="bbox 2124 1741 3795 1835; baseline 0.017 -44"><span class='ocrx_word' id='word_1_663' title='bbox 2124 1741 2152 1792; x_wconf 91' lang='lat'>6</span> <span class='ocrx_word' id='word_1_664' title='bbox 2185 1742 2396 1806; x_wconf 87' lang='grc' dir='ltr'>Παῦλός</span> <span class='ocrx_word' id='word_1_665' title='bbox 2440 1761 2603 1815; x_wconf 90' lang='grc' dir='ltr'>φησιν</span> <span class='ocrx_word' id='word_1_666' title='bbox 2623 1763 2637 1777; x_wconf 85' lang='grc'><strong>·</strong></span> <span class='ocrx_word' id='word_1_667' title='bbox 2691 1750 2773 1801; x_wconf 86' lang='grc' dir='ltr'>Οὐ</span> <span class='ocrx_word' id='word_1_668' title='bbox 2804 1751 2913 1817; x_wconf 80' lang='grc' dir='ltr'>γὰρ</span> <span class='ocrx_word' id='word_1_669' title='bbox 2939 1751 3185 1823; x_wconf 68' lang='grc' dir='ltr'>ἐκτίσθη</span> <span class='ocrx_word' id='word_1_670' title='bbox 3220 1756 3376 1826; x_wconf 78' lang='grc' dir='ltr'>ἀνὴρ</span> <span class='ocrx_word' id='word_1_671' title='bbox 3413 1759 3511 1814; x_wconf 77' lang='grc' dir='ltr'>διὰ</span> <span class='ocrx_word' id='word_1_672' title='bbox 3544 1763 3660 1832; x_wconf 80' lang='grc' dir='ltr'>τὴν</span> <span class='ocrx_word' id='word_1_673' title='bbox 3687 1784 3795 1835; x_wconf 73' lang='grc' dir='ltr'>γυ-</span> 
     </span>
    </p>
   </div>
   <div class='ocr_carea' id='block_1_82' title="bbox 2122 1828 3796 1923">
    <p class='ocr_par' dir='ltr' id='par_1_82' title="bbox 2122 1828 3796 1923">
     <span class='ocr_line' id='line_1_83' title="bbox 2122 1828 3796 1923; baseline 0.017 -43"><span class='ocrx_word' id='word_1_674' title='bbox 2122 1828 2318 1895; x_wconf 82' lang='grc' dir='ltr'>ναῖκα,</span> <span class='ocrx_word' id='word_1_675' title='bbox 2342 1832 2502 1887; x_wconf 75' lang='grc' dir='ltr'><em>ἀλλὰ</em></span> <span class='ocrx_word' id='word_1_676' title='bbox 2532 1834 2688 1902; x_wconf 68' lang='grc' dir='ltr'>γυνὴ</span> <span class='ocrx_word' id='word_1_677' title='bbox 2714 1835 2811 1891; x_wconf 75' lang='grc' dir='ltr'>διὰ</span> <span class='ocrx_word' id='word_1_678' title='bbox 2835 1838 2941 1892; x_wconf 83' lang='grc' dir='ltr'>τὸν</span> <span class='ocrx_word' id='word_1_679' title='bbox 2969 1840 3177 1910; x_wconf 79' lang='grc' dir='ltr'>ἄνδρα.</span> <span class='ocrx_word' id='word_1_680' title='bbox 3203 1845 3277 1898; x_wconf 92' lang='grc' dir='ltr'>Οὑ</span> <span class='ocrx_word' id='word_1_681' title='bbox 3308 1846 3518 1912; x_wconf 85' lang='grc' dir='ltr'>τούτοις</span> <span class='ocrx_word' id='word_1_682' title='bbox 3542 1828 3615 1903; x_wconf 16' lang='grc' dir='ltr'>δέή</span> <span class='ocrx_word' id='word_1_683' title='bbox 3634 1828 3796 1923; x_wconf 88' lang='grc' dir='ltr'>μόνον</span> 
     </span>
    </p>
   </div>
   <div class='ocr_carea' id='block_1_83' title="bbox 2123 1919 3795 2009">
    <p class='ocr_par' dir='ltr' id='par_1_83' title="bbox 2123 1919 3795 2009">
     <span class='ocr_line' id='line_1_84' title="bbox 2123 1919 3795 2009; baseline 0.016 -38"><span class='ocrx_word' id='word_1_684' title='bbox 2123 1919 2285 1973; x_wconf 92' lang='grc' dir='ltr'>αὑτὸν</span> <span class='ocrx_word' id='word_1_685' title='bbox 2310 1922 2697 1993; x_wconf 89' lang='grc' dir='ltr'>ἀπεσέμνυνεν,</span> <span class='ocrx_word' id='word_1_686' title='bbox 2719 1926 2854 1980; x_wconf 89' lang='grc' dir='ltr'>ἀλλά</span> <span class='ocrx_word' id='word_1_687' title='bbox 2882 1930 2976 1982; x_wconf 79' lang='grc' dir='ltr'>καὶ</span> <span class='ocrx_word' id='word_1_688' title='bbox 3000 1930 3157 2000; x_wconf 87' lang='grc' dir='ltr'>λόγον</span> <span class='ocrx_word' id='word_1_689' title='bbox 3175 1934 3322 2005; x_wconf 89' lang='grc' dir='ltr'>αύτῷ</span> <span class='ocrx_word' id='word_1_690' title='bbox 3345 1937 3490 2009; x_wconf 84' lang='grc' dir='ltr'>μόνῳ</span> <span class='ocrx_word' id='word_1_691' title='bbox 3512 1940 3619 1993; x_wconf 88' lang='grc' dir='ltr'>τῶν</span> <span class='ocrx_word' id='word_1_692' title='bbox 3635 1919 3795 1997; x_wconf 66' lang='grc' dir='ltr'>⁷πάν-</span> 
     </span>
    </p>
   </div>
   <div class='ocr_carea' id='block_1_84' title="bbox 2123 2010 3793 2099">
    <p class='ocr_par' dir='ltr' id='par_1_84' title="bbox 2123 2010 3793 2099">
     <span class='ocr_line' id='line_1_85' title="bbox 2123 2010 3793 2099; baseline 0.016 -40"><span class='ocrx_word' id='word_1_693' title='bbox 2123 2024 2230 2061; x_wconf 90' lang='grc' dir='ltr'>των</span> <span class='ocrx_word' id='word_1_694' title='bbox 2263 2010 2291 2049; x_wconf 68' lang='lat' dir='ltr'><strong>h</strong></span> <span class='ocrx_word' id='word_1_695' title='bbox 2322 2010 2647 2083; x_wconf 86' lang='grc' dir='ltr'>ἐχαρίσατο,</span> <span class='ocrx_word' id='word_1_696' title='bbox 2702 2017 2797 2068; x_wconf 74' lang='grc' dir='ltr'>καὶ</span> <span class='ocrx_word' id='word_1_697' title='bbox 2838 2017 2941 2086; x_wconf 86' lang='grc' dir='ltr'>τῆς</span> <span class='ocrx_word' id='word_1_698' title='bbox 2984 2019 3152 2073; x_wconf 86' lang='grc' dir='ltr'>αὑτοῦ</span> <span class='ocrx_word' id='word_1_699' title='bbox 3183 2022 3438 2089; x_wconf 84' lang='grc' dir='ltr'>γνώσεως</span> <span class='ocrx_word' id='word_1_700' title='bbox 3464 2028 3793 2099; x_wconf 78' lang='grc' dir='ltr'>κατηξίωσε,</span> 
     </span>
    </p>
   </div>
   <div class='ocr_carea' id='block_1_85' title="bbox 2126 2097 3797 2180">
    <p class='ocr_par' dir='ltr' id='par_1_85' title="bbox 2126 2097 3797 2180">
     <span class='ocr_line' id='line_1_86' title="bbox 2126 2097 3797 2180; baseline 0.015 -32"><span class='ocrx_word' id='word_1_701' title='bbox 2126 2097 2219 2149; x_wconf 78' lang='grc' dir='ltr'>καὶ</span> <span class='ocrx_word' id='word_1_702' title='bbox 2245 2098 2344 2168; x_wconf 89' lang='grc' dir='ltr'>τῆς</span> <span class='ocrx_word' id='word_1_703' title='bbox 2379 2100 2516 2171; x_wconf 89' lang='grc' dir='ltr'>πρὸς</span> <span class='ocrx_word' id='word_1_704' title='bbox 2544 2102 2707 2156; x_wconf 88' lang='grc' dir='ltr'>αὑτὸν</span> <span class='ocrx_word' id='word_1_705' title='bbox 2742 2105 2958 2174; x_wconf 86' lang='grc' dir='ltr'>ὁμιλίας</span> <span class='ocrx_word' id='word_1_706' title='bbox 2979 2107 3271 2162; x_wconf 85' lang='grc' dir='ltr'>ἀπολαύειν</span> <span class='ocrx_word' id='word_1_707' title='bbox 3301 2111 3522 2175; x_wconf 79' lang='grc' dir='ltr'>ἔδωκεν,</span> <span class='ocrx_word' id='word_1_708' title='bbox 3549 2097 3624 2180; x_wconf 84' lang='grc' dir='ltr'>ὼς</span> <span class='ocrx_word' id='word_1_709' title='bbox 3657 2119 3797 2173; x_wconf 83' lang='grc' dir='ltr'>ἀπο-</span> 
     </span>
    </p>
   </div>
   <div class='ocr_carea' id='block_1_86' title="bbox 2124 2184 3796 2278">
    <p class='ocr_par' dir='ltr' id='par_1_86' title="bbox 2124 2184 3796 2278">
     <span class='ocr_line' id='line_1_87' title="bbox 2124 2184 3796 2278; baseline 0.016 -41"><span class='ocrx_word' id='word_1_710' title='bbox 2124 2184 2311 2240; x_wconf 89' lang='grc' dir='ltr'>λαύειν</span> <span class='ocrx_word' id='word_1_711' title='bbox 2346 2188 2540 2261; x_wconf 85' lang='grc' dir='ltr'>ἐκείνῳ</span> <span class='ocrx_word' id='word_1_712' title='bbox 2606 2190 2827 2245; x_wconf 88' lang='grc' dir='ltr'>δυνατὸν</span> <span class='ocrx_word' id='word_1_713' title='bbox 2886 2188 2975 2265; x_wconf 85' lang='grc' dir='ltr'>ἦν,</span> <span class='ocrx_word' id='word_1_714' title='bbox 3035 2197 3128 2250; x_wconf 79' lang='grc' dir='ltr'>καί</span> <span class='ocrx_word' id='word_1_715' title='bbox 3188 2199 3487 2257; x_wconf 89' lang='grc' dir='ltr'>ἀθανασίαν</span> <span class='ocrx_word' id='word_1_716' title='bbox 3542 2207 3796 2278; x_wconf 83' lang='grc' dir='ltr'>παρέξειν</span> 
     </span>
    </p>
   </div>
   <div class='ocr_carea' id='block_1_87' title="bbox 2130 2276 3795 2360">
    <p class='ocr_par' dir='ltr' id='par_1_87' title="bbox 2130 2276 3795 2360">
     <span class='ocr_line' id='line_1_88' title="bbox 2130 2276 3795 2360; baseline 0.015 -34"><span class='ocrx_word' id='word_1_717' title='bbox 2130 2276 2415 2345; x_wconf 83' lang='grc' dir='ltr'>ὑπέσχετο,</span> <span class='ocrx_word' id='word_1_718' title='bbox 2467 2278 2561 2333; x_wconf 77' lang='grc' dir='ltr'>καὶ</span> <span class='ocrx_word' id='word_1_719' title='bbox 2594 2280 2796 2351; x_wconf 88' lang='grc' dir='ltr'>πολλῆς</span> <span class='ocrx_word' id='word_1_720' title='bbox 2820 2281 2920 2352; x_wconf 91' lang='grc' dir='ltr'>τῆς</span> <span class='ocrx_word' id='word_1_721' title='bbox 2955 2284 3149 2352; x_wconf 85' lang='grc' dir='ltr'>σοφίας</span> <span class='ocrx_word' id='word_1_722' title='bbox 3182 2288 3468 2360; x_wconf 87' lang='grc' dir='ltr'>ἐνέπλησε,</span> <span class='ocrx_word' id='word_1_723' title='bbox 3510 2294 3604 2347; x_wconf 80' lang='grc' dir='ltr'>καὶ</span> <span class='ocrx_word' id='word_1_724' title='bbox 3622 2276 3795 2352; x_wconf 82' lang='grc' dir='ltr'>πνευ-</span> 
     </span>
    </p>
   </div>
   <div class='ocr_carea' id='block_1_88' title="bbox 2125 2364 3797 2447">
    <p class='ocr_par' dir='ltr' id='par_1_88' title="bbox 2125 2364 3797 2447">
     <span class='ocr_line' id='line_1_89' title="bbox 2125 2364 3797 2447; baseline 0.015 -33"><span class='ocrx_word' id='word_1_725' title='bbox 2125 2364 2362 2434; x_wconf 82' lang='grc' dir='ltr'>ματικὴν</span> <span class='ocrx_word' id='word_1_726' title='bbox 2394 2367 2559 2437; x_wconf 86' lang='grc' dir='ltr'>χάριν</span> <span class='ocrx_word' id='word_1_727' title='bbox 2580 2368 2859 2439; x_wconf 87' lang='grc' dir='ltr'>ἐνέθηκεν,</span> <span class='ocrx_word' id='word_1_728' title='bbox 2884 2371 2960 2434; x_wconf 86' lang='grc' dir='ltr'>ὡς</span> <span class='ocrx_word' id='word_1_729' title='bbox 2980 2374 3074 2426; x_wconf 73' lang='grc' dir='ltr'>καὶ</span> <span class='ocrx_word' id='word_1_730' title='bbox 3104 2377 3482 2447; x_wconf 89' lang='grc' dir='ltr'>προφητεῦσαί</span> <span class='ocrx_word' id='word_1_731' title='bbox 3515 2399 3656 2437; x_wconf 89' lang='grc' dir='ltr'>τινα.</span> <span class='ocrx_word' id='word_1_732' title='bbox 3683 2384 3797 2442; x_wconf 69' lang='grc' dir='ltr'>Καὶ</span> 
     </span>
    </p>
   </div>
   <div class='ocr_carea' id='block_1_89' title="bbox 2121 2449 3798 2545">
    <p class='ocr_par' dir='ltr' id='par_1_89' title="bbox 2121 2449 3798 2545">
     <span class='ocr_line' id='line_1_90' title="bbox 2121 2449 3798 2545; baseline 0.016 -45"><span class='ocrx_word' id='word_1_733' title='bbox 2121 2449 2293 2503; x_wconf 89' lang='grc' dir='ltr'>ταῦτα</span> <span class='ocrx_word' id='word_1_734' title='bbox 2320 2452 2500 2507; x_wconf 90' lang='grc' dir='ltr'>πάντα</span> <span class='ocrx_word' id='word_1_735' title='bbox 2526 2455 2838 2526; x_wconf 88' lang='grc' dir='ltr'>ἐδωρήσατο</span> <span class='ocrx_word' id='word_1_736' title='bbox 2863 2459 3078 2524; x_wconf 85' lang='grc' dir='ltr'>οὐδενὸς</span> <span class='ocrx_word' id='word_1_737' title='bbox 3107 2468 3570 2537; x_wconf 86' lang='grc' dir='ltr'>προῦπηργμένου</span> <span class='ocrx_word' id='word_1_738' title='bbox 3606 2489 3798 2545; x_wconf 84' lang='grc' dir='ltr'>κατορ-</span> 
     </span>
    </p>
   </div>
   <div class='ocr_carea' id='block_1_90' title="bbox 2124 2534 3797 2623">
    <p class='ocr_par' dir='ltr' id='par_1_90' title="bbox 2124 2534 3797 2623">
     <span class='ocr_line' id='line_1_91' title="bbox 2124 2534 3797 2623; baseline 0.016 -36"><span class='ocrx_word' id='word_1_739' title='bbox 2124 2534 2371 2606; x_wconf 79' lang='grc' dir='ltr'>θώματος</span> <span class='ocrx_word' id='word_1_740' title='bbox 2414 2539 2543 2610; x_wconf 89' lang='grc' dir='ltr'>παρ’</span> <span class='ocrx_word' id='word_1_741' title='bbox 2574 2540 2762 2596; x_wconf 89' lang='grc' dir='ltr'>αὑτοῦ.</span> <span class='ocrx_word' id='word_1_742' title='bbox 2810 2543 2875 2597; x_wconf 91' lang='grc' dir='ltr'>Τί</span> <span class='ocrx_word' id='word_1_743' title='bbox 2923 2542 3017 2599; x_wconf 85' lang='grc' dir='ltr'>οὖν</span> <span class='ocrx_word' id='word_1_744' title='bbox 3054 2549 3309 2612; x_wconf 79' lang='grc' dir='ltr'>ἐκεῖνοςί</span> <span class='ocrx_word' id='word_1_745' title='bbox 3363 2554 3500 2623; x_wconf 83' lang='grc' dir='ltr'>μετὰ</span> <span class='ocrx_word' id='word_1_746' title='bbox 3558 2559 3797 2614; x_wconf 84' lang='grc' dir='ltr'>τοσαῦτα</span> 
     </span>
    </p>
   </div>
   <div class='ocr_carea' id='block_1_91' title="bbox 2123 2624 3797 2716">
    <p class='ocr_par' dir='ltr' id='par_1_91' title="bbox 2123 2624 3797 2716">
     <span class='ocr_line' id='line_1_92' title="bbox 2123 2624 3797 2716; baseline 0.016 -42"><span class='ocrx_word' id='word_1_747' title='bbox 2123 2624 2217 2676; x_wconf 78' lang='grc' dir='ltr'>καί</span> <span class='ocrx_word' id='word_1_748' title='bbox 2242 2624 2542 2695; x_wconf 89' lang='grc' dir='ltr'>τηλικαῦτα</span> <span class='ocrx_word' id='word_1_749' title='bbox 2568 2628 2783 2696; x_wconf 85' lang='grc' dir='ltr'>ἀγαθά;</span> <span class='ocrx_word' id='word_1_750' title='bbox 2824 2630 3152 2706; x_wconf 86' lang='grc' dir='ltr'>Πιστότερον</span> <span class='ocrx_word' id='word_1_751' title='bbox 3192 2637 3286 2691; x_wconf 86' lang='grc' dir='ltr'>τοῦ</span> <span class='ocrx_word' id='word_1_752' title='bbox 3326 2641 3499 2695; x_wconf 89' lang='grc' dir='ltr'>ταῦτα</span> <span class='ocrx_word' id='word_1_753' title='bbox 3544 2643 3797 2716; x_wconf 89' lang='grc' dir='ltr'>δωρησα-</span> 
     </span>
    </p>
   </div>
   <div class='ocr_carea' id='block_1_92' title="bbox 2126 2710 3798 2804">
    <p class='ocr_par' dir='ltr' id='par_1_92' title="bbox 2126 2710 3798 2804">
     <span class='ocr_line' id='line_1_93' title="bbox 2126 2710 3798 2804; baseline 0.016 -42"><span class='ocrx_word' id='word_1_754' title='bbox 2126 2710 2288 2779; x_wconf 88' lang='grc' dir='ltr'>μένου</span> <span class='ocrx_word' id='word_1_755' title='bbox 2318 2712 2411 2766; x_wconf 90' lang='grc' dir='ltr'>τὸν</span> <span class='ocrx_word' id='word_1_756' title='bbox 2436 2715 2630 2786; x_wconf 87' lang='grc' dir='ltr'>ἐχθρὸν</span> <span class='ocrx_word' id='word_1_757' title='bbox 2650 2716 2889 2787; x_wconf 86' lang='grc' dir='ltr'>ἐνόμισε,</span> <span class='ocrx_word' id='word_1_758' title='bbox 2911 2722 3007 2773; x_wconf 75' lang='grc' dir='ltr'>καὶ</span> <span class='ocrx_word' id='word_1_759' title='bbox 3034 2723 3134 2794; x_wconf 88' lang='grc' dir='ltr'>τῆς</span> <span class='ocrx_word' id='word_1_760' title='bbox 3167 2726 3387 2798; x_wconf 84' lang='grc' dir='ltr'>ἐντολῆς</span> <span class='ocrx_word' id='word_1_761' title='bbox 3402 2729 3494 2782; x_wconf 90' lang='grc' dir='ltr'>τοῦ</span> <span class='ocrx_word' id='word_1_762' title='bbox 3534 2710 3798 2804; x_wconf 77' lang='grc' dir='ltr'>ποιήσαν-</span> 
     </span>
    </p>
   </div>
   <div class='ocr_carea' id='block_1_93' title="bbox 2122 2799 3798 2887">
    <p class='ocr_par' dir='ltr' id='par_1_93' title="bbox 2122 2799 3798 2887">
     <span class='ocr_line' id='line_1_94' title="bbox 2122 2799 3798 2887; baseline 0.016 -38"><span class='ocrx_word' id='word_1_763' title='bbox 2122 2815 2212 2861; x_wconf 88' lang='grc' dir='ltr'>τος</span> <span class='ocrx_word' id='word_1_764' title='bbox 2256 2799 2548 2871; x_wconf 88' lang='grc' dir='ltr'>ἀλογήσας,</span> <span class='ocrx_word' id='word_1_765' title='bbox 2595 2805 2929 2877; x_wconf 87' lang='grc' dir='ltr'>προετίμησε</span> <span class='ocrx_word' id='word_1_766' title='bbox 2975 2808 3076 2880; x_wconf 84' lang='grc' dir='ltr'>τὴν</span> <span class='ocrx_word' id='word_1_767' title='bbox 3111 2812 3327 2885; x_wconf 86' lang='grc' dir='ltr'>ἀπάτην</span> <span class='ocrx_word' id='word_1_768' title='bbox 3377 2816 3472 2869; x_wconf 88' lang='grc' dir='ltr'>τοῦ</span> <span class='ocrx_word' id='word_1_769' title='bbox 3516 2799 3798 2887; x_wconf 78' lang='grc' dir='ltr'>παντελῶς</span> 
     </span>
    </p>
   </div>
   <div class='ocr_carea' id='block_1_94' title="bbox 2123 2886 3797 2977">
    <p class='ocr_par' dir='ltr' id='par_1_94' title="bbox 2123 2886 3797 2977">
     <span class='ocr_line' id='line_1_95' title="bbox 2123 2886 3797 2977; baseline 0.016 -40"><span class='ocrx_word' id='word_1_770' title='bbox 2123 2886 2284 2940; x_wconf 86' lang='grc' dir='ltr'>αὑτὸν</span> <span class='ocrx_word' id='word_1_771' title='bbox 2314 2890 2573 2958; x_wconf 88' lang='grc' dir='ltr'>ἀφανίσαι</span> <span class='ocrx_word' id='word_1_772' title='bbox 2591 2894 2991 2961; x_wconf 88' lang='grc' dir='ltr'>σπουδάσαντος</span> <span class='ocrx_word' id='word_1_773' title='bbox 3022 2899 3118 2952; x_wconf 79' lang='grc' dir='ltr'>καὶ</span> <span class='ocrx_word' id='word_1_774' title='bbox 3152 2902 3371 2955; x_wconf 89' lang='grc' dir='ltr'>πάντων</span> <span class='ocrx_word' id='word_1_775' title='bbox 3397 2906 3607 2977; x_wconf 90' lang='grc' dir='ltr'>ἀθρόως</span> <span class='ocrx_word' id='word_1_776' title='bbox 3630 2886 3797 2974; x_wconf 48' lang='grc' dir='ltr'>ἐκϐαέ</span> 
     </span>
    </p>
   </div>
   <div class='ocr_carea' id='block_1_95' title="bbox 2123 2970 3798 3068">
    <p class='ocr_par' dir='ltr' id='par_1_95' title="bbox 2123 2970 3798 3068">
     <span class='ocr_line' id='line_1_96' title="bbox 2123 2970 3798 3068; baseline 0.017 -45"><span class='ocrx_word' id='word_1_777' title='bbox 2123 2970 2233 3025; x_wconf 87' lang='grc' dir='ltr'>λεῖν</span> <span class='ocrx_word' id='word_1_778' title='bbox 2264 2974 2371 3027; x_wconf 89' lang='grc' dir='ltr'>τῶν</span> <span class='ocrx_word' id='word_1_779' title='bbox 2405 2976 2647 3044; x_wconf 89' lang='grc' dir='ltr'>ἀγαθῶν.</span> <span class='ocrx_word' id='word_1_780' title='bbox 2707 2982 2820 3035; x_wconf 75' lang='grc' dir='ltr'>Καὶ</span> <span class='ocrx_word' id='word_1_781' title='bbox 2853 2985 3244 3057; x_wconf 88' lang='grc' dir='ltr'>προετίμησεν,</span> <span class='ocrx_word' id='word_1_782' title='bbox 3295 2990 3447 3045; x_wconf 82' lang='grc' dir='ltr'>οὐδὲν</span> <span class='ocrx_word' id='word_1_783' title='bbox 3472 2970 3621 3048; x_wconf 51' lang='grc' dir='ltr'>ὀὔτε</span> <span class='ocrx_word' id='word_1_784' title='bbox 3653 2970 3798 3068; x_wconf 82' lang='grc' dir='ltr'>μέγα</span> 
     </span>
    </p>
   </div>
   <div class='ocr_carea' id='block_1_96' title="bbox 2122 3058 3799 3153">
    <p class='ocr_par' dir='ltr' id='par_1_96' title="bbox 2122 3058 3799 3153">
     <span class='ocr_line' id='line_1_97' title="bbox 2122 3058 3799 3153; baseline 0.017 -42"><span class='ocrx_word' id='word_1_785' title='bbox 2122 3058 2246 3112; x_wconf 73' lang='grc' dir='ltr'>οὔτε</span> <span class='ocrx_word' id='word_1_786' title='bbox 2275 3063 2470 3134; x_wconf 89' lang='grc' dir='ltr'>μικρὸν</span> <span class='ocrx_word' id='word_1_787' title='bbox 2490 3065 2808 3135; x_wconf 84' lang='grc' dir='ltr'>εὐεργεσίας</span> <span class='ocrx_word' id='word_1_788' title='bbox 2821 3068 3007 3126; x_wconf 72' lang='grc' dir='ltr'>ἕνεκεν</span> <span class='ocrx_word' id='word_1_789' title='bbox 3026 3074 3439 3148; x_wconf 81' lang='grc' dir='ltr'>ἐπιδειξαμένου</span> <span class='ocrx_word' id='word_1_790' title='bbox 3467 3083 3604 3153; x_wconf 86' lang='grc' dir='ltr'>πρὸς</span> <span class='ocrx_word' id='word_1_791' title='bbox 3633 3058 3799 3140; x_wconf 75' lang='grc' dir='ltr'>αὐτὸν</span> 
     </span>
    </p>
   </div>
   <div class='ocr_carea' id='block_1_97' title="bbox 2123 3147 3798 3246">
    <p class='ocr_par' dir='ltr' id='par_1_97' title="bbox 2123 3147 3798 3246">
     <span class='ocr_line' id='line_1_98' title="bbox 2123 3147 3798 3246; baseline 0.017 -48"><span class='ocrx_word' id='word_1_792' title='bbox 2123 3147 2355 3209; x_wconf 82' lang='grc' dir='ltr'>ἐκείνου,</span> <span class='ocrx_word' id='word_1_793' title='bbox 2390 3148 2525 3203; x_wconf 83' lang='grc' dir='ltr'>ἀλλά</span> <span class='ocrx_word' id='word_1_794' title='bbox 2549 3153 2772 3223; x_wconf 77' lang='grc' dir='ltr'>ῥήματα</span> <span class='ocrx_word' id='word_1_795' title='bbox 2792 3158 3261 3229; x_wconf 82' lang='grc' dir='ltr'>προσενέγκαντος</span> <span class='ocrx_word' id='word_1_796' title='bbox 3285 3147 3451 3233; x_wconf 89' lang='grc' dir='ltr'>μόνον</span> <span class='ocrx_word' id='word_1_797' title='bbox 3482 3147 3650 3241; x_wconf 74' lang='grc' dir='ltr'>αύτῷ.</span> <span class='ocrx_word' id='word_1_798' title='bbox 3670 3168 3740 3225; x_wconf 67' lang='grc' dir='ltr'>*Α</span> <span class='ocrx_word' id='word_1_799' title='bbox 3749 3174 3798 3246; x_wconf 83' lang='grc' dir='ltr'>ρ’</span> 
     </span>
    </p>
   </div>
   <div class='ocr_carea' id='block_1_98' title="bbox 2122 3229 3800 3332">
    <p class='ocr_par' dir='ltr' id='par_1_98' title="bbox 2122 3229 3800 3332">
     <span class='ocr_line' id='line_1_99' title="bbox 2122 3229 3800 3332; baseline 0.018 -46"><span class='ocrx_word' id='word_1_800' title='bbox 2122 3229 2214 3287; x_wconf 84' lang='grc' dir='ltr'>οῦν</span> <span class='ocrx_word' id='word_1_801' title='bbox 2272 3235 2554 3307; x_wconf 73' lang='grc' dir='ltr'>ἐξήλειψεν</span> <span class='ocrx_word' id='word_1_802' title='bbox 2609 3241 2770 3296; x_wconf 89' lang='grc' dir='ltr'>αὑτὸν</span> <span class='ocrx_word' id='word_1_803' title='bbox 2802 3242 2816 3294; x_wconf 77' lang='lat' dir='ltr'><strong>J&#39;</strong></span> <span class='ocrx_word' id='word_1_804' title='bbox 2855 3246 2884 3297; x_wconf 89' lang='lat'>6</span> <span class='ocrx_word' id='word_1_805' title='bbox 2911 3242 3065 3314; x_wconf 84' lang='grc' dir='ltr'>Θεὸς,</span> <span class='ocrx_word' id='word_1_806' title='bbox 3107 3229 3375 3324; x_wconf 79' lang='grc' dir='ltr'>τοσαύτην</span> <span class='ocrx_word' id='word_1_807' title='bbox 3403 3229 3800 3332; x_wconf 75' lang='grc' dir='ltr'>ἀγνωμοσύνην</span> 
     </span>
    </p>
   </div>
   <div class='ocr_carea' id='block_1_99' title="bbox 2123 3322 3799 3416">
    <p class='ocr_par' dir='ltr' id='par_1_99' title="bbox 2123 3322 3799 3416">
     <span class='ocr_line' id='line_1_100' title="bbox 2123 3322 3799 3416; baseline 0.017 -42"><span class='ocrx_word' id='word_1_808' title='bbox 2123 3322 2183 3387; x_wconf 82' lang='grc' dir='ltr'>ἐξ</span> <span class='ocrx_word' id='word_1_809' title='bbox 2222 3323 2398 3395; x_wconf 87' lang='grc' dir='ltr'>ἀρχῆς</span> <span class='ocrx_word' id='word_1_810' title='bbox 2421 3326 2515 3379; x_wconf 72' lang='grc' dir='ltr'>καὶ</span> <span class='ocrx_word' id='word_1_811' title='bbox 2542 3327 2636 3380; x_wconf 78' lang='grc' dir='ltr'>ἀπ’</span> <span class='ocrx_word' id='word_1_812' title='bbox 2660 3330 2854 3401; x_wconf 87' lang='grc' dir='ltr'>αὑτῆς,</span> <span class='ocrx_word' id='word_1_813' title='bbox 2890 3333 2966 3397; x_wconf 85' lang='grc' dir='ltr'>ὡς</span> <span class='ocrx_word' id='word_1_814' title='bbox 2995 3337 3192 3403; x_wconf 87' lang='grc' dir='ltr'>εἰπεῖν,</span> <span class='ocrx_word' id='word_1_815' title='bbox 3223 3322 3492 3413; x_wconf 81' lang='grc' dir='ltr'>γραμμῆς</span> <span class='ocrx_word' id='word_1_816' title='bbox 3518 3322 3799 3416; x_wconf 78' lang='grc' dir='ltr'>ἐπιδειξά-</span> 
     </span>
    </p>
   </div>
   <div class='ocr_carea' id='block_1_100' title="bbox 2126 3414 3800 3507">
    <p class='ocr_par' dir='ltr' id='par_1_100' title="bbox 2126 3414 3800 3507">
     <span class='ocr_line' id='line_1_101' title="bbox 2126 3414 3800 3507; baseline 0.018 -46"><span class='ocrx_word' id='word_1_817' title='bbox 2126 3426 2321 3479; x_wconf 91' lang='grc' dir='ltr'>μενον;</span> <span class='ocrx_word' id='word_1_818' title='bbox 2378 3414 2549 3507; x_wconf 44' lang='grc' dir='ltr'>Τοῦὶτο</span> <span class='ocrx_word' id='word_1_819' title='bbox 2604 3418 2701 3487; x_wconf 78' lang='grc' dir='ltr'>μὲν</span> <span class='ocrx_word' id='word_1_820' title='bbox 2736 3418 2845 3491; x_wconf 92' lang='grc' dir='ltr'>γάρ</span> <span class='ocrx_word' id='word_1_821' title='bbox 2898 3423 3041 3477; x_wconf 89' lang='grc' dir='ltr'>κατά</span> <span class='ocrx_word' id='word_1_822' title='bbox 3090 3426 3180 3479; x_wconf 90' lang='grc' dir='ltr'>τὸν</span> <span class='ocrx_word' id='word_1_823' title='bbox 3232 3428 3326 3482; x_wconf 83' lang='grc' dir='ltr'>τοῦ</span> <span class='ocrx_word' id='word_1_824' title='bbox 3379 3430 3589 3486; x_wconf 83' lang='grc' dir='ltr'>δικαίου</span> <span class='ocrx_word' id='word_1_825' title='bbox 3640 3414 3800 3507; x_wconf 83' lang='grc' dir='ltr'>λόγον</span> 
     </span>
    </p>
   </div>
   <div class='ocr_carea' id='block_1_101' title="bbox 2122 3497 3798 3584">
    <p class='ocr_par' dir='ltr' id='par_1_101' title="bbox 2122 3497 3798 3584">
     <span class='ocr_line' id='line_1_102' title="bbox 2122 3497 3798 3584; baseline 0.018 -34"><span class='ocrx_word' id='word_1_826' title='bbox 2122 3498 2418 3554; x_wconf 87' lang='grc' dir='ltr'>ἀκόλουθον</span> <span class='ocrx_word' id='word_1_827' title='bbox 2472 3497 2563 3573; x_wconf 83' lang='grc' dir='ltr'>ἦν,</span> <span class='ocrx_word' id='word_1_828' title='bbox 2616 3505 2708 3557; x_wconf 90' lang='grc' dir='ltr'>τὸν</span> <span class='ocrx_word' id='word_1_829' title='bbox 2744 3509 2916 3579; x_wconf 90' lang='grc' dir='ltr'>μυρία</span> <span class='ocrx_word' id='word_1_830' title='bbox 2945 3512 3041 3581; x_wconf 85' lang='grc' dir='ltr'>μὲν</span> <span class='ocrx_word' id='word_1_831' title='bbox 3078 3513 3321 3571; x_wconf 89' lang='grc' dir='ltr'>παθόντα</span> <span class='ocrx_word' id='word_1_832' title='bbox 3359 3520 3521 3584; x_wconf 89' lang='grc' dir='ltr'>καλά,</span> <span class='ocrx_word' id='word_1_833' title='bbox 3581 3497 3798 3582; x_wconf 59' lang='grc' dir='ltr'>ἀντὶἘέ</span> 
     </span>
    </p>
   </div>
   <div class='ocr_carea' id='block_1_102' title="bbox 2122 3586 3799 3684">
    <p class='ocr_par' dir='ltr' id='par_1_102' title="bbox 2122 3586 3799 3684">
     <span class='ocr_line' id='line_1_103' title="bbox 2122 3586 3799 3684; baseline 0.019 -47"><span class='ocrx_word' id='word_1_834' title='bbox 2122 3586 2327 3641; x_wconf 91' lang='grc' dir='ltr'>τούτων</span> <span class='ocrx_word' id='word_1_835' title='bbox 2340 3589 2450 3643; x_wconf 85' lang='grc' dir='ltr'>ἀπὸ</span> <span class='ocrx_word' id='word_1_836' title='bbox 2471 3594 2756 3665; x_wconf 87' lang='grc' dir='ltr'>παρακοῆς</span> <span class='ocrx_word' id='word_1_837' title='bbox 2779 3597 2872 3649; x_wconf 79' lang='grc' dir='ltr'>καὶ</span> <span class='ocrx_word' id='word_1_838' title='bbox 2894 3599 3218 3670; x_wconf 84' lang='grc' dir='ltr'>ἀχαριστίας</span> <span class='ocrx_word' id='word_1_839' title='bbox 3241 3604 3443 3672; x_wconf 83' lang='grc' dir='ltr'>εὑθέως</span> <span class='ocrx_word' id='word_1_840' title='bbox 3454 3609 3519 3663; x_wconf 86' lang='grc' dir='ltr'>τὰ</span> <span class='ocrx_word' id='word_1_841' title='bbox 3537 3615 3799 3684; x_wconf 89' lang='grc' dir='ltr'>προοίμια</span> 
     </span>
    </p>
   </div>
   <div class='ocr_carea' id='block_1_103' title="bbox 2121 3673 3795 3770">
    <p class='ocr_par' dir='ltr' id='par_1_103' title="bbox 2121 3673 3795 3770">
     <span class='ocr_line' id='line_1_104' title="bbox 2121 3673 3795 3770; baseline 0.021 -45"><span class='ocrx_word' id='word_1_842' title='bbox 2121 3673 2215 3727; x_wconf 91' lang='grc' dir='ltr'>τοῦ</span> <span class='ocrx_word' id='word_1_843' title='bbox 2258 3674 2373 3745; x_wconf 85' lang='grc' dir='ltr'>βίου</span> <span class='ocrx_word' id='word_1_844' title='bbox 2410 3683 2797 3752; x_wconf 85' lang='grc' dir='ltr'>πεποιημένον,</span> <span class='ocrx_word' id='word_1_845' title='bbox 2849 3687 3114 3743; x_wconf 87' lang='grc' dir='ltr'>ἀπολέσαι</span> <span class='ocrx_word' id='word_1_846' title='bbox 3144 3692 3237 3744; x_wconf 79' lang='grc' dir='ltr'>καί</span> <span class='ocrx_word' id='word_1_847' title='bbox 3264 3694 3329 3747; x_wconf 86' lang='grc' dir='ltr'>ἐκ</span> <span class='ocrx_word' id='word_1_848' title='bbox 3368 3696 3535 3766; x_wconf 85' lang='grc' dir='ltr'>μέσου</span> <span class='ocrx_word' id='word_1_849' title='bbox 3590 3699 3795 3770; x_wconf 86' lang='grc' dir='ltr'>βαλεῖν.</span> 
     </span>
    </p>
   </div>
   <div class='ocr_carea' id='block_1_104' title="bbox 2132 3760 3797 3854">
    <p class='ocr_par' dir='ltr' id='par_1_104' title="bbox 2132 3760 3797 3854">
     <span class='ocr_line' id='line_1_105' title="bbox 2132 3760 3797 3854; baseline 0.019 -41"><span class='ocrx_word' id='word_1_850' title='bbox 2132 3760 2193 3815; x_wconf 88' lang='lat'>&#39;0</span> <span class='ocrx_word' id='word_1_851' title='bbox 2248 3762 2305 3816; x_wconf 89' lang='grc' dir='ltr'>δέ</span> <span class='ocrx_word' id='word_1_852' title='bbox 2352 3764 2485 3829; x_wconf 86' lang='grc' dir='ltr'>Θεὸς</span> <span class='ocrx_word' id='word_1_853' title='bbox 2537 3768 2637 3839; x_wconf 90' lang='grc' dir='ltr'>οὑχ</span> <span class='ocrx_word' id='word_1_854' title='bbox 2686 3764 2849 3842; x_wconf 86' lang='grc' dir='ltr'>ἦττον</span> <span class='ocrx_word' id='word_1_855' title='bbox 2897 3774 2930 3845; x_wconf 82' lang='grc' dir='ltr'>ἢ</span> <span class='ocrx_word' id='word_1_856' title='bbox 2978 3776 3242 3850; x_wconf 87' lang='grc' dir='ltr'>πρότερον</span> <span class='ocrx_word' id='word_1_857' title='bbox 3277 3760 3602 3854; x_wconf 48' lang='grc' dir='ltr'>εὐεργετῶν·</span> <span class='ocrx_word' id='word_1_858' title='bbox 3632 3790 3797 3845; x_wconf 78' lang='grc' dir='ltr'>αὑτὸν</span> 
     </span>
    </p>
   </div>
   <div class='ocr_carea' id='block_1_105' title="bbox 2123 3847 3797 3945">
    <p class='ocr_par' dir='ltr' id='par_1_105' title="bbox 2123 3847 3797 3945">
     <span class='ocr_line' id='line_1_106' title="bbox 2123 3847 3797 3945; baseline 0.02 -45"><span class='ocrx_word' id='word_1_859' title='bbox 2123 3847 2414 3916; x_wconf 89' lang='grc' dir='ltr'>διετέλεσε,</span> <span class='ocrx_word' id='word_1_860' title='bbox 2456 3854 2671 3920; x_wconf 84' lang='grc' dir='ltr'>δεικνὺς</span> <span class='ocrx_word' id='word_1_861' title='bbox 2721 3859 2824 3925; x_wconf 84' lang='grc' dir='ltr'>ὄτι,</span> <span class='ocrx_word' id='word_1_862' title='bbox 2859 3861 2960 3915; x_wconf 86' lang='grc' dir='ltr'>κᾶν</span> <span class='ocrx_word' id='word_1_863' title='bbox 3020 3847 3277 3937; x_wconf 82' lang='grc' dir='ltr'>μυριάκις</span> <span class='ocrx_word' id='word_1_864' title='bbox 3323 3847 3658 3945; x_wconf 81' lang='grc' dir='ltr'>ἀμάρτωμεν</span> <span class='ocrx_word' id='word_1_865' title='bbox 3703 3880 3797 3932; x_wconf 79' lang='grc' dir='ltr'>καὶ</span> 
     </span>
    </p>
   </div>
   <div class='ocr_carea' id='block_1_106' title="bbox 2119 3936 3839 4037">
    <p class='ocr_par' dir='ltr' id='par_1_106' title="bbox 2119 3936 3839 4037">
     <span class='ocr_line' id='line_1_107' title="bbox 2119 3936 3839 4037; baseline 0.019 -48"><span class='ocrx_word' id='word_1_866' title='bbox 2119 3936 2561 4012; x_wconf 83' lang='grc' dir='ltr'>ἀποστραφῶμεν</span> <span class='ocrx_word' id='word_1_867' title='bbox 2598 3944 2782 4013; x_wconf 89' lang='grc' dir='ltr'>αὑτὸν,</span> <span class='ocrx_word' id='word_1_868' title='bbox 2821 3947 2890 4001; x_wconf 87' lang='grc' dir='ltr'>τά</span> <span class='ocrx_word' id='word_1_869' title='bbox 2942 3936 3105 4020; x_wconf 83' lang='grc' dir='ltr'>πρὸς</span> <span class='ocrx_word' id='word_1_870' title='bbox 3135 3936 3410 4027; x_wconf 80' lang='grc' dir='ltr'>σωτηρίαν</span> <span class='ocrx_word' id='word_1_871' title='bbox 3443 3936 3579 4031; x_wconf 78' lang='grc' dir='ltr'>ήμῖὺ</span> <span class='ocrx_word' id='word_1_872' title='bbox 3631 3965 3795 4029; x_wconf 87' lang='grc' dir='ltr'>αὑτὸς</span> <span class='ocrx_word' id='word_1_873' title='bbox 3827 4024 3839 4037; x_wconf 59' lang='grc'><em>,</em></span> 
     </span>
    </p>
   </div>
   <div class='ocr_carea' id='block_1_107' title="bbox 2119 4024 3796 4120">
    <p class='ocr_par' dir='ltr' id='par_1_107' title="bbox 2119 4024 3796 4120">
     <span class='ocr_line' id='line_1_108' title="bbox 2119 4024 3796 4120; baseline 0.019 -45"><span class='ocrx_word' id='word_1_874' title='bbox 2119 4024 2420 4097; x_wconf 85' lang='grc' dir='ltr'>οἰκονομῶν</span> <span class='ocrx_word' id='word_1_875' title='bbox 2450 4030 2511 4082; x_wconf 92' lang='grc' dir='ltr'>οὑ</span> <span class='ocrx_word' id='word_1_876' title='bbox 2554 4032 2812 4098; x_wconf 89' lang='grc' dir='ltr'>παύεται,</span> <span class='ocrx_word' id='word_1_877' title='bbox 2870 4036 2938 4089; x_wconf 81' lang='grc' dir='ltr'>ἵν’</span> <span class='ocrx_word' id='word_1_878' title='bbox 2968 4037 3035 4091; x_wconf 88' lang='grc' dir='ltr'>ἂν</span> <span class='ocrx_word' id='word_1_879' title='bbox 3089 4042 3189 4111; x_wconf 84' lang='grc' dir='ltr'>μὲν</span> <span class='ocrx_word' id='word_1_880' title='bbox 3218 4043 3659 4120; x_wconf 76' lang='grc' dir='ltr'>ἐπιστρέψωμεν,</span> <span class='ocrx_word' id='word_1_881' title='bbox 3700 4056 3796 4108; x_wconf 77' lang='grc' dir='ltr'>καὶ</span> 
     </span>
    </p>
   </div>
   <div class='ocr_carea' id='block_1_108' title="bbox 2121 4111 3795 4204">
    <p class='ocr_par' dir='ltr' id='par_1_108' title="bbox 2121 4111 3795 4204">
     <span class='ocr_line' id='line_1_109' title="bbox 2121 4111 3795 4204; baseline 0.019 -41"><span class='ocrx_word' id='word_1_882' title='bbox 2121 4111 2384 4183; x_wconf 78' lang='grc' dir='ltr'>σωθῶμεν</span> <span class='ocrx_word' id='word_1_883' title='bbox 2407 4132 2419 4145; x_wconf 91' lang='grc'><strong>·</strong></span> <span class='ocrx_word' id='word_1_884' title='bbox 2459 4117 2526 4171; x_wconf 89' lang='grc' dir='ltr'>ἂν</span> <span class='ocrx_word' id='word_1_885' title='bbox 2554 4118 2612 4171; x_wconf 88' lang='grc' dir='ltr'>δὲ</span> <span class='ocrx_word' id='word_1_886' title='bbox 2642 4121 2995 4195; x_wconf 87' lang='grc' dir='ltr'>ἐπιμένωμεν</span> <span class='ocrx_word' id='word_1_887' title='bbox 3026 4129 3093 4198; x_wconf 84' lang='grc' dir='ltr'>τῇ</span> <span class='ocrx_word' id='word_1_888' title='bbox 3138 4130 3327 4203; x_wconf 83' lang='grc' dir='ltr'>κακίᾳ,</span> <span class='ocrx_word' id='word_1_889' title='bbox 3368 4111 3428 4186; x_wconf 79' lang='grc' dir='ltr'>τὸ</span> <span class='ocrx_word' id='word_1_890' title='bbox 3456 4111 3588 4204; x_wconf 73' lang='grc' dir='ltr'>γοῦν</span> <span class='ocrx_word' id='word_1_891' title='bbox 3632 4111 3795 4195; x_wconf 83' lang='grc' dir='ltr'>αὑτὸν</span> 
     </span>
    </p>
   </div>
   <div class='ocr_carea' id='block_1_109' title="bbox 2117 4198 3795 4299">
    <p class='ocr_par' dir='ltr' id='par_1_109' title="bbox 2117 4198 3795 4299">
     <span class='ocr_line' id='line_1_110' title="bbox 2117 4198 3795 4299; baseline 0.019 -49"><span class='ocrx_word' id='word_1_892' title='bbox 2117 4198 2189 4252; x_wconf 81' lang='grc' dir='ltr'>τὰ</span> <span class='ocrx_word' id='word_1_893' title='bbox 2221 4198 2386 4255; x_wconf 89' lang='grc' dir='ltr'>αὑτοῦ</span> <span class='ocrx_word' id='word_1_894' title='bbox 2420 4205 2684 4273; x_wconf 88' lang='grc' dir='ltr'>πράττειν</span> <span class='ocrx_word' id='word_1_895' title='bbox 2716 4210 2780 4262; x_wconf 91' lang='grc' dir='ltr'>ἐκ</span> <span class='ocrx_word' id='word_1_896' title='bbox 2820 4211 3013 4265; x_wconf 90' lang='grc' dir='ltr'>τούτου</span> <span class='ocrx_word' id='word_1_897' title='bbox 3062 4218 3422 4287; x_wconf 87' lang='grc' dir='ltr'>περιγίνεται.</span> <span class='ocrx_word' id='word_1_898' title='bbox 3482 4226 3640 4279; x_wconf 87' lang='grc' dir='ltr'>Δοκεῖ</span> <span class='ocrx_word' id='word_1_899' title='bbox 3692 4228 3795 4299; x_wconf 82' lang='grc' dir='ltr'>μὲν</span> 
     </span>
     <span class='ocr_line' id='line_1_111' title="bbox 2150 4282 2710 4299; baseline 0.02 -11"><span class='ocrx_word' id='word_1_900' title='bbox 2150 4282 2178 4299; x_wconf 74' lang='lat'><strong><em>,</em></strong></span> <span class='ocrx_word' id='word_1_901' title='bbox 2277 4289 2290 4299; x_wconf 84' lang='lat'>_</span> <span class='ocrx_word' id='word_1_902' title='bbox 2340 4292 2352 4299; x_wconf 76' lang='grc'>,</span> <span class='ocrx_word' id='word_1_903' title='bbox 2410 4292 2434 4299; x_wconf 38' lang='grc' dir='ltr'><strong><em>Δ</em></strong></span> <span class='ocrx_word' id='word_1_904' title='bbox 2476 4293 2489 4299; x_wconf 85' lang='grc'>,</span> <span class='ocrx_word' id='word_1_905' title='bbox 2537 4296 2557 4299; x_wconf 79' lang='lat'>_</span> <span class='ocrx_word' id='word_1_906' title='bbox 2684 4294 2710 4299; x_wconf 51' lang='grc' dir='ltr'>μ</span> 
     </span>
    </p>
   </div>
   <div class='ocr_carea' id='block_1_110' title="bbox 2117 4282 3793 4371">
    <p class='ocr_par' dir='ltr' id='par_1_110' title="bbox 2117 4282 3793 4371">
     <span class='ocr_line' id='line_1_112' title="bbox 2117 4282 3793 4371; baseline 0.018 -31"><span class='ocrx_word' id='word_1_907' title='bbox 2117 4282 2211 4341; x_wconf 86' lang='grc' dir='ltr'>οῦν</span> <span class='ocrx_word' id='word_1_908' title='bbox 2243 4289 2303 4342; x_wconf 91' lang='grc' dir='ltr'>τὸ</span> <span class='ocrx_word' id='word_1_909' title='bbox 2336 4292 2586 4349; x_wconf 85' lang='grc' dir='ltr'>ἐκϐαλεῖν</span> <span class='ocrx_word' id='word_1_910' title='bbox 2616 4294 2712 4349; x_wconf 92' lang='grc' dir='ltr'>τοῦ</span> <span class='ocrx_word' id='word_1_911' title='bbox 2757 4300 3116 4369; x_wconf 88' lang='grc' dir='ltr'>παραδείσου,</span> <span class='ocrx_word' id='word_1_912' title='bbox 3158 4306 3253 4359; x_wconf 78' lang='grc' dir='ltr'>καὶ</span> <span class='ocrx_word' id='word_1_913' title='bbox 3294 4308 3357 4361; x_wconf 93' lang='grc' dir='ltr'>τὸ</span> <span class='ocrx_word' id='word_1_914' title='bbox 3399 4311 3638 4367; x_wconf 88' lang='grc' dir='ltr'>κωλῦσαι</span> <span class='ocrx_word' id='word_1_915' title='bbox 3698 4318 3793 4371; x_wconf 89' lang='grc' dir='ltr'>τοῦ</span> 
     </span>
    </p>
   </div>
   <div class='ocr_carea' id='block_1_111' title="bbox 2122 4374 3791 4470">
    <p class='ocr_par' dir='ltr' id='par_1_111' title="bbox 2122 4374 3791 4470">
     <span class='ocr_line' id='line_1_113' title="bbox 2122 4374 3791 4470; baseline 0.019 -43"><span class='ocrx_word' id='word_1_916' title='bbox 2122 4374 2280 4439; x_wconf 80' lang='grc' dir='ltr'>ξύλου</span> <span class='ocrx_word' id='word_1_917' title='bbox 2307 4378 2410 4448; x_wconf 88' lang='grc' dir='ltr'>τῆς</span> <span class='ocrx_word' id='word_1_918' title='bbox 2439 4379 2606 4451; x_wconf 87' lang='grc' dir='ltr'>ζωῆς,</span> <span class='ocrx_word' id='word_1_919' title='bbox 2640 4386 2734 4439; x_wconf 75' lang='grc' dir='ltr'>καὶ</span> <span class='ocrx_word' id='word_1_920' title='bbox 2765 4386 2825 4440; x_wconf 87' lang='grc' dir='ltr'>τὸ</span> <span class='ocrx_word' id='word_1_921' title='bbox 2855 4390 3188 4460; x_wconf 83' lang='grc' dir='ltr'>παραδοῦναι</span> <span class='ocrx_word' id='word_1_922' title='bbox 3226 4394 3304 4466; x_wconf 87' lang='grc' dir='ltr'>τῷ</span> <span class='ocrx_word' id='word_1_923' title='bbox 3344 4396 3580 4470; x_wconf 84' lang='grc' dir='ltr'>θανάτῳ,</span> <span class='ocrx_word' id='word_1_924' title='bbox 3625 4404 3791 4459; x_wconf 85' lang='grc' dir='ltr'>κολά-</span> 
     </span>
    </p>
   </div>
   <div class='ocr_carea' id='block_1_112' title="bbox 2119 4463 3793 4554">
    <p class='ocr_par' dir='ltr' id='par_1_112' title="bbox 2119 4463 3793 4554">
     <span class='ocr_line' id='line_1_114' title="bbox 2119 4463 3793 4554; baseline 0.019 -39"><span class='ocrx_word' id='word_1_925' title='bbox 2119 4464 2302 4529; x_wconf 80' lang='grc' dir='ltr'>ζοντος</span> <span class='ocrx_word' id='word_1_926' title='bbox 2330 4463 2469 4522; x_wconf 78' lang='grc' dir='ltr'>εἶναι</span> <span class='ocrx_word' id='word_1_927' title='bbox 2501 4471 2595 4523; x_wconf 78' lang='grc' dir='ltr'>καὶ</span> <span class='ocrx_word' id='word_1_928' title='bbox 2624 4478 3061 4547; x_wconf 84' lang='grc' dir='ltr'>τιμωρουμένου·</span> <span class='ocrx_word' id='word_1_929' title='bbox 3091 4481 3152 4533; x_wconf 92' lang='grc' dir='ltr'>τὸ</span> <span class='ocrx_word' id='word_1_930' title='bbox 3175 4481 3232 4535; x_wconf 87' lang='grc' dir='ltr'>δέ</span> <span class='ocrx_word' id='word_1_931' title='bbox 3255 4463 3609 4554; x_wconf 75' lang='grc' dir='ltr'>προνοοῦντός</span> <span class='ocrx_word' id='word_1_932' title='bbox 3642 4494 3793 4546; x_wconf 88' lang='grc' dir='ltr'>ἐστιν</span> 
     </span>
    </p>
   </div>
   <div class='ocr_carea' id='block_1_113' title="bbox 2118 4548 3791 4645">
    <p class='ocr_par' dir='ltr' id='par_1_113' title="bbox 2118 4548 3791 4645">
     <span class='ocr_line' id='line_1_115' title="bbox 2118 4548 3791 4645; baseline 0.019 -42"><span class='ocrx_word' id='word_1_933' title='bbox 2118 4553 2215 4622; x_wconf 90' lang='grc' dir='ltr'>οὑχ</span> <span class='ocrx_word' id='word_1_934' title='bbox 2262 4548 2425 4625; x_wconf 83' lang='grc' dir='ltr'>ἧττον</span> <span class='ocrx_word' id='word_1_935' title='bbox 2455 4556 2487 4626; x_wconf 83' lang='grc' dir='ltr'>ἢ</span> <span class='ocrx_word' id='word_1_936' title='bbox 2518 4559 2612 4612; x_wconf 83' lang='grc' dir='ltr'>καὶ</span> <span class='ocrx_word' id='word_1_937' title='bbox 2646 4561 2932 4633; x_wconf 87' lang='grc' dir='ltr'>πρότερον.</span> <span class='ocrx_word' id='word_1_938' title='bbox 2962 4565 3025 4619; x_wconf 87' lang='grc' dir='ltr'>Εἰ</span> <span class='ocrx_word' id='word_1_939' title='bbox 3052 4568 3161 4638; x_wconf 81' lang='grc' dir='ltr'>γὰρ</span> <span class='ocrx_word' id='word_1_940' title='bbox 3184 4572 3279 4623; x_wconf 71' lang='grc' dir='ltr'>καὶ</span> <span class='ocrx_word' id='word_1_941' title='bbox 3302 4548 3621 4645; x_wconf 57' lang='grc' dir='ltr'>⁷παράδοξον</span> <span class='ocrx_word' id='word_1_942' title='bbox 3651 4576 3791 4635; x_wconf 79' lang='grc' dir='ltr'>εἶναι</span> 
     </span>
    </p>
   </div>
   <div class='ocr_carea' id='block_1_114' title="bbox 2116 4640 3789 4737">
    <p class='ocr_par' dir='ltr' id='par_1_114' title="bbox 2116 4640 3789 4737">
     <span class='ocr_line' id='line_1_116' title="bbox 2116 4640 3789 4737; baseline 0.018 -45"><span class='ocrx_word' id='word_1_943' title='bbox 2116 4640 2263 4695; x_wconf 91' lang='grc' dir='ltr'>δοκεῖ</span> <span class='ocrx_word' id='word_1_944' title='bbox 2289 4642 2348 4695; x_wconf 92' lang='grc' dir='ltr'>τὸ</span> <span class='ocrx_word' id='word_1_945' title='bbox 2372 4642 2684 4715; x_wconf 86' lang='grc' dir='ltr'>λεγόμενον,</span> <span class='ocrx_word' id='word_1_946' title='bbox 2699 4649 2814 4701; x_wconf 86' lang='grc' dir='ltr'>ἀλλ’</span> <span class='ocrx_word' id='word_1_947' title='bbox 2830 4651 2979 4721; x_wconf 85' lang='grc' dir='ltr'>ὅμως</span> <span class='ocrx_word' id='word_1_948' title='bbox 2992 4654 3195 4737; x_wconf 86' lang='grc' dir='ltr'>ἀληθές</span> <span class='ocrx_word' id='word_1_949' title='bbox 3214 4675 3229 4689; x_wconf 78' lang='grc' dir='ltr'><strong>ο</strong></span> <span class='ocrx_word' id='word_1_950' title='bbox 3252 4659 3322 4713; x_wconf 88' lang='grc' dir='ltr'>τά</span> <span class='ocrx_word' id='word_1_951' title='bbox 3356 4640 3454 4732; x_wconf 85' lang='grc' dir='ltr'>μέν</span> <span class='ocrx_word' id='word_1_952' title='bbox 3491 4665 3598 4737; x_wconf 91' lang='grc' dir='ltr'>γάρ</span> <span class='ocrx_word' id='word_1_953' title='bbox 3640 4669 3789 4736; x_wconf 84' lang='grc' dir='ltr'>γινό-</span> 
     </span>
    </p>
   </div>
   <div class='ocr_carea' id='block_1_115' title="bbox 2121 4731 3786 4829">
    <p class='ocr_par' dir='ltr' id='par_1_115' title="bbox 2121 4731 3786 4829">
     <span class='ocr_line' id='line_1_117' title="bbox 2121 4731 3786 4829; baseline 0.019 -49"><span class='ocrx_word' id='word_1_954' title='bbox 2121 4745 2256 4798; x_wconf 89' lang='grc' dir='ltr'>μενα</span> <span class='ocrx_word' id='word_1_955' title='bbox 2272 4731 2488 4787; x_wconf 85' lang='grc' dir='ltr'>ἐναντία</span> <span class='ocrx_word' id='word_1_956' title='bbox 2521 4733 2953 4829; x_wconf 58' lang='grc' dir='ltr'>[1591ἀλλήλοις</span> <span class='ocrx_word' id='word_1_957' title='bbox 2982 4736 3069 4813; x_wconf 79' lang='grc' dir='ltr'>ἦν,</span> <span class='ocrx_word' id='word_1_958' title='bbox 3095 4744 3162 4798; x_wconf 87' lang='grc' dir='ltr'>τά</span> <span class='ocrx_word' id='word_1_959' title='bbox 3204 4746 3260 4798; x_wconf 88' lang='grc' dir='ltr'>δέ</span> <span class='ocrx_word' id='word_1_960' title='bbox 3300 4731 3625 4823; x_wconf 82' lang='grc' dir='ltr'>ἀμφοτέρων</span> <span class='ocrx_word' id='word_1_961' title='bbox 3651 4731 3786 4829; x_wconf 81' lang='grc' dir='ltr'>τέλη</span> 
     </span>
    </p>
   </div>
   <div class='ocr_carea' id='block_1_116' title="bbox 2119 4816 3789 4903">
    <p class='ocr_par' dir='ltr' id='par_1_116' title="bbox 2119 4816 3789 4903">
     <span class='ocr_line' id='line_1_118' title="bbox 2119 4816 3789 4903; baseline 0.019 -35"><span class='ocrx_word' id='word_1_962' title='bbox 2119 4816 2383 4887; x_wconf 89' lang='grc' dir='ltr'>σύμφωνα</span> <span class='ocrx_word' id='word_1_963' title='bbox 2411 4822 2504 4874; x_wconf 75' lang='grc' dir='ltr'>καὶ</span> <span class='ocrx_word' id='word_1_964' title='bbox 2529 4822 2815 4878; x_wconf 88' lang='grc' dir='ltr'>ἀκόλουθα.</span> <span class='ocrx_word' id='word_1_965' title='bbox 2851 4821 2977 4881; x_wconf 84' lang='grc' dir='ltr'>Οἷόν</span> <span class='ocrx_word' id='word_1_966' title='bbox 3008 4848 3062 4885; x_wconf 90' lang='grc' dir='ltr'>τι</span> <span class='ocrx_word' id='word_1_967' title='bbox 3104 4832 3247 4903; x_wconf 87' lang='grc' dir='ltr'>λέγω</span> <span class='ocrx_word' id='word_1_968' title='bbox 3266 4852 3280 4865; x_wconf 87' lang='grc'><strong>·</strong></span> <span class='ocrx_word' id='word_1_969' title='bbox 3316 4816 3733 4899; x_wconf 38' lang='grc' dir='ltr'>’Τὸ-ἀποκλεῖσαι</span> 
     </span>
    </p>
   </div>
   <div class='ocr_carea' id='block_1_117' title="bbox 2115 4904 3789 5004">
    <p class='ocr_par' dir='ltr' id='par_1_117' title="bbox 2115 4904 3789 5004">
     <span class='ocr_line' id='line_1_119' title="bbox 2115 4904 3789 5004; baseline 0.019 -49"><span class='ocrx_word' id='word_1_970' title='bbox 2115 4904 2208 4958; x_wconf 88' lang='grc' dir='ltr'>τοῦ</span> <span class='ocrx_word' id='word_1_971' title='bbox 2254 4906 2607 4977; x_wconf 86' lang='grc' dir='ltr'>παραδείσου,</span> <span class='ocrx_word' id='word_1_972' title='bbox 2637 4911 2700 4964; x_wconf 89' lang='grc' dir='ltr'>τὸ</span> <span class='ocrx_word' id='word_1_973' title='bbox 2730 4915 3036 4970; x_wconf 87' lang='grc' dir='ltr'>κατοικίσαι</span> <span class='ocrx_word' id='word_1_974' title='bbox 3065 4920 3338 4989; x_wconf 82' lang='grc' dir='ltr'>ἐναντίον,</span> <span class='ocrx_word' id='word_1_975' title='bbox 3378 4925 3441 4979; x_wconf 90' lang='grc' dir='ltr'>τὸ</span> <span class='ocrx_word' id='word_1_976' title='bbox 3479 4929 3789 5004; x_wconf 69' lang='grc' dir='ltr'>ἀποτρέψαι</span> 
     </span>
    </p>
   </div>
   <div class='ocr_carea' id='block_1_118' title="bbox 2114 4992 3790 5088">
    <p class='ocr_par' dir='ltr' id='par_1_118' title="bbox 2114 4992 3790 5088">
     <span class='ocr_line' id='line_1_120' title="bbox 2114 4992 3790 5088; baseline 0.018 -44"><span class='ocrx_word' id='word_1_977' title='bbox 2114 4992 2212 5046; x_wconf 93' lang='grc' dir='ltr'>τοῦ</span> <span class='ocrx_word' id='word_1_978' title='bbox 2249 4994 2405 5061; x_wconf 81' lang='grc' dir='ltr'>ξύλου</span> <span class='ocrx_word' id='word_1_979' title='bbox 2437 4997 2536 5067; x_wconf 89' lang='grc' dir='ltr'>τῆς</span> <span class='ocrx_word' id='word_1_980' title='bbox 2558 4997 2726 5070; x_wconf 82' lang='grc' dir='ltr'>ζωῆς,</span> <span class='ocrx_word' id='word_1_981' title='bbox 2757 5002 2818 5055; x_wconf 92' lang='grc' dir='ltr'>τὸ</span> <span class='ocrx_word' id='word_1_982' title='bbox 2842 5004 3104 5073; x_wconf 88' lang='grc' dir='ltr'>κωλῦσαι,</span> <span class='ocrx_word' id='word_1_983' title='bbox 3131 5010 3192 5061; x_wconf 90' lang='grc' dir='ltr'>τὸ</span> <span class='ocrx_word' id='word_1_984' title='bbox 3218 5013 3445 5084; x_wconf 90' lang='grc' dir='ltr'>ποιῆσαι</span> <span class='ocrx_word' id='word_1_985' title='bbox 3489 4992 3712 5088; x_wconf 50' lang='grc' dir='ltr'>θνητὸν,</span> <span class='ocrx_word' id='word_1_986' title='bbox 3729 5023 3790 5074; x_wconf 88' lang='grc' dir='ltr'>τὸ</span> 
     </span>
    </p>
   </div>
   <div class='ocr_carea' id='block_1_119' title="bbox 2114 5080 3788 5181">
    <p class='ocr_par' dir='ltr' id='par_1_119' title="bbox 2114 5080 3788 5181">
     <span class='ocr_line' id='line_1_121' title="bbox 2114 5080 3788 5181; baseline 0.019 -50"><span class='ocrx_word' id='word_1_987' title='bbox 2114 5080 2252 5145; x_wconf 89' lang='grc' dir='ltr'>τέως</span> <span class='ocrx_word' id='word_1_988' title='bbox 2304 5082 2574 5155; x_wconf 83' lang='grc' dir='ltr'>ἀνώτερον</span> <span class='ocrx_word' id='word_1_989' title='bbox 2633 5088 2911 5160; x_wconf 89' lang='grc' dir='ltr'>ἀποφῆναι</span> <span class='ocrx_word' id='word_1_990' title='bbox 2961 5094 3063 5165; x_wconf 90' lang='grc' dir='ltr'>τῆς</span> <span class='ocrx_word' id='word_1_991' title='bbox 3116 5080 3463 5169; x_wconf 76' lang='grc' dir='ltr'>ἀποφάσεως,</span> <span class='ocrx_word' id='word_1_992' title='bbox 3513 5080 3698 5160; x_wconf 28' lang='grc' dir='ltr'>πάντα.</span> <span class='ocrx_word' id='word_1_993' title='bbox 3722 5109 3788 5181; x_wconf 81' lang='grc' dir='ltr'>δὴ</span> 
     </span>
    </p>
   </div>
   <div class='ocr_carea' id='block_1_120' title="bbox 2117 5170 3786 5263">
    <p class='ocr_par' dir='ltr' id='par_1_120' title="bbox 2117 5170 3786 5263">
     <span class='ocr_line' id='line_1_122' title="bbox 2117 5170 3786 5263; baseline 0.018 -42"><span class='ocrx_word' id='word_1_994' title='bbox 2117 5170 2211 5223; x_wconf 74' lang='grc' dir='ltr'>καὶ</span> <span class='ocrx_word' id='word_1_995' title='bbox 2249 5171 2316 5223; x_wconf 88' lang='grc' dir='ltr'>τὰ</span> <span class='ocrx_word' id='word_1_996' title='bbox 2339 5172 2397 5238; x_wconf 79' lang='grc' dir='ltr'>ἐξ</span> <span class='ocrx_word' id='word_1_997' title='bbox 2430 5174 2657 5230; x_wconf 88' lang='grc' dir='ltr'>ἐκείνων</span> <span class='ocrx_word' id='word_1_998' title='bbox 2693 5178 2788 5231; x_wconf 82' lang='grc' dir='ltr'>καὶ</span> <span class='ocrx_word' id='word_1_999' title='bbox 2817 5180 2889 5235; x_wconf 88' lang='grc' dir='ltr'>τά</span> <span class='ocrx_word' id='word_1_1000' title='bbox 2934 5182 2999 5236; x_wconf 88' lang='grc' dir='ltr'>ἐκ</span> <span class='ocrx_word' id='word_1_1001' title='bbox 3049 5185 3254 5240; x_wconf 88' lang='grc' dir='ltr'>τούτων</span> <span class='ocrx_word' id='word_1_1002' title='bbox 3285 5190 3425 5262; x_wconf 84' lang='grc' dir='ltr'>ὑπὲρ</span> <span class='ocrx_word' id='word_1_1003' title='bbox 3454 5192 3554 5263; x_wconf 88' lang='grc' dir='ltr'>τῆς</span> <span class='ocrx_word' id='word_1_1004' title='bbox 3593 5195 3786 5251; x_wconf 86' lang='grc' dir='ltr'>τούτου</span> 
     </span>
    </p>
   </div>
   <div class='ocr_carea' id='block_1_121' title="bbox 2121 5260 3788 5356">
    <p class='ocr_par' dir='ltr' id='par_1_121' title="bbox 2121 5260 3788 5356">
     <span class='ocr_line' id='line_1_123' title="bbox 2121 5260 3788 5356; baseline 0.019 -47"><span class='ocrx_word' id='word_1_1005' title='bbox 2121 5260 2400 5331; x_wconf 89' lang='grc' dir='ltr'>σωτηρίας</span> <span class='ocrx_word' id='word_1_1006' title='bbox 2430 5262 2646 5330; x_wconf 87' lang='grc' dir='ltr'>ἐγένετο</span> <span class='ocrx_word' id='word_1_1007' title='bbox 2663 5266 2757 5319; x_wconf 81' lang='grc' dir='ltr'>καὶ</span> <span class='ocrx_word' id='word_1_1008' title='bbox 2781 5269 2971 5339; x_wconf 86' lang='grc' dir='ltr'>τιμῆς.</span> <span class='ocrx_word' id='word_1_1009' title='bbox 2998 5274 3110 5327; x_wconf 85' lang='lat' dir='ltr'>Kal</span> <span class='ocrx_word' id='word_1_1010' title='bbox 3143 5277 3283 5348; x_wconf 81' lang='grc' dir='ltr'>ὑπὲρ</span> <span class='ocrx_word' id='word_1_1011' title='bbox 3322 5260 3423 5350; x_wconf 77' lang='grc' dir='ltr'>μὲν</span> <span class='ocrx_word' id='word_1_1012' title='bbox 3455 5260 3565 5336; x_wconf 87' lang='grc' dir='ltr'>τῶν</span> <span class='ocrx_word' id='word_1_1013' title='bbox 3594 5288 3788 5356; x_wconf 88' lang='grc' dir='ltr'>προτέ-</span> 
     </span>
    </p>
   </div>
   <div class='ocr_carea' id='block_1_122' title="bbox 2182 5373 3660 5500">
    <p class='ocr_par' dir='ltr' id='par_1_122' title="bbox 2182 5373 3660 5500">
     <span class='ocr_line' id='line_1_124' title="bbox 2182 5373 3660 5500; baseline 0.018 -75"><span class='ocrx_word' id='word_1_1014' title='bbox 2182 5373 2202 5413; x_wconf 69' lang='grc' dir='ltr'><em>τ</em></span> <span class='ocrx_word' id='word_1_1015' title='bbox 2231 5379 2365 5452; x_wconf 64' lang='lat' dir='ltr'><strong>qub.</strong></span> <span class='ocrx_word' id='word_1_1016' title='bbox 2388 5382 3060 5500; x_wconf 41' lang='grc' dir='ltr'>εἰ.82νὶ1.βασίλεια(ῗασιλεῖ.</span> <span class='ocrx_word' id='word_1_1017' title='bbox 3090 5393 3263 5471; x_wconf 56' lang='grc' dir='ltr'>Ματρί.</span> <span class='ocrx_word' id='word_1_1018' title='bbox 3286 5400 3528 5500; x_wconf 46' lang='grc' dir='ltr'>βασίλειον</span> <span class='ocrx_word' id='word_1_1019' title='bbox 3549 5404 3660 5465; x_wconf 86' lang='grc' dir='ltr'>βασ.</span> 
     </span>
     <span class='ocr_line' id='line_1_125' title="bbox 2182 5440 3640 5500; baseline 0.009 -12"><span class='ocrx_word' id='word_1_1020' title='bbox 2182 5440 2205 5478; x_wconf 74' lang='lat'><strong>3</strong></span> <span class='ocrx_word' id='word_1_1021' title='bbox 2236 5441 2317 5489; x_wconf 72' lang='lat' dir='ltr'>Snc</span> <span class='ocrx_word' id='word_1_1022' title='bbox 2350 5444 2498 5493; x_wconf 75' lang='lat' dir='ltr'><strong>Savnl.</strong></span> <span class='ocrx_word' id='word_1_1023' title='bbox 2525 5452 2577 5497; x_wconf 77' lang='lat' dir='ltr'>et</span> <span class='ocrx_word' id='word_1_1024' title='bbox 2596 5446 2729 5496; x_wconf 85' lang='lat' dir='ltr'><strong>Colb.</strong></span> <span class='ocrx_word' id='word_1_1025' title='bbox 2752 5449 2840 5499; x_wconf 69' lang='lat' dir='ltr'>Ed:</span> <span class='ocrx_word' id='word_1_1026' title='bbox 2880 5460 2986 5500; x_wconf 81' lang='lat' dir='ltr'>erat</span> <span class='ocrx_word' id='word_1_1027' title='bbox 3010 5455 3177 5500; x_wconf 81' lang='lat' dir='ltr'><strong>Mnmr.</strong></span> <span class='ocrx_word' id='word_1_1028' title='bbox 3202 5475 3263 5500; x_wconf 79' lang='grc' dir='ltr'>τα</span> <span class='ocrx_word' id='word_1_1029' title='bbox 3304 5477 3425 5500; x_wconf 70' lang='lat' dir='ltr'><strong>mm</strong></span> <span class='ocrx_word' id='word_1_1030' title='bbox 3450 5466 3546 5500; x_wconf 67' lang='lat' dir='ltr'><strong>rm</strong></span> <span class='ocrx_word' id='word_1_1031' title='bbox 3594 5471 3640 5500; x_wconf 75' lang='lat' dir='ltr'>al</span> 
     </span>
    </p>
   </div>
   <div class='ocr_carea' id='block_1_123' title="bbox 2179 5440 3786 5522">
    <p class='ocr_par' dir='ltr' id='par_1_123' title="bbox 2179 5440 3786 5522">
     <span class='ocr_line' id='line_1_126' title="bbox 2179 5440 3786 5522; baseline 0.017 -34"><span class='ocrx_word' id='word_1_1032' title='bbox 2179 5440 2205 5478; x_wconf 73' lang='grc' dir='ltr'><strong><em>Β</em></strong></span> <span class='ocrx_word' id='word_1_1033' title='bbox 2236 5441 2330 5517; x_wconf 56' lang='grc' dir='ltr'>δίει⁸</span> <span class='ocrx_word' id='word_1_1034' title='bbox 2350 5444 2502 5522; x_wconf 54' lang='grc' dir='ltr'>εἰη·ίίζ</span> <span class='ocrx_word' id='word_1_1035' title='bbox 2525 5452 2577 5517; x_wconf 57' lang='grc' dir='ltr'>εἰ.</span> <span class='ocrx_word' id='word_1_1036' title='bbox 2596 5440 2729 5522; x_wconf 59' lang='grc' dir='ltr'>ςοίζι..</span> <span class='ocrx_word' id='word_1_1037' title='bbox 2752 5440 2986 5522; x_wconf 62' lang='lat' dir='ltr'>Ed_id9_ra_t</span> <span class='ocrx_word' id='word_1_1038' title='bbox 3286 5440 3786 5522; x_wconf 79' lang='lat' dir='ltr'>mox</span> 
     </span>
    </p>
   </div>
   <div class='ocr_carea' id='block_1_124' title="bbox 2112 5504 3297 5568">
    <p class='ocr_par' dir='ltr' id='par_1_124' title="bbox 2112 5504 3297 5568">
     <span class='ocr_line' id='line_1_127' title="bbox 2112 5504 3297 5568; baseline 0.017 -21"><span class='ocrx_word' id='word_1_1039' title='bbox 2112 5504 2434 5568; x_wconf 45' lang='grc' dir='ltr'>πᾶσιν-αὑτόν.</span> <span class='ocrx_word' id='word_1_1040' title='bbox 2465 5508 2653 5557; x_wconf 79' lang='lat' dir='ltr'>Deinde</span> <span class='ocrx_word' id='word_1_1041' title='bbox 2681 5510 2850 5562; x_wconf 83' lang='lat' dir='ltr'>Morel.</span> <span class='ocrx_word' id='word_1_1042' title='bbox 2876 5518 2967 5563; x_wconf 80' lang='grc' dir='ltr'>Καὶ</span> <span class='ocrx_word' id='word_1_1043' title='bbox 2988 5504 3139 5568; x_wconf 80' lang='grc' dir='ltr'>οὐδέν.</span> <span class='ocrx_word' id='word_1_1044' title='bbox 3168 5504 3297 5568; x_wconf 74' lang='grc' dir='ltr'>Εοιιι.</span> 
     </span>
    </p>
   </div>
   <div class='ocr_carea' id='block_1_125' title="bbox 2175 5561 3786 5655">
    <p class='ocr_par' dir='ltr' id='par_1_125' title="bbox 2175 5561 3786 5655">
     <span class='ocr_line' id='line_1_128' title="bbox 2175 5561 3786 5655; baseline 0.021 -47"><span class='ocrx_word' id='word_1_1045' title='bbox 2175 5562 2203 5598; x_wconf 78' lang='lat' dir='ltr'><strong>h</strong></span> <span class='ocrx_word' id='word_1_1046' title='bbox 2224 5561 2310 5655; x_wconf 65' lang='lat' dir='ltr'>§ic</span> <span class='ocrx_word' id='word_1_1047' title='bbox 2328 5565 2479 5617; x_wconf 84' lang='lat' dir='ltr'><strong>Savil.</strong></span> <span class='ocrx_word' id='word_1_1048' title='bbox 2503 5577 2660 5624; x_wconf 75' lang='lat' dir='ltr'><strong>recte.</strong></span> <span class='ocrx_word' id='word_1_1049' title='bbox 2690 5561 3279 5631; x_wconf 19' lang='grc' dir='ltr'>Μοιριίίνετοάλλὰῖαί</span> <span class='ocrx_word' id='word_1_1050' title='bbox 3293 5561 3433 5645; x_wconf 83' lang='grc' dir='ltr'>λόγον</span> <span class='ocrx_word' id='word_1_1051' title='bbox 3466 5586 3595 5652; x_wconf 79' lang='grc' dir='ltr'>μόνῳ</span> <span class='ocrx_word' id='word_1_1052' title='bbox 3625 5588 3786 5655; x_wconf 76' lang='grc' dir='ltr'>τούτῳ</span> 
     </span>
    </p>
   </div>
   <div class='ocr_carea' id='block_1_126' title="bbox 2180 5663 2856 5750">
    <p class='ocr_par' dir='ltr' id='par_1_126' title="bbox 2180 5663 2856 5750">
     <span class='ocr_line' id='line_1_129' title="bbox 2180 5663 2856 5750; baseline 0.037 -28"><span class='ocrx_word' id='word_1_1053' title='bbox 2180 5663 2483 5750; x_wconf 47' lang='grc' dir='ltr'>ίῖιίἶίδιρί.</span> <span class='ocrx_word' id='word_1_1054' title='bbox 2500 5690 2674 5750; x_wconf 82' lang='grc' dir='ltr'>ἐκεῖνος</span> <span class='ocrx_word' id='word_1_1055' title='bbox 2697 5697 2856 5747; x_wconf 79' lang='lat' dir='ltr'>deest.</span> 
     </span>
    </p>
   </div>
   <div class='ocr_carea' id='block_1_127' title="bbox 2178 5747 3077 5822">
    <p class='ocr_par' dir='ltr' id='par_1_127' title="bbox 2178 5747 3077 5822">
     <span class='ocr_line' id='line_1_130' title="bbox 2178 5747 3077 5822; baseline 0.021 -29"><span class='ocrx_word' id='word_1_1056' title='bbox 2178 5750 2192 5822; x_wconf 59' lang='grc' dir='ltr'><strong>ξ</strong></span> <span class='ocrx_word' id='word_1_1057' title='bbox 2226 5747 2379 5822; x_wconf 57' lang='grc' dir='ltr'>ξένωἒ</span> <span class='ocrx_word' id='word_1_1058' title='bbox 2400 5747 2776 5822; x_wconf 72' lang='grc' dir='ltr'>ἐξήλειψεν,ἐίπέ</span> <span class='ocrx_word' id='word_1_1059' title='bbox 2798 5779 2895 5822; x_wconf 85' lang='grc' dir='ltr'>μοι,</span> <span class='ocrx_word' id='word_1_1060' title='bbox 2921 5765 3077 5814; x_wconf 83' lang='grc' dir='ltr'>αὑτόν.</span> 
     </span>
    </p>
   </div>
   <div class='ocr_carea' id='block_1_128' title="bbox 2182 5808 3579 5886">
    <p class='ocr_par' dir='ltr' id='par_1_128' title="bbox 2182 5808 3579 5886">
     <span class='ocr_line' id='line_1_131' title="bbox 2182 5808 3579 5886; baseline 0.02 -28"><span class='ocrx_word' id='word_1_1061' title='bbox 2182 5809 2205 5846; x_wconf 77' lang='grc' dir='ltr'>Ιί</span> <span class='ocrx_word' id='word_1_1062' title='bbox 2231 5808 2395 5862; x_wconf 74' lang='lat' dir='ltr'><strong>Morel.</strong></span> <span class='ocrx_word' id='word_1_1063' title='bbox 2424 5814 2476 5861; x_wconf 82' lang='grc' dir='ltr'>τὸ</span> <span class='ocrx_word' id='word_1_1064' title='bbox 2502 5808 3205 5883; x_wconf 41' lang='lat' dir='ltr'>5:509:szCo&#39;lﬁféiéavu.</span> <span class='ocrx_word' id='word_1_1065' title='bbox 3244 5834 3297 5881; x_wconf 80' lang='grc' dir='ltr'>τὸ</span> <span class='ocrx_word' id='word_1_1066' title='bbox 3316 5835 3579 5886; x_wconf 56' lang='grc' dir='ltr'>ἀποικίσαι,</span> 
     </span>
    </p>
   </div>
  </div>
