4116 6392
324 352 438 412 429

327 486 438 542 ρων
473 473 626 529 οὐδὲν
662 473 730 529 ἂν
757 475 968 548 εἴποιμι
998 484 1025 513 ⁸
1056 476 1257 545 (παντὶ
1294 476 1404 548 γάρ
1434 475 1592 545 δῆλόν
1624 475 1787 545 ἐστι),
1830 475 1995 529 δεῖδὲ

321 558 414 615 τὸν
449 562 590 634 ὑπὲρ
615 561 727 616 τῶν
758 563 897 634 μετὰ
944 563 1118 619 ταῦτα
1148 564 1331 618 δοῦναι
1357 564 1535 634 λόγον.

394 650 468 721 γ’.
513 654 639 718 Πῶς
675 649 768 708 οὖν
792 655 1049 727 εἰσόμεθα
1078 658 1160 711 ὅτι
1207 658 1302 712 καὶ
1335 656 1403 711 τὰ
1448 656 1675 729 δεύτερα
1708 656 1848 728 ὑπὲρ
1887 656 1996 711 τῶν

321 740 517 813 ἐκείνῳ
570 743 959 815 συμφερόντων
999 741 1103 817 ἦνς
1157 747 1254 800 Ἂν
1298 746 1643 819 ἐννοήσωμεν
1692 750 1746 801 τί
1789 746 1996 801 τούτων

325 828 402 899 μὴ
448 829 756 900 γενομένων
801 830 1003 885 ἔπαθεν
1043 832 1128 887 άν.
1166 832 1232 887 Τί
1276 829 1369 888 οῦν
1403 834 1470 889 ἂν
1504 834 1742 900 ἐπαθενς
1774 834 1860 895 Et,
1899 833 1993 887 τοῦ

319 911 568 967 διαϐόλου
605 914 744 985 μετά
784 915 883 986 τὴν
926 916 1242 987 παράϐασιν
1284 919 1758 989 ἐπαγγειλαμένου
1800 915 1995 980 δείξειν

320 996 516 1062 αὐτοὺς
564 997 823 1062 ἰσοθέους,
851 999 944 1053 ἐπὶ
969 1003 1071 1071 τῆς
1099 1001 1271 1070 αὐτῆς
1304 1002 1489 1072 ἔμεινε
1527 1003 1556 1043 b
1589 1003 1777 1074 τιμῆς,
1815 1001 1993 1073 τρισὶν

319 1078 388 1133 ἂν
437 1084 731 1153 περιέπεσε
763 1087 876 1148 τοῖς
919 1085 1170 1155 ἐσχάτοις
1219 1090 1427 1151 κακοῖς.
1478 1086 1702 1158 Πρῶτον
1747 1087 1845 1158 μέν
1881 1086 1990 1157 γὰρ

317 1169 409 1222 τὸν
452 1169 585 1223 Θεὸν
627 1170 694 1225 ἀν
729 1172 977 1242 ἐνόμισεν
1020 1170 1161 1225 εἶναι
1196 1172 1486 1243 βάσκανον,
1534 1175 1629 1228 ml
1673 1174 1989 1240 ἀπατεῶνα,

318 1257 415 1311 καὶ
461 1257 703 1328 ψεύστην
724 1276 737 1289 ·
770 1258 1023 1331 δεύτερον
1070 1260 1129 1313 δέ
1162 1261 1256 1315 τὸν
1297 1261 1514 1331 ἀληθῶς
1552 1262 1866 1327 ἀπατεῶνα,
1895 1262 1991 1316 καὶ

314 1346 410 1400 τοῦ
441 1346 673 1417 ψεύδους
695 1349 791 1402 ml
820 1347 922 1419 τῆς
955 1346 1256 1419 βασκανίας
1289 1350 1525 1423 πατέρα,
1547 1350 1643 1405 ml
1692 1349 1989 1422 εὐεργέτην

315 1436 412 1489 ml
444 1432 629 1505 φίλον·
684 1436 780 1489 ml
837 1436 971 1508 πρὸς
1019 1434 1231 1501 τούτοις
1278 1437 1523 1492 ἀθάνατα
1574 1438 1642 1493 ἂν
1691 1437 1991 1492 διετέλεσεν

315 1525 646 1596 ἁμαρτάνων
665 1525 759 1579 τοῦ
784 1523 993 1579 λοιποῦ.
1020 1524 1239 1580 Τούτων
1257 1525 1313 1580 δὲ
1346 1527 1506 1581 αὐτὸν
1533 1527 1789 1582 ἁπάντων
1814 1526 1990 1599 ἀπήλ-

312 1611 492 1680 λαξεν,
541 1612 786 1666 ἐκϐαλὼν
836 1612 931 1667 τοῦ
979 1613 1308 1686 παραδείσου
1350 1614 1493 1668 τότε.
1536 1615 1694 1670 Οὕτω
1746 1632 1850 1669 που
1893 1616 1989 1669 ml

315 1700 519 1772 ἰατρὸς,
556 1701 715 1769 άφεὶς
750 1699 850 1770 μὲν
878 1700 937 1753 τὸ
970 1699 1127 1765 ἕλκος
1172 1701 1394 1772 μείζονα
1441 1702 1540 1775 τὴν
1592 1702 1861 1774 σηπεδόνα
1882 1704 1989 1775 ἐρ-

311 1788 561 1857 γάζεται,
598 1788 883 1843 ἐκκόπτων
911 1788 969 1842 δέ
1000 1788 1197 1844 κωλύει
1240 1792 1553 1863 περαιτέρω
1586 1790 1869 1863 προελθεῖν
1891 1790 1985 1844 τοῦ

308 1875 627 1947 τραύματος
667 1876 768 1947 τὴν
814 1876 1034 1932 κακίαν.
1070 1877 1137 1931 Τί
1167 1872 1295 1943 οὖν;
1344 1878 1529 1950 φησίν.
1571 1879 1686 1932 Οὐκ
1715 1877 1846 1949 έστη
1884 1878 1985 1949 μέ-

307 1981 401 2035 χρι
432 1964 657 2031 τούτων,
692 1963 831 2018 ἀλλά
863 1966 960 2019 ml
1006 1965 1240 2038 ἱδρῶτας
1268 1966 1363 2021 ml
1396 1966 1595 2030 πόνους
1622 1966 1982 2038 προσέθηκεν,

306 2056 391 2107 ὅτι
418 2053 572 2108 οὐδὲν
606 2053 751 2108 οὕτω
783 2054 921 2126 πρὸς
949 2054 1133 2110 ἄνεσιν
1160 2055 1435 2127 ἄχρηστον
1464 2055 1541 2119 ὡς
1567 2058 1601 2127 ή
1643 2054 1762 2110 τῶνΔ
1777 2054 1986 2126 ἀνθρώ·

307 2159 427 2197 πων
467 2143 629 2212 φύσις
671 2143 838 2198 ἐστίν.
889 2144 954 2197 El
999 2143 1109 2214 7&9
1142 2145 1237 2197 ml
1277 2143 1487 2198 τούτων
1515 2144 1880 2215 ἐπικειμένων
1921 2145 1984 2197 οὐ

303 2230 739 2303 διαλιμπάνομεν
786 2231 1216 2302 ἁμαρτάνοντες,
1254 2233 1306 2287 τί
1348 2233 1449 2287 οὐκ
1481 2231 1549 2287 ἂν
1580 2233 1981 2305 ἐτολμήσαμεν,

304 2322 354 2373 εί
390 2319 527 2392 πρὸς
545 2319 758 2391 τρυφὴν
773 2319 869 2374 ml
896 2319 1096 2391 ἀργίαν
1111 2320 1315 2390 ἀνῆκεν
1340 2322 1491 2391 ἡμᾶς
1516 2324 1544 2375 6
1568 2320 1736 2387 Θεός;
1768 2320 1984 2376 Πᾶσαν

303 2408 413 2480 7&9
441 2408 680 2471 κακίαν,
705 2407 893 2479 φησὶν,
913 2406 1192 2469 ἐδίδαξεν
1208 2409 1245 2476 ἠ
1263 2408 1459 2478 ἀργία.
1482 2409 1593 2463 Καὶ
1612 2412 1883 2481 μαρτυρεῖ
1905 2409 1984 2479 τῷ

302 2495 450 2566 λόγῳ
478 2494 549 2549 τά
583 2493 938 2565 καθ’ήμέραν
976 2495 1261 2566 γινόμενα,
1292 2497 1388 2551 ml
1419 2496 1489 2550 τά
1520 2497 1616 2551 ἐπὶ
1642 2497 1753 2552 τῶν
1780 2499 1984 2569 προγό·

302 2601 409 2638 νων
427 2583 486 2638 δὲ
510 2582 795 2655 συμϐάντα
823 2582 933 2636 τῶν
957 2583 1262 2655 ἡμετέρων.
1303 2583 1583 2639 Ἐκάθισε
1605 2585 1713 2657 γὰρ
1747 2589 1780 2640 ό
1806 2585 1977 2652 λαός,

303 2675 458 2745 φησὶ,
487 2673 701 2745 φαγεῖν
726 2673 829 2728 καί
856 2672 1035 2739 πιεῖν,
1066 2672 1167 2727 καὶ
1210 2672 1566 2742 ἀνέστησαν
1598 2674 1857 2736 παίζειν·
1886 2676 1981 2728 καὶ

302 2764 466 2819 πάλιν
484 2779 502 2798 ·
547 2763 893 2830 Ἐλιπάνθη,
919 2762 1253 2831 ἐπαχύνθη,
1286 2761 1654 2830 ἐπλατύνθη,
1720 2764 1818 2817 καὶ
1868 2764 1980 2818 ἀπ-

299 2851 625 2908 ελάκτισεν
649 2854 683 2905 ὁ
705 2850 1114 2922 ὴγαπημένος.
1138 2849 1358 2919 Συνῳδά
1383 2849 1441 2903 δὲ
1463 2850 1672 2915 τούτοις
1684 2853 1777 2905 ml
1808 2855 1836 2907 6
1873 2870 1979 2924 μα-

300 2940 492 3014 κάριος
549 2938 715 2993 Δαυῒδ
767 2939 1065 3007 φθέγγεται
1128 2936 1303 3006 λέγων
1325 2953 1340 2968 ·
1395 2938 1581 2992 Ὅταν
1628 2939 1981 2996 ἀπέκτεινεν

300 3027 546 3094 αὐτοὺς,
571 3030 706 3082 τότε
731 3024 1052 3093 ἐξεζῆτουν
1072 3027 1280 3092 αὑτὸν,
1316 3026 1414 3081 καί
1457 3026 1834 3098 ἐπέστρεφον
1875 3030 1975 3083 καί

297 3116 578 3187 ὥρθριζον
609 3114 762 3185 πρὸς
788 3116 896 3169 τὸν
925 3115 1091 3169 Θεόν.
1132 3116 1243 3168 Καὶ
1269 3117 1336 3187 τῇ
1376 3115 1734 3189 Ἰερουσαλὴμ
1768 3116 1856 3171 διὰ
1881 3116 1974 3170 τοῦ
2022 3128 2033 3135 ‘

308 3204 574 3278 Ἱερεμίου
609 3203 775 3274 φησὶν
806 3204 836 3255 6
865 3200 1030 3266 Θεός·
1071 3201 1174 3256 Διὰ
1204 3202 1432 3268 παντὸς
1458 3203 1828 3271 παιδεύθητι,
1871 3205 1977 3261 Ἰε-

290 3291 642 3364 ρουσαλὴμ,
688 3290 850 3357 ὅπως
902 3289 980 3345 ἂν
1015 3288 1103 3360 μὴ
1132 3289 1377 3360 ἀποστῇ
1418 3291 1456 3359 ἠ
1506 3293 1678 3362 ψυχή
1709 3311 1828 3363 μου
1856 3293 1977 3349 ἀπὸ

297 3374 438 3431 σοῦ.
488 3376 613 3429 Ὀτι
648 3374 707 3428 δέ
740 3374 801 3427 οὐ
844 3376 958 3439 τοῖς
993 3373 1288 3446 μοχθηροῖς
1334 3375 1517 3444 μόνον,
1553 3376 1690 3431 ἀλλά
1736 3377 1831 3431 ml
1862 3380 1977 3443 τοῖς

297 3465 578 3535 χρηστοῖς,
616 3462 713 3516 ml
752 3459 1142 3515 ταπεινοῦσθαι
1187 3462 1283 3515 ml
1310 3463 1664 3532 κάμπτεσθαι
1697 3466 1835 3537 πρὸς
1873 3483 1977 3520 σω-

294 3550 486 3623 τηρίαν
535 3550 674 3613 ἐστὶ,
723 3549 886 3603 πάλιν
930 3550 959 3603 6
991 3550 1276 3620 προφήτης
1317 3551 1512 3621 φησίν·
1574 3552 1825 3622 Ἀγαθόν
1848 3572 1972 3623 μοι,

294 3640 497 3706 Κύριε,
526 3637 616 3691 ὅτι
649 3635 1059 3702 ἑταπείνωσάς
1082 3653 1177 3705 με,
1199 3637 1360 3702 ὅπως
1379 3637 1455 3690 ἂν
1470 3636 1638 3707 μάθω
1660 3639 1976 3695 mamma-

288 3727 450 3800 ματα
481 3740 617 3781 σου.
649 3726 761 3781 Καὶ
797 3724 935 3796 μετὰ
968 3723 1153 3779 τοῦτον
1181 3725 1238 3778 δέ
1267 3725 1296 3778 ὁ
1347 3727 1616 3798 Ἱερεμίας
1644 3727 1712 3782 τὰ
1748 3728 1886 3782 αὐτά
1909 3728 1973 3801 δή

294 3816 468 3870 ταῦτα
510 3814 682 3887 ἐκϐοᾷ
718 3815 768 3866 εί
812 3814 906 3867 ml
938 3814 1014 3885 μὴ
1054 3814 1265 3886 ῥήμασι
1310 3817 1425 3880 τοῖς
1455 3817 1669 3881 αὐτοῖς·
1720 3818 1974 3887 Ἀγαθὸν

292 3902 467 3970 ἀνδρί
511 3901 655 3955 ὅταν
694 3899 810 3969 ἄρῃ
853 3900 1033 3970 ζυγὸν
1071 3902 1274 3971 βαρὺν
1305 3903 1376 3956 ἐκ
1419 3906 1704 3971 νεότητος
1740 3904 1969 3960 αὐτοῦ·

293 3989 602 4043 καθίσεται
649 3988 801 4042 κατὰ
847 3987 1062 4057 μόνας,
1109 3989 1209 4042 καὶ
1255 3988 1644 4057 σιωπήσεται.
1693 3992 1804 4046 Καὶ
1844 3993 1972 4063 περὶ

294 4075 489 4131 ἐαυτοῦ
522 4075 580 4128 δέ
595 4074 689 4128 τοῦ
724 4074 859 4128 Θεοῦ
888 4075 1058 4128 δεῖται
1089 4074 1262 4145 λέγων
1286 4093 1301 4108 ·
1331 4076 1428 4145 Μὴ
1449 4075 1590 4148 γένῃ
1618 4079 1971 4149 φειδόμενός

286 4182 408 4235 μου
438 4166 527 4230 εις
567 4164 971 4231 ἀλλοτρίωσιν
995 4163 1064 4216 ἐν
1088 4163 1279 4231 ἡμέρᾳ
1309 4162 1561 4234 πονηρᾷ.
1604 4167 1716 4221 Καὶ
1736 4168 1764 4220 6
1791 4170 1970 4239 μακά-

296 4270 410 4326 ριος
457 4251 515 4306 δέ
565 4250 777 4313 Παῦλος
815 4252 844 4304 ὁ
895 4250 1149 4305 τοσοῦτον
1196 4253 1255 4305 ἐν
1303 4255 1369 4323 τῇ
1422 4253 1604 4325 χάριτι
1638 4254 1966 4327 διαλάμψας,

290 4340 388 4393 ml
422 4338 523 4410 τὴν
552 4337 903 4408 ἀνθρωπίνην
954 4339 1115 4405 φύσιν
1147 4338 1412 4410 ὑπερϐὰς,
1463 4341 1613 4412 ὅμως
1662 4344 1756 4396 καὶ
1806 4343 1969 4410 αὐτὸς

293 4426 465 4480 ἐδεῖτο
490 4426 590 4496 τῆς
621 4423 893 4494 ὠφελείας
929 4424 1121 4478 τούτου
1149 4426 1242 4479 τοῦ
1278 4425 1447 4480 καλοῦ
1469 4444 1482 4460 ·
1514 4428 1596 4481 διὸ
1625 4431 1719 4483 ml
1752 4429 1965 4500 ἔλεγεν·

304 4512 516 4581 Ἐδόθη
541 4529 643 4582 μοι
669 4512 917 4580 σκόλοψ
941 4510 1017 4580 τῇ
1036 4513 1212 4581 σαρκὶ
1237 4512 1493 4584 ἄγγελος
1521 4515 1739 4580 Σατᾱν,
1774 4519 1875 4573 ἵνα
1892 4537 1971 4588 με

291 4599 605 4670 κολαφίζῃ,
639 4601 743 4655 ἵνα
778 4600 866 4671 μὴ
908 4602 1331 4672 ὑπεραίρωμαι.
1370 4605 1549 4675 ’Υπὲρ
1585 4608 1802 4662 τούτου
1842 4610 1969 4677 τρίς

290 4690 398 4745 τὸν
420 4690 641 4758 Κύριον
679 4685 1086 4758 παρεκάλεσα,
1125 4691 1223 4744 καὶ
1246 4687 1378 4747 εἶπέ
1395 4710 1530 4763 μοι·
1586 4695 1784 4765 Ἀρκεῖ
1816 4695 1966 4771 [160]

290 4795 392 4833 σοι
415 4780 456 4847 ἠ
502 4776 674 4847 χάρις
703 4794 823 4848 μου
844 4793 860 4808 ·
894 4779 934 4846 ἡ
965 4778 1077 4847 γὰρ
1106 4777 1362 4849 δύναμίς
1402 4800 1524 4851 μου
1566 4784 1638 4838 ἐν
1683 4786 1969 4856 ἀσθενείᾳ

290 4867 639 4923 τελειοῦται.
696 4866 887 4920 Καίτοι
937 4884 1002 4935 γε
1050 4867 1178 4937 ἐνῆν
1222 4869 1317 4923 ml
1355 4872 1525 4942 χωρὶς
1557 4872 1814 4945 διωγμῶν
1870 4878 1966 4931 ml

291 4954 524 5025 θλίψεων
556 4953 651 5007 ml
682 4954 862 5009 πόνων
891 4954 986 5008 ml
1026 4953 1267 5026 ἱδρώτων
1304 4958 1718 5031 κατορθωθῆναι
1754 4963 1816 5017 τὸ
1862 4966 1965 5036 κή-

292 5061 500 5118 ρυγμα,
545 5043 661 5097 ἀλλ’
705 5044 856 5116 ὅμως
908 5045 1009 5098 οὐκ
1055 5043 1320 5116 ἠθέλησεν
1356 5048 1385 5098 ὁ
1428 5048 1663 5119 Χριστὸς
1707 5051 1817 5105 τῶν
1860 5069 1963 5123 κη-

292 5133 595 5205 ρυττόντων
645 5132 980 5202 φειδόμενος.
1040 5132 1140 5185 Διά
1192 5132 1351 5187 τοῦτό
1393 5152 1557 5207 φησιν
1597 5138 1812 5203 αὐτοῖς·
1862 5143 1963 5197 Ἐν

290 5220 371 5287 τῷ
405 5222 613 5290 κόσμῳ
651 5220 863 5289 θλῖψιν
890 5219 1078 5285 ἕξετε.
1124 5221 1235 5275 Καὶ
1268 5224 1380 5286 τοῖς
1414 5223 1758 5297 βουλομένοις
1783 5228 1840 5282 δέ
1882 5233 1965 5301 είς

288 5311 387 5380 τὴν
421 5306 698 5378 βασιλείαν
728 5307 981 5375 βαδίζειν,
1013 5307 1103 5361 διὰ
1135 5308 1234 5379 τῆς
1262 5311 1600 5385 ἐστενοχωρη
1611 5314 1779 5387 μένης
1803 5316 1962 5372 τοῦτο

288 5395 500 5449 κελεύει
530 5397 704 5448 ποιεῖν
725 5393 868 5461 ὁδοῦ,
896 5394 973 5458 ὼς
992 5395 1093 5448 οὐκ
1122 5395 1242 5449 ἐνὸν
1271 5397 1538 5467 ἑτέρωθεν
1561 5401 1740 5455 ἐκεῖσε
1759 5403 1956 5462 ἐλθεῖν.

287 5482 478 5547 Οὕτως
519 5483 576 5534 αἱ
602 5481 808 5552 θλίψεις
829 5483 924 5535 ml
947 5483 997 5534 οἰ
1037 5485 1335 5555 πειρασμοὶ
1365 5486 1459 5539 ml
1490 5488 1559 5540 τά
1593 5489 1958 5560 συμϐαίνοντα

286 5570 420 5642 ήμῖν
464 5569 665 5642 ἀνιαρά
706 5568 814 5623 τῶν
847 5568 1098 5640 χρηστῶν
1146 5570 1245 5641 οὐχ
1296 5566 1459 5646 ἦττον
1492 5573 1590 5646 τὴν
1632 5577 1959 5648 κηδεμονίαν

285 5657 382 5714 τοῦ
424 5656 560 5712 Θεοῦ
586 5659 719 5729 ἡμῖν
762 5656 1148 5712 ἐνδείκνυνται.
1196 5660 1307 5714 Καὶ
1346 5662 1397 5715 τί
1440 5661 1582 5734 λέγω
1620 5664 1717 5731 τὰς
1751 5666 1961 5739 θλίψεις

351 5793 375 5854 f
401 5792 553 5844 Savil.
579 5794 677 5841 οὐδ’
697 5794 752 5841 ἂν
772 5795 967 5854 εἴποιμι.

345 5852 378 5897 b
405 5856 487 5905 Sic
507 5856 654 5907 Saril.
678 5852 957 5917 Legebantur
976 5854 1153 5917 ἔμενον.
1178 5855 1311 5907 Εοιτ.

1108 358 1167 415 S.
1207 356 1490 416 JOANNIS
1527 354 2016 415 CIIRYSOSTOMI
2053 360 2375 421 ARCHIEP.
2415 363 2966 425 CONSTANTINOP.

3661 365 3774 422 450

2097 477 2199 542 τὰς
2236 480 2456 549 ἐνθάδες
2502 485 2601 557 τῆς
2631 486 2737 557 7&9
2768 485 3044 556 βασιλείας
3076 481 3186 537 τῶν
3210 482 3454 555 οὐρανῶν
3483 482 3581 535 οὐκ
3606 481 3774 535 ἐλατ-

2097 581 2187 618 τον
2220 568 2375 640 ήτῆς
2401 571 2626 644 γεέννης
2666 574 2863 645 ἀπειλὴ
2903 573 3199 645 παρίστησι
3225 570 3324 642 τὴν
3359 569 3771 643 φιλανθρωπίαν

2097 653 2261 708 αὐτοῦ
2286 667 2332 711 ε.
2361 656 2425 711 Et
2458 658 2567 732 7&9
2597 660 2672 733 μὴ
2703 662 2894 730 γέεννα
2919 661 3201 733 ήπείλητο,
3223 660 3325 713 οὐκ
3351 659 3418 714 ἄν
3448 675 3532 722 τις
3555 657 3770 728 ταχέως

2096 742 2326 814 ἐπέτυχε
2365 745 2475 799 τῶν
2501 749 2561 800 ἐν
2587 752 2702 813 τοῖς
2737 750 2986 821 οὐρανοῖς
3010 746 3254 816 ἀγαθῶν.
3290 745 3427 801 Οὐδὲ
3466 744 3575 817 γὰρ
3600 745 3770 815 ἀρκεῖ

2098 831 2236 903 μόνη
2277 836 2311 905 ἡ
2354 836 2464 888 τῶν
2492 838 2745 908 χρηστῶν
2789 837 3093 907 ἐπαγγελία
3138 836 3438 908 προτρέψαι
3467 833 3604 909 πρὸς
3630 834 3764 904 ἀρε-

2094 920 2214 991 τὴν.
2245 922 2319 993 μὴ
2350 925 2443 978 ml
2463 926 2556 979 τοῦ
2586 926 2751 996 φόϐου
2785 919 3111 980 τῶνδεινῶν
3139 924 3406 987 ὠθοῦντος
3430 924 3557 986 τοὺς
3599 922 3767 994 ρᾳθυ-

2098 1008 2324 1080 μότερον
2354 1013 2495 1084 πρὸς
2531 1015 2746 1085 ἐκείνην
2776 1014 3177 1084 διακειμένους.
3222 1012 3322 1066 Διά
3351 1010 3511 1065 τοῦτο
3543 1010 3634 1064 καὶ
3665 1009 3764 1063 τοῦ

2094 1098 2423 1169 παραδείσου
2453 1101 2551 1172 τὴν
2598 1103 2774 1173 ἀρχὴν
2805 1101 3032 1166 ἐξέϐαλε
3074 1099 3167 1153 τὸν
3204 1099 3646 1171 πρωτόπλαστον,
3679 1098 3765 1150 ὅτι

2094 1191 2128 1261 ή
2173 1192 2581 1262 παρασχεθεῖσα
2610 1192 2759 1263 αὐτῷ
2796 1194 2928 1264 τιμὴ
2958 1193 3176 1265 χείρονα
3206 1191 3368 1244 αὐτὸν
3399 1185 3769 1259 ἀπειργάζετο

2095 1278 2185 1342 ἂν,
2212 1281 2370 1353 εῖπερ
2401 1281 2594 1353 ἔμενεν
2631 1282 2928 1345 ἀσάλευτος
2953 1282 3047 1334 ml
3097 1279 3291 1351 βεϐαία
3322 1278 3504 1349 ἐκείνη
3538 1278 3639 1347 τῆς
3678 1278 3767 1329 ἐν-

2090 1367 2254 1437 τολῆς
2294 1370 2627 1441 κινηθείσης.
2664 1371 2773 1423 Καὶ
2797 1371 2850 1422 τί
2881 1368 3026 1438 λέγω
3054 1368 3146 1423 τὸν
3186 1367 3393 1438 Ἀδάμ;
3429 1367 3495 1419 Τί
3525 1364 3633 1437 7&9
3662 1365 3768 1418 οὐκ

2095 1455 2162 1510 ἂν
2207 1458 2460 1529 ἐποίησεν
2503 1461 2534 1512 6
2571 1458 2713 1513 Κάῖν
2757 1459 2816 1512 ἐν
2865 1458 3179 1531 παραδείσῳ
3229 1455 3616 1529 στρεφόμενος,
3666 1454 3768 1508 καὶ

2083 1544 2305 1615 ’τρυφῆς
2334 1544 2625 1599 ἀπολαύων
2657 1546 2944 1617 τοσαύτης,
2971 1547 3103 1599 ὅπου
3138 1561 3202 1613 γε
3240 1546 3335 1598 ml
3368 1541 3571 1597 τούτων
3610 1544 3758 1595 ἐστε⁴

2092 1632 2349 1703 ρημένος,
2389 1634 2483 1688 καὶ
2518 1633 2615 1687 τοῦ
2669 1634 2877 1706 πατρὸς
2923 1633 3023 1705 τὴν
3066 1632 3340 1704 τιμωρίαν
3391 1629 3544 1702 παρά
3593 1628 3768 1692 πόδας

2088 1718 2253 1790 ὁρῶν,
2280 1720 2391 1774 οὐδ’
2410 1719 2582 1785 οὕτως
2610 1719 3028 1794 ἐσωφρονίζετο,
3051 1721 3166 1775 ἀλλ’
3197 1723 3278 1784 είς
3314 1719 3537 1791 μείζονα
3558 1718 3764 1771 κακίαν

2088 1806 2348 1873 εἰξέπιπτε
2377 1809 2427 1877 δ,
2468 1810 2629 1880 φόνον
2672 1810 2889 1882 πρῶτος
2925 1810 3088 1875 αὐτὸς
3137 1810 3232 1864 ml
3270 1807 3445 1880 εὑρὼν
3496 1807 3591 1860 ml
3641 1805 3764 1858 τολ-

2091 1894 2292 1967 μήσας,
2326 1898 2422 1952 καὶ
2466 1898 2626 1964 φόνον
2669 1899 2763 1953 τὸν
2821 1899 3043 1953 πάντων
3071 1897 3456 1967 ἐναγέστερον;
3480 1893 3615 1947 Οὐδὲ
3650 1892 3766 1962 γάρ

2087 1985 2228 2039 κατά
2259 1986 2472 2058 μικρὸν,
2500 1986 2608 2040 οὐδ’
2631 1989 2689 2040 ἐν
2727 1987 2906 2059 χρόνῳ
2946 1984 3126 2056 πολλῷ
3164 1982 3436 2056 προσῆλθε
3473 1980 3550 2052 τῷ
3584 1978 3763 2048 καινῷ

2085 2073 2258 2146 τούτῳ
2295 2075 2584 2147 μιάσματι,
2619 2074 2736 2129 ἀλλ’
2763 2074 2975 2147 ἀθρόως
3004 2075 3101 2128 καὶ
3136 2072 3393 2143 ἐξαίφνης
3429 2071 3564 2142 πρὸς
3590 2068 3763 2138 αὐτὴν

2085 2160 2286 2226 εὐθέως
2312 2163 2622 2235 ἀνεπήδησε
2658 2163 2756 2235 τήν
2789 2163 3057 2235 κορυφὴν,
3083 2161 3174 2216 τὸν
3205 2161 3610 2230 κοινωνήσαντα
3647 2155 3764 2208 τῶν

2084 2250 2265 2305 αὐτῶν
2296 2250 2502 2306 ὠδίνων
2536 2252 2705 2323 αὐτῷ,
2747 2251 2839 2306 τὸν
2873 2251 3173 2323 ἠδικηκότα
3211 2249 3389 2312 οὐδὲν,
3439 2248 3578 2319 πλὴν
3611 2248 3659 2300 εί
3696 2246 3762 2298 τὸ

2082 2338 2318 2408 τιμῆσαι
2358 2339 2451 2393 τὸν
2492 2339 2626 2394 Θεὸν
2678 2340 2921 2410 ἀδίκημα
2965 2337 3121 2410 ᾤετο,
3164 2337 3354 2392 τοῦτον
3394 2335 3627 2406 λοχήσας
3662 2335 3765 2387 καὶ

2082 2425 2308 2481 ἀνελών.
2347 2427 2418 2481 Σὺ
2446 2426 2503 2481 δέ
2531 2445 2622 2498 μοι
2649 2426 2931 2481 κάνταῦθα
2963 2426 3122 2482 πάλιν
3158 2424 3253 2479 τοῦ
3280 2424 3415 2478 Θεοῦ
3441 2423 3540 2494 τὴν
3569 2421 3762 2490 φιλαν-

2083 2512 2332 2584 θρωπίαν
2382 2514 2702 2586 κατάμαθε·
2756 2516 2846 2569 ὅτε
2908 2515 3007 2586 μὲν
3051 2514 3162 2585 γὰρ
3209 2514 3289 2576 είς
3334 2510 3495 2565 αὐτὸν
3541 2509 3760 2581 ὕϐρισε,

2080 2599 2169 2654 διὰ
2213 2601 2323 2655 τῶν
2361 2600 2537 2671 λόγων
2571 2603 2734 2656 αὐτὸν
2773 2603 3035 2669 νουθετεῖ,
3086 2602 3183 2655 ml
3220 2598 3624 2671 παραμυθεῖται
3663 2598 3762 2651 λυ-

2082 2688 2385 2760 πούμενον·
2434 2691 2522 2744 ὅτε
2567 2691 2623 2744 δὲ
2654 2692 2829 2762 ἐμάνη
2878 2691 3019 2745 κατά
3068 2691 3164 2745 τοῦ
3217 2688 3475 2759 ἀδελφοῦ,
3521 2689 3645 2742 τότε
3689 2688 3761 2761 δὴ

2081 2778 2456 2851 ἐπεξέρχεται,
2472 2780 2598 2921 ἰαὶ
2628 2781 2727 2852 τὴν
2754 2780 3025 2853 τιμωρίαν
3062 2780 3282 2850 ἐπάγει.
3330 2778 3521 2833 Καίτοι
3562 2779 3658 2830 ml
3686 2775 3761 2829 τά

2081 2867 2323 2921 πρότερα
2359 2865 2459 2921 τῆξ
2526 2868 2656 2921 ύτῆς
2689 2868 2986 2921 κολάσεως.
3037 2868 3237 2921 μᾶλλον
3264 2867 3322 2921 δέ
3362 2866 3458 2920 καὶ
3508 2865 3761 2921 γαλεπω-

2081 2867 2323 2938 πρότερα
2359 2865 2459 2939 τῆξ
2472 2865 2656 2937 ᾗύτῆς
2689 2868 2986 2933 κολάσεως,
3036 2868 3237 2940 μᾶλλον
3264 2867 3322 2921 δέ
3362 2866 3458 2920 καὶ
3508 2865 3763 2936 χαλεπω-

2078 2953 2246 3025 τέρας
2298 2952 2423 3019 ἄξια
2463 2950 2554 3026 ἦν.
2603 2955 2668 3009 Εί
2698 2955 2807 3027 γὰρ
2848 2956 2936 3009 ἐπ’
2982 2956 3308 3028 ἀνθρώπων,
3351 2956 3479 3009 ὅταν
3520 2972 3606 3018 τις
3645 2953 3762 3007 τῶν

2078 3043 2307 3098 οἰκετῶν
2331 3043 2401 3098 τά
2426 3045 2524 3116 μέν
2550 3046 2757 3116 ἀμείνω
2785 3045 3028 3118 φυλάττῃ
3053 3045 3250 3117 ἐαυτῷ,
3276 3046 3346 3100 τὰ
3366 3045 3422 3099 δέ
3450 3044 3760 3116 φαυλότερα

2077 3131 2156 3203 τῷ
2180 3132 2414 3205 δεσπότῃ
2445 3134 2720 3207 προσάγῃ,
2749 3134 2922 3188 δεινὸν
2951 3132 3014 3187 τὸ
3038 3135 3270 3206 πρᾶγμα
3305 3134 3400 3187 ml
3426 3131 3581 3204 ὕϐρις
3612 3129 3761 3187 εἶναι

2077 3218 2244 3285 δοκεῖ,
2298 3219 2453 3292 πόσῳ
2507 3221 2708 3292 μᾶλλον
2763 3221 2855 3275 ἐπὶ
2898 3220 3071 3287 Θεοῦ;
3119 3222 3179 3274 Ὀ
3219 3221 3277 3275 δέ
3313 3221 3454 3274 Κάῖν
3485 3222 3546 3274 οὐ
3594 3220 3758 3274 τοῦτο

2080 3306 2241 3376 μόνον
2269 3307 2538 3380 ἥμαρτεν,
2579 3309 2714 3363 ἀλλά
2744 3310 2837 3364 ml
2878 3310 3062 3383 ἕτερον
3097 3310 3195 3380 οὐχ
3235 3305 3419 3381 ἦττον,
3467 3308 3528 3362 τὸ
3560 3309 3761 3380 δυσχε-

2079 3396 2238 3466 ρᾶναι
2275 3399 2341 3468 τῇ
2372 3399 2506 3471 τιμῇ
2536 3398 2632 3451 τοῦ
2674 3397 2928 3468 ἀδελφοῦ.
2974 3400 3037 3453 Ei
3091 3399 3189 3468 μέν
3227 3397 3340 3470 7&9
3381 3397 3456 3461 ὡς
3487 3396 3758 3469 ἁμαρτὼν

2080 3482 2501 3552 μετεγίνωσκεν,
2532 3485 2834 3550 ἀποδεκτὸς
2860 3487 2960 3558 τῆς
2999 3485 3292 3557 καλλίστης
3334 3485 3540 3557 ταύτης
3586 3501 3760 3556 μετα-

2076 3570 2235 3641 ϐολῆς
2283 3567 2386 3643 ἦν·
2440 3573 2536 3628 νῦν
2582 3573 2640 3627 δέ
2682 3575 2741 3628 οὐ
2794 3575 3107 3647 μετανοίας,
3160 3574 3300 3630 ἀλλά
3331 3576 3423 3629 ml
3458 3575 3622 3646 ζήλου
3656 3577 3758 3629 καὶ

2078 3656 2375 3727 βασκανίας
2404 3662 2438 3732 ή
2473 3661 2733 3733 σύγχυσις
2762 3659 2850 3735 ἦν,
2882 3665 2977 3718 ml
3005 3665 3070 3718 τὸ
3091 3664 3244 3728 τέλος
3272 3663 3544 3731 ἀπέδειξε.
3572 3662 3757 3718 Μόνον

2075 3745 2185 3817 γὰρ
2227 3747 2326 3800 οὐκ
2369 3748 2635 3821 ὠργίζετο
2684 3751 2763 3823 τῷ
2812 3752 2953 3824 Θεῷ,
3006 3754 3093 3807 ὅτι
3153 3752 3224 3826 μὴ
3270 3753 3531 3825 ἐτίμησεν
3584 3753 3755 3807 αὐτὸν

2074 3834 2373 3905 ὑϐρισθεὶς,
2403 3839 2498 3891 ml
2526 3838 2806 3912 προύθηκε
2844 3842 2937 3895 τὸν
2977 3841 3276 3896 ἀκόλαστον
3303 3840 3397 3895 τοῦ
3435 3840 3713 3904 ἐπιεικοῦς
3736 3859 3751 3870 ·

2073 3923 2189 3977 ἀλλ’
2214 3924 2365 3996 ὅμως
2385 3927 2480 3979 ml
2508 3927 2652 3982 οὕτω
2698 3929 2936 4003 σφοδρὰν
2969 3929 3077 3985 τῶν
3123 3931 3541 4004 ἁμαρτημάτων
3584 3930 3756 3983 ἀπαι-

2072 4009 2311 4066 τούντων
2339 4012 2439 4084 τὴν
2491 4016 2765 4089 τιμωρίαν
2790 4016 3009 4072 ἔλαττον
3033 4018 3214 4091 πολλῷ
3235 4019 3335 4091 τῆς
3363 4018 3518 4086 ἀξίας
3550 4018 3756 4088 κέχρη-

2072 4115 2163 4154 ται
2210 4100 2290 4172 τῷ
2351 4103 2879 4178 πεπλημμεληκότι,
2933 4109 3026 4161 ml
3092 4106 3530 4178 φλεγμαίνουσαν
3582 4106 3753 4159 αὐτοῦ

2074 4190 2462 4245 καταστέλλειν
2508 4194 2764 4265 πειρᾶται
2792 4195 2892 4267 τὴν
2930 4194 3130 4265 ψυχήν.
3189 4195 3320 4248 Ἀπὸ
3346 4195 3455 4266 γὰρ
3492 4192 3663 4265 θυμοῦ
3714 4193 3750 4264 ή

2073 4276 2280 4348 ἀθυμία
2302 4279 2484 4351 ἐκείνη
2502 4274 2572 4350 ῆν
2587 4296 2601 4309 ·
2628 4281 2708 4335 διὸ
2733 4282 2827 4335 καί
2853 4294 2985 4354 φησι
3005 4281 3155 4356 [161]
3177 4284 3312 4355 πρὸς
3330 4284 3491 4337 αὐτόν
3510 4298 3525 4311 ·
3568 4282 3753 4336 Ἡσύ-

2073 4380 2291 4436 χασον.
2346 4367 2532 4422 Ταῦτα
2582 4369 2640 4423 δέ
2690 4370 2895 4440 ἔλεγεν,
2957 4370 3115 4436 εἰδὼς
3167 4373 3266 4443 μὲν
3321 4366 3379 4425 οἷ
3414 4371 3752 4441 προϐήσεται

2072 4453 2244 4508 κακοῦ
2280 4466 2328 4518 ο,
2358 4455 2679 4528 βουλόμενος
2713 4458 2770 4511 δὲ
2810 4461 2989 4513 πᾶσαν
3018 4462 3133 4524 τοῖς
3158 4458 3561 4531 ἀγνωμονοῦσιν
3589 4460 3755 4513 ἐκκό-

2070 4544 2171 4614 ψαι
2200 4543 2494 4612 πρόφασιν.
2527 4546 2591 4599 Εἰ
2617 4546 2725 4618 γὰρ
2746 4546 3013 4620 ἐκολάσθη
3049 4547 3202 4620 παρά
3233 4547 3332 4620 τὴν
3356 4549 3549 4619 ἀρχὴν,
3576 4547 3753 4601 πολλά

2073 4631 2139 4685 ἂν
2187 4626 2340 4685 εἷπον
2384 4633 2610 4686 τοιαῦτα
2650 4634 2869 4687 πολλοί·
2921 4636 2983 4688 οὐ
3039 4636 3147 4707 γὰρ
3189 4637 3318 4708 ἐνῆν
3362 4635 3750 4708 παρακαλέσαι

2069 4720 2234 4792 λόγῳ,
2264 4720 2358 4774 ml
2380 4721 2718 4793 νουθετῆσαι,
2746 4724 2840 4777 ml
2863 4723 3159 4794 ἐπιπλῆξαι
3186 4729 3474 4796 πρότερον,
3511 4726 3606 4779 ml
3622 4726 3750 4779 τότε

2068 4810 2183 4872 τοῖς
2228 4809 2411 4874 αὐτοῖς
2446 4810 2774 4881 ἐπιμένοντα
2818 4812 3096 4879 μετελθεῖν
3136 4812 3156 4852 τ
3183 4829 3197 4878 ;
3236 4813 3443 4887 Πολλῆς
3464 4813 3752 4884 ὠμότητος

2068 4896 2164 4950 καὶ
2209 4897 2479 4968 ἀπηνείας
2523 4897 2660 4969 αὕτη
2696 4900 2730 4971 ὴ
2775 4901 3011 4965 κόλασις.
3052 4900 3154 4955 Διά
3195 4900 3353 4956 τοῦτο
3403 4901 3750 4975 μακροθυμεῖ

2067 4986 2186 5048 ταῖς
2226 4986 2307 5049 είς
2346 4984 2511 5039 αὐτὸν
2556 4985 2778 5055 ὕϐρεσιν
2817 4991 2846 5042 ὁ
2893 4989 3045 5054 Θεὸς,
3083 4989 3201 5060 ἅμα
3232 4991 3333 5062 μὲν
3377 4989 3749 5061 ἐπιστομίζων

2067 5077 2330 5139 ἐκείνους,
2367 5075 2570 5148 ἆμαδέ
2620 5081 2713 5134 ml
2750 5080 2966 5146 δεικνὺς
3002 5083 3085 5137 ὅτι
3123 5085 3219 5137 ml
3264 5084 3355 5138 τὸν
3399 5086 3611 5156 πατέρα
3648 5082 3745 5137 τοῦ

2067 5166 2203 5221 Κάῖν
2226 5168 2294 5221 δι’
2340 5168 2657 5241 ἀγαθότητα
2698 5173 3005 5239 ἐπαίδευσε,
3044 5176 3183 5247 πρὸς
3219 5176 3275 5229 δὲ
3310 5178 3406 5231 καὶ
3445 5179 3527 5241 είς
3572 5176 3745 5244 μετά-

2064 5272 2215 5310 νοιαν
2250 5255 2400 5325 άγων
2436 5260 2562 5322 τοὺς
2598 5260 2736 5330 μετά
2764 5258 2935 5315 ταῦτα
2962 5262 3049 5317 διὰ
3090 5263 3190 5335 τῆς
3231 5265 3487 5337 τοιαύτης
3514 5266 3752 5338 χρηστό-

2064 5362 2225 5418 τητος
2255 5345 2439 5401 αὐτοῦ.
2481 5346 2699 5418 Ἐπειδὴ
2739 5347 2796 5401 δέ
2842 5352 2985 5404 κατά
3024 5350 3123 5423 τὴν
3154 5353 3499 5425 σκληρότητα
3546 5353 3746 5417 αὐτοῦ,

2061 5560 2093 5608 ἆ
2128 5500 2150 5528 θ
2176 5497 2286 5575 ξαν.
2328 5498 2675 5563 φιλανθρωπίαν
2723 5498 2810 5549 τοῦ
2854 5500 2998 5552 Θεοῦ.
3043 5505 3173 5556 Infra
3214 5507 3345 5555 idem
3379 5512 3639 5574 προτρέψαι
3682 5516 3751 5570 εἷς

2097 5576 2248 5608 οετην.

2125 5576 2248 5615 ετην.

2097 5576 2450 5686 ρᾶτέἔτίρεετοι
2473 5620 2642 5686 Μοηιῐ.
2668 5623 2900 5686 ἐνέπιπτε.
2929 5628 3144 5683 ἐξέπιπτε
3169 5629 3316 5679 nobis
3332 5632 3743 5686 declilSavil.En.

2128 5686 2151 5753 ξ
2176 5681 2341 5753 ἐπεὶ.
2364 5684 2655 5753 προϐήσεται
2675 5685 2852 5753 κακοῦ.
2880 5681 3050 5738 Moi'el.
3073 5707 3154 5753 πρ.
3177 5693 3233 5741 τὸ
3260 5695 3427 5742 κακόν.

2131 5741 2257 5815 f§ic
2300 5741 2454 5815 βανὶὶ.
2497 5754 2654 5815 τςειε,
2695 5747 2874 5815 Morel.
2915 5763 3041 5815 yeto
3083 5741 3374 5815 ἐπιμένοντα
3404 5757 3629 5808 ἐπελθεῖν.
3661 5760 3748 5809 In—

2061 5804 2130 5853 fra
2159 5805 2333 5854 Morel.
2368 5808 2490 5880 ,προς
2625 5808 2808 5881 τούτοις
2845 5813 3038 5881 καὶ-ἐίς
3089 5804 3341 5875 μετάνοιαν
3381 5804 3628 5881 ἄγων
3656 5804 3747 5881 ἧς

2065 5883 2257 5934 χρηστἾ
2282 5865 2475 5920 Omissis
2501 5869 2806 5932 qUibusdam.
2843 5865 3371 5941 Saviliu'm'sequimur.
3424 5865 3501 5881 ⁶’““
3545 5865 3619 5870 ""
3668 5865 3718 5883 "0
