4116 6392
438 372 537 428 ιὲθ

434 501 509 551 Ac
535 496 603 550 de
633 497 900 567 prioribus
922 496 1135 567 quidem
1165 494 1294 549 nihil
1323 491 1571 555 dixerim,
1601 505 1720 544 cum
1752 488 1804 543 id
1831 489 1998 543 cuivis

435 590 608 659 palam
637 589 739 641 sit:
763 587 831 641 de
852 584 1234 654 posterioribus
1259 582 1430 636 solum
1456 584 1590 635 ratio
1612 578 1880 634 reddenda
1896 586 1995 632 est.

501 682 552 734 5.
584 678 747 732 Homo
769 678 925 731 labori
952 674 1514 740 addictus.—-Quonam
1534 687 1659 741 ergo
1680 671 1837 725 modo
1861 670 1999 725 scire

433 769 721 836 poterimus
744 776 1029 836 posteriora
1051 779 1260 835 quoque
1282 764 1379 831 ipsi
1398 764 1538 816 utilia
1557 762 1742 816 fuisse?
1760 761 2000 815 Siconsi-

430 859 677 913 dcremus
698 857 822 924 quid
851 872 1036 926 passus
1064 864 1226 921 esset,
1253 854 1356 908 nisi
1383 854 1495 908 hate
1518 856 1586 907 ita
1608 851 1949 921 contigissent
1980 867 1994 903 :

431 967 551 1005 nam
579 951 620 1003 si
640 949 922 1018 pollicente
942 946 1152 1001 diabolo
1173 945 1401 1013 mquales
1416 944 1532 997 illos
1563 944 1671 995 Deo
1687 957 1743 995 se
1759 950 1998 995 ostensu-

428 1058 545 1096 rum
562 1051 680 1110 post
696 1038 1146 1109 praevaricationis
1159 1045 1360 1091 reatum
1383 1036 1434 1090 in
1452 1035 1637 1090 eodem
1661 1036 1858 1088 honore
1882 1050 1999 1103 per-

430 1134 706 1197 stitissent,
730 1133 781 1186 in
803 1132 899 1185 tria
923 1130 1158 1199 profecto
1193 1143 1437 1198 suprema
1472 1128 1611 1181 mala
1658 1129 1995 1182 incurrisset.

430 1225 607 1278 Primo
640 1224 779 1278 enim
808 1222 967 1276 Deum
984 1220 1299 1274 malevolum
1321 1218 1758 1286 seductoremque
1772 1226 1824 1271 et
1844 1233 1996 1270 men-

428 1316 611 1369 dacem
661 1311 1298 1367 existimasset:secundo
1339 1309 1481 1363 illum
1505 1296 1630 1364 vere
1664 1309 1995 1363 seductorem

434 1408 569 1459 male
580 1406 927 1474 volentimque
947 1413 994 1457 et
1014 1402 1272 1456 mendacii
1292 1410 1343 1455 et
1360 1401 1568 1454 invidia:
1591 1409 1882 1469 parentem,
1902 1399 1996 1452 be-

428 1495 653 1549 neficum
672 1504 829 1564 atque
851 1496 1076 1546 amicum
1096 1491 1383 1559 putavisset
1411 1508 1424 1543 :
1458 1499 1724 1559 postremo
1746 1489 1995 1558 peccandi

428 1588 676 1654 deinceps
698 1599 980 1655 numquam
1004 1584 1159 1636 linem
1189 1582 1415 1636 fecisset.
1439 1581 1530 1635 His
1554 1590 1727 1635 autem
1752 1580 1997 1634 omnibus

429 1687 553 1733 tunc
579 1677 844 1735 hominem
880 1674 1141 1738 liberavit,
1176 1688 1296 1728 cum
1342 1689 1406 1727 ex
1439 1672 1684 1742 paradiso
1718 1672 1891 1741 ejecit.
1924 1671 1995 1724 Ita

428 1769 537 1824 fere
566 1780 619 1824 et
644 1770 897 1837 medicus,
930 1769 974 1824 si
1003 1768 1189 1821 vulnus
1227 1766 1451 1837 negligat
1481 1780 1543 1819 ac
1576 1764 1809 1830 deserat,
1838 1779 1997 1833 puru-

427 1861 626 1916 lentum
670 1863 895 1928 amplius
937 1860 1111 1915 reddit
1156 1877 1169 1912 :
1220 1859 1301 1913 sin
1330 1874 1457 1912 vero
1495 1856 1749 1912 incisione
1794 1864 1992 1920 utatur,

427 1952 647 2005 ulterius
677 1951 921 2022 progredi
958 1952 1157 2005 saniem
1192 1966 1253 2004 ac
1292 1950 1463 2003 morbi
1502 1950 1647 2003 virus
1675 1957 1837 2003 vetat.
1860 1946 1996 2015 Quid

427 2042 618 2109 igitur?
645 2042 757 2094 Non
799 2042 879 2095 his
914 2049 1193 2095 contentus
1234 2040 1355 2103 fuit;
1402 2040 1509 2093 imo
1553 2048 1608 2093 et
1653 2038 1875 2093 sudores
1923 2037 1996 2090 illi

427 2131 621 2200 adjecit
645 2140 698 2184 et
724 2131 929 2184 labores
959 2148 970 2182 :
996 2130 1129 2184 nihil
1149 2130 1289 2184 enim
1312 2128 1485 2182 minus
1512 2128 1621 2182 otio
1642 2136 1695 2181 et
1713 2126 1874 2197 quieti
1906 2141 1996 2179 ua-

429 2230 538 2274 tum
577 2228 659 2274 est
685 2235 841 2289 quam
884 2220 1109 2273 hominis
1153 2226 1359 2272 natura.
1401 2217 1455 2272 Si
1482 2216 1623 2271 enim
1666 2217 1750 2271 his
1778 2215 1993 2282 addicti,

429 2328 495 2367 ne
519 2312 595 2366 sic
620 2312 832 2381 quidem
876 2326 1095 2381 peccare
1124 2311 1444 2377 desistimus,
1471 2324 1577 2379 quo
1601 2308 1860 2363 scelerum
1882 2322 1998 2377 pro-

426 2420 609 2475 gressa
654 2420 757 2459 non
804 2412 947 2459 esset
982 2403 1201 2457 audacia
1230 2411 1430 2465 nostra,
1476 2401 1521 2456 si
1564 2408 1756 2471 przcter
1783 2399 1997 2454 delicias

427 2495 593 2548 otium
622 2494 774 2548 nobis
797 2494 1146 2548 concessisset
1188 2491 1362 2546 Deus?
1410 2489 1593 2544 Omnia
1621 2490 1784 2554 enim,
1808 2490 2001 2559 inquit,

428 2586 562 2638 mala
599 2585 825 2638 otiositas
862 2583 1030 2637 docuit
1052 2581 1235 2653 (Eccli.
1265 2580 1350 2638 55.
1378 2580 1492 2651 29).
1541 2580 1870 2635 Attestautur
1906 2592 2000 2631 au-

428 2688 534 2731 tem
564 2684 759 2730 nostra:
788 2676 908 2729 huic
932 2675 1121 2729 rationi
1145 2683 1199 2729 et
1222 2688 1340 2743 quae
1365 2672 1599 2742 quotidie
1628 2671 1780 2734 fiunt,
1807 2678 1859 2724 et
1878 2683 1997 2739 qua:

428 2767 717 2836 majoribus
742 2768 939 2819 nostris
974 2765 1330 2834 contigerunt.
1363 2762 1527 2825 Sedit,
1567 2761 1754 2830 inquit,
1783 2761 1998 2830 papulas

428 2859 734 2911 manducare
758 2866 803 2911 et
841 2857 1021 2922 bibere,
1054 2865 1099 2910 et
1140 2864 1464 2910 surrexerunt
1492 2854 1661 2907 ludere
1686 2852 1878 2925 (Exod.
1906 2851 1992 2907 52.

428 2952 506 3020 6).
534 2952 608 3004 Ac
634 2965 845 3005 rursum
878 2967 891 3002 :
918 2948 1234 3002 Incrassalus
1259 2956 1333 3001 est
1375 2956 1424 3001 et
1460 2945 1819 3015 impinguatus,
1848 2954 1895 2998 et
1919 2960 2000 2997 re-

348 3112 351 3115 ,
429 3040 701 3094 calcitravit
725 3040 933 3092 dilectus
964 3038 1136 3107 (Deut.
1168 3035 1256 3091 52.
1283 3036 1392 3105 15).
1412 3034 1657 3089 Consona
1687 3032 1769 3087 his
1788 3046 1999 3102 quoque

430 3134 615 3187 beatus
661 3130 823 3184 David
866 3130 1117 3198 loquitur,
1162 3128 1343 3182 dicens
1382 3144 1396 3181 :
1442 3125 1567 3180 Cum
1609 3123 1850 3177 occideret
1893 3139 1995 3201 eos,

430 3234 547 3277 tunc
580 3224 896 3294 exquirebant
925 3238 1059 3288 eum,
1095 3230 1141 3273 et
1165 3217 1554 3283 revertebantur,
1579 3225 1627 3271 et
1655 3215 1878 3269 diluculo
1912 3231 2000 3268 ue-

429 3318 627 3371 niebant
654 3316 721 3369 ad
744 3332 854 3369 eum
876 3313 1047 3384 (Psal.
1082 3314 1172 3368 77.
1203 3312 1319 3383 54).
1348 3310 1430 3365 Ad
1458 3309 1753 3365 Jerusalem
1789 3323 2001 3378 quoque

432 3425 525 3480 per
552 3409 837 3464 Jeremiam
865 3408 1096 3476 loquitur
1120 3407 1259 3460 Deus
1288 3422 1301 3458 :
1343 3403 1446 3456 Per
1473 3402 1641 3455 omnia
1666 3399 1883 3466 erudire,
1910 3399 2002 3452 Je-

428 3502 666 3566 rusalem,
691 3516 754 3553 ne
776 3499 975 3553 recedat
1009 3498 1179 3550 anima
1206 3511 1317 3548 mea
1344 3511 1375 3547 a
1399 3503 1444 3547 te
1473 3490 1607 3562 (Ier.
1638 3491 1693 3546 6.
1732 3490 1811 3560 8).
1850 3489 2001 3557 Quod

427 3599 606 3647 autem
647 3606 754 3645 non
790 3589 959 3644 solum
1003 3588 1175 3652 malis,
1217 3601 1401 3640 verum
1448 3592 1503 3638 et
1538 3581 1695 3638 bonis
1737 3580 2003 3635 humiliari

428 3693 587 3753 atque
628 3681 891 3737 incurvari
929 3680 1159 3735 salutare
1189 3678 1278 3744 sit,
1321 3690 1532 3730 rursum
1574 3672 1838 3744 signiﬁcat
1874 3686 2001 3740 pro-

432 3777 614 3849 pheta,
645 3791 762 3830 cum
788 3773 915 3828 dicit
944 3792 957 3828 :
989 3772 1185 3825 Bonum
1225 3769 1370 3835 mihi,
1410 3767 1644 3831 Domine,
1688 3766 1807 3835 quia
1832 3764 2001 3817 humi-

432 3867 565 3920 liasti
592 3882 688 3931 me,
712 3875 765 3919 ut
791 3866 981 3918 discam
996 3861 1384 3932 justiﬁcationes
1405 3867 1514 3911 tuas
1538 3856 1706 3928 (Psal.
1739 3855 1860 3910 118.
1887 3854 1999 3923 71).

434 3960 560 4013 Post
586 3958 723 4011 hunc
747 3965 801 4011 et
838 3954 1099 4009 Jeremias
1128 3954 1242 4006 hinc
1272 3950 1478 4013 eadem,
1519 3948 1613 4003 sed
1655 3962 1760 4002 nou
1800 3945 2003 4001 eisdem

432 4050 609 4104 verbis
628 4047 923 4102 exclamat:
957 4043 1174 4106 Bonum,
1218 4041 1481 4111 inquiens,
1520 4044 1646 4102 uiro,
1691 4053 1807 4091 cum
1834 4045 2006 4105 porta-

432 4143 553 4196 verit
573 4141 755 4212 jugum
781 4153 929 4209 grave
953 4153 983 4189 a
1001 4137 1260 4206 juventute
1278 4150 1370 4187 sua
1396 4149 1415 4185 :
1444 4131 1627 4185 sedebit
1650 4129 1927 4195 solitarius,
1958 4135 2006 4180 et

434 4232 609 4286 tacebit
638 4230 847 4302 (Titi-en.
877 4229 929 4281 5.
974 4226 1098 4295 27);
1131 4232 1184 4279 et
1216 4224 1282 4278 de
1325 4238 1384 4277 se
1424 4222 1540 4291 ipso
1569 4221 1733 4275 Deum
1762 4219 2007 4273 obsecrat

435 4325 618 4378 dicens
652 4342 664 4377 :
691 4320 809 4375 Non
842 4322 907 4375 sis
931 4329 983 4371 tu
1010 4318 1131 4371 mihi
1162 4332 1371 4385 parcens
1394 4316 1446 4367 in
1471 4312 1822 4366 alienationem
1849 4310 1900 4362 in
1924 4309 2006 4363 die

435 4416 570 4469 mala
600 4413 732 4483 (Jer.
758 4413 842 4467 17.
869 4411 977 4481 17).
1002 4410 1193 4463 Beatus
1217 4408 1341 4461 item
1367 4405 1577 4468 Paulus,
1607 4403 1696 4472 qui
1721 4410 1867 4456 tanto
1886 4416 2006 4454 mu-

437 4522 564 4562 nere
590 4506 771 4575 gratire
809 4503 1003 4557 ellulsit
1030 4510 1334 4567 tantumque
1375 4504 1617 4550 naturam
1648 4494 1881 4548 excessit
1904 4491 2007 4545 lm-

437 4612 670 4661 mauam,
701 4594 825 4649 boni
853 4604 1026 4647 tamen
1072 4590 1227 4660 hujus
1265 4588 1487 4643 utilitate
1525 4584 1831 4655 indigebat:
1872 4597 2007 4652 quo-

436 4695 575 4744 circa
603 4687 812 4743 dicebat
846 4702 860 4739 :
906 4683 1072 4738 Datus
1114 4691 1187 4737 est
1225 4680 1349 4733 mihi
1391 4676 1623 4732 stimulus
1657 4676 1822 4729 carnis
1863 4688 2005 4737 mete,

437 4782 643 4854 angelus
685 4790 876 4833 satana:
898 4820 914 4843 ,
958 4778 1044 4847 qui
1076 4791 1154 4829 me
1186 4773 1495 4844 colaphizet,
1536 4778 1589 4822 ut
1636 4785 1737 4822 non
1774 4766 2006 4821 extollar.

441 4875 659 4943 Propter
682 4871 817 4940 quod
848 4882 920 4924 ter
944 4868 1215 4922 Dominum
1236 4864 1427 4935 rogavi,
1460 4871 1507 4915 et
1533 4861 1659 4915 dixit
1683 4859 1805 4912 milii
1838 4873 1855 4910 :
1881 4857 2010 4924 Sui.

439 4968 542 5036 [icit
570 4966 655 5019 tibi
676 4964 840 5034 gratia
865 4978 975 5015 mea
998 4976 1016 5023 ,'
1040 4975 1158 5012 nam
1190 4959 1345 5010 uirtus
1370 4970 1481 5008 mea
1508 4955 1559 5006 in
1582 4951 1872 5020 inﬁrmitate
1900 4965 2012 5017 per-

441 5057 608 5125 ﬁcitur
634 5053 709 5124 (2.
737 5052 853 5107 Cor.
877 5050 964 5105 12.
992 5048 1134 5118 7-9).
1156 5048 1370 5103 Poterat
1391 5052 1536 5099 certe
1576 5043 1691 5097 sine
1720 5054 2013 5110 persequu-

444 5151 674 5205 tionibus
724 5157 779 5203 et
832 5149 1093 5216 pressuris
1125 5184 1141 5208 ,
1190 5140 1561 5206 laboribusque
1620 5142 1675 5188 ct
1732 5129 2015 5186 sudoribus

446 5239 748 5313 praedicatio
768 5236 970 5307 perﬁci,
993 5233 1085 5289 sed
1109 5244 1283 5287 tamen
1326 5230 1376 5283 id
1401 5227 1565 5281 uoluit
1589 5224 1851 5283 Christus,
1878 5235 2015 5289 pra:-

445 5312 742 5389 dicautibus
772 5342 1011 5399 parcens.
1040 5323 1295 5393 Quocirca
1322 5320 1530 5374 dicebat
1560 5316 1662 5369 illis
1689 5333 1701 5364 :
1730 5312 1795 5366 In
1831 5315 2015 5363 mundo

450 5440 735 5495 pressuram
784 5407 1023 5473 habebitis
1053 5414 1231 5486 (Joan.
1272 5412 1361 5466 16.
1409 5410 1523 5478 55).
1567 5403 2017 5495 Cupientibusque

448 5492 662 5572 caeleste
687 5528 906 5583 regnum
945 5508 1169 5579 ingredi,
1198 5514 1473 5574 angustam
1500 5500 1637 5554 viam
1665 5492 2015 5564 arripieudam

446 5611 616 5679 jubet,
646 5611 793 5679 quasi
821 5621 925 5660 non
966 5601 1119 5656 aliter
1161 5601 1357 5653 intrare
1385 5596 1540 5649 liceat
1564 5589 1771 5660 (Matth.
1819 5588 1870 5640 7.
1905 5584 2015 5679 15).

453 5676 576 5754 ideo
605 5676 860 5769 pressura:
882 5707 933 5750 et
962 5692 1273 5749 tentationes
1300 5698 1353 5744 et
1381 5696 1723 5755 quacumque
1748 5679 1897 5733 nobis
1927 5676 2020 5729 tri-

454 5803 553 5847 stia
575 5793 903 5863 contingunt,
924 5803 1026 5843 non
1049 5786 1221 5841 minus
1246 5782 1337 5837 Dei
1358 5776 1739 5853 providentiam
1761 5771 2015 5836 indicant,

1273 373 1363 428 AD
1402 370 1769 428 STAGIRIUM
1806 372 1848 425 A
1892 369 2194 427 DJEMONE
2234 372 2562 430 VEXATUM
2612 375 2739 431 LIB.
2784 376 2821 429 Ι.

3570 378 3673 430 6511

2105 504 2261 558 quam
2291 491 2404 544 lzeta
2436 501 2489 545 et
2526 491 2775 559 jucunda.
2820 492 2955 559 Quid
2999 502 3171 548 autem
3200 495 3369 550 dicam
3397 512 3672 564 pressuras

2064 616 2068 619 Α
2104 580 2261 648 hujus
2290 582 2558 649 temporis,
2582 598 2700 637 cum
2731 597 2833 638 non
2860 586 3033 638 minus
3058 586 3167 654 ipsa
3190 603 3396 657 quoque
3412 587 3669 658 geheuuze

2103 673 2443 727 comminatio
2471 690 2625 743 quam
2669 677 2950 744 promissio
2979 678 3125 746 regni
3155 680 3469 736 ineffabilem
3506 684 3670 751 ipsius

2103 764 2433 818 clementiam
2464 766 2480 797 ί
2506 767 2873 821 commendet?
2920 768 3027 823 Nisi
3058 770 3197 824 enim
3241 771 3330 826 ille
3372 773 3667 842 gehennam

2103 856 2330 909 minatus
2356 865 2514 920 esset,
2556 872 2661 911 non
2702 858 2856 911 facile
2898 859 3153 929 quispiam
3179 862 3477 917 cmlestibus
3515 864 3668 919 bunis

2102 945 2378 1013 potiretur.
2403 945 2583 1014 Neque
2608 948 2746 1001 enim
2787 948 2978 1003 sufficit
3004 951 3112 1003 sola
3139 953 3445 1020 gaudiorum
3487 971 3672 1024 repro-

2103 1036 2285 1089 missio
2311 1037 2375 1089 ad
2405 1037 2715 1091 excitandos
2738 1039 2803 1092 ad
2831 1041 3074 1094 virtutem
3114 1043 3347 1106 animos,
3380 1044 3481 1097 nisi
3509 1045 3669 1099 etiam

2101 1140 2193 1182 eos
2222 1141 2495 1195 poenarum
2520 1129 2676 1183 timor
2711 1131 2965 1198 impellat,
2998 1132 3085 1199 qui
3129 1133 3476 1201 negligentius
3497 1134 3672 1189 affecti

2100 1215 2164 1268 ad
2201 1216 2340 1269 illam
2376 1226 2517 1270 sunt.
2546 1218 2798 1283 Quocirca
2846 1220 3069 1288 prituum
3103 1221 3369 1276 hominem
3399 1240 3609 1295 quoque
3638 1241 3671 1280 ι

2100 1307 2357 1375 principio
2382 1323 2410 1362 e
2441 1310 2683 1376 paradiso
2708 1311 2926 1379 expulit,
2949 1312 3067 1381 quia
3094 1330 3159 1367 ex
3190 1315 3388 1370 honore
3409 1316 3509 1369 sibi
3536 1333 3671 1385 pra:-

2100 1398 2225 1450 stito
2250 1398 2480 1452 deterior
2526 1400 2744 1455 effectus
2768 1411 2929 1467 esset,
2975 1403 3019 1456 si
3067 1412 3187 1472 post
3233 1415 3467 1474 spretum
3502 1407 3668 1461 viola-

2101 1497 2315 1557 tumque
2341 1490 2642 1545 mandatum
2681 1493 2927 1547 immotus
2954 1495 3038 1549 ille
3074 1496 3380 1566 stabilisque
3405 1498 3665 1554 durasset.

2100 1577 2215 1632 Jam
2244 1595 2369 1633 vero
2399 1590 2452 1633 ut
2483 1581 2647 1634 Adam
2672 1583 2995 1648 omittamus,
3026 1585 3150 1653 quid
3178 1602 3280 1640 non
3303 1587 3516 1643 fecisset
3537 1588 3669 1645 Cain

2100 1667 2153 1722 in
2186 1669 2426 1737 paradiso
2454 1670 2672 1739 degens,
2704 1674 2965 1742 tantisque
2992 1674 3196 1731 deliciis
3229 1676 3429 1743 fruens,
3458 1680 3672 1748 quando

2100 1758 2183 1813 bis
2204 1761 2445 1815 omnibus
2477 1764 2726 1830 privatus,
2757 1766 3023 1835 patrisque
3044 1768 3357 1835 supplicium
3384 1780 3510 1825 ante
3534 1786 3667 1825 ocuo

2102 1852 2182 1906 los
2209 1852 2427 1918 habens,
2467 1870 2533 1908 ne
2571 1855 2647 1908 sic
2672 1856 2881 1924 quidem
2912 1858 3220 1914 emendatus
3258 1869 3356 1924 est,
3403 1862 3456 1915 in
3502 1864 3670 1931 majo-

2099 1961 2317 2015 remque
2346 1947 2630 2015 nequitiam
2661 1950 2915 2017 prorupit,
2950 1958 3005 2005 ut
3030 1950 3369 2006 homicidium
3411 1953 3522 2021 ipse
3558 1956 3669 2024 pri-

2100 2051 2219 2089 mus
2263 2036 2539 2101 invenerit,
2579 2052 2814 2107 ausuque
2851 2041 3051 2094 nefario
3093 2042 3409 2112 impleverit,
3443 2043 3667 2098 homici-

2099 2126 2265 2186 dium,
2295 2127 2526 2196 inquam,
2546 2130 2779 2181 onmium
2805 2130 3307 2185 sceleratissimum?
3329 2133 3507 2203 Neque
3527 2135 3669 2189 enim

2100 2218 2369 2284 paulatim,
2404 2219 2485 2272 vel
2512 2229 2625 2287 post
2652 2220 2956 2275 diuturnum
2983 2231 3209 2291 tempus,
3239 2240 3433 2279 novum
3465 2226 3565 2280 huc
3588 2227 3668 2281 fa-

2099 2310 2251 2364 cinus
2278 2326 2556 2380 aggressus
2593 2321 2693 2377 est,
2732 2315 2825 2368 sed
2864 2324 3083 2383 repente
3125 2330 3188 2369 ac
3214 2317 3388 2371 subito
3414 2318 3670 2373 verticem

2098 2412 2153 2455 et
2178 2400 2385 2456 culmen
2410 2402 2696 2470 iniquitatis
2716 2404 3011 2472 occupavit,
3040 2420 3265 2474 eumque
3285 2407 3372 2475 qui
3390 2422 3456 2461 ex
3482 2408 3670 2463 eodem

2100 2502 2252 2547 utero
2276 2505 2625 2562 processerat,
2656 2496 2744 2563 qui
2794 2496 2843 2548 in
2899 2497 3043 2550 nullo
3084 2498 3254 2566 ipsum
3295 2498 3522 2563 ltcserat,
3567 2500 3671 2554 nisi

2100 2583 2363 2639 honorare
2398 2586 2559 2639 Deum
2591 2584 2640 2638 id
2672 2587 2740 2639 sit
2768 2585 2982 2652 lazdere,
3011 2589 3231 2655 appetiit
3258 2589 3460 2643 insidiis
3484 2605 3547 2644 ac
3571 2605 3670 2645 ne-

2100 2678 2263 2730 cavit.
2292 2676 2463 2730 Velim
2513 2676 2598 2731 hic
2640 2692 2822 2733 rursus
2849 2679 3153 2734 consideres
3176 2680 3512 2735 clementiam
3553 2682 3670 2736 Dei.

2100 2766 2230 2822 Cum
2259 2768 2397 2821 enim
2435 2768 2532 2823 sibi
2575 2768 2817 2836 injuriam
2862 2769 3143 2835 intulisset,
3176 2771 3350 2826 verbis
3392 2772 3537 2825 illum
3572 2772 3669 2825 ad-

2100 2866 2301 2924 monet,
2330 2859 2638 2928 tristemque
2665 2861 2969 2915 consolatur
2998 2878 3009 2913 :
3047 2871 3101 2913 at
3125 2861 3212 2915 ubi
3259 2862 3461 2915 insania
3506 2862 3675 2917 fertur

2101 2951 2155 3006 in
2192 2952 2428 3015 fratrem,
2472 2962 2594 3005 tunc
2634 2953 2744 3020 jam
2788 2952 3024 3006 severius
3058 2953 3346 3020 ulciscitur,
3386 2969 3674 3024 poenasque

2101 3044 2278 3099 infert.
2312 3043 2379 3098 Et
2403 3054 2547 3101 certe
2594 3045 2770 3113 priora
2816 3045 2903 3098 illa
2945 3034 3143 3098 eodem
3172 3045 3326 3115 digna
3364 3056 3514 3100 erant
3551 3062 3675 3101 cru-

2102 3136 2263 3199 ciatu,
2292 3134 2399 3189 imo
2426 3150 2553 3189 vero
2582 3135 2735 3204 longe
2758 3135 3020 3202 graviore.
3050 3135 3105 3189 Si
3132 3132 3270 3190 enim
3299 3137 3349 3190 in
3370 3137 3673 3193 hominibus

2102 3239 2390 3281 conservus
2417 3224 2605 3293 aliquis
2634 3225 2850 3278 meliora
2879 3240 3101 3295 quthue
3137 3226 3237 3280 sibi
3279 3236 3471 3292 servet,
3496 3243 3557 3282 ac
3578 3228 3677 3283 do-

2103 3319 2248 3373 mino
2273 3332 2371 3371 suo
2406 3316 2669 3373 deteriora
2706 3316 2910 3380 offerat,
2956 3332 3068 3371 rem
3118 3317 3530 3386 indignissimam
3559 3320 3675 3388 ple-

2105 3424 2331 3479 namque
2352 3408 2690 3463 contumelia:
2733 3406 2908 3464 facere
2953 3409 3190 3478 arguitur
3221 3419 3455 3479 :quanto
3483 3410 3536 3464 id
3564 3427 3677 3465 ma-

2104 3501 2183 3569 gis
2211 3500 2262 3554 in
2295 3499 2442 3554 Deo?
2468 3498 2596 3554 Cain
2624 3514 2752 3553 vero
2790 3514 2893 3553 non
2940 3502 2988 3553 in
3032 3502 3132 3554 hoc
3176 3501 3368 3566 solum,
3406 3517 3588 3556 verum
3622 3504 3675 3556 in

2105 3592 2209 3646 alio
2232 3606 2441 3660 quoque
2458 3605 2561 3644 non
2581 3591 2754 3645 minus
2778 3590 3016 3659 deliquit,
3045 3591 3183 3659 quod
3214 3590 3390 3645 fratris
3420 3592 3676 3646 honorem

2105 3698 2246 3752 azgre
2275 3691 2329 3737 et
2358 3682 2571 3751 indigne
2601 3681 2797 3735 tulerit.
2825 3681 2955 3737 Nam
2985 3683 3028 3735 si
3059 3690 3239 3749 utpote
3266 3683 3355 3751 qui
3384 3695 3674 3751 peccasset,

2106 3772 2467 3843 pmnitentiam
2494 3772 2705 3841 egisset,
2737 3783 2952 3839 accepta
2997 3771 3230 3840 profecto
3267 3772 3451 3827 fuisset
3476 3772 3590 3828 hmo
3611 3774 3676 3825 il-

2107 3864 2210 3918 lius
2238 3863 2435 3933 optima
2462 3862 2685 3916 mutatio
2708 3879 2721 3915 :
2753 3877 2891 3915 nunc
2917 3876 3045 3916 vero
3071 3876 3175 3916 non
3204 3863 3528 3932 paenitentia:
3562 3872 3678 3918 erat

2108 3955 2195 4009 illa
2215 3952 2472 4016 confusio,
2522 3953 2615 4007 sed
2658 3952 2866 4007 invidia:
2899 3966 2961 4005 ac
2988 3951 3187 4017 livoris,
3224 3952 3363 4021 quod
3406 3953 3483 4007 rei
3508 3954 3680 4009 exitus

2108 4046 2281 4100 docet.
2312 4043 2444 4098 Nam
2490 4043 2601 4098 Deo
2639 4042 3029 4112 quodammodo
3068 4042 3407 4107 irascebatur,
3433 4045 3572 4113 quod
3600 4047 3682 4099 in.

2104 4135 2259 4203 juriis
2297 4134 2517 4189 affectus
2547 4148 2651 4187 non
2695 4148 2753 4187 se
2797 4131 3103 4196 honoraret,
3132 4132 3271 4200 quod
3302 4132 3576 4188 moderato
3601 4135 3683 4188 in-

2110 4235 2489 4295 temperantem
2528 4240 2633 4279 non
2677 4222 2968 4293 przeferret.
3006 4222 3201 4276 Verum
3245 4236 3364 4275 cum
3402 4221 3516 4277 haec
3541 4224 3683 4278 illius

2110 4319 2311 4374 scelera
2369 4316 2836 4373 vehementissima
2899 4314 3356 4371 animadversione
3418 4316 3681 4385 punienda

2110 4418 2306 4473 essent,
2343 4409 2494 4478 longe
2522 4408 2833 4463 clementius
2859 4422 3016 4475 quam
3047 4408 3346 4461 merebatur
3369 4405 3682 4474 delinquen-

2112 4510 2218 4556 tem
2262 4507 2472 4560 tractat.
2518 4506 2887 4565 tumentesque
2916 4496 3120 4548 animos
3165 4495 3304 4548 illius
3333 4496 3685 4563 comprimere

2112 4592 2315 4647 nititur.
2350 4591 2475 4643 Erat
2505 4588 2864 4656 indignatione
2896 4586 3045 4654 plena
3080 4586 3169 4638 illa
3190 4585 3454 4653 dejectio:
3488 4586 3686 4639 idcirco

2113 4683 2346 4753 loquitur
2372 4680 2437 4733 ad
2478 4679 2625 4733 illum
2662 4695 2676 4731 :
2716 4677 2922 4741 Quiesce
2967 4675 3117 4743 (Gen.
3148 4676 3201 4728 4.
3241 4676 3318 4745 7).
3361 4675 3473 4729 Hoc
3510 4686 3685 4728 autem

2113 4788 2235 4828 cum
2260 4771 2478 4836 diceret,
2517 4768 2715 4823 sciebat
2755 4766 2966 4836 quidem
2993 4780 3098 4835 quo
3123 4781 3521 4835 progressurum
3547 4774 3690 4819 esset

2116 4866 2336 4930 malum,
2367 4871 2616 4917 ueterum
2661 4859 2879 4929 ingratis
2902 4858 3235 4912 occasionem
3259 4872 3471 4911 omnem
3499 4872 3715 4925 ampu-.

2119 4967 2231 5012 tare
2258 4954 2467 5010 volebat
2495 4971 2508 5007 :
2540 4953 2581 5005 si
2610 4952 2749 5004 enim
2782 4949 2849 5004 ab
2870 4950 3018 5004 initio
3044 4948 3133 5003 ille
3162 4950 3371 5017 punitus
3398 4959 3561 5015 esset,
3594 4950 3691 5002 hu-

2113 5047 2345 5119 jusmodi
2394 5044 2545 5100 multi
2586 5043 2809 5112 plurima
2850 5040 3150 5095 dixissent:
3198 5038 3311 5093 Non
3352 5047 3559 5108 poterat
3598 5038 3695 5092 ad-

2119 5155 2341 5197 monere
2379 5138 2555 5194 verbis
2593 5145 2648 5190 et
2678 5135 2967 5202 corripere,
2998 5148 3061 5186 ac
3103 5144 3302 5187 terrere
3338 5132 3504 5200 prius,
3535 5141 3694 5199 atque

2121 5244 2247 5287 tunc
2280 5231 2515 5293 demum,
2557 5227 2602 5280 si
2637 5232 3031 5296 perseverasset
3074 5223 3125 5277 in
3170 5223 3345 5287 malis,
3377 5221 3693 5292 supplicium

2122 5324 2356 5381 inferre?
2381 5320 2607 5390 Ingentis
2625 5317 2954 5373 crudelitatis
2974 5325 3052 5369 est
3073 5317 3169 5369 iste
3189 5317 3473 5369 cruciatus.
3493 5315 3696 5368 Idcirco

2122 5434 2245 5473 suas
2270 5413 2637 5485 mquauimitcr
2679 5410 2898 5478 injurias
2926 5409 3133 5471 tolerat,
3168 5416 3224 5459 ut
3249 5422 3349 5459 una
3392 5414 3446 5459 et
3486 5405 3695 5458 illorum

2125 5512 2364 5567 obstruat
2388 5521 2471 5570 os,
2491 5514 2545 5559 et
2571 5504 2733 5571 ipsius
2749 5502 2874 5555 Cain
2891 5510 3159 5569 parentem
3182 5514 3392 5567 quoque
3419 5498 3531 5551 sola
3550 5498 3699 5550 honi-

2126 5612 2231 5657 tate
2256 5614 2314 5654 sc
2339 5597 2657 5665 corripuisse
2679 5592 2941 5657 ostendat,
2971 5599 3327 5661 prmtcrcaquc
3359 5599 3413 5643 ut
3437 5588 3697 5659 ejusmodi

2194 5775 2210 5801 ι
2245 5774 2368 5824 εμπ,
2396 5758 2482 5811 Dei
2500 5751 2813 5807 clementiam.
