4116 6392
413 397 511 455 ιιι

414 508 754 581 benignitatis
795 504 1040 575 exemplo
1079 510 1322 574 posteros
1347 501 1411 554 ad
1453 499 1818 571 paenitentiam
1863 510 1989 567 pro-

414 611 589 657 vocet.
619 600 810 655 Postea
837 611 966 651 vero
995 609 1153 665 quam
1180 591 1469 647 secundum
1495 590 1741 645 duritiam
1771 603 1919 643 suam
1941 594 1995 641 et

415 709 512 748 cur
557 688 899 761 imptenitens
947 685 1318 741 thesaurizavit
1359 683 1460 738 sibi
1506 683 1660 747 iram,
1690 681 1835 736 illum
1871 690 1997 734 tunc

418 781 690 840 ulciscitur
719 797 732 833 :
761 779 844 834 sin
886 792 1015 832 vero
1052 784 1174 847 post
1200 775 1375 830 scelus
1405 773 1675 829 homicidii
1714 771 1998 828 mansisset

418 872 732 943 impunitus,
776 869 937 925 etiam
976 867 1043 922 ad
1088 866 1230 922 aliud
1261 865 1536 936 majusque
1575 864 1827 934 llagitium
1868 876 1995 931 pro-

417 978 635 1037 gressus
657 970 820 1020 esset.
849 961 1030 1032 Neque
1054 959 1195 1014 enim
1223 957 1404 1012 dicere
1427 971 1705 1028 possumus
1732 969 1826 1024 per
1853 954 2024 1030 igno—_

420 1056 647 1112 rantiam
675 1054 822 1110 illum
850 1051 1167 1122 deliquisse;
1199 1065 1320 1104 nam
1359 1049 1502 1120 quod
1535 1048 1714 1118 junior
1739 1046 2001 1116 intellige-

421 1148 535 1216 bat,
559 1147 675 1218 ipse
710 1145 881 1215 major
922 1151 1048 1198 nattt
1075 1143 1164 1212 qui
1193 1143 1434 1212 ignorare
1469 1139 1710 1210 poterat?
1737 1137 1867 1192 Esto
1907 1153 2000 1190 au-

423 1251 553 1304 tem,
605 1253 700 1308 per
749 1235 1100 1308 ignorantiam
1153 1233 1448 1304 peccaverit
1490 1233 1680 1302 prius:
1723 1241 2000 1302 postquam

423 1329 645 1394 audivit,
677 1327 905 1396 Quiesce,
939 1335 1216 1396 postquam
1242 1325 1434 1396 prioris
1469 1323 1640 1392 culpa:
1670 1323 1823 1377 venia
1864 1321 2001 1391 poli-

423 1433 510 1478 tus
535 1430 640 1489 est,
681 1436 749 1476 ex
789 1434 893 1488 qua
923 1417 1216 1488 ignorantia
1260 1415 1326 1469 ad
1372 1415 1709 1485 parricidium
1742 1414 2000 1483 prorupit,

426 1522 729 1583 terramque
749 1511 948 1577 infecit,
973 1525 1035 1565 ac
1060 1509 1203 1580 leges
1231 1517 1433 1562 natura:
1453 1505 1750 1562 subvertit?
1775 1505 2006 1561 Videsne

428 1615 488 1662 ut
506 1607 653 1676 prior
669 1605 829 1658 etiam
855 1603 1008 1672 culpa
1051 1618 1156 1656 non
1185 1602 1252 1658 de
1281 1600 1594 1671 ignorantia,
1623 1599 1719 1655 sed
1745 1598 1813 1654 de
1851 1598 2005 1652 mali-

428 1699 626 1771 gnitate
650 1705 703 1752 et
740 1697 991 1766 nequitia,
1025 1709 1378 1764 supremaque
1417 1693 1635 1748 sceleris
1667 1690 1884 1746 audacia
1909 1705 2005 1746 ve-

429 1789 601 1846 nerit?
633 1789 887 1856 Quaenam
927 1801 1055 1842 vero
1092 1785 1192 1840 fuit
1230 1785 1386 1856 hujus
1425 1783 1615 1854 poena?
1656 1783 1771 1838 Eris
1809 1798 2007 1853 gemens

427 1898 491 1936 ac
509 1891 726 1936 tremens
757 1895 907 1949 super
935 1888 1120 1932 terram
1160 1875 1310 1947 (Gen.
1341 1877 1394 1930 4.
1437 1874 1550 1946 12).
1587 1873 1807 1929 Videtur
1831 1883 2007 1927 tamen

411 1979 550 2027 esse
571 1985 732 2041 grave
761 1968 1111 2038 supplicium;
1137 1967 1230 2022 sed
1268 1982 1375 2020 non
1409 1965 1518 2036 jam
1556 1966 1627 2020 ita
1655 1963 1935 2029 videbitur,
1962 1961 2008 2017 si

429 2069 707 2132 peccatum
735 2059 1152 2122 consideremus,
1188 2067 1242 2113 et
1268 2057 1432 2127 ipsam
1474 2071 1681 2125 pcenam
1707 2054 2009 2126 dvligentius

431 2151 750 2206 intueamur.
779 2148 912 2204 Cum
941 2149 1082 2204 enim
1109 2149 1198 2203 ille
1225 2148 1362 2202 male
1387 2147 1685 2213 obtulisset,
1710 2162 1849 2213 aegre
1869 2145 2007 2212 tulit,

431 2241 572 2311 quod
593 2249 712 2310 post
733 2240 979 2310 injuriam
1011 2239 1119 2294 Deo
1145 2239 1346 2292 illatam
1383 2238 1672 2292 honoratus
1697 2237 1763 2292 ab
1790 2238 1880 2290 illo
1902 2252 2008 2291 non

431 2341 532 2394 est,
561 2329 935 2400 corripientem
964 2329 1183 2396 respuit,
1216 2326 1660 2396 parricidiumque
1679 2327 1884 2397 primus
1911 2341 2009 2396 pa-

435 2423 610 2488 travit,
642 2421 750 2476 imo
774 2435 905 2476 vero
945 2419 1145 2474 facinus
1171 2417 1452 2488 parricidio
1477 2417 1633 2487 longe
1665 2417 2006 2471 sceleratius:

435 2523 684 2584 parentes
725 2513 868 2568 enim
920 2512 1212 2567 incredibili
1261 2510 1446 2565 dolore
1482 2509 1753 2576 confodit,
1797 2523 1860 2564 ac
1902 2511 2012 2564 Deo

433 2605 596 2662 etiam
638 2604 888 2658 mentitus
923 2613 1024 2658 est.
1061 2601 1326 2672 Numquid
1366 2602 1521 2666 enim,
1563 2601 1659 2667 ait,
1699 2609 1863 2654 custos
1899 2616 2012 2654 sum

438 2696 611 2768 fratris
635 2698 731 2750 mei
763 2693 912 2768 (Gen.
946 2695 1000 2749 4.
1039 2693 1136 2763 9)?
1178 2693 1246 2747 Et
1282 2709 1379 2762 pro
1411 2692 1494 2747 his
1533 2693 1779 2747 omnibus
1807 2693 1922 2747 solo
1946 2694 2011 2746 ti-

436 2802 586 2842 more
604 2801 667 2842 ac
687 2795 918 2840 tremore
939 2785 1220 2839 cruciatur.
1243 2785 1490 2838 Attamen
1513 2780 1609 2859 Dei
1633 2781 2012 2853 benignitatem

437 2896 543 2936 non
569 2895 635 2934 ex
664 2894 730 2934 eo
756 2877 927 2934 solum
955 2876 1278 2932 manifestari
1305 2875 1552 2942 dixerim,
1581 2875 1720 2944 quod
1745 2875 2011 2929 mitiorem

438 2984 649 3038 [uenam
673 2977 818 3024 tanto
849 2966 1037 3022 sceleri
1060 2965 1319 3030 adhibuit,
1349 2963 1441 3019 sed
1465 2965 1603 3034 quod
1638 2965 1692 3018 in
1720 2964 1832 3034 ipsa
1859 2979 2013 3033 pmna

436 3061 641 3118 lucrum
663 3059 804 3115 haud
833 3057 1187 3129 spernendum
1208 3057 1383 3113 inesse
1411 3057 1666 3111 videatur.
1697 3056 1752 3112 ιιι
1779 3073 1904 3111 vero
1930 3057 2014 3110 Iu-

435 3168 588 3209 crum
618 3159 753 3215 erat,
774 3151 917 3222 quod
937 3166 1000 3206 ex
1023 3165 1087 3205 ea
1113 3149 1276 3220 ipsius
1299 3151 1643 3219 castigatione
1663 3151 1836 3205 cuncti
1866 3160 2013 3220 post-

439 3244 658 3299 modum
691 3243 948 3298 admoniti
984 3251 1108 3297 sunt
1147 3239 1463 3310 resipiscere
1504 3256 1532 3293 a
1573 3241 1754 3305 malis,
1797 3240 2015 3312 fierique

440 3335 709 3389 meliores.
756 3332 956 3387 Idcirco
997 3345 1126 3401 ergo
1168 3345 1274 3385 non
1316 3330 1509 3385 occidit
1549 3331 1718 3396 illum,
1761 3331 1882 3401 quia
1921 3347 2016 3401 par

440 3427 640 3481 utilitas
668 3423 905 3494 profecto
943 3437 1048 3476 non
1074 3420 1281 3485 fuisset,
1309 3421 1475 3476 audiri
1501 3421 1640 3491 quod
1667 3421 1820 3488 Cain,
1853 3420 2015 3477 fratre

441 3518 780 3586 interempto,
813 3525 984 3569 morte
1012 3513 1296 3568 mulctatus
1320 3521 1480 3578 esset,
1503 3521 1553 3567 et
1585 3511 1762 3568 videre
1795 3513 2014 3582 parrici-

439 3611 562 3664 dam
610 3609 782 3680 ipsum
825 3620 1010 3675 ptenas
1057 3603 1442 3660 exsolventem.
1493 3602 1738 3658 Fortasse
1784 3604 1926 3658 enim
1961 3603 2014 3658 id

437 3701 677 3756 auditum
721 3700 791 3754 ob
828 3697 1208 3753 immanitatem
1249 3695 1467 3750 sceleris
1497 3695 1753 3750 creditum
1797 3696 2015 3751 minime

441 3793 628 3848 fuisset
659 3809 672 3845 :
706 3805 847 3846 nunc
871 3805 999 3843 vero
1041 3787 1165 3843 dum
1207 3787 1435 3851 videtur,
1477 3787 1602 3841 dum
1631 3801 1810 3841 coram
1841 3787 2012 3851 adest,

439 3886 698 3957 plurimos
739 3884 1002 3952 longoque
1048 3879 1365 3949 superstites
1407 3888 1644 3949 tempore
1688 3893 1861 3947 patum
1904 3894 2015 3932 suae

441 3988 605 4034 testes
629 3975 908 4044 relinquit;
933 3972 1268 4028 manifestum
1298 3979 1443 4025 certe
1466 3985 1528 4024 ac
1555 3969 1804 4024 credibile
1832 3981 1886 4024 et
1905 3986 2015 4024 suze

439 4068 612 4124 aetatis
636 4065 956 4130 ltominibus,
983 4073 1038 4118 et
1063 4071 1242 4134 postea
1266 4060 1456 4115 futuris
1475 4061 1720 4115 omnibus
1740 4061 1789 4114 id
1813 4060 2016 4115 facinus

439 4158 733 4216 constituit.
765 4155 901 4222 Quid
937 4169 1087 4224 ergo,
1123 4151 1349 4222 inquies,
1381 4152 1482 4206 hoc
1515 4151 1590 4206 illi
1622 4151 1878 4205 contulit?
1903 4151 2014 4204 Ma-

443 4251 586 4304 xime
611 4247 825 4318 quidem
868 4245 1009 4299 illius
1038 4243 1194 4298 saluti
1219 4241 1592 4313 prospiciebat,
1634 4257 1754 4296 cum
1783 4241 1898 4310 ejus
1925 4256 2014 4295 ra-

443 4341 606 4405 biem,
651 4348 904 4406 quantum
949 4337 1000 4389 in
1040 4350 1098 4390 se
1141 4333 1318 4400 fuerit,
1359 4341 1633 4388 coerceret
1673 4332 2017 4402 castigatione

444 4431 747 4486 verborum.
771 4427 968 4482 Verum
999 4441 1065 4481 ne
1095 4429 1204 4496 ipsa
1231 4423 1445 4495 quidem
1480 4424 1621 4478 illata
1663 4424 1734 4478 illi
1762 4439 1937 4493 ptena,
1970 4423 2017 4478 si

443 4523 564 4592 quis
588 4520 892 4590 diligentius
921 4517 1186 4587 inspiciat,
1220 4516 1449 4569 maxima
1476 4515 1640 4584 ipsius
1676 4515 1898 4568 utilitate
1920 4529 2015 4568 va-

444 4624 549 4669 cat.
576 4612 632 4667 Si
659 4611 799 4666 enitn
827 4609 1003 4663 statim
1032 4609 1176 4660 illum
1218 4605 1517 4666 occidisset,
1546 4603 1746 4658 nullum
1777 4605 1874 4673 ipsi
1907 4620 2019 4673 pte-

445 4703 680 4761 nitentia:
707 4711 939 4772 tempus,
969 4715 1060 4770 per
1077 4714 1234 4769 quam
1252 4699 1441 4752 melior
1459 4696 1724 4759 evaderet,
1747 4696 1982 4750 dedisset
2002 4715 2016 4752 :

444 4812 586 4853 nunc
614 4809 740 4849 vero
765 4809 885 4848 cum
923 4801 1067 4847 metu
1095 4807 1157 4844 ac
1183 4801 1414 4844 tremore
1459 4788 1619 4843 vitam
1661 4788 1884 4854 ducens,
1917 4789 2019 4844 nisi

413 4925 420 4930 -
448 4889 605 4945 nimis
631 4887 954 4948 insensatus,
983 4897 1046 4937 ac
1075 4881 1251 4937 bellua
1275 4881 1450 4952 potius
1477 4895 1633 4948 quam
1675 4879 1834 4934 homo
1854 4891 2016 4949 esset,

449 4994 513 5032 ex
548 4975 850 5046 hujusmodi
879 4975 983 5028 vita
1013 4973 1161 5041 plura
1196 4987 1385 5040 capere
1427 4971 1595 5038 potuit
1639 4970 2016 5027 emolumenta.

449 5068 709 5122 Praeterea
749 5066 982 5122 futurum
1020 5063 1334 5134 supplicium
1379 5063 1544 5116 levius
1587 5065 1863 5132 pnesentis
1889 5073 2022 5118 tem-

447 5159 594 5228 poris
640 5173 796 5228 pinna
836 5155 1150 5212 constituit:
1191 5168 1252 5207 ea
1295 5155 1436 5208 enim
1477 5169 1595 5221 quze
1643 5155 1796 5208 nobis
1839 5156 1890 5209 in
1923 5155 2023 5211 hac

451 5251 558 5304 vita
580 5250 879 5324 inferuntur
904 5245 1157 5314 supplicia
1173 5285 1192 5305 ,
1217 5243 1467 5298 divinitus
1495 5246 1789 5298 futurorum
1813 5248 2021 5300 crucia-

453 5344 597 5387 tuum
629 5341 830 5402 partem
863 5329 1002 5384 haud
1027 5329 1268 5398 exiguam
1303 5327 1598 5382 succidunt.
1633 5329 1808 5399 Atque
1835 5330 2020 5385 harmn

450 5441 628 5481 rerum
652 5423 951 5478 testimonia
991 5422 1058 5476 de
1094 5421 1380 5490 Scripturis
1417 5420 1610 5476 divinis
1649 5422 1842 5478 all'erre
1871 5423 2023 5478 facile

452 5530 752 5588 possumus.
776 5514 907 5572 Nam
933 5513 1175 5570 Christus
1217 5512 1470 5568 Dominus
1495 5529 1614 5567 cum
1645 5513 1932 5584 discipulos
1955 5518 2024 5570 al-

452 5607 677 5677 loquens
701 5604 771 5662 de
805 5603 1006 5661 Lazaro
1032 5604 1337 5666 dissereret,
1381 5604 1648 5658 Abraham
1673 5606 1869 5667 retulit.
1901 5621 2020 5661 cum

455 5705 733 5767 rogaretur
759 5712 788 5751 a
815 5696 999 5758 divite.
1027 5703 1087 5750 ut
1116 5696 1348 5750 mitteret
1376 5694 1654 5761 Lazarum,
1676 5698 1763 5766 qui
1781 5707 2020 5752 extrema

453 5789 602 5862 digiti
626 5797 776 5862 parte
798 5787 1066 5860 paululum
1092 5801 1243 5856 aqua:
1272 5786 1476 5843 ardenti
1505 5787 1694 5858 lingua:
1723 5788 2018 5856 instillarct,

1159 386 1216 445 S.
1254 383 1531 443 JOANNIS
1548 380 1634 440 CH
1647 378 2030 439 BYSOSTOMI
2051 379 2368 438 ARCIIIEP.
2397 379 2926 438 CONSTANTINOP.

3564 385 3668 442 432

2100 495 2298 552 dixisse
2324 497 2389 551 ad
2419 497 2601 553 illum:
2631 497 2756 562 Fili,
2784 498 3046 552 recordare
3069 497 3186 568 quia
3213 498 3440 566 recepisti
3468 509 3520 552 tu
3542 501 3670 555 bona

2089 586 2149 641 in
2173 589 2275 642 vita
2307 597 2414 652 tua,
2443 599 2490 643 et
2517 589 2744 643 Lazarus
2778 589 2913 642 mala
2935 607 2954 640 :
2978 604 3110 641 nunc
3137 598 3305 642 autent
3331 590 3410 643 hic
3437 593 3669 645 consola-

2097 689 2202 747 tur,
2246 691 2300 733 tu
2338 695 2451 735 vero
2492 681 2732 734 cruciaris
2755 679 2906 750 (Luc.
2948 679 3036 734 16.
3075 679 3192 748 25).
3227 681 3422 736 Paulus
3463 697 3672 752 quoque

2099 772 2343 843 (Paulum
2370 787 2496 828 vero
2538 774 2748 844 quoties
2790 773 2930 839 dico,
2969 788 3155 828 rursus
3187 771 3385 828 Christi
3412 784 3673 842 praecepta

2098 863 2298 932 replico
2326 880 2340 916 :
2368 862 2611 920 Christus
2652 864 2794 919 enim
2842 861 3102 933 profecto,
3143 877 3260 918 mea
3303 863 3516 934 quidem
3555 879 3677 918 sen-

2100 955 2285 1020 tentia,
2322 955 2530 1010 beatam
2562 956 2701 1009 illius
2728 957 2974 1010 movebat
3015 955 3295 1022 animam),
3329 955 3454 1010 dum
3487 955 3675 1013 Corin-

2102 1045 2228 1100 thiis
2255 1047 2512 1101 scriberet
2537 1047 2612 1117 (l.
2635 1046 2750 1101 Cor.
2777 1047 2830 1102 5.
2858 1046 3235 1116 5),aliquando
3250 1046 3401 1116 jubet
3423 1062 3566 1109 eum,
3584 1046 3677 1117 qtti

2101 1137 2420 1207 gravissime
2450 1136 2737 1192 fornicatus
2762 1137 2949 1202 fuerat,
2991 1136 3125 1192 tradi
3163 1147 3362 1192 satana;
3413 1137 3466 1192 in
3507 1138 3676 1192 inter-

2104 1229 2233 1282 itum
2253 1229 2450 1293 carnis,
2473 1238 2526 1282 ut
2551 1230 2766 1300 spiritus
2788 1230 2965 1284 salvus
2985 1231 3054 1284 sit
3084 1231 3134 1284 in
3160 1229 3246 1285 die
3273 1230 3477 1284 Domini
3509 1230 3676 1284 nostri

2103 1316 2228 1372 Jesu
2261 1318 2474 1372 Christi.
2517 1317 2828 1388 Rursusque
2865 1333 2983 1373 cum
3023 1318 3236 1374 eosdem
3261 1319 3328 1374 de
3370 1319 3434 1374 iis
3469 1319 3561 1390 qui
3593 1321 3675 1373 in-

2106 1409 2263 1478 digne
2288 1424 2437 1464 sacra
2472 1411 2724 1480 mysteria
2767 1410 3126 1481 percipiebant
3165 1412 3474 1468 admoneret
3507 1430 3521 1467 :
3555 1411 3677 1466 Pro-

2107 1512 2293 1573 pterea,
2323 1504 2512 1573 inquit,
2551 1504 2683 1558 inter
2718 1521 2806 1558 vos
2831 1506 2976 1558 multi
3012 1506 3205 1575 inﬁrmi
3229 1516 3279 1561 et
3311 1507 3594 1571 imbecilles,
3629 1515 3679 1560 et

2109 1596 2361 1649 dormiunt
2385 1597 2546 1650 multi.
2573 1595 2712 1650 Nam
2731 1599 2776 1652 si
2802 1614 2894 1652 nos
2917 1601 3054 1666 ipsos
3073 1600 3438 1670 judicaremus,
3463 1617 3561 1653 non
3586 1601 3678 1654 uti-

2107 1702 2202 1752 que
2233 1687 2582 1756 judicaremur
2615 1703 2635 1742 :
2673 1705 2787 1741 cum
2820 1689 3116 1758 judicamur
3156 1700 3321 1743 autem
3361 1708 3395 1744 a
3443 1689 3676 1757 Domino,

2109 1779 2428 1845 corripimur,
2460 1787 2516 1832 ut
2542 1795 2642 1833 non
2667 1797 2780 1832 cum
2807 1781 2900 1834 hoc
2927 1781 3115 1835 mundo
3144 1782 3438 1836 damnamur
3462 1783 3538 1851 (Ι.
3559 1781 3677 1838 Cor.

2121 1870 2207 1924 11.
2239 1869 2455 1937 50-32).
2475 1870 2732 1926 Vidistine
2755 1871 3068 1929 ineffabilem
3085 1875 3438 1939 clementiam,
3456 1875 3679 1930 immen-

2101 1975 2309 2030 sasque
2334 1960 2542 2016 divitias
2567 1960 2936 2033 benignitatis?
2968 1963 3144 2020 vidisti
3173 1974 3231 2019 ut
3253 1966 3426 2020 omnia
3454 1975 3574 2037 agat
3598 1976 3680 2020 at-

2111 2065 2212 2120 que
2235 2051 2478 2105 moliatur
2501 2051 2662 2119 Deus,
2693 2061 2750 2106 ttt
2791 2063 2908 2122 post
2936 2063 3208 2123 peccatum
3235 2071 3444 2126 quoque
3471 2058 3682 2113 mitiore

2112 2156 2270 2210 quam
2309 2141 2608 2212 debuimus,
2639 2143 2930 2214 plectamur
2957 2159 3136 2216 paena,
3167 2155 3257 2200 aut
3282 2146 3440 2202 etiam
3468 2149 3683 2203 omnino

2113 2231 2436 2288 liberemur?

2181 2325 2238 2380 4.
2268 2322 2469 2379 Diaboli
2495 2326 2547 2379 in
2579 2343 2670 2382 nos
2691 2326 2923 2382 incursus
2947 2337 3064 2383 sunt
3090 2330 3254 2384 meriti
3295 2341 3640 2401 argumentum
3662 2373 3678 2398 ,

2112 2431 2412 2469 coronarum
2436 2417 2664 2471 materia.
2697 2447 2769 2458 --
2803 2418 2970 2474 Porro
3005 2419 3050 2473 si
3089 2419 3208 2489 quis
3236 2419 3288 2475 id
3314 2419 3571 2474 curiosius
3598 2421 3685 2474 in-

2114 2507 2309 2576 quirat,
2334 2507 2486 2578 cujus
2510 2509 2587 2563 rei
2608 2510 2775 2579 gratia
2795 2519 3027 2566 veterem
3050 2511 3197 2566 illum
3223 2513 3552 2567 seductorem
3581 2530 3686 2569 non

2114 2598 2368 2654 Continuo
2392 2598 2668 2665 deleverit,
2692 2600 2743 2654 id
2766 2616 2974 2672 quoque
2999 2617 3095 2672 pro
3122 2617 3328 2658 summa
3357 2603 3408 2657 in
3439 2619 3536 2658 nos
3561 2619 3686 2658 cura

2116 2689 2308 2745 factum
2336 2692 2647 2762 comperiet.
2679 2692 2734 2748 Si
2762 2693 2903 2750 enim
2930 2695 3219 2750 sceleratus
3250 2696 3338 2750 ille
3368 2695 3416 2748 vi
3444 2695 3688 2750 domina-

2115 2793 2282 2850 retur,
2322 2795 2464 2839 esset
2505 2784 2731 2841 fortasse
2770 2787 3096 2842 rationabilis
3124 2788 3222 2842 ista
3259 2788 3528 2859 inquisitio
3563 2805 3575 2842 :
3606 2789 3688 2842 sin

2115 2885 2290 2930 autem
2321 2875 2419 2930 hac
2443 2877 2674 2946 potentia
2703 2878 2937 2947 privatus
2963 2887 3164 2932 tantum
3191 2879 3512 2948 persuadere
3531 2888 3691 2949 atque

2115 2965 2330 3020 allicere
2356 2974 2550 3035 potest,
2573 2966 2715 3021 illius
2734 2981 2861 3022 vero
2885 2967 3147 3023 suasionis
3169 2968 3444 3024 illecebras
3468 2985 3692 3024 renuere

2118 3057 2171 3111 in
2202 3056 2353 3111 nobis
2378 3065 2495 3111 est:
2524 3072 2622 3112 cur
2649 3067 2701 3112 tu
2730 3058 2904 3113 meriti
2931 3069 3299 3130 argumentum
3329 3061 3470 3116 tollis
3489 3103 3504 3126 ,
3532 3076 3691 3116 coro-

2117 3163 2408 3218 narumque
2454 3149 2744 3204 materiam.
2777 3149 3126 3220 praescindis?
3163 3150 3245 3206 Ad
3290 3151 3405 3208 htec
3452 3152 3497 3206 si
3543 3151 3690 3206 illum

2116 3239 2293 3294 sciens
2331 3238 2444 3294 fore
2494 3239 2936 3310 insuperabilem,
2977 3249 3299 3311 cunctosque
3323 3241 3688 3307 devicturum,

2117 3328 2189 3382 ita
2217 3328 2362 3383 illum
2396 3328 2686 3384 dimisisset
2727 3329 2896 3394 Deus,
2926 3346 2993 3385 ne
3021 3331 3097 3386 sic
3122 3331 3333 3402 quidem
3369 3331 3436 3388 de
3463 3331 3546 3387 his
3571 3347 3690 3387 mo-

2116 3419 2287 3474 venda
2327 3420 2550 3491 quasstio
2574 3429 2736 3475 esset.
2763 3419 2896 3475 Nam
2937 3430 3051 3476 tum
3077 3437 3284 3491 quoque
3307 3422 3446 3492 quod
3476 3423 3564 3477 ille
3589 3423 3690 3476 ob-

2119 3511 2310 3565 tineret
2331 3551 2346 3574 ,
2393 3509 2536 3580 quod
2563 3511 2799 3566 vinceret
2842 3527 2946 3566 non
2987 3511 3344 3580 reluctantes,
3379 3512 3474 3567 sed
3502 3523 3692 3583 sponte

2117 3604 2218 3658 sibi
2243 3603 2494 3658 cedentes
2531 3614 2690 3673 atque
2716 3603 3157 3670 suecumbentes,
3199 3619 3228 3658 a
3274 3605 3427 3660 nobis
3455 3605 3692 3676 profecto

2119 3705 2425 3751 manasset:
2456 3705 2818 3751 verumtamen
2847 3697 2928 3751 his
2956 3697 3045 3767 qui
3088 3698 3292 3768 ingrate
3330 3714 3486 3769 agere
3510 3701 3693 3754 volunt

2119 3802 2185 3841 ne
2214 3788 2265 3842 id
2291 3787 2502 3858 quidem
2535 3788 2663 3844 satis
2691 3798 2850 3843 esset.
2881 3788 3032 3855 Quod
3062 3790 3107 3843 si
3147 3791 3354 3859 plurimi
3381 3790 3594 3861 quidem
3622 3791 3690 3845 il-

2118 3881 2221 3934 lius
2267 3880 2554 3950 potentiam
2602 3895 2664 3934 ac
2714 3879 2855 3936 vires
2900 3883 3172 3951 frangunt,
3217 3883 3514 3950 complures
3563 3883 3689 3938 item

2121 3970 2337 4039 posthac
2369 3970 2515 4024 illum
2543 3971 2838 4038 superaturi
2861 3980 3016 4036 sunt,
3044 3972 3168 4042 quid
3193 3982 3247 4027 tu
3271 3972 3474 4027 futuros
3499 3973 3692 4044 proha-

2120 4062 2353 4115 tissimos
2381 4062 2781 4132 clarissimaque
2809 4063 3027 4118 victoria
3068 4065 3299 4135 insignes
3330 4075 3474 4120 tanto
3518 4066 3693 4133 privas

2120 4150 2360 4207 honore?
2386 4151 2586 4207 Idcirco
2612 4154 2752 4207 enim
2781 4153 2927 4207 illum
2949 4153 3182 4220 dimisit,
3213 4165 3273 4210 ut
3301 4171 3420 4210 eum
3445 4156 3694 4224 dejiciant

2120 4243 2208 4312 qui
2238 4243 2444 4298 fuerant
2469 4243 2538 4297 ab
2563 4259 2627 4298 eo
2653 4244 2798 4312 prius
2821 4246 3080 4314 superati,
3113 4246 3252 4316 quod
3293 4247 3368 4301 illi
3392 4249 3534 4302 omni
3563 4263 3692 4316 sup.

2121 4333 2279 4403 plicio
2306 4334 2516 4404 gravius
2541 4342 2643 4401 est,
2671 4334 2950 4404 ipsumque
2969 4335 3034 4390 ad
3055 4347 3345 4391 extremam
3367 4339 3695 4394 condemnao

2122 4427 2320 4481 tionem
2348 4425 2591 4481 deducet.
2619 4427 2689 4481 At
2708 4442 2812 4482 non
2834 4441 3040 4494 omnes,
3063 4429 3288 4500 inquies,
3312 4431 3454 4486 illum
3475 4447 3696 4502 supera-

2121 4518 2221 4573 turi
2249 4526 2389 4572 sunt.

2192 4608 2294 4662 Cur
2324 4607 2460 4662 Deus
2487 4625 2515 4663 e
2540 4608 2704 4663 medio
2740 4609 2997 4664 diabolum
3021 4628 3122 4666 non
3147 4614 3420 4668 sustulerit.
3453 4646 3522 4656 —
3557 4616 3693 4685 Quid

2121 4697 2225 4752 hoc
2251 4698 2316 4752 ad
2345 4698 2500 4754 rem?
2525 4698 2768 4755 Profecto
2796 4701 2937 4756 enim
2978 4703 3145 4756 multo
3182 4706 3578 4761 convenientius
3613 4719 3698 4763 est

2117 4788 2276 4857 justis
2339 4790 2650 4847 occasiones
2699 4793 3063 4861 suppeditari,
3127 4797 3318 4864 quibus
3372 4799 3694 4853 voluntatem

2123 4881 2409 4936 ostendant
2433 4896 2605 4950 suam,
2631 4899 2724 4939 eos
2747 4900 2874 4940 vero
2898 4886 2985 4956 qui
3017 4903 3121 4941 non
3151 4897 3276 4942 sunt
3302 4889 3600 4958 hujusmodi
3631 4908 3697 4946 ex

2126 4975 2335 5044 propria
2367 4973 2542 5042 puniri
2585 4975 2900 5044 negligentia
2919 5017 2935 5044 ,
2965 4993 3123 5046 quam
3152 4979 3370 5034 iSIorum
3399 4996 3555 5036 causa
3597 4983 3698 5037 illis

2124 5067 2282 5120 etiam
2310 5065 2562 5119 damnum
2589 5065 2785 5120 afferri.
2815 5066 2946 5120 Nam
2982 5068 3142 5122 modo
3179 5070 3223 5123 is
3247 5071 3338 5139 qui
3383 5071 3552 5126 malus
3581 5081 3697 5137 est,

2126 5156 2169 5209 si
2200 5154 2445 5218 laedatur,
2478 5170 2581 5208 non
2603 5155 2890 5210 adversarii
2917 5157 3136 5221 viribus,
3161 5159 3253 5213 sed
3278 5176 3374 5215 suo
3399 5163 3572 5230 potius
3593 5172 3695 5215 tor-

2127 5263 2256 5315 pore
2283 5257 2563 5316 superatur
2603 5265 2618 5300 :
2665 5247 2807 5317 quod
2853 5249 3050 5304 indicat
3093 5252 3350 5306 victorum
3397 5253 3698 5307 ntultitudo.

2127 5338 2276 5391 Tunc
2304 5353 2432 5392 vero
2460 5337 2612 5406 probi
2654 5339 2850 5409 quique
2894 5340 3252 5409 improborum
3291 5357 3450 5396 causa
3495 5345 3702 5399 meritis

2129 5426 2418 5480 honoribus
2451 5424 2680 5480 fraudati
2719 5426 2972 5495 fuissent,
3018 5445 3124 5483 non
3165 5430 3446 5496 habentes,
3487 5432 3700 5487 illorum

2127 5519 2303 5586 culpa,
2332 5517 2421 5571 ubi
2451 5517 2590 5573 vires
2609 5529 2922 5573 exercerent
2945 5534 3102 5583 suas;
3130 5521 3290 5575 veluti
3311 5523 3355 5576 si
3382 5523 3700 5592 agonctlteta

2128 5609 2246 5677 quis
2274 5608 2498 5661 athletas
2526 5607 2661 5662 duos
2685 5619 2892 5676 nactus,
2913 5609 3138 5664 alterum
3167 5612 3377 5681 quidem
3399 5613 3706 5667 adversario

2128 5698 2378 5769 congredi
2402 5707 2662 5766 paratum,
2687 5714 3006 5770 omnemque
3031 5701 3368 5778 tolerantiam
3396 5705 3701 5764 oetendere.

2132 5805 2487 5862 coz'onamque
2515 5807 2581 5848 ex
2605 5793 2892 5850 certamine
2913 5792 3145 5862 referre,
3175 5794 3400 5850 alterum
3431 5795 3597 5852 labori
3629 5799 3704 5854 illi
