4116 6392
344 349 444 405 431

346 466 441 521 καὶ
462 463 835 538 ἀμετανόητον
867 463 1092 535 καρδίαν
1116 462 1474 535 ἐθησαύρισεν
1502 464 1679 535 ἐαυτῷ
1700 464 1799 535 τὴν
1821 463 2012 535 ὀργὴν,

346 555 412 608 τὸ
439 551 741 625 τηνικαῦτα
775 551 1161 624 ἐπεξέρχεταιο
1214 555 1263 606 εί
1308 554 1367 607 δέ
1411 556 1506 608 καὶ
1547 553 1685 623 μετὰ
1733 553 1822 606 τὸν
1862 553 2022 622 φόνον

352 642 571 713 ἔμεινεν
596 640 963 711 ἀτιμώρητος,
1008 641 1102 693 καὶ
1134 640 1217 709 ἐφ’
1242 641 1428 712 ἕτερον
1464 641 1532 695 ἂν
1563 640 1801 713 προῆλθε
1840 640 2023 711 μεῖζον

352 729 524 783 κακόν
547 742 595 783 ι.
616 728 749 782 Οὐδὲ
777 728 885 800 7&9
912 728 1059 782 ἔστιν
1088 728 1260 783 εἰπεῖν
1285 730 1367 782 ὅτι
1383 728 1533 801 παρὰ
1560 730 1785 797 ἄγνοιαν
1812 728 2022 799 ἐπλημ-

361 818 626 889 μέλησεν·
677 815 706 869 δ
745 817 854 887 γάρ
902 818 930 870 ὁ
972 815 1234 888 νεώτερος
1294 818 1528 888 συνῆκε,
1578 817 1696 880 πῶς
1746 817 1812 871 ἂν
1867 809 2022 879 οὗτος

353 904 624 976 ὴγνόησε;
678 903 824 975 Πλὴν
866 904 1007 969 ἀλλ’,
1058 906 1107 957 εί
1158 904 1357 974 βούλει,
1414 904 1616 959 κείσθω
1668 904 1765 959 καὶ
1800 907 2022 975 ἀγνοίας

352 988 489 1046 εἶναι
540 992 601 1046 τὸ
646 992 942 1063 πρότερον·
983 992 1121 1063 μετὰ
1147 993 1208 1046 τὸ
1249 991 1479 1047 ἀκοῦσαι
1516 994 1599 1056 τὸ,
1649 995 2017 1062 Ἦσύχασον,

356 1079 495 1149 μετά
538 1078 601 1131 τὸ
631 1076 959 1150 συγγνώμης
986 1082 1189 1150 τυχεῖν,
1241 1080 1349 1133 ἀπὸ
1376 1081 1536 1144 ποίας
1562 1080 1783 1149 ἀγνοίας
1811 1082 1903 1135 ἐπὶ
1932 1082 2023 1135 τὸν

354 1166 516 1235 φόνον
544 1166 765 1237 ἤρχετο,
814 1167 910 1219 καὶ
960 1166 1060 1237 τήν
1091 1167 1196 1237 γῆν
1225 1167 1474 1237 ἐμόλυνε,
1508 1168 1603 1221 καὶ
1630 1170 1755 1231 τοὺς
1799 1168 1897 1239 τῆς
1925 1168 2024 1237 φύ-

355 1270 495 1317 σεως
536 1254 731 1324 νόμους
769 1253 1097 1325 ἀνέτρεψεν;
1157 1254 1318 1327 Ὁρᾷς
1366 1255 1441 1319 ώς
1494 1255 1616 1308 οὐδὲ
1668 1255 1736 1309 τὰ
1780 1254 2024 1327 πρότερα

352 1341 449 1394 τοῦ
484 1343 700 1410 ἀγνοεῖν
728 1337 817 1413 ἧν,
848 1342 985 1396 ἀλλά
1018 1342 1214 1407 κακίας
1248 1345 1339 1396 καὶ
1367 1343 1634 1413 πονηρίας
1675 1344 1768 1397 καὶ
1801 1344 2023 1414 μιαρίας

353 1430 454 1501 τῆς
514 1429 785 1501 ἐσχάτης;
848 1429 945 1491 Τίς
1000 1424 1092 1483 οὖν
1135 1433 1169 1501 ή
1222 1430 1426 1484 τούτων
1475 1432 1742 1502 τιμωρία;
1790 1432 2026 1485 Στένων

355 1517 498 1586 ἔσῃ,
540 1518 694 1588 φησὶ,
727 1518 826 1571 καὶ
855 1517 1082 1587 τρέμων
1103 1518 1203 1571 ἐπὶ
1236 1517 1346 1585 τῆς
1370 1516 1501 1589 γῆς.
1532 1522 1691 1572 Δοκεῖ
1720 1521 1819 1589 μὲν
1854 1515 1947 1574 οῦν
1990 1521 2023 1591 ή

357 1606 578 1671 κόλασις
622 1602 761 1659 εἶναι
797 1608 1003 1677 πικρά·
1049 1606 1165 1659 ἀλλ’
1213 1606 1312 1660 οὑκ
1358 1606 1453 1660 ἐὰν
1501 1606 1562 1659 τὸ
1603 1606 1907 1680 ἁμάρτημα
1936 1606 2024 1660 λο-

356 1694 663 1766 γισώμεθα,
710 1694 803 1747 καὶ
835 1694 1005 1764 αὐτὴν
1049 1694 1105 1747 δέ
1152 1694 1251 1765 τὴν
1298 1695 1567 1767 τιμωρίαν
1609 1694 2026 1766 διασκεψώμεθα

358 1783 561 1846 καλῶς.
609 1783 740 1835 Ὅτε
779 1782 889 1853 γὰρ
928 1784 1269 1853 προσήνεγκε
1314 1782 1343 1821 δ
1398 1783 1607 1846 κακῶς,
1654 1783 1911 1854 ήλγησεν,
1946 1785 2025 1838 ὅτι

358 1870 587 1943 ὑϐρίσας
616 1870 716 1922 οὑκ
747 1869 981 1940 ἐτιμήθη
1008 1868 1160 1939 παρά
1195 1868 1288 1922 τοῦ
1324 1869 1671 1941 ὑϐρισθέντος
1707 1870 1863 1937 Θεοῦ,
1908 1890 2027 1925 νου-

359 1958 619 2013 θετοῦντα
652 1958 813 2012 αὑτὸν
828 1959 1104 2021 διέπτυσε,
1131 1959 1289 2029 φόνον
1326 1959 1592 2031 ἐτόλμησε
1621 1960 1854 2032 πρῶτος,
1893 1962 2027 2033 μᾶλ-

358 2046 451 2100 λον
484 2046 541 2099 δὲ
576 2046 672 2099 καὶ
710 2046 872 2115 φόνου
911 2045 1092 2116 πολλῷ
1126 2047 1339 2117 μίασμα
1374 2047 1746 2119 ἐναγέστερον,
1787 2048 2025 2120 ἐλύπησε

359 2137 489 2199 τοὺς
539 2135 958 2205 γεγεννηκότας,
986 2135 1250 2204 ἐψεύσατο
1279 2135 1356 2206 τῷ
1385 2136 1524 2208 Θεῷ.
1560 2136 1658 2205 Μὴ
1688 2136 1800 2207 γὰρ
1825 2139 2026 2207 φύλαξ

359 2223 477 2291 είμὶ
506 2222 614 2277 τοῦ
655 2221 922 2291 ἀδελφοῦ
956 2240 1114 2292 μου;
1145 2223 1308 2292 φησί·
1350 2224 1446 2277 καὶ
1473 2225 1594 2279 ἀντὶ
1621 2224 1826 2279 τούτων
1855 2226 2029 2279 ἀπάν-

359 2328 470 2363 των
496 2310 645 2382 φόϐῳ
682 2310 967 2376 κολάζεται
1005 2312 1163 2381 μόνον
1197 2312 1293 2366 καὶ
1329 2313 1536 2385 τρόμῳ.
1591 2313 1728 2365 Ἀλλ’
1759 2315 1907 2385 ὅμως
1934 2314 2030 2367 καὶ

360 2400 461 2471 τὴν
487 2400 828 2472 χρηστότητα
867 2399 960 2453 τοῦ
990 2400 1126 2453 Θεοῦ
1166 2402 1265 2454 οὑκ
1294 2402 1402 2455 ἀπὸ
1436 2401 1529 2454 τοῦ
1555 2402 1862 2473 πραοτέραν
1891 2398 2029 2455 εἶναι

364 2488 528 2559 μόνον
553 2488 653 2559 τῆς
673 2488 949 2559 ἁμαρτίας
972 2486 1072 2559 τὴν
1102 2489 1371 2560 τιμωρίαν
1395 2490 1604 2561 εἴποιμι
1634 2491 1700 2544 ἂν
1721 2489 2027 2559 φαίνεσθαι,

362 2577 501 2631 ἀλλὰ
544 2578 639 2631 καὶ
668 2577 775 2631 ἀπὸ
803 2576 895 2630 τοῦ
925 2576 1115 2648 κέρδος
1152 2578 1321 2650 αὐτήν
1350 2577 1493 2649 ἔχειν
1533 2579 1594 2631 οὑ
1627 2579 1689 2631 τὸ
1726 2578 1907 2649 τυχόν.
1958 2578 2032 2630 Τὸ

362 2664 421 2720 δὲ
468 2664 655 2735 κέρδος
692 2660 760 2736 ῆν
796 2663 1224 2736 σωφρονίζεσθαι
1276 2668 1403 2729 τοὺς
1444 2666 1573 2737 ἐξῆς
1616 2665 1882 2731 ἅπαντας,
1937 2667 2034 2720 καὶ

362 2751 610 2820 γίνεσθαι
662 2751 903 2822 βελτίους
929 2752 1015 2805 διά
1048 2753 1149 2823 τῆς
1175 2754 1254 2816 είς
1281 2755 1485 2808 ἐκεῖνον
1512 2756 1901 2825 ἐπιτιμήσεως.
1934 2754 2032 2809 Διά

363 2839 521 2893 τοῦτο
541 2842 641 2892 οὑκ
677 2839 883 2893 ἀνεῖλεν
910 2840 1072 2894 αὑτόν
1093 2859 1105 2871 ι
1149 2841 1269 2894 οὐδὲ
1300 2840 1409 2913 7&9
1449 2837 1517 2913 ἦν
1555 2842 1668 2896 ἴσον
1706 2842 1924 2897 ἀκούειν
1950 2843 2032 2897 ὅτι

364 2929 508 2983 Κάῖν
539 2946 625 2991 τις
663 2928 869 2982 ἀνελὼν
913 2928 1143 2997 ἀδελφὺν
1188 2929 1448 2994 ἀπέθανε,
1493 2930 1588 2984 καὶ
1622 2933 1754 3002 όρᾷν
1794 2931 1885 2984 τὸν
1937 2931 2032 2984 ἀν-

365 3018 555 3070 ελόντα
580 3017 737 3088 δίκην
760 3017 990 3070 τίνοντα.
1023 3017 1155 3069 Τότε
1188 3018 1285 3088 μὲν
1313 3017 1421 3089 γὰρ
1453 3019 1555 3071 κᾶν
1579 3018 1857 3089 ἠπιστήθη
1876 3018 2034 3073 τοῦτο

365 3104 657 3176 λεγόμενον
679 3104 769 3158 διά
796 3105 895 3175 τήν
914 3102 1010 3158 τοῦ
1034 3104 1236 3176 μύσους
1266 3106 1570 3177 ὑπερϐολήν
1588 3122 1603 3139 ο
1625 3106 1741 3161 νυνὶ
1762 3106 1819 3159 δέ
1847 3106 2034 3176 φαινό-

369 3212 531 3265 μενος
579 3196 675 3249 καὶ
702 3194 913 3266 παρὼν,
964 3196 1057 3248 καὶ
1096 3195 1327 3259 πολλοὺς
1365 3196 1462 3249 καὶ⁸
1509 3197 1601 3249 ἐπὶ
1636 3196 1803 3249 πολὺν
1845 3195 2034 3268 χρόνον

369 3283 653 3356 μάρτυρας
706 3284 807 3355 τῆς
853 3283 1125 3354 τιμωρίας
1178 3284 1532 3355 ποιούμενος,
1587 3284 1886 3355 κατάδηλον
1940 3285 2036 3338 καὶ

365 3374 557 3427 πιστὸν
604 3374 698 3426 καὶ
732 3374 844 3435 τοῖς
892 3371 1015 3425 τότε
1063 3372 1157 3426 καὶ
1202 3375 1314 3435 τοῖς
1359 3370 1556 3444 ἐφεξῆς
1610 3371 1911 3442 κατέστησε
1974 3372 2036 3425 τὸ

361 3460 608 3530 γεγονός.
639 3460 705 3514 Τί
728 3456 819 3513 οὖν
841 3460 1000 3513 τοῦτο
1029 3461 1166 3531 πρὸς
1192 3462 1421 3525 ἐκεῖνον,
1448 3459 1612 3531 φησί;
1638 3460 1887 3514 Μάλιστα
1912 3460 2033 3530 μὲν,

366 3550 463 3602 καὶ
491 3548 591 3619 τῆς
633 3547 798 3602 αὑτοῦ
832 3548 1128 3620 προενόησε
1174 3548 1464 3618 σωτηρίας,
1490 3549 1579 3601 ὅτε
1611 3547 2035 3619 προανέστελλεν

367 3636 533 3690 αὑτοῦ
569 3636 668 3708 τὴν
715 3637 919 3691 λύσσαν
959 3638 1021 3691 τό
1052 3654 1115 3706 γε
1148 3637 1315 3691 αὑτοῦ
1361 3636 1525 3708 μέρος
1557 3637 1645 3691 διά
1686 3637 1786 3707 τῆς
1813 3635 1920 3689 τῶν
1950 3634 2037 3689 λό-

366 3741 481 3792 γων
530 3725 922 3797 παραινέσεως.
971 3726 1033 3778 Et
1078 3725 1135 3779 δὲ
1178 3725 1272 3780 καὶ
1314 3726 1413 3796 τὴν
1444 3725 1714 3797 τιμωρίαν
1750 3726 1921 3795 αὑτήν
1952 3742 2037 3788 τις

367 3812 664 3876 ἐξετάσειε,
703 3813 798 3865 καὶ
839 3814 904 3866 ἐκ
941 3811 1145 3883 ταύτης
1185 3812 1386 3884 πολλὴν
1416 3813 1607 3882 ὄψεται
1642 3812 1741 3884 τήν
1769 3813 2035 3883 ὠφέλειαν

367 3897 557 3955 οὖσαν.
596 3901 661 3953 El
708 3901 805 3971 μὲν
843 3900 953 3971 γὰρ
993 3901 1155 3954 αὑτὸν
1207 3901 1527 3956 ἀπέκτεινεν
1575 3900 1776 3965 εὐθέως
1816 3902 1845 3954 ὁ
1880 3900 2034 3964 Θεὸς,

368 3990 471 4042 οὑκ
496 3989 561 4043 ἀν
598 4005 719 4041 τινα
750 3987 899 4059 [162]
928 3987 1267 4059 προθεσμίαν
1296 3987 1445 4059 αὑτῷ
1473 3988 1759 4059 μετανοίας
1786 3987 1880 4041 καὶ
1915 3987 2035 4058 βελ-

369 4074 613 4137 τιώσεως
652 4074 852 4128 ἔδωκε·
897 4074 1098 4128 τότεδέ
1130 4074 1318 4146 τρόμῳ
1350 4076 1444 4130 καὶ
1477 4075 1588 4128 δέει
1630 4072 1829 4141 συζῶν,
1865 4076 1914 4128 εί
1960 4074 2036 4146 μὴ

369 4161 493 4215 λίαν
538 4161 863 4233 ἀναίσθητος
900 4157 990 4233 ῆν,
1039 4162 1132 4215 καὶ
1175 4162 1360 4234 θηρίον
1407 4162 1608 4233 μᾶλλον
1644 4163 1679 4234 ἦ
1725 4162 2033 4234 ἄνθρωπος,

371 4244 542 4303 πολλά
582 4250 649 4303 ἂν
695 4250 803 4304 ἀπὸ
840 4250 1044 4321 ταύτης
1092 4250 1347 4322 ἐκέρδανε
1389 4250 1489 4321 τῆς
1531 4250 1696 4322 ζωῆς.
1749 4250 1934 4322 Χωρὶς
1979 4250 2037 4305 δὲ

370 4337 577 4391 τούτων
607 4337 865 4393 ἐλάττονα
892 4337 1039 4409 αὑτῷ
1075 4337 1172 4409 τὴν
1209 4337 1509 4409 μέλλουσαν
1539 4338 1760 4392 κόλασιν
1783 4337 1872 4391 διά
1904 4335 2035 4390 ταύ-

369 4447 471 4502 της
494 4430 596 4501 τῆς
627 4429 897 4502 τιμωρίας
934 4428 1235 4499 εἰργάζετο.
1264 4429 1345 4481 Τὰ
1366 4428 1466 4500 μὲν
1488 4428 1596 4499 7&9
1618 4429 1677 4481 ἐν
1708 4426 1786 4498 τῷ
1810 4428 2037 4499 παρόντι

373 4518 475 4589 βίῳ
499 4517 814 4586 ἐπαγόμενα
838 4518 969 4589 ἡμῖν
990 4516 1141 4587 παρά
1166 4514 1261 4570 τοῦ
1290 4516 1425 4570 Θεοῦ
1454 4514 1673 4588 λυπηρά
1708 4516 1741 4586 ἢ
1773 4514 2038 4586 κολαστή-

373 4624 468 4677 ρια
509 4604 616 4661 τῶν
662 4608 778 4660 ἐκεῖ
810 4606 1057 4677 βασάνων
1107 4604 1465 4675 ὑποτέμνεται
1521 4604 1684 4676 μέρος
1723 4605 1784 4657 οὑ
1821 4602 2037 4675 μικρόν.

372 4694 483 4749 Καὶ
514 4692 705 4747 τούτου
731 4692 831 4757 τὰς
863 4694 1163 4765 μαρτυρίας
1186 4694 1295 4746 ἀπὸ
1322 4692 1430 4745 τῶν
1453 4691 1612 4746 θείων
1630 4709 1717 4756 τις
1746 4691 1813 4746 ἂν
1841 4692 2039 4759 ἀγάγοι

372 4780 627 4852 Γραφῶν.
662 4781 722 4833 '0
750 4780 850 4851 μὲν
881 4780 991 4852 7&9
1042 4780 1276 4851 Χριστὸς
1323 4780 1438 4843 τοῖς
1486 4778 1755 4851 μαθηταῖς
1804 4778 2041 4846 διαλεγό-

375 4884 557 4939 μενος,
608 4866 703 4920 καὶ
751 4867 819 4921 τά
864 4868 1005 4921 κατὰ
1052 4867 1143 4921 τὸν
1190 4863 1438 4937 Λάζαρον
1488 4866 1859 4937 διηγούμενος,
1905 4864 2040 4935 φησὶ

371 4957 462 5009 τὸν
510 4955 759 5027 Ἀϐραάμ
791 4954 1165 5025 ίκετευόμενον
1189 4953 1337 5024 παρά
1367 4952 1463 5007 τοῦ
1500 4953 1754 5006 πλουσίου
1784 4952 1937 5025 ἄκρῳ
1963 4951 2043 5023 τῷ

369 5042 617 5111 δακτύλῳ
647 5041 842 5113 μικρὸν
868 5040 1152 5106 ἐπιστάξαι
1184 5042 1489 5113 φλεγομένη
1521 5044 1587 5113 τῇ
1619 5041 1838 5114 γλώσσῃ
1869 5043 2041 5094 εἰπεῖν

372 5131 511 5202 πρὸς
541 5130 738 5183 αὐτόν’
780 5131 1015 5195 Τέκνον,
1042 5128 1343 5199 μνήσθητι
1377 5131 1468 5182 ὅτι
1494 5129 1793 5195 ἀπέλαϐες
1842 5129 1924 5183 σὺ
1971 5129 2044 5183 τὰ

370 5218 563 5289 ἀγαθὰ
587 5218 658 5271 ἐν
686 5216 760 5286 τῇ
787 5216 900 5285 ζωῇ
919 5233 1059 5280 σου,
1093 5218 1192 5271 καὶ
1234 5215 1496 5285 Λάζαρος
1518 5218 1592 5271 τὰ
1617 5218 1774 5271 κακά
1795 5232 1809 5247 ⁸
1838 5217 1954 5270 νῦν
1977 5216 2045 5269 δὲ

371 5303 549 5372 οὗτος
589 5300 707 5360 ὦδε
752 5305 1200 5375 παρακαλεῖται,
1236 5305 1319 5358 σὺ
1379 5304 1448 5358 δὲ
1501 5304 1817 5361 ὀδυνᾶσαι.
1881 5306 1941 5357 '0
1988 5305 2047 5357 δὲ

371 5394 583 5459 Παῦλος
620 5394 853 5466 (Παῦλον
894 5394 951 5447 δὲ
1001 5395 1131 5448 ὅταν
1176 5395 1336 5460 είπω,
1378 5393 1449 5446 τὰ
1484 5393 1579 5446 τοῦ
1628 5394 1864 5465 Χριστοῦ
1903 5392 2047 5462 λέγω

372 5477 532 5529 πάλιν
560 5479 959 5549 προστάγματα
978 5494 992 5508 ο
1024 5477 1187 5539 αὐτὸς
1216 5476 1325 5547 7&9
1365 5476 1465 5547 τὴν
1514 5476 1791 5547 μακαρίαν
1830 5476 2046 5545 ἐκείνην

369 5562 541 5619 ἐκίνει
572 5566 797 5637 ψυχὴν),
823 5568 934 5629 τοῖς
953 5565 1259 5638 Κορινθίοις
1278 5564 1607 5619 ἐπιστέλλων
1625 5565 1756 5618 ποτέ
1790 5566 1919 5636 περὶ¹
1949 5563 2045 5617 τοῦ

434 5733 459 5785 9
483 5721 635 5785 Savi].
664 5722 733 5785 ἐφ’
757 5721 913 5785 ἕτερον
933 5719 1087 5785 μεῖζον
1108 5719 1165 5766 ἀν
1183 5719 1577 5785 προῆλθεέδεινόν.

430 5780 464 5824 δ
484 5782 635 5833 Snvil.
661 5779 745 5846 69a
763 5779 868 5846 γάρ·
890 5779 1201 5845 προσήνεγκε.
1225 5779 1363 5833 Colb.
1387 5782 1474 5846 ὅρα
1499 5781 1587 5843 γὰρ
1604 5779 1928 5846 προσενέγκαι.

1256 346 1351 404 AD
1389 346 1769 406 STAGIRIUM
1805 346 1852 402 A
1889 342 2199 402 DIEMONE
2238 345 2599 403 VEXATUM.
2640 349 2768 405 LIB.
2809 350 2851 406 Ι.

3678 355 3785 410 452

2120 465 2573 534 πεπορνευκότος,
2590 467 2801 523 κελεύει
2824 468 2917 523 τὸν
2942 467 3181 525 τοιοῦτον
3197 471 3565 544 παραδοθῆναι
3591 472 3670 543 τῷ
3697 490 3788 525 σαρ

2120 570 2257 641 τανᾷ
2302 572 2383 634 εἰς
2413 570 2634 644 δλεθρον
2676 574 2777 645 τῆς
2820 576 3040 647 σαρκὸς,
3071 578 3158 633 ἵνα
3190 578 3251 632 τὸ
3278 578 3493 651 πνεῦμα
3531 578 3675 650 σωθῇ
3727 578 3787 631 ἐν

2120 675 2187 745 τῇ
2219 672 2401 743 ἡμέρᾳ
2432 672 2527 727 τοῦ
2573 676 2778 747 Κυρίου
2816 677 2975 749 ήμῶν
3016 679 3192 750 Ἰησοῦ
3239 680 3495 752 Χριστοῦ.
3534 680 3644 734 Καὶ
3673 681 3788 743 τοῖς

2122 775 2304 837 αὑτοῖς
2337 776 2497 830 πάλιν
2532 778 2670 849 ὑπὲρ
2698 778 2807 833 τῶν
2836 780 3068 847 ἀναξίως
3099 784 3212 846 τοῖς
3244 782 3563 854 μυστηρίοις
3597 798 3789 835 κοινω-

2122 877 2355 931 νούντων
2402 877 2813 950 διαλεγόμενος,
2857 881 2961 935 Διὰ
3001 882 3199 944 τοῦτο.
3248 883 3402 953 φησὶ,
3441 882 3663 936 πολλοὶ
3718 882 3789 935 ἐν

2121 979 2265 1049 ὑμῖν
2303 980 2579 1047 ἀσθενεῖς
2608 982 2705 1035 καὶ
2739 982 3051 1051 ἄρρωστοι,
3092 983 3192 1037 καὶ
3225 982 3541 1053 κοιμῶνται
3570 982 3785 1038 ἱκανοί.

2118 1090 2187 1142 El
2215 1088 2323 1158 γὰρ
2352 1088 2605 1154 ἑαυτοὺς
2632 1088 2964 1159 ἐκρίνομεν,
3014 1090 3127 1142 οὐκ
3152 1089 3229 1142 ἂν
3255 1089 3601 1157 ἐκρινόμεθα
3619 1105 3634 1120 ο
3665 1105 3789 1155 κρι-

2122 1189 2364 1257 νόμενοι
2405 1187 2473 1241 δὲ
2515 1188 2633 1241 ὑπὸ
2664 1191 2886 1256 Κυρίου
2932 1188 3349 1258 παιδευόμεθα,
3393 1189 3494 1242 ἵνα
3534 1189 3620 1259 μὴ
3668 1190 3791 1243 σὺν

2122 1290 2203 1356 τῷ
2252 1293 2456 1362 κόσμῳ
2488 1292 2954 1362 κατακριθῶμεν.
3003 1288 3155 1355 Εἶδες
3202 1291 3613 1363 φιλανθρωπίαν
3654 1293 3793 1362 ἀφαη

2121 1412 2248 1459 τον,
2296 1394 2392 1447 καὶ
2453 1392 2684 1447 πλοῦτον
2732 1394 3100 1465 χρηστότητος
3149 1393 3411 1465 άπειρον;
3472 1390 3610 1457 εἶδες
3674 1394 3792 1458 πῶς

2124 1498 2340 1552 ἅπαντα
2380 1495 2614 1569 πράττει
2661 1495 2755 1549 καὶ
2804 1495 3257 1569 πραγματεύεται
3299 1498 3328 1549 ό
3368 1495 3522 1559 Θεὸς,
3578 1496 3664 1549 ἵνα
3696 1499 3791 1549 καὶ

2124 1599 2536 1669 ἁμαρτάνοντες
2580 1597 2898 1669 δυνηθῶμεν
2941 1598 3253 1670 πραοτέραν
3296 1598 3395 1667 τῆς
3437 1596 3793 1668 ὀφειλομένης

2125 1698 2424 1769 ὑποστῆναι
2462 1696 2561 1769 τὴν
2605 1697 2846 1765 κόλασιν,
2876 1699 2910 1769 ἢ
2948 1699 3043 1752 καὶ
3079 1697 3459 1769 ἀπαλλαγῆναι
3491 1697 3705 1763 τέλεον;

2194 1869 2256 1923 δ’.
2298 1867 2361 1921 EE
2377 1868 2431 1921 δὲ
2446 1866 2591 1936 λέγοι
2607 1884 2711 1931 τις,
2725 1866 2868 1929 τινος
2890 1859 2981 1918 οὖν
3007 1863 3193 1917 ἕνεκεν
3208 1863 3267 1915 οὑ
3294 1862 3386 1915 τὸν
3399 1862 3458 1926 ἐξ
3475 1861 3646 1933 ἀρχῆς
3662 1861 3794 1915 ἀπα-

2126 1973 2370 2042 τήσαντα
2413 1970 2643 2040 ήφάνισε
2674 1985 2687 2033 ;
2725 1968 2819 2021 καὶ
2849 1966 3008 2020 τοῦτο
3052 1966 3255 2037 σφόδρα
3291 1965 3585 2036 κηδόμενος
3614 1962 3790 2033 ήμῶν.

2126 2074 2189 2127 El
2216 2074 2311 2144 μὲν
2339 2071 2448 2144 γὰρ
2477 2071 2613 2143 πρὸς
2644 2070 2764 2140 βίαν
2784 2072 2812 2122 ό
2843 2068 3037 2140 μιαρὸς
3065 2068 3269 2130 ἐκεῖνος
3292 2066 3533 2137 ἐκράτει,
3564 2060 3704 2134 εἶχεν
3730 2065 3797 2119 ἄν

2126 2196 2248 2231 τινα
2282 2177 2438 2245 λόγον
2470 2176 2531 2229 τὸ
2551 2174 2881 2245 ζητούμενον
2903 2189 2916 2201 ·
2944 2174 2994 2226 εί
3032 2173 3089 2226 δὲ
3128 2171 3332 2243 ταύτης
3368 2172 3468 2243 μὲν
3519 2170 3797 2243 ἀφῄρηται

2125 2278 2229 2348 τῆς
2270 2278 2568 2347 δυνάμεως,
2614 2275 2818 2328 πείθων
2855 2275 2912 2327 δὲ
2961 2274 3120 2345 μόνον
3162 2274 3245 2342 (τὸ
3285 2273 3358 2344 μὴ
3406 2272 3694 2342 πεισθῆναι
3740 2271 3797 2322 δὲ

2128 2379 2213 2449 ἐφ’
2236 2378 2571 2448 ήμῖν),τίνος
2590 2375 2775 2429 ἐνεκεν
2808 2377 2909 2445 τῆς
2942 2375 3342 2445 εὑδοκιμήσεως
3386 2374 3487 2444 τὴν
3526 2374 3800 2445 πρόφασιν

2128 2484 2454 2552 περιαιρεῖς,
2487 2481 2582 2533 καὶ
2612 2479 2711 2550 τὴν
2744 2478 2853 2530 τῶν
2888 2478 3165 2546 στεφάνων
3194 2476 3481 2539 ἐκκόπτεις
3508 2474 3799 2539 ὑπόθεσιν;

2129 2582 2272 2651 Πρὸς
2287 2580 2344 2633 δέ
2359 2579 2571 2643 τούτοις
2597 2580 2644 2631 εί
2671 2577 2769 2649 μὲν
2791 2576 2944 2640 εἰδὼς
2976 2576 3137 2630 αὑτὸν
3164 2575 3606 2645 ἀκαταγώνιστον
3649 2576 3798 2639 ὄντα,

2130 2682 2224 2736 καὶ
2246 2682 2464 2735 πάντων
2492 2680 2751 2751 μέλλοντα
2783 2682 3028 2750 κρατεῖν,
3054 2675 3171 2731 εἶτα
3199 2678 3430 2747 ἀφῆκεν,
3454 2672 3521 2749 ῆν
3556 2678 3653 2748 μὲν
3678 2678 3801 2731 οὐδὲ

2129 2782 2303 2845 οὑτως
2351 2780 2499 2845 ἀξιον
2536 2780 2675 2849 ὑπὲρ
2720 2778 2925 2831 τούτων
2965 2778 3192 2847 ἀπορεῖν
3216 2792 3232 2808 ⁸
3266 2777 3362 2829 καὶ
3406 2778 3513 2849 γὰρ
3542 2778 3636 2829 καὶ
3678 2778 3802 2830 τότε

2130 2884 2259 2955 παρ’
2282 2884 2426 2955 ἡμᾶς
2456 2880 2663 2949 ἐγίνετο
2687 2879 2747 2933 τὸ
2778 2880 3000 2951 κρατεῖν
3032 2880 3237 2932 ἐκεῖνον
3261 2878 3352 2930 καὶ
3378 2878 3533 2948 νικᾷν
3569 2878 3694 2942 τοὺς
3740 2880 3800 2931 οὗ

2132 2983 2504 3056 βιαζομένους,
2546 2982 2659 3037 ἀλλ’
2698 2982 2920 3044 ἐκόντας
2958 2979 3409 3049 ὑποκλινομένους
3444 2977 3620 3049 αὐτῷ’
3661 2978 3803 3050 πλὴν

2130 3083 2244 3138 ἀλλ’
2274 3084 2422 3153 ὅμως
2453 3082 2574 3136 οὑδέ
2592 3080 2999 3151 τοῦτοήρκεσεν
3026 3078 3091 3132 ἂν
3115 3081 3226 3138 τοῖς
3249 3078 3592 3149 βουλομένοις
3620 3080 3801 3146 ἀγνω-

2135 3186 2337 3255 μονεῖν.
2364 3184 2429 3236 El
2461 3182 2516 3235 δὲ
2538 3181 2723 3235 πολλοὶ
2741 3180 2840 3252 μὲν
2867 3180 3003 3232 εἰσὶν
3024 3179 3073 3232 οἱ
3099 3178 3505 3250 περιγενόμενοι
3534 3179 3635 3249 τῆς
3660 3177 3805 3231 ἐκεί-

2132 3303 2224 3339 νου
2258 3286 2539 3355 δυνάμεως
2582 3284 2705 3355 ήδη,
2741 3281 2926 3334 πολλοὶ
2959 3281 3017 3333 δὲ
3040 3282 3089 3333 οί
3123 3279 3501 3351 περιεσόμενοι
3528 3278 3713 3345 πάλιν,
3749 3280 3804 3332 τί

2130 3388 2257 3452 τοὺς
2306 3387 2598 3458 μέλλοντας
2636 3385 2961 3455 εὐδοκιμεῖν,
2997 3384 3092 3436 καὶ
3116 3381 3371 3453 λαμπρὰν
3401 3382 3805 3436 ἐπιδείκνυσθαι

2131 3491 2309 3561 νίκην,
2328 3488 2597 3559 τοσαύτης
2614 3488 2935 3557 ἀποστερεῖς
2955 3486 3119 3555 τιμῆς
3138 3502 3153 3552 ;
3172 3483 3273 3536 Διά
3293 3483 3447 3537 τοῦτο
3464 3483 3572 3555 7&9
3598 3484 3803 3547 εἴασεν.

2134 3596 2220 3649 ἵνα
2241 3594 2401 3649 αὑτὸν
2418 3592 2795 3648 καταϐάλωσιν
2815 3592 2865 3643 οί
2882 3590 3147 3662 πρότερον
3169 3588 3489 3660 ἡττηθέντες
3507 3588 3596 3642 ὑπ’
3613 3589 3802 3642 αὑτοῦ·

2132 3698 2162 3753 ό
2188 3699 2368 3770 πάσης
2390 3696 2537 3767 αὑτῷ
2553 3696 2825 3758 κολάσεως
2846 3692 3048 3765 μεῖζον,
3070 3693 3165 3746 καὶ
3193 3692 3329 3763 πρὸς
3366 3692 3601 3764 ἐσχάτην
3638 3693 3808 3747 κατά-

2133 3817 2313 3872 κρισιν
2346 3801 2575 3868 ἀγαγεῖν
2615 3798 2818 3851 ἱκανόν.
2858 3794 2996 3849 Ἀλλ’
3014 3795 3076 3848 οὑ
3107 3794 3307 3857 πάντες
3333 3793 3496 3847 αὑτοῦ
3528 3795 3808 3866 περιέσον-

2132 3923 2245 3972 ται,
2277 3904 2432 3977 φησί.

2205 4013 2317 4066 Καὶ
2343 4012 2397 4066 τί
2427 4011 2583 4065 τοῦτο
2604 4010 2740 4082 πρὸς
2766 4011 2829 4062 τὸ
2841 4008 3169 4078 λεγόμενον;
3202 4004 3389 4076 Πολλῷ
3414 4004 3520 4076 γὰρ
3542 4003 3808 4057 δικαιότε-

2138 4131 2229 4187 ρον
2251 4110 2377 4177 τοῦς
2415 4114 2514 4184 μὲν
2543 4112 2825 4181 γενναίους
2853 4109 3148 4181 λαμϐάνειν
3178 4107 3454 4178 ἀφορμὰς,
3485 4108 3544 4159 ἐν
3567 4100 3657 4168 αἷς
3708 4106 3807 4176 τήν

2135 4216 2454 4287 προαίρεσιν
2496 4212 2855 4279 ἐπιδείξονται
2890 4210 2990 4283 τὴν
3028 4210 3231 4275 αὑτῶν,
3262 4210 3388 4272 τοὺς
3425 4209 3480 4262 δὲ
3514 4208 3576 4261 οὑ
3632 4205 3809 4259 τοιού-

2134 4335 2261 4381 τους
2300 4317 2409 4371 ἀπὸ
2438 4317 2536 4386 τῆς
2591 4314 2744 4387 [165]
2791 4313 2997 4376 οἰκείας
3052 4310 3374 4375 κολάζεσθαι
3439 4308 3731 4380 ῥᾳθυμίας,
3771 4308 3806 4378 ἢ

2134 4419 2222 4474 διὰ
2244 4418 2465 4482 τούτους
2496 4418 2735 4481 ἐκείνους
2764 4413 3183 4487 ἐπηρεάζεσθαι.
3207 4410 3323 4465 Νῦν
3366 4411 3465 4482 μὲν
3490 4411 3599 4482 7&9
3627 4409 3809 4479 όφαῦ-

2134 4524 2246 4589 λος,
2292 4525 2397 4579 κᾶν
2448 4524 2722 4594 ἀδικῆται,
2755 4522 2815 4574 ού
2869 4519 3021 4592 παρά
3062 4519 3153 4572 τὸν
3196 4514 3622 4586 ἀνταγωνιστὴν,
3672 4515 3810 4568 ἀλλά

2137 4628 2285 4701 παρά
2318 4629 2417 4698 τὴν
2447 4625 2612 4679 αὑτοῦ
2638 4624 2901 4695 νωθρείαν
2934 4621 3305 4694 κρατούμενος
3324 4636 3337 4649 °
3371 4618 3467 4672 καὶ¹
3487 4616 3645 4670 τοῦτο
3659 4614 3811 4686 δηλοῖ

2136 4734 2197 4786 τὸ
2240 4732 2442 4803 πλῆθος
2474 4729 2582 4783 τῶν
2629 4728 2903 4781 νικώντων
2926 4724 3120 4777 αὐτόν·
3171 4722 3291 4776 τότε
3332 4720 3388 4773 δὲ
3435 4719 3501 4773 ἂν
3545 4719 3595 4771 οἱ
3644 4734 3811 4771 σπου-

2136 4835 2272 4889 δαῖοι
2313 4834 2401 4887 διὰ
2454 4833 2579 4895 τοὺς
2626 4830 2861 4899 φαύλους
2897 4825 3314 4899 ἐπηρεάσθησαν
3347 4835 3410 4889 ο,
3450 4822 3552 4875 οὐκ
3597 4820 3811 4890 ἔχοντες

2138 4939 2271 4991 ὅπου
2312 4939 2377 5007 τῇ
2426 4933 2646 5006 ἀνδρείᾳ
2686 4932 2981 5003 χρήσονται
3031 4929 3097 4982 δι’
3138 4926 3419 4989 ἐκείνους·
3459 4924 3555 4977 καὶ
3594 4923 3812 4993 ἐγένετο

2141 5039 2454 5111 παρόμοιον,
2486 5036 2673 5105 ῶσπερ
2716 5033 2782 5087 ἂν
2830 5032 2992 5095 εἴτις
3030 5027 3370 5099 ἀγωνοθέτης
3394 5024 3630 5097 ἀθλητὰς
3672 5024 3811 5095 ἔχων

2140 5144 2253 5210 δύο,
2290 5143 2382 5197 τὸν
2424 5142 2522 5213 μὲν
2574 5140 2669 5194 καὶ
2715 5136 3100 5208 συμπλακῆναι
3135 5133 3352 5202 ἕτοιμον
3396 5130 3474 5201 τῷ
3514 5132 3812 5197 ἀνταγωνι-

2144 5251 2264 5319 στῇ,
2310 5246 2403 5300 καὶ
2455 5240 2748 5315 καρτερίαν
2783 5236 3151 5305 ἐπιδείξασθαι
3178 5232 3396 5305 πολλὴν,
3428 5231 3523 5285 καὶ
3549 5230 3810 5299 στέφανον

2144 5348 2549 5421 ἀναδήσασθαι,
2579 5346 2669 5399 τὸν
2703 5344 2760 5397 δὲ
2798 5344 2897 5414 τῆς
2942 5339 3317 5411 ταλαιπωρίας
3362 5339 3573 5407 ἐκείνης
3613 5334 3810 5405 ἀργίαν

2145 5451 2495 5524 προτιμῶντα
2539 5449 2633 5501 καὶ
2668 5444 2900 5516 τρυφὴν,
2952 5441 3131 5496 λαϐὼν
3162 5442 3226 5493 ἐκ
3257 5440 3421 5510 μέσου
3454 5437 3544 5491 τὸν
3572 5436 3815 5504 ἀνταγω-

2144 5552 2351 5625 νιστὴν,
2381 5550 2721 5622 ἀμφοτέρους
2760 5548 3074 5619 ἀπράκτους
3123 5544 3424 5616 ἐκπέμψειε
3458 5544 3584 5613 παρ’
3626 5541 3816 5597 αὑτοῦ.

2207 5715 2229 5743 ε
2255 5710 2429 5760 Morel.
2469 5714 2522 5757 et
2560 5709 2797 5771 Savil.|in
2839 5708 3060 5772 margine
3105 5703 3527 5763 ἐπεϐουλεύθησαν,
3568 5702 3716 5753 Savil.
3760 5719 3814 5758 ιιι

2148 5780 2287 5826 textu
2313 5772 2686 5836 ἐπηρεάσθησαν.
