4116 6392
313 331 418 387 433

309 449 467 505 Οὕτω
496 447 594 520 μὲν
622 448 731 521 γὰρ
761 450 791 504 0
820 449 1105 513 σπουδαῖος
1130 450 1220 505 διά
1236 451 1326 505 τὸν
1348 450 1548 520 φαῦλον
1582 450 1898 522 ἐπηρεάσθη
1925 462 1974 513 ⁸,

309 541 513 602 ἐκεῖνος
545 537 601 591 δὲ
626 538 810 592 οὐκέτι
834 537 922 592 διὰ
969 538 1059 591 τὸν
1102 540 1349 607 γενναῖον
1374 539 1563 602 κακὸς,
1594 538 1728 592 ἀλλά
1756 538 1845 593 διὰ
1884 537 1981 609 τὴν

308 626 508 680 κακίαν
563 624 661 696 τὴν
702 624 888 680 αὑτοῦ.
941 626 1051 679 Kal
1110 626 1199 680 νῦν
1242 627 1339 698 μὲν
1378 627 1525 679 δοκεῖ
1558 627 1618 680 τὸ
1653 626 1984 697 ζητούμενον

310 714 497 777 αὐτοῖς
525 708 666 766 εἶναι
694 713 822 783 περὶ
844 711 938 764 τοῦ
972 712 1220 766 διαϐόλου
1240 730 1254 744 ο
1282 713 1421 766 κατά
1448 714 1505 767 δέ
1533 712 1632 785 τὴν
1664 713 1984 768 ἀκολουθίαν

307 803 340 854 0
372 802 531 870 λόγος
568 793 725 863 οὗτος
766 800 969 870 προῖὼν
1002 800 1101 872 τὴν
1124 798 1287 855 αὐτοῦ
1317 801 1530 866 πολλοῖς
1555 802 1841 870 ἐγκαλέσει
1890 804 1985 854 καὶ

311 889 588 959 μέμψεται
632 889 730 960 τὴν
769 888 1045 958 πρόνοιαν,
1095 890 1188 942 καὶ
1224 889 1323 960 τὴν
1365 890 1727 961 δημιουργίαν
1767 890 1985 944 ἃπασαν

309 971 555 1029 διαϐαλεῖ
579 970 672 1026 τοῦ
709 970 864 1025 Θεοῦ.
896 972 1005 1027 Kal
1041 972 1150 1044 γὰρ
1179 973 1277 1042 τῆς
1308 973 1404 1027 τοῦ
1437 974 1700 1043 στόματος
1749 974 1842 1028 zeal
1886 973 1983 1043 τῆς

308 1062 418 1117 τῶν
463 1061 756 1132 ὀφθαλμῶν
794 1063 1164 1134 κατηγορήσει
1227 1063 1596 1129 διαπλάσεως·
1635 1064 1725 1119 διά
1778 1062 1983 1118 τούτων

314 1151 413 1222 μὲν
441 1149 551 1222 γὰρ
603 1149 960 1218 ἐπιθυμοῦσιν
996 1143 1070 1204 ὧν
1106 1151 1166 1203 ού
1195 1151 1293 1213 δεῖ,
1317 1151 1408 1204 καὶ
1430 1153 1509 1215 εἰς
1556 1152 1798 1224 μοιχείαν
1819 1153 1984 1223 ἐμπί-

311 1255 538 1293 πτουσιν
584 1240 631 1291 οἱ
653 1238 868 1293 πολλοί’
911 1237 976 1292 δι’
1008 1238 1219 1293 ἐκείνου
1250 1239 1305 1292 δὲ
1348 1239 1745 1311 βλασφημοῦσι,
1779 1242 1873 1295 καὶ
1915 1242 1985 1295 τὰ

309 1327 528 1399 ὀλέθρια
576 1327 686 1380 τῶν
735 1326 1020 1398 δογμάτων
1077 1328 1442 1399 προφέρουσιν
1492 1328 1689 1400 ἕτεροι.
1722 1325 1849 1401 τΔρ⁹
1890 1325 1984 1383 οῦν

306 1415 398 1469 διά
435 1414 590 1468 τοῦτο
623 1416 793 1485 χωρὶς
819 1412 1066 1484 γλώττης
1105 1417 1196 1468 zeal
1233 1414 1527 1486 ὀφθαλμῶν
1561 1414 1813 1485 γενέσθαι
1858 1418 1985 1481 τοὺς

309 1502 629 1573 ἀνθρώπους
655 1503 858 1574 ἐχρῆνς
905 1503 1114 1557 Οὐκοῦν
1140 1504 1234 1558 zeal
1286 1505 1412 1568 τοὺς
1446 1504 1614 1569 πόδας
1657 1504 1982 1575 ἐκκόψομεν,

311 1594 406 1647 zeal
420 1591 520 1655 τὰς
549 1594 735 1663 χεῖρας
756 1592 1158 1663 ἀποτεμοῦμεν,
1188 1592 1375 1664 ἐπειδὴ
1407 1588 1567 1647 αὗται
1609 1593 1707 1663 μὲν
1736 1594 1985 1662 αἱμάτων

312 1681 543 1752 πλήρεις
578 1680 735 1742 εἰσὶν,
767 1680 963 1733 ἐκεῖνοι
981 1681 1036 1734 δὲ
1064 1681 1142 1745 είς
1173 1681 1369 1734 κακίαν
1406 1681 1677 1752 τρέχουσι,
1697 1680 1834 1735 Ἀλλ’
1864 1681 1984 1737 οὐδὲ

309 1772 380 1825 τά
419 1765 533 1824 ὦτα
558 1770 656 1839 τὴν
690 1770 956 1839 ἀπήνειαν
971 1768 1064 1824 τοῦ
1097 1769 1255 1838 λόγου
1282 1768 1471 1823 τούτου
1505 1769 1792 1839 δυνήσεται
1825 1770 1986 1838 ἐκφυ-

311 1862 428 1928 γεῖν
453 1875 468 1891 σ
500 1860 593 1912 καὶ
619 1856 728 1929 γὰρ
760 1858 928 1930 ἀκοὴν
962 1858 1196 1928 ματαίαν
1223 1857 1607 1929 παραδέχεται,
1624 1858 1719 1911 zeal
1745 1858 1845 1928 τήν
1876 1857 1985 1911 τῶν

310 1948 594 2019 δογμάτων
612 1947 817 2018 φθορὰν
840 1948 1199 2019 παραπέμπει
1225 1951 1291 2018 τῇ
1318 1947 1463 2018 ψυχῇ
1487 1965 1500 1979 ο
1531 1946 1671 2001 ὥστε
1702 1948 1796 2001 zeal
1810 1946 1988 2001 ταῦτα

312 2036 715 2107 ἀφαιρήσομεν.
742 2034 809 2090 El
843 2035 898 2087 δέ
934 2035 1116 2098 τοῦτο,
1161 2036 1256 2089 zeal
1290 2036 1431 2097 σῖτα,
1459 2034 1555 2088 zeal
1587 2034 1748 2100 ποτά,
1778 2035 1872 2088 καὶ
1897 2035 1987 2089 οὐ-

316 2122 498 2195 ρανὸν,
537 2122 630 2174 καὶ
650 2121 776 2192 γῆν,
821 2121 916 2175 zeal
956 2120 1243 2184 θάλατταν,
1273 2121 1369 2173 zeal
1399 2119 1568 2190 ἣλιον,
1604 2119 1698 2174 καὶ
1725 2120 1862 2189 φῶς,
1894 2120 1990 2174 zeal

315 2208 567 2278 σελήνην,
602 2208 695 2261 zeal
742 2207 833 2260 τὸν
879 2206 989 2260 τῶν
1029 2206 1245 2278 ἄστρων
1301 2206 1481 2278 χορὸν,
1523 2206 1619 2260 zeal
1669 2207 1849 2260 πάντα
1879 2206 1989 2260 τῶν

314 2296 523 2364 ἀλόγων
545 2295 614 2349 τὰ
638 2295 768 2366 γένη
787 2312 803 2325 ·
839 2294 942 2347 ποῦ
972 2293 1081 2365 γὰρ
1112 2293 1263 2348 ἔσται
1298 2294 1547 2364 χρήσιμα
1582 2295 1773 2359 ταῦτα,
1810 2292 1902 2347 τοῦ
1924 2293 1989 2348 δι’

313 2382 373 2435 ὃν
394 2382 611 2449 ἐγένετο
647 2382 825 2434 πάντα
878 2379 1280 2443 κατακοπέντος
1314 2379 1488 2442 οὕτως
1517 2379 1784 2444 ἐλεεινῶς;
1826 2380 1992 2451 Ὀρᾷς

314 2470 406 2524 τὸν
433 2469 641 2539 γέλωτα
671 2469 764 2523 zeal
786 2469 885 2539 τὴν
902 2468 1129 2524 ἀτοπίαν
1154 2469 1235 2530 εἰς
1259 2467 1327 2538 ἢν
1350 2468 1380 2518 ὁ
1410 2467 1567 2535 λόγος
1598 2470 1992 2538 καταστρέφειν

318 2546 718 2623 ἀναγκάζεται;
756 2553 813 2606 '0
842 2554 949 2623 γὰρ
981 2551 1227 2615 διάϐολος
1265 2551 1442 2621 ἐαυτῷ
1486 2551 1678 2615 κακὸς,
1704 2551 1801 2621 οὺχ
1827 2553 1990 2622 ἡμῖν’

319 2638 482 2707 ἡμεῖς
536 2636 644 2706 γὰρ
685 2637 733 2688 εἰ
771 2634 1096 2706 βουλοίμεθα
1138 2633 1233 2687 zeal
1264 2632 1438 2687 πολλά
1472 2633 1879 2704 καρπωσόμεθα
1923 2634 1992 2688 δι’

320 2724 485 2779 αὑτοῦ
542 2722 706 2788 καλὰ,
774 2724 997 2786 ἄκοντος
1045 2722 1144 2792 μὲν
1183 2723 1277 2776 zeal
1324 2721 1399 2793 μὴ
1442 2720 1767 2792 βουλομένου
1793 2738 1806 2753 ⁸
1849 2721 1909 2775 τὸ
1938 2722 1997 2776 δὲ

322 2812 507 2882 θαῦμα
566 2812 661 2865 zeal
718 2813 775 2864 ἐν
815 2810 989 2881 τούτῳ
1018 2809 1224 2880 μεῖζον,
1271 2809 1364 2862 zeal
1387 2809 1487 2880 τῆς
1512 2808 1607 2862 τοῦ
1637 2806 1771 2862 Θεοῦ
1804 2794 1995 2880 φιλαν-

322 2898 568 2968 θρωπίας
594 2898 627 2967 ή
651 2893 943 2966 ὑπερϐολή.
977 2894 1051 2947 Τὸ
1076 2892 1186 2966 γὰρ
1214 2892 1453 2965 βελτίους
1469 2892 1712 2963 γίνεσθαι
1739 2894 1864 2958 τοὺς
1905 2894 2000 2947 ἀν-

323 2993 577 3065 θρώπους
607 2993 791 3047 δάκνει
849 2992 945 3063 μὲν
994 2992 1157 3046 αὐτὸν
1210 2991 1306 3045 zeal
1347 2991 1482 3045 αὐτὸ
1528 2991 1651 3046 καθ’
1698 2989 1858 3045 έαυτὸ
1904 2991 2000 3044 zeal

323 3082 516 3135 λυπεῖ’
535 3081 737 3136 ὅτανδὲ
763 3081 859 3134 zeal
882 3081 948 3136 δι’
974 3080 1138 3134 αὐτοῦ
1158 3080 1317 3135 τοῦτο
1349 3079 1676 3151 προξενῆται
1705 3082 1857 3151 ἡμῖν,
1889 3078 1999 3133 οὐδ’

327 3173 572 3239 ἐνεγκεῖν
603 3170 890 3240 δυνήσεται
928 3168 1027 3241 τὴν
1060 3170 1344 3241 ἐπήρειαν.
1374 3167 1501 3231 Πῶς
1534 3163 1626 3223 οὖν
1664 3167 2001 3240 προξενεῖται

325 3258 392 3311 δι’
420 3256 622 3327 αὐτοῦ;
656 3257 961 3321 Δεδοικότες
994 3255 1160 3310 αὐτοῦ
1199 3256 1297 3328 τὴν
1333 3256 1592 3326 ὠμότητα
1623 3256 1719 3310 καὶ
1747 3254 1849 3321 τάς
1878 3272 2002 3311 συν-

327 3350 474 3417 εχεῖς
533 3345 846 3411 ἐπιϐουλὰς,
910 3345 1004 3398 zeal
1049 3343 1148 3408 τὰς
1195 3344 1532 3416 ἐπαλλήλους
1584 3343 1866 3416 μηχανὰς,
1909 3344 2001 3399 τὸν

328 3434 495 3487 πολὺν
542 3431 708 3486 ῦπνον
745 3431 1182 3506 ἀποκρουόμεθα,
1219 3434 1481 3504 νήφομεν,
1535 3432 1860 3504 μεμνήμεθα
1905 3432 2000 3486 τοῦ

327 3520 535 3592 Κυρίου
559 3519 871 3581 διαπαντός.
908 3519 1019 3572 Kal
1047 3521 1128 3573 ὅτι
1155 3521 1255 3574 οὐκ
1272 3520 1402 3591 ἐμὸς
1421 3513 1574 3584 οὗτος
1600 3523 1628 3574 0
1658 3520 1837 3589 λόγος,
1868 3520 2003 3574 ἀλλά

328 3609 422 3661 τοῦ
455 3607 723 3679 μακαρίου
757 3606 990 3672 Παύλου,
1020 3606 1251 3661 ἄκουσον
1277 3607 1396 3672 πῶς
1418 3607 1507 3662 διὰ
1534 3607 1643 3661 τῶν
1667 3607 1844 3661 αὐτῶν
1880 3625 2003 3678 σχε-

326 3698 416 3752 δὸν
455 3697 713 3770 ῥημάτων
750 3695 1004 3767 διεγείρει
1043 3697 1168 3759 τοὺς
1213 3696 1570 3761 καθεύδοντας
1618 3696 1725 3750 τῶν
1771 3698 1998 3751 πιστῶν.

329 3787 455 3850 Τοῖς
501 3785 607 3857 γάρ
670 3784 936 3854 Ἐφεσίοις
974 3784 1301 3841 ἐπιστέλλων
1324 3784 1468 3840 οὕτω
1502 3785 1619 3850 πώς
1649 3803 1843 3856 φησιν·
1879 3788 2002 3841 Οὐκ

328 3874 500 3927 ἐστιν
552 3872 698 3942 ἡμῖν
735 3874 774 3941 ἠ
796 3871 959 3940 πάλη
981 3871 1132 3942 πρὸς
1145 3868 1287 3942 αἷμα
1310 3875 1408 3928 καί
1426 3873 1643 3943 σάρκα.
1668 3875 1830 3930 ἀλλὰ
1853 3875 2002 3946 πρὸς

326 3962 435 4028 τὰς
453 3962 661 4033 ἀρχὰς,
692 3961 841 4030 πρὸς
898 3964 1004 4028 τὰς
1042 3961 1349 4028 ἐξουσίας,
1393 3963 1545 4031 πρὸς
1590 3965 1732 4030 τοὺς
1777 3980 1999 4039 κοσμο-

327 4049 623 4119 κράτορας
646 4048 751 4104 τοῦ
788 4048 1049 4114 σκότους
1087 4050 1194 4104 τοῦ
1237 4049 1452 4117 αἰῶνος
1481 4052 1716 4116 τούτου,
1750 4056 1900 4121 πρὸς
1929 4055 2001 4109 τὰ

330 4141 701 4208 πνευματικὰ
720 4136 831 4206 τῆς
844 4137 1135 4205 πονηρίας
1161 4138 1366 4204 ἐντοῖς
1383 4139 1781 4209 ἐπουρανίοις.
1812 4140 2000 4196 Ταῦτα

327 4226 385 4279 δὲ
404 4226 609 4294 ἔλεγεν,
642 4225 704 4278 ού
733 4223 1063 4278 καταϐαλεῖν
1085 4225 1303 4288 αὐτοὺς,
1331 4225 1466 4280 ἀλλά
1494 4226 1848 4299 διαναστῆσαι
1876 4229 2000 4300 βου-

326 4314 574 4384 λόμενος.
629 4313 739 4367 Kal
781 4314 811 4366 0
852 4311 1057 4384 Πέτρος
1105 4313 1185 4377 δέ,
1230 4313 1500 4382 Νήψατε,
1531 4316 1685 4387 φησὶ.
1710 4319 2002 4388 γρηγορή-

327 4418 495 4463 σατε.
531 4401 680 4476 [164]
708 4400 798 4455 ὅτι
823 4404 855 4457 ὀ
885 4401 1188 4468 ἀντίδικος
1218 4402 1387 4472 ὑμῶν
1422 4402 1701 4471 διάϐολος
1728 4406 1810 4471 ὠς
1843 4406 2000 4461 λέων

325 4491 663 4561 ὠρυόμενος
681 4489 1008 4558 περιπατεῖ,
1039 4489 1224 4557 ζητῶν
1250 4491 1384 4543 τίνα
1415 4493 1675 4562 καταπίῃ
1694 4509 1710 4524 ο
1745 4486 1794 4561 ᾧ
1833 4495 1997 4548 ἀντί-

325 4595 510 4646 στητε
561 4578 791 4646 στερεοὶ
827 4576 903 4646 τῇ
939 4578 1160 4631 πίστει.
1216 4576 1386 4632 Τοῦτο
1417 4579 1474 4631 δὲ
1504 4575 1625 4633 εἷπε
1658 4582 1683 4620 δ
1714 4582 1997 4654 σφοδροτέ-

330 4684 455 4738 ρους
491 4664 827 4736 ἐργάσασθαι
863 4664 1051 4723 θέλων,
1084 4663 1179 4718 zeal
1219 4667 1405 4718 πεῖσαι
1453 4665 1675 4720 πλείονα
1721 4669 1858 4740 πρὸς
1905 4671 1997 4722 τὸν

326 4755 461 4808 Θεὸν
484 4752 582 4825 τήν
601 4752 906 4824 οἰκειότητα
933 4751 1096 4820 ἐχειν.
1142 4752 1201 4804 '0
1246 4751 1356 4824 γὰρ
1378 4753 1656 4819 ἐφεστῶτα
1689 4756 1781 4810 τὸν
1803 4756 1997 4828 ἐχθρὸν

325 4843 489 4914 ὁρῶν,
522 4842 720 4914 μᾶλλον
735 4840 1059 4912 προστρέχει
1081 4840 1577 4911 καὶ-συμπλέκεται
1600 4843 1679 4915 τῷ
1715 4844 1997 4917 δυναμένῳ

329 4933 564 5005 βοηθεῖν.
604 4931 761 4987 Οὕτω
801 4948 901 4985 που
948 4931 1045 4984 zeal
1075 4930 1148 4984 τά
1173 4930 1363 4987 παιδία
1387 4933 1454 4987 τά
1492 4935 1684 5005 μικρὰ,
1734 4935 1862 4989 ὅταν
1899 4936 1996 5005 μὲν

328 5023 416 5096 ῖδῃ
458 5040 511 5076 τι
549 5021 659 5075 τῶν
690 5019 959 5091 φοϐερῶν,
1000 5020 1081 5078 είς
1108 5019 1199 5073 τὸν
1228 5020 1327 5090 τῆς
1353 5020 1559 5092 μητρὸς
1585 5022 1996 5091 καταφεύγοντα

328 5111 561 5177 κόλπον,
601 5110 697 5164 zeal
722 5106 1170 5180 ἐκκρεμασθέντα
1207 5106 1314 5160 τῶν
1349 5108 1577 5177 ἱματίων
1606 5110 1840 5182 ἐκείνης,
1876 5111 1997 5183 ἔχε-

325 5216 418 5255 ται
442 5196 623 5252 αὐτῶν
660 5194 941 5265 ἀσφαλῶς,
972 5194 1068 5248 zeal
1093 5192 1302 5246 πολλῶν
1325 5194 1691 5251 ἀνθελκόντων
1714 5197 1995 5263 πολλάκις,

328 5289 431 5343 οὐκ
459 5286 783 5357 ἀφίσταταν
815 5284 944 5337 ὅταν
979 5281 1037 5334 δὲ
1069 5282 1233 5352 μηδὲν
1342 5282 1403 5335 τὸ
1436 5282 1718 5354 θορυϐοῦν,
1756 5286 1876 5340 οὐδὲ
1904 5304 2001 5339 κα-

328 5375 530 5447 λούσης
565 5373 780 5443 ἐκείνης
842 5370 938 5424 zeal
990 5369 1359 5441 ἐφελκομένης
1396 5371 1669 5443 ἀνέχεται,
1723 5373 1859 5429 ἀλλά
1905 5377 2001 5429 zeal

329 5462 605 5519 καλοῦσαν
640 5459 916 5521 διαπτύει,
946 5458 1039 5511 zeal
1068 5456 1240 5511 πολλὰ
1288 5458 1425 5529 πρὸς
1478 5459 1538 5512 τὸ
1594 5462 1999 5518 ἐπισπάσασθαι

335 5550 732 5626 μηχανωμένην
781 5546 1216 5618 ἀποστρέφεται,
1270 5547 1364 5601 zeal
1417 5547 1699 5621 τραπέζης
1743 5552 2002 5624 κειμένης

395 5676 946 5742 ’Μονοιπὲπηρέασταπ
991 5664 1142 5722 Savil.
1182 5673 1232 5721 in
1257 5677 1398 5722 textu
1445 5675 1806 5737 ἐπηρεάσθη,ἱιι
1844 5692 1997 5742 marg,

334 5740 683 5803 ἁπηρεάζεσθαι.

394 5794 526 5851 li'Sic
549 5800 696 5850 Savil.
734 5798 905 5849 Morel.
934 5808 1053 5846 vero
1075 5796 1239 5845 omisit
1258 5796 1381 5860 haec,
1400 5794 1541 5847 τοῦτο
1564 5800 1614 5848 δὲ
1638 5800 1756 5849 εἶπε.

1036 332 1095 389 S.
1135 331 1426 390 JOANNIS
1483 327 1971 391 CHRYSOSTOMI
2010 326 2334 385 ARCHIEP.
2371 329 2925 388 CONSTANTINOP.

3649 342 3758 400 εει

2086 449 2437 517 καταφρονεῖ.
2474 446 2574 500 Διά
2624 446 2782 502 τοῦτο
2820 449 3012 505 πολλαὶ
3053 449 3163 504 τῶν
3214 454 3466 524 μητέρων
3534 457 3756 514 ἐπειδὰν

2088 532 2255 603 μηδὲν
2291 532 2554 603 ἰσχύσωσι
2590 535 3052 620 παρακαλοῦσαι,
3094 540 3467 609 μορμολύκεια
3516 545 3612 597 zeal
3656 546 3757 616 φό-

2082 621 2262 693 ϐητρα
2301 623 2824 688 κατασκευάζουσαι,
2861 623 3034 689 οὕτως
3078 626 3258 682 αὐτῶν
3303 629 3611 698 σοφίζονται
3654 636 3756 706 τὴν

2084 711 2374 774 ἐπάνοδον,
2436 712 2532 764 zeal
2596 712 2843 766 πείθουσι
2901 714 3271 785 προσδραμεῖν
3337 719 3499 771 πάλιν
3542 720 3756 786 αὑταῖς.

2085 798 2255 852 Ἰὀῦτο
2274 798 2330 852 δέ
2358 799 2459 853 οὐκ
2477 801 2571 854 ἐπὶ
2596 800 2705 854 τῶν
2744 801 2974 857 παιδίων
3013 803 3222 871 γίνεται
3259 805 3442 875 μόνον,
3482 808 3618 863 ἀλλά
3661 812 3759 865 zeal

2082 886 2167 954 ἐφ’
2200 888 2379 958 ἡμῶν.
2400 890 2568 943 Ὅταν
2600 889 2709 960 γάρ
2734 891 2924 961 ήμᾶςὸ
2949 891 3194 963 Πονηρὸς
3215 892 3353 965 φοϐῇ
3377 895 3469 948 καὶ
3495 898 3758 971 ταράττῃ,

2084 975 2208 1029 τότε
2246 974 2716 1053 σωφρονιζόμεθα,
2745 980 2867 1031 τότε
2890 979 3119 1042 ἑαυτοὺς
3146 980 3604 1052 ἐπιγινώσκομεν.
3638 986 3759 1038 τότε

2088 1063 2224 1133 μετά
2248 1064 2449 1135 πολλῆς
2483 1065 2599 1136 τῆς·
2622 1066 2855 1137 σπουδῆς
2885 1066 2963 1137 τῷ
3004 1066 3123 1138 Θεῷ
3161 1069 3596 1140 προστρέχομεν·
3626 1074 3674 1125 εί
3703 1072 3763 1127 δὲ

2086 1151 2361 1222 ἠφανίσθη
2418 1151 2572 1225 παρά
2601 1152 2701 1224 τήν
2738 1155 2912 1225 ἀρχὴν
2932 1148 3087 1219 οὗτος
3116 1157 3211 1210 zeal
3233 1156 3456 1225 γέγονεν
3490 1157 3759 1222 ἐκποδὼν.

2084 1239 2225 1310 τάχα
2269 1239 2389 1293 οὐδὲ
2444 1241 2583 1313 ὑπὲρ
2631 1241 2741 1294 τῶν
2786 1242 3166 1314 παρελθόντων
3221 1244 3288 1298 ἂν
3337 1244 3663 1301 ἐπίστευσαν
3708 1250 3761 1301 οἱ

2086 1328 2302 1381 πολλοί·
2332 1323 2444 1382 οἷον
2464 1330 2548 1383 ὅτι
2569 1329 2661 1384 τὸν
2688 1330 2973 1401 ἄνθρωπον
2998 1333 3269 1402 ήπάτησε,
3293 1333 3388 1386 zeal
3416 1333 3525 1388 τῶν
3550 1334 3760 1389 πολλῶν

2085 1416 2309 1469 ἐκείνων
2324 1417 2578 1481 ἐξέϐαλεν
2597 1418 2840 1487 ἀγαθῶν·
2856 1420 2992 1474 ἀλλά
3003 1420 3093 1474 τὸν
3105 1420 3236 1474 Θεὸν
3254 1421 3434 1492 φθόνῳ
3451 1423 3544 1476 zeal
3561 1422 3761 1492 βασκα-

2085 1503 2174 1576 νίᾳ
2196 1503 2353 1559 τοῦτο
2380 1508 2739 1574 πεποιηκέναι
2760 1504 2916 1562 εἷπον
2942 1508 3027 1562 ἄν.
3055 1510 3228 1562 Ὅπου
3248 1509 3358 1582 γάρ
3379 1511 3474 1565 καὶ
3503 1511 3599 1565 νῦν
3618 1515 3759 1567 εἰσιν

2085 1593 2136 1645 οἱ
2177 1594 2348 1646 ταῦτα
2384 1593 2692 1663 τολμῶντες
2728 1595 2867 1665 μετὰ
2904 1594 3002 1667 τήν
3037 1595 3307 1668 τοσαύτην
3345 1597 3621 1664 ἀπόδειξιν
3658 1600 3760 1672 τῆς

2086 1678 2306 1750 ἀπάτης
2347 1680 2550 1744 αὐτοῦ,,
2578 1683 2630 1734 εί
2675 1682 2812 1752 μηδὲ
2847 1682 2985 1746 ὅλως
3049 1686 3245 1754 πεῖραν
3276 1684 3469 1740 ἔλαϐον
3510 1687 3613 1758 τῆς
3658 1704 3761 1742 κα-

2089 1766 2350 1837 κουργίας
2405 1769 2638 1833 ἐκείνου,
2694 1768 2748 1822 τί
2795 1771 2896 1824 οὐκ
2943 1770 3011 1825 ἃν
3049 1767 3220 1834 εἷπον,
3243 1773 3297 1825 τί
3321 1773 3422 1826 οὐκ
3456 1773 3522 1827 ἂν
3563 1774 3763 1844 ἐφθέγ·

2088 1854 2278 1921 ξαντο;
2311 1855 2489 1920 Ὅλως
2522 1856 2581 1910 δὲ
2611 1859 2656 1911 εί
2688 1857 2793 1930 χρή
2823 1858 2961 1930 μετὰ
2994 1858 3277 1930 ἀκριϐείας
3302 1862 3418 1924 τοῖς
3449 1863 3764 1933 γενομένοις

2090 1942 2411 2013 προσέχειν,
2467 1944 2589 1998 οὐδὲ
2636 1947 2715 2009 είς
2772 1946 2987 2000 ἅπαντα
3034 1948 3183 2017 ἡμᾶς
3232 1949 3261 2001 0
3324 1947 3569 2013 διάϐολος
3606 1950 3762 2014 ώθεῖ,

2089 2031 2227 2085 άλλά
2251 2031 2420 2085 πολλὰ
2445 2032 2543 2102 μὲν
2574 2035 2665 2087 zeal
2690 2034 2851 2099 αὐτὸς
2876 2034 3163 2108 ἐργάζεται
3178 2034 3347 2104 κακὰ,
3387 2037 3556 2092 πολλά
3581 2039 3638 2093 δὲ
3666 2040 3765 2094 καὶ

2089 2121 2251 2189 ἡμεῖς
2315 2121 2526 2184 ἑαυτοῖς
2588 2132 2611 2161 ο
2670 2123 2912 2196 ῥᾳθυμίᾳ
2971 2126 3068 2179 zeal
3119 2127 3525 2198 καταφρονήσει
3579 2127 3764 2197 μόνον.

2090 2208 2203 2262 Ποῦ
2222 2207 2353 2281 γὰρ,
2382 2210 2471 2263 ἴνα
2501 2209 2662 2265 πάλιν
2687 2212 2780 2265 ἐπὶ
2819 2213 2920 2284 τὴν
2948 2213 3123 2286 ἀρχὴν
3162 2214 3569 2284 ἐπανέλθωμεν,
3592 2233 3769 2286 προσ.

2090 2290 2353 2349 ἐπέλασεν
2398 2297 2428 2349 0
2474 2295 2719 2361 διάϐολος
2762 2297 2841 2369 τῷ
2888 2300 3049 2363 Κάῖν,
3080 2302 3174 2357 καὶ
3216 2301 3308 2354 τόν
3360 2301 3519 2369 φόνον
3558 2300 3766 2369 πρᾶξαι

2092 2384 2364 2455 παρῄνεσε
2391 2400 2406 2449 ;
2434 2386 2512 2457 Τῇ
2546 2387 2643 2456 μὲν
2670 2386 2778 2459 γάρ
2807 2386 2998 2441 τούτου
3043 2389 3209 2461 μητρὶ
3251 2387 3499 2457 φαίνεται
3528 2386 3769 2456 διαλεγό-

2096 2489 2255 2542 μενος
2291 2472 2384 2527 zeal
2405 2474 2506 2543 τήν
2531 2475 2746 2545 ἀπάτην
2790 2476 3214 2541 κατασκευάζων
3234 2492 3247 2507 ·
3281 2475 3512 2530 ἐνταῦθα
3541 2475 3597 2529 δὲ
3636 2476 3770 2529 οὐκ·

2093 2558 2194 2623 έτι,
2225 2560 2364 2631 πλὴν
2396 2560 2557 2627 εἴτις
2585 2563 2747 2617 αὐτὸν
2774 2563 2900 2628 τοὺς
2933 2566 3202 2636 πονηροὺς
3241 2563 3533 2634 λογισμοὺς
3564 2563 3766 2616 ὑποϐε-

2095 2645 2357 2718 ϐληκέναι
2407 2650 2562 2723 φαίη,
2612 2651 2708 2709 zeal
2741 2651 2900 2705 τοῦτο
2927 2651 2984 2705 δὲ
3019 2651 3170 2723 παρά
3210 2652 3301 2705 τὸν
3327 2651 3767 2721 καταδεξάμενον

2096 2736 2191 2788 zeal
2215 2736 2508 2791 πεισθέντα
2541 2739 2637 2791 zeal
2664 2742 2665 2747 “
2694 2738 2792 2809 τὴν
2838 2739 3011 2811 ἀρχὴν
3049 2739 3195 2810 αὑτῷ
3248 2739 3638 2811 παρεσχηκότα
3663 2739 3768 2807 τῆς

2098 2822 2311 2891 ἐφόδου.
2365 2825 2508 2878 Ἀλλ’
2530 2826 2680 2896 ὅμως
2734 2826 2859 2881 οὐδὲ
2904 2826 3078 2890 οὕτως
3130 2826 3292 2880 αὑτὸν
3328 2828 3510 2881 εῐασεν
3550 2829 3579 2880 0
3609 2825 3766 2889 Θεὸς,

2099 2910 2214 2965 ἀλλ’
2253 2911 2490 2983 ἐπέμενε
2534 2914 2803 2969 παιδεύων
2832 2916 2927 2969 καὶ
2953 2914 3239 2979 νουθετῶν,
3269 2915 3337 2969 δι’
3365 2907 3440 2969 ὧν
3465 2914 3637 2969 ἐδόκει
3667 2930 3768 2967 κο-

2098 2998 2282 3064 λάζειν
2318 3001 2501 3056 αὐτόν.

2169 3088 2282 3143 Kal
2310 3088 2364 3142 τί
2415 3089 2559 3158 λέγω
2601 3088 2696 3144 τοῦ
2742 3089 2884 3144 Κάῑν
2910 3089 3010 3161 τήν
3052 3089 3341 3162 τιμωρίαν.
3377 3088 3568 3162 ἀνδρὸς
3623 3087 3767 3153 ἐνὸς,

2099 3174 2233 3231 ὃπου
2279 3191 2345 3243 γε
2396 3176 2491 3229 zeal
2533 3178 2563 3230 0
2615 3175 3021 3246 κατακλυσμὸς.
3073 3175 3203 3229 ἔνθα
3243 3175 3508 3235 τοσούτων
3557 3173 3769 3245 ἀνδρῶν

2101 3261 2350 3319 ἀπώλεια
2393 3262 2595 3318 δύναιτ’
2619 3262 2688 3318 ἂν
2719 3266 2856 3335 ἡμῖν
2885 3264 3125 3334 ἐμφῆναι
3170 3262 3269 3334 τήν
3307 3263 3624 3334 κηδεμονίαν
3669 3258 3768 3314 τοῦ

2100 3349 2270 3415 Θεοῦ;
2299 3350 2524 3423 Πρῶτον
2573 3353 2672 3422 μὲν
2692 3352 2801 3421 γὰρ
2846 3351 2945 3421 οὐχ
2984 3350 3171 3414 ἁπλῶς
3196 3351 3317 3405 οὐδὲ
3348 3350 3771 3421 ἀπροσδοκήτως

2103 3441 2383 3511 ἐπήγαγεν
2397 3441 2581 3495 ἐκεῖνα
2604 3440 2671 3494 τά
2687 3441 2854 3508 δεινὰ,
2879 3440 3016 3495 ἀλλά
3037 3441 3132 3495 zeal
3152 3443 3380 3512 προεῖπε
3398 3438 3449 3504 ἀ,
3468 3441 3561 3493 καὶ
3577 3439 3640 3492 οὐ
3661 3439 3773 3508 πρὸ

2102 3529 2297 3599 χρόνου
2347 3529 2600 3601 βραχέος,
2631 3528 2771 3583 ἀλλὰ
2802 3530 2897 3583 zeal
2921 3530 3028 3600 πρὸ
3063 3529 3234 3583 εῖκοσι
3264 3528 3402 3583 ἐτῶν
3426 3528 3521 3581 zeal
3552 3525 3769 3580 ἑκατόν.

2106 3620 2359 3683 Ἔπειτα,
2390 3621 2479 3674 ἵνα
2501 3620 2576 3691 μὴ
2603 3620 2693 3677 διὰ
2732 3620 2795 3673 τὸ
2820 3621 2993 3691 μῆκος
3015 3617 3117 3688 τῆς
3132 3620 3478 3692 προρρήσεως
3510 3615 3661 3689 [165]
3688 3617 3774 3679 είς

2101 3705 2271 3779 λήθην
2299 3708 2582 3778 ἐμπέσωσι
2594 3708 2689 3763 zeal
2714 3707 3006 3780 ρᾳθυμίαν,
3026 3705 3406 3777 παρεσκεύασε
3426 3706 3524 3776 τὴν
3540 3703 3773 3758 κιϐωτὸν

2100 3795 2478 3849 τεκταίνεσθαι
2526 3796 2647 3849 κατ’
2696 3793 3008 3864 ὀφθαλμοὺς
3055 3793 3278 3847 ἐκείνων
3322 3792 3502 3847 αὐτῶν
3524 3833 3539 3855 ,
3588 3792 3774 3861 πάσης

2103 3885 2290 3955 φωνῆς
2331 3883 2710 3955 λαμπρότερον
2758 3882 2973 3953 βοῶσαν
3001 3881 3095 3936 τοῦ
3125 3881 3260 3936 Θεοῦ
3287 3880 3384 3952 τὴν
3417 3880 3665 3951 ἀπειλήν.
3712 3881 3774 3934 '0

2104 3973 2203 4043 μὲν
2224 3973 2335 4044 γάρ
2363 3972 2507 4027 Κάῖν
2524 3970 2781 4036 ἐξέπεσεν
2806 3972 2909 4043 ήδη
2939 3971 3038 4042 τῆς
3058 3969 3165 4025 τῶν
3191 3967 3493 4041 ἀνθρώπων
3514 3966 3770 4032 διανοίας,

2101 4062 2283 4133 ἐκείνη
2309 4061 2366 4115 δὲ
2405 4061 2513 4133 πρὸ
2542 4060 2653 4114 τῶν
2679 4058 2856 4129 ϐψεων
2893 4059 3074 4114 αὐτῶν
3110 4057 3358 4128 κειμένη,
3397 4055 3633 4126 συνεχῶς
3660 4055 3772 4108 τῶν

2100 4150 2503 4221 ἀπειληθέντων
2527 4149 2626 4221 τὴν
2677 4151 2895 4220 μνήμην
2926 4147 3218 4220 διήγειρεν.
3264 4145 3403 4199 Ἀλλ’
3452 4144 3571 4198 ούδέ
3597 4142 3771 4208 οὕτως

2100 4237 2600 4309 ἐσωφρονίσθησαν,
2626 4235 2740 4291 ἀλλ’
2780 4236 3048 4306 ἐπέμενον
3094 4232 3527 4305 προκαλούμενοι
3560 4233 3654 4285 zeal
3685 4232 3773 4285 ἐλ-

2099 4342 2289 4388 κοντες
2336 4324 2458 4378 καθ’
2496 4324 2708 4378 ἑαυτῶν
2751 4323 2822 4378 τὰ
2848 4323 3015 4379 κακά.
3061 4325 3119 4379 '0
3150 4322 3259 4396 γὰρ
3283 4323 3417 4387 Θεὸς
3450 4319 3573 4376 οὔτε
3611 4323 3773 4374 ἀπει-

2098 4412 2260 4482 λῆσαι
2304 4412 2688 4484 κατακλυσμὸν
2732 4412 2857 4468 οὔτε
2910 4414 3215 4482 ἐπαγαγεῖν
3255 4400 3538 4483 ἠθέλησεν,
3580 4412 3774 4481 ῶσπερ

2098 4500 2223 4555 οὐδὲ
2246 4501 2345 4572 τὴν
2366 4502 2590 4569 γέενναν
2623 4501 2814 4571 αὐτὴν,
2851 4500 2988 4555 ἀλλά
3017 4499 3233 4554 πάντων
3264 4502 3427 4571 ἡμεῖς
3456 4500 3619 4553 αῖτιοι
3648 4496 3776 4552 τού-

2097 4606 2236 4642 των·
2273 4590 2412 4660 ὅπερ
2473 4589 2568 4645 καὶ
2599 4587 2909 4657 σοφώτατός
2943 4604 3027 4652 τις
3074 4587 3300 4642 συνιδὼν
3350 4587 3535 4657 ἔλεγεν
3563 4588 3663 4647 ὅτι,
3709 4588 3774 4640 Ὁ

2100 4676 2242 4743 Θεὸς
2261 4675 2518 4730 θάνατον
2548 4677 2660 4729 οὐκ
2688 4676 2999 4743 ἐποίησεν,
3030 4674 3173 4730 οὐδέ
3204 4676 3474 4745 τέρπεται
3503 4674 3597 4727 ἐπ’
3614 4674 3776 4727 dum-

2095 4766 2231 4833 λείῃ
2257 4763 2502 4825 ζώντων.
2518 4764 2628 4818 Καὶ
2660 4764 2820 4826 αὐτὸς
2840 4763 2896 4817 δὲ
2918 4763 3007 4817 διὰ
3030 4763 3124 4816 τοῦ
3142 4765 3422 4834 προφήτου
3455 4762 3599 4816 οὕτω
3614 4761 3773 4832 φησί’

2097 4847 2194 4915 Μὴ
2229 4852 2339 4918 γὰρ
2375 4848 2618 4917 θελήσω
2655 4860 2678 4888 ε
2715 4848 2823 4902 τὸν
2843 4847 3105 4903 θάνατον
3133 4847 3241 4902 τοῦ
3291 4847 3666 4916 ἀμαρτωλοῦ,
3692 4848 3776 4911 ὠς

2096 4935 2164 4990 τὸ
2199 4937 2559 5005 ἐπιστρέψω
2577 4936 2676 4989 καὶ
2706 4935 2817 5004 ζῇν
2856 4937 3063 4991 αὐτόν.
3102 4936 3273 4990 Ὅταν
3304 4935 3364 4988 δὲ
3395 4935 3469 5007 μή
3516 4937 3775 5007 ἐπιστρα-

2099 5024 2307 5094 φῶμεν,
2347 5026 2446 5094 τὴν
2475 5023 2752 5080 ἀπώλειαν
2776 5024 2979 5082 καὶτὸν
2994 5023 3222 5079 θάνατον
3245 5024 3408 5094 ήμεῖς
3429 5022 3551 5077 καθ’
3566 5021 3774 5075 ἑαυτῶν

2098 5111 2397 5181 ἐπάγομεν,
2430 5112 2528 5182 οὐχ
2553 5114 2582 5165 0
2608 5110 2682 5181 μὴ
2729 5110 3048 5181 βουλόμενος
3078 5111 3226 5180 ἡμᾶς
3276 5107 3573 5162 ἀπολέσθαι
3614 5107 3772 5171 Θεὸς,

2098 5201 2193 5253 καὶ
2230 5200 2329 5271 τὴν
2361 5200 2457 5254 τοῦ
2507 5198 2753 5253 διαϐόλου
2808 5201 3001 5269 φυγεῖν
3032 5197 3053 5237 ί
3096 5196 3214 5251 ὁδὸν
3261 5195 3600 5260 ὑποδεικνύς.
3642 5191 3773 5267 Ἆρ’

2167 5369 2188 5397 ο
2216 5363 2368 5415 Savil.
2395 5363 2598 5423 ιάυτοῖς.
2625 5366 2798 5416 Morel.
2824 5366 3036 5422 ἑαυτούς.

2162 5426 2188 5466 ἀ
2215 5428 2384 5477 Morel.
2411 5436 2463 5475 el
2483 5430 2635 5478 Savll.
2658 5427 2707 5477 in
2733 5441 2888 5490 marg.
2931 5425 3146 5490 προεῖπε,
3187 5426 3336 5490 Savil.
3362 5426 3418 5490 in;
3451 5430 3587 5490 tex_l_u
3610 5439 3779 5490 προει-

2101 5491 2219 5538 πών.
2253 5491 2264 5538 Ι
2274 5492 2375 5538 nfra
2398 5491 2547 5539 φονῆι.
2571 5491 2619 5538 in
2645 5496 2785 5537 textu
2810 5486 2896 5545 τῆν
2917 5486 3121 5537 κιϐωτὸν
3157 5487 3496 5543 τεκταίνεσθαι,
3521 5486 3696 5534 Morel.
3721 5493 3779 5534 et

2103 5552 2255 5625 Sa’vil.
2282 5550 2330 5600 in
2358 5566 2509 5617 marg.
2542 5552 2832 5615 ὑφαίνεσθαι.
2865 5551 3019 5600 Paulo
3042 5557 3153 5612 post
3202 5549 3321 5599 Κάῑν
3342 5549 3534 5604 ἐξέπεσε
3563 5554 3649 5606 τῆς
3668 5548 3774 5596 δια·

2103 5630 2458 5747 ἴᾟέτίιλμῄ
2484 5675 2669 5747 θελήσει
2686 5674 2833 5747 θέλω,Δ
2851 5671 2987 5747 (ἴσῃ).
3004 5670 3081 5747 [ηε
3268 5650 3340 5734 .μὴ
3364 5672 3549 5729 θελήσει
3567 5663 3774 5729 θελῆσω·

2106 5735 2230 5787 Infra
2257 5734 2406 5786 Savill
2434 5738 2711 5791 ἀπολέσθαι,
2732 5740 2870 5783 recte
2900 5734 3073 5783 Morel.
3098 5734 3347 5782 ἀπολέσαι.

2170 5795 2190 5834 ί
2229 5798 2312 5848 Sic
2332 5798 2670 5861 rescripsimus
2690 5810 2719 5846 ε
2743 5794 2925 5847 Savilio
2949 5808 3038 5859 pro
3061 5794 3146 5844 τοῦ
3169 5793 3421 5859 διαφυγεῖν.
3443 5794 3576 5844 Eon.
