4116 6392
337 392 443 447 ὅῦἷ

332 521 386 561 et
414 520 666 562 mrumnte
689 505 859 561 otium
884 503 1203 574 deliciasque
1231 502 1623 573 praeferentem,
1656 502 1908 556 adversa-

333 601 412 654 rio
440 601 508 655 de
534 599 712 656 medio
750 600 990 664 sublato,
1019 599 1204 653 ambos
1232 615 1290 652 re
1326 598 1516 653 infecta
1546 597 1797 652 dimittat.
1823 596 1911 651 Sic

331 691 473 744 enim
519 699 769 744 strenuus
814 690 902 744 ille
944 700 1158 759 propter
1200 689 1419 743 alterius
1460 688 1721 757 ignaviam
1765 687 1909 756 gravi

329 782 528 837 damno
567 784 785 839 affectus
810 795 986 849 esset;
1030 784 1249 854 ignavus
1289 791 1465 836 autem
1496 797 1601 835 non
1639 778 1909 833 fortissimi

330 875 461 928 socii
490 890 649 929 causa
681 875 850 930 malus
879 885 1051 940 esset,
1091 890 1274 929 verum
1313 876 1381 929 ob
1410 874 1704 928 socordiam
1736 888 1904 927 suam.

329 967 433 1022 Sed
470 969 610 1023 enim
651 968 763 1023 htec
789 970 1006 1023 istorum
1044 969 1285 1038 quaestio,
1315 983 1435 1021 cum
1461 967 1526 1021 de
1553 967 1761 1020 diabolo
1793 965 1905 1035 agi-

330 1059 433 1113 tari
463 1059 723 1125 videatur,
755 1061 796 1113 si
825 1075 925 1113 suo
952 1060 1138 1113 ordine
1165 1058 1450 1129 procedat,
1481 1058 1720 1126 plurimis
1745 1059 1796 1109 in
1825 1072 1909 1110 re-

330 1152 429 1206 bus
458 1151 548 1204 Dei
591 1149 971 1219 providentiam
1017 1149 1320 1214 insimulat,
1365 1158 1713 1216 cunctamque
1751 1147 1907 1200 simul

328 1252 627 1298 creaturam
683 1243 929 1297 traducit.
979 1242 1219 1312 Namque
1269 1242 1377 1296 oris
1425 1254 1583 1311 atque
1632 1241 1905 1295 oculorum

328 1336 652 1389 creationem
690 1335 987 1389 incusabit:
1019 1335 1215 1405 quippe
1239 1349 1358 1388 cum
1402 1349 1497 1403 per
1534 1333 1646 1388 haec
1685 1348 1907 1403 quaeque

330 1424 511 1480 illicita
540 1425 948 1494 concupiscant,
998 1436 1156 1494 atque
1196 1424 1247 1478 in
1295 1424 1615 1479 adulterium
1659 1432 1909 1478 corruant

328 1517 574 1586 plurimi;
605 1532 697 1584 per
726 1518 826 1572 hoc
851 1527 1024 1572 autem
1053 1517 1423 1588 blasphement
1446 1517 1568 1579 alii,
1599 1526 1755 1586 atque
1784 1531 1905 1585 per-

327 1610 526 1664 niciosa
557 1610 801 1678 dogmata
835 1609 1123 1680 proferant.
1171 1611 1304 1665 Num
1333 1626 1461 1680 ergo
1505 1611 1618 1664 sine
1658 1610 1826 1665 oculis
1854 1618 1908 1663 et

328 1704 505 1775 lingua
532 1705 651 1760 ideo
690 1704 983 1760 debuerunt
1026 1704 1269 1759 homines
1314 1703 1467 1759 ﬁeri?
1495 1703 1660 1757 Pedes
1698 1718 1907 1772 quoque

329 1797 661 1863 abscindere,
684 1805 738 1851 et
759 1807 1028 1866 amputare
1051 1812 1238 1850 manus
1262 1810 1480 1850 necesse
1504 1796 1625 1860 erit,
1650 1811 1769 1848 cum
1793 1796 1905 1847 istze

328 1889 499 1959 plena:
524 1890 629 1943 sint
657 1888 930 1959 sanguine,
964 1889 1038 1942 illi
1065 1903 1190 1944 vero
1215 1887 1279 1941 ad
1312 1887 1504 1941 malum
1533 1896 1768 1940 currant.
1795 1885 1905 1941 Nec

327 1981 456 2047 ipsa:
487 1980 697 2049 quidem
726 1995 882 2034 aures
917 1980 1296 2034 immanitatem
1328 1977 1467 2032 hanc
1494 1977 1725 2046 effugere
1753 1986 1901 2045 pote-

326 2079 451 2124 runt
474 2088 486 2123 :
516 2086 635 2123 nam
664 2071 834 2124 inania
860 2071 1173 2140 percipiunt,
1197 2081 1250 2124 et
1275 2070 1666 2137 corruptionem
1689 2068 1905 2137 dogma-

329 2172 436 2216 tum
476 2163 541 2217 ad
586 2164 815 2217 animam
852 2164 1065 2217 mittunt
1097 2180 1110 2213 :
1144 2164 1320 2231 itaque
1361 2173 1415 2217 et
1460 2164 1574 2216 ista:
1602 2162 1904 2217 auferenda:

322 2265 501 2309 erunt.
532 2254 683 2322 Quod
710 2255 754 2308 si
789 2254 1061 2319 dabimus,
1089 2255 1237 2308 cibos
1264 2270 1475 2324 quoque
1499 2269 1562 2307 ac
1588 2265 1743 2324 potus
1763 2296 1776 2316 ,
1800 2269 1903 2307 ca:-

325 2346 432 2400 lum
454 2387 468 2411 ,
501 2356 693 2399 terram
716 2386 729 2407 ,
775 2360 948 2408 mare,
997 2345 1193 2408 solem,
1226 2346 1432 2409 lucem,
1480 2345 1689 2409 lunam,
1724 2343 1904 2398 stella-

326 2452 549 2506 rumque
587 2440 807 2490 chorum
826 2478 840 2501 ,
872 2446 1028 2504 atque
1057 2436 1292 2489 omnium
1333 2435 1679 2488 animantium
1708 2449 1900 2504 genera

322 2531 572 2584 tollamus
604 2543 822 2583 necesse
846 2529 966 2582 erit.
998 2528 1079 2581 Ad
1108 2528 1231 2596 quid
1256 2529 1352 2581 ista
1380 2527 1520 2581 enim
1545 2526 1719 2580 omnia
1743 2535 1901 2581 erunt

322 2622 621 2676 necessaria
642 2662 656 2684 ,
684 2636 804 2674 cum
836 2620 882 2673 is
907 2619 1058 2688 cujus
1081 2634 1240 2673 causa
1269 2618 1402 2673 facta
1432 2626 1554 2671 sunt
1582 2617 1716 2671 adeo
1742 2617 1903 2670 mise-

322 2713 561 2767 rabiliter
592 2722 809 2766 truncus
829 2711 1037 2780 jaceat?
1064 2710 1292 2765 Videsne
1317 2709 1406 2779 qui
1438 2710 1594 2772 risus,
1626 2722 1744 2777 qua:
1766 2706 1902 2761 deli-

320 2812 559 2856 ramenta
601 2804 860 2857 rationem
892 2802 1046 2855 istam
1095 2803 1393 2855 newssario
1421 2798 1746 2870 sequantur?
1773 2799 1897 2853 Dia-

320 2895 472 2949 bolos
499 2912 688 2964 nempe
715 2894 815 2948 sibi
842 2893 961 2962 ipsi,
994 2908 1098 2947 non
1127 2893 1279 2947 nobis
1307 2902 1389 2946 est
1411 2893 1601 2946 malus.
1628 2890 1735 2945 Nos
1755 2891 1898 2944 enim

320 2985 364 3038 si
386 2985 630 3049 velimus,
662 2985 810 3052 plura
836 2984 993 3037 etiam
1014 2982 1292 3038 commoda
1316 2998 1411 3052 per
1434 2983 1578 3036 illum
1606 2995 1898 3051 conseque-

320 3092 456 3139 mur,
486 3077 575 3130 illo
604 3076 762 3131 etiam
790 3075 954 3128 invito
976 3091 1039 3128 ac
1064 3082 1319 3129 renuente
1344 3091 1357 3126 :
1387 3072 1525 3142 quod
1550 3082 1633 3127 est
1658 3072 1897 3141 profecto

319 3169 559 3222 mirabile
580 3209 595 3234 ,
628 3176 682 3221 et
710 3169 759 3221 in
800 3167 901 3221 hoc
926 3166 1119 3221 divinm
1148 3165 1399 3220 bonitatis
1430 3164 1735 3235 magnitudo
1763 3179 1894 3219 con-

318 3259 554 3327 spicitur.
592 3256 724 3312 Nam
752 3260 794 3311 si
839 3271 959 3312 cum
1008 3258 1257 3311 meliores
1284 3257 1563 3317 efﬁcimur.
1593 3255 1801 3311 mordet
1843 3256 1895 3311 id

316 3349 530 3419 quidem
555 3366 615 3403 ac
643 3366 736 3418 per
766 3366 823 3404 se
850 3350 1023 3404 solum
1052 3349 1319 3404 excruciat
1344 3348 1609 3403 diabolum
1638 3368 1648 3402 :
1681 3349 1895 3419 quando

317 3439 419 3495 hoc
460 3442 629 3509 ipsum
664 3456 758 3510 per
796 3455 917 3495 eum
964 3440 1115 3494 nobis
1160 3439 1545 3509 suppeditatur,
1588 3439 1689 3494 hoc
1726 3440 1893 3494 detri-

316 3542 553 3586 mentum
594 3532 732 3585 ferre
772 3546 876 3585 non
915 3539 1109 3601 potest.
1153 3530 1430 3597 Quomodo
1473 3540 1650 3586 autem
1693 3546 1759 3586 ex
1802 3531 1894 3585 illo

317 3622 660 3691 proﬁcimus?
704 3622 832 3676 Dum
885 3621 1023 3676 illius
1076 3622 1459 3677 immanitatem
1508 3633 1892 3692 perpetuasque

315 3716 532 3769 insidias
558 3731 620 3769 ac
649 3714 857 3769 fraudes
880 3715 1053 3793 varias
1073 3714 1284 3769 solliciti
1315 3715 1619 3780 metuimus,
1644 3730 1889 3769 somnum

315 3808 657 3861 immodicum
700 3807 1061 3874 cxcludimus,
1086 3806 1395 3875 vigilamus,
1439 3821 1755 3876 semperque
1786 3807 1889 3861 Do-

315 3899 443 3952 mini
472 3899 882 3953 reminiscimur.
920 3897 1069 3966 Quod
1101 3906 1277 3953 autetn
1308 3897 1420 3951 haec
1458 3912 1573 3951 mea
1605 3913 1708 3952 non
1750 3897 1885 3961 sint,

313 3993 405 4046 sed
440 3992 577 4046 beati
609 3991 786 4054 Pauli,
819 3992 988 4059 ipsum
1015 3990 1158 4052 audi,
1189 3991 1390 4046 eisdem
1422 3990 1531 4045 fere
1552 3992 1729 4047 verbis
1756 3992 1886 4048 fide-

313 4085 390 4139 les
407 4085 735 4139 dormientes
751 4085 1087 4138 excitantem.
1107 4083 1236 4137 Nam
1268 4083 1512 4153 Ephesiis
1538 4101 1657 4139 cum
1684 4085 1886 4140 scribe-

312 4186 414 4241 ret,
444 4176 520 4230 sic
548 4177 656 4229 ait:
690 4174 809 4227 Non
839 4184 909 4228 est
938 4175 1078 4228 nobis
1106 4175 1394 4229 colluctatio
1422 4177 1657 4230 adversm
1687 4193 1887 4231 carnem

311 4277 357 4319 et
396 4268 722 4337 sanguinem,
768 4267 857 4320 sed
899 4267 1137 4321 adversus
1181 4269 1491 4338 principatus
1515 4277 1561 4321 et
1589 4278 1883 4337 potestates,

312 4359 548 4413 adversus
577 4359 750 4412 mundi
774 4369 988 4413 rectores
1018 4358 1327 4411 tenebrarum
1358 4359 1510 4429 hujus
1547 4359 1717 4412 siccati
1738 4401 1751 4423 ,
1795 4360 1889 4411 ad-

313 4466 482 4505 versus
510 4452 796 4518 spiritualia
824 4451 1053 4521 nequitia:
1078 4451 1130 4503 in
1156 4450 1430 4504 caelestibus
1457 4449 1671 4518 (Ephes.
1695 4450 1745 4505 6.
1772 4449 1883 4519 12).

313 4544 437 4604 llaec
461 4556 636 4598 autem
666 4560 784 4598 cum
815 4545 1049 4608 diceret,
1084 4560 1187 4596 non
1209 4543 1437 4613 dejicere
1468 4544 1712 4599 studebat
1735 4544 1885 4598 audi-

316 4648 487 4691 torum
527 4637 763 4699 animos,
794 4637 885 4689 sed
915 4637 1087 4704 potius
1114 4635 1339 4706 erigere.
1375 4636 1557 4689 Petrus
1581 4636 1701 4689 item
1734 4654 1745 4687 :
1782 4637 1885 4689 So-

311 4726 409 4780 ὺήὶ
450 4736 601 4780 estote
627 4737 672 4780 et
698 4728 926 4798 vigilate,
971 4728 1090 4797 quia
1119 4728 1433 4780 adversarius
1473 4737 1629 4780 vester
1657 4726 1885 4780 diabolus

312 4831 565 4890 tamquam
606 4821 683 4874 leo
712 4821 913 4890 rugiens
957 4821 1132 4874 circuit
1174 4837 1402 4890 quaerens
1447 4838 1594 4891 quem
1643 4822 1886 4874 devoret:

311 4914 392 4966 cui
428 4913 639 4966 resistite
679 4916 829 4982 fortes
858 4914 910 4965 in
948 4912 1048 4973 ﬁde
1091 4914 1163 4981 (1.
1194 4910 1336 4965 Petr.
1378 4914 1430 4967 5.
1461 4912 1540 4981 8).
1573 4912 1681 4966 lloc
1708 4920 1886 4965 autem

311 5006 444 5059 dixit
471 5013 526 5058 ut
566 5020 663 5058 nos
703 5004 948 5057 fortiores
974 5003 1243 5069 efﬁceret,
1290 5014 1342 5057 et
1382 5003 1448 5057 ad
1480 5006 1733 5071 majorem
1765 5018 1884 5057 cum

312 5098 420 5152 Deo
446 5096 856 5154 familiaritatem
888 5097 1178 5150 induceret.
1201 5096 1299 5164 Qui
1326 5097 1465 5149 enim
1488 5096 1763 5149 imminere
1785 5095 1886 5150 sibi

311 5199 482 5243 cernit
512 5189 813 5255 inimicum,
846 5188 1033 5256 majori
1078 5188 1142 5241 ad
1175 5188 1323 5242 illum
1350 5189 1514 5242 currit
1542 5188 1827 5251 desiderio,
1856 5204 1887 5242 a

312 5298 418 5351 quo
441 5280 653 5359 defendi
682 5280 866 5349 possit.
901 5279 974 5334 Ita
1008 5279 1118 5334 fere
1147 5278 1373 5334 infantes
1402 5280 1583 5349 pueri,
1615 5295 1732 5333 cum
1760 5279 1888 5349 quid

314 5375 637 5431 horrendum
665 5373 926 5440 viderint,
973 5375 1037 5430 ad
1084 5384 1309 5429 matrum
1353 5376 1499 5429 sinus
1538 5376 1777 5446 protinus
1809 5377 1891 5429 fu-

314 5467 460 5537 giunt
480 5508 496 5533 ,
542 5467 859 5536 illarumque
889 5466 1179 5536 pendentes
1215 5468 1447 5522 vestibus
1472 5467 1550 5521 eis
1576 5482 1634 5521 se
1678 5477 1890 5520 tuentur

313 5576 377 5615 ac
402 5568 699 5631 protegunt,
728 5569 887 5631 atque
913 5560 982 5613 ita
1010 5569 1066 5614 ut
1091 5560 1286 5627 smpius
1311 5561 1701 5614 retrahentibus
1727 5559 1891 5628 pluri-

316 5654 416 5707 mis
458 5653 578 5707 inde
622 5653 777 5709 avelli
824 5669 929 5706 non
968 5652 1198 5721 possint.
1241 5653 1309 5706 At
1351 5666 1477 5706 vero
1504 5651 1713 5721 quando
1758 5649 1888 5704 nihil

314 5745 575 5814 ejusmodi
612 5744 917 5816 perturbat,
947 5759 1013 5796 ne
1037 5752 1287 5797 vocantes
1314 5741 1527 5813 quidem
1568 5741 1685 5796 illas
1722 5757 1889 5797 exau-

315 5837 500 5901 diunt,
543 5850 713 5903 neque
756 5833 893 5889 trahi
918 5834 1188 5891 patiuntur
1227 5851 1242 5888 :
1288 5835 1397 5890 imo
1436 5836 1765 5905 appellantes
1802 5852 1890 5892 re-

638 5922 908 5991 ΡΑτιοι.
958 5926 1074 5985 Gn.
1122 5926 1371 5987 XLl'll.

1219 390 1308 445 AD
1341 386 1714 445 δτι-161111οΜ
1754 388 1797 443 Δ
1836 386 1896 442 D.

2003 383 2135 440 ONE
2175 386 2529 446 VEXATUM.
2570 388 2699 446 LIB.
2730 392 2772 448 Ι.
3482 399 3590 456 451

2016 509 2232 568 spuunt,
2264 511 2318 556 et
2345 518 2466 558 cum
2509 504 2735 574 plurima
2760 504 2866 561 illae
2892 508 3197 575 moliantur,
3229 518 3285 566 ut
3325 510 3391 566 ad
3415 527 3474 567 se
3497 528 3591 567 eos

2015 593 2356 662 pertrahant,
2416 611 2628 666 semper
2676 613 2768 653 eas
2815 610 3148 668 aversantur,
3194 604 3595 676 appositamqne

2019 702 2257 740 mensam
2285 687 2604 757 despiciunt.
2632 690 2891 756 Quocirca
2920 703 3148 748 malrum
3182 695 3441 763 plurima},
3470 712 3591 754 cum

2017 777 2144 830 nihil
2165 778 2495 833 obsecrando
2517 783 2773 850 proficere
2794 798 2852 838 se
2873 784 3121 851 viderint,
3147 786 3316 840 larvas
3336 792 3590 858 quasdam

2018 870 2357 942 horrorisque
2384 874 2629 943 ﬁgmenta
2664 885 2878 945 parant,
2922 887 3081 950 atque
3108 880 3225 935 illos
3265 880 3480 936 demum
3525 884 3591 938 ad

2016 963 2241 1018 reditum
2288 966 2597 1034 impellunt,
2636 969 3062 1041 persuadeutque
3085 973 3150 1026 ad
3189 989 3248 1027 se
3293 974 3481 1030 iterum
3510 993 3595 1030 re-

2015 1068 2249 1107 currere.
2280 1055 2391 1110 lloc
2413 1066 2589 1111 autem
2619 1075 2723 1113 non
2754 1060 2805 1114 in
2832 1062 2961 1115 solis
2988 1064 3167 1133 pueris
3195 1065 3472 1136 contingit,
3499 1067 3593 1121 sed

2013 1143 2172 1196 etiam
2213 1145 2263 1197 in
2292 1146 2462 1199 nobis.
2491 1146 2715 1212 Quando
2753 1150 2894 1203 enim
2934 1152 3196 1223 malignus
3220 1153 3305 1208 ille
3332 1158 3595 1223 perterret

2015 1246 2111 1286 nos
2122 1242 2280 1301 atque
2297 1235 2587 1303 perturbat,
2610 1248 2731 1292 tunc
2749 1239 2880 1310 frugi
2900 1241 3177 1308 efﬁcimur,
3197 1252 3321 1298 tunc
3338 1260 3436 1299 nos
3450 1247 3594 1316 ipsos

2016 1328 2350 1394 agnoscimus
2372 1370 2387 1395 ,
2422 1340 2545 1383 tunc
2576 1330 2642 1384 ad
2676 1331 2839 1387 Deum
2867 1334 3010 1387 omni
3039 1336 3215 1388 studio
3244 1336 3590 1391 recurrimus.

2012 1415 2161 1483 Quod
2175 1418 2218 1472 si
2235 1418 2443 1475 deletus
2456 1421 2523 1475 ab
2546 1422 2693 1475 initio
2710 1440 2934 1492 nequam
2950 1424 3037 1479 ille
3049 1424 3236 1480 fuisset
3252 1436 3409 1497 atque
3424 1431 3592 1482 subla-

2014 1519 2095 1563 tus
2108 1525 2137 1564 e
2151 1511 2343 1577 medio,
2361 1512 2584 1568 fortasse
2596 1530 2693 1569 nec
2709 1516 2971 1583 prmterita
2982 1517 3331 1573 credidissent
3346 1520 3585 1587 plurimi:

2015 1610 2137 1669 puta
2169 1602 2308 1672 quod
2338 1604 2606 1660 hominem
2634 1604 2933 1675 fefellisset,
2961 1607 3102 1678 quod
3130 1609 3282 1664 bonis
3308 1611 3411 1665 illis
3435 1611 3592 1665 innu-

2014 1695 2175 1749 meris
2206 1711 2326 1749 eum
2355 1696 2599 1766 ejecisset
2620 1740 2635 1765 ,
2684 1700 2955 1770 Deumque
2984 1702 3084 1756 hoc
3123 1703 3315 1758 invidia
3347 1714 3401 1758 et
3425 1705 3589 1759 livore

2010 1797 2334 1841 commotum
2385 1789 2573 1844 fecisse
2615 1790 3023 1846 arbitrarentur.
3074 1792 3297 1859 Quando
3338 1794 3481 1849 enim
3522 1810 3590 1851 ne

2010 1878 2171 1933 modo
2198 1880 2412 1949 quidem
2438 1880 2651 1946 desunt,
2677 1883 2767 1952 qui
2790 1892 2909 1952 post
2936 1893 3077 1938 tanta
3102 1885 3241 1941 illius
3265 1885 3590 1942 seductionis

2013 1970 2204 2025 indicia
2253 1971 2304 2025 id
2353 1971 2552 2027 audent
2595 1973 2811 2028 dicere:
2844 1976 2889 2029 si
2922 1990 3026 2030 non
3071 1976 3213 2031 illius
3245 1978 3494 2046 nequitiae
3534 1987 3591 2033 et

2009 2075 2155 2116 astus
2199 2065 2566 2133 experimenta
2622 2067 2921 2136 cepissent,
2971 2068 3097 2139 quid
3149 2085 3252 2125 non
3293 2069 3584 2134 dixissent.

2010 2154 2136 2224 quid
2168 2170 2271 2209 non
2313 2156 2587 2227 obloquuti
2632 2157 2895 2214 fuissent?
2932 2159 3084 2228 Quod
3111 2161 3156 2214 si
3197 2161 3477 2233 diligenter
3505 2161 3590 2218 his

2008 2263 2125 2315 quae
2149 2248 2283 2302 fiunt
2300 2250 2533 2304 animum
2563 2252 2838 2306 intendere
2861 2253 3107 2317 velimus,
3137 2254 3466 2309 inveniemus
3487 2256 3588 2309 mi-

2009 2338 2152 2393 nime
2194 2339 2260 2393 ad
2289 2341 2465 2395 omnia
2514 2356 2612 2395 nos
2651 2343 2919 2397 diabolum
2967 2345 3276 2413 impellere,
3328 2345 3421 2401 sed
3465 2361 3586 2400 cum

2008 2434 2354 2501 plurimorum
2402 2437 2491 2491 ille
2528 2438 2684 2493 nobis
2721 2438 2962 2508 lapsuum
3009 2440 3079 2493 sit
3120 2450 3324 2506 auctor,
3358 2441 3585 2510 plurima

2008 2526 2131 2579 item
2175 2529 2530 2596 nosmetipsos
2576 2544 2671 2598 per
2709 2543 2944 2585 nostram
2975 2532 3142 2586 solam
3188 2531 3484 2587 socordiam
3525 2547 3587 2587 ac

2007 2617 2380 2687 negligentiam
2425 2620 2552 2688 pati.
2583 2619 2681 2675 Ubi
2727 2622 2869 2675 enim
2891 2663 2906 2687 ,
2951 2630 3007 2675 ut
3049 2621 3116 2675 ad
3148 2622 3321 2691 priora
3351 2633 3586 2677 reverta-

2005 2723 2144 2772 mur,
2173 2708 2236 2761 ad
2264 2709 2390 2762 Cain
2418 2710 2686 2764 diabolum
2714 2713 3027 2777 accessisse,
3055 2713 3450 2784 fraternamque
3474 2728 3582 2766 ca:-

2003 2798 2126 2851 dem
2166 2800 2493 2869 sqggessisse
2543 2800 2801 2871 legimus?
2827 2801 2959 2856 Nam
3000 2803 3155 2856 matri
3186 2802 3400 2873 quidem
3442 2802 3586 2858 illius

2005 2890 2148 2944 visus
2177 2900 2260 2945 est
2280 2891 2504 2961 loquens
2526 2891 2871 2963 fraudemque
2890 2892 3239 2960 concinnatis,
3266 2893 3389 2949 huic
3408 2906 3584 2948 autem

2003 2984 2242 3047 minime,
2273 2983 2372 3036 nisi
2402 2985 2535 3037 forte
2560 2984 2821 3055 quispiam
2867 2985 3033 3038 malas
3065 2986 3208 3039 illum
3238 2987 3584 3057 cogitationes

2002 3076 2146 3131 dicat
2173 3078 2490 3140 immisisse;
2522 3078 2571 3131 id
2600 3088 2775 3133 tamen
2800 3086 2967 3132 totum
2995 3079 3137 3132 illius
3158 3081 3313 3150 culpa
3338 3080 3579 3152 contigit,

2000 3168 2090 3236 qui
2123 3177 2491 3237 suggerentetn
2520 3168 2769 3233 admisit,
2812 3169 2991 3239 illique
3017 3170 3219 3238 paruit,
3250 3181 3409 3240 atque
3436 3173 3579 3242 prin-

2001 3260 2195 3325 cipium
2250 3261 2331 3312 sui
2389 3258 2672 3313 invadendi
2741 3261 3003 3330 praestitit.
3057 3260 3307 3318 Attamen
3359 3277 3459 3318 nec
3503 3263 3582 3320 sic

2001 3349 2147 3403 illum
2187 3349 2389 3404 dimisit
2426 3351 2597 3417 Deus,
2636 3368 2821 3407 verum
2862 3368 2926 3406 ex
2962 3351 3060 3418 iis,
3101 3369 3197 3423 per
3229 3371 3348 3425 quae
3392 3358 3581 3424 punire

2000 3440 2294 3506 videbatur,
2314 3441 2601 3497 admonere
2629 3443 2800 3511 potius
2817 3452 2974 3513 atque
2995 3445 3265 3514 corripere
3281 3462 3385 3501 non
3398 3448 3576 3502 desiit.

2069 3531 2155 3585 Ea:
2173 3534 2383 3585 historia
2403 3534 2578 3587 diluvii
2600 3534 2961 3603 providentiam
2987 3533 3087 3590 Dei
3106 3539 3342 3596 ostendit.
3359 3539 3578 3609 -—Quid

1998 3633 2172 3677 autem
2196 3624 2325 3677 Cain
2352 3624 2447 3678 viri
2470 3626 2625 3678 unius
2649 3625 2963 3694 supplicium
2984 3626 3124 3693 dico,
3149 3629 3576 3699 quandoquidem

1997 3716 2157 3769 etiam
2181 3715 2458 3781 diluvium,
2485 3717 2536 3769 in
2559 3732 2661 3787 quo
2686 3726 2762 3771 tot
2788 3718 2999 3786 periere
3020 3720 3140 3784 viri,
3170 3720 3261 3775 Dei
3284 3721 3437 3776 nobis
3459 3738 3581 3791 pro-

2002 3808 2285 3862 videntiam
2315 3810 2651 3878 apertissime
2676 3820 2849 3879 potest
2868 3825 3109 3865 asserere
3128 3810 3152 3864 ?
3170 3810 3406 3866 Primum
3435 3814 3576 3869 enim

1999 3915 2103 3954 non
2135 3908 2335 3954 temere
2366 3916 2535 3969 neque
2557 3901 2823 3969 insperate
2849 3901 3149 3970 hujusmodi
3176 3903 3312 3957 mala
3341 3903 3573 3969 induxit,

1998 3992 2091 4046 sed
2120 3993 2231 4046 fore
2258 3992 2534 4060 praedixit:
2570 3991 2728 4061 idque
2755 4008 2858 4045 non
2880 4004 3003 4047 ante
3031 3992 3189 4048 breve
3220 4003 3447 4063 tempus.
3481 3996 3574 4051 sed

1995 4093 2121 4138 ante
2146 4094 2363 4138 centum
2393 4092 2447 4138 et
2475 4084 2656 4153 viginti
2687 4098 2874 4139 annos.
2920 4084 3053 4138 Tum
3080 4099 3227 4149 vero,
3270 4101 3339 4140 ne
3359 4101 3425 4139 ex
3456 4086 3575 4140 loo-

1993 4177 2230 4246 gitudine
2262 4176 2617 4244 prmdictionis
2658 4176 2710 4230 in
2739 4177 3059 4232 oblivionem
3090 4192 3153 4232 ac
3197 4178 3571 4249 negligentiam

1994 4270 2292 4324 inciderent
2318 4310 2333 4332 ,
2375 4268 2625 4322 a-diﬁcari
2655 4282 2833 4323 arcam
2867 4269 2918 4321 in
2947 4268 3115 4322 oculis
3152 4271 3389 4323 omnium
3434 4285 3575 4339 prae-

1992 4361 2167 4428 cepit,
2209 4375 2341 4414 voce
2371 4361 2512 4413 omni
2541 4358 2739 4413 clarius
2774 4359 3125 4426 clamantem,
3161 4360 3363 4430 Deique
3392 4362 3567 4416 minas

1993 4452 2241 4505 omnibus
2272 4451 2694 4504 annuntiantem.
2727 4450 2857 4505 Cain
2883 4451 3080 4520 quippe
3106 4451 3381 4506 hominum
3413 4468 3568 4509 men-

1996 4544 2134 4598 tibus
2161 4544 2470 4607 exciderat;
2505 4544 2589 4597 illa
2624 4558 2748 4597 vero
2768 4556 2889 4596 ante
2916 4545 3154 4597 omnium
3179 4544 3366 4600 oculos
3397 4547 3567 4615 posita

1989 4639 2186 4707 jugiler
2228 4637 2615 4691 immiuentium
2643 4636 2741 4690 sibi
2775 4637 3030 4690 malorum
3058 4636 3178 4691 illos
3204 4637 3561 4694 admonebat:

1993 4746 2090 4786 nec
2120 4732 2195 4785 sic
2235 4740 2408 4785 tamen
2436 4730 2511 4783 illi
2540 4729 2805 4783 emendati
2845 4739 2985 4793 sunt,
3014 4732 3105 4783 sed
3134 4730 3184 4784 in
3210 4732 3351 4786 vitiis
3378 4747 3562 4801 perse-

1994 4836 2330 4886 veraverunt,
2370 4821 2625 4892 supplicia
2648 4822 2879 4889 sibiipsis
2900 4822 3293 4877 consciscentes
3313 4831 3471 4894 atque
3492 4835 3574 4879 at-

1994 4916 2287 4969 trahentes.
2322 4914 2458 4967 Deus
2493 4913 2633 4966 enim
2662 4913 2913 4966 diluvium
2942 4913 3111 4980 ipsum
3149 4928 3321 4982 neque
3349 4916 3571 4969 commi-

1994 5007 2106 5060 nari
2138 5049 2152 5067 ,
2184 5020 2353 5074 neque
2400 5002 2598 5059 inferre
2639 5003 2914 5070 voluisset,
2951 5004 3105 5057 sicuti
3147 5019 3247 5058 nec
3271 5005 3568 5075 gehennam

1994 5100 2185 5168 ipsam.
2218 5098 2411 5152 Verum
2443 5098 2678 5150 omnium
2728 5111 2826 5151 nos
2852 5097 2951 5165 ipsi
2992 5097 3146 5151 nolns
3171 5113 3328 5153 causa
3359 5114 3571 5156 sumus;

1993 5191 2133 5260 quod
2174 5204 2293 5242 cum
2331 5188 2755 5256 sapientissimus
2797 5186 3009 5256 quidam
3051 5187 3292 5252 videret,
3324 5189 3571 5243 dicebat:

1995 5280 2132 5334 Deus
2161 5289 2367 5332 mortem
2395 5294 2492 5331 non
2523 5278 2659 5346 fecit,
2689 5294 2776 5331 nec
2802 5279 2999 5331 letatur
3020 5278 3069 5330 in
3101 5280 3378 5347 perditione
3406 5282 3571 5335 viven-

1995 5375 2118 5424 tium
2161 5369 2328 5437 (δίῳ.
2362 5372 2410 5422 1.
2448 5368 2566 5438 15).
2602 5370 2676 5422 Ac
2703 5369 2841 5423 Deus
2872 5369 2985 5435 ipse
3010 5384 3106 5439 per
3136 5369 3444 5438 prOphetam
3475 5374 3567 5425 ait:

1997 5462 2135 5516 Nolo
2175 5474 2383 5514 mortem
2429 5460 2703 5529 peccatoris
2729 5500 2741 5519 ,
2776 5460 2862 5512 sed
2904 5470 2958 5511 ut
3006 5471 3327 5513 convertatur
3351 5471 3398 5514 et
3443 5465 3568 5516 vivat

1996 5565 2013 5626 (
2052 5554 2234 5609 fizech.
2297 5553 2382 5608 l8.
2432 5552 2558 5621 23).
2595 5554 2666 5606 At
2705 5568 2832 5605 vero
2879 5567 2977 5604 nos
3019 5553 3119 5605 nisi
3165 5565 3567 5616 convertamur.

1997 5648 2388 5701 damnationem
2436 5646 2592 5698 nobis
2634 5645 2763 5713 ipsis
2790 5644 2927 5697 ultro
2960 5660 3293 5715 mortemque
3330 5646 3573 5713 congeri-

1997 5756 2136 5803 mus,
2170 5752 2272 5791 non
2306 5737 2444 5791 Deus
2463 5736 2556 5805 qui
2590 5750 2686 5789 nos
2714 5736 2888 5803 perire
2915 5735 3176 5801 noluerat,
3209 5737 3403 5807 quippe
3434 5737 3571 5796 riam

1998 5828 2283 5900 effugiendi
2312 5828 2463 5882 nobis
2503 5826 2831 5883 ostenderat.
2876 5826 3086 5898 Ergone
3113 5827 3162 5881 id
3203 5828 3374 5885 solum
3408 5828 3543 5886 habe

3133 5918 3211 5976 25
