  <div class='ocr_page' id='page_1' title='image "/cluster/home/n/w/nwhite01/storage/ocr_20150623/47/nnc1.0046978321/397.png"; bbox 0 0 4116 6392; ppageno 0'>
   <div class='ocr_carea' id='block_1_1' title="bbox 551 345 662 406">
    <p class='ocr_par' dir='ltr' id='par_1_1' title="bbox 551 345 662 406">
     <span class='ocr_line' id='line_1_1' title="bbox 551 345 662 406; baseline 0.009 -1"><span class='ocrx_word' id='word_1_1' title='bbox 551 345 662 406; x_wconf 60' lang='grc' dir='ltr'><strong>τῗῶ</strong></span> 
     </span>
    </p>
   </div>
   <div class='ocr_carea' id='block_1_2' title="bbox 557 475 2116 551">
    <p class='ocr_par' dir='ltr' id='par_1_2' title="bbox 557 475 2116 551">
     <span class='ocr_line' id='line_1_2' title="bbox 557 475 2116 551; baseline -0.001 -17"><span class='ocrx_word' id='word_1_2' title='bbox 557 495 696 548; x_wconf 87' lang='lat' dir='ltr'><strong>mus,</strong></span> <span class='ocrx_word' id='word_1_3' title='bbox 724 478 865 551; x_wconf 86' lang='lat' dir='ltr'><strong>quod</strong></span> <span class='ocrx_word' id='word_1_4' title='bbox 898 479 967 534; x_wconf 91' lang='lat' dir='ltr'><strong>de</strong></span> <span class='ocrx_word' id='word_1_5' title='bbox 995 475 1196 534; x_wconf 90' lang='lat' dir='ltr'><strong>diluvio</strong></span> <span class='ocrx_word' id='word_1_6' title='bbox 1233 477 1412 534; x_wconf 83' lang='lat' dir='ltr'><strong>dicere</strong></span> <span class='ocrx_word' id='word_1_7' title='bbox 1441 478 1732 547; x_wconf 86' lang='lat' dir='ltr'><strong>possimus,</strong></span> <span class='ocrx_word' id='word_1_8' title='bbox 1776 478 2025 547; x_wconf 89' lang='lat' dir='ltr'><strong>nullaque</strong></span> <span class='ocrx_word' id='word_1_9' title='bbox 2049 493 2116 533; x_wconf 88' lang='lat' dir='ltr'><strong>ex</strong></span> 
     </span>
    </p>
   </div>
   <div class='ocr_carea' id='block_1_3' title="bbox 553 568 2119 640">
    <p class='ocr_par' dir='ltr' id='par_1_3' title="bbox 553 568 2119 640">
     <span class='ocr_line' id='line_1_3' title="bbox 553 568 2119 640; baseline 0 -16"><span class='ocrx_word' id='word_1_10' title='bbox 553 586 621 624; x_wconf 89' lang='lat' dir='ltr'><strong>eo</strong></span> <span class='ocrx_word' id='word_1_11' title='bbox 648 569 906 639; x_wconf 84' lang='lat' dir='ltr'><strong>prodiisse</strong></span> <span class='ocrx_word' id='word_1_12' title='bbox 924 569 1278 624; x_wconf 86' lang='lat' dir='ltr'><strong>emolumenta</strong></span> <span class='ocrx_word' id='word_1_13' title='bbox 1307 568 1584 623; x_wconf 77' lang='lat' dir='ltr'><strong>dicemus?</strong></span> <span class='ocrx_word' id='word_1_14' title='bbox 1611 568 1722 623; x_wconf 89' lang='lat' dir='ltr'><strong>Diei</strong></span> <span class='ocrx_word' id='word_1_15' title='bbox 1749 568 1986 640; x_wconf 88' lang='lat' dir='ltr'><strong>profecto</strong></span> <span class='ocrx_word' id='word_1_16' title='bbox 2015 583 2119 624; x_wconf 92' lang='lat' dir='ltr'><strong>non</strong></span> 
     </span>
    </p>
   </div>
   <div class='ocr_carea' id='block_1_4' title="bbox 553 658 2121 730">
    <p class='ocr_par' dir='ltr' id='par_1_4' title="bbox 553 658 2121 730">
     <span class='ocr_line' id='line_1_4' title="bbox 553 658 2121 730; baseline 0.001 -16"><span class='ocrx_word' id='word_1_17' title='bbox 553 668 729 730; x_wconf 88' lang='lat' dir='ltr'><strong>potest</strong></span> <span class='ocrx_word' id='word_1_18' title='bbox 764 670 1017 730; x_wconf 91' lang='lat' dir='ltr'><strong>quantum</strong></span> <span class='ocrx_word' id='word_1_19' title='bbox 1050 659 1286 714; x_wconf 90' lang='lat' dir='ltr'><strong>utilitatis</strong></span> <span class='ocrx_word' id='word_1_20' title='bbox 1327 667 1384 714; x_wconf 90' lang='lat' dir='ltr'><strong>et</strong></span> <span class='ocrx_word' id='word_1_21' title='bbox 1425 658 1490 714; x_wconf 92' lang='lat' dir='ltr'><strong>iis</strong></span> <span class='ocrx_word' id='word_1_22' title='bbox 1515 659 1604 730; x_wconf 88' lang='lat' dir='ltr'><strong>qui</strong></span> <span class='ocrx_word' id='word_1_23' title='bbox 1643 661 1733 715; x_wconf 93' lang='lat' dir='ltr'><strong>illa</strong></span> <span class='ocrx_word' id='word_1_24' title='bbox 1779 661 2121 716; x_wconf 82' lang='lat' dir='ltr'><strong>inundatione</strong></span> 
     </span>
    </p>
   </div>
   <div class='ocr_carea' id='block_1_5' title="bbox 551 748 2116 820">
    <p class='ocr_par' dir='ltr' id='par_1_5' title="bbox 551 748 2116 820">
     <span class='ocr_line' id='line_1_5' title="bbox 551 748 2116 820; baseline 0 -16"><span class='ocrx_word' id='word_1_25' title='bbox 551 750 757 818; x_wconf 90' lang='lat' dir='ltr'><strong>periere</strong></span> <span class='ocrx_word' id='word_1_26' title='bbox 773 791 788 816; x_wconf 96' lang='lat'><strong>,</strong></span> <span class='ocrx_word' id='word_1_27' title='bbox 815 761 870 805; x_wconf 91' lang='lat' dir='ltr'><strong>et</strong></span> <span class='ocrx_word' id='word_1_28' title='bbox 894 748 1102 804; x_wconf 73' lang='lat' dir='ltr'><strong>eteteris</strong></span> <span class='ocrx_word' id='word_1_29' title='bbox 1128 749 1215 820; x_wconf 90' lang='lat' dir='ltr'><strong>qui</strong></span> <span class='ocrx_word' id='word_1_30' title='bbox 1241 758 1421 819; x_wconf 90' lang='lat' dir='ltr'><strong>postea</strong></span> <span class='ocrx_word' id='word_1_31' title='bbox 1443 750 1587 805; x_wconf 90' lang='lat' dir='ltr'><strong>fuere</strong></span> <span class='ocrx_word' id='word_1_32' title='bbox 1606 791 1621 814; x_wconf 93' lang='lat'><strong>,</strong></span> <span class='ocrx_word' id='word_1_33' title='bbox 1651 750 1773 806; x_wconf 90' lang='lat' dir='ltr'><strong>inde</strong></span> <span class='ocrx_word' id='word_1_34' title='bbox 1796 752 2116 820; x_wconf 85' lang='lat' dir='ltr'><strong>provenerit.</strong></span> 
     </span>
    </p>
   </div>
   <div class='ocr_carea' id='block_1_6' title="bbox 551 839 2120 911">
    <p class='ocr_par' dir='ltr' id='par_1_6' title="bbox 551 839 2120 911">
     <span class='ocr_line' id='line_1_6' title="bbox 551 839 2120 911; baseline 0.001 -17"><span class='ocrx_word' id='word_1_35' title='bbox 551 839 630 895; x_wconf 88' lang='lat' dir='ltr'><strong>illi</strong></span> <span class='ocrx_word' id='word_1_36' title='bbox 676 839 818 894; x_wconf 91' lang='lat' dir='ltr'><strong>enim</strong></span> <span class='ocrx_word' id='word_1_37' title='bbox 863 840 1083 894; x_wconf 91' lang='lat' dir='ltr'><strong>ulterius</strong></span> <span class='ocrx_word' id='word_1_38' title='bbox 1121 840 1173 894; x_wconf 94' lang='lat' dir='ltr'><strong>in</strong></span> <span class='ocrx_word' id='word_1_39' title='bbox 1194 839 1336 894; x_wconf 82' lang='lat' dir='ltr'><strong>vitiis</strong></span> <span class='ocrx_word' id='word_1_40' title='bbox 1372 855 1437 895; x_wconf 91' lang='lat' dir='ltr'><strong>ac</strong></span> <span class='ocrx_word' id='word_1_41' title='bbox 1469 839 1680 909; x_wconf 84' lang='lat' dir='ltr'><strong>ﬂagitiis</strong></span> <span class='ocrx_word' id='word_1_42' title='bbox 1718 841 1962 911; x_wconf 80' lang='lat' dir='ltr'><strong>progredi</strong></span> <span class='ocrx_word' id='word_1_43' title='bbox 2000 855 2120 910; x_wconf 90' lang='lat' dir='ltr'><strong>per-</strong></span> 
     </span>
    </p>
   </div>
   <div class='ocr_carea' id='block_1_7' title="bbox 553 932 2115 1005">
    <p class='ocr_par' dir='ltr' id='par_1_7' title="bbox 553 932 2115 1005">
     <span class='ocr_line' id='line_1_7' title="bbox 553 932 2115 1005; baseline 0.003 -19"><span class='ocrx_word' id='word_1_44' title='bbox 553 933 699 987; x_wconf 87' lang='lat' dir='ltr'><strong>missi</strong></span> <span class='ocrx_word' id='word_1_45' title='bbox 727 947 833 987; x_wconf 94' lang='lat' dir='ltr'><strong>non</strong></span> <span class='ocrx_word' id='word_1_46' title='bbox 857 932 1104 999; x_wconf 87' lang='lat' dir='ltr'><strong>fuerunt;</strong></span> <span class='ocrx_word' id='word_1_47' title='bbox 1131 935 1219 1004; x_wconf 90' lang='lat' dir='ltr'><strong>qui</strong></span> <span class='ocrx_word' id='word_1_48' title='bbox 1248 947 1420 988; x_wconf 90' lang='lat' dir='ltr'><strong>autem</strong></span> <span class='ocrx_word' id='word_1_49' title='bbox 1449 943 1567 1004; x_wconf 91' lang='lat' dir='ltr'><strong>post</strong></span> <span class='ocrx_word' id='word_1_50' title='bbox 1591 934 1710 989; x_wconf 87' lang='lat' dir='ltr'><strong>illos</strong></span> <span class='ocrx_word' id='word_1_51' title='bbox 1739 935 1947 1005; x_wconf 88' lang='lat' dir='ltr'><strong>sequuti</strong></span> <span class='ocrx_word' id='word_1_52' title='bbox 1973 944 2115 1002; x_wconf 92' lang='lat' dir='ltr'><strong>sunt,</strong></span> 
     </span>
    </p>
   </div>
   <div class='ocr_carea' id='block_1_8' title="bbox 549 1020 2119 1092">
    <p class='ocr_par' dir='ltr' id='par_1_8' title="bbox 549 1020 2119 1092">
     <span class='ocr_line' id='line_1_8' title="bbox 549 1020 2119 1092; baseline 0.006 -18"><span class='ocrx_word' id='word_1_53' title='bbox 549 1020 750 1092; x_wconf 84' lang='lat' dir='ltr'><strong>majora</strong></span> <span class='ocrx_word' id='word_1_54' title='bbox 775 1038 936 1092; x_wconf 90' lang='lat' dir='ltr'><strong>quam</strong></span> <span class='ocrx_word' id='word_1_55' title='bbox 983 1021 1057 1078; x_wconf 88' lang='lat' dir='ltr'><strong>illi</strong></span> <span class='ocrx_word' id='word_1_56' title='bbox 1086 1024 1230 1079; x_wconf 88' lang='lat' dir='ltr'><strong>lucra</strong></span> <span class='ocrx_word' id='word_1_57' title='bbox 1257 1024 1589 1091; x_wconf 90' lang='lat' dir='ltr'><strong>retulerunt,</strong></span> <span class='ocrx_word' id='word_1_58' title='bbox 1638 1023 1903 1081; x_wconf 90' lang='lat' dir='ltr'><strong>fermento</strong></span> <span class='ocrx_word' id='word_1_59' title='bbox 1921 1067 1937 1091; x_wconf 90' lang='lat'><strong>,</strong></span> <span class='ocrx_word' id='word_1_60' title='bbox 1968 1035 2024 1080; x_wconf 93' lang='lat' dir='ltr'><strong>ut</strong></span> <span class='ocrx_word' id='word_1_61' title='bbox 2047 1029 2119 1083; x_wconf 86' lang='lat' dir='ltr'><strong>ita</strong></span> 
     </span>
    </p>
   </div>
   <div class='ocr_carea' id='block_1_9' title="bbox 549 1111 2115 1184">
    <p class='ocr_par' dir='ltr' id='par_1_9' title="bbox 549 1111 2115 1184">
     <span class='ocr_line' id='line_1_9' title="bbox 549 1111 2115 1184; baseline 0.006 -20"><span class='ocrx_word' id='word_1_62' title='bbox 549 1111 796 1177; x_wconf 82' lang='lat' dir='ltr'><strong>dixerim,</strong></span> <span class='ocrx_word' id='word_1_63' title='bbox 823 1113 1155 1184; x_wconf 82' lang='lat' dir='ltr'><strong>materiaque</strong></span> <span class='ocrx_word' id='word_1_64' title='bbox 1186 1114 1445 1168; x_wconf 88' lang='lat' dir='ltr'><strong>malorum</strong></span> <span class='ocrx_word' id='word_1_65' title='bbox 1475 1130 1506 1170; x_wconf 91' lang='lat' dir='ltr'><strong>e</strong></span> <span class='ocrx_word' id='word_1_66' title='bbox 1560 1116 1738 1170; x_wconf 88' lang='lat' dir='ltr'><strong>medio</strong></span> <span class='ocrx_word' id='word_1_67' title='bbox 1777 1116 1995 1171; x_wconf 81' lang='lat' dir='ltr'><strong>sublatis</strong></span> <span class='ocrx_word' id='word_1_68' title='bbox 2019 1133 2115 1172; x_wconf 82' lang='lat' dir='ltr'><strong>ex-</strong></span> 
     </span>
    </p>
   </div>
   <div class='ocr_carea' id='block_1_10' title="bbox 551 1201 2118 1276">
    <p class='ocr_par' dir='ltr' id='par_1_10' title="bbox 551 1201 2118 1276">
     <span class='ocr_line' id='line_1_10' title="bbox 551 1201 2118 1276; baseline 0.006 -22"><span class='ocrx_word' id='word_1_69' title='bbox 551 1201 865 1272; x_wconf 86' lang='lat' dir='ltr'><strong>stinctisque</strong></span> <span class='ocrx_word' id='word_1_70' title='bbox 890 1204 1273 1273; x_wconf 87' lang='lat' dir='ltr'><strong>peccatoribus.</strong></span> <span class='ocrx_word' id='word_1_71' title='bbox 1299 1204 1432 1258; x_wconf 90' lang='lat' dir='ltr'><strong>Nam</strong></span> <span class='ocrx_word' id='word_1_72' title='bbox 1462 1205 1508 1259; x_wconf 89' lang='lat' dir='ltr'><strong>si</strong></span> <span class='ocrx_word' id='word_1_73' title='bbox 1547 1206 1704 1259; x_wconf 89' lang='lat' dir='ltr'><strong>etiam</strong></span> <span class='ocrx_word' id='word_1_74' title='bbox 1727 1205 1843 1261; x_wconf 89' lang='lat' dir='ltr'><strong>sine</strong></span> <span class='ocrx_word' id='word_1_75' title='bbox 1865 1209 2118 1276; x_wconf 81' lang='lat' dir='ltr'><strong>exemplis</strong></span> 
     </span>
    </p>
   </div>
   <div class='ocr_carea' id='block_1_11' title="bbox 551 1291 2118 1366">
    <p class='ocr_par' dir='ltr' id='par_1_11' title="bbox 551 1291 2118 1366">
     <span class='ocr_line' id='line_1_11' title="bbox 551 1291 2118 1366; baseline 0.004 -21"><span class='ocrx_word' id='word_1_76' title='bbox 551 1292 686 1346; x_wconf 89' lang='lat' dir='ltr'><strong>mala</strong></span> <span class='ocrx_word' id='word_1_77' title='bbox 717 1291 963 1348; x_wconf 86' lang='lat' dir='ltr'><strong>homines</strong></span> <span class='ocrx_word' id='word_1_78' title='bbox 1000 1308 1098 1363; x_wconf 91' lang='lat' dir='ltr'><strong>per</strong></span> <span class='ocrx_word' id='word_1_79' title='bbox 1138 1308 1198 1349; x_wconf 89' lang='lat' dir='ltr'><strong>se</strong></span> <span class='ocrx_word' id='word_1_80' title='bbox 1230 1294 1387 1350; x_wconf 82' lang='lat' dir='ltr'><strong>facile</strong></span> <span class='ocrx_word' id='word_1_81' title='bbox 1417 1296 1712 1361; x_wconf 91' lang='lat' dir='ltr'><strong>inveniunt,</strong></span> <span class='ocrx_word' id='word_1_82' title='bbox 1747 1297 1874 1366; x_wconf 91' lang='lat' dir='ltr'><strong>quid</strong></span> <span class='ocrx_word' id='word_1_83' title='bbox 1901 1313 2005 1352; x_wconf 92' lang='lat' dir='ltr'><strong>non</strong></span> <span class='ocrx_word' id='word_1_84' title='bbox 2036 1297 2118 1352; x_wconf 83' lang='lat' dir='ltr'><strong>fa-</strong></span> 
     </span>
    </p>
   </div>
   <div class='ocr_carea' id='block_1_12' title="bbox 545 1382 2118 1456">
    <p class='ocr_par' dir='ltr' id='par_1_12' title="bbox 545 1382 2118 1456">
     <span class='ocr_line' id='line_1_12' title="bbox 545 1382 2118 1456; baseline 0.004 -21"><span class='ocrx_word' id='word_1_85' title='bbox 545 1382 684 1436; x_wconf 89' lang='lat' dir='ltr'><strong>cturi</strong></span> <span class='ocrx_word' id='word_1_86' title='bbox 727 1392 914 1448; x_wconf 89' lang='lat' dir='ltr'><strong>erant,</strong></span> <span class='ocrx_word' id='word_1_87' title='bbox 961 1384 1004 1438; x_wconf 83' lang='lat' dir='ltr'><strong>si</strong></span> <span class='ocrx_word' id='word_1_88' title='bbox 1036 1386 1382 1454; x_wconf 89' lang='lat' dir='ltr'><strong>plurimorum</strong></span> <span class='ocrx_word' id='word_1_89' title='bbox 1413 1386 1656 1456; x_wconf 86' lang='lat' dir='ltr'><strong>exemplo</strong></span> <span class='ocrx_word' id='word_1_90' title='bbox 1680 1385 1745 1441; x_wconf 87' lang='lat' dir='ltr'><strong>ad</strong></span> <span class='ocrx_word' id='word_1_91' title='bbox 1792 1388 2118 1456; x_wconf 90' lang='lat' dir='ltr'><strong>perniciosos</strong></span> 
     </span>
    </p>
   </div>
   <div class='ocr_carea' id='block_1_13' title="bbox 544 1472 2118 1547">
    <p class='ocr_par' dir='ltr' id='par_1_13' title="bbox 544 1472 2118 1547">
     <span class='ocr_line' id='line_1_13' title="bbox 544 1472 2118 1547; baseline 0.006 -23"><span class='ocrx_word' id='word_1_92' title='bbox 544 1481 694 1527; x_wconf 87' lang='lat' dir='ltr'><strong>actus</strong></span> <span class='ocrx_word' id='word_1_93' title='bbox 718 1472 922 1528; x_wconf 83' lang='lat' dir='ltr'><strong>invitati</strong></span> <span class='ocrx_word' id='word_1_94' title='bbox 951 1473 1206 1530; x_wconf 86' lang='lat' dir='ltr'><strong>fuissent?</strong></span> <span class='ocrx_word' id='word_1_95' title='bbox 1229 1476 1379 1543; x_wconf 93' lang='lat' dir='ltr'><strong>Quod</strong></span> <span class='ocrx_word' id='word_1_96' title='bbox 1417 1475 1596 1547; x_wconf 88' lang='lat' dir='ltr'><strong>utique</strong></span> <span class='ocrx_word' id='word_1_97' title='bbox 1621 1492 1688 1531; x_wconf 91' lang='lat' dir='ltr'><strong>ne</strong></span> <span class='ocrx_word' id='word_1_98' title='bbox 1723 1478 1877 1532; x_wconf 90' lang='lat' dir='ltr'><strong>lieret</strong></span> <span class='ocrx_word' id='word_1_99' title='bbox 1897 1519 1914 1544; x_wconf 95' lang='lat'><strong>,</strong></span> <span class='ocrx_word' id='word_1_100' title='bbox 1946 1493 2012 1533; x_wconf 91' lang='lat' dir='ltr'><strong>ne</strong></span> <span class='ocrx_word' id='word_1_101' title='bbox 2040 1486 2118 1534; x_wconf 92' lang='lat' dir='ltr'><strong>tot</strong></span> 
     </span>
    </p>
   </div>
   <div class='ocr_carea' id='block_1_14' title="bbox 543 1561 2116 1635">
    <p class='ocr_par' dir='ltr' id='par_1_14' title="bbox 543 1561 2116 1635">
     <span class='ocr_line' id='line_1_14' title="bbox 543 1561 2116 1635; baseline 0.006 -20"><span class='ocrx_word' id='word_1_102' title='bbox 543 1561 804 1617; x_wconf 91' lang='lat' dir='ltr'><strong>scelerum</strong></span> <span class='ocrx_word' id='word_1_103' title='bbox 830 1564 1110 1633; x_wconf 87' lang='lat' dir='ltr'><strong>magistros</strong></span> <span class='ocrx_word' id='word_1_104' title='bbox 1136 1564 1210 1631; x_wconf 92' lang='lat' dir='ltr'><strong>hi,</strong></span> <span class='ocrx_word' id='word_1_105' title='bbox 1239 1567 1326 1635; x_wconf 91' lang='lat' dir='ltr'><strong>qui</strong></span> <span class='ocrx_word' id='word_1_106' title='bbox 1354 1573 1535 1634; x_wconf 90' lang='lat' dir='ltr'><strong>postea</strong></span> <span class='ocrx_word' id='word_1_107' title='bbox 1555 1566 1718 1622; x_wconf 89' lang='lat' dir='ltr'><strong>futuri</strong></span> <span class='ocrx_word' id='word_1_108' title='bbox 1747 1574 1920 1634; x_wconf 89' lang='lat' dir='ltr'><strong>erant,</strong></span> <span class='ocrx_word' id='word_1_109' title='bbox 1949 1567 2116 1623; x_wconf 80' lang='lat' dir='ltr'><strong>habe-</strong></span> 
     </span>
    </p>
   </div>
   <div class='ocr_carea' id='block_1_15' title="bbox 547 1646 1426 1728">
    <p class='ocr_par' dir='ltr' id='par_1_15' title="bbox 547 1646 1426 1728">
     <span class='ocr_line' id='line_1_15' title="bbox 547 1646 1426 1728; baseline 0.005 -22"><span class='ocrx_word' id='word_1_110' title='bbox 547 1660 686 1719; x_wconf 83' lang='lat' dir='ltr'><strong>rent,</strong></span> <span class='ocrx_word' id='word_1_111' title='bbox 718 1667 812 1708; x_wconf 91' lang='lat' dir='ltr'><strong>eos</strong></span> <span class='ocrx_word' id='word_1_112' title='bbox 836 1646 1023 1710; x_wconf 87' lang='lat' dir='ltr'><strong>omnes</strong></span> <span class='ocrx_word' id='word_1_113' title='bbox 1050 1671 1152 1710; x_wconf 90' lang='lat' dir='ltr'><strong>una</strong></span> <span class='ocrx_word' id='word_1_114' title='bbox 1177 1657 1426 1728; x_wconf 87' lang='lat' dir='ltr'><strong>perdidit.</strong></span> 
     </span>
    </p>
   </div>
   <div class='ocr_carea' id='block_1_16' title="bbox 611 1745 2110 1825">
    <p class='ocr_par' dir='ltr' id='par_1_16' title="bbox 611 1745 2110 1825">
     <span class='ocr_line' id='line_1_16' title="bbox 611 1745 2110 1825; baseline 0.006 -26"><span class='ocrx_word' id='word_1_115' title='bbox 611 1745 667 1800; x_wconf 82' lang='lat'><strong>5.</strong></span> <span class='ocrx_word' id='word_1_116' title='bbox 709 1745 900 1801; x_wconf 81' lang='lat' dir='ltr'><strong>Verum</strong></span> <span class='ocrx_word' id='word_1_117' title='bbox 929 1747 1224 1815; x_wconf 83' lang='lat' dir='ltr'><strong>enimvero,</strong></span> <span class='ocrx_word' id='word_1_118' title='bbox 1253 1765 1495 1818; x_wconf 79' lang='lat' dir='ltr'><strong>quamam</strong></span> <span class='ocrx_word' id='word_1_119' title='bbox 1521 1762 1606 1807; x_wconf 90' lang='lat' dir='ltr'><strong>est</strong></span> <span class='ocrx_word' id='word_1_120' title='bbox 1634 1752 1843 1808; x_wconf 89' lang='lat' dir='ltr'><strong>illorum</strong></span> <span class='ocrx_word' id='word_1_121' title='bbox 1872 1754 2110 1825; x_wconf 90' lang='lat' dir='ltr'><strong>sapiens,</strong></span> 
     </span>
    </p>
   </div>
   <div class='ocr_carea' id='block_1_17' title="bbox 541 1832 2115 1915">
    <p class='ocr_par' dir='ltr' id='par_1_17' title="bbox 541 1832 2115 1915">
     <span class='ocr_line' id='line_1_17' title="bbox 541 1832 2115 1915; baseline 0.008 -27"><span class='ocrx_word' id='word_1_122' title='bbox 541 1832 651 1889; x_wconf 86' lang='lat' dir='ltr'><strong>imo</strong></span> <span class='ocrx_word' id='word_1_123' title='bbox 670 1835 823 1904; x_wconf 88' lang='lat' dir='ltr'><strong>plena</strong></span> <span class='ocrx_word' id='word_1_124' title='bbox 842 1837 1074 1892; x_wconf 67' lang='lat' dir='ltr'><strong>stultitia:</strong></span> <span class='ocrx_word' id='word_1_125' title='bbox 1093 1840 1246 1903; x_wconf 89' lang='lat' dir='ltr'><strong>ratio,</strong></span> <span class='ocrx_word' id='word_1_126' title='bbox 1276 1841 1363 1909; x_wconf 87' lang='lat' dir='ltr'><strong>qui</strong></span> <span class='ocrx_word' id='word_1_127' title='bbox 1390 1855 1509 1896; x_wconf 88' lang='lat' dir='ltr'><strong>cum</strong></span> <span class='ocrx_word' id='word_1_128' title='bbox 1540 1841 1672 1896; x_wconf 88' lang='lat' dir='ltr'><strong>nihil</strong></span> <span class='ocrx_word' id='word_1_129' title='bbox 1695 1843 1818 1898; x_wconf 90' lang='lat' dir='ltr'><strong>boni</strong></span> <span class='ocrx_word' id='word_1_130' title='bbox 1845 1859 2002 1915; x_wconf 90' lang='lat' dir='ltr'><strong>agere</strong></span> <span class='ocrx_word' id='word_1_131' title='bbox 2024 1860 2115 1900; x_wconf 85' lang='lat' dir='ltr'><strong>ve-</strong></span> 
     </span>
    </p>
   </div>
   <div class='ocr_carea' id='block_1_18' title="bbox 543 1924 2112 2000">
    <p class='ocr_par' dir='ltr' id='par_1_18' title="bbox 543 1924 2112 2000">
     <span class='ocr_line' id='line_1_18' title="bbox 543 1924 2112 2000; baseline 0.008 -21"><span class='ocrx_word' id='word_1_132' title='bbox 543 1924 659 1992; x_wconf 92' lang='lat' dir='ltr'><strong>lint,</strong></span> <span class='ocrx_word' id='word_1_133' title='bbox 687 1927 863 1982; x_wconf 87' lang='lat' dir='ltr'><strong>omnia</strong></span> <span class='ocrx_word' id='word_1_134' title='bbox 894 1929 1202 2000; x_wconf 88' lang='lat' dir='ltr'><strong>perquirunt</strong></span> <span class='ocrx_word' id='word_1_135' title='bbox 1228 1939 1282 1985; x_wconf 91' lang='lat' dir='ltr'><strong>et</strong></span> <span class='ocrx_word' id='word_1_136' title='bbox 1309 1931 1526 1999; x_wconf 92' lang='lat' dir='ltr'><strong>dicunt,</strong></span> <span class='ocrx_word' id='word_1_137' title='bbox 1559 1942 1616 1988; x_wconf 91' lang='lat' dir='ltr'><strong>ut</strong></span> <span class='ocrx_word' id='word_1_138' title='bbox 1643 1949 1860 1990; x_wconf 89' lang='lat' dir='ltr'><strong>suorum</strong></span> <span class='ocrx_word' id='word_1_139' title='bbox 1885 1936 2112 1991; x_wconf 84' lang='lat' dir='ltr'><strong>delicto-</strong></span> 
     </span>
    </p>
   </div>
   <div class='ocr_carea' id='block_1_19' title="bbox 543 2019 2108 2096">
    <p class='ocr_par' dir='ltr' id='par_1_19' title="bbox 543 2019 2108 2096">
     <span class='ocr_line' id='line_1_19' title="bbox 543 2019 2108 2096; baseline 0.008 -26"><span class='ocrx_word' id='word_1_140' title='bbox 543 2031 658 2070; x_wconf 88' lang='lat' dir='ltr'><strong>rum</strong></span> <span class='ocrx_word' id='word_1_141' title='bbox 681 2031 896 2073; x_wconf 85' lang='lat' dir='ltr'><strong>causam</strong></span> <span class='ocrx_word' id='word_1_142' title='bbox 918 2019 982 2075; x_wconf 88' lang='lat' dir='ltr'><strong>ad</strong></span> <span class='ocrx_word' id='word_1_143' title='bbox 999 2021 1161 2076; x_wconf 91' lang='lat' dir='ltr'><strong>Deum</strong></span> <span class='ocrx_word' id='word_1_144' title='bbox 1189 2021 1452 2077; x_wconf 76' lang='lat' dir='ltr'><strong>referant?</strong></span> <span class='ocrx_word' id='word_1_145' title='bbox 1471 2023 1582 2078; x_wconf 86' lang='lat' dir='ltr'><strong>Nisi</strong></span> <span class='ocrx_word' id='word_1_146' title='bbox 1602 2027 1931 2096; x_wconf 83' lang='lat' dir='ltr'><strong>permisisset</strong></span> <span class='ocrx_word' id='word_1_147' title='bbox 1948 2028 2108 2094; x_wconf 90' lang='lat' dir='ltr'><strong>Deus,</strong></span> 
     </span>
    </p>
   </div>
   <div class='ocr_carea' id='block_1_20' title="bbox 539 2108 2108 2188">
    <p class='ocr_par' dir='ltr' id='par_1_20' title="bbox 539 2108 2108 2188">
     <span class='ocr_line' id='line_1_20' title="bbox 539 2108 2108 2188; baseline 0.008 -28"><span class='ocrx_word' id='word_1_148' title='bbox 539 2108 715 2173; x_wconf 83' lang='lat' dir='ltr'><strong>aiunt,</strong></span> <span class='ocrx_word' id='word_1_149' title='bbox 761 2125 1088 2180; x_wconf 87' lang='lat' dir='ltr'><strong>nequaquam</strong></span> <span class='ocrx_word' id='word_1_150' title='bbox 1126 2113 1438 2168; x_wconf 86' lang='lat' dir='ltr'><strong>accessisset</strong></span> <span class='ocrx_word' id='word_1_151' title='bbox 1492 2115 1737 2171; x_wconf 88' lang='lat' dir='ltr'><strong>diabolus</strong></span> <span class='ocrx_word' id='word_1_152' title='bbox 1764 2157 1780 2184; x_wconf 90' lang='lat'><strong>,</strong></span> <span class='ocrx_word' id='word_1_153' title='bbox 1823 2133 2108 2188; x_wconf 88' lang='lat' dir='ltr'><strong>numquam</strong></span> 
     </span>
    </p>
   </div>
   <div class='ocr_carea' id='block_1_21' title="bbox 541 2198 2107 2277">
    <p class='ocr_par' dir='ltr' id='par_1_21' title="bbox 541 2198 2107 2277">
     <span class='ocr_line' id='line_1_21' title="bbox 541 2198 2107 2277; baseline 0.007 -24"><span class='ocrx_word' id='word_1_154' title='bbox 541 2198 839 2270; x_wconf 87' lang='lat' dir='ltr'><strong>decepissct</strong></span> <span class='ocrx_word' id='word_1_155' title='bbox 883 2203 950 2256; x_wconf 89' lang='lat' dir='ltr'><strong>ab</strong></span> <span class='ocrx_word' id='word_1_156' title='bbox 995 2204 1164 2258; x_wconf 88' lang='lat' dir='ltr'><strong>initio.</strong></span> <span class='ocrx_word' id='word_1_157' title='bbox 1209 2204 1314 2258; x_wconf 89' lang='lat' dir='ltr'><strong>Sed</strong></span> <span class='ocrx_word' id='word_1_158' title='bbox 1357 2220 1527 2274; x_wconf 90' lang='lat' dir='ltr'><strong>neque</strong></span> <span class='ocrx_word' id='word_1_159' title='bbox 1567 2209 1900 2277; x_wconf 81' lang='lat' dir='ltr'><strong>cognovisset</strong></span> <span class='ocrx_word' id='word_1_160' title='bbox 1939 2209 2107 2265; x_wconf 82' lang='lat' dir='ltr'><strong>Adam</strong></span> 
     </span>
    </p>
   </div>
   <div class='ocr_carea' id='block_1_22' title="bbox 540 2291 2107 2365">
    <p class='ocr_par' dir='ltr' id='par_1_22' title="bbox 540 2291 2107 2365">
     <span class='ocr_line' id='line_1_22' title="bbox 540 2291 2107 2365; baseline 0.009 -24"><span class='ocrx_word' id='word_1_161' title='bbox 540 2300 793 2358; x_wconf 90' lang='lat' dir='ltr'><strong>quantum</strong></span> <span class='ocrx_word' id='word_1_162' title='bbox 822 2291 943 2344; x_wconf 91' lang='lat' dir='ltr'><strong>boni</strong></span> <span class='ocrx_word' id='word_1_163' title='bbox 968 2302 1089 2348; x_wconf 89' lang='lat' dir='ltr'><strong>ante</strong></span> <span class='ocrx_word' id='word_1_164' title='bbox 1117 2293 1421 2360; x_wconf 88' lang='lat' dir='ltr'><strong>habuisset,</strong></span> <span class='ocrx_word' id='word_1_165' title='bbox 1471 2310 1641 2365; x_wconf 89' lang='lat' dir='ltr'><strong>neque</strong></span> <span class='ocrx_word' id='word_1_166' title='bbox 1667 2311 1817 2352; x_wconf 87' lang='lat' dir='ltr'><strong>suam</strong></span> <span class='ocrx_word' id='word_1_167' title='bbox 1846 2298 1986 2353; x_wconf 90' lang='lat' dir='ltr'><strong>illam</strong></span> <span class='ocrx_word' id='word_1_168' title='bbox 2017 2315 2107 2354; x_wconf 88' lang='lat' dir='ltr'><strong>ar-</strong></span> 
     </span>
    </p>
   </div>
   <div class='ocr_carea' id='block_1_23' title="bbox 541 2381 2104 2458">
    <p class='ocr_par' dir='ltr' id='par_1_23' title="bbox 541 2381 2104 2458">
     <span class='ocr_line' id='line_1_23' title="bbox 541 2381 2104 2458; baseline 0.008 -26"><span class='ocrx_word' id='word_1_169' title='bbox 541 2381 831 2450; x_wconf 88' lang='lat' dir='ltr'><strong>rogantiam</strong></span> <span class='ocrx_word' id='word_1_170' title='bbox 859 2397 1104 2452; x_wconf 88' lang='lat' dir='ltr'><strong>umquam</strong></span> <span class='ocrx_word' id='word_1_171' title='bbox 1130 2383 1472 2439; x_wconf 87' lang='lat' dir='ltr'><strong>deseruisset.</strong></span> <span class='ocrx_word' id='word_1_172' title='bbox 1496 2385 1597 2451; x_wconf 87' lang='lat' dir='ltr'><strong>Qui</strong></span> <span class='ocrx_word' id='word_1_173' title='bbox 1629 2387 1770 2441; x_wconf 91' lang='lat' dir='ltr'><strong>enim</strong></span> <span class='ocrx_word' id='word_1_174' title='bbox 1792 2388 2022 2458; x_wconf 91' lang='lat' dir='ltr'><strong>seipsum</strong></span> <span class='ocrx_word' id='word_1_175' title='bbox 2051 2390 2104 2444; x_wconf 92' lang='lat' dir='ltr'><strong>in</strong></span> 
     </span>
    </p>
   </div>
   <div class='ocr_carea' id='block_1_24' title="bbox 537 2471 2102 2543">
    <p class='ocr_par' dir='ltr' id='par_1_24' title="bbox 537 2471 2102 2543">
     <span class='ocr_line' id='line_1_24' title="bbox 537 2471 2102 2543; baseline 0.007 -20"><span class='ocrx_word' id='word_1_176' title='bbox 537 2477 742 2524; x_wconf 92' lang='lat' dir='ltr'><strong>tantum</strong></span> <span class='ocrx_word' id='word_1_177' title='bbox 783 2471 992 2528; x_wconf 87' lang='lat' dir='ltr'><strong>culmen</strong></span> <span class='ocrx_word' id='word_1_178' title='bbox 1035 2472 1254 2528; x_wconf 88' lang='lat' dir='ltr'><strong>honoris</strong></span> <span class='ocrx_word' id='word_1_179' title='bbox 1295 2483 1577 2543; x_wconf 81' lang='lat' dir='ltr'><strong>erexerat,</strong></span> <span class='ocrx_word' id='word_1_180' title='bbox 1621 2486 1680 2530; x_wconf 93' lang='lat' dir='ltr'><strong>ut</strong></span> <span class='ocrx_word' id='word_1_181' title='bbox 1717 2477 1832 2532; x_wconf 81' lang='lat' dir='ltr'><strong>fieri</strong></span> <span class='ocrx_word' id='word_1_182' title='bbox 1861 2493 1919 2532; x_wconf 91' lang='lat' dir='ltr'><strong>se</strong></span> <span class='ocrx_word' id='word_1_183' title='bbox 1946 2479 2102 2534; x_wconf 88' lang='lat' dir='ltr'><strong>deum</strong></span> 
     </span>
    </p>
   </div>
   <div class='ocr_carea' id='block_1_25' title="bbox 539 2564 2107 2634">
    <p class='ocr_par' dir='ltr' id='par_1_25' title="bbox 539 2564 2107 2634">
     <span class='ocr_line' id='line_1_25' title="bbox 539 2564 2107 2634; baseline 0.006 -20"><span class='ocrx_word' id='word_1_184' title='bbox 539 2570 872 2631; x_wconf 83' lang='lat' dir='ltr'><strong>expectaret,</strong></span> <span class='ocrx_word' id='word_1_185' title='bbox 903 2577 1008 2632; x_wconf 91' lang='lat' dir='ltr'><strong>quo</strong></span> <span class='ocrx_word' id='word_1_186' title='bbox 1036 2577 1143 2618; x_wconf 91' lang='lat' dir='ltr'><strong>non</strong></span> <span class='ocrx_word' id='word_1_187' title='bbox 1164 2565 1491 2634; x_wconf 90' lang='lat' dir='ltr'><strong>prorupisset</strong></span> <span class='ocrx_word' id='word_1_188' title='bbox 1515 2564 1766 2634; x_wconf 66' lang='lat' dir='ltr'><strong>audaciae,</strong></span> <span class='ocrx_word' id='word_1_189' title='bbox 1794 2567 1894 2622; x_wconf 91' lang='lat' dir='ltr'><strong>nisi</strong></span> <span class='ocrx_word' id='word_1_190' title='bbox 1922 2567 2107 2624; x_wconf 89' lang='lat' dir='ltr'><strong>fuisset</strong></span> 
     </span>
    </p>
   </div>
   <div class='ocr_carea' id='block_1_26' title="bbox 539 2650 2102 2726">
    <p class='ocr_par' dir='ltr' id='par_1_26' title="bbox 539 2650 2102 2726">
     <span class='ocr_line' id='line_1_26' title="bbox 539 2650 2102 2726; baseline 0.006 -21"><span class='ocrx_word' id='word_1_191' title='bbox 539 2650 607 2704; x_wconf 86' lang='lat' dir='ltr'><strong>ad</strong></span> <span class='ocrx_word' id='word_1_192' title='bbox 628 2665 810 2706; x_wconf 84' lang='lat' dir='ltr'><strong>sanam</strong></span> <span class='ocrx_word' id='word_1_193' title='bbox 833 2660 1064 2708; x_wconf 85' lang='lat' dir='ltr'><strong>mentem</strong></span> <span class='ocrx_word' id='word_1_194' title='bbox 1082 2653 1367 2709; x_wconf 86' lang='lat' dir='ltr'><strong>reductus?</strong></span> <span class='ocrx_word' id='word_1_195' title='bbox 1383 2655 1666 2726; x_wconf 77' lang='lat' dir='ltr'><strong>Fingamus</strong></span> <span class='ocrx_word' id='word_1_196' title='bbox 1686 2656 1818 2712; x_wconf 91' lang='lat' dir='ltr'><strong>nihil</strong></span> <span class='ocrx_word' id='word_1_197' title='bbox 1835 2657 2102 2714; x_wconf 89' lang='lat' dir='ltr'><strong>diabolum</strong></span> 
     </span>
    </p>
   </div>
   <div class='ocr_carea' id='block_1_27' title="bbox 527 2741 2101 2819">
    <p class='ocr_par' dir='ltr' id='par_1_27' title="bbox 527 2741 2101 2819">
     <span class='ocr_line' id='line_1_27' title="bbox 527 2741 2101 2819; baseline 0.006 -24"><span class='ocrx_word' id='word_1_198' title='bbox 527 2741 880 2807; x_wconf 74' lang='lat' dir='ltr'><strong>consuluisse,</strong></span> <span class='ocrx_word' id='word_1_199' title='bbox 911 2743 1148 2814; x_wconf 88' lang='lat' dir='ltr'><strong>nihilque</strong></span> <span class='ocrx_word' id='word_1_200' title='bbox 1174 2745 1384 2814; x_wconf 87' lang='lat' dir='ltr'><strong>penitus</strong></span> <span class='ocrx_word' id='word_1_201' title='bbox 1407 2746 1530 2801; x_wconf 74' lang='lat' dir='ltr'><strong>Eva:</strong></span> <span class='ocrx_word' id='word_1_202' title='bbox 1559 2745 1628 2802; x_wconf 90' lang='lat' dir='ltr'><strong>de</strong></span> <span class='ocrx_word' id='word_1_203' title='bbox 1657 2747 1800 2818; x_wconf 88' lang='lat' dir='ltr'><strong>ligno</strong></span> <span class='ocrx_word' id='word_1_204' title='bbox 1826 2749 2101 2819; x_wconf 89' lang='lat' dir='ltr'><strong>loquutum</strong></span> 
     </span>
    </p>
   </div>
   <div class='ocr_carea' id='block_1_28' title="bbox 537 2828 2100 2908">
    <p class='ocr_par' dir='ltr' id='par_1_28' title="bbox 537 2828 2100 2908">
     <span class='ocr_line' id='line_1_28' title="bbox 537 2828 2100 2908; baseline 0.008 -24"><span class='ocrx_word' id='word_1_205' title='bbox 537 2828 700 2886; x_wconf 89' lang='lat' dir='ltr'><strong>fuisse</strong></span> <span class='ocrx_word' id='word_1_206' title='bbox 726 2848 741 2886; x_wconf 91' lang='lat'><strong>:</strong></span> <span class='ocrx_word' id='word_1_207' title='bbox 768 2847 892 2887; x_wconf 92' lang='lat' dir='ltr'><strong>num</strong></span> <span class='ocrx_word' id='word_1_208' title='bbox 921 2833 1035 2889; x_wconf 88' lang='lat' dir='ltr'><strong>sine</strong></span> <span class='ocrx_word' id='word_1_209' title='bbox 1073 2843 1290 2904; x_wconf 89' lang='lat' dir='ltr'><strong>peccato</strong></span> <span class='ocrx_word' id='word_1_210' title='bbox 1314 2838 1703 2908; x_wconf 87' lang='lat' dir='ltr'><strong>perstitissent,</strong></span> <span class='ocrx_word' id='word_1_211' title='bbox 1747 2839 1792 2894; x_wconf 92' lang='lat' dir='ltr'><strong>si</strong></span> <span class='ocrx_word' id='word_1_212' title='bbox 1828 2840 1966 2896; x_wconf 86' lang='lat' dir='ltr'><strong>istud</strong></span> <span class='ocrx_word' id='word_1_213' title='bbox 1995 2857 2100 2897; x_wconf 92' lang='lat' dir='ltr'><strong>non</strong></span> 
     </span>
    </p>
   </div>
   <div class='ocr_carea' id='block_1_29' title="bbox 526 2922 2099 2994">
    <p class='ocr_par' dir='ltr' id='par_1_29' title="bbox 526 2922 2099 2994">
     <span class='ocr_line' id='line_1_29' title="bbox 526 2922 2099 2994; baseline 0.008 -18"><span class='ocrx_word' id='word_1_214' title='bbox 526 2922 610 2978; x_wconf 70' lang='lat' dir='ltr'><strong>ita</strong></span> <span class='ocrx_word' id='word_1_215' title='bbox 649 2925 993 2994; x_wconf 76' lang='lat' dir='ltr'><strong>contigisset?</strong></span> <span class='ocrx_word' id='word_1_216' title='bbox 1027 2925 1241 2983; x_wconf 85' lang='lat' dir='ltr'><strong>Minime</strong></span> <span class='ocrx_word' id='word_1_217' title='bbox 1280 2943 1405 2984; x_wconf 90' lang='lat' dir='ltr'><strong>vero</strong></span> <span class='ocrx_word' id='word_1_218' title='bbox 1434 2946 1449 2983; x_wconf 94' lang='lat'><strong>:</strong></span> <span class='ocrx_word' id='word_1_219' title='bbox 1481 2944 1601 2984; x_wconf 91' lang='lat' dir='ltr'><strong>nam</strong></span> <span class='ocrx_word' id='word_1_220' title='bbox 1637 2931 1723 2986; x_wconf 90' lang='lat' dir='ltr'><strong>cui</strong></span> <span class='ocrx_word' id='word_1_221' title='bbox 1765 2933 1956 2988; x_wconf 89' lang='lat' dir='ltr'><strong>mulier</strong></span> <span class='ocrx_word' id='word_1_222' title='bbox 1993 2942 2099 2989; x_wconf 88' lang='lat' dir='ltr'><strong>tam</strong></span> 
     </span>
    </p>
   </div>
   <div class='ocr_carea' id='block_1_30' title="bbox 535 3010 2100 3092">
    <p class='ocr_par' dir='ltr' id='par_1_30' title="bbox 535 3010 2100 3092">
     <span class='ocr_line' id='line_1_30' title="bbox 535 3010 2100 3092; baseline 0.009 -24"><span class='ocrx_word' id='word_1_223' title='bbox 535 3010 690 3070; x_wconf 83' lang='lat' dir='ltr'><strong>facile</strong></span> <span class='ocrx_word' id='word_1_224' title='bbox 733 3015 874 3084; x_wconf 90' lang='lat' dir='ltr'><strong>quod</strong></span> <span class='ocrx_word' id='word_1_225' title='bbox 905 3017 1116 3073; x_wconf 90' lang='lat' dir='ltr'><strong>volebat</strong></span> <span class='ocrx_word' id='word_1_226' title='bbox 1162 3021 1464 3088; x_wconf 89' lang='lat' dir='ltr'><strong>persuasit,</strong></span> <span class='ocrx_word' id='word_1_227' title='bbox 1505 3023 1660 3092; x_wconf 91' lang='lat' dir='ltr'><strong>ipse,</strong></span> <span class='ocrx_word' id='word_1_228' title='bbox 1703 3026 1863 3080; x_wconf 87' lang='lat' dir='ltr'><strong>etiam</strong></span> <span class='ocrx_word' id='word_1_229' title='bbox 1887 3025 2100 3082; x_wconf 90' lang='lat' dir='ltr'><strong>diabolo</strong></span> 
     </span>
    </p>
   </div>
   <div class='ocr_carea' id='block_1_31' title="bbox 536 3107 2098 3188">
    <p class='ocr_par' dir='ltr' id='par_1_31' title="bbox 536 3107 2098 3188">
     <span class='ocr_line' id='line_1_31' title="bbox 536 3107 2098 3188; baseline 0.009 -28"><span class='ocrx_word' id='word_1_230' title='bbox 536 3120 644 3161; x_wconf 79' lang='lat' dir='ltr'><strong>non</strong></span> <span class='ocrx_word' id='word_1_231' title='bbox 669 3107 960 3166; x_wconf 82' lang='lat' dir='ltr'><strong>exsistente</strong></span> <span class='ocrx_word' id='word_1_232' title='bbox 977 3149 994 3178; x_wconf 93' lang='lat'><strong>,</strong></span> <span class='ocrx_word' id='word_1_233' title='bbox 1019 3125 1084 3166; x_wconf 86' lang='lat' dir='ltr'><strong>ex</strong></span> <span class='ocrx_word' id='word_1_234' title='bbox 1112 3113 1290 3182; x_wconf 91' lang='lat' dir='ltr'><strong>seipso</strong></span> <span class='ocrx_word' id='word_1_235' title='bbox 1313 3113 1703 3184; x_wconf 87' lang='lat' dir='ltr'><strong>quamprimum</strong></span> <span class='ocrx_word' id='word_1_236' title='bbox 1746 3116 1800 3171; x_wconf 93' lang='lat' dir='ltr'><strong>in</strong></span> <span class='ocrx_word' id='word_1_237' title='bbox 1826 3127 2098 3188; x_wconf 88' lang='lat' dir='ltr'><strong>peccatum</strong></span> 
     </span>
    </p>
   </div>
   <div class='ocr_carea' id='block_1_32' title="bbox 532 3201 2100 3276">
    <p class='ocr_par' dir='ltr' id='par_1_32' title="bbox 532 3201 2100 3276">
     <span class='ocr_line' id='line_1_32' title="bbox 532 3201 2100 3276; baseline 0.006 -20"><span class='ocrx_word' id='word_1_238' title='bbox 532 3201 842 3269; x_wconf 78' lang='lat' dir='ltr'><strong>corruisset,</strong></span> <span class='ocrx_word' id='word_1_239' title='bbox 871 3217 977 3272; x_wconf 92' lang='lat' dir='ltr'><strong>quo</strong></span> <span class='ocrx_word' id='word_1_240' title='bbox 1001 3203 1184 3272; x_wconf 90' lang='lat' dir='ltr'><strong>majori</strong></span> <span class='ocrx_word' id='word_1_241' title='bbox 1205 3220 1416 3276; x_wconf 88' lang='lat' dir='ltr'><strong>quoqtte</strong></span> <span class='ocrx_word' id='word_1_242' title='bbox 1437 3221 1592 3276; x_wconf 69' lang='lat' dir='ltr'><strong>poena</strong></span> <span class='ocrx_word' id='word_1_243' title='bbox 1615 3209 1857 3264; x_wconf 90' lang='lat' dir='ltr'><strong>mulctari</strong></span> <span class='ocrx_word' id='word_1_244' title='bbox 1877 3211 2100 3266; x_wconf 89' lang='lat' dir='ltr'><strong>meruis-</strong></span> 
     </span>
    </p>
   </div>
   <div class='ocr_carea' id='block_1_33' title="bbox 534 3289 2096 3364">
    <p class='ocr_par' dir='ltr' id='par_1_33' title="bbox 534 3289 2096 3364">
     <span class='ocr_line' id='line_1_33' title="bbox 534 3289 2096 3364; baseline 0.007 -20"><span class='ocrx_word' id='word_1_245' title='bbox 534 3299 638 3345; x_wconf 90' lang='lat' dir='ltr'><strong>set.</strong></span> <span class='ocrx_word' id='word_1_246' title='bbox 665 3289 934 3347; x_wconf 18' lang='lat' dir='ltr'><strong>‘Prazterea</strong></span> <span class='ocrx_word' id='word_1_247' title='bbox 960 3307 1026 3347; x_wconf 92' lang='lat' dir='ltr'><strong>ne</strong></span> <span class='ocrx_word' id='word_1_248' title='bbox 1049 3308 1188 3348; x_wconf 91' lang='lat' dir='ltr'><strong>nunc</strong></span> <span class='ocrx_word' id='word_1_249' title='bbox 1212 3295 1424 3364; x_wconf 89' lang='lat' dir='ltr'><strong>quidem</strong></span> <span class='ocrx_word' id='word_1_250' title='bbox 1456 3296 1650 3352; x_wconf 87' lang='lat' dir='ltr'><strong>diaboli</strong></span> <span class='ocrx_word' id='word_1_251' title='bbox 1673 3298 1838 3354; x_wconf 90' lang='lat' dir='ltr'><strong>solius</strong></span> <span class='ocrx_word' id='word_1_252' title='bbox 1861 3299 1957 3354; x_wconf 91' lang='lat' dir='ltr'><strong>fuit</strong></span> <span class='ocrx_word' id='word_1_253' title='bbox 1978 3316 2096 3355; x_wconf 89' lang='lat' dir='ltr'><strong>om-</strong></span> 
     </span>
    </p>
   </div>
   <div class='ocr_carea' id='block_1_34' title="bbox 534 3382 2100 3459">
    <p class='ocr_par' dir='ltr' id='par_1_34' title="bbox 534 3382 2100 3459">
     <span class='ocr_line' id='line_1_34' title="bbox 534 3382 2100 3459; baseline 0.006 -23"><span class='ocrx_word' id='word_1_254' title='bbox 534 3382 617 3436; x_wconf 89' lang='lat' dir='ltr'><strong>nis</strong></span> <span class='ocrx_word' id='word_1_255' title='bbox 635 3383 720 3437; x_wconf 89' lang='lat' dir='ltr'><strong>illa</strong></span> <span class='ocrx_word' id='word_1_256' title='bbox 742 3382 1008 3450; x_wconf 87' lang='lat' dir='ltr'><strong>seductio,</strong></span> <span class='ocrx_word' id='word_1_257' title='bbox 1035 3384 1130 3440; x_wconf 92' lang='lat' dir='ltr'><strong>sed</strong></span> <span class='ocrx_word' id='word_1_258' title='bbox 1156 3400 1252 3440; x_wconf 89' lang='lat' dir='ltr'><strong>sua</strong></span> <span class='ocrx_word' id='word_1_259' title='bbox 1273 3387 1433 3441; x_wconf 90' lang='lat' dir='ltr'><strong>etiam</strong></span> <span class='ocrx_word' id='word_1_260' title='bbox 1457 3389 1884 3459; x_wconf 88' lang='lat' dir='ltr'><strong>concupiscentia</strong></span> <span class='ocrx_word' id='word_1_261' title='bbox 1909 3392 2100 3447; x_wconf 90' lang='lat' dir='ltr'><strong>mulier</strong></span> 
     </span>
    </p>
   </div>
   <div class='ocr_carea' id='block_1_35' title="bbox 531 3476 2093 3549">
    <p class='ocr_par' dir='ltr' id='par_1_35' title="bbox 531 3476 2093 3549">
     <span class='ocr_line' id='line_1_35' title="bbox 531 3476 2093 3549; baseline 0.006 -21"><span class='ocrx_word' id='word_1_262' title='bbox 531 3482 778 3543; x_wconf 76' lang='lat' dir='ltr'><strong>corrupta</strong></span> <span class='ocrx_word' id='word_1_263' title='bbox 805 3476 1003 3529; x_wconf 82' lang='lat' dir='ltr'><strong>corruit</strong></span> <span class='ocrx_word' id='word_1_264' title='bbox 1022 3515 1038 3542; x_wconf 92' lang='lat'><strong>,</strong></span> <span class='ocrx_word' id='word_1_265' title='bbox 1072 3485 1236 3545; x_wconf 88' lang='lat' dir='ltr'><strong>atque</strong></span> <span class='ocrx_word' id='word_1_266' title='bbox 1262 3477 1362 3532; x_wconf 88' lang='lat' dir='ltr'><strong>hoc</strong></span> <span class='ocrx_word' id='word_1_267' title='bbox 1390 3477 1664 3549; x_wconf 86' lang='lat' dir='ltr'><strong>Scriptura</strong></span> <span class='ocrx_word' id='word_1_268' title='bbox 1686 3495 1836 3536; x_wconf 89' lang='lat' dir='ltr'><strong>sacra</strong></span> <span class='ocrx_word' id='word_1_269' title='bbox 1865 3483 2093 3549; x_wconf 88' lang='lat' dir='ltr'><strong>indicat,</strong></span> 
     </span>
    </p>
   </div>
   <div class='ocr_carea' id='block_1_36' title="bbox 531 3561 2098 3642">
    <p class='ocr_par' dir='ltr' id='par_1_36' title="bbox 531 3561 2098 3642">
     <span class='ocr_line' id='line_1_36' title="bbox 531 3561 2098 3642; baseline 0.006 -26"><span class='ocrx_word' id='word_1_270' title='bbox 531 3578 651 3632; x_wconf 64' lang='lat' dir='ltr'><strong>quae</strong></span> <span class='ocrx_word' id='word_1_271' title='bbox 678 3561 837 3618; x_wconf 88' lang='lat' dir='ltr'><strong>dicit:</strong></span> <span class='ocrx_word' id='word_1_272' title='bbox 878 3562 1113 3633; x_wconf 82' lang='lat' dir='ltr'><strong>Viditque</strong></span> <span class='ocrx_word' id='word_1_273' title='bbox 1135 3566 1314 3620; x_wconf 82' lang='lat' dir='ltr'><strong>mulier</strong></span> <span class='ocrx_word' id='word_1_274' title='bbox 1353 3568 1486 3638; x_wconf 81' lang='lat' dir='ltr'><strong>quod</strong></span> <span class='ocrx_word' id='word_1_275' title='bbox 1511 3569 1696 3624; x_wconf 87' lang='lat' dir='ltr'><strong>bonum</strong></span> <span class='ocrx_word' id='word_1_276' title='bbox 1745 3580 1868 3625; x_wconf 83' lang='lat' dir='ltr'><strong>esset</strong></span> <span class='ocrx_word' id='word_1_277' title='bbox 1906 3573 2098 3642; x_wconf 83' lang='lat' dir='ltr'><strong>lignum</strong></span> 
     </span>
    </p>
   </div>
   <div class='ocr_carea' id='block_1_37' title="bbox 530 3652 2097 3733">
    <p class='ocr_par' dir='ltr' id='par_1_37' title="bbox 530 3652 2097 3733">
     <span class='ocr_line' id='line_1_37' title="bbox 530 3652 2097 3733; baseline 0.008 -29"><span class='ocrx_word' id='word_1_278' title='bbox 530 3652 600 3706; x_wconf 88' lang='lat' dir='ltr'><strong>ad</strong></span> <span class='ocrx_word' id='word_1_279' title='bbox 638 3652 881 3706; x_wconf 80' lang='lat' dir='ltr'><strong>edendum</strong></span> <span class='ocrx_word' id='word_1_280' title='bbox 897 3694 914 3720; x_wconf 92' lang='lat'><strong>,</strong></span> <span class='ocrx_word' id='word_1_281' title='bbox 939 3664 1233 3724; x_wconf 85' lang='lat' dir='ltr'><strong>gratumque</strong></span> <span class='ocrx_word' id='word_1_282' title='bbox 1273 3658 1430 3711; x_wconf 84' lang='lat' dir='ltr'><strong>oculis</strong></span> <span class='ocrx_word' id='word_1_283' title='bbox 1453 3659 1522 3712; x_wconf 87' lang='lat' dir='ltr'><strong>ad</strong></span> <span class='ocrx_word' id='word_1_284' title='bbox 1547 3658 1814 3714; x_wconf 82' lang='lat' dir='ltr'><strong>uidendum</strong></span> <span class='ocrx_word' id='word_1_285' title='bbox 1838 3699 1854 3725; x_wconf 88' lang='lat'><strong>,</strong></span> <span class='ocrx_word' id='word_1_286' title='bbox 1895 3677 1957 3715; x_wconf 82' lang='lat' dir='ltr'><strong>ac</strong></span> <span class='ocrx_word' id='word_1_287' title='bbox 1983 3679 2097 3733; x_wconf 85' lang='lat' dir='ltr'><strong>spe-</strong></span> 
     </span>
    </p>
   </div>
   <div class='ocr_carea' id='block_1_38' title="bbox 529 3745 2098 3823">
    <p class='ocr_par' dir='ltr' id='par_1_38' title="bbox 529 3745 2098 3823">
     <span class='ocr_line' id='line_1_38' title="bbox 529 3745 2098 3823; baseline 0.007 -26"><span class='ocrx_word' id='word_1_288' title='bbox 529 3745 720 3798; x_wconf 83' lang='lat' dir='ltr'><strong>ciosum</strong></span> <span class='ocrx_word' id='word_1_289' title='bbox 743 3745 811 3798; x_wconf 84' lang='lat' dir='ltr'><strong>ad</strong></span> <span class='ocrx_word' id='word_1_290' title='bbox 827 3746 1286 3802; x_wconf 12' lang='lat' dir='ltr'><strong>acoasiderandum:</strong></span> <span class='ocrx_word' id='word_1_291' title='bbox 1315 3757 1360 3802; x_wconf 86' lang='lat' dir='ltr'><strong>et</strong></span> <span class='ocrx_word' id='word_1_292' title='bbox 1383 3750 1630 3821; x_wconf 84' lang='lat' dir='ltr'><strong>accipiens</strong></span> <span class='ocrx_word' id='word_1_293' title='bbox 1657 3751 1720 3805; x_wconf 87' lang='lat' dir='ltr'><strong>de</strong></span> <span class='ocrx_word' id='word_1_294' title='bbox 1747 3756 1916 3823; x_wconf 83' lang='lat' dir='ltr'><strong>fructu</strong></span> <span class='ocrx_word' id='word_1_295' title='bbox 1955 3754 2098 3810; x_wconf 87' lang='lat' dir='ltr'><strong>illius</strong></span> 
     </span>
    </p>
   </div>
   <div class='ocr_carea' id='block_1_39' title="bbox 528 3833 2096 3911">
    <p class='ocr_par' dir='ltr' id='par_1_39' title="bbox 528 3833 2096 3911">
     <span class='ocr_line' id='line_1_39' title="bbox 528 3833 2096 3911; baseline 0.007 -23"><span class='ocrx_word' id='word_1_296' title='bbox 528 3835 742 3889; x_wconf 80' lang='lat' dir='ltr'><strong>comedit</strong></span> <span class='ocrx_word' id='word_1_297' title='bbox 786 3833 934 3906; x_wconf 77' lang='lat' dir='ltr'><strong>(Gen.</strong></span> <span class='ocrx_word' id='word_1_298' title='bbox 978 3837 1032 3890; x_wconf 77' lang='grc'><strong>5.</strong></span> <span class='ocrx_word' id='word_1_299' title='bbox 1064 3835 1156 3908; x_wconf 90' lang='lat'><strong>6).</strong></span> <span class='ocrx_word' id='word_1_300' title='bbox 1198 3838 1377 3908; x_wconf 87' lang='lat' dir='ltr'><strong>Neque</strong></span> <span class='ocrx_word' id='word_1_301' title='bbox 1416 3855 1542 3894; x_wconf 89' lang='lat' dir='ltr'><strong>vero</strong></span> <span class='ocrx_word' id='word_1_302' title='bbox 1576 3856 1674 3911; x_wconf 88' lang='lat' dir='ltr'><strong>ego</strong></span> <span class='ocrx_word' id='word_1_303' title='bbox 1702 3858 1841 3898; x_wconf 92' lang='lat' dir='ltr'><strong>nunc</strong></span> <span class='ocrx_word' id='word_1_304' title='bbox 1873 3843 1970 3898; x_wconf 88' lang='lat' dir='ltr'><strong>ista</strong></span> <span class='ocrx_word' id='word_1_305' title='bbox 2011 3844 2096 3899; x_wconf 89' lang='lat' dir='ltr'><strong>lo-</strong></span> 
     </span>
    </p>
   </div>
   <div class='ocr_carea' id='block_1_40' title="bbox 533 3927 2096 4004">
    <p class='ocr_par' dir='ltr' id='par_1_40' title="bbox 533 3927 2096 4004">
     <span class='ocr_line' id='line_1_40' title="bbox 533 3927 2096 4004; baseline 0.008 -26"><span class='ocrx_word' id='word_1_306' title='bbox 533 3940 669 3995; x_wconf 90' lang='lat' dir='ltr'><strong>quor</strong></span> <span class='ocrx_word' id='word_1_307' title='bbox 693 3928 840 3996; x_wconf 87' lang='lat' dir='ltr'><strong>quasi</strong></span> <span class='ocrx_word' id='word_1_308' title='bbox 865 3927 1131 3982; x_wconf 81' lang='lat' dir='ltr'><strong>diabolum</strong></span> <span class='ocrx_word' id='word_1_309' title='bbox 1172 3929 1480 3985; x_wconf 89' lang='lat' dir='ltr'><strong>insidiarum</strong></span> <span class='ocrx_word' id='word_1_310' title='bbox 1518 3932 1827 3988; x_wconf 88' lang='lat' dir='ltr'><strong>criminibus</strong></span> <span class='ocrx_word' id='word_1_311' title='bbox 1870 3949 2096 4004; x_wconf 87' lang='lat' dir='ltr'><strong>purgare</strong></span> 
     </span>
    </p>
   </div>
   <div class='ocr_carea' id='block_1_41' title="bbox 527 4014 2098 4090">
    <p class='ocr_par' dir='ltr' id='par_1_41' title="bbox 527 4014 2098 4090">
     <span class='ocr_line' id='line_1_41' title="bbox 527 4014 2098 4090; baseline 0.007 -22"><span class='ocrx_word' id='word_1_312' title='bbox 527 4014 766 4082; x_wconf 91' lang='lat' dir='ltr'><strong>cupiens,</strong></span> <span class='ocrx_word' id='word_1_313' title='bbox 797 4015 889 4070; x_wconf 92' lang='lat' dir='ltr'><strong>sed</strong></span> <span class='ocrx_word' id='word_1_314' title='bbox 916 4016 1149 4072; x_wconf 71' lang='lat' dir='ltr'><strong>indicare</strong></span> <span class='ocrx_word' id='word_1_315' title='bbox 1173 4018 1355 4072; x_wconf 91' lang='lat' dir='ltr'><strong>volens</strong></span> <span class='ocrx_word' id='word_1_316' title='bbox 1379 4033 1492 4084; x_wconf 89' lang='lat' dir='ltr'><strong>eos,</strong></span> <span class='ocrx_word' id='word_1_317' title='bbox 1521 4019 1622 4074; x_wconf 91' lang='lat' dir='ltr'><strong>nisi</strong></span> <span class='ocrx_word' id='word_1_318' title='bbox 1651 4030 1841 4090; x_wconf 90' lang='lat' dir='ltr'><strong>sponte</strong></span> <span class='ocrx_word' id='word_1_319' title='bbox 1873 4022 2098 4078; x_wconf 86' lang='lat' dir='ltr'><strong>cecidis-</strong></span> 
     </span>
    </p>
   </div>
   <div class='ocr_carea' id='block_1_42' title="bbox 529 4109 2093 4184">
    <p class='ocr_par' dir='ltr' id='par_1_42' title="bbox 529 4109 2093 4184">
     <span class='ocr_line' id='line_1_42' title="bbox 529 4109 2093 4184; baseline 0.006 -24"><span class='ocrx_word' id='word_1_320' title='bbox 529 4115 672 4175; x_wconf 90' lang='lat' dir='ltr'><strong>sent,</strong></span> <span class='ocrx_word' id='word_1_321' title='bbox 698 4123 728 4161; x_wconf 88' lang='lat' dir='ltr'><strong>a</strong></span> <span class='ocrx_word' id='word_1_322' title='bbox 756 4109 968 4164; x_wconf 92' lang='lat' dir='ltr'><strong>nemine</strong></span> <span class='ocrx_word' id='word_1_323' title='bbox 990 4125 1238 4179; x_wconf 76' lang='lat' dir='ltr'><strong>umquam</strong></span> <span class='ocrx_word' id='word_1_324' title='bbox 1265 4111 1497 4180; x_wconf 89' lang='lat' dir='ltr'><strong>potuisse</strong></span> <span class='ocrx_word' id='word_1_325' title='bbox 1516 4110 1692 4181; x_wconf 90' lang='lat' dir='ltr'><strong>dejici.</strong></span> <span class='ocrx_word' id='word_1_326' title='bbox 1715 4111 1845 4168; x_wconf 91' lang='lat' dir='ltr'><strong>Nam</strong></span> <span class='ocrx_word' id='word_1_327' title='bbox 1871 4117 1959 4184; x_wconf 92' lang='lat' dir='ltr'><strong>qui</strong></span> <span class='ocrx_word' id='word_1_328' title='bbox 1985 4126 2093 4170; x_wconf 92' lang='lat' dir='ltr'><strong>tam</strong></span> 
     </span>
    </p>
   </div>
   <div class='ocr_carea' id='block_1_43' title="bbox 529 4197 2090 4277">
    <p class='ocr_par' dir='ltr' id='par_1_43' title="bbox 529 4197 2090 4277">
     <span class='ocr_line' id='line_1_43' title="bbox 529 4197 2090 4277; baseline 0.006 -26"><span class='ocrx_word' id='word_1_329' title='bbox 529 4197 684 4254; x_wconf 85' lang='lat' dir='ltr'><strong>facile</strong></span> <span class='ocrx_word' id='word_1_330' title='bbox 712 4200 1044 4269; x_wconf 89' lang='lat' dir='ltr'><strong>propinatam</strong></span> <span class='ocrx_word' id='word_1_331' title='bbox 1074 4201 1173 4255; x_wconf 91' lang='lat' dir='ltr'><strong>sibi</strong></span> <span class='ocrx_word' id='word_1_332' title='bbox 1213 4201 1280 4256; x_wconf 88' lang='lat' dir='ltr'><strong>ab</strong></span> <span class='ocrx_word' id='word_1_333' title='bbox 1308 4201 1476 4257; x_wconf 88' lang='lat' dir='ltr'><strong>altero</strong></span> <span class='ocrx_word' id='word_1_334' title='bbox 1520 4202 1784 4259; x_wconf 87' lang='lat' dir='ltr'><strong>fallaciam</strong></span> <span class='ocrx_word' id='word_1_335' title='bbox 1824 4207 2090 4277; x_wconf 87' lang='lat' dir='ltr'><strong>suscepit,</strong></span> 
     </span>
    </p>
   </div>
   <div class='ocr_carea' id='block_1_44' title="bbox 528 4289 2093 4362">
    <p class='ocr_par' dir='ltr' id='par_1_44' title="bbox 528 4289 2093 4362">
     <span class='ocr_line' id='line_1_44' title="bbox 528 4289 2093 4362; baseline 0.006 -18"><span class='ocrx_word' id='word_1_336' title='bbox 528 4289 576 4344; x_wconf 87' lang='lat' dir='ltr'><strong>is</strong></span> <span class='ocrx_word' id='word_1_337' title='bbox 611 4298 736 4345; x_wconf 88' lang='lat' dir='ltr'><strong>ante</strong></span> <span class='ocrx_word' id='word_1_338' title='bbox 777 4289 1036 4346; x_wconf 87' lang='lat' dir='ltr'><strong>fallaciam</strong></span> <span class='ocrx_word' id='word_1_339' title='bbox 1075 4291 1400 4362; x_wconf 84' lang='lat' dir='ltr'><strong>negligenter</strong></span> <span class='ocrx_word' id='word_1_340' title='bbox 1426 4301 1480 4348; x_wconf 89' lang='lat' dir='ltr'><strong>et</strong></span> <span class='ocrx_word' id='word_1_341' title='bbox 1499 4295 1719 4350; x_wconf 89' lang='lat' dir='ltr'><strong>remisse</strong></span> <span class='ocrx_word' id='word_1_342' title='bbox 1744 4311 1804 4352; x_wconf 90' lang='lat' dir='ltr'><strong>se</strong></span> <span class='ocrx_word' id='word_1_343' title='bbox 1845 4297 2093 4353; x_wconf 88' lang='lat' dir='ltr'><strong>habuisse</strong></span> 
     </span>
    </p>
   </div>
   <div class='ocr_carea' id='block_1_45' title="bbox 526 4380 2092 4454">
    <p class='ocr_par' dir='ltr' id='par_1_45' title="bbox 526 4380 2092 4454">
     <span class='ocr_line' id='line_1_45' title="bbox 526 4380 2092 4454; baseline 0.007 -21"><span class='ocrx_word' id='word_1_344' title='bbox 526 4380 854 4445; x_wconf 86' lang='lat' dir='ltr'><strong>ostenditur;</strong></span> <span class='ocrx_word' id='word_1_345' title='bbox 883 4395 1054 4451; x_wconf 89' lang='lat' dir='ltr'><strong>neque</strong></span> <span class='ocrx_word' id='word_1_346' title='bbox 1095 4382 1237 4436; x_wconf 91' lang='lat' dir='ltr'><strong>enim</strong></span> <span class='ocrx_word' id='word_1_347' title='bbox 1263 4390 1462 4437; x_wconf 87' lang='lat' dir='ltr'><strong>tantum</strong></span> <span class='ocrx_word' id='word_1_348' title='bbox 1491 4384 1580 4439; x_wconf 90' lang='lat' dir='ltr'><strong>ille</strong></span> <span class='ocrx_word' id='word_1_349' title='bbox 1608 4387 1893 4454; x_wconf 90' lang='lat' dir='ltr'><strong>potuisset,</strong></span> <span class='ocrx_word' id='word_1_350' title='bbox 1923 4389 1969 4442; x_wconf 87' lang='lat' dir='ltr'><strong>si</strong></span> <span class='ocrx_word' id='word_1_351' title='bbox 2005 4403 2092 4444; x_wconf 87' lang='lat' dir='ltr'><strong>so-</strong></span> 
     </span>
    </p>
   </div>
   <div class='ocr_carea' id='block_1_46' title="bbox 526 4469 2093 4544">
    <p class='ocr_par' dir='ltr' id='par_1_46' title="bbox 526 4469 2093 4544">
     <span class='ocr_line' id='line_1_46' title="bbox 526 4469 2093 4544; baseline 0.007 -20"><span class='ocrx_word' id='word_1_352' title='bbox 526 4469 698 4525; x_wconf 89' lang='lat' dir='ltr'><strong>brium</strong></span> <span class='ocrx_word' id='word_1_353' title='bbox 724 4470 1132 4542; x_wconf 87' lang='lat' dir='ltr'><strong>vigilantemque</strong></span> <span class='ocrx_word' id='word_1_354' title='bbox 1154 4473 1388 4528; x_wconf 92' lang='lat' dir='ltr'><strong>animum</strong></span> <span class='ocrx_word' id='word_1_355' title='bbox 1420 4474 1720 4544; x_wconf 89' lang='lat' dir='ltr'><strong>alloquutus</strong></span> <span class='ocrx_word' id='word_1_356' title='bbox 1758 4485 1922 4532; x_wconf 90' lang='lat' dir='ltr'><strong>esset.</strong></span> <span class='ocrx_word' id='word_1_357' title='bbox 1957 4477 2093 4535; x_wconf 89' lang='lat' dir='ltr'><strong>Sunt</strong></span> 
     </span>
    </p>
   </div>
   <div class='ocr_carea' id='block_1_47' title="bbox 534 4561 2090 4633">
    <p class='ocr_par' dir='ltr' id='par_1_47' title="bbox 534 4561 2090 4633">
     <span class='ocr_line' id='line_1_47' title="bbox 534 4561 2090 4633; baseline 0.007 -20"><span class='ocrx_word' id='word_1_358' title='bbox 534 4569 712 4615; x_wconf 89' lang='lat' dir='ltr'><strong>autem</strong></span> <span class='ocrx_word' id='word_1_359' title='bbox 740 4561 988 4632; x_wconf 90' lang='lat' dir='ltr'><strong>plurimi,</strong></span> <span class='ocrx_word' id='word_1_360' title='bbox 1015 4562 1106 4632; x_wconf 91' lang='lat' dir='ltr'><strong>qui</strong></span> <span class='ocrx_word' id='word_1_361' title='bbox 1131 4563 1185 4618; x_wconf 93' lang='lat' dir='ltr'><strong>in</strong></span> <span class='ocrx_word' id='word_1_362' title='bbox 1229 4563 1328 4618; x_wconf 89' lang='lat' dir='ltr'><strong>hac</strong></span> <span class='ocrx_word' id='word_1_363' title='bbox 1369 4571 1521 4633; x_wconf 84' lang='lat' dir='ltr'><strong>parte</strong></span> <span class='ocrx_word' id='word_1_364' title='bbox 1557 4565 1850 4633; x_wconf 89' lang='lat' dir='ltr'><strong>confutati,</strong></span> <span class='ocrx_word' id='word_1_365' title='bbox 1879 4568 2090 4624; x_wconf 88' lang='lat' dir='ltr'><strong>diabolo</strong></span> 
     </span>
    </p>
   </div>
   <div class='ocr_carea' id='block_1_48' title="bbox 527 4650 2090 4726">
    <p class='ocr_par' dir='ltr' id='par_1_48' title="bbox 527 4650 2090 4726">
     <span class='ocr_line' id='line_1_48' title="bbox 527 4650 2090 4726; baseline 0.007 -23"><span class='ocrx_word' id='word_1_366' title='bbox 527 4651 724 4705; x_wconf 90' lang='lat' dir='ltr'><strong>omisso</strong></span> <span class='ocrx_word' id='word_1_367' title='bbox 741 4690 758 4717; x_wconf 92' lang='lat'><strong>,</strong></span> <span class='ocrx_word' id='word_1_368' title='bbox 783 4652 850 4705; x_wconf 88' lang='lat' dir='ltr'><strong>ad</strong></span> <span class='ocrx_word' id='word_1_369' title='bbox 875 4650 1177 4707; x_wconf 89' lang='lat' dir='ltr'><strong>mandatum</strong></span> <span class='ocrx_word' id='word_1_370' title='bbox 1203 4660 1514 4721; x_wconf 89' lang='lat' dir='ltr'><strong>transeunt,</strong></span> <span class='ocrx_word' id='word_1_371' title='bbox 1540 4667 1602 4710; x_wconf 88' lang='lat' dir='ltr'><strong>et</strong></span> <span class='ocrx_word' id='word_1_372' title='bbox 1627 4670 1750 4711; x_wconf 91' lang='lat' dir='ltr'><strong>cum</strong></span> <span class='ocrx_word' id='word_1_373' title='bbox 1779 4671 1809 4710; x_wconf 92' lang='lat' dir='ltr'><strong>a</strong></span> <span class='ocrx_word' id='word_1_374' title='bbox 1836 4666 2090 4726; x_wconf 87' lang='lat' dir='ltr'><strong>peccante</strong></span> 
     </span>
    </p>
   </div>
   <div class='ocr_carea' id='block_1_49' title="bbox 529 4739 2086 4815">
    <p class='ocr_par' dir='ltr' id='par_1_49' title="bbox 529 4739 2086 4815">
     <span class='ocr_line' id='line_1_49' title="bbox 529 4739 2086 4815; baseline 0.006 -23"><span class='ocrx_word' id='word_1_375' title='bbox 529 4739 740 4794; x_wconf 90' lang='lat' dir='ltr'><strong>homine</strong></span> <span class='ocrx_word' id='word_1_376' title='bbox 765 4739 1096 4808; x_wconf 90' lang='lat' dir='ltr'><strong>abstineant,</strong></span> <span class='ocrx_word' id='word_1_377' title='bbox 1127 4742 1236 4797; x_wconf 90' lang='lat' dir='ltr'><strong>Deo</strong></span> <span class='ocrx_word' id='word_1_378' title='bbox 1263 4744 1466 4798; x_wconf 86' lang='lat' dir='ltr'><strong>crimen</strong></span> <span class='ocrx_word' id='word_1_379' title='bbox 1490 4744 1784 4815; x_wconf 87' lang='lat' dir='ltr'><strong>impingunt</strong></span> <span class='ocrx_word' id='word_1_380' title='bbox 1810 4746 2086 4802; x_wconf 90' lang='lat' dir='ltr'><strong>dicentes:</strong></span> 
     </span>
    </p>
   </div>
   <div class='ocr_carea' id='block_1_50' title="bbox 525 4828 2090 4904">
    <p class='ocr_par' dir='ltr' id='par_1_50' title="bbox 525 4828 2090 4904">
     <span class='ocr_line' id='line_1_50' title="bbox 525 4828 2090 4904; baseline 0.006 -22"><span class='ocrx_word' id='word_1_381' title='bbox 525 4828 660 4896; x_wconf 82' lang='lat' dir='ltr'><strong>Quid</strong></span> <span class='ocrx_word' id='word_1_382' title='bbox 689 4829 830 4884; x_wconf 91' lang='lat' dir='ltr'><strong>enim</strong></span> <span class='ocrx_word' id='word_1_383' title='bbox 849 4831 927 4884; x_wconf 92' lang='lat' dir='ltr'><strong>eis</strong></span> <span class='ocrx_word' id='word_1_384' title='bbox 954 4841 1267 4900; x_wconf 85' lang='lat' dir='ltr'><strong>praeceptum</strong></span> <span class='ocrx_word' id='word_1_385' title='bbox 1296 4833 1474 4897; x_wconf 90' lang='lat' dir='ltr'><strong>dabat,</strong></span> <span class='ocrx_word' id='word_1_386' title='bbox 1501 4849 1634 4904; x_wconf 89' lang='lat' dir='ltr'><strong>quos</strong></span> <span class='ocrx_word' id='word_1_387' title='bbox 1658 4843 1964 4904; x_wconf 89' lang='lat' dir='ltr'><strong>peccaturos</strong></span> <span class='ocrx_word' id='word_1_388' title='bbox 1989 4851 2090 4892; x_wconf 80' lang='lat' dir='ltr'><strong>no-</strong></span> 
     </span>
    </p>
   </div>
   <div class='ocr_carea' id='block_1_51' title="bbox 529 4917 2089 4995">
    <p class='ocr_par' dir='ltr' id='par_1_51' title="bbox 529 4917 2089 4995">
     <span class='ocr_line' id='line_1_51' title="bbox 529 4917 2089 4995; baseline 0.008 -27"><span class='ocrx_word' id='word_1_389' title='bbox 529 4917 712 4973; x_wconf 83' lang='lat' dir='ltr'><strong>verat?</strong></span> <span class='ocrx_word' id='word_1_390' title='bbox 740 4919 840 4972; x_wconf 88' lang='lat' dir='ltr'><strong>ista</strong></span> <span class='ocrx_word' id='word_1_391' title='bbox 862 4933 1049 4974; x_wconf 81' lang='lat' dir='ltr'><strong>revera</strong></span> <span class='ocrx_word' id='word_1_392' title='bbox 1087 4929 1210 4976; x_wconf 91' lang='lat' dir='ltr'><strong>sunt</strong></span> <span class='ocrx_word' id='word_1_393' title='bbox 1235 4920 1432 4976; x_wconf 90' lang='lat' dir='ltr'><strong>diaboli</strong></span> <span class='ocrx_word' id='word_1_394' title='bbox 1456 4922 1637 4990; x_wconf 87' lang='lat' dir='ltr'><strong>verba,</strong></span> <span class='ocrx_word' id='word_1_395' title='bbox 1664 4933 1718 4979; x_wconf 91' lang='lat' dir='ltr'><strong>et</strong></span> <span class='ocrx_word' id='word_1_396' title='bbox 1740 4925 1919 4995; x_wconf 67' lang='lat' dir='ltr'><strong>impiae</strong></span> <span class='ocrx_word' id='word_1_397' title='bbox 1939 4941 2089 4981; x_wconf 89' lang='lat' dir='ltr'><strong>men-</strong></span> 
     </span>
    </p>
   </div>
   <div class='ocr_carea' id='block_1_52' title="bbox 524 5007 2088 5086">
    <p class='ocr_par' dir='ltr' id='par_1_52' title="bbox 524 5007 2088 5086">
     <span class='ocr_line' id='line_1_52' title="bbox 524 5007 2088 5086; baseline 0.007 -25"><span class='ocrx_word' id='word_1_398' title='bbox 524 5008 592 5062; x_wconf 81' lang='lat' dir='ltr'><strong>tis</strong></span> <span class='ocrx_word' id='word_1_399' title='bbox 617 5008 848 5064; x_wconf 90' lang='lat' dir='ltr'><strong>inventa.</strong></span> <span class='ocrx_word' id='word_1_400' title='bbox 870 5007 1002 5063; x_wconf 87' lang='lat' dir='ltr'><strong>Nam</strong></span> <span class='ocrx_word' id='word_1_401' title='bbox 1026 5010 1165 5078; x_wconf 68' lang='lat' dir='ltr'><strong>Quod</strong></span> <span class='ocrx_word' id='word_1_402' title='bbox 1191 5021 1510 5082; x_wconf 63' lang='lat' dir='ltr'><strong>praeceptum</strong></span> <span class='ocrx_word' id='word_1_403' title='bbox 1537 5014 1667 5068; x_wconf 88' lang='lat' dir='ltr'><strong>dare</strong></span> <span class='ocrx_word' id='word_1_404' title='bbox 1693 5015 1848 5086; x_wconf 89' lang='lat' dir='ltr'><strong>longe</strong></span> <span class='ocrx_word' id='word_1_405' title='bbox 1867 5015 2088 5086; x_wconf 88' lang='lat' dir='ltr'><strong>majoris</strong></span> 
     </span>
    </p>
   </div>
   <div class='ocr_carea' id='block_1_53' title="bbox 525 5096 2083 5175">
    <p class='ocr_par' dir='ltr' id='par_1_53' title="bbox 525 5096 2083 5175">
     <span class='ocr_line' id='line_1_53' title="bbox 525 5096 2083 5175; baseline 0.01 -28"><span class='ocrx_word' id='word_1_406' title='bbox 525 5096 872 5165; x_wconf 71' lang='lat' dir='ltr'><strong>providentiae</strong></span> <span class='ocrx_word' id='word_1_407' title='bbox 897 5099 966 5154; x_wconf 92' lang='lat' dir='ltr'><strong>sit</strong></span> <span class='ocrx_word' id='word_1_408' title='bbox 984 5114 1143 5169; x_wconf 90' lang='lat' dir='ltr'><strong>quam</strong></span> <span class='ocrx_word' id='word_1_409' title='bbox 1172 5115 1276 5155; x_wconf 92' lang='lat' dir='ltr'><strong>non</strong></span> <span class='ocrx_word' id='word_1_410' title='bbox 1297 5100 1446 5170; x_wconf 87' lang='lat' dir='ltr'><strong>dare,</strong></span> <span class='ocrx_word' id='word_1_411' title='bbox 1472 5101 1596 5158; x_wconf 89' lang='lat' dir='ltr'><strong>hinc</strong></span> <span class='ocrx_word' id='word_1_412' title='bbox 1614 5103 1785 5174; x_wconf 84' lang='lat' dir='ltr'><strong>palam</strong></span> <span class='ocrx_word' id='word_1_413' title='bbox 1808 5115 1908 5161; x_wconf 88' lang='lat' dir='ltr'><strong>est.</strong></span> <span class='ocrx_word' id='word_1_414' title='bbox 1933 5107 2083 5175; x_wconf 89' lang='lat' dir='ltr'><strong>Esto,</strong></span> 
     </span>
    </p>
   </div>
   <div class='ocr_carea' id='block_1_54' title="bbox 524 5188 2083 5266">
    <p class='ocr_par' dir='ltr' id='par_1_54' title="bbox 524 5188 2083 5266">
     <span class='ocr_line' id='line_1_54' title="bbox 524 5188 2083 5266; baseline 0.008 -24"><span class='ocrx_word' id='word_1_415' title='bbox 524 5188 692 5242; x_wconf 86' lang='lat' dir='ltr'><strong>Adam</strong></span> <span class='ocrx_word' id='word_1_416' title='bbox 719 5189 990 5245; x_wconf 88' lang='lat' dir='ltr'><strong>voluntate</strong></span> <span class='ocrx_word' id='word_1_417' title='bbox 1015 5199 1070 5246; x_wconf 91' lang='lat' dir='ltr'><strong>ct</strong></span> <span class='ocrx_word' id='word_1_418' title='bbox 1092 5193 1270 5246; x_wconf 89' lang='lat' dir='ltr'><strong>animo</strong></span> <span class='ocrx_word' id='word_1_419' title='bbox 1296 5200 1402 5248; x_wconf 93' lang='lat' dir='ltr'><strong>tam</strong></span> <span class='ocrx_word' id='word_1_420' title='bbox 1433 5195 1716 5264; x_wconf 85' lang='lat' dir='ltr'><strong>negligenti</strong></span> <span class='ocrx_word' id='word_1_421' title='bbox 1735 5237 1751 5263; x_wconf 97' lang='lat'><strong>,</strong></span> <span class='ocrx_word' id='word_1_422' title='bbox 1779 5212 1936 5266; x_wconf 88' lang='lat' dir='ltr'><strong>quam</strong></span> <span class='ocrx_word' id='word_1_423' title='bbox 1965 5197 2083 5255; x_wconf 83' lang='lat' dir='ltr'><strong>linis</strong></span> 
     </span>
    </p>
   </div>
   <div class='ocr_carea' id='block_1_55' title="bbox 528 5278 2086 5351">
    <p class='ocr_par' dir='ltr' id='par_1_55' title="bbox 528 5278 2086 5351">
     <span class='ocr_line' id='line_1_55' title="bbox 528 5278 2086 5351; baseline 0.01 -22"><span class='ocrx_word' id='word_1_424' title='bbox 528 5278 759 5333; x_wconf 83' lang='lat' dir='ltr'><strong>ostendit</strong></span> <span class='ocrx_word' id='word_1_425' title='bbox 776 5318 793 5346; x_wconf 91' lang='lat'><strong>,</strong></span> <span class='ocrx_word' id='word_1_426' title='bbox 823 5280 1024 5335; x_wconf 91' lang='lat' dir='ltr'><strong>nullum</strong></span> <span class='ocrx_word' id='word_1_427' title='bbox 1052 5283 1304 5351; x_wconf 89' lang='lat' dir='ltr'><strong>suscipiat</strong></span> <span class='ocrx_word' id='word_1_428' title='bbox 1327 5283 1630 5338; x_wconf 88' lang='lat' dir='ltr'><strong>mandatum</strong></span> <span class='ocrx_word' id='word_1_429' title='bbox 1650 5326 1664 5349; x_wconf 90' lang='lat'><strong>,</strong></span> <span class='ocrx_word' id='word_1_430' title='bbox 1692 5287 1786 5340; x_wconf 82' lang='lat' dir='ltr'><strong>sed</strong></span> <span class='ocrx_word' id='word_1_431' title='bbox 1807 5288 1858 5342; x_wconf 93' lang='lat' dir='ltr'><strong>in</strong></span> <span class='ocrx_word' id='word_1_432' title='bbox 1882 5287 2086 5345; x_wconf 90' lang='lat' dir='ltr'><strong>deliciis</strong></span> 
     </span>
    </p>
   </div>
   <div class='ocr_carea' id='block_1_56' title="bbox 535 5367 2084 5446">
    <p class='ocr_par' dir='ltr' id='par_1_56' title="bbox 535 5367 2084 5446">
     <span class='ocr_line' id='line_1_56' title="bbox 535 5367 2084 5446; baseline 0.008 -25"><span class='ocrx_word' id='word_1_433' title='bbox 535 5367 781 5436; x_wconf 87' lang='lat' dir='ltr'><strong>persislat</strong></span> <span class='ocrx_word' id='word_1_434' title='bbox 805 5385 819 5423; x_wconf 92' lang='lat'><strong>:</strong></span> <span class='ocrx_word' id='word_1_435' title='bbox 851 5385 974 5424; x_wconf 92' lang='lat' dir='ltr'><strong>num</strong></span> <span class='ocrx_word' id='word_1_436' title='bbox 1003 5370 1331 5427; x_wconf 86' lang='lat' dir='ltr'><strong>imbecillitas</strong></span> <span class='ocrx_word' id='word_1_437' title='bbox 1357 5382 1513 5443; x_wconf 91' lang='lat' dir='ltr'><strong>atque</strong></span> <span class='ocrx_word' id='word_1_438' title='bbox 1538 5376 1852 5446; x_wconf 80' lang='lat' dir='ltr'><strong>negligentia</strong></span> <span class='ocrx_word' id='word_1_439' title='bbox 1888 5393 1956 5432; x_wconf 81' lang='lat' dir='ltr'><strong>ex</strong></span> <span class='ocrx_word' id='word_1_440' title='bbox 1981 5379 2084 5433; x_wconf 84' lang='lat' dir='ltr'><strong>bu-</strong></span> 
     </span>
    </p>
   </div>
   <div class='ocr_carea' id='block_1_57' title="bbox 523 5457 2085 5536">
    <p class='ocr_par' dir='ltr' id='par_1_57' title="bbox 523 5457 2085 5536">
     <span class='ocr_line' id='line_1_57' title="bbox 523 5457 2085 5536; baseline 0.006 -24"><span class='ocrx_word' id='word_1_441' title='bbox 523 5457 755 5527; x_wconf 83' lang='lat' dir='ltr'><strong>jusmodi</strong></span> <span class='ocrx_word' id='word_1_442' title='bbox 779 5458 988 5515; x_wconf 90' lang='lat' dir='ltr'><strong>licentia</strong></span> <span class='ocrx_word' id='word_1_443' title='bbox 1013 5461 1079 5515; x_wconf 89' lang='lat' dir='ltr'><strong>ad</strong></span> <span class='ocrx_word' id='word_1_444' title='bbox 1107 5461 1344 5526; x_wconf 89' lang='lat' dir='ltr'><strong>meliora,</strong></span> <span class='ocrx_word' id='word_1_445' title='bbox 1373 5477 1440 5517; x_wconf 89' lang='lat' dir='ltr'><strong>an</strong></span> <span class='ocrx_word' id='word_1_446' title='bbox 1465 5463 1533 5517; x_wconf 93' lang='lat' dir='ltr'><strong>ad</strong></span> <span class='ocrx_word' id='word_1_447' title='bbox 1558 5464 1820 5520; x_wconf 88' lang='lat' dir='ltr'><strong>deteriora</strong></span> <span class='ocrx_word' id='word_1_448' title='bbox 1849 5481 2085 5536; x_wconf 80' lang='lat' dir='ltr'><strong>prorum-</strong></span> 
     </span>
    </p>
   </div>
   <div class='ocr_carea' id='block_1_58' title="bbox 524 5546 2084 5626">
    <p class='ocr_par' dir='ltr' id='par_1_58' title="bbox 524 5546 2084 5626">
     <span class='ocr_line' id='line_1_58' title="bbox 524 5546 2084 5626; baseline 0.009 -27"><span class='ocrx_word' id='word_1_449' title='bbox 524 5547 656 5618; x_wconf 83' lang='lat' dir='ltr'><strong>pet?</strong></span> <span class='ocrx_word' id='word_1_450' title='bbox 681 5546 870 5618; x_wconf 85' lang='lat' dir='ltr'><strong>Liquet</strong></span> <span class='ocrx_word' id='word_1_451' title='bbox 897 5549 1132 5619; x_wconf 86' lang='lat' dir='ltr'><strong>profecto</strong></span> <span class='ocrx_word' id='word_1_452' title='bbox 1157 5551 1306 5606; x_wconf 91' lang='lat' dir='ltr'><strong>illum</strong></span> <span class='ocrx_word' id='word_1_453' title='bbox 1331 5552 1396 5608; x_wconf 88' lang='lat' dir='ltr'><strong>ad</strong></span> <span class='ocrx_word' id='word_1_454' title='bbox 1419 5567 1681 5609; x_wconf 89' lang='lat' dir='ltr'><strong>summum</strong></span> <span class='ocrx_word' id='word_1_455' title='bbox 1715 5554 1979 5626; x_wconf 83' lang='lat' dir='ltr'><strong>fastigium</strong></span> <span class='ocrx_word' id='word_1_456' title='bbox 2000 5559 2084 5612; x_wconf 86' lang='lat' dir='ltr'><strong>vi-</strong></span> 
     </span>
    </p>
   </div>
   <div class='ocr_carea' id='block_1_59' title="bbox 528 5639 2084 5712">
    <p class='ocr_par' dir='ltr' id='par_1_59' title="bbox 528 5639 2084 5712">
     <span class='ocr_line' id='line_1_59' title="bbox 528 5639 2084 5712; baseline 0.007 -20"><span class='ocrx_word' id='word_1_457' title='bbox 528 5639 719 5693; x_wconf 87' lang='lat' dir='ltr'><strong>tiorum</strong></span> <span class='ocrx_word' id='word_1_458' title='bbox 747 5652 1049 5707; x_wconf 88' lang='lat' dir='ltr'><strong>evasurum,</strong></span> <span class='ocrx_word' id='word_1_459' title='bbox 1075 5641 1121 5696; x_wconf 89' lang='lat' dir='ltr'><strong>si</strong></span> <span class='ocrx_word' id='word_1_460' title='bbox 1141 5641 1342 5712; x_wconf 89' lang='lat' dir='ltr'><strong>absque</strong></span> <span class='ocrx_word' id='word_1_461' title='bbox 1368 5657 1493 5698; x_wconf 89' lang='lat' dir='ltr'><strong>cura</strong></span> <span class='ocrx_word' id='word_1_462' title='bbox 1518 5645 1602 5699; x_wconf 89' lang='lat' dir='ltr'><strong>sit.</strong></span> <span class='ocrx_word' id='word_1_463' title='bbox 1634 5644 1762 5700; x_wconf 87' lang='lat' dir='ltr'><strong>Nam</strong></span> <span class='ocrx_word' id='word_1_464' title='bbox 1795 5646 1838 5701; x_wconf 88' lang='lat' dir='ltr'><strong>si</strong></span> <span class='ocrx_word' id='word_1_465' title='bbox 1861 5647 2084 5706; x_wconf 88' lang='lat' dir='ltr'><strong>necdum</strong></span> 
     </span>
    </p>
   </div>
   <div class='ocr_carea' id='block_1_60' title="bbox 525 5728 2080 5810">
    <p class='ocr_par' dir='ltr' id='par_1_60' title="bbox 525 5728 2080 5810">
     <span class='ocr_line' id='line_1_60' title="bbox 525 5728 2080 5810; baseline 0.005 -22"><span class='ocrx_word' id='word_1_466' title='bbox 525 5728 596 5788; x_wconf 82' lang='lat' dir='ltr'><strong>de</strong></span> <span class='ocrx_word' id='word_1_467' title='bbox 645 5730 1038 5791; x_wconf 86' lang='lat' dir='ltr'><strong>immortalitate</strong></span> <span class='ocrx_word' id='word_1_468' title='bbox 1094 5749 1350 5803; x_wconf 87' lang='lat' dir='ltr'><strong>securus,</strong></span> <span class='ocrx_word' id='word_1_469' title='bbox 1408 5751 1630 5810; x_wconf 74' lang='lat' dir='ltr'><strong>eamque</strong></span> <span class='ocrx_word' id='word_1_470' title='bbox 1669 5753 1818 5810; x_wconf 89' lang='lat' dir='ltr'><strong>spem</strong></span> <span class='ocrx_word' id='word_1_471' title='bbox 1867 5739 2080 5797; x_wconf 87' lang='lat' dir='ltr'><strong>dubiam</strong></span> 
     </span>
    </p>
   </div>
   <div class='ocr_carea' id='block_1_61' title="bbox 1290 343 3088 410">
    <p class='ocr_par' dir='ltr' id='par_1_61' title="bbox 1290 343 3088 410">
     <span class='ocr_line' id='line_1_61' title="bbox 1290 343 3088 410; baseline 0.004 -8"><span class='ocrx_word' id='word_1_472' title='bbox 1290 343 1349 402; x_wconf 82' lang='lat' dir='ltr'><strong>S.</strong></span> <span class='ocrx_word' id='word_1_473' title='bbox 1385 344 1658 403; x_wconf 75' lang='lat' dir='ltr'><strong>JOANNIS</strong></span> <span class='ocrx_word' id='word_1_474' title='bbox 1695 345 2168 404; x_wconf 69' lang='lat' dir='ltr'><strong>CIIBYSOSTOMI</strong></span> <span class='ocrx_word' id='word_1_475' title='bbox 2207 345 2524 404; x_wconf 75' lang='lat' dir='ltr'><strong>ARCUIEP.</strong></span> <span class='ocrx_word' id='word_1_476' title='bbox 2555 349 3088 410; x_wconf 79' lang='lat' dir='ltr'><strong>CONSTANTINOP.</strong></span> 
     </span>
    </p>
   </div>
   <div class='ocr_carea' id='block_1_62' title="bbox 3685 357 3792 416">
    <p class='ocr_par' dir='ltr' id='par_1_62' title="bbox 3685 357 3792 416">
     <span class='ocr_line' id='line_1_62' title="bbox 3685 357 3792 416; baseline 0.019 -2"><span class='ocrx_word' id='word_1_477' title='bbox 3685 357 3792 416; x_wconf 65' lang='lat'><strong>633</strong></span> 
     </span>
    </p>
   </div>
   <div class='ocr_carea' id='block_1_63' title="bbox 2229 461 3796 543">
    <p class='ocr_par' dir='ltr' id='par_1_63' title="bbox 2229 461 3796 543">
     <span class='ocr_line' id='line_1_63' title="bbox 2229 461 3796 543; baseline 0.008 -28"><span class='ocrx_word' id='word_1_478' title='bbox 2229 461 2461 530; x_wconf 89' lang='lat' dir='ltr'><strong>pendere</strong></span> <span class='ocrx_word' id='word_1_479' title='bbox 2487 478 2593 518; x_wconf 92' lang='lat' dir='ltr'><strong>non</strong></span> <span class='ocrx_word' id='word_1_480' title='bbox 2620 464 2869 534; x_wconf 86' lang='lat' dir='ltr'><strong>ignorans</strong></span> <span class='ocrx_word' id='word_1_481' title='bbox 2892 507 2907 530; x_wconf 90' lang='lat'><strong>,</strong></span> <span class='ocrx_word' id='word_1_482' title='bbox 2938 468 2992 522; x_wconf 91' lang='lat' dir='ltr'><strong>in</strong></span> <span class='ocrx_word' id='word_1_483' title='bbox 3021 475 3216 522; x_wconf 88' lang='lat' dir='ltr'><strong>tantam</strong></span> <span class='ocrx_word' id='word_1_484' title='bbox 3255 470 3608 541; x_wconf 79' lang='lat' dir='ltr'><strong>arrogantiam</strong></span> <span class='ocrx_word' id='word_1_485' title='bbox 3630 484 3796 543; x_wconf 77' lang='lat' dir='ltr'><strong>atque</strong></span> 
     </span>
    </p>
   </div>
   <div class='ocr_carea' id='block_1_64' title="bbox 2223 555 3796 638">
    <p class='ocr_par' dir='ltr' id='par_1_64' title="bbox 2223 555 3796 638">
     <span class='ocr_line' id='line_1_64' title="bbox 2223 555 3796 638; baseline 0.011 -32"><span class='ocrx_word' id='word_1_486' title='bbox 2223 555 2511 609; x_wconf 90' lang='lat' dir='ltr'><strong>amentiam</strong></span> <span class='ocrx_word' id='word_1_487' title='bbox 2538 555 2706 612; x_wconf 89' lang='lat' dir='ltr'><strong>elatus</strong></span> <span class='ocrx_word' id='word_1_488' title='bbox 2734 569 2836 626; x_wconf 87' lang='lat' dir='ltr'><strong>est,</strong></span> <span class='ocrx_word' id='word_1_489' title='bbox 2865 569 2922 613; x_wconf 92' lang='lat' dir='ltr'><strong>ut</strong></span> <span class='ocrx_word' id='word_1_490' title='bbox 2944 560 3074 616; x_wconf 87' lang='lat' dir='ltr'><strong>deus</strong></span> <span class='ocrx_word' id='word_1_491' title='bbox 3099 561 3217 617; x_wconf 82' lang='lat' dir='ltr'><strong>fieri</strong></span> <span class='ocrx_word' id='word_1_492' title='bbox 3242 574 3523 633; x_wconf 90' lang='lat' dir='ltr'><strong>speraret,</strong></span> <span class='ocrx_word' id='word_1_493' title='bbox 3548 566 3796 638; x_wconf 82' lang='lat' dir='ltr'><strong>istudqne</strong></span> 
     </span>
    </p>
   </div>
   <div class='ocr_carea' id='block_1_65' title="bbox 2223 645 3796 724">
    <p class='ocr_par' dir='ltr' id='par_1_65' title="bbox 2223 645 3796 724">
     <span class='ocr_line' id='line_1_65' title="bbox 2223 645 3796 724; baseline 0.011 -25"><span class='ocrx_word' id='word_1_494' title='bbox 2223 659 2343 700; x_wconf 91' lang='lat' dir='ltr'><strong>cum</strong></span> <span class='ocrx_word' id='word_1_495' title='bbox 2373 645 2424 700; x_wconf 92' lang='lat' dir='ltr'><strong>id</strong></span> <span class='ocrx_word' id='word_1_496' title='bbox 2469 649 2862 717; x_wconf 91' lang='lat' dir='ltr'><strong>promittentem</strong></span> <span class='ocrx_word' id='word_1_497' title='bbox 2889 651 3031 706; x_wconf 91' lang='lat' dir='ltr'><strong>nulla</strong></span> <span class='ocrx_word' id='word_1_498' title='bbox 3074 670 3141 708; x_wconf 82' lang='lat' dir='ltr'><strong>ex</strong></span> <span class='ocrx_word' id='word_1_499' title='bbox 3191 664 3338 724; x_wconf 90' lang='lat' dir='ltr'><strong>parte</strong></span> <span class='ocrx_word' id='word_1_500' title='bbox 3365 656 3573 712; x_wconf 82' lang='lat' dir='ltr'><strong>fidelem</strong></span> <span class='ocrx_word' id='word_1_501' title='bbox 3602 673 3796 716; x_wconf 88' lang='lat' dir='ltr'><strong>cerne-</strong></span> 
     </span>
    </p>
   </div>
   <div class='ocr_carea' id='block_1_66' title="bbox 2223 736 3797 819">
    <p class='ocr_par' dir='ltr' id='par_1_66' title="bbox 2223 736 3797 819">
     <span class='ocr_line' id='line_1_66' title="bbox 2223 736 3797 819; baseline 0.011 -31"><span class='ocrx_word' id='word_1_502' title='bbox 2223 743 2308 790; x_wconf 90' lang='lat' dir='ltr'><strong>ret</strong></span> <span class='ocrx_word' id='word_1_503' title='bbox 2344 751 2358 788; x_wconf 89' lang='lat'><strong>:</strong></span> <span class='ocrx_word' id='word_1_504' title='bbox 2388 736 2433 790; x_wconf 90' lang='lat' dir='ltr'><strong>si</strong></span> <span class='ocrx_word' id='word_1_505' title='bbox 2479 751 2718 793; x_wconf 88' lang='lat' dir='ltr'><strong>securam</strong></span> <span class='ocrx_word' id='word_1_506' title='bbox 2758 740 3200 800; x_wconf 82' lang='lat' dir='ltr'><strong>immortalitatem</strong></span> <span class='ocrx_word' id='word_1_507' title='bbox 3243 754 3514 814; x_wconf 88' lang='lat' dir='ltr'><strong>putasset,</strong></span> <span class='ocrx_word' id='word_1_508' title='bbox 3557 764 3659 819; x_wconf 89' lang='lat' dir='ltr'><strong>quo</strong></span> <span class='ocrx_word' id='word_1_509' title='bbox 3685 766 3797 806; x_wconf 86' lang='lat' dir='ltr'><strong>non</strong></span> 
     </span>
    </p>
   </div>
   <div class='ocr_carea' id='block_1_67' title="bbox 2224 834 3798 909">
    <p class='ocr_par' dir='ltr' id='par_1_67' title="bbox 2224 834 3798 909">
     <span class='ocr_line' id='line_1_67' title="bbox 2224 834 3798 909; baseline 0.01 -30"><span class='ocrx_word' id='word_1_510' title='bbox 2224 841 2536 898; x_wconf 84' lang='lat' dir='ltr'><strong>progressus</strong></span> <span class='ocrx_word' id='word_1_511' title='bbox 2587 838 2730 885; x_wconf 90' lang='lat' dir='ltr'><strong>esset</strong></span> <span class='ocrx_word' id='word_1_512' title='bbox 2764 834 3120 902; x_wconf 60' lang='lat' dir='ltr'><strong>arrogantius?</strong></span> <span class='ocrx_word' id='word_1_513' title='bbox 3156 836 3281 905; x_wconf 89' lang='lat' dir='ltr'><strong>quid</strong></span> <span class='ocrx_word' id='word_1_514' title='bbox 3320 852 3427 891; x_wconf 90' lang='lat' dir='ltr'><strong>non</strong></span> <span class='ocrx_word' id='word_1_515' title='bbox 3475 843 3798 909; x_wconf 84' lang='lat' dir='ltr'><strong>peccasset?</strong></span> 
     </span>
    </p>
   </div>
   <div class='ocr_carea' id='block_1_68' title="bbox 2222 919 3789 994">
    <p class='ocr_par' dir='ltr' id='par_1_68' title="bbox 2222 919 3789 994">
     <span class='ocr_line' id='line_1_68' title="bbox 2222 919 3789 994; baseline 0.011 -23"><span class='ocrx_word' id='word_1_516' title='bbox 2222 919 2556 988; x_wconf 84' lang='lat' dir='ltr'><strong>quandonam</strong></span> <span class='ocrx_word' id='word_1_517' title='bbox 2605 921 2716 977; x_wconf 91' lang='lat' dir='ltr'><strong>Deo</strong></span> <span class='ocrx_word' id='word_1_518' title='bbox 2754 924 3212 994; x_wconf 76' lang='lat' dir='ltr'><strong>obtemperasset?</strong></span> <span class='ocrx_word' id='word_1_519' title='bbox 3252 928 3331 983; x_wconf 84' lang='lat' dir='ltr'><strong>Tu</strong></span> <span class='ocrx_word' id='word_1_520' title='bbox 3359 944 3488 985; x_wconf 89' lang='lat' dir='ltr'><strong>vero</strong></span> <span class='ocrx_word' id='word_1_521' title='bbox 3530 931 3654 985; x_wconf 90' lang='lat' dir='ltr'><strong>dum</strong></span> <span class='ocrx_word' id='word_1_522' title='bbox 3686 934 3789 989; x_wconf 86' lang='lat' dir='ltr'><strong>ista</strong></span> 
     </span>
    </p>
   </div>
   <div class='ocr_carea' id='block_1_69' title="bbox 2222 1011 3791 1090">
    <p class='ocr_par' dir='ltr' id='par_1_69' title="bbox 2222 1011 3791 1090">
     <span class='ocr_line' id='line_1_69' title="bbox 2222 1011 3791 1090; baseline 0.01 -28"><span class='ocrx_word' id='word_1_523' title='bbox 2222 1011 2540 1076; x_wconf 86' lang='lat' dir='ltr'><strong>criminaris,</strong></span> <span class='ocrx_word' id='word_1_524' title='bbox 2565 1012 2702 1067; x_wconf 91' lang='lat' dir='ltr'><strong>idem</strong></span> <span class='ocrx_word' id='word_1_525' title='bbox 2729 1015 2965 1084; x_wconf 83' lang='lat' dir='ltr'><strong>profecto</strong></span> <span class='ocrx_word' id='word_1_526' title='bbox 2984 1016 3144 1084; x_wconf 90' lang='lat' dir='ltr'><strong>facis,</strong></span> <span class='ocrx_word' id='word_1_527' title='bbox 3171 1032 3234 1073; x_wconf 90' lang='lat' dir='ltr'><strong>ac</strong></span> <span class='ocrx_word' id='word_1_528' title='bbox 3270 1017 3315 1072; x_wconf 88' lang='lat' dir='ltr'><strong>si</strong></span> <span class='ocrx_word' id='word_1_529' title='bbox 3342 1020 3461 1090; x_wconf 88' lang='lat' dir='ltr'><strong>quis</strong></span> <span class='ocrx_word' id='word_1_530' title='bbox 3485 1020 3791 1077; x_wconf 79' lang='lat' dir='ltr'><strong>fornicatio-</strong></span> 
     </span>
    </p>
   </div>
   <div class='ocr_carea' id='block_1_70' title="bbox 2223 1101 3790 1181">
    <p class='ocr_par' dir='ltr' id='par_1_70' title="bbox 2223 1101 3790 1181">
     <span class='ocr_line' id='line_1_70' title="bbox 2223 1101 3790 1181; baseline 0.01 -29"><span class='ocrx_word' id='word_1_531' title='bbox 2223 1113 2344 1153; x_wconf 91' lang='lat' dir='ltr'><strong>nem</strong></span> <span class='ocrx_word' id='word_1_532' title='bbox 2373 1101 2738 1169; x_wconf 88' lang='lat' dir='ltr'><strong>prohibentem</strong></span> <span class='ocrx_word' id='word_1_533' title='bbox 2767 1107 3214 1175; x_wconf 88' lang='lat' dir='ltr'><strong>reprehenderet,</strong></span> <span class='ocrx_word' id='word_1_534' title='bbox 3248 1109 3369 1164; x_wconf 88' lang='lat' dir='ltr'><strong>idco</strong></span> <span class='ocrx_word' id='word_1_535' title='bbox 3394 1111 3532 1180; x_wconf 90' lang='lat' dir='ltr'><strong>quod</strong></span> <span class='ocrx_word' id='word_1_536' title='bbox 3577 1112 3790 1181; x_wconf 89' lang='lat' dir='ltr'><strong>plurimi</strong></span> 
     </span>
    </p>
   </div>
   <div class='ocr_carea' id='block_1_71' title="bbox 2223 1193 3792 1261">
    <p class='ocr_par' dir='ltr' id='par_1_71' title="bbox 2223 1193 3792 1261">
     <span class='ocr_line' id='line_1_71' title="bbox 2223 1193 3792 1261; baseline 0.01 -15"><span class='ocrx_word' id='word_1_537' title='bbox 2223 1193 2321 1247; x_wconf 89' lang='lat' dir='ltr'><strong>ista</strong></span> <span class='ocrx_word' id='word_1_538' title='bbox 2367 1195 2640 1250; x_wconf 87' lang='lat' dir='ltr'><strong>audientes</strong></span> <span class='ocrx_word' id='word_1_539' title='bbox 2682 1197 2991 1254; x_wconf 70' lang='lat' dir='ltr'><strong>furnimturi</strong></span> <span class='ocrx_word' id='word_1_540' title='bbox 3031 1210 3229 1254; x_wconf 80' lang='lat' dir='ltr'><strong>essent.</strong></span> <span class='ocrx_word' id='word_1_541' title='bbox 3279 1201 3465 1257; x_wconf 84' lang='lat' dir='ltr'><strong>Nonne</strong></span> <span class='ocrx_word' id='word_1_542' title='bbox 3510 1213 3634 1260; x_wconf 88' lang='lat' dir='ltr'><strong>sunt</strong></span> <span class='ocrx_word' id='word_1_543' title='bbox 3676 1206 3792 1261; x_wconf 57' lang='lat' dir='ltr'><strong>hac</strong></span> 
     </span>
    </p>
   </div>
   <div class='ocr_carea' id='block_1_72' title="bbox 2221 1284 3791 1349">
    <p class='ocr_par' dir='ltr' id='par_1_72' title="bbox 2221 1284 3791 1349">
     <span class='ocr_line' id='line_1_72' title="bbox 2221 1284 3791 1349; baseline 0.008 -13"><span class='ocrx_word' id='word_1_544' title='bbox 2221 1284 2380 1338; x_wconf 86' lang='lat' dir='ltr'><strong>verba</strong></span> <span class='ocrx_word' id='word_1_545' title='bbox 2422 1296 2672 1342; x_wconf 66' lang='lat' dir='ltr'><strong>extremae</strong></span> <span class='ocrx_word' id='word_1_546' title='bbox 2717 1288 3036 1344; x_wconf 78' lang='lat' dir='ltr'><strong>dementiae?</strong></span> <span class='ocrx_word' id='word_1_547' title='bbox 3074 1291 3128 1345; x_wconf 91' lang='lat' dir='ltr'><strong>Si</strong></span> <span class='ocrx_word' id='word_1_548' title='bbox 3176 1293 3318 1346; x_wconf 89' lang='lat' dir='ltr'><strong>enim</strong></span> <span class='ocrx_word' id='word_1_549' title='bbox 3364 1293 3509 1348; x_wconf 89' lang='lat' dir='ltr'><strong>nullo</strong></span> <span class='ocrx_word' id='word_1_550' title='bbox 3543 1294 3791 1349; x_wconf 86' lang='lat' dir='ltr'><strong>mandato</strong></span> 
     </span>
    </p>
   </div>
   <div class='ocr_carea' id='block_1_73' title="bbox 2225 1374 3788 1443">
    <p class='ocr_par' dir='ltr' id='par_1_73' title="bbox 2225 1374 3788 1443">
     <span class='ocr_line' id='line_1_73' title="bbox 2225 1374 3788 1443; baseline 0.007 -17"><span class='ocrx_word' id='word_1_551' title='bbox 2225 1386 2474 1443; x_wconf 89' lang='lat' dir='ltr'><strong>suscepto</strong></span> <span class='ocrx_word' id='word_1_552' title='bbox 2498 1374 2742 1431; x_wconf 89' lang='lat' dir='ltr'><strong>diabolus</strong></span> <span class='ocrx_word' id='word_1_553' title='bbox 2770 1377 2835 1431; x_wconf 91' lang='lat' dir='ltr'><strong>ad</strong></span> <span class='ocrx_word' id='word_1_554' title='bbox 2865 1379 3010 1432; x_wconf 91' lang='lat' dir='ltr'><strong>illum</strong></span> <span class='ocrx_word' id='word_1_555' title='bbox 3055 1379 3316 1435; x_wconf 88' lang='lat' dir='ltr'><strong>accedens</strong></span> <span class='ocrx_word' id='word_1_556' title='bbox 3344 1382 3596 1438; x_wconf 86' lang='lat' dir='ltr'><strong>recedere</strong></span> <span class='ocrx_word' id='word_1_557' title='bbox 3617 1400 3646 1437; x_wconf 92' lang='lat' dir='ltr'><strong>a</strong></span> <span class='ocrx_word' id='word_1_558' title='bbox 3679 1385 3788 1439; x_wconf 89' lang='lat' dir='ltr'><strong>Deo</strong></span> 
     </span>
    </p>
   </div>
   <div class='ocr_carea' id='block_1_74' title="bbox 2219 1465 3787 1543">
    <p class='ocr_par' dir='ltr' id='par_1_74' title="bbox 2219 1465 3787 1543">
     <span class='ocr_line' id='line_1_74' title="bbox 2219 1465 3787 1543; baseline 0.008 -26"><span class='ocrx_word' id='word_1_559' title='bbox 2219 1465 2595 1531; x_wconf 88' lang='lat' dir='ltr'><strong>consuluisset,</strong></span> <span class='ocrx_word' id='word_1_560' title='bbox 2625 1465 2677 1521; x_wconf 93' lang='lat' dir='ltr'><strong>id</strong></span> <span class='ocrx_word' id='word_1_561' title='bbox 2703 1467 2776 1520; x_wconf 93' lang='lat' dir='ltr'><strong>illi</strong></span> <span class='ocrx_word' id='word_1_562' title='bbox 2808 1467 2962 1523; x_wconf 89' lang='lat' dir='ltr'><strong>facile</strong></span> <span class='ocrx_word' id='word_1_563' title='bbox 2986 1471 3359 1538; x_wconf 89' lang='lat' dir='ltr'><strong>persuasisset.</strong></span> <span class='ocrx_word' id='word_1_564' title='bbox 3387 1471 3518 1526; x_wconf 89' lang='lat' dir='ltr'><strong>Nam</strong></span> <span class='ocrx_word' id='word_1_565' title='bbox 3547 1475 3634 1543; x_wconf 88' lang='lat' dir='ltr'><strong>qui</strong></span> <span class='ocrx_word' id='word_1_566' title='bbox 3667 1483 3787 1543; x_wconf 91' lang='lat' dir='ltr'><strong>post</strong></span> 
     </span>
    </p>
   </div>
   <div class='ocr_carea' id='block_1_75' title="bbox 2218 1557 3784 1635">
    <p class='ocr_par' dir='ltr' id='par_1_75' title="bbox 2218 1557 3784 1635">
     <span class='ocr_line' id='line_1_75' title="bbox 2218 1557 3784 1635; baseline 0.008 -27"><span class='ocrx_word' id='word_1_567' title='bbox 2218 1565 2488 1624; x_wconf 89' lang='lat' dir='ltr'><strong>acceptum</strong></span> <span class='ocrx_word' id='word_1_568' title='bbox 2517 1557 2822 1612; x_wconf 90' lang='lat' dir='ltr'><strong>mandatum</strong></span> <span class='ocrx_word' id='word_1_569' title='bbox 2845 1560 3235 1630; x_wconf 61' lang='lat' dir='ltr'><strong>pracipientem</strong></span> <span class='ocrx_word' id='word_1_570' title='bbox 3261 1563 3339 1618; x_wconf 90' lang='lat' dir='ltr'><strong>sic</strong></span> <span class='ocrx_word' id='word_1_571' title='bbox 3365 1566 3680 1635; x_wconf 88' lang='lat' dir='ltr'><strong>contempsit</strong></span> <span class='ocrx_word' id='word_1_572' title='bbox 3696 1607 3709 1628; x_wconf 90' lang='lat'><em>.</em></span> <span class='ocrx_word' id='word_1_573' title='bbox 3738 1567 3784 1622; x_wconf 90' lang='lat' dir='ltr'><strong>si</strong></span> 
     </span>
    </p>
   </div>
   <div class='ocr_carea' id='block_1_76' title="bbox 2222 1645 3785 1720">
    <p class='ocr_par' dir='ltr' id='par_1_76' title="bbox 2222 1645 3785 1720">
     <span class='ocr_line' id='line_1_76' title="bbox 2222 1645 3785 1720; baseline 0.008 -21"><span class='ocrx_word' id='word_1_574' title='bbox 2222 1645 2354 1701; x_wconf 90' lang='lat' dir='ltr'><strong>nihil</strong></span> <span class='ocrx_word' id='word_1_575' title='bbox 2397 1647 2465 1701; x_wconf 93' lang='lat' dir='ltr'><strong>ab</strong></span> <span class='ocrx_word' id='word_1_576' title='bbox 2492 1648 2581 1703; x_wconf 92' lang='lat' dir='ltr'><strong>illo</strong></span> <span class='ocrx_word' id='word_1_577' title='bbox 2607 1650 2823 1720; x_wconf 91' lang='lat' dir='ltr'><strong>penitus</strong></span> <span class='ocrx_word' id='word_1_578' title='bbox 2851 1651 3122 1717; x_wconf 89' lang='lat' dir='ltr'><strong>audisset,</strong></span> <span class='ocrx_word' id='word_1_579' title='bbox 3154 1653 3259 1708; x_wconf 88' lang='lat' dir='ltr'><strong>cito</strong></span> <span class='ocrx_word' id='word_1_580' title='bbox 3286 1654 3442 1708; x_wconf 88' lang='lat' dir='ltr'><strong>etiam</strong></span> <span class='ocrx_word' id='word_1_581' title='bbox 3469 1671 3526 1710; x_wconf 90' lang='lat' dir='ltr'><strong>se</strong></span> <span class='ocrx_word' id='word_1_582' title='bbox 3567 1658 3666 1711; x_wconf 91' lang='lat' dir='ltr'><strong>sub</strong></span> <span class='ocrx_word' id='word_1_583' title='bbox 3689 1657 3785 1712; x_wconf 75' lang='lat' dir='ltr'><strong>do-</strong></span> 
     </span>
    </p>
   </div>
   <div class='ocr_carea' id='block_1_77' title="bbox 2217 1736 3784 1816">
    <p class='ocr_par' dir='ltr' id='par_1_77' title="bbox 2217 1736 3784 1816">
     <span class='ocr_line' id='line_1_77' title="bbox 2217 1736 3784 1816; baseline 0.008 -26"><span class='ocrx_word' id='word_1_584' title='bbox 2217 1736 2364 1791; x_wconf 92' lang='lat' dir='ltr'><strong>mino</strong></span> <span class='ocrx_word' id='word_1_585' title='bbox 2389 1752 2512 1793; x_wconf 93' lang='lat' dir='ltr'><strong>esse</strong></span> <span class='ocrx_word' id='word_1_586' title='bbox 2542 1739 2854 1808; x_wconf 85' lang='lat' dir='ltr'><strong>ignorasset.</strong></span> <span class='ocrx_word' id='word_1_587' title='bbox 2878 1740 3076 1797; x_wconf 89' lang='lat' dir='ltr'><strong>Idcirco</strong></span> <span class='ocrx_word' id='word_1_588' title='bbox 3097 1750 3299 1798; x_wconf 92' lang='lat' dir='ltr'><strong>mature</strong></span> <span class='ocrx_word' id='word_1_589' title='bbox 3321 1744 3458 1799; x_wconf 91' lang='lat' dir='ltr'><strong>Deus</strong></span> <span class='ocrx_word' id='word_1_590' title='bbox 3483 1761 3547 1800; x_wconf 88' lang='lat' dir='ltr'><strong>ex</strong></span> <span class='ocrx_word' id='word_1_591' title='bbox 3575 1747 3639 1802; x_wconf 92' lang='lat' dir='ltr'><strong>iis</strong></span> <span class='ocrx_word' id='word_1_592' title='bbox 3665 1763 3784 1816; x_wconf 69' lang='lat' dir='ltr'><strong>qua:</strong></span> 
     </span>
    </p>
   </div>
   <div class='ocr_carea' id='block_1_78' title="bbox 2218 1826 3782 1907">
    <p class='ocr_par' dir='ltr' id='par_1_78' title="bbox 2218 1826 3782 1907">
     <span class='ocr_line' id='line_1_78' title="bbox 2218 1826 3782 1907; baseline 0.008 -28"><span class='ocrx_word' id='word_1_593' title='bbox 2218 1826 2487 1897; x_wconf 66' lang='lat' dir='ltr'><strong>praecipit,</strong></span> <span class='ocrx_word' id='word_1_594' title='bbox 2513 1827 2668 1883; x_wconf 91' lang='lat' dir='ltr'><strong>docet</strong></span> <span class='ocrx_word' id='word_1_595' title='bbox 2689 1828 2884 1885; x_wconf 88' lang='lat' dir='ltr'><strong>habere</strong></span> <span class='ocrx_word' id='word_1_596' title='bbox 2904 1831 3050 1886; x_wconf 92' lang='lat' dir='ltr'><strong>illum</strong></span> <span class='ocrx_word' id='word_1_597' title='bbox 3076 1832 3368 1899; x_wconf 91' lang='lat' dir='ltr'><strong>dominum,</strong></span> <span class='ocrx_word' id='word_1_598' title='bbox 3399 1836 3449 1889; x_wconf 91' lang='lat' dir='ltr'><strong>in</strong></span> <span class='ocrx_word' id='word_1_599' title='bbox 3473 1837 3782 1907; x_wconf 82' lang='lat' dir='ltr'><strong>cunctisque</strong></span> 
     </span>
    </p>
   </div>
   <div class='ocr_carea' id='block_1_79' title="bbox 2217 1921 3779 1998">
    <p class='ocr_par' dir='ltr' id='par_1_79' title="bbox 2217 1921 3779 1998">
     <span class='ocr_line' id='line_1_79' title="bbox 2217 1921 3779 1998; baseline 0.006 -25"><span class='ocrx_word' id='word_1_600' title='bbox 2217 1921 2291 1974; x_wconf 92' lang='lat' dir='ltr'><strong>illi</strong></span> <span class='ocrx_word' id='word_1_601' title='bbox 2314 1935 2501 1989; x_wconf 86' lang='lat' dir='ltr'><strong>parere</strong></span> <span class='ocrx_word' id='word_1_602' title='bbox 2520 1931 2787 1991; x_wconf 90' lang='lat' dir='ltr'><strong>oportere.</strong></span> <span class='ocrx_word' id='word_1_603' title='bbox 2819 1923 2886 1978; x_wconf 89' lang='lat' dir='ltr'><strong>Et</strong></span> <span class='ocrx_word' id='word_1_604' title='bbox 2919 1925 3042 1994; x_wconf 91' lang='lat' dir='ltr'><strong>quid</strong></span> <span class='ocrx_word' id='word_1_605' title='bbox 3071 1926 3296 1995; x_wconf 90' lang='lat' dir='ltr'><strong>amplius</strong></span> <span class='ocrx_word' id='word_1_606' title='bbox 3329 1926 3452 1982; x_wconf 91' lang='lat' dir='ltr'><strong>hinc</strong></span> <span class='ocrx_word' id='word_1_607' title='bbox 3477 1938 3779 1998; x_wconf 89' lang='lat' dir='ltr'><strong>sequutum,</strong></span> 
     </span>
    </p>
   </div>
   <div class='ocr_carea' id='block_1_80' title="bbox 2215 2011 3778 2088">
    <p class='ocr_par' dir='ltr' id='par_1_80' title="bbox 2215 2011 3778 2088">
     <span class='ocr_line' id='line_1_80' title="bbox 2215 2011 3778 2088; baseline 0.006 -24"><span class='ocrx_word' id='word_1_608' title='bbox 2215 2011 2499 2081; x_wconf 84' lang='lat' dir='ltr'><strong>inquiunt?</strong></span> <span class='ocrx_word' id='word_1_609' title='bbox 2546 2013 2765 2068; x_wconf 90' lang='lat' dir='ltr'><strong>Etiamsi</strong></span> <span class='ocrx_word' id='word_1_610' title='bbox 2807 2014 2940 2069; x_wconf 87' lang='lat' dir='ltr'><strong>nihil</strong></span> <span class='ocrx_word' id='word_1_611' title='bbox 2979 2016 3119 2071; x_wconf 91' lang='lat' dir='ltr'><strong>aliud</strong></span> <span class='ocrx_word' id='word_1_612' title='bbox 3160 2027 3437 2088; x_wconf 85' lang='lat' dir='ltr'><strong>sequutum</strong></span> <span class='ocrx_word' id='word_1_613' title='bbox 3465 2031 3642 2086; x_wconf 88' lang='lat' dir='ltr'><strong>esset,</strong></span> <span class='ocrx_word' id='word_1_614' title='bbox 3672 2037 3778 2076; x_wconf 91' lang='lat' dir='ltr'><strong>non</strong></span> 
     </span>
    </p>
   </div>
   <div class='ocr_carea' id='block_1_81' title="bbox 2215 2099 3778 2178">
    <p class='ocr_par' dir='ltr' id='par_1_81' title="bbox 2215 2099 3778 2178">
     <span class='ocr_line' id='line_1_81' title="bbox 2215 2099 3778 2178; baseline 0.006 -22"><span class='ocrx_word' id='word_1_615' title='bbox 2215 2099 2266 2156; x_wconf 92' lang='lat' dir='ltr'><strong>id</strong></span> <span class='ocrx_word' id='word_1_616' title='bbox 2287 2102 2496 2158; x_wconf 87' lang='lat' dir='ltr'><strong>docenti</strong></span> <span class='ocrx_word' id='word_1_617' title='bbox 2523 2103 2629 2159; x_wconf 93' lang='lat' dir='ltr'><strong>Deo</strong></span> <span class='ocrx_word' id='word_1_618' title='bbox 2653 2114 2794 2160; x_wconf 90' lang='lat' dir='ltr'><strong>esset</strong></span> <span class='ocrx_word' id='word_1_619' title='bbox 2821 2106 3181 2176; x_wconf 88' lang='lat' dir='ltr'><strong>imputandum</strong></span> <span class='ocrx_word' id='word_1_620' title='bbox 3201 2149 3215 2172; x_wconf 91' lang='lat'><strong>,</strong></span> <span class='ocrx_word' id='word_1_621' title='bbox 3245 2108 3339 2164; x_wconf 92' lang='lat' dir='ltr'><strong>sed</strong></span> <span class='ocrx_word' id='word_1_622' title='bbox 3370 2110 3540 2178; x_wconf 90' lang='lat' dir='ltr'><strong>potius</strong></span> <span class='ocrx_word' id='word_1_623' title='bbox 3580 2111 3778 2166; x_wconf 89' lang='lat' dir='ltr'><strong>homini</strong></span> 
     </span>
    </p>
   </div>
   <div class='ocr_carea' id='block_1_82' title="bbox 2213 2195 3777 2269">
    <p class='ocr_par' dir='ltr' id='par_1_82' title="bbox 2213 2195 3777 2269">
     <span class='ocr_line' id='line_1_82' title="bbox 2213 2195 3777 2269; baseline 0.006 -23"><span class='ocrx_word' id='word_1_624' title='bbox 2213 2207 2319 2247; x_wconf 92' lang='lat' dir='ltr'><strong>non</strong></span> <span class='ocrx_word' id='word_1_625' title='bbox 2352 2195 2658 2264; x_wconf 89' lang='lat' dir='ltr'><strong>suscipienti</strong></span> <span class='ocrx_word' id='word_1_626' title='bbox 2700 2196 2953 2264; x_wconf 83' lang='lat' dir='ltr'><strong>Optimam</strong></span> <span class='ocrx_word' id='word_1_627' title='bbox 3005 2197 3143 2253; x_wconf 89' lang='lat' dir='ltr'><strong>hanc</strong></span> <span class='ocrx_word' id='word_1_628' title='bbox 3181 2199 3532 2269; x_wconf 86' lang='lat' dir='ltr'><strong>disciplinam.</strong></span> <span class='ocrx_word' id='word_1_629' title='bbox 3582 2201 3777 2256; x_wconf 80' lang='lat' dir='ltr'><strong>Verum</strong></span> 
     </span>
    </p>
   </div>
   <div class='ocr_carea' id='block_1_83' title="bbox 2214 2284 3780 2363">
    <p class='ocr_par' dir='ltr' id='par_1_83' title="bbox 2214 2284 3780 2363">
     <span class='ocr_line' id='line_1_83' title="bbox 2214 2284 3780 2363; baseline 0.006 -25"><span class='ocrx_word' id='word_1_630' title='bbox 2214 2299 2281 2340; x_wconf 91' lang='lat' dir='ltr'><strong>ne</strong></span> <span class='ocrx_word' id='word_1_631' title='bbox 2317 2284 2396 2340; x_wconf 91' lang='lat' dir='ltr'><strong>sic</strong></span> <span class='ocrx_word' id='word_1_632' title='bbox 2435 2285 2648 2356; x_wconf 91' lang='lat' dir='ltr'><strong>quidem</strong></span> <span class='ocrx_word' id='word_1_633' title='bbox 2693 2287 2891 2344; x_wconf 84' lang='lat' dir='ltr'><strong>inutilis</strong></span> <span class='ocrx_word' id='word_1_634' title='bbox 2930 2289 3067 2357; x_wconf 90' lang='lat' dir='ltr'><strong>fuit,</strong></span> <span class='ocrx_word' id='word_1_635' title='bbox 3117 2291 3275 2346; x_wconf 90' lang='lat' dir='ltr'><strong>etiam</strong></span> <span class='ocrx_word' id='word_1_636' title='bbox 3320 2301 3440 2362; x_wconf 89' lang='lat' dir='ltr'><strong>post</strong></span> <span class='ocrx_word' id='word_1_637' title='bbox 3467 2295 3780 2363; x_wconf 69' lang='lat' dir='ltr'><strong>prazvarica-</strong></span> 
     </span>
    </p>
   </div>
   <div class='ocr_carea' id='block_1_84' title="bbox 2213 2374 3774 2452">
    <p class='ocr_par' dir='ltr' id='par_1_84' title="bbox 2213 2374 3774 2452">
     <span class='ocr_line' id='line_1_84' title="bbox 2213 2374 3774 2452; baseline 0.008 -23"><span class='ocrx_word' id='word_1_638' title='bbox 2213 2374 2448 2442; x_wconf 90' lang='lat' dir='ltr'><strong>tionem,</strong></span> <span class='ocrx_word' id='word_1_639' title='bbox 2510 2378 2760 2448; x_wconf 70' lang='lat' dir='ltr'><strong>prmeepti</strong></span> <span class='ocrx_word' id='word_1_640' title='bbox 2803 2379 3076 2436; x_wconf 83' lang='lat' dir='ltr'><strong>exhibitio.</strong></span> <span class='ocrx_word' id='word_1_641' title='bbox 3127 2381 3314 2438; x_wconf 87' lang='lat' dir='ltr'><strong>Nonne</strong></span> <span class='ocrx_word' id='word_1_642' title='bbox 3373 2384 3474 2439; x_wconf 70' lang='lat' dir='ltr'><strong>illa:</strong></span> <span class='ocrx_word' id='word_1_643' title='bbox 3520 2384 3774 2452; x_wconf 65' lang='lat' dir='ltr'><strong>latebrae,</strong></span> 
     </span>
    </p>
   </div>
   <div class='ocr_carea' id='block_1_85' title="bbox 2213 2465 3777 2542">
    <p class='ocr_par' dir='ltr' id='par_1_85' title="bbox 2213 2465 3777 2542">
     <span class='ocr_line' id='line_1_85' title="bbox 2213 2465 3777 2542; baseline 0.008 -22"><span class='ocrx_word' id='word_1_644' title='bbox 2213 2465 2300 2520; x_wconf 90' lang='lat' dir='ltr'><strong>illa</strong></span> <span class='ocrx_word' id='word_1_645' title='bbox 2325 2467 2590 2523; x_wconf 86' lang='lat' dir='ltr'><strong>confessio</strong></span> <span class='ocrx_word' id='word_1_646' title='bbox 2626 2468 2838 2538; x_wconf 90' lang='lat' dir='ltr'><strong>delicti,</strong></span> <span class='ocrx_word' id='word_1_647' title='bbox 2888 2472 2976 2526; x_wconf 87' lang='lat' dir='ltr'><strong>illa</strong></span> <span class='ocrx_word' id='word_1_648' title='bbox 3018 2473 3115 2527; x_wconf 92' lang='lat' dir='ltr'><strong>viri</strong></span> <span class='ocrx_word' id='word_1_649' title='bbox 3141 2474 3207 2528; x_wconf 91' lang='lat' dir='ltr'><strong>ad</strong></span> <span class='ocrx_word' id='word_1_650' title='bbox 3237 2475 3512 2531; x_wconf 91' lang='lat' dir='ltr'><strong>mulierem</strong></span> <span class='ocrx_word' id='word_1_651' title='bbox 3536 2517 3552 2542; x_wconf 89' lang='lat'><strong>,</strong></span> <span class='ocrx_word' id='word_1_652' title='bbox 3581 2477 3777 2532; x_wconf 87' lang='lat' dir='ltr'><strong>mulie-</strong></span> 
     </span>
    </p>
   </div>
   <div class='ocr_carea' id='block_1_86' title="bbox 2211 2557 3770 2630">
    <p class='ocr_par' dir='ltr' id='par_1_86' title="bbox 2211 2557 3770 2630">
     <span class='ocr_line' id='line_1_86' title="bbox 2211 2557 3770 2630; baseline 0.008 -19"><span class='ocrx_word' id='word_1_653' title='bbox 2211 2557 2390 2628; x_wconf 89' lang='lat' dir='ltr'><strong>risque</strong></span> <span class='ocrx_word' id='word_1_654' title='bbox 2455 2559 2524 2614; x_wconf 92' lang='lat' dir='ltr'><strong>ad</strong></span> <span class='ocrx_word' id='word_1_655' title='bbox 2588 2571 2888 2630; x_wconf 89' lang='lat' dir='ltr'><strong>serpentem</strong></span> <span class='ocrx_word' id='word_1_656' title='bbox 2950 2563 3185 2621; x_wconf 91' lang='lat' dir='ltr'><strong>studiosa</strong></span> <span class='ocrx_word' id='word_1_657' title='bbox 3239 2580 3412 2622; x_wconf 59' lang='lat' dir='ltr'><strong>causa:</strong></span> <span class='ocrx_word' id='word_1_658' title='bbox 3478 2568 3770 2624; x_wconf 91' lang='lat' dir='ltr'><strong>traductio:</strong></span> 
     </span>
    </p>
   </div>
   <div class='ocr_carea' id='block_1_87' title="bbox 2209 2649 3775 2730">
    <p class='ocr_par' dir='ltr' id='par_1_87' title="bbox 2209 2649 3775 2730">
     <span class='ocr_line' id='line_1_87' title="bbox 2209 2649 3775 2730; baseline 0.008 -26"><span class='ocrx_word' id='word_1_659' title='bbox 2209 2649 2332 2714; x_wconf 90' lang='lat' dir='ltr'><strong>illa,</strong></span> <span class='ocrx_word' id='word_1_660' title='bbox 2378 2649 2622 2720; x_wconf 92' lang='lat' dir='ltr'><strong>inquam,</strong></span> <span class='ocrx_word' id='word_1_661' title='bbox 2664 2653 2842 2708; x_wconf 88' lang='lat' dir='ltr'><strong>omnia</strong></span> <span class='ocrx_word' id='word_1_662' title='bbox 2885 2655 3232 2710; x_wconf 90' lang='lat' dir='ltr'><strong>metuentium</strong></span> <span class='ocrx_word' id='word_1_663' title='bbox 3284 2665 3408 2712; x_wconf 89' lang='lat' dir='ltr'><strong>sunt</strong></span> <span class='ocrx_word' id='word_1_664' title='bbox 3451 2668 3607 2730; x_wconf 89' lang='lat' dir='ltr'><strong>atque</strong></span> <span class='ocrx_word' id='word_1_665' title='bbox 3657 2670 3775 2716; x_wconf 81' lang='lat' dir='ltr'><strong>tre-</strong></span> 
     </span>
    </p>
   </div>
   <div class='ocr_carea' id='block_1_88' title="bbox 2211 2742 3778 2821">
    <p class='ocr_par' dir='ltr' id='par_1_88' title="bbox 2211 2742 3778 2821">
     <span class='ocr_line' id='line_1_88' title="bbox 2211 2742 3778 2821; baseline 0.01 -26"><span class='ocrx_word' id='word_1_666' title='bbox 2211 2742 2489 2809; x_wconf 90' lang='lat' dir='ltr'><strong>mentium,</strong></span> <span class='ocrx_word' id='word_1_667' title='bbox 2521 2743 2720 2814; x_wconf 91' lang='lat' dir='ltr'><strong>Deique</strong></span> <span class='ocrx_word' id='word_1_668' title='bbox 2744 2747 3113 2803; x_wconf 89' lang='lat' dir='ltr'><strong>auctoritatem</strong></span> <span class='ocrx_word' id='word_1_669' title='bbox 3135 2751 3576 2821; x_wconf 88' lang='lat' dir='ltr'><strong>agnoscentium?</strong></span> <span class='ocrx_word' id='word_1_670' title='bbox 3605 2753 3778 2809; x_wconf 87' lang='lat' dir='ltr'><strong>Porro</strong></span> 
     </span>
    </p>
   </div>
   <div class='ocr_carea' id='block_1_89' title="bbox 2206 2833 3770 2910">
    <p class='ocr_par' dir='ltr' id='par_1_89' title="bbox 2206 2833 3770 2910">
     <span class='ocr_line' id='line_1_89' title="bbox 2206 2833 3770 2910; baseline 0.009 -25"><span class='ocrx_word' id='word_1_671' title='bbox 2206 2840 2463 2900; x_wconf 89' lang='lat' dir='ltr'><strong>quantum</strong></span> <span class='ocrx_word' id='word_1_672' title='bbox 2487 2833 2621 2888; x_wconf 92' lang='lat' dir='ltr'><strong>lucri</strong></span> <span class='ocrx_word' id='word_1_673' title='bbox 2649 2833 2808 2890; x_wconf 90' lang='lat' dir='ltr'><strong>fuerit</strong></span> <span class='ocrx_word' id='word_1_674' title='bbox 2823 2851 2891 2891; x_wconf 90' lang='lat' dir='ltr'><strong>ex</strong></span> <span class='ocrx_word' id='word_1_675' title='bbox 2913 2836 3171 2893; x_wconf 87' lang='lat' dir='ltr'><strong>diabolica</strong></span> <span class='ocrx_word' id='word_1_676' title='bbox 3191 2839 3276 2894; x_wconf 90' lang='lat' dir='ltr'><strong>illa</strong></span> <span class='ocrx_word' id='word_1_677' title='bbox 3293 2843 3686 2910; x_wconf 80' lang='lat' dir='ltr'><strong>exspectatione</strong></span> <span class='ocrx_word' id='word_1_678' title='bbox 3709 2844 3770 2899; x_wconf 86' lang='lat' dir='ltr'><strong>in</strong></span> 
     </span>
    </p>
   </div>
   <div class='ocr_carea' id='block_1_90' title="bbox 2207 2923 3774 3002">
    <p class='ocr_par' dir='ltr' id='par_1_90' title="bbox 2207 2923 3774 3002">
     <span class='ocr_line' id='line_1_90' title="bbox 2207 2923 3774 3002; baseline 0.006 -24"><span class='ocrx_word' id='word_1_679' title='bbox 2207 2930 2408 2978; x_wconf 79' lang='lat' dir='ltr'><strong>tantum</strong></span> <span class='ocrx_word' id='word_1_680' title='bbox 2435 2923 2639 2980; x_wconf 90' lang='lat' dir='ltr'><strong>timoris</strong></span> <span class='ocrx_word' id='word_1_681' title='bbox 2664 2925 2783 2981; x_wconf 93' lang='lat' dir='ltr'><strong>illos</strong></span> <span class='ocrx_word' id='word_1_682' title='bbox 2810 2926 2969 2982; x_wconf 89' lang='lat' dir='ltr'><strong>fuisse</strong></span> <span class='ocrx_word' id='word_1_683' title='bbox 2998 2929 3284 2985; x_wconf 85' lang='lat' dir='ltr'><strong>translatos</strong></span> <span class='ocrx_word' id='word_1_684' title='bbox 3302 2970 3318 2994; x_wconf 92' lang='lat'><strong>,</strong></span> <span class='ocrx_word' id='word_1_685' title='bbox 3347 2931 3523 2986; x_wconf 89' lang='lat' dir='ltr'><strong>nullus</strong></span> <span class='ocrx_word' id='word_1_686' title='bbox 3543 2932 3774 3002; x_wconf 88' lang='lat' dir='ltr'><strong>ignorat.</strong></span> 
     </span>
    </p>
   </div>
   <div class='ocr_carea' id='block_1_91' title="bbox 2207 3011 3773 3089">
    <p class='ocr_par' dir='ltr' id='par_1_91' title="bbox 2207 3011 3773 3089">
     <span class='ocr_line' id='line_1_91' title="bbox 2207 3011 3773 3089; baseline 0.008 -24"><span class='ocrx_word' id='word_1_687' title='bbox 2207 3011 2306 3079; x_wconf 88' lang='lat' dir='ltr'><strong>Qui</strong></span> <span class='ocrx_word' id='word_1_688' title='bbox 2323 3013 2462 3067; x_wconf 91' lang='lat' dir='ltr'><strong>enim</strong></span> <span class='ocrx_word' id='word_1_689' title='bbox 2478 3015 2829 3084; x_wconf 64' lang='lat' dir='ltr'><strong>aequalitatem</strong></span> <span class='ocrx_word' id='word_1_690' title='bbox 2848 3031 2968 3070; x_wconf 93' lang='lat' dir='ltr'><strong>cum</strong></span> <span class='ocrx_word' id='word_1_691' title='bbox 2985 3018 3095 3073; x_wconf 93' lang='lat' dir='ltr'><strong>Deo</strong></span> <span class='ocrx_word' id='word_1_692' title='bbox 3114 3019 3260 3088; x_wconf 89' lang='lat' dir='ltr'><strong>prius</strong></span> <span class='ocrx_word' id='word_1_693' title='bbox 3280 3020 3560 3076; x_wconf 89' lang='lat' dir='ltr'><strong>meditatus</strong></span> <span class='ocrx_word' id='word_1_694' title='bbox 3578 3022 3773 3089; x_wconf 86' lang='lat' dir='ltr'><strong>fuerat,</strong></span> 
     </span>
    </p>
   </div>
   <div class='ocr_carea' id='block_1_92' title="bbox 2206 3101 3777 3180">
    <p class='ocr_par' dir='ltr' id='par_1_92' title="bbox 2206 3101 3777 3180">
     <span class='ocr_line' id='line_1_92' title="bbox 2206 3101 3777 3180; baseline 0.008 -24"><span class='ocrx_word' id='word_1_695' title='bbox 2206 3101 2322 3172; x_wconf 86' lang='lat' dir='ltr'><strong>ipse</strong></span> <span class='ocrx_word' id='word_1_696' title='bbox 2344 3101 2456 3172; x_wconf 90' lang='lat' dir='ltr'><strong>jam</strong></span> <span class='ocrx_word' id='word_1_697' title='bbox 2489 3105 2557 3158; x_wconf 86' lang='lat' dir='ltr'><strong>ita</strong></span> <span class='ocrx_word' id='word_1_698' title='bbox 2585 3104 2998 3161; x_wconf 87' lang='lat' dir='ltr'><strong>contrahebatur</strong></span> <span class='ocrx_word' id='word_1_699' title='bbox 3025 3107 3313 3175; x_wconf 88' lang='lat' dir='ltr'><strong>humiliter,</strong></span> <span class='ocrx_word' id='word_1_700' title='bbox 3343 3119 3402 3164; x_wconf 91' lang='lat' dir='ltr'><strong>ut</strong></span> <span class='ocrx_word' id='word_1_701' title='bbox 3424 3126 3632 3180; x_wconf 64' lang='lat' dir='ltr'><strong>pinnam</strong></span> <span class='ocrx_word' id='word_1_702' title='bbox 3652 3127 3777 3168; x_wconf 78' lang='lat' dir='ltr'><strong>cru-</strong></span> 
     </span>
    </p>
   </div>
   <div class='ocr_carea' id='block_1_93' title="bbox 2205 3193 3771 3267">
    <p class='ocr_par' dir='ltr' id='par_1_93' title="bbox 2205 3193 3771 3267">
     <span class='ocr_line' id='line_1_93' title="bbox 2205 3193 3771 3267; baseline 0.005 -21"><span class='ocrx_word' id='word_1_703' title='bbox 2205 3193 2507 3264; x_wconf 87' lang='lat' dir='ltr'><strong>ciatumque</strong></span> <span class='ocrx_word' id='word_1_704' title='bbox 2531 3204 2814 3262; x_wconf 88' lang='lat' dir='ltr'><strong>metueret,</strong></span> <span class='ocrx_word' id='word_1_705' title='bbox 2842 3211 2905 3251; x_wconf 91' lang='lat' dir='ltr'><strong>ac</strong></span> <span class='ocrx_word' id='word_1_706' title='bbox 2931 3206 3201 3267; x_wconf 90' lang='lat' dir='ltr'><strong>peccatum</strong></span> <span class='ocrx_word' id='word_1_707' title='bbox 3231 3200 3573 3255; x_wconf 81' lang='lat' dir='ltr'><strong>confiteretur</strong></span> <span class='ocrx_word' id='word_1_708' title='bbox 3593 3216 3771 3256; x_wconf 89' lang='lat' dir='ltr'><strong>suum.</strong></span> 
     </span>
    </p>
   </div>
   <div class='ocr_carea' id='block_1_94' title="bbox 2204 3283 3773 3361">
    <p class='ocr_par' dir='ltr' id='par_1_94' title="bbox 2204 3283 3773 3361">
     <span class='ocr_line' id='line_1_94' title="bbox 2204 3283 3773 3361; baseline 0.005 -23"><span class='ocrx_word' id='word_1_709' title='bbox 2204 3283 2276 3338; x_wconf 77' lang='lat' dir='ltr'><strong>At</strong></span> <span class='ocrx_word' id='word_1_710' title='bbox 2311 3298 2439 3340; x_wconf 89' lang='lat' dir='ltr'><strong>vero</strong></span> <span class='ocrx_word' id='word_1_711' title='bbox 2467 3300 2570 3340; x_wconf 92' lang='lat' dir='ltr'><strong>non</strong></span> <span class='ocrx_word' id='word_1_712' title='bbox 2592 3285 2793 3356; x_wconf 91' lang='lat' dir='ltr'><strong>absque</strong></span> <span class='ocrx_word' id='word_1_713' title='bbox 2821 3301 2982 3341; x_wconf 87' lang='lat' dir='ltr'><strong>sensu</strong></span> <span class='ocrx_word' id='word_1_714' title='bbox 3012 3303 3253 3357; x_wconf 89' lang='lat' dir='ltr'><strong>peccare,</strong></span> <span class='ocrx_word' id='word_1_715' title='bbox 3282 3290 3637 3361; x_wconf 88' lang='lat' dir='ltr'><strong>delictumque</strong></span> <span class='ocrx_word' id='word_1_716' title='bbox 3660 3293 3773 3347; x_wconf 86' lang='lat' dir='ltr'><strong>cito</strong></span> 
     </span>
    </p>
   </div>
   <div class='ocr_carea' id='block_1_95' title="bbox 2202 3383 3774 3454">
    <p class='ocr_par' dir='ltr' id='par_1_95' title="bbox 2202 3383 3774 3454">
     <span class='ocr_line' id='line_1_95' title="bbox 2202 3383 3774 3454; baseline 0.008 -24"><span class='ocrx_word' id='word_1_717' title='bbox 2202 3391 2493 3446; x_wconf 87' lang='lat' dir='ltr'><strong>agnoscere</strong></span> <span class='ocrx_word' id='word_1_718' title='bbox 2515 3419 2530 3444; x_wconf 90' lang='lat'><strong>,</strong></span> <span class='ocrx_word' id='word_1_719' title='bbox 2575 3393 2682 3432; x_wconf 91' lang='lat' dir='ltr'><strong>non</strong></span> <span class='ocrx_word' id='word_1_720' title='bbox 2708 3394 2873 3448; x_wconf 88' lang='lat' dir='ltr'><strong>parva</strong></span> <span class='ocrx_word' id='word_1_721' title='bbox 2898 3395 2985 3435; x_wconf 91' lang='lat' dir='ltr'><strong>res</strong></span> <span class='ocrx_word' id='word_1_722' title='bbox 3009 3389 3129 3448; x_wconf 89' lang='lat' dir='ltr'><strong>est,</strong></span> <span class='ocrx_word' id='word_1_723' title='bbox 3169 3383 3262 3438; x_wconf 83' lang='lat' dir='ltr'><strong>sed</strong></span> <span class='ocrx_word' id='word_1_724' title='bbox 3291 3385 3375 3438; x_wconf 88' lang='lat' dir='ltr'><strong>via</strong></span> <span class='ocrx_word' id='word_1_725' title='bbox 3420 3385 3658 3454; x_wconf 69' lang='lat' dir='ltr'><strong>quaedam</strong></span> <span class='ocrx_word' id='word_1_726' title='bbox 3687 3397 3774 3442; x_wconf 85' lang='lat' dir='ltr'><strong>est</strong></span> 
     </span>
    </p>
   </div>
   <div class='ocr_carea' id='block_1_96' title="bbox 2202 3467 3772 3543">
    <p class='ocr_par' dir='ltr' id='par_1_96' title="bbox 2202 3467 3772 3543">
     <span class='ocr_line' id='line_1_96' title="bbox 2202 3467 3772 3543; baseline 0.007 -23"><span class='ocrx_word' id='word_1_727' title='bbox 2202 3477 2360 3537; x_wconf 89' lang='lat' dir='ltr'><strong>atque</strong></span> <span class='ocrx_word' id='word_1_728' title='bbox 2381 3467 2693 3538; x_wconf 90' lang='lat' dir='ltr'><strong>principium</strong></span> <span class='ocrx_word' id='word_1_729' title='bbox 2718 3469 2782 3523; x_wconf 90' lang='lat' dir='ltr'><strong>ad</strong></span> <span class='ocrx_word' id='word_1_730' title='bbox 2803 3470 3223 3526; x_wconf 88' lang='lat' dir='ltr'><strong>emendationem</strong></span> <span class='ocrx_word' id='word_1_731' title='bbox 3249 3482 3406 3543; x_wconf 90' lang='lat' dir='ltr'><strong>atque</strong></span> <span class='ocrx_word' id='word_1_732' title='bbox 3427 3477 3772 3530; x_wconf 89' lang='lat' dir='ltr'><strong>mutationem</strong></span> 
     </span>
    </p>
   </div>
   <div class='ocr_carea' id='block_1_97' title="bbox 2202 3556 3772 3636">
    <p class='ocr_par' dir='ltr' id='par_1_97' title="bbox 2202 3556 3772 3636">
     <span class='ocr_line' id='line_1_97' title="bbox 2202 3556 3772 3636; baseline 0.005 -24"><span class='ocrx_word' id='word_1_733' title='bbox 2202 3556 2255 3612; x_wconf 89' lang='lat' dir='ltr'><strong>in</strong></span> <span class='ocrx_word' id='word_1_734' title='bbox 2285 3559 2473 3613; x_wconf 91' lang='lat' dir='ltr'><strong>melius</strong></span> <span class='ocrx_word' id='word_1_735' title='bbox 2510 3559 2728 3614; x_wconf 91' lang='lat' dir='ltr'><strong>ducens.</strong></span> <span class='ocrx_word' id='word_1_736' title='bbox 2757 3559 2978 3616; x_wconf 92' lang='lat' dir='ltr'><strong>Omnem</strong></span> <span class='ocrx_word' id='word_1_737' title='bbox 3007 3562 3182 3633; x_wconf 89' lang='lat' dir='ltr'><strong>itaque</strong></span> <span class='ocrx_word' id='word_1_738' title='bbox 3207 3564 3258 3616; x_wconf 92' lang='lat' dir='ltr'><strong>in</strong></span> <span class='ocrx_word' id='word_1_739' title='bbox 3287 3579 3387 3618; x_wconf 94' lang='lat' dir='ltr'><strong>nos</strong></span> <span class='ocrx_word' id='word_1_740' title='bbox 3411 3565 3501 3619; x_wconf 89' lang='lat' dir='ltr'><strong>Dei</strong></span> <span class='ocrx_word' id='word_1_741' title='bbox 3533 3565 3772 3636; x_wconf 84' lang='lat' dir='ltr'><strong>benigni-</strong></span> 
     </span>
    </p>
   </div>
   <div class='ocr_carea' id='block_1_98' title="bbox 2201 3647 3767 3722">
    <p class='ocr_par' dir='ltr' id='par_1_98' title="bbox 2201 3647 3767 3722">
     <span class='ocr_line' id='line_1_98' title="bbox 2201 3647 3767 3722; baseline 0.006 -20"><span class='ocrx_word' id='word_1_742' title='bbox 2201 3654 2366 3702; x_wconf 90' lang='lat' dir='ltr'><strong>tatem</strong></span> <span class='ocrx_word' id='word_1_743' title='bbox 2405 3662 2578 3718; x_wconf 89' lang='lat' dir='ltr'><strong>neque</strong></span> <span class='ocrx_word' id='word_1_744' title='bbox 2605 3647 2812 3704; x_wconf 90' lang='lat' dir='ltr'><strong>discere</strong></span> <span class='ocrx_word' id='word_1_745' title='bbox 2836 3689 2851 3714; x_wconf 93' lang='lat'><strong>,</strong></span> <span class='ocrx_word' id='word_1_746' title='bbox 2899 3665 3071 3720; x_wconf 91' lang='lat' dir='ltr'><strong>neque</strong></span> <span class='ocrx_word' id='word_1_747' title='bbox 3101 3667 3319 3708; x_wconf 88' lang='lat' dir='ltr'><strong>narrare</strong></span> <span class='ocrx_word' id='word_1_748' title='bbox 3363 3653 3614 3722; x_wconf 89' lang='lat' dir='ltr'><strong>possibile</strong></span> <span class='ocrx_word' id='word_1_749' title='bbox 3644 3664 3726 3710; x_wconf 91' lang='lat' dir='ltr'><strong>est</strong></span> <span class='ocrx_word' id='word_1_750' title='bbox 3751 3674 3767 3711; x_wconf 90' lang='lat'>:</span> 
     </span>
    </p>
   </div>
   <div class='ocr_carea' id='block_1_99' title="bbox 2199 3741 3765 3808">
    <p class='ocr_par' dir='ltr' id='par_1_99' title="bbox 2199 3741 3765 3808">
     <span class='ocr_line' id='line_1_99' title="bbox 2199 3741 3765 3808; baseline 0.006 -16"><span class='ocrx_word' id='word_1_751' title='bbox 2199 3751 2389 3792; x_wconf 90' lang='lat' dir='ltr'><strong>eorum</strong></span> <span class='ocrx_word' id='word_1_752' title='bbox 2427 3747 2603 3794; x_wconf 89' lang='lat' dir='ltr'><strong>tamen</strong></span> <span class='ocrx_word' id='word_1_753' title='bbox 2626 3754 2746 3808; x_wconf 71' lang='lat' dir='ltr'><strong>quae</strong></span> <span class='ocrx_word' id='word_1_754' title='bbox 2769 3741 3010 3795; x_wconf 87' lang='lat' dir='ltr'><strong>novimus</strong></span> <span class='ocrx_word' id='word_1_755' title='bbox 3030 3782 3044 3805; x_wconf 89' lang='lat'><strong>,</strong></span> <span class='ocrx_word' id='word_1_756' title='bbox 3075 3745 3334 3796; x_wconf 86' lang='lat' dir='ltr'><strong>summam</strong></span> <span class='ocrx_word' id='word_1_757' title='bbox 3362 3744 3596 3799; x_wconf 89' lang='lat' dir='ltr'><strong>dicturus</strong></span> <span class='ocrx_word' id='word_1_758' title='bbox 3623 3762 3765 3801; x_wconf 91' lang='lat' dir='ltr'><strong>sum.</strong></span> 
     </span>
    </p>
   </div>
   <div class='ocr_carea' id='block_1_100' title="bbox 2199 3828 3764 3902">
    <p class='ocr_par' dir='ltr' id='par_1_100' title="bbox 2199 3828 3764 3902">
     <span class='ocr_line' id='line_1_100' title="bbox 2199 3828 3764 3902; baseline 0.004 -19"><span class='ocrx_word' id='word_1_759' title='bbox 2199 3828 2327 3884; x_wconf 84' lang='lat' dir='ltr'><strong>Post</strong></span> <span class='ocrx_word' id='word_1_760' title='bbox 2349 3829 2507 3884; x_wconf 90' lang='lat' dir='ltr'><strong>talem</strong></span> <span class='ocrx_word' id='word_1_761' title='bbox 2537 3831 2676 3884; x_wconf 90' lang='lat' dir='ltr'><strong>enim</strong></span> <span class='ocrx_word' id='word_1_762' title='bbox 2706 3831 3113 3886; x_wconf 87' lang='lat' dir='ltr'><strong>inobedientiam</strong></span> <span class='ocrx_word' id='word_1_763' title='bbox 3137 3873 3150 3898; x_wconf 92' lang='lat'><strong>,</strong></span> <span class='ocrx_word' id='word_1_764' title='bbox 3191 3843 3311 3902; x_wconf 89' lang='lat' dir='ltr'><strong>post</strong></span> <span class='ocrx_word' id='word_1_765' title='bbox 3339 3841 3484 3888; x_wconf 91' lang='lat' dir='ltr'><strong>tanta</strong></span> <span class='ocrx_word' id='word_1_766' title='bbox 3521 3835 3720 3890; x_wconf 85' lang='lat' dir='ltr'><strong>scelera</strong></span> <span class='ocrx_word' id='word_1_767' title='bbox 3745 3875 3764 3900; x_wconf 91' lang='lat'><strong>,</strong></span> 
     </span>
    </p>
   </div>
   <div class='ocr_carea' id='block_1_101' title="bbox 2197 3923 3762 3996">
    <p class='ocr_par' dir='ltr' id='par_1_101' title="bbox 2197 3923 3762 3996">
     <span class='ocr_line' id='line_1_101' title="bbox 2197 3923 3762 3996; baseline 0.002 -17"><span class='ocrx_word' id='word_1_768' title='bbox 2197 3939 2317 3979; x_wconf 90' lang='lat' dir='ltr'><strong>cum</strong></span> <span class='ocrx_word' id='word_1_769' title='bbox 2341 3923 2450 3993; x_wconf 89' lang='lat' dir='ltr'><strong>jam</strong></span> <span class='ocrx_word' id='word_1_770' title='bbox 2492 3925 2637 3980; x_wconf 89' lang='lat' dir='ltr'><strong>orbis</strong></span> <span class='ocrx_word' id='word_1_771' title='bbox 2663 3933 2805 3980; x_wconf 90' lang='lat' dir='ltr'><strong>totus</strong></span> <span class='ocrx_word' id='word_1_772' title='bbox 2831 3925 3109 3996; x_wconf 81' lang='lat' dir='ltr'><strong>tyrannide</strong></span> <span class='ocrx_word' id='word_1_773' title='bbox 3154 3927 3352 3996; x_wconf 91' lang='lat' dir='ltr'><strong>peccati</strong></span> <span class='ocrx_word' id='word_1_774' title='bbox 3396 3937 3762 3996; x_wconf 86' lang='lat' dir='ltr'><strong>premeretur,</strong></span> 
     </span>
    </p>
   </div>
   <div class='ocr_carea' id='block_1_102' title="bbox 2196 4015 3764 4086">
    <p class='ocr_par' dir='ltr' id='par_1_102' title="bbox 2196 4015 3764 4086">
     <span class='ocr_line' id='line_1_102' title="bbox 2196 4015 3764 4086; baseline 0.003 -15"><span class='ocrx_word' id='word_1_775' title='bbox 2196 4030 2317 4071; x_wconf 89' lang='lat' dir='ltr'><strong>cum</strong></span> <span class='ocrx_word' id='word_1_776' title='bbox 2345 4023 2581 4070; x_wconf 91' lang='lat' dir='ltr'><strong>extrema</strong></span> <span class='ocrx_word' id='word_1_777' title='bbox 2601 4015 2712 4085; x_wconf 90' lang='lat' dir='ltr'><strong>jam</strong></span> <span class='ocrx_word' id='word_1_778' title='bbox 2739 4015 2927 4071; x_wconf 89' lang='lat' dir='ltr'><strong>luenda</strong></span> <span class='ocrx_word' id='word_1_779' title='bbox 2956 4031 3110 4086; x_wconf 61' lang='lat' dir='ltr'><strong>paena</strong></span> <span class='ocrx_word' id='word_1_780' title='bbox 3138 4027 3300 4082; x_wconf 89' lang='lat' dir='ltr'><strong>esset,</strong></span> <span class='ocrx_word' id='word_1_781' title='bbox 3329 4033 3451 4073; x_wconf 91' lang='lat' dir='ltr'><strong>cum</strong></span> <span class='ocrx_word' id='word_1_782' title='bbox 3479 4019 3764 4076; x_wconf 91' lang='lat' dir='ltr'><strong>delendum</strong></span> 
     </span>
    </p>
   </div>
   <div class='ocr_carea' id='block_1_103' title="bbox 2195 4105 3762 4179">
    <p class='ocr_par' dir='ltr' id='par_1_103' title="bbox 2195 4105 3762 4179">
     <span class='ocr_line' id='line_1_103' title="bbox 2195 4105 3762 4179; baseline 0.003 -18"><span class='ocrx_word' id='word_1_783' title='bbox 2195 4119 2355 4161; x_wconf 90' lang='lat' dir='ltr'><strong>omne</strong></span> <span class='ocrx_word' id='word_1_784' title='bbox 2381 4105 2682 4161; x_wconf 91' lang='lat' dir='ltr'><strong>mortalium</strong></span> <span class='ocrx_word' id='word_1_785' title='bbox 2708 4120 2874 4176; x_wconf 86' lang='lat' dir='ltr'><strong>genus</strong></span> <span class='ocrx_word' id='word_1_786' title='bbox 2892 4147 2908 4172; x_wconf 93' lang='lat'><strong>,</strong></span> <span class='ocrx_word' id='word_1_787' title='bbox 2956 4121 3253 4178; x_wconf 89' lang='lat' dir='ltr'><strong>nomenque</strong></span> <span class='ocrx_word' id='word_1_788' title='bbox 3290 4109 3461 4179; x_wconf 90' lang='lat' dir='ltr'><strong>ipsum</strong></span> <span class='ocrx_word' id='word_1_789' title='bbox 3490 4108 3762 4167; x_wconf 89' lang='lat' dir='ltr'><strong>hominum</strong></span> 
     </span>
    </p>
   </div>
   <div class='ocr_carea' id='block_1_104' title="bbox 2196 4197 3760 4265">
    <p class='ocr_par' dir='ltr' id='par_1_104' title="bbox 2196 4197 3760 4265">
     <span class='ocr_line' id='line_1_104' title="bbox 2196 4197 3760 4265; baseline 0.005 -16"><span class='ocrx_word' id='word_1_790' title='bbox 2196 4197 2387 4252; x_wconf 92' lang='lat' dir='ltr'><strong>merito</strong></span> <span class='ocrx_word' id='word_1_791' title='bbox 2425 4197 2767 4252; x_wconf 87' lang='lat' dir='ltr'><strong>exterminari</strong></span> <span class='ocrx_word' id='word_1_792' title='bbox 2797 4207 3010 4265; x_wconf 91' lang='lat' dir='ltr'><strong>posset,</strong></span> <span class='ocrx_word' id='word_1_793' title='bbox 3041 4207 3152 4253; x_wconf 90' lang='lat' dir='ltr'><strong>tum</strong></span> <span class='ocrx_word' id='word_1_794' title='bbox 3178 4214 3306 4254; x_wconf 87' lang='lat' dir='ltr'><strong>vero</strong></span> <span class='ocrx_word' id='word_1_795' title='bbox 3332 4201 3614 4256; x_wconf 87' lang='lat' dir='ltr'><strong>maximum</strong></span> <span class='ocrx_word' id='word_1_796' title='bbox 3640 4217 3760 4256; x_wconf 87' lang='lat' dir='ltr'><strong>om-</strong></span> 
     </span>
    </p>
   </div>
   <div class='ocr_carea' id='block_1_105' title="bbox 2187 4278 3762 4354">
    <p class='ocr_par' dir='ltr' id='par_1_105' title="bbox 2187 4278 3762 4354">
     <span class='ocr_line' id='line_1_105' title="bbox 2187 4278 3762 4354; baseline 0.01 -28"><span class='ocrx_word' id='word_1_797' title='bbox 2187 4286 2340 4326; x_wconf 82' lang='lat' dir='ltr'><strong>nium</strong></span> <span class='ocrx_word' id='word_1_798' title='bbox 2381 4278 2707 4330; x_wconf 80' lang='lat' dir='ltr'><strong>nenehcmm</strong></span> <span class='ocrx_word' id='word_1_799' title='bbox 2736 4278 2896 4333; x_wconf 89' lang='lat' dir='ltr'><strong>nobis</strong></span> <span class='ocrx_word' id='word_1_800' title='bbox 2923 4279 3186 4346; x_wconf 86' lang='lat' dir='ltr'><strong>ostendit,</strong></span> <span class='ocrx_word' id='word_1_801' title='bbox 3215 4280 3567 4354; x_wconf 88' lang='lat' dir='ltr'><strong>Unigenitum</strong></span> <span class='ocrx_word' id='word_1_802' title='bbox 3597 4301 3762 4342; x_wconf 89' lang='lat' dir='ltr'><strong>suum</strong></span> 
     </span>
    </p>
   </div>
   <div class='ocr_carea' id='block_1_106' title="bbox 2187 4363 3763 4444">
    <p class='ocr_par' dir='ltr' id='par_1_106' title="bbox 2187 4363 3763 4444">
     <span class='ocr_line' id='line_1_106' title="bbox 2187 4363 3763 4444; baseline 0.012 -28"><span class='ocrx_word' id='word_1_803' title='bbox 2187 4377 2289 4434; x_wconf 91' lang='lat' dir='ltr'><strong>pro</strong></span> <span class='ocrx_word' id='word_1_804' title='bbox 2319 4363 2578 4430; x_wconf 87' lang='lat' dir='ltr'><strong>inimicis.</strong></span> <span class='ocrx_word' id='word_1_805' title='bbox 2606 4383 2706 4438; x_wconf 90' lang='lat' dir='ltr'><strong>pro</strong></span> <span class='ocrx_word' id='word_1_806' title='bbox 2738 4369 2990 4427; x_wconf 88' lang='lat' dir='ltr'><strong>alienatis</strong></span> <span class='ocrx_word' id='word_1_807' title='bbox 3025 4387 3054 4426; x_wconf 89' lang='lat' dir='ltr'><strong>a</strong></span> <span class='ocrx_word' id='word_1_808' title='bbox 3081 4388 3159 4439; x_wconf 89' lang='lat' dir='ltr'><strong>se,</strong></span> <span class='ocrx_word' id='word_1_809' title='bbox 3191 4389 3292 4444; x_wconf 92' lang='lat' dir='ltr'><strong>pro</strong></span> <span class='ocrx_word' id='word_1_810' title='bbox 3317 4391 3377 4432; x_wconf 90' lang='lat' dir='ltr'><strong>se</strong></span> <span class='ocrx_word' id='word_1_811' title='bbox 3405 4377 3530 4432; x_wconf 90' lang='lat' dir='ltr'><strong>odio</strong></span> <span class='ocrx_word' id='word_1_812' title='bbox 3557 4378 3763 4434; x_wconf 57' lang='lat' dir='ltr'><strong>haben.</strong></span> 
     </span>
    </p>
   </div>
   <div class='ocr_carea' id='block_1_107' title="bbox 2184 4451 3750 4540">
    <p class='ocr_par' dir='ltr' id='par_1_107' title="bbox 2184 4451 3750 4540">
     <span class='ocr_line' id='line_1_107' title="bbox 2184 4451 3750 4540; baseline 0.011 -33"><span class='ocrx_word' id='word_1_813' title='bbox 2184 4451 2332 4509; x_wconf 90' lang='lat' dir='ltr'><strong>tibus</strong></span> <span class='ocrx_word' id='word_1_814' title='bbox 2355 4463 2520 4526; x_wconf 90' lang='lat' dir='ltr'><strong>atque</strong></span> <span class='ocrx_word' id='word_1_815' title='bbox 2544 4458 2962 4517; x_wconf 89' lang='lat' dir='ltr'><strong>adversantibus</strong></span> <span class='ocrx_word' id='word_1_816' title='bbox 2994 4463 3153 4518; x_wconf 88' lang='lat' dir='ltr'><strong>morti</strong></span> <span class='ocrx_word' id='word_1_817' title='bbox 3186 4466 3424 4531; x_wconf 89' lang='lat' dir='ltr'><strong>tradens,</strong></span> <span class='ocrx_word' id='word_1_818' title='bbox 3463 4469 3654 4540; x_wconf 89' lang='lat' dir='ltr'><strong>sicque</strong></span> <span class='ocrx_word' id='word_1_819' title='bbox 3673 4487 3750 4526; x_wconf 87' lang='lat' dir='ltr'><strong>re-</strong></span> 
     </span>
    </p>
   </div>
   <div class='ocr_carea' id='block_1_108' title="bbox 2182 4547 3758 4633">
    <p class='ocr_par' dir='ltr' id='par_1_108' title="bbox 2182 4547 3758 4633">
     <span class='ocr_line' id='line_1_108' title="bbox 2182 4547 3758 4633; baseline 0.013 -34"><span class='ocrx_word' id='word_1_820' title='bbox 2182 4547 2620 4605; x_wconf 86' lang='lat' dir='ltr'><strong>conciliationem</strong></span> <span class='ocrx_word' id='word_1_821' title='bbox 2668 4562 2913 4609; x_wconf 91' lang='lat' dir='ltr'><strong>nostram</strong></span> <span class='ocrx_word' id='word_1_822' title='bbox 2963 4570 3220 4626; x_wconf 89' lang='lat' dir='ltr'><strong>operans,</strong></span> <span class='ocrx_word' id='word_1_823' title='bbox 3269 4560 3638 4633; x_wconf 64' lang='lat' dir='ltr'><strong>caalorumque</strong></span> <span class='ocrx_word' id='word_1_824' title='bbox 3675 4580 3758 4619; x_wconf 90' lang='lat' dir='ltr'><strong>re-</strong></span> 
     </span>
    </p>
   </div>
   <div class='ocr_carea' id='block_1_109' title="bbox 2187 4644 3765 4718">
    <p class='ocr_par' dir='ltr' id='par_1_109' title="bbox 2187 4644 3765 4718">
     <span class='ocr_line' id='line_1_109' title="bbox 2187 4644 3765 4718; baseline 0.012 -27"><span class='ocrx_word' id='word_1_825' title='bbox 2187 4653 2353 4710; x_wconf 88' lang='lat' dir='ltr'><strong>gnum</strong></span> <span class='ocrx_word' id='word_1_826' title='bbox 2365 4647 2692 4697; x_wconf 66' lang='lat' dir='ltr'><strong>etaeternam</strong></span> <span class='ocrx_word' id='word_1_827' title='bbox 2708 4644 2899 4711; x_wconf 87' lang='lat' dir='ltr'><strong>vitam,</strong></span> <span class='ocrx_word' id='word_1_828' title='bbox 2914 4646 3129 4718; x_wconf 88' lang='lat' dir='ltr'><strong>aliaque</strong></span> <span class='ocrx_word' id='word_1_829' title='bbox 3141 4649 3282 4705; x_wconf 89' lang='lat' dir='ltr'><strong>bona</strong></span> <span class='ocrx_word' id='word_1_830' title='bbox 3302 4652 3587 4708; x_wconf 89' lang='lat' dir='ltr'><strong>innumera</strong></span> <span class='ocrx_word' id='word_1_831' title='bbox 3603 4655 3765 4711; x_wconf 82' lang='lat' dir='ltr'><strong>nobis</strong></span> 
     </span>
    </p>
   </div>
   <div class='ocr_carea' id='block_1_110' title="bbox 2181 4732 3763 4810">
    <p class='ocr_par' dir='ltr' id='par_1_110' title="bbox 2181 4732 3763 4810">
     <span class='ocr_line' id='line_1_110' title="bbox 2181 4732 3763 4810; baseline 0.009 -24"><span class='ocrx_word' id='word_1_832' title='bbox 2181 4745 2241 4786; x_wconf 90' lang='lat' dir='ltr'><strong>se</strong></span> <span class='ocrx_word' id='word_1_833' title='bbox 2259 4732 2516 4788; x_wconf 89' lang='lat' dir='ltr'><strong>daturum</strong></span> <span class='ocrx_word' id='word_1_834' title='bbox 2531 4735 2830 4804; x_wconf 90' lang='lat' dir='ltr'><strong>spondens,</strong></span> <span class='ocrx_word' id='word_1_835' title='bbox 2851 4753 2972 4808; x_wconf 70' lang='lat' dir='ltr'><strong>quae</strong></span> <span class='ocrx_word' id='word_1_836' title='bbox 2991 4755 3088 4795; x_wconf 93' lang='lat' dir='ltr'><strong>nec</strong></span> <span class='ocrx_word' id='word_1_837' title='bbox 3111 4743 3305 4799; x_wconf 91' lang='lat' dir='ltr'><strong>oculus</strong></span> <span class='ocrx_word' id='word_1_838' title='bbox 3324 4744 3479 4810; x_wconf 88' lang='lat' dir='ltr'><strong>vidit,</strong></span> <span class='ocrx_word' id='word_1_839' title='bbox 3499 4761 3600 4800; x_wconf 93' lang='lat' dir='ltr'><strong>nec</strong></span> <span class='ocrx_word' id='word_1_840' title='bbox 3614 4747 3763 4802; x_wconf 76' lang='lat' dir='ltr'><strong>auris</strong></span> 
     </span>
    </p>
   </div>
   <div class='ocr_carea' id='block_1_111' title="bbox 2179 4824 3760 4908">
    <p class='ocr_par' dir='ltr' id='par_1_111' title="bbox 2179 4824 3760 4908">
     <span class='ocr_line' id='line_1_111' title="bbox 2179 4824 3760 4908; baseline 0.008 -30"><span class='ocrx_word' id='word_1_841' title='bbox 2179 4824 2412 4889; x_wconf 89' lang='lat' dir='ltr'><strong>audivit,</strong></span> <span class='ocrx_word' id='word_1_842' title='bbox 2439 4842 2614 4896; x_wconf 89' lang='lat' dir='ltr'><strong>neque</strong></span> <span class='ocrx_word' id='word_1_843' title='bbox 2633 4828 2686 4883; x_wconf 91' lang='lat' dir='ltr'><strong>in</strong></span> <span class='ocrx_word' id='word_1_844' title='bbox 2705 4843 2802 4884; x_wconf 92' lang='lat' dir='ltr'><strong>cor</strong></span> <span class='ocrx_word' id='word_1_845' title='bbox 2823 4831 3059 4889; x_wconf 91' lang='lat' dir='ltr'><strong>hominis</strong></span> <span class='ocrx_word' id='word_1_846' title='bbox 3077 4833 3463 4899; x_wconf 87' lang='lat' dir='ltr'><strong>ascenderunt.</strong></span> <span class='ocrx_word' id='word_1_847' title='bbox 3488 4835 3626 4902; x_wconf 92' lang='lat' dir='ltr'><strong>Quid</strong></span> <span class='ocrx_word' id='word_1_848' title='bbox 3653 4837 3760 4908; x_wconf 90' lang='lat' dir='ltr'><strong>igi-</strong></span> 
     </span>
    </p>
   </div>
   <div class='ocr_carea' id='block_1_112' title="bbox 2182 4916 3760 4994">
    <p class='ocr_par' dir='ltr' id='par_1_112' title="bbox 2182 4916 3760 4994">
     <span class='ocr_line' id='line_1_112' title="bbox 2182 4916 3760 4994; baseline 0.009 -24"><span class='ocrx_word' id='word_1_849' title='bbox 2182 4923 2275 4971; x_wconf 89' lang='lat' dir='ltr'><strong>tur</strong></span> <span class='ocrx_word' id='word_1_850' title='bbox 2302 4916 2432 4972; x_wconf 88' lang='lat' dir='ltr'><strong>huic</strong></span> <span class='ocrx_word' id='word_1_851' title='bbox 2456 4919 2834 4994; x_wconf 70' lang='lat' dir='ltr'><strong>providentiae,</strong></span> <span class='ocrx_word' id='word_1_852' title='bbox 2865 4922 2993 4978; x_wconf 92' lang='lat' dir='ltr'><strong>huic</strong></span> <span class='ocrx_word' id='word_1_853' title='bbox 3019 4925 3340 4991; x_wconf 72' lang='lat' dir='ltr'><strong>clementiaa,</strong></span> <span class='ocrx_word' id='word_1_854' title='bbox 3369 4928 3498 4983; x_wconf 92' lang='lat' dir='ltr'><strong>huic</strong></span> <span class='ocrx_word' id='word_1_855' title='bbox 3519 4929 3760 4985; x_wconf 92' lang='lat' dir='ltr'><strong>bonitati</strong></span> 
     </span>
    </p>
   </div>
   <div class='ocr_carea' id='block_1_113' title="bbox 2189 5011 3752 5082">
    <p class='ocr_par' dir='ltr' id='par_1_113' title="bbox 2189 5011 3752 5082">
     <span class='ocr_line' id='line_1_113' title="bbox 2189 5011 3752 5082; baseline -0.001 -17"><span class='ocrx_word' id='word_1_856' title='bbox 2189 5024 2306 5065; x_wconf 91' lang='lat' dir='ltr'><strong>com</strong></span> <span class='ocrx_word' id='word_1_857' title='bbox 2313 5027 2482 5080; x_wconf 81' lang='lat' dir='ltr'><strong>parari</strong></span> <span class='ocrx_word' id='word_1_858' title='bbox 2509 5015 2707 5081; x_wconf 87' lang='lat' dir='ltr'><strong>possit?</strong></span> <span class='ocrx_word' id='word_1_859' title='bbox 2722 5012 3008 5082; x_wconf 87' lang='lat' dir='ltr'><strong>Propterea</strong></span> <span class='ocrx_word' id='word_1_860' title='bbox 3028 5020 3079 5066; x_wconf 91' lang='lat' dir='ltr'><strong>et</strong></span> <span class='ocrx_word' id='word_1_861' title='bbox 3097 5012 3208 5082; x_wconf 70' lang='lat' dir='ltr'><strong>ipse</strong></span> <span class='ocrx_word' id='word_1_862' title='bbox 3229 5011 3466 5067; x_wconf 85' lang='lat' dir='ltr'><strong>dicebat:</strong></span> <span class='ocrx_word' id='word_1_863' title='bbox 3493 5011 3752 5078; x_wconf 83' lang='lat' dir='ltr'><strong>Quantum</strong></span> 
     </span>
    </p>
   </div>
   <div class='ocr_carea' id='block_1_114' title="bbox 2189 5099 3747 5167">
    <p class='ocr_par' dir='ltr' id='par_1_114' title="bbox 2189 5099 3747 5167">
     <span class='ocr_line' id='line_1_114' title="bbox 2189 5099 3747 5167; baseline 0.002 -15"><span class='ocrx_word' id='word_1_864' title='bbox 2189 5099 2342 5153; x_wconf 83' lang='lat' dir='ltr'><strong>distat</strong></span> <span class='ocrx_word' id='word_1_865' title='bbox 2359 5100 2533 5154; x_wconf 62' lang='lat' dir='ltr'><strong>caelum</strong></span> <span class='ocrx_word' id='word_1_866' title='bbox 2554 5117 2586 5152; x_wconf 91' lang='lat' dir='ltr'><strong>a</strong></span> <span class='ocrx_word' id='word_1_867' title='bbox 2607 5111 2757 5165; x_wconf 86' lang='lat' dir='ltr'><strong>terra,</strong></span> <span class='ocrx_word' id='word_1_868' title='bbox 2781 5110 2972 5154; x_wconf 87' lang='lat' dir='ltr'><strong>tantum</strong></span> <span class='ocrx_word' id='word_1_869' title='bbox 2991 5101 3142 5155; x_wconf 80' lang='lat' dir='ltr'><strong>distat</strong></span> <span class='ocrx_word' id='word_1_870' title='bbox 3163 5103 3240 5155; x_wconf 85' lang='lat' dir='ltr'><strong>via</strong></span> <span class='ocrx_word' id='word_1_871' title='bbox 3258 5117 3366 5154; x_wconf 87' lang='lat' dir='ltr'><strong>mea</strong></span> <span class='ocrx_word' id='word_1_872' title='bbox 3383 5117 3415 5154; x_wconf 84' lang='lat' dir='ltr'><strong>a</strong></span> <span class='ocrx_word' id='word_1_873' title='bbox 3435 5102 3502 5154; x_wconf 81' lang='lat' dir='ltr'><strong>vii</strong></span> <span class='ocrx_word' id='word_1_874' title='bbox 3509 5119 3533 5156; x_wconf 91' lang='lat' dir='ltr'><strong>s</strong></span> <span class='ocrx_word' id='word_1_875' title='bbox 3550 5103 3747 5167; x_wconf 85' lang='lat' dir='ltr'><strong>vestris,</strong></span> 
     </span>
    </p>
   </div>
   <div class='ocr_carea' id='block_1_115' title="bbox 2191 5191 3752 5264">
    <p class='ocr_par' dir='ltr' id='par_1_115' title="bbox 2191 5191 3752 5264">
     <span class='ocr_line' id='line_1_115' title="bbox 2191 5191 3752 5264; baseline 0 -19"><span class='ocrx_word' id='word_1_876' title='bbox 2191 5201 2238 5246; x_wconf 88' lang='lat' dir='ltr'><strong>et</strong></span> <span class='ocrx_word' id='word_1_877' title='bbox 2280 5193 2512 5264; x_wconf 82' lang='lat' dir='ltr'><strong>cegitatio</strong></span> <span class='ocrx_word' id='word_1_878' title='bbox 2553 5208 2664 5246; x_wconf 89' lang='lat' dir='ltr'><strong>mea</strong></span> <span class='ocrx_word' id='word_1_879' title='bbox 2688 5208 2720 5244; x_wconf 91' lang='lat' dir='ltr'><strong>a</strong></span> <span class='ocrx_word' id='word_1_880' title='bbox 2749 5192 3129 5262; x_wconf 82' lang='lat' dir='ltr'><strong>cogitationibus</strong></span> <span class='ocrx_word' id='word_1_881' title='bbox 3165 5191 3334 5245; x_wconf 83' lang='lat' dir='ltr'><strong>vestris</strong></span> <span class='ocrx_word' id='word_1_882' title='bbox 3362 5191 3530 5262; x_wconf 86' lang='lat' dir='ltr'><strong>(Isai.</strong></span> <span class='ocrx_word' id='word_1_883' title='bbox 3557 5191 3644 5246; x_wconf 81' lang='lat'><strong>55.</strong></span> <span class='ocrx_word' id='word_1_884' title='bbox 3670 5191 3752 5256; x_wconf 88' lang='lat'><strong>9).</strong></span> 
     </span>
    </p>
   </div>
   <div class='ocr_carea' id='block_1_116' title="bbox 2192 5281 3755 5354">
    <p class='ocr_par' dir='ltr' id='par_1_116' title="bbox 2192 5281 3755 5354">
     <span class='ocr_line' id='line_1_116' title="bbox 2192 5281 3755 5354; baseline -0.003 -16"><span class='ocrx_word' id='word_1_885' title='bbox 2192 5284 2355 5338; x_wconf 89' lang='lat' dir='ltr'><strong>David</strong></span> <span class='ocrx_word' id='word_1_886' title='bbox 2401 5298 2610 5354; x_wconf 89' lang='lat' dir='ltr'><strong>quoque</strong></span> <span class='ocrx_word' id='word_1_887' title='bbox 2650 5283 2988 5347; x_wconf 89' lang='lat' dir='ltr'><strong>mitissimus,</strong></span> <span class='ocrx_word' id='word_1_888' title='bbox 3035 5297 3155 5337; x_wconf 90' lang='lat' dir='ltr'><strong>cum</strong></span> <span class='ocrx_word' id='word_1_889' title='bbox 3195 5282 3261 5337; x_wconf 91' lang='lat' dir='ltr'><strong>de</strong></span> <span class='ocrx_word' id='word_1_890' title='bbox 3302 5283 3578 5337; x_wconf 88' lang='lat' dir='ltr'><strong>clementia</strong></span> <span class='ocrx_word' id='word_1_891' title='bbox 3614 5281 3755 5335; x_wconf 90' lang='lat' dir='ltr'><strong>illius</strong></span> 
     </span>
    </p>
   </div>
   <div class='ocr_carea' id='block_1_117' title="bbox 2191 5371 3754 5445">
    <p class='ocr_par' dir='ltr' id='par_1_117' title="bbox 2191 5371 3754 5445">
     <span class='ocr_line' id='line_1_117' title="bbox 2191 5371 3754 5445; baseline -0.003 -17"><span class='ocrx_word' id='word_1_892' title='bbox 2191 5375 2518 5445; x_wconf 88' lang='lat' dir='ltr'><strong>loqueretur,</strong></span> <span class='ocrx_word' id='word_1_893' title='bbox 2546 5373 2752 5428; x_wconf 90' lang='lat' dir='ltr'><strong>aiebat:</strong></span> <span class='ocrx_word' id='word_1_894' title='bbox 2781 5373 3072 5428; x_wconf 84' lang='lat' dir='ltr'><strong>Secundum</strong></span> <span class='ocrx_word' id='word_1_895' title='bbox 3094 5372 3413 5426; x_wconf 85' lang='lat' dir='ltr'><strong>altitudinem</strong></span> <span class='ocrx_word' id='word_1_896' title='bbox 3440 5371 3550 5425; x_wconf 65' lang='lat' dir='ltr'><strong>cadi</strong></span> <span class='ocrx_word' id='word_1_897' title='bbox 3573 5388 3604 5424; x_wconf 83' lang='grc' dir='ltr'><em>α</em></span> <span class='ocrx_word' id='word_1_898' title='bbox 3621 5380 3754 5424; x_wconf 85' lang='lat' dir='ltr'><strong>terra</strong></span> 
     </span>
    </p>
   </div>
   <div class='ocr_carea' id='block_1_118' title="bbox 2189 5461 3755 5531">
    <p class='ocr_par' dir='ltr' id='par_1_118' title="bbox 2189 5461 3755 5531">
     <span class='ocr_line' id='line_1_118' title="bbox 2189 5461 3755 5531; baseline -0.003 -12"><span class='ocrx_word' id='word_1_899' title='bbox 2189 5461 2768 5519; x_wconf 85' lang='lat' dir='ltr'><strong>corroboravitDominus</strong></span> <span class='ocrx_word' id='word_1_900' title='bbox 2789 5461 3179 5517; x_wconf 83' lang='lat' dir='ltr'><strong>misericordiam</strong></span> <span class='ocrx_word' id='word_1_901' title='bbox 3197 5478 3340 5515; x_wconf 88' lang='lat' dir='ltr'><strong>suam</strong></span> <span class='ocrx_word' id='word_1_902' title='bbox 3359 5478 3509 5531; x_wconf 84' lang='lat' dir='ltr'><strong>super</strong></span> <span class='ocrx_word' id='word_1_903' title='bbox 3530 5463 3755 5514; x_wconf 80' lang='lat' dir='ltr'><strong>timentes</strong></span> 
     </span>
    </p>
   </div>
   <div class='ocr_carea' id='block_1_119' title="bbox 2189 5551 3753 5623">
    <p class='ocr_par' dir='ltr' id='par_1_119' title="bbox 2189 5551 3753 5623">
     <span class='ocr_line' id='line_1_119' title="bbox 2189 5551 3753 5623; baseline -0.004 -13"><span class='ocrx_word' id='word_1_904' title='bbox 2189 5573 2262 5611; x_wconf 86' lang='lat' dir='ltr'><strong>se.</strong></span> <span class='ocrx_word' id='word_1_905' title='bbox 2287 5554 2539 5622; x_wconf 84' lang='lat' dir='ltr'><strong>Quantum</strong></span> <span class='ocrx_word' id='word_1_906' title='bbox 2562 5554 2712 5608; x_wconf 81' lang='lat' dir='ltr'><strong>distat</strong></span> <span class='ocrx_word' id='word_1_907' title='bbox 2731 5562 2869 5608; x_wconf 86' lang='lat' dir='ltr'><strong>ortus</strong></span> <span class='ocrx_word' id='word_1_908' title='bbox 2885 5551 2945 5606; x_wconf 83' lang='lat' dir='ltr'><strong>ab</strong></span> <span class='ocrx_word' id='word_1_909' title='bbox 2965 5552 3236 5617; x_wconf 85' lang='lat' dir='ltr'><strong>occidente,</strong></span> <span class='ocrx_word' id='word_1_910' title='bbox 3260 5551 3402 5623; x_wconf 86' lang='lat' dir='ltr'><strong>longe</strong></span> <span class='ocrx_word' id='word_1_911' title='bbox 3422 5551 3542 5620; x_wconf 81' lang='lat' dir='ltr'><strong>fecit</strong></span> <span class='ocrx_word' id='word_1_912' title='bbox 3559 5567 3590 5603; x_wconf 80' lang='grc' dir='ltr'>α</span> <span class='ocrx_word' id='word_1_913' title='bbox 3610 5551 3753 5604; x_wconf 72' lang='lat' dir='ltr'><strong>nobis</strong></span> 
     </span>
    </p>
   </div>
   <div class='ocr_carea' id='block_1_120' title="bbox 2189 5641 3752 5716">
    <p class='ocr_par' dir='ltr' id='par_1_120' title="bbox 2189 5641 3752 5716">
     <span class='ocr_line' id='line_1_120' title="bbox 2189 5641 3752 5716; baseline -0.004 -16"><span class='ocrx_word' id='word_1_914' title='bbox 2189 5646 2472 5716; x_wconf 84' lang='lat' dir='ltr'><strong>iniquitates</strong></span> <span class='ocrx_word' id='word_1_915' title='bbox 2493 5652 2710 5699; x_wconf 83' lang='lat' dir='ltr'><strong>nostras.</strong></span> <span class='ocrx_word' id='word_1_916' title='bbox 2754 5641 3017 5709; x_wconf 84' lang='lat' dir='ltr'><strong>Quomodo</strong></span> <span class='ocrx_word' id='word_1_917' title='bbox 3042 5641 3301 5698; x_wconf 83' lang='lat' dir='ltr'><strong>miseretur</strong></span> <span class='ocrx_word' id='word_1_918' title='bbox 3336 5650 3475 5703; x_wconf 78' lang='lat' dir='ltr'><strong>pater</strong></span> <span class='ocrx_word' id='word_1_919' title='bbox 3495 5641 3714 5709; x_wconf 73' lang='lat' dir='ltr'><strong>ﬁliorum</strong></span> <span class='ocrx_word' id='word_1_920' title='bbox 3731 5681 3752 5708; x_wconf 90' lang='lat'><strong>,</strong></span> 
     </span>
    </p>
   </div>
   <div class='ocr_carea' id='block_1_121' title="bbox 2189 5731 3751 5807">
    <p class='ocr_par' dir='ltr' id='par_1_121' title="bbox 2189 5731 3751 5807">
     <span class='ocr_line' id='line_1_121' title="bbox 2189 5731 3751 5807; baseline -0.003 -12"><span class='ocrx_word' id='word_1_921' title='bbox 2189 5741 2421 5795; x_wconf 79' lang='lat' dir='ltr'><strong>misertus</strong></span> <span class='ocrx_word' id='word_1_922' title='bbox 2456 5747 2528 5793; x_wconf 86' lang='lat' dir='ltr'><strong>est</strong></span> <span class='ocrx_word' id='word_1_923' title='bbox 2565 5735 2812 5793; x_wconf 81' lang='lat' dir='ltr'><strong>Dominus</strong></span> <span class='ocrx_word' id='word_1_924' title='bbox 2848 5735 3128 5792; x_wconf 82' lang='lat' dir='ltr'><strong>timentibus</strong></span> <span class='ocrx_word' id='word_1_925' title='bbox 3167 5751 3222 5791; x_wconf 88' lang='lat' dir='ltr'><strong>se</strong></span> <span class='ocrx_word' id='word_1_926' title='bbox 3249 5733 3428 5807; x_wconf 86' lang='lat' dir='ltr'><strong>(Psal.</strong></span> <span class='ocrx_word' id='word_1_927' title='bbox 3467 5731 3589 5789; x_wconf 62' lang='lat' dir='ltr'><strong>illi.</strong></span> <span class='ocrx_word' id='word_1_928' title='bbox 3617 5733 3676 5788; x_wconf 81' lang='lat' dir='ltr'><strong>ll</strong></span> <span class='ocrx_word' id='word_1_929' title='bbox 3701 5733 3751 5804; x_wconf 81' lang='lat'><strong>).</strong></span> 
     </span>
    </p>
   </div>
  </div>
