4116 6392
263 402 371 459 455

264 516 360 574 οὖν
387 518 545 575 τοῦτο
591 520 750 592 μόνον
774 520 971 591 ἔχομεν
998 520 1173 573 εἰπεῖν
1212 519 1354 590 ὑπὲρ
1396 518 1491 572 τοῦ
1523 518 1930 590 κατακλυσμοῦ,

268 606 457 679 κέρδος
481 607 538 661 δέ
562 607 712 661 οὐδὲν
740 607 1046 678 εὑρήσομεν
1073 606 1131 673 ἐξ
1161 606 1325 659 αὑτοῦ
1357 607 1579 674 γεγονός
1603 624 1618 670 ;
1655 606 1795 658 Ἀλλ’
1815 606 1935 658 οὐδὲ

267 697 417 747 ἐστιν
440 695 615 748 είπεῖν
642 694 765 747 ὅσον
788 695 884 748 καὶ
906 696 1019 758 τοῖς
1040 693 1482 763 τετελευτηκόσιν
1507 693 1689 757 αὐτοῖς
1704 693 1798 745 καὶ
1823 695 1936 753 τοῖς

270 784 390 855 μετ’
430 782 668 846 ἐκείνους
701 781 1085 853 γεγενημένοις
1134 781 1395 852 ὑπῆρξεν.
1438 783 1665 834 Ἐκεῖνοι
1706 782 1804 852 μὲν
1829 781 1938 851 γάρ

268 871 580 944 περαιτέρω
623 870 904 941 προελθεῖν
949 870 1049 940 τῆς
1110 870 1306 933 κακίας
1359 868 1747 939 ἐκωλύθησαν·
1789 870 1836 921 οί
1880 868 1939 920 δὲ

272 959 389 1029 μετ’
421 957 660 1021 ἐκείνους
682 958 905 1011 ἐκείνων
943 957 1203 1027 μειζόνως
1243 957 1555 1028 ἐκέρδανον,
1585 956 1687 1025 τῆς
1735 955 1935 1027 ζύμης,

268 1046 345 1109 ὡς
368 1046 433 1101 ἀν
467 1063 552 1109 τις
579 1044 743 1111 εἴποι,
772 1047 868 1098 καὶ
892 1045 992 1115 τῆς
1017 1044 1326 1109 ὑποθέσεως
1369 1043 1478 1097 τῶν
1510 1043 1697 1098 κακῶν
1744 1045 1941 1111 ἀφανι-

271 1132 490 1201 σθείσης
522 1134 586 1186 ἐκ
618 1133 783 1202 μέσου
810 1132 948 1202 μετά
971 1132 1080 1185 τῶν
1100 1132 1485 1202 τολμησάντων
1507 1132 1705 1185 αὐτῶν.
1743 1132 1804 1185 El
1830 1132 1940 1203 γάρ

269 1220 364 1272 καὶ
412 1220 577 1290 χωρὶς
624 1219 1067 1290 παραδείγματος
1106 1218 1341 1282 εὐκόλως
1369 1217 1602 1271 δύναιντ’
1642 1219 1709 1272 ἂν
1761 1219 1940 1290 εὑρεῖν

268 1309 320 1361 οί
366 1306 646 1377 ἄνθρωποι
669 1308 738 1361 τά
759 1308 925 1370 κακά,
952 1308 1005 1360 τί
1024 1308 1127 1361 οὐκ
1175 1307 1242 1361 ἂν
1276 1307 1515 1378 ἔπραξαν
1550 1306 1941 1361 πολλῶνδντων

268 1396 378 1449 τῶν
418 1395 878 1466 παρακαλούντων
912 1396 1109 1460 αὐτοὺς
1140 1396 1233 1448 ἐπὶ
1276 1396 1374 1459 τὰς
1404 1395 1630 1466 πράξεις
1656 1396 1754 1460 τάς
1776 1412 1941 1468 πονη-

272 1485 373 1556 ράς
392 1484 592 1554 ;”Οπερ
610 1485 697 1537 ἵνα
715 1483 788 1555 μὴ
805 1483 1053 1554 γένηται,
1077 1484 1209 1554 μηδὲ
1231 1482 1517 1547 τοσούτους
1527 1482 1875 1546 διδασκάλους
1891 1484 1940 1537 οί

273 1572 413 1643 μετά
433 1573 608 1626 ταῦτα
628 1572 962 1644 φαυλότητος
988 1572 1173 1644 έχωσι,
1192 1572 1395 1637 πάντας
1420 1572 1617 1636 αὐτοὺς
1636 1572 1806 1643 ἄρδην
1844 1573 1940 1626 άπ-

271 1659 498 1716 ὤλεσεν.

342 1749 402 1796 ε’.
453 1741 615 1797 ’Δλλά
636 1742 720 1807 τίς
749 1744 776 1796 ό
803 1743 960 1811 σοφὸς
981 1743 1157 1811 λόγος.
1180 1741 1377 1813 μᾶλλον
1403 1743 1459 1795 δὲ
1485 1745 1514 1797 ό
1547 1743 1791 1815 ἀνόητος,
1835 1744 1942 1797 τῶν

273 1831 531 1901 πράττειν
567 1831 665 1901 μὲν
713 1830 866 1884 οὐδὲν
922 1829 1261 1902 βουλομένων
1294 1830 1518 1898 ἀγαθὸν,
1560 1832 1739 1885 πάντα
1768 1830 1824 1884 δέ
1845 1828 1945 1901 ξη-

272 1918 507 1972 τούντων
534 1919 628 1973 καὶ
666 1918 953 1987 λεγόντων,
1006 1920 1089 1972 ἵνα
1125 1920 1234 1973 τῶν
1283 1920 1496 1973 οἰκείων
1534 1919 1945 1991 ἁμαρτημάτων

272 2005 372 2076 τὴν
398 2006 574 2060 αἰτίαν
601 2007 695 2060 ἐπὶ⁸
742 2006 833 2060 τὸν
865 2007 999 2059 Θεὸν
1029 2007 1339 2076 ἀγάγωσιν;
1376 2007 1439 2060 El
1476 2006 1551 2079 μὴ
1577 2006 1944 2078 συνεχώρησε,

274 2094 461 2162 φησὶν,
505 2095 533 2147 ό
583 2094 738 2159 Θεὸς,
771 2095 881 2148 οὐδ’
914 2094 980 2147 ἂν
1032 2094 1334 2166 προσῆλθεν
1365 2094 1395 2146 ό
1433 2093 1697 2157 διάϐολος,
1737 2092 1845 2146 οὐδ’
1880 2092 1947 2146 ἂν

271 2180 523 2251 ὴπάτησε
547 2182 647 2251 τὴν
675 2183 870 2253 ἀρχήν.
910 2180 1050 2235 Ἀλλ’
1096 2181 1205 2235 οὐδ’
1234 2181 1302 2234 ἂν
1332 2180 1533 2251 ἔμαθεν
1567 2182 1596 2234 ὁ
1634 2180 1806 2251 Ἀδάμ
1825 2180 1947 2234 ὅσον

275 2264 423 2341 εἶχεν
469 2269 695 2337 ἀγαθὸν,
727 2272 835 2324 οὐδ’
878 2270 944 2325 ἂν
977 2273 1041 2325 ἐκ
1074 2272 1175 2341 τῆς
1210 2269 1469 2333 ἀπονοίας
1499 2267 1711 2339 ἐκείνης
1741 2267 1947 2340 κατέϐη

275 2357 426 2411 ποτέ.
468 2357 525 2410 '0
555 2358 663 2431 γάρ
683 2357 938 2411 τοσούτου
969 2358 1162 2412 ἐαυτὸν
1190 2355 1483 2422 καταξιῶν,
1510 2357 1587 2420 ὡς
1611 2356 1705 2411 καὶ
1725 2355 1843 2419 θεὸς
1857 2372 1948 2425 γε·

275 2444 464 2497 νέσθαι
496 2446 820 2517 προσδοκᾷν,
848 2446 1019 2499 τίοὺκ
1040 2446 1106 2500 ἀν
1158 2445 1457 2516 ἐτόλμησεν
1503 2439 1676 2508 οὗτος,
1722 2443 1798 2515 μὴ
1845 2460 1949 2497 σω-

277 2534 622 2604 φρονισθείς;
672 2535 867 2605 Θῶμεν
919 2535 975 2588 δέ
1028 2536 1168 2606 μήτε
1219 2533 1741 2605 συμϐεϐουλευκέναι
1774 2552 1825 2587 τι
1857 2533 1950 2587 τὸν

276 2620 540 2688 διάϐολον,
574 2624 711 2694 μήτε
741 2623 877 2687 ὅλως
907 2622 1195 2693 διειλέχθαι
1219 2625 1285 2694 τῇ
1321 2622 1436 2692 Εὕα
1482 2621 1733 2693 περὶτοῦ
1770 2621 1947 2687 ξύλου·

279 2704 391 2781 ἆρα
414 2708 482 2763 ἂν
507 2711 795 2765 ἀπταιστοι
821 2712 1126 2765 διετέλεσαν
1156 2710 1232 2782 μὴ
1258 2711 1550 2782 γενομένου
1577 2710 1798 2777 τούτου;
1837 2712 1952 2766 Οὐκ

282 2794 429 2851 ἐστιν
456 2799 650 2852 εἰπεῖν.
702 2800 759 2852 '0
785 2797 894 2870 γὰρ
919 2799 1023 2852 ὑπὸ
1068 2799 1168 2869 τῆς
1208 2798 1467 2867 γυναικὸς
1510 2796 1683 2861 οὕτως
1715 2796 1952 2862 εὐκόλως

280 2887 654 2951 ἀναπεισθεὶς,
696 2880 851 2951 οὗτος
886 2888 981 2940 καὶ
1010 2886 1256 2940 διαϐόλου
1284 2887 1386 2940 οὐκ
1433 2886 1586 2950 ὄντος
1630 2887 1842 2957 ταχέως
1886 2886 1953 2941 ἂν

283 2972 378 3041 ἀφ’
424 2973 618 3026 ἐαυτοῦ
642 2974 775 3044 πρὸς
804 2973 903 3044 τὴν
927 2973 1199 3043 ἁμαρτίαν
1225 2973 1547 3026 κατέπεσεν·
1592 2971 1622 3025 δ
1654 2973 1749 3025 καὶ
1784 2970 1954 3043 μείζω

284 3060 353 3113 ἂν
383 3060 531 3131 αὑτῷ
575 3061 678 3131 τὴν
722 3060 992 3131 τιμωρίαν
1046 3062 1290 3131 ἐποίησε.
1315 3061 1498 3131 Χωρὶς
1527 3061 1583 3113 δὲ
1607 3060 1812 3114 τούτων
1835 3061 1955 3114 οὐδέ

282 3148 379 3201 νῦν
400 3149 496 3219 τῆς
523 3148 616 3201 τοῦ
642 3147 886 3201 διαϐόλου
920 3148 1078 3218 μόνον
1109 3148 1323 3219 ἀπάτης
1364 3148 1426 3201 τὸ
1469 3149 1578 3202 πᾶν
1617 3149 1785 3216 ἐστιν,
1819 3148 1956 3203 ἀλλά

285 3236 381 3289 καὶ
414 3236 519 3289 ὑπὸ
547 3236 646 3307 τῆς
676 3235 881 3299 οίκείας
900 3235 1191 3307 ἐπιθυμίας
1209 3235 1409 3289 ἁλοῦσα
1430 3237 1771 3305 κατέπεσενὴ
1796 3238 1953 3308 γυνή.

286 3323 397 3376 Kal
426 3323 640 3394 τοῦτοη
671 3324 860 3394 Γραφὴ
890 3322 1271 3395 παρεδήλωσεν
1314 3323 1561 3377 είποῦσα·
1590 3323 1699 3378 Καὶ
1720 3321 1882 3378 εἶδεν
1916 3326 1955 3393 ή

288 3410 443 3479 γυνὴ
479 3410 565 3463 ὅτι
586 3411 777 3464 καλὸν
797 3412 862 3464 τὸ
882 3410 1071 3475 ξύλον
1090 3413 1179 3477 είς
1192 3409 1557 3479 βρῶσιν,καὶ
1593 3411 1681 3465 ὅτι
1699 3412 1957 3481 ἀρεστὸν

287 3496 415 3564 τοῖς
467 3497 796 3568 ὀφθαλμοῖς
832 3497 999 3563 ἰδεῖν,
1035 3498 1131 3552 καὶ
1165 3498 1383 3566 ὡραῖον
1424 3499 1532 3553 τοῦ
1561 3500 1951 3568 κατανοῆσαι·

290 3587 388 3640 καί
437 3586 713 3640 λαϐοῦσα
769 3586 875 3641 τοῦ
928 3587 1160 3656 καρποῦ
1190 3587 1376 3642 αὐτοῦ
1407 3588 1609 3656 ἔφαγε.
1642 3589 1751 3641 Kal
1784 3589 1844 3642 οὑ
1867 3589 1960 3643 τὸν

288 3674 531 3728 διάϐολον
586 3674 941 3729 ἀπαλλάττων
1000 3675 1108 3727 τῶν
1136 3675 1236 3746 τῆς
1266 3675 1553 3748 ἐπιϐουλῆς
1603 3676 1961 3748 ἐγκλημάτων

289 3762 461 3815 ταῦτα
490 3762 632 3831 λέγω
659 3762 774 3828 νῦν,
798 3762 933 3817 ἀλλά
960 3762 1130 3827 δεῖξαι
1163 3763 1502 3835 βουλόμενος,
1526 3765 1606 3818 ὅτι
1626 3765 1673 3817 εί
1701 3765 1776 3836 μὴ
1811 3764 1959 3837 [166]

292 3854 510 3917 ἑκόντες
540 3854 863 3915 κατέπεσον,
890 3854 1063 3918 οὐδεὶς
1090 3854 1157 3907 ἂν
1184 3855 1381 3918 αὐτοὺς
1415 3854 1728 3910 κατέϐαλεν.
1768 3856 1827 3909 '0
1855 3855 1963 3926 γὰρ

298 3942 391 4013 τὴν
443 3945 573 4013 παρ’
605 3943 795 4013 ἐτέρου
820 3942 1110 4011 δεξάμενος
1131 3942 1348 4012 ἀπάτην
1378 3941 1551 4005 οὑτως
1583 3943 1838 4006 εὐκόλως,
1869 3936 1962 3995 οὗ·

295 4046 388 4090 τος
421 4030 517 4081 καὶ
540 4029 645 4100 πρὸ
676 4029 776 4097 τῆς
806 4029 1021 4098 ἀπάτης
1051 4029 1311 4099 ῥᾳθύμως
1337 4028 1433 4083 καὶ
1466 4028 1674 4099 χαύνως
1709 4030 1958 4082 διέκειτο·

294 4115 415 4168 οὐδὲ
436 4116 544 4185 γάρ
564 4115 625 4168 ἂν
643 4115 827 4184 ἴσχυσε
841 4114 1093 4168 τοσοῦτον
1112 4117 1336 4179 ἐκεῖνος,
1353 4117 1402 4168 εί
1418 4114 1659 4186 νηφούσῃ
1684 4115 1777 4168 καὶ
1796 4117 1963 4186 ἐγρη-

294 4202 489 4273 γορυίᾳ
520 4201 788 4270 διελέγετο
813 4201 979 4273 ψυχῇ.
1009 4202 1146 4255 Ἀλλ’
1168 4202 1273 4256 εἰσί
1305 4219 1448 4267 τινες
1472 4202 1543 4265 οἳ,
1571 4202 1790 4255 ἐπειδὰν
1822 4202 1963 4257 κατά

295 4291 453 4344 τοῦτο
484 4290 828 4361 διελεγχθῶσι
865 4291 926 4343 τὸ
960 4290 1148 4363 μέρος,
1194 4291 1287 4344 τὸν
1332 4289 1574 4344 διάϐολον
1619 4290 1845 4360 ἀφέντες
1872 4290 1965 4345 ἐπὶ

295 4380 394 4449 τὴν
428 4378 644 4450 ἐντολὴν
707 4377 1118 4449 μεταϐαίνουσι,
1170 4380 1265 4432 καὶ
1312 4378 1407 4432 τοῦ
1454 4379 1552 4449 μὲν
1584 4379 1963 4451 ἡμαρτηκότος

296 4468 610 4539 ἀπέχονται,
642 4466 930 4535 ἐγκαλοῦσι
968 4467 1022 4519 δὲ
1064 4465 1139 4537 τῷ
1178 4464 1297 4537 Θεῷ
1322 4466 1592 4535 λέγοντες,
1619 4466 1683 4519 Τί
1716 4467 1827 4539 γὰρ
1856 4466 1964 4518 ἐδί-

296 4556 389 4609 δου
418 4554 767 4626 πρόσταγμα,
802 4554 1219 4626 ἀμαρτήσοντας
1233 4555 1429 4620 αὐτοὺς
1447 4555 1633 4621 είδώςς
1665 4554 1771 4608 Καὶ
1796 4554 1966 4608 ταῦτα

297 4646 355 4699 δέ
404 4648 521 4698 ἐστι
566 4644 812 4697 διαϐόλου
848 4644 916 4697 τὰ
961 4645 1179 4715 ῥήματα
1231 4644 1326 4697 καὶ
1355 4643 1583 4707 ἀσεϐοῦς
1606 4643 1810 4706 ἐννοίας
1840 4653 1857 4673 ¹¹
1880 4644 1967 4695 εὑ-

302 4734 546 4805 ρήματα.
584 4733 707 4784 ’Ότι
755 4732 863 4803 γάρ
894 4732 989 4785 καὶ
1015 4730 1077 4784 :0
1115 4729 1298 4784 δοῦναι
1330 4733 1430 4801 τὴν
1478 4729 1694 4800 ἐντολὴν
1726 4729 1967 4800 μείζονος

298 4819 623 4890 κηδεμονίας
653 4819 822 4883 ἐστὶν,
843 4820 877 4890 ἢ
911 4819 970 4873 τὸ
997 4819 1071 4890 μὴ
1094 4818 1294 4883 δοῦναι,
1318 4819 1475 4890 δῆλον
1502 4818 1730 4872 ἐκεῖθεν.
1790 4820 1968 4871 Ἔστω

300 4909 410 4981 γὰρ
460 4910 488 4960 ό
530 4908 702 4979 Ἀδάμ
740 4908 838 4978 τὴν
873 4909 970 4977 μέν
1018 4906 1336 4978 προαίρεσιν
1368 4907 1507 4977 ἔχων
1530 4905 1672 4959 οὕτω
1703 4904 1964 4977 ῥᾴθυμον,

300 4996 377 5058 ὼς
432 4995 492 5047 τὸ
538 4995 690 5059 τέλος
742 4993 1012 5058 ἀπέδειξε,
1050 4994 1290 5064 δεχέσθω
1330 4993 1386 5046 δὲ
1431 4992 1699 5065 μηδεμίαν
1728 4994 1965 5065 ἐντολὴν,

302 5083 438 5137 ἀλλά
479 5083 685 5153 μενέτω
732 5082 972 5155 τρυφῶν·
1004 5078 1113 5153 ἆρα
1161 5084 1194 5152 ή
1225 5081 1477 5135 ἀσθένεια
1526 5081 1682 5152 καὶὴ
1729 5081 1971 5152 ῥᾳθυμία

301 5172 410 5225 ἀπὸ
439 5172 535 5243 τῆς
556 5172 790 5234 ἀνέσεως
822 5170 1025 5241 ταύτης
1049 5170 1141 5222 ἐπὶ
1168 5170 1228 5222 τὸ
1256 5173 1434 5241 χεῖρον
1462 5170 1495 5239 ἢ
1526 5170 1617 5223 ἐπὶ
1641 5169 1702 5222 τὸ
1728 5170 1971 5239 κρεῖττον

303 5260 573 5313 ἐπέδωκεν
595 5260 693 5323 iv;
728 5258 887 5312 Ἀλλὰ
910 5258 1068 5310 παντί
1099 5275 1199 5310 που
1230 5257 1407 5327 δῆλον,
1461 5258 1542 5310 ὃτι
1576 5256 1711 5326 πρὸς
1739 5257 1971 5327 ἐσχάτην

300 5345 367 5399 ἂν
410 5348 678 5400 κατέπεσε
713 5345 928 5409 κακίαν,
956 5344 1210 5414 ἄφροντις
1233 5341 1329 5398 ὥν.
1358 5342 1415 5394 Ὀ
1454 5344 1563 5413 γὰρ
1599 5343 1823 5412 μηδέπω
1843 5342 1973 5413 θαρ-

306 5437 418 5505 ρεῖν
442 5435 582 5505 ὑπὲρ
631 5434 729 5504 τῆς
760 5432 1057 5493 ἀθανασίας
1090 5430 1250 5501 ἔχων,
1284 5429 1397 5483 ἀλλ’
1436 5428 1516 5482 ἔτι
1568 5429 1842 5501 μετέωρον
1874 5429 1972 5499 τὴν

306 5522 494 5575 ἐλπίδα
550 5521 754 5591 ταύτην
783 5517 946 5573 οὖσαν
980 5518 1153 5582 εἰδὼς,
1204 5519 1297 5570 καὶ
1327 5517 1463 5588 πρὸς
1486 5516 1737 5569 τοσοῦτον
1776 5517 1971 5579 ἀλαζο-

307 5609 455 5671 νείας
480 5609 574 5661 καὶ
597 5608 782 5670 ἀνοίας
815 5606 1026 5678 ἀρθεὶς,
1059 5605 1133 5669 ὼς
1168 5607 1261 5658 καὶ
1284 5604 1503 5656 ἐλπίσαι
1547 5603 1800 5670 γενέσθαι
1831 5603 1970 5667 θεὸς,

309 5695 593 5749 καὶταῦτα
618 5696 918 5764 οὐδαμόθεν
951 5694 1041 5746 τὸν
1077 5692 1251 5746 ταῦτα
1282 5690 1751 5761 ἐπαγγειλάμενον
1788 5690 1975 5743 πιστὸν

308 5783 468 5857 ὁρῶν·
522 5783 569 5835 εί
632 5782 855 5853 βεϐαίαν
896 5782 1019 5852 έσχε
1073 5782 1173 5851 τὴν
1222 5779 1542 5842 ἀθανασίαν,
1608 5779 1709 5833 ποῦ
1765 5780 1864 5833 οὐκ
1911 5779 1975 5835 ἂν

372 5881 400 5913 ⁸
424 5880 809 5941 Μοΐε1.ἀσεϐοὖς
826 5882 1017 5939 ἐννοίας.
1043 5881 1189 5932 Savil.
1226 5878 1427 5937 ἀσεϐοῦς
1452 5878 1674 5935 διανοίας.

1138 401 1233 459 AD
1265 400 1646 492 STAIGIRIUM
1680 403 1724 457 A
1762 400 2070 459 ΒᾹΞΜΟΝΕ
2108 402 2461 461 VEXATUM.
2506 406 2633 460 LIB.
2679 406 2719 460 Ι.

3602 404 3704 460 m

2041 519 2275 588 ἔφθασεν
2306 522 2593 585 ἀπονοίας;
2627 521 2678 573 τί
2702 520 2758 574 δέ
2795 519 2893 573 οὑκ
2925 518 2992 573 ἂν
3034 519 3339 591 ἐξήμαρτες
3374 521 3501 573 πότε
3557 520 3613 573 δέ
3640 521 3708 574 ἂν

2039 616 2317 687 ὑπήκουσε
2345 616 2440 670 τοῦ
2496 616 2667 684 Θεού;
2703 616 2775 670 Σὺ
2805 616 2861 668 δέ
2890 618 3191 687 παρόμοιον
3231 620 3402 680 ποιεῖς
3437 615 3705 684 ἐγκαλῶν,

2036 712 2225 786 ὥσπερ
2251 714 2318 768 ἂν
2342 715 2396 768 εῐ
2415 732 2499 779 τις
2531 716 2624 769 καὶ
2656 715 2747 767 τὸν
2798 713 3079 786 πορνεύειν
3133 713 3542 784 ἀπαγορεύοντα
3568 712 3709 785 μέμ-

2039 833 2209 884 φοιτο,
2252 817 2436 888 ἐπειδὴ
2473 818 2523 870 οί
2562 816 2735 870 ταῦτα
2755 816 3109 886 ἀκουσόμενοι
3149 815 3431 887 πορνεύειν
3459 814 3706 884 ἔμελλον.

2040 915 2148 967 Kal
2181 914 2297 978 πῶς
2320 915 2420 968 οὐκ
2451 915 2686 986 ἐσχάτης
2712 915 2884 969 ταῦτα
2912 914 3108 987 μανίας
3132 913 3201 966 τὰ
3234 916 3483 985 ρήματας
3513 913 3575 966 El
3598 912 3709 984 γάρ

2043 1010 2116 1083 μὴ
2146 1010 2427 1083 δεξαμένῳ
2474 1013 2575 1083 τὴν
2605 1012 2824 1082 ἐντολὴν
2875 1010 3188 1084 προσελθὼν
3228 1013 3256 1064 0
3284 1011 3527 1075 διάϐολος
3576 1011 3709 1065 ἀπο-

2042 1110 2230 1181 στῆναι
2274 1109 2369 1164 τοὺ
2429 1109 2566 1164 Θεοῦ
2619 1109 3027 1176 συνεϐούλευσε,
3078 1112 3172 1165 καὶ
3200 1111 3358 1164 τοῦτο
3381 1111 3617 1174 εὐκόλως
3643 1110 3711 1164 ἂν

2040 1205 2276 1260 ἔπεισεν·
2308 1210 2336 1260 0
2361 1208 2471 1279 γάρ
2506 1208 2643 1278 μετὰ
2666 1209 2764 1280 τὴν
2797 1208 2891 1262 τοῦ
2920 1210 3340 1281 προστάγματος
3368 1209 3511 1263 δόσιν
3537 1226 3709 1262 κατα-

2040 1306 2315 1375 φρονήσας
2356 1304 2451 1358 τοῦ
2501 1304 2791 1370 δεδωκότος
2845 1306 2998 1370 αὐτὸ,
3027 1307 3077 1359 εί
3132 1306 3297 1377 μηδὲν
3329 1306 3464 1370 ὅλως
3483 1305 3711 1377 ἠκηκόει

2041 1401 2179 1473 παρ’,
2228 1400 2415 1466 αὑτοῦ,
2466 1401 2677 1472 ταχέως
2727 1400 2793 1455 ἂν
2830 1401 2913 1455 ὅτι
2952 1404 3045 1457 καὶ
3098 1403 3203 1456 ὑπὸ
3244 1403 3510 1474 δεσπότην
3563 1403 3712 1456 ἐστὶν

2039 1497 2295 1568 ἠγνόησε.
2326 1498 2425 1551 Διά
2457 1496 2614 1551 τοῦτο
2638 1497 2923 1571 προλαϐὼν
2942 1501 2971 1553 0
2997 1498 3129 1563 Θεὸς
3154 1499 3219 1552 δι’
3243 1492 3318 1553 ὧν
3356 1499 3710 1570 προσέταξεν,

2042 1592 2279 1658 ἐδίδαξεν
2295 1595 2376 1648 ὃτι
2407 1595 2503 1648 καὶ
2540 1594 2726 1668 κύριον
2742 1594 2876 1666 ἔχει,
2902 1595 2995 1651 καὶ
3016 1597 3193 1651 πάντα
3218 1596 3515 1650 ὑπακούειν
3544 1596 3711 1650 αὑτοῦ

2043 1693 2143 1745 δεῖ.
2176 1690 2288 1746 Kal
2314 1692 2369 1746 τί
2414 1691 2575 1747 πλέον
2615 1692 2723 1747 ἀπὸ
2749 1692 2939 1746 τούτου
2975 1693 3199 1763 γέγονε;
3252 1695 3407 1765 φησί.
3463 1694 3714 1749 Μάλιστα

2047 1788 2170 1858 μὲν,
2216 1790 2267 1842 εί
2310 1789 2405 1842 καὶ
2441 1789 2608 1860 μηδὲν
2639 1791 2900 1859 ἐγεγόνει,
2939 1790 3091 1845 οὐδὲν
3127 1791 3286 1845 τοῦτο
3326 1790 3479 1862 παρά
3508 1790 3600 1845 τὸν
3641 1788 3716 1844 δι-

2044 1884 2279 1949 δάξαντα
2302 1886 2456 1950 Θεὸν,
2484 1886 2621 1940 ἀλλά
2651 1887 2803 1959 παρά
2834 1887 2927 1941 τὸν
2953 1888 3028 1960 μὴ
3064 1887 3359 1960 δεξάμενον
3395 1888 3495 1960 τὴν
3531 1885 3717 1941 καλλί-

2048 1998 2181 2052 στην
2213 1984 2413 2054 ταύτην
2439 1984 2739 2038 παίδευσιν·
2780 1983 2875 2038 νῦν
2895 1984 2953 2038 δέ
2982 1985 3103 2039 οὐδὲ
3134 1985 3305 2050 οὕτως
3333 1985 3587 2056 ἀνόνητος
3623 1982 3716 2053 γέ-

2046 2095 2171 2148 γονε
2205 2080 2300 2134 καὶ
2324 2080 2463 2152 μετὰ
2489 2082 2588 2153 τὴν
2634 2082 2945 2155 παράϐασιν
2976 2083 3179 2155 ἡδόσις
3214 2084 3313 2155 τῆς
3342 2082 3579 2154 ἐντολῆς.
3606 2082 3718 2135 Καὶ

2046 2176 2157 2249 γὰρ
2184 2177 2246 2231 τὸ
2276 2179 2566 2252 κρυϐῆναι,
2612 2180 2709 2234 καὶ
2760 2180 2822 2234 τὸ
2872 2181 2971 2253 τὴν
3030 2181 3307 2253 ἁμαρτίαν
3360 2179 3715 2252 ὁμολογῆσαι,

2048 2275 2144 2328 καὶ
2176 2275 2237 2326 τὸ
2258 2274 2576 2340 σπουδάζειν
2598 2276 2689 2331 τὸν
2724 2276 2823 2348 μὲν
2856 2277 3021 2349 ἄνδρα
3046 2278 3140 2331 ἐπὶ
3163 2276 3263 2349 τὴν
3292 2277 3547 2346 γυναῖκα,
3568 2274 3717 2328 ἐκεί-

2048 2388 2146 2441 νην
2171 2371 2228 2424 δὲ
2261 2372 2351 2426 ἐπὶ
2366 2372 2457 2426 τὸν
2484 2373 2606 2444 ὅφιν
2633 2373 2731 2446 τὴν
2753 2374 2930 2428 αἰτίαν
2952 2374 3060 2429 τῶν
3079 2374 3459 2446 γεγενημένων
3488 2390 3721 2445 μεταγα·

2050 2472 2188 2538 γεῖν,
2242 2470 2558 2525 δεδοικότων
2601 2471 2721 2526 ἐστὶ
2788 2473 2883 2526 καὶ
2938 2472 3249 2544 τρεμόντων
3296 2472 3392 2526 καὶ
3445 2470 3506 2525 τὸ
3552 2469 3719 2542 κῦρος

2051 2568 2437 2637 ἐπεγνωκότων
2456 2567 2550 2622 τοῦ
2584 2568 2740 2625 Θεοῦ.
2779 2569 2943 2623 Ὅσον
2966 2569 3026 2623 δὲ
3064 2568 3251 2642 κέρδος
3270 2564 3338 2641 ἦν
3363 2569 3472 2624 άπὸ
3500 2569 3597 2640 τῆς
3624 2584 3723 2623 σα-

2050 2666 2274 2738 τανικῆς
2332 2667 2547 2737 ἐκείνης
2588 2666 2913 2739 προσδοκίας
2954 2668 3033 2731 είς
3080 2666 3332 2723 τοσοῦτον
3361 2668 3721 2740 μετατεθῆναι

2053 2764 2239 2834 φόϐον,
2265 2763 2436 2827 οὐδεὶς
2466 2764 2669 2831 ἀγνοεῖ.
2696 2765 2755 2819 Ὀ
2787 2764 2896 2837 γάρ
2919 2764 3154 2820 ίσοθεῒαν
3185 2765 3528 2834 φαντασθεὶς,
3558 2766 3723 2830 αὑτὸς

2054 2861 2226 2925 οὑτως
2270 2861 2623 2914 ἐταπεινοῦτο
2665 2861 2762 2914 καὶ
2806 2860 3204 2925 συνεστέλλετο,
3234 2859 3312 2926 ὡς
3355 2861 3496 2934 ὑπὲρ
3544 2878 3721 2933 τιμω-

2057 2958 2178 3030 ρίας
2222 2959 2319 3013 καὶ
2370 2958 2643 3023 κολάσεως
2687 2960 2932 3030 τρέμειν,
2971 2960 3065 3013 καὶ
3112 2958 3210 3031 τὴν
3252 2959 3528 3032 ἁμαρτίαν
3564 2958 3723 3030 ἐξαγ-

2053 3055 2265 3125 γέλλειν
2295 3055 2394 3128 τὴν
2423 3056 2609 3110 αὑτοῦ.
2628 3056 2701 3110 Τὸ
2727 3056 2785 3110 δὲ
2819 3057 2896 3128 μὴ
2917 3055 3251 3129 ἁμαρτάνειν
3285 3056 3720 3128 ἀνεπαισθήτως,

2055 3153 2170 3207 ἀλλ’
2219 3153 2600 3223 ἐπιγινώσκειν
2622 3153 2831 3225 ταχέως
2854 3154 2947 3208 καὶ
2972 3155 3202 3226 συνορᾷν
3232 3153 3293 3208 τὸ
3313 3154 3418 3225 πλη
3427 3154 3721 3227 μμεληθέν,

2056 3251 2157 3303 οὐκ
2186 3248 2303 3303 ἐστι
2344 3249 2560 3321 μικρὸν,
2596 3248 2845 3315 ἀλλ’όδός
2875 3266 2959 3315 τις
2984 3250 3079 3304 καὶ
3108 3249 3251 3322 ἀρχὴ
3275 3251 3409 3323 πρὸς
3441 3251 3725 3323 διόρθωσιν

2058 3346 2268 3412 ἄγουσα
2289 3345 2384 3399 καὶ
2405 3346 2504 3416 τὴν
2551 3346 2645 3403 ἐπὶ
2678 3345 2739 3399 :0
2771 3346 3015 3417 κρεῖττον
3046 3345 3368 3418 μεταϐολήν.
3406 3348 3592 3401 Πάσαν
3627 3347 3725 3419 μὲν

2050 3438 2152 3496 οὖν
2184 3441 2277 3496 τοῦ
2321 3442 2528 3515 Κυρίου
2564 3442 2663 3515 τὴν
2690 3442 2842 3516 [167]
2865 3445 2943 3507 είς
2966 3445 3112 3516 ἡμᾶς
3146 3443 3456 3516 ἀγαθότητα
3477 3442 3601 3498 οὐτε
3624 3461 3728 3515 μα-

2062 3540 2173 3595 θεῖν
2207 3539 2331 3594 οὐτε
2380 3539 2745 3613 διηγήσασθαι
2776 3542 3020 3596 δυνατόν·
3061 3535 3137 3597 ὧν
3173 3542 3233 3597 δὲ
3274 3542 3432 3614 ίσμεν
3470 3543 3531 3596 :0
3559 3542 3729 3611 κεφά-

2060 3634 2207 3687 λαιον
2248 3633 2378 3706 ἐρῶ.
2405 3634 2559 3688 Μετά
2581 3634 2688 3706 γὰρ
2706 3634 2804 3707 τὴν
2832 3638 3099 3707 τοσαύτην
3139 3636 3443 3708 παρακοήν,
3474 3635 3612 3707 μετά
3639 3652 3730 3689 το-

2063 3732 2236 3787 σαῦτα
2259 3733 2476 3803 ἀμαρτή
2487 3750 2651 3804 ματα,
2692 3733 2779 3786 ὅτε
2824 3735 3001 3787 πᾶσαν
3022 3734 3252 3806 κατέσχε
3280 3735 3378 3808 τὴν
3405 3734 3729 3805 οίκουμένην

2061 3834 2095 3901 ἡ
2140 3832 2239 3901 τῆς
2268 3829 2542 3902 ἁμαρτίας
2583 3831 2855 3903 τυραννὶς,
2896 3832 2984 3885 ὅτε
3028 3834 3128 3903 τὴν
3156 3831 3391 3903 ἐσχάτην
3415 3830 3522 3885 ἔδει
3546 3830 3729 3886 δοῦναι

2062 3926 2216 3996 δίκην
2265 3925 2470 3992 λοιπὸν,
2506 3928 2601 3981 καὶ
2638 3925 2932 3980 ἀπολέσθαι
2983 3926 3279 3991 παντελῶς,
3320 3927 3415 3981 καὶ
3446 3924 3730 3998 ἀνώνυμον

2062 4021 2123 4073 :0
2162 4020 2273 4075 τῶν
2322 4020 2624 4095 ἀνθρώπων
2668 4022 2919 4090 γενέσθαι
2957 4023 3129 4092 γένος,
3175 4022 3295 4078 τότε
3324 4023 3423 4094 τὴν
3469 4023 3729 4095 μεγίστην

2064 4120 2195 4189 περὶ
2219 4120 2366 4190 ἡμᾶς
2394 4118 2710 4189 εὐεργεσίαν
2743 4118 3070 4187 ἐπεδείξατο,
3104 4118 3244 4193 ὑπὲρ
3268 4119 3377 4173 τῶν
3408 4118 3617 4191 ἐχθρῶν
3638 4119 3731 4172 καὶ

2064 4217 2592 4291 ἀπηλλοτριωμένων
2618 4218 2713 4272 xal
2754 4216 3053 4289 μισούντων
3076 4218 3237 4272 αὑτὸν
3267 4218 3361 4272 καὶ
3389 4218 3730 4290 ἀποστρεφο-

2067 4318 2245 4390 μένων
2280 4317 2372 4370 τὸν
2406 4316 2684 4387 Μονογενῆ
2739 4314 3088 4385 κατασφάξας
3129 4316 3221 4369 τὸν
3269 4316 3483 4382 ἑαυτοῦ,
3520 4317 3611 4369 καὶ
3644 4314 3732 4369 διὰ

2063 4414 2255 4469 τούτου
2284 4414 2384 4485 τὴν
2413 4412 2551 4485 πρὸς
2581 4412 2745 4466 αὐτὸν
2786 4411 3129 4483 καταλλαγὴν
3170 4411 3538 4482 ἐργασάμενος
3577 4413 3729 4483 ἡμῖν,

2066 4513 2161 4567 καὶ
2182 4511 2458 4583 βασιλείαν
2480 4510 2745 4582 οὐρανῶν,
2786 4511 2880 4563 καὶ
2903 4509 3045 4581 ζωὴν
3071 4509 3307 4574 αἰώνιον,
3346 4510 3441 4564 καὶ⁵
3468 4511 3536 4565 τὰ
3561 4510 3734 4583 μυρία

2068 4608 2534 4679 ἐπαγγειλάμενος
2557 4606 2747 4661 δώσειν
2776 4606 2976 4676 ἀγαθά,
3008 4606 3045 4660 ἃ.
3097 4608 3234 4678 μήτε
3287 4606 3563 4679 ὀφθαλμὸς
3600 4601 3731 4672 εἶδε,

2071 4706 2209 4776 μήτε
2235 4700 2327 4768 οὖς
2364 4704 2588 4775 ἢκουσε,
2637 4702 2898 4776 μήτεῂέπὶ
2935 4702 3160 4774 καρδίαν
3206 4701 3494 4775 ἀνθρώπου
3541 4701 3733 4771 ἀνέϐη.

2070 4774 2143 4856 Τί
2166 4802 2371 4874 ταύτης
2399 4801 2465 4855 ἂν
2502 4801 2712 4869 γένοιτο
2758 4774 2854 4870 τῆς
2883 4800 3204 4872 κηδεμονίας
3240 4774 3373 4863 ῐσον,
3413 4800 3508 4870 τῆς
3548 4797 3737 4867 φιλαν-

2072 4900 2338 4971 θρωπίας,
2367 4898 2469 4968 τῆς
2509 4896 2874 4968 ἀγαθότητος;
2904 4897 3001 4950 Διά
3040 4895 3211 4949 ταῦτα
3244 4896 3336 4949 καὶ
3392 4895 3553 4958 αὐτός
3582 4911 3734 4966 φησι·

2068 4996 2273 5064 Καθὼς
2323 4995 2532 5065 ἀπέχει
2564 4998 2597 5049 ὁ
2629 4993 2883 5062 οὐρανός
2914 4993 3030 5047 ἀπὸ
3062 4991 3173 5060 τῆς
3220 4992 3353 5062 γῆς,
3404 4992 3589 5059 οὕτως
3624 4992 3740 5045 ἀπ-

2070 5096 2194 5165 έχει
2223 5096 2262 5163 ἡ
2319 5092 2459 5158 ὁδός
2486 5110 2609 5162 μου
2641 5089 2760 5145 ἀπὸ
2785 5089 2903 5143 τῶν
2929 5087 3082 5143 ὁδῶν
3127 5088 3315 5160 ὑμῶν,
3356 5090 3454 5143 καὶ
3497 5090 3569 5143 τὰ
3613 5086 3742 5142 δια-

2070 5190 2340 5260 νοήματά
2366 5206 2486 5258 μου
2521 5187 2641 5242 ἀπὸ
2674 5186 2783 5255 τῆς
2812 5186 3078 5252 διανοίας
3101 5186 3284 5255 ὑμῶν.
3310 5188 3418 5241 Kal
3447 5188 3475 5239 0
3504 5186 3740 5258 πραότα-

2071 5307 2164 5352 τος
2185 5289 2242 5343 δέ
2275 5287 2436 5341 Δαυῒδ
2467 5286 2597 5358 περὶ
2623 5285 2719 5358 τῆς
2750 5283 3153 5356 φιλανθρωπίας
3170 5284 3332 5339 αὑτοῦ
3364 5283 3741 5354 διαλεγόμενός

2074 5404 2226 5457 φησι·
2249 5386 2412 5439 Κατὰ
2444 5384 2511 5439 τὸ
2534 5385 2691 5452 ὕψος
2716 5382 2821 5437 τοῦ
2858 5381 3117 5450 οὐρανοῦ
3142 5380 3261 5436 ἀπὸ
3284 5380 3395 5449 τῆς
3432 5381 3545 5451 γῆς
3567 5382 3741 5449 ἐκρα-

2073 5485 2292 5538 ταίωσε
2316 5486 2533 5550 Κύριος
2563 5481 2631 5533 τὸ
2680 5480 2853 5546 ἕλεος
2888 5479 3075 5534 αὑτοῦ
3124 5478 3224 5533 ἐπί
3270 5478 3414 5544 τοὺς
3461 5476 3745 5549 φοϐουμέ-

2075 5603 2221 5651 νους
2262 5583 2469 5639 αὐτόν·
2528 5579 2655 5634 καθ’
2703 5577 2856 5633 ὅσον
2915 5577 3252 5649 ἀπέχουσιν
3298 5576 3588 5633 ἀνατολαὶ
3622 5576 3743 5631 ἀπὸ

2076 5682 2346 5754 δυσμῶν,
2368 5680 2704 5751 ἐμάκρυνεν
2729 5679 2830 5747 ἀφ’
2865 5676 3038 5748 ἡμῶν
3089 5678 3198 5744 τὰς
3255 5677 3509 5745 ἀνομίας
3550 5674 3740 5744 ἡμῶν·

2078 5784 2269 5849 καθὼς
2297 5782 2568 5851 οἱκτείρει
2593 5778 2787 5847 πατὴρ
2816 5780 3002 5846 υἱοὺς,
3028 5779 3351 5847 ᾠκτείρησε
3372 5778 3583 5845 Κύριος
3605 5774 3746 5841 τοὺς

2079 5882 2488 5955 φοϐουμένους
2518 5876 2720 5934 αὐτόν·
2759 5876 2857 5949 οὐχ
2888 5876 2968 5930 ὅτι
2999 5873 3250 5929 τοσοῦτον
3285 5874 3465 5947 μόνον,
3510 5870 3623 5926 ἀλλ’
3660 5870 3747 5923 ὑτι
