4116 6392
346 383 451 438 157

349 496 696 569 παράδειγμα
716 497 814 567 τῆς
835 496 1005 566 άκρας
1035 493 1440 567 ’φιλοστοργίας
1479 493 1665 566 ἕτερον
1701 491 1885 563 μεῖζον
1915 491 2016 545 οὐκ

351 588 526 658 ίσμεν.
573 585 724 638 Ἐπεὶ
767 584 848 637 ὅτι
874 583 970 637 καὶ
1010 582 1199 636 τούτου
1251 582 1435 635 πλεῖον
1471 583 1500 635 6
1542 582 1769 645 Ἡσαΐας
1794 579 2018 645 ἐδίδαξε·

349 675 450 744 τὴν
487 673 594 746 γὰρ
630 672 842 744 μητέρα
870 673 948 736 είς
972 671 1034 725 τὸ
1064 671 1367 742 ὑπόδειγμα
1390 668 1722 742 παραλαϐὼν
1754 668 1855 739 τὴν
1888 667 2022 722 πολὺ

351 758 448 815 τοῦ
486 760 691 831 πατρὸς
722 758 1172 831 συμπαθεστέραν
1200 758 1335 829 πρὸς
1382 757 1452 811 τά
1488 757 1688 826 ἔκγονα
1721 752 1907 820 οὖσαν,
1930 756 2025 808 ού-

350 849 486 900 τωσὶ
524 847 693 915 λέγει·
722 845 817 913 Μὴ
842 840 1199 910 ἐπιλήσεται
1231 843 1386 914 γυνὴ
1418 842 1524 897 τοῦ
1549 841 1789 896 παιδίου
1812 839 2023 916 αὐτῆς,

351 934 392 1003 ἢ
432 935 541 988 τοῦ
566 937 654 1004 μὴ
684 932 933 1001 ἐλεῆσαι
959 934 1032 987 τὰ
1061 932 1283 1002 ἔκγονα
1308 929 1419 998 τῆς
1443 930 1674 995 κοιλίας
1713 928 1934 996 αὐτῆς
1958 928 2027 980 Ei

352 1021 422 1077 δὲ
461 1020 562 1075 καί
603 1021 946 1076 ἐπιλάθοιτο
991 1020 1181 1075 ταῦτα
1228 1017 1406 1089 γυνὴ,
1440 1018 1577 1072 ἀλλ’
1601 1015 1717 1086 ἐγὼ
1743 1017 1853 1069 οὐκ
1905 1014 2027 1067 ἐπι-

352 1109 622 1179 λήσομαί
653 1124 791 1172 σου,
834 1108 999 1179 λέγει
1044 1108 1278 1174 Κύριος’
1321 1106 1533 1169 δεικνὺς
1559 1105 1641 1158 ὅτι
1679 1102 1897 1174 καὶτῆς
1931 1119 2024 1170 φυ-

355 1198 514 1268 σικῆς
553 1197 933 1267 φιλοστοργίας
981 1194 1252 1267 ἀνώτερός
1280 1197 1427 1248 ἐστιν
1481 1196 1509 1246 6
1534 1192 1681 1257 ἕλεος
1723 1189 1817 1244 τοῦ
1864 1188 2019 1242 Θεοῦ.

355 1286 464 1338 Καὶ
491 1285 663 1340 ταῦτα
705 1286 803 1357 μέν
839 1286 889 1339 οί
933 1283 1229 1355 προφῆται,
1264 1284 1376 1346 τοῖς
1427 1280 1483 1334 δέ
1539 1279 1815 1341 Ἰουδαίοις
1865 1277 2025 1340 αὐτὸς

354 1372 738 1444 διαλεγόμενος
788 1372 974 1441 ἔλεγεν
1002 1371 1032 1424 6
1084 1369 1341 1443 Χριστός·
1366 1371 1437 1422 Et
1465 1368 1534 1421 δὲ
1567 1367 1736 1437 ὑμεῖς
1778 1363 2027 1433 πονηροί

357 1461 529 1527 ὄντες
584 1459 784 1515 οἴδατε
844 1460 1072 1529 δόματα
1129 1456 1319 1529 ἀγαθὰ
1371 1456 1601 1510 διδόναι
1644 1453 1768 1518 τοῖς
1798 1451 2029 1517 τέκνοις

355 1547 543 1617 ὑμῶν,
578 1550 749 1615 πόσῳ
766 1546 1013 1618 μᾶλλον
1040 1550 1073 1600 ό
1109 1545 1313 1613 Πατὴρ
1349 1544 1520 1614 ὑμῶν
1545 1546 1579 1598 ό
1610 1540 1892 1611 οὐράνιος
1918 1538 2028 1592 δώ-

358 1652 453 1690 σει
480 1636 674 1707 ἀγαθὰ
705 1636 831 1703 τοῖς
866 1634 1145 1690 αἰτοῦσιν
1175 1635 1394 1697 αῠτόν;
1424 1632 1574 1686 οὐδὲν
1602 1631 1729 1685 ἀλλο
1749 1630 2032 1700 ἐμφαίνων

355 1722 448 1778 διά
497 1722 722 1788 τούτων,
768 1723 885 1777 ἀλλ’
916 1723 950 1794 ἢ
983 1724 1066 1777 ὅτι
1091 1722 1215 1776 ὅσον
1243 1721 1351 1774 τῶν
1400 1717 1619 1788 ἀγαθῶν
1673 1718 1768 1771 καὶ
1795 1716 1905 1770 τῶν
1937 1731 2034 1768 πο-

359 1812 542 1882 νηρῶν
567 1811 630 1865 τὸ
668 1811 831 1883 μέσον
856 1811 1003 1874 ἐστὶ,
1039 1809 1291 1863 τοσοῦτον
1311 1808 1413 1878 τῆς
1432 1805 1527 1860 τοῦ
1547 1804 1682 1859 Θεοῦ
1704 1803 2032 1875 κηδεμονίας

359 1900 496 1969 πρὸς
524 1898 624 1971 τὴν
649 1898 922 1971 πατρικὴν
949 1899 1011 1952 τὸ
1047 1898 1324 1967 διάφορον.
1364 1896 1472 1948 Καὶ
1519 1893 1654 1965 μηδὲ
1713 1892 1876 1964 μέχρι
1913 1889 2035 1945 τού-

359 2004 453 2040 του
504 1987 666 2042 πάλιν
713 1990 866 2060 στῆς,
902 1986 1038 2042 ἀλλά
1063 1985 1143 2058 τῷ
1162 1985 1238 2057 νῷ
1261 1986 1355 2039 καὶ
1372 1983 1688 2056 περαιτέρω
1716 1980 1920 2052 πρόῖθν
1938 1978 2035 2033 καὶ

360 2079 469 2150 γὰρ
502 2076 797 2146 καὶτοῦτο,
814 2079 938 2132 ὅσον
958 2075 1186 2131 ἀκοῦσαί
1215 2091 1273 2129 σε
1302 2072 1544 2132 δυνατὸν.
1574 2072 1808 2142 εἴρηται·
1837 2062 1899 2123 οὑ
1926 2068 2035 2139 γάρ

362 2169 398 2239 ή
425 2167 637 2232 σύνεσις
657 2176 678 2197 ³
709 2166 934 2238 ἄπειρος
962 2164 1113 2236 καὶή
1144 2161 1438 2232 ἀγαθότης,
1471 2159 1713 2231 δηλονότι
1738 2158 1834 2212 καὶ
1854 2159 1890 2228 ή
1922 2157 2038 2224 φιλ-

362 2255 667 2327 ανθρωπία.
706 2256 767 2308 Et
813 2254 869 2308 δὲ
920 2256 996 2326 μὴ
1045 2252 1170 2307 καθ’
1206 2252 1435 2305 ἕκαστον
1472 2249 1580 2303 τῶν
1611 2247 1910 2318 γινομένων
1936 2247 2034 2301 αὐ-

362 2345 462 2417 τὴν
500 2342 896 2414 ὑποπτεύομεν,
956 2343 1050 2395 καὶ
1100 2340 1258 2395 τοῦτο
1284 2340 1380 2411 τῆς
1431 2336 1687 2408 ἀπειρίας
1734 2336 1906 2407 αὐτῆς
1937 2352 2039 2405 ση-

370 2436 538 2505 μεῖον.
592 2426 769 2486 Πολλά
821 2430 930 2502 γάρ
976 2431 1071 2484 καὶ
1121 2428 1332 2501 μεγάλα
1382 2426 1504 2481 καθ’
1536 2426 1774 2495 ἑκάστην
1827 2424 2038 2495 ἡμέραν

373 2525 513 2595 ὑπὲρ
550 2524 650 2596 τῆς
705 2522 977 2594 σωτηρίας
1019 2518 1120 2590 τῆς
1165 2517 1441 2589 ἡμετέρας
1472 2516 1855 2585 οίκονομεῖται,
1886 2511 2039 2566 ἃαύ-

369 2611 448 2683 τῷ
478 2612 624 2683 μόνῳ
670 2610 786 2663 ἐστὶ
841 2606 1071 2678 φανερά.
1115 2603 1331 2676 Ἐπειδὴ
1367 2602 1476 2675 γὰρ
1519 2601 1586 2656 δι’
1619 2599 1932 2669 ἀγαθότητα
1978 2598 2040 2650 τὸ

365 2700 635 2771 ἡμέτερον
676 2698 832 2767 γένος
875 2696 1172 2768 εὐεργετεῖ,
1212 2691 1335 2746 οὐτε
1383 2691 1441 2745 δὲ
1475 2689 1577 2760 τῆς
1606 2688 1736 2759 παρ’
1785 2686 1941 2758 ήμῶν
1964 2685 2042 2740 δός

369 2786 466 2857 ξης
491 2785 763 2856 δεόμενος,
807 2781 931 2837 οὐτε
975 2780 1211 2851 ἀμοιϐῆς
1253 2777 1478 2850 χρῄζων
1529 2774 1673 2838 τινὸς
1720 2774 1930 2844 ἐτέρας,
1972 2772 2042 2827 τά

370 2874 593 2927 πλείονα
642 2872 835 2943 ἀφίησι
888 2870 1172 2924 λανθάνειν
1201 2868 1371 2938 ἡμᾶς·
1408 2866 1456 2918 εί
1485 2864 1543 2917 δέ
1592 2879 1724 2916 ποτε
1765 2863 1859 2916 καὶ
1902 2863 2041 2916 ἀπο-

371 2960 650 3030 καλύψειε,
683 2957 957 3014 καὶτοῦτο
980 2957 1136 3029 ἡμῶν
1164 2956 1350 3009 ἐνεκεν
1379 2956 1541 3017 ποιεῖ,
1577 2953 1665 3006 ἴνα
1704 2951 2044 3023 εὐχαρίστως

371 3048 705 3113 διατεθέντες
739 3045 960 3101 πλείονα
1012 3041 1444 3113 ἐπισπασώμεθα
1501 3041 1601 3112 τὴν
1632 3039 1906 3111 βοήθειαν.
1949 3039 2042 3111 Μὴ

371 3138 548 3191 τοίνυν
572 3136 715 3208 ὑπὲρ
742 3134 945 3189 τούτων
976 3134 1133 3204 μόνον
1164 3125 1238 3186 ὧν
1278 3130 1459 3202 ίσμεν,
1495 3129 1634 3184 ἀλλά
1664 3128 1760 3183 καὶ
1798 3128 1939 3201 ὑπὲρ
1970 3121 2046 3181 ῶν

374 3226 474 3279 οὐκ
495 3223 650 3295 ῐσμεν
671 3220 1080 3294 εὐχαριστῶμεν
1103 3218 1273 3290 αὐτῷ·
1298 3220 1358 3272 οὑ
1381 3216 1529 3291 [168]
1555 3218 1665 3288 γάρ
1694 3217 1920 3281 ἑκόντας
1953 3217 2048 3288 μό-

375 3330 486 3374 νον.
509 3312 645 3367 ἀλλὰ
681 3312 777 3365 καὶ
807 3310 1038 3373 ἄκοντας
1061 3304 1202 3361 οἶδεν
1233 3303 1293 3362 εὑ
1339 3309 1533 3360 ποιεῖν.
1567 3307 1744 3377 Ὅπερ
1769 3300 1861 3358 οῦν
1894 3305 1987 3359 καὶ
2018 3304 2048 3357 6

377 3400 590 3464 Παῦλος
632 3398 789 3462 εἰδὼς
819 3398 1050 3451 πάντοτε
1085 3396 1180 3449 καὶ⁵
1227 3397 1284 3448 ἐν
1330 3396 1496 3449 πᾶσιν
1532 3394 1874 3465 εὐχαριστεῖν
1909 3411 2050 3466 παρ·

377 3492 513 3564 ῄνει.
532 3491 651 3543 Ὀτι
676 3488 733 3542 δέ
753 3487 813 3541 οὐ
848 3488 1001 3557 κοινῇ
1024 3483 1238 3538 πάντων
1271 3483 1450 3554 μόνον,
1484 3481 1620 3536 ἀλλά
1651 3482 1745 3535 καὶ
1781 3480 1886 3553 ίδία
1916 3482 2047 3535 ἐκά-

381 3595 508 3632 στου
542 3576 787 3647 κήδεται,
819 3573 1096 3629 καὶτοῦτο
1129 3570 1294 3624 αὐτοῦ
1325 3570 1487 3625 πάλιν
1537 3570 1760 3624 ἀκούειν
1800 3568 2050 3640 λέγοντος

381 3668 548 3722 ἐστιν·
585 3668 705 3721 οὐκ
733 3664 866 3720 ἐστι
897 3663 1129 3732 θέλημα
1160 3661 1502 3732 ἔμπροσθεν
1533 3660 1640 3716 τοῦ
1689 3662 1919 3730 Πατρός
1929 3681 2050 3732 μου
2126 3714 2131 3717 _

380 3757 488 3811 τοῦ
527 3756 598 3810 ἐν
627 3752 925 3823 οὐρανοῖς,
954 3753 1057 3807 ἵνα
1081 3750 1381 3818 ἀπόληται
1412 3744 1500 3815 εἷς
1527 3746 1647 3804 τῶν
1668 3749 1898 3818 μικρῶν
1918 3751 2053 3805 τού.

381 3858 520 3898 των·
564 3843 694 3913 περὶ
707 3841 817 3896 τῶν
848 3839 1209 3895 πιστευόντων
1240 3839 1320 3900 είς
1357 3836 1518 3891 αὐτὸν
1567 3835 1761 3906 λέγων.
1796 3835 2053 3891 Βούλεται

387 3931 486 4002 μὲν
525 3929 635 4002 γάρ
663 3929 914 3993 καὶτοὺς
960 3927 1035 3999 μὴ
1075 3925 1431 3986 πιστεύοντας
1475 3923 1626 3994 αὐτῷ
1682 3925 1920 3997 σωθῆναι
1959 3942 2055 3995 με·

383 4017 816 4089 ταϐαλλομένους
835 4015 931 4070 καὶ
957 4013 1241 4068 πιστεῦσαι
1271 4011 1500 4076 πάντας,
1522 4009 1703 4076 καθὼς
1731 4011 1826 4065 καὶ
1862 4013 1891 4065 6
1910 4002 2058 4067 Παῦ-

384 4106 477 4171 λός
503 4122 686 4177 φησιν·
741 4107 847 4170 Ὃς
884 4102 1044 4159 θέλει
1091 4099 1323 4165 πάντας
1361 4097 1713 4167 ἀνθρώπους
1761 4098 2054 4167 σωθῆναι,

387 4195 489 4250 καὶ
513 4197 601 4260 είς
637 4193 967 4263 ἐπίγνωσιν
1013 4189 1297 4256 ἀληθείας
1350 4187 1572 4242 ἐλθεῖν·
1627 4188 1721 4242 καὶ
1784 4188 1947 4253 αὐτὸς
2001 4188 2059 4242 δὲ

388 4287 503 4349 τοῖς
529 4281 804 4343 Ἰουδαίοις
837 4280 1041 4348 ἔλεγεν·
1092 4280 1214 4332 Οὐκ
1256 4277 1449 4346 ἦλθον
1468 4275 1726 4330 καλέσαι
1763 4275 2056 4343 δικαίους,

388 4372 549 4428 ἀλλὰ
601 4367 987 4441 ἁμαρτωλοὺς
1014 4369 1101 4434 είς
1141 4364 1473 4431 μετάνοιαν·
1512 4365 1629 4428 καὶ,
1665 4363 1825 4417 πάλιν
1857 4363 1947 4418 διά
1965 4365 2059 4418 τοῦ

390 4460 691 4533 προφήτου,
716 4459 936 4511 Ἔλεον
960 4453 1242 4520 θέλω,καὶ
1273 4455 1345 4507 οῠ
1367 4452 1605 4506 θυσίαν.
1633 4453 1801 4506 Ὅταν
1828 4452 1885 4507 δέ
1925 4454 2060 4525 μηδὲ

389 4548 658 4620 τοσαύτης
709 4544 1022 4617 ἐπιμελείας
1062 4543 1464 4605 ἀπολαύσαντες
1487 4540 1782 4613 ἐθελήσωσι
1808 4542 2061 4610 γενέσθαι

398 4638 661 4710 βελτίους,
694 4637 788 4689 καὶ
826 4631 1122 4701 ἐπιγνῶναι
1168 4633 1267 4701 τὴν
1293 4629 1572 4700 ἀλήθειαν,
1607 4630 1730 4683 οὐδέ
1761 4629 1934 4694 οὑτως
1962 4631 2060 4685 αὐο

398 4726 524 4790 τοὺς
550 4726 794 4796 ἀφίησιν·
843 4723 958 4777 ἀλλ’
989 4721 1176 4790 ἐπειδὴ
1208 4720 1310 4790 τῆς
1355 4719 1609 4788 οὐρανίου
1647 4718 1794 4789 ζωῆς
1836 4720 2062 4782 ἑαυτοὺς

399 4813 616 4876 ἑκόντες
639 4809 1041 4881 ἀπεστέρησαν,
1071 4807 1139 4862 τά
1175 4806 1307 4876 γοῦν
1329 4807 1407 4869 είς
1431 4806 1524 4859 τὸν
1550 4806 1793 4878 παρόντα
1828 4805 1940 4876 βίον
1974 4805 2065 4858 αὐ-

395 4902 507 4963 τοῖς
531 4899 744 4953 ἅπαντα
776 4899 1019 4968 χορηγεῖ,
1052 4894 1143 4948 τὸν
1161 4893 1311 4966 ἥλιον
1341 4891 1644 4947 ἀνατέλλων
1676 4891 1768 4944 ἐπὶ
1795 4892 2063 4963 πονηροὺς

397 4988 491 5043 καὶ
519 4984 778 5054 ἀγαθοὺς,
825 4986 920 5037 καὶ
941 4982 1150 5053 βρέχων
1188 4979 1281 5033 ἐπὶ
1308 4978 1547 5043 δικαίους
1579 4978 1675 5032 καὶ
1704 4976 1939 5042 ἀδίκους,
1971 4978 2065 5032 καὶ

398 5077 470 5130 τά
516 5073 650 5130 ἀλλα
685 5073 901 5128 ἅπαντα
924 5070 995 5124 τὰ
1022 5069 1159 5141 πρὸς
1199 5067 1299 5139 τὴν
1329 5067 1585 5121 σύστασιν
1636 5066 1735 5136 τῆς
1782 5066 2066 5138 παρούσης

399 5162 675 5235 παρέχωνι
698 5161 865 5230 ζωῆς.
912 5160 975 5214 Et
1011 5158 1067 5213 δέ
1095 5155 1305 5229 ἐχθρῶν
1345 5154 1614 5226 τοσαύτην
1666 5157 1898 5208 ποιεῖται
1928 5156 2063 5226 πρό-

398 5268 567 5316 νοιαν,
592 5251 719 5313 τοὺς
754 5246 1109 5310 πιστεύοντας
1142 5244 1291 5315 αὐτῷ
1320 5243 1418 5298 καὶ
1466 5241 1867 5314 θεραπεύοντας
1904 5243 2066 5297 αὐτὸν

399 5339 543 5394 κατὰ
568 5337 797 5409 δύναμιν
840 5334 936 5407 τὴν
984 5332 1159 5388 αὐτῶν
1212 5331 1330 5395 πῶς
1379 5329 1698 5400 περιόψεταί
1746 5346 1906 5396 ποτε;
1952 5332 2066 5384 Οὐκ

401 5425 515 5480 ἐστι
544 5424 737 5487 ταῦτα,
777 5424 878 5476 οὐκ
908 5421 1075 5482 ἐστιν,
1098 5418 1211 5474 ἀλλ’
1238 5420 1296 5471 ἐν
1335 5418 1540 5471 πλείονι
1600 5418 1817 5470 πάντων
1843 5414 2066 5480 τούτους

402 5512 515 5587 εχει
548 5512 770 5584 σπουδῇ*
818 5508 1014 5579 ’Υμῶν
1045 5507 1175 5578 γὰρ,
1204 5507 1358 5576 φησὶ,
1391 5505 1489 5559 καὶ
1518 5508 1578 5559 αὶ
1614 5504 1816 5573 τρίχες
1842 5502 1953 5573 τῆς
1974 5520 2068 5558 κε-

403 5600 602 5674 φαλῆς
629 5600 819 5657 πᾶσαι
841 5598 1228 5669 ἠριθμημέναι
1251 5595 1431 5650 εἰσίν.

466 5711 492 5739 ³
515 5708 599 5759 Sic
616 5708 846 5763 Savilius,
867 5705 1102 5768 alque_i_la
1127 5702 1252 5768 le_g_it
1273 5699 1521 5768 iqterpges
1541 5699 1760 5768 _I_._atin_us.
1782 5699 1952 5768 Μοιζει.
1980 5713 2069 5768 νε-

408 5784 463 5845 ιρ
485 5769 608 5845 Θεοῦ
631 5772 719 5845 γὰρ
738 5773 769 5827 ἡ
794 5761 1002 5845 σύνιτε-τὶςζ
1023 5765 1138 5845 Mox.
1169 5761 1350 5845 Mprel:
1365 5761 1419 5845 es
1440 5761 1652 5845 Slaviligs
1669 5763 1719 5811 in
1741 5763 1963 5827 margine
1981 5762 2068 5811 αὐ-

405 5834 493 5889 τὴν
511 5824 849 5893 {mor-75609.01,
874 5829 1023 5880 SaV'il.
1051 5828 1099 5877 in
1128 5831 1267 5876 textu
1300 5825 1444 5883 αὐτὴν
1467 5824 1728 5885 ἐννοοῦμεν.

1127 379 1187 437 S.
1222 376 1507 433 JOANNIS
1543 374 2032 433 CHRYSOSTOMI
2071 372 2394 430 ARCHIEP.
2434 372 2988 431 CONSTANTINOP.

3680 364 3797 424 ‘38

2199 497 2271 557 ς’.
2307 491 2468 545 Ὥστε
2488 491 2616 546 ὅταν
2635 492 2894 564 ἐννοήσῃς
2910 490 2993 544 ὅτι
3009 488 3242 560 πατέρα,
3260 487 3354 541 καὶ
3369 485 3569 549 οίκίαν,
3585 483 3679 538 καὶ
3700 482 3796 553 φί-

2119 589 2263 655 λους,
2292 591 2387 645 καὶ⁵
2411 592 2709 661 συγγενεῖς,
2746 590 2839 644 καὶ⁵
2855 587 3083 643 πλοῦτον
3097 587 3323 656 ἄφατον,
3348 586 3444 640 καὶ
3468 584 3626 652 δόξαν
3653 582 3791 637 πολ-

2120 690 2217 763 λὴν
2247 690 2407 763 ῥίψας
2438 689 2548 744 ἀπὸ
2577 690 2685 744 τῶν
2701 689 2899 760 χειρῶν
2927 688 3015 742 διά
3042 688 3134 741 τὸν
3159 685 3413 757 Χριστὸν,
3441 682 3562 739 εἶτα
3590 681 3792 737 τοσαύ-

2120 802 2219 856 την
2253 784 2428 855 θλῖψιν
2457 785 2747 848 ὑπομένεις
2765 784 2879 848 νῦν,
2921 782 2996 854 μὴ
3024 781 3369 852 καταϐάλλῃς
3392 779 3605 833 σαυτόν·
3638 779 3696 845 ἐξ
3716 771 3794 832 ὧν

2122 883 2231 955 γάρ
2253 885 2286 954 ἡ
2304 881 2508 953 ἀπορία
2534 882 2773 937 τίκτεται
2802 879 3098 951 λογισμῶν,
3118 881 3182 932 ἐκ
3197 878 3307 931 τῶν
3323 877 3502 931 αὐτῶν
3523 875 3619 929 καὶ
3642 877 3676 945 ή
3691 875 3795 945 τῆς

2124 984 2355 1058 ἀπορίας
2372 985 2503 1055 ήμῖν
2524 983 2678 1037 ἐσται
2692 982 2863 1045 λύσις.
2884 980 3009 1044 Πῶς
3029 997 3045 1045 ;
3080 978 3367 1032 Ἀδύνατον
3381 973 3684 1046 ψεύσασθαι
3701 973 3795 1028 τὸν

2125 1078 2279 1137 Θεόν’
2310 1080 2676 1152 ἐπηγγείλατο
2704 1078 2760 1132 δέ
2777 1080 2888 1141 τοῖς
2917 1076 3091 1132 ταῦτα
3119 1072 3478 1130 καταλιποῦσι
3500 1072 3644 1142 ζωὴν
3663 1067 3798 1123 αίὼ-

2126 1204 2259 1242 νιον.
2300 1184 2605 1245 Κατέλιπες
2640 1179 2697 1232 δέ
2724 1181 2788 1233 σὺ
2820 1177 2996 1231 πάντα
3023 1176 3118 1230 καὶ
3144 1175 3458 1236 διέπτυσας*
3485 1171 3537 1226 τί
3556 1165 3648 1224 οὖν
3677 1171 3799 1222 ἐστι

2127 1286 2312 1340 λοιπὸν
2352 1284 2415 1337 τὸ
2442 1281 2647 1338 κωλύον
2680 1296 2739 1333 σε
2768 1279 2992 1351 θαρρεῖν
3033 1277 3172 1350 ὑπὲρ
3205 1275 3304 1345 τῆς
3349 1271 3729 1343 ὑποσχέσεωςς
3768 1270 3801 1321 6

2129 1388 2374 1461 κατέχων
2400 1402 2459 1438 σε
2489 1380 2794 1455 πειρασμὸς
2813 1379 2942 1443 νῦν;
2972 1380 3082 1432 Καὶ
3110 1377 3162 1432 τί
3193 1376 3350 1430 τοῦτο
3369 1373 3507 1444 πρὸς
3538 1370 3635 1442 τὴν
3664 1367 3801 1422 ὑπό-

2132 1501 2345 1557 σχεσιν;
2385 1483 2461 1536 Οὐ
2486 1481 2597 1552 γὰρ
2624 1477 2859 1534 ἐνταῦθα
2890 1475 2989 1548 τὴν
3016 1474 3232 1529 αἰώνιον
3262 1475 3397 1543 ἡμῖν
3428 1466 3804 1540 ἐπηγγείλατο

2130 1581 2296 1654 ζωήν·
2333 1581 2382 1633 εί
2406 1578 2465 1632 δέ
2496 1579 2589 1632 καὶ
2614 1574 2847 1630 ἐνταῦθα
2878 1573 2946 1627 τά
2969 1573 3067 1645 τῆς
3100 1569 3431 1639 ἐπαγγελίας
3461 1563 3801 1638 πληροῦσθαι

2130 1675 2511 1749 ἐμελλεν,οὐδέ
2529 1672 2703 1737 οὑτως
2725 1670 3010 1742 ἀσχάλλειν
3032 1669 3216 1740 ἐχρῆν·
3240 1666 3332 1719 τὸν
3350 1664 3459 1739 γὰρ
3479 1660 3679 1731 εὐλαϐῆ
3703 1658 3801 1714 καὶ

2130 1776 2320 1830 πιστὸν
2335 1775 2502 1846 ἀνδρα
2525 1771 2665 1826 οὐτω
2683 1769 2914 1842 βεϐαίως
2927 1766 3229 1821 διακεῖσθαι
3243 1763 3350 1835 χρὴ
3367 1761 3503 1834 πρὸς
3523 1758 3622 1823 τὰς
3636 1760 3802 1825 ἐπαγ-

2130 1873 2313 1944 γελίας
2336 1871 2429 1925 τοῦ
2463 1869 2618 1937 Θεοῦ,
2654 1868 2795 1922 ὥστε
2833 1865 2933 1920 κᾶν
2965 1863 3182 1918 ἐναντία
3216 1862 3409 1924 αὑταῖς
3437 1859 3693 1929 φαίνηται
3733 1853 3805 1908 τά

2132 1976 2412 2046 γινόμενα,
2439 1971 2572 2044 μηδὲ
2616 1968 2759 2025 οὑτω
2798 1965 3184 2037 ταράττεσθαι,
3231 1961 3365 2034 μηδὲ
3406 1955 3805 2028 ἀπογινώσκειν

2131 2070 2229 2141 τήν
2258 2065 2655 2134 ἐκϐασιν.”ορα
2676 2061 2834 2131 γοῦν·
2860 2061 2890 2113 6
2917 2058 3105 2122 πιστὸς
3136 2055 3385 2128 ’Δϐραάμ
3402 2053 3525 2106 τίνα
3551 2051 3647 2121 μὲν
3670 2047 3808 2100 ὑπό-

2136 2182 2321 2238 σχεσιν
2362 2163 2603 2229 ἐδέξατο,
2643 2162 2768 2215 τίνα
2805 2159 2861 2213 δὲ
2900 2158 3161 2231 πράττειν
3203 2150 3574 2225 ήναγκάζετο;
3612 2146 3676 2201 Ἦ
3706 2144 3810 2217 μὲν

2135 2264 2427 2334 ὑπόσχεσις
2470 2257 2538 2333 ἦν
2571 2259 2679 2314 ἀπὸ
2702 2258 2797 2312 τοῦ
2838 2255 3022 2311 Ἰσαὰκ
3051 2255 3230 2308 πᾶσαν
3259 2248 3562 2322 ἐμπλήσειν
3597 2245 3698 2314 τὴν
3736 2244 3813 2295 οί-

2137 2362 2431 2435 κουμένην,
2469 2360 2531 2413 τὸ
2563 2359 2621 2413 δέ
2656 2357 3005 2430 πρόσταγμα,
3055 2351 3218 2407 αὐτὸν
3270 2347 3461 2403 τοῦτον
3504 2340 3811 2398 καταθῦσαι

2136 2462 2227 2515 τὸν
2253 2459 2458 2523 Ἰσαὰκ,
2482 2457 2540 2524 ἐξ
2568 2449 2629 2510 οὗ
2655 2455 2844 2528 ἔμελλε
2872 2454 3020 2507 πᾶσα
3043 2447 3379 2522 πληροῦσθαι
3411 2447 3445 2517 ή
3482 2443 3573 2514 γῆ.
3591 2440 3656 2494 Τί
3683 2435 3811 2503 οὖνς

2138 2557 2385 2631 ἐθορύϐει
2413 2554 2570 2610 τοῦτο
2594 2553 2683 2607 τὸν
2715 2553 2959 2616 δίκαιον;
2994 2545 3257 2619 Οὐδαμῶς
3279 2563 3290 2575 ·
3323 2542 3459 2599 ἀλλά
3484 2541 3577 2595 καὶ
3611 2539 3813 2592 τοσαύ-

2136 2674 2237 2729 της
2275 2656 2569 2725 διαφωνίας
2600 2651 2769 2724 οὑσης
2800 2650 2895 2704 καὶ
2919 2648 3099 2721 μάχης
3130 2648 3197 2717 τῇ
3239 2642 3483 2697 κελεύσει
3529 2636 3666 2706 πρὸς
3709 2634 3819 2705 τὴν

2139 2754 2491 2825 ἐπαγγελίαν.
2516 2753 2616 2807 οὐκ
2639 2747 2933 2819 ἐταράχθη.
2967 2746 3087 2800 οὐδὲ
3120 2742 3435 2812 ίλιγγίασεν,
3461 2736 3584 2791 οὐδέ
3613 2730 3736 2787 εἶπέ
3762 2748 3816 2784 τι

2139 2852 2376 2907 τοιοῦτον
2397 2849 2837 2918 ἐκεῖνος·Ἔτερα
2855 2842 3234 2916 ἐπηγγείλατο,
3255 2837 3349 2892 καὶ
3366 2833 3531 2907 ἐτερά
3553 2847 3619 2903 με
3643 2827 3820 2899 πράτ-

2140 2968 2254 3004 τειν
2295 2947 2594 3018 ἀναγκάζει
2636 2944 2732 2998 νῦν
2763 2945 2792 2996 6
2820 2941 2953 3004 Θεὸς
2977 2959 2988 2972 ·
3021 2939 3131 2994 ἀπὸ
3164 2935 3260 2991 τοῦ
3299 2932 3490 2995 παιδὸς
3529 2927 3723 2982 τούτου
3754 2921 3820 2977 τὸ

2142 3046 2278 3101 πολύ
2331 3061 2422 3115 μοι
2458 3041 2568 3096 τῶν
2610 3039 2850 3108 ἐκγόνων
2895 3035 3163 3106 ὑπέσχετο
3210 3029 3448 3100 πλῆθος,
3488 3025 3585 3080 καὶ
3624 3020 3820 3076 τοῦτον

2144 3141 2488 3212 κατασφάξαι
2522 3137 2735 3192 κελεύει
2761 3133 2858 3188 νῦν
2878 3150 2890 3165 ο
2924 3131 3044 3195 πῶς
3069 3125 3163 3184 οὖν
3192 3126 3355 3181 τοῦτο
3384 3124 3558 3186 ἔσται,
3587 3120 3684 3190 τῆς
3740 3116 3822 3187 ρί-

2145 3239 2245 3311 ζης
2285 3234 2735 3308 ἐκκεκομμένης;
2777 3229 3056 3300 Ἠπάτησέ
3106 3245 3174 3300 με
3224 3226 3354 3297 ἀρα.
3390 3222 3485 3277 καὶ⁸
3519 3215 3819 3280 διέπαιξεν.

2146 3337 2311 3393 Οὐδὲν
2339 3333 2546 3388 τούτων
2574 3327 2747 3394 εἶπεν,
2776 3327 2889 3384 ἀλλ’
2919 3327 3040 3381 οὐδὲ
3068 3323 3317 3395 ἐνενόησε
3336 3339 3350 3352 ’
3374 3317 3523 3394 [169]
3548 3318 3643 3372 καὶ
3673 3315 3823 3388 μάλα

2147 3451 2211 3503 γε
2239 3431 2659 3494 είκότως.⁶’οταν
2696 3426 2805 3499 γάρ
2833 3425 2966 3488 Θεὸς
2988 3426 3017 3477 6
3048 3421 3472 3492 ὑπισχνούμενος
3500 3411 3557 3490 ᾖ,
3582 3413 3687 3469 κᾶν
3721 3429 3823 3483 μυ-

2152 3531 2244 3604 ρία
2273 3530 2403 3600 δοκῇ
2442 3527 2542 3599 τὴν
2575 3521 2907 3594 ἐπαγγελίαν
2939 3521 3207 3592 ἀναιρεῖν,
3241 3518 3302 3572 οὐ
3340 3514 3446 3588 χρὴ
3474 3508 3825 3584 θορυϐεῖσθαι

2151 3630 2281 3701 περὶ
2315 3626 2410 3681 τοῦ
2451 3625 2637 3688 τέλους
2656 3622 2777 3676 οὐδὲ
2801 3619 3183 3692 ἀμφισϐητεῖν.
3214 3615 3384 3670 Τοῦτο
3404 3612 3513 3685 γὰρ
3543 3609 3676 3665 αὐτὸ
3714 3607 3827 3678 μά-

2151 3700 2308 3779 λιστα
2338 3722 2437 3793 τῆς
2473 3719 2566 3775 τοῦ
2596 3719 2733 3773 Θεοῦ
2760 3716 3042 3787 δυνάμεως
3075 3713 3235 3784 ἐργον
3266 3711 3402 3773 ἐστὶ,
3433 3706 3600 3778 πόρον
3626 3705 3693 3756 ἐκ
3713 3700 3827 3754 τῶν

2153 3819 2376 3890 ἀπόρων
2404 3817 2604 3888 εὑρεῖν,
2634 3813 2884 3883 καθάπερ
2919 3812 2948 3864 6
2979 3808 3245 3881 μακάριος
3276 3806 3481 3866 ἐκεῖνος
3499 3800 3623 3853 τότε
3651 3796 3829 3864 ἐλογί-

2156 3916 2298 3983 ζετο.
2324 3913 2524 3984 Διόπερ
2552 3909 2716 3965 αὐτοῦ
2746 3906 3064 3976 κατεπλάγη
3083 3905 3183 3974 τὴν
3211 3902 3394 3955 πίστιν
3420 3899 3451 3952 ὁ
3478 3895 3708 3958 Παῦλος,
3730 3891 3828 3946 οῦ-

2155 4031 2265 4078 τως
2344 4009 2514 4064 είπών
2539 4023 2553 4038 °
2616 4008 2822 4062 Πίστει
2891 4002 3348 4073 προσενήνοχεν
3409 3993 3657 4065 Ἀϐραὰμ
3715 3989 3833 4044 τὸν

2171 4111 2377 4166 Ἰσαὰκ
2415 4102 2852 4174 πειραζόμενος,
2881 4100 2976 4154 καὶ
3008 4098 3100 4153 τὸν
3131 4093 3394 4168 μονογενῆ
3436 4088 3774 4163 προσέφερεν
3799 4088 3829 4140 6

2156 4203 2256 4268 τάς
2278 4199 2606 4271 ἐπαγγελίας
2627 4196 3025 4268 ἀναδεξάμενος
3042 4210 3056 4223 ·
3085 4192 3224 4248 αὐτά
3252 4192 3317 4264 δὴ
3347 4188 3519 4244 ταῦτα
3547 4182 3831 4258 ἐμφαίνων

2160 4300 2253 4356 καὶ
2284 4297 2673 4368 αἰνιττόμενος,
2699 4294 2842 4364 άπερ
2862 4290 3013 4346 εἶπον
3039 4288 3151 4359 ἐγὼ
3184 4288 3300 4343 νῦν.
3712 4306 3723 4315 ·

2232 4401 2349 4454 Οὐκ
2395 4400 2600 4460 ἐκεῖνος
2631 4395 2689 4448 δέ
2729 4394 2909 4466 μόνος,
2937 4391 3073 4447 ἀλλά
3097 4390 3192 4445 καὶ
3229 4393 3257 4445 ὁ
3281 4385 3470 4440 τούτου
3503 4383 3665 4437 πάλιν
3693 4379 3832 4435 ἀπό-

2161 4506 2318 4559 γονος
2345 4487 2542 4556 Ἰωσὴφ
2563 4483 2651 4538 διὰ
2683 4479 2893 4555 μακροῦ
2921 4480 3113 4553 χρόνου
3135 4478 3230 4532 καὶ
3256 4472 3466 4528 πολλῶν
3492 4469 3833 4559 πραγμάτων

2163 4558 2575 4644 κινδυνεύουσαν
2621 4570 2763 4644 ὁρῶν
2806 4570 2906 4641 τὴν
2960 4565 3313 4636 ἐπαγγελίαν,
3337 4563 3528 4636 ἔμενεν
3571 4558 3829 4629 ἀκλινήςδ

2162 4666 2302 4737 πρὸς
2355 4663 2460 4735 γὰρ
2509 4662 2598 4715 τὸν
2643 4658 3108 4729 ἐπαγγειλάμενον
3149 4652 3296 4725 ἐώρα
3340 4651 3531 4722 μόνον·
3565 4650 3615 4702 εί
3649 4646 3707 4700 δέ
3751 4648 3833 4709 είς

2164 4733 2536 4824 ἀνθρωπίνους
2565 4747 2834 4802 κατέπεσε
2868 4744 3185 4815 λογισμοὺς,
3224 4740 3317 4795 καὶ
3350 4739 3573 4806 ἀπέγνω
3597 4733 3690 4789 τοῦ
3739 4734 3833 4787 τέ-

2162 4821 2391 4904 λους.Ἦ
2424 4837 2522 4908 μὲν
2541 4836 2649 4908 γάρ
2673 4834 2944 4906 δειχθεῖσα
2972 4831 3094 4902 ϐψις
3134 4828 3284 4900 αὐτῷ
3322 4828 3415 4882 καὶ
3450 4825 3559 4878 τῶν
3587 4821 3832 4892 ἀδελφῶν

2165 4927 2259 4983 καὶ
2298 4926 2409 4980 τῶν
2438 4923 2858 4996 γεννησαμένων
2894 4921 2992 4992 τὴν
3026 4918 3394 4991 προσκύνησιν
3426 4912 3728 4987 προὺλεγε’
3764 4909 3836 4963 τά

2163 5016 2220 5070 δέ
2242 5014 2498 5086 γινόμενα
2524 5012 2586 5066 οὐ
2621 5010 2846 5065 τοιαῦτα
2867 5005 2957 5081 ῆν,
2997 5006 3133 5062 ἀλλά
3156 5004 3335 5076 πολλῷ
3360 5002 3568 5058 τούτων
3598 4999 3833 5069 ἀπέχον-

2163 5121 2253 5158 τα.
2293 5102 2517 5174 Πρῶτον
2551 5101 2650 5173 μὲν
2691 5098 2799 5170 γὰρ
2823 5098 2979 5152 αὐτοὶ
3000 5099 3051 5150 οί
3077 5095 3402 5168 προσκυνεῖν
3430 5090 3715 5163 μέλλοντες
3751 5088 3833 5151 είς

2164 5194 2366 5248 λάκκον
2392 5191 2554 5245 αὑτὸν
2585 5188 2932 5261 ἐμϐάλλουσι,
2950 5186 3047 5240 καὶ
3074 5183 3331 5255 ἀνδράσιν
3348 5178 3669 5250 ἀποδόμενοι
3698 5174 3834 5246 βαρ.

2166 5282 2354 5349 ϐάροις
2374 5282 2454 5343 είς
2475 5277 2760 5349 ἀλλοτρίαν
2779 5277 2875 5330 καὶ
2898 5275 3086 5345 πόρρω
3104 5271 3362 5342 κειμένην
3383 5268 3663 5339 πέμπουσι
3690 5263 3796 5333 γῆν
3815 5281 3830 5294 ’

2167 5370 2262 5424 καὶ
2311 5368 2483 5431 οὑτως
2528 5364 2746 5419 ἐναντία
2777 5365 2890 5427 τοῖς
2922 5360 3208 5432 δειχθεῖσιν
3245 5356 3421 5411 ἐδόκει
3463 5353 3534 5407 τά
3576 5351 3834 5421 γινόμενα

2167 5451 2327 5521 εἶναι,
2344 5455 2420 5519 ὡς
2451 5453 2546 5508 καὶ
2573 5452 2770 5515 αὐτοὺς
2793 5451 2918 5513 τοὺς
2948 5447 3165 5510 ἀθλίους
3192 5444 3434 5507 ἐκείνους
3468 5436 3836 5511 διαχλευάζειν

2168 5544 2326 5600 αὐτὸν
2373 5544 2467 5596 καὶ⁸
2514 5541 2722 5609 λέγειν·
2767 5537 2914 5592 Ἰδοὺ
2962 5535 3092 5606 γὰρ,
3140 5534 3327 5606 φησὶν,
3359 5534 3390 5585 ό
3425 5524 3838 5592 ἐνυπνιαστὴς

2166 5633 2395 5698 ἐκεῖνος
2423 5631 2658 5701 ἔρχεται
2677 5645 2691 5659 ο
2721 5625 2839 5681 νῦν
2873 5619 2991 5679 οὖν
3014 5622 3206 5687 δεῦτε,
3242 5617 3689 5683 ἀποκτείνωμεν
3727 5615 3840 5666 αὑ-

2169 5720 2294 5787 τὸν,
2347 5698 2463 5774 καὶ*
2485 5698 2758 5786 ῥίψωμεν
2796 5710 2985 5767 αὐτὸν
3022 5712 3111 5775 είς
3153 5708 3264 5763 ἕνα
3288 5704 3406 5759 τῶν
3446 5701 3712 5766 λάκκων,

2170 5785 2422 5878 ἐροῦμεν
2442 5822 2456 5836 ο
2490 5785 2725 5873 Θηρίον
2771 5801 3038 5871 πονηρὸν
3086 5796 3416 5867 κατέφαγεν
3461 5791 3680 5847 αὐτόν·
3737 5785 3845 5843 καὶ
