4116 6392
412 408 514 463 ιπτ

408 542 512 581 non
562 540 741 594 parem
784 524 953 578 solum
1004 539 1237 578 amorem
1269 523 1538 586 indicans,
1571 520 1664 577 sed
1689 519 1806 589 quia
1836 534 1987 573 sum-

408 634 509 670 nne
547 616 846 670 dilectionis
886 616 1186 683 exemplum
1230 613 1371 667 aliud
1426 629 1531 666 non
1586 612 1847 665 novimus.
1896 608 1990 663 lllo

410 719 584 763 tamen
638 709 883 777 exemplo
936 708 1105 774 majus
1142 706 1280 759 aliud
1329 705 1523 774 profert
1567 702 1766 765 Isaias,
1799 715 1989 768 nempe

383 801 593 854 .matris
655 814 775 868 quae
829 797 1189 852 misericordia
1240 811 1362 866 erga
1405 795 1610 864 prolem
1659 803 1863 864 patrem
1902 807 1989 845 su-

410 907 595 960 perare
665 892 838 957 solet,
890 890 970 945 sic
1037 889 1260 958 loquens
1303 907 1316 942 :
1365 887 1629 957 Numquid
1680 886 1991 940 obliuiscetur

408 982 586 1035 mulier
623 979 860 1052 infautuli
884 980 963 1033 sui
985 1021 1000 1044 ,
1030 988 1087 1033 ut
1124 995 1223 1032 non
1252 980 1542 1032 misereatur
1568 978 1674 1041 ﬁlio
1702 978 1835 1029 uteri
1869 976 1946 1029 sui
1967 976 1992 1028 ?

409 1071 516 1126 Sed
556 1080 599 1125 et
641 1072 687 1127 si
707 1068 801 1123 illa
839 1070 994 1124 oblita
1048 1071 1159 1140 ejus
1203 1070 1385 1140 fuerit.
1430 1084 1522 1139 ego
1566 1077 1731 1121 tamen
1775 1066 1847 1119 tui
1888 1082 1990 1118 non

407 1163 666 1217 obliviscar
690 1203 704 1227 ,
733 1162 854 1215 dicit
901 1160 1148 1214 Dominus
1197 1158 1354 1231 (Isai.
1385 1160 1474 1224 49,
1508 1157 1613 1229 15)
1663 1176 1675 1212 :
1704 1156 1990 1212 ostendens

412 1253 505 1307 Dei
549 1251 961 1307 misericordiam
999 1251 1222 1305 affectus
1249 1263 1435 1304 omnes
1474 1249 1742 1303 naturales
1786 1248 1987 1316 longis-

407 1347 540 1399 sime
562 1344 840 1399 excedere.
873 1344 941 1397 Et
969 1344 1243 1413 prophetae
1282 1342 1494 1412 quidem
1527 1341 1603 1395 sic
1630 1359 1643 1394 :
1676 1342 1788 1410 ipse
1814 1348 1988 1393 autem

406 1436 681 1502 Christus,
712 1451 833 1489 cum
862 1434 1060 1490 Jndaeis
1102 1435 1409 1502 loqueretur
1431 1473 1445 1495 ,
1477 1433 1650 1486 aiebat
1683 1448 1695 1483 :
1727 1431 1787 1485 Si
1826 1438 1991 1482 autem

408 1543 493 1580 ros
517 1544 629 1581 cum
654 1529 760 1581 sitis
786 1526 908 1579 mali
931 1567 947 1592 ,
974 1526 1131 1578 nostis
1154 1525 1283 1577 bona
1312 1525 1432 1577 data
1461 1526 1582 1575 dare
1621 1522 1741 1589 ﬁliis
1765 1519 1948 1587 [vestris
1970 1560 1985 1584 ,

406 1630 591 1690 quanto
637 1619 798 1690 magis
845 1617 997 1671 Pater
1038 1628 1194 1671 vester
1242 1615 1451 1670 carlestis
1480 1613 1615 1667 dabit
1645 1613 1776 1666 bona
1818 1620 1989 1681 peten-

409 1714 537 1766 tibus
577 1728 631 1765 se
683 1711 909 1784 (Matth.
953 1712 1006 1766 7.
1058 1711 1116 1764 ll
1146 1709 1207 1779 )‘l
1244 1709 1372 1763 nihil
1423 1708 1659 1777 profecto
1710 1705 1851 1759 aliud
1894 1721 1990 1775 per

409 1802 510 1856 ista
541 1802 876 1871 signiﬁcans,
911 1800 1009 1855 nisi
1040 1810 1240 1854 tantam
1271 1814 1393 1854 esse
1420 1799 1614 1853 divinae
1640 1796 1989 1868 providentiae

406 1906 461 1951 et
490 1894 886 1964 gubernationis
916 1904 1150 1963 paternae
1178 1892 1530 1947 differentiam
1552 1933 1567 1956 ,
1596 1898 1856 1961 quantum
1904 1891 1986 1943 in-

409 1994 576 2041 terest
608 1986 747 2039 inter
775 1986 943 2039 bonos
983 1992 1037 2039 et
1072 1985 1260 2039 malos.
1293 1983 1493 2038 Verum
1534 1998 1707 2052 neque
1736 1980 1990 2035 hactenus

406 2087 515 2132 stes
536 2078 710 2141 velim,
740 2078 832 2131 sed
859 2086 1035 2132 mente
1060 2077 1124 2129 ad
1146 2075 1395 2129 ulteriora
1425 2073 1763 2144 progredere.
1786 2073 1913 2127 Nam
1937 2072 1988 2126 id

407 2182 616 2238 quoque
644 2182 740 2235 pro
769 2176 926 2236 captu
971 2178 1024 2221 et
1069 2165 1227 2219 modo
1275 2174 1365 2218 tuo
1406 2164 1605 2218 dictum
1633 2174 1714 2217 est
1751 2180 1763 2215 :
1795 2163 1989 2231 quippe

414 2259 559 2328 :ujus
589 2259 935 2327 intelligentia
965 2266 1045 2312 est
1075 2257 1301 2323 inﬁnita,
1332 2264 1386 2310 et
1410 2256 1622 2309 bonitas
1650 2254 1892 2309 similiter
1910 2262 1989 2307 at-

409 2367 519 2419 que
546 2351 828 2405 clementia
859 2366 981 2420 erga
1009 2349 1272 2403 homines.
1311 2347 1461 2414 Quod
1502 2347 1546 2402 si
1592 2347 1728 2401 hanc
1755 2362 1846 2415 per
1875 2347 1986 2399 sin-

406 2441 525 2511 gula
555 2457 675 2510 quae
706 2443 839 2494 liunt
858 2455 962 2495 non
998 2439 1366 2510 perspicimus,
1397 2447 1451 2492 et
1480 2439 1578 2492 hoc
1605 2440 1813 2507 signum
1842 2437 1984 2491 illius

408 2532 685 2585 inﬁnitatis
721 2539 824 2586 est.
860 2531 1093 2585 Plurima
1121 2531 1262 2585 enim
1304 2539 1357 2584 et
1388 2545 1575 2599 magna
1605 2530 1843 2600 quotidie
1888 2544 1985 2598 pro

407 2632 591 2678 nostra
623 2624 793 2679 salute
837 2623 1113 2693 disponit,
1155 2639 1273 2694 qua:
1315 2624 1412 2692 ipsi
1443 2623 1542 2677 soli
1588 2632 1709 2677 sunt
1754 2622 1984 2693 cognita.

411 2717 543 2784 Quia
584 2717 726 2771 enim
775 2716 1031 2770 bonitatis
1075 2730 1185 2769 suae
1208 2716 1375 2785 gratia
1423 2715 1602 2783 generi
1634 2723 1816 2768 nostro
1840 2714 1978 2767 bona

409 2807 652 2877 largitur,
681 2806 810 2860 nihil
833 2806 1030 2859 nostris
1054 2805 1294 2876 indigens
1316 2805 1577 2869 laudibus,
1607 2804 1855 2875 nullaque
1880 2804 1981 2857 alia

414 2898 850 2952 remuneratione
872 2912 1005 2967 opus
1032 2896 1257 2961 habens,
1289 2896 1513 2965 plurima
1543 2911 1640 2949 nos
1669 2896 1833 2949 latere
1864 2910 1987 2963 per—

411 2990 591 3043 tnittit.
619 2987 721 3042 Sed
753 2996 807 3043 et
850 2989 892 3041 si
925 2987 1206 3055 aliquando
1247 2986 1358 3039 haec
1389 2987 1609 3051 revelat,
1641 2995 1697 3041 et
1738 2984 1867 3040 illud
1894 2999 1989 3038 n0-

408 3093 531 3135 strae
558 3080 797 3134 utilitatis
837 3094 995 3133 causa
1027 3078 1171 3143 facit,
1203 3088 1259 3132 ut
1293 3080 1490 3148 gratias
1519 3079 1595 3132 illi
1626 3093 1836 3147 semper
1886 3078 1981 3132 ha-

409 3172 596 3226 bentes
624 3213 637 3233 ,
674 3170 903 3239 amplius
946 3168 1099 3223 nobis
1143 3168 1472 3223 attrahamus
1519 3169 1657 3223 illius
1707 3168 1983 3223 auxilium.

409 3263 529 3319 Non
558 3263 721 3331 igitur
765 3261 834 3317 de
881 3261 965 3315 his
995 3261 1168 3315 solum
1215 3276 1333 3330 quae
1364 3261 1608 3315 novimus
1634 3301 1648 3324 ,
1692 3260 1794 3315 sed
1817 3259 1885 3314 de
1923 3261 1989 3315 iis

415 3356 579 3409 etiam
616 3369 733 3424 quae
770 3354 1037 3408 nescimus
1061 3393 1075 3417 ,
1120 3353 1317 3421 gratias
1347 3352 1422 3406 illi
1453 3350 1777 3405 referamus:
1819 3366 1989 3419 neque

411 3450 555 3503 enim
584 3448 824 3502 volentes
854 3447 1048 3511 solum,
1075 3460 1259 3499 verum
1307 3444 1501 3497 invitos
1542 3457 1754 3513 quoque
1782 3442 1987 3496 beneﬁ-

408 3543 506 3597 ciis
534 3540 811 3596 consuevit
835 3537 1071 3592 afﬁcere.
1102 3534 1254 3602 Quod
1284 3535 1480 3589 Paulus
1500 3550 1619 3589 cum
1641 3534 1820 3598 sciret,
1849 3548 1990 3586 sem-

407 3648 504 3702 per
524 3642 575 3687 et
600 3632 652 3687 in
681 3630 928 3685 omnibus
943 3629 1140 3699 gratias
1169 3642 1326 3697 agere
1350 3627 1618 3681 monebat.
1641 3626 1790 3692 Quod
1813 3634 1989 3679 autem

408 3739 513 3776 non
559 3721 915 3777 communiter
961 3720 1133 3774 solum
1191 3718 1429 3773 omnium
1480 3732 1663 3773 curam
1723 3719 1875 3786 gerit,
1897 3718 1990 3771 sed

407 3828 651 3867 seorsum
698 3812 1027 3881 singulorum
1054 3851 1068 3875 ,
1116 3811 1286 3879 ipsum
1317 3810 1501 3864 audias
1526 3810 1650 3864 licet
1675 3809 1943 3864 dicentem
1972 3826 1987 3860 :

410 3903 534 3958 Non
562 3913 634 3957 est
661 3905 891 3957 voluntas
934 3920 1104 3956 coram
1136 3901 1288 3955 Patre
1313 3919 1419 3955 meo
1444 3905 1526 3972 qui
1552 3903 1604 3955 in
1647 3902 1780 3955 cretis
1802 3912 1892 3965 est,
1937 3910 1991 3954 ut

410 4006 579 4067 pereat
623 4013 752 4050 unus
781 3996 842 4049 de
886 3994 1083 4064 pusillis
1125 3995 1234 4048 istis
1263 3996 1280 4063 (
1309 3994 1495 4047 Matth.
1545 3994 1631 4047 l8.
1666 3991 1766 4065 14)
1788 4035 1801 4058 ,
1834 3993 1899 4046 de
1928 3992 1991 4045 iis

407 4088 593 4142 dicens
615 4128 629 4152 ,
665 4086 756 4155 qui
787 4090 841 4139 in
870 4086 1013 4139 illum
1044 4084 1294 4139 credunt.
1317 4083 1472 4152 Cupit
1525 4084 1637 4153 ipse
1681 4083 1893 4152 quidem
1938 4092 1992 4135 et

406 4193 501 4232 eos
521 4179 608 4248 qui
636 4192 739 4231 non
766 4176 995 4231 credunt
1023 4176 1198 4229 salvos
1221 4174 1356 4238 ﬁeri,
1384 4175 1682 4243 mutarique
1704 4174 1755 4226 in
1781 4172 1989 4235 melius,

407 4277 462 4334 et
487 4268 707 4324 credere
731 4310 747 4335 ,
796 4270 935 4322 sicut
978 4268 1174 4322 Paulus
1205 4267 1314 4319 ait:
1347 4265 1447 4331 Qui
1472 4267 1575 4318 uult
1619 4281 1789 4317 omnes
1828 4266 1992 4317 salvos

408 4364 539 4431 ﬁeri,
570 4371 615 4416 et
645 4362 712 4415 ad
731 4363 1036 4432 agnitionem
1063 4360 1282 4413 ueritatis
1303 4365 1467 4414 venire
1493 4359 1568 4425 (l.
1587 4356 1719 4410 Tim.
1742 4357 1796 4409 2.
1816 4357 1894 4425 4).
1926 4356 1993 4409 Et

410 4460 522 4527 ipse
548 4456 611 4511 ad
639 4455 883 4510 Iudaeos:
916 4453 1036 4507 Non
1088 4452 1195 4506 veni
1224 4467 1400 4504 vocare
1423 4452 1610 4521 justas,
1650 4450 1738 4503 sed
1763 4459 1992 4519 peccato-

408 4565 488 4602 res
529 4547 597 4601 ad
640 4546 980 4615 paenitentiam
1024 4544 1042 4613 (
1070 4542 1257 4596 Matth.
1290 4541 1342 4595 9.
1376 4542 1442 4597 15
1465 4540 1514 4611 );
1560 4550 1614 4594 et
1643 4554 1735 4609 per
1762 4540 1991 4607 prophe-

410 4651 546 4703 tam,
579 4636 983 4691 Misericordimn
1013 4636 1144 4699 rolo,
1171 4644 1216 4688 et
1246 4652 1347 4689 non
1399 4631 1700 4699 sacriﬁcium
1744 4629 1909 4701 (Osee
1937 4630 1990 4683 6.

412 4743 447 4787 υ
472 4734 510 4800 ).
541 4732 610 4784 At
638 4744 767 4783 vero
794 4730 837 4781 si
872 4738 989 4795 post
1034 4736 1197 4779 tanta:
1226 4740 1368 4780 curae
1396 4740 1459 4777 ac
1488 4720 1830 4792 providentiae
1860 4719 1992 4773 frui-

414 4823 610 4876 tionem
642 4819 911 4891 noluerint
933 4818 1184 4872 meliores
1214 4816 1360 4879 ﬁeri,
1411 4814 1794 4881 veritatemque
1832 4825 1994 4880 agno-

410 4930 585 4980 scere,
607 4928 675 4967 ne
696 4913 772 4965 sic
789 4911 1001 4981 quidem
1025 4912 1141 4964 illos
1162 4910 1378 4973 deserit,
1403 4907 1494 4962 sed
1516 4906 1761 4976 quoniam
1783 4913 1992 4959 aeterna:

412 5007 534 5059 vitae
565 5004 977 5073 participatione
1020 5002 1117 5072 ipsi
1147 5017 1205 5056 se
1230 5016 1325 5054 sua
1357 5008 1545 5068 sponte
1590 4998 1882 5067 privarunt,
1909 4995 1993 5049 vel

412 5095 694 5165 praesentis
719 5094 843 5147 vitae
866 5093 1019 5147 bonae
1048 5092 1152 5145 illis
1178 5092 1353 5143 omnia
1381 5090 1616 5157 largitur,
1648 5086 1815 5142 solem
1839 5100 1992 5140 suum

413 5190 540 5243 oriri
568 5187 771 5242 faciens
812 5202 973 5257 super
1000 5186 1171 5239 bonos
1194 5194 1249 5238 et
1288 5185 1456 5238 malos
1481 5224 1494 5247 ,
1526 5190 1579 5235 et
1606 5180 1793 5251 pluens
1835 5194 1994 5248 super

408 5290 579 5352 pastos
605 5291 658 5334 et
688 5279 931 5348 injustas,
969 5278 1175 5345 aliaque
1202 5285 1462 5345 praestans
1483 5288 1601 5342 quae
1625 5270 1691 5325 ad
1720 5273 1995 5341 praesentis

413 5374 535 5425 vitae
560 5380 753 5424 statum
782 5369 1069 5438 pertinent.
1098 5366 1252 5434 Quod
1282 5367 1327 5420 si
1355 5364 1581 5418 inimicis
1611 5378 1824 5433 quoque
1851 5371 1993 5415 tanta

415 5479 540 5518 cura
571 5463 839 5532 prospicit,
872 5460 1055 5514 ﬁdeles
1075 5474 1219 5524 suos,
1241 5468 1294 5511 et
1313 5457 1401 5527 qui
1434 5455 1554 5509 totis
1573 5455 1623 5509 ei
1646 5454 1842 5507 viribus
1884 5469 1997 5505 ser-

419 5558 569 5612 viunt
591 5599 606 5624 ,
654 5556 920 5626 quomodo
962 5568 1209 5623 umquam
1240 5549 1581 5606 contemnet?
1604 5547 1718 5601 Non
1749 5548 1816 5601 ita
1842 5587 1857 5611 ,
1890 5562 1993 5598 non

419 5649 488 5703 ita
511 5660 624 5711 est;
657 5663 839 5701 verum
868 5648 997 5700 istos
1019 5644 1249 5698 maxime
1268 5658 1331 5697 ex
1356 5641 1602 5696 omnibus
1632 5638 1791 5693 fovet.
1834 5636 1996 5691 Vestri

420 5742 560 5796 enim
587 5783 601 5806 ,
654 5742 857 5810 inquit,
890 5747 933 5793 et
955 5737 1127 5808 capilli
1155 5734 1334 5806 capitis
1379 5748 1549 5787 omnes
1596 5730 1843 5785 numerati
1880 5740 1995 5784 sunt

422 5833 587 5906 (Luc.
619 5831 700 5888 ιε.
739 5830 834 5902 7).

1289 408 1379 462 AD
1417 405 1785 463 STAGIRIUM
1826 406 1867 458 Α
1900 401 2192 459 ΒᾹΞΜΟΝΕ
2236 406 2562 464 VEXATUM
2626 409 2748 464 LIB.
2794 411 2810 464 l

3562 419 3662 471 ΕΒ

2168 521 2219 574 6.
2250 520 2521 577 Promissis
2547 523 2635 577 Dei
2656 524 2975 578 credendum.
3006 556 3076 566 —-
3101 528 3317 594 Quoties
3343 545 3467 601 ergo
3491 532 3582 585 tibi
3609 535 3656 587 ir.

2096 621 2327 666 mentem
2350 614 2489 668 venit
2515 624 2756 683 parentes
2774 624 2844 680 te,
2867 626 2919 671 et
2933 618 3416 687 patriam,domum,
3437 623 3652 689 amicos,

2099 706 2441 775 propinquos,
2471 721 2702 777 opesque
2731 708 3052 775 innumeras,
3078 718 3132 764 et
3154 711 3375 780 gloriam
3406 714 3548 769 illam
3581 717 3659 769 in-

2099 805 2307 866 gentem
2334 797 2591 866 abjecisse
2617 807 2828 868 propter
2851 799 3141 866 Christum,
3161 804 3455 875 deindcque
3482 805 3665 877 hujus-

2098 888 2241 942 modi
2269 891 2599 945 vexationem
2628 896 2755 959 pati,
2782 891 2888 945 noli
2913 892 3140 962 dejicere
3168 896 3414 965 teipsum.
3433 897 3561 951 Nam
3592 915 3659 953 ex

2098 981 2289 1047 quibus
2313 981 2682 1050 cogitationum
2704 981 2963 1038 haesitatio
2983 984 3300 1054 gignitur,ex
3318 987 3519 1042 eisdem
3546 1005 3662 1043 rur-

2097 1086 2190 1124 sus
2210 1072 2464 1150 solvetur.
2485 1073 2734 1141 Quonam
2770 1077 2965 1133 modo?
2984 1078 3320 1150 lmpossibile
3347 1091 3429 1138 est
3456 1081 3669 1137 mentiri

2094 1163 2644 1234 Deum(chr.6.l8):
2666 1164 2908 1233 promisit
2928 1174 3102 1219 autem
3126 1165 3210 1218 ille
3228 1167 3388 1220 vitam
3409 1176 3661 1221 aeternam

2100 1252 2199 1305 ista
2226 1251 2659 1320 relinquentibus.
2700 1254 2978 1324 Reliquisti
3006 1264 3057 1309 tu
3087 1258 3262 1310 omnia
3293 1258 3419 1325 ista,
3441 1267 3494 1313 et
3516 1259 3663 1329 abje-

2095 1340 2211 1394 cisti
2231 1341 2381 1407 :quid
2406 1343 2561 1412 igitur
2581 1344 2823 1413 prohibet
2846 1346 2911 1400 de
2932 1348 3229 1416 hujusmodi
3250 1351 3515 1405 conﬁdere
3538 1367 3663 1421 pro-

2094 1432 2388 1487 missione?
2413 1450 2537 1487 num
2560 1450 2619 1489 ea
2642 1451 2743 1505 qua
2772 1452 2910 1491 nunc
2929 1439 3168 1506 probaris
3194 1440 3439 1495 tentatio?
3460 1441 3525 1496 Et
3550 1443 3662 1497 haec

2096 1523 2160 1577 ad
2190 1524 2593 1592 promissionem
2613 1526 2776 1595 quid?
2800 1526 2913 1581 Non
2933 1531 3072 1582 enim
3097 1529 3179 1583 hic
3207 1538 3454 1585 aeternam
3482 1548 3662 1602 repro-

2100 1613 2242 1667 misit
2262 1613 2422 1667 vitam
2445 1632 2457 1667 :
2477 1616 2582 1669 imo
2599 1632 2723 1670 vero
2744 1616 2787 1671 si
2805 1617 2855 1671 in
2878 1619 3032 1672 terris
3047 1636 3254 1689 quoque
3269 1622 3526 1690 ejusmodi
3552 1639 3662 1693 pro-

2097 1704 2560 1774 missioimplenda
2591 1716 2750 1772 esset,
2784 1724 2850 1763 ne
2891 1711 2969 1763 sic
3007 1710 3219 1779 quidem
3248 1727 3387 1782 azgre
3406 1712 3543 1768 ferre
3572 1716 3662 1769 de-

2097 1793 2307 1861 bueras,
2322 1797 2581 1866 siquidem
2598 1797 2805 1853 ﬁdelem
2821 1815 2883 1853 ac
2898 1802 3197 1870 religiosum
3215 1805 3383 1857 virum
3402 1805 3663 1859 adeocon-

2093 1895 2298 1941 stanter
2340 1896 2394 1942 et
2434 1887 2656 1943 ﬁrmiter
2681 1891 2938 1960 promissa
2977 1891 3067 1946 Dei
3094 1901 3275 1948 tenere
3313 1897 3578 1959 convenit,
3608 1908 3663 1951 ut

2092 1979 2469 2048 quantumlibet
2486 1980 2703 2036 ell'ectns
2718 1984 3015 2037 contrarios
3031 1985 3267 2054 aspiciat,
3282 2002 3348 2040 ne
3361 1988 3435 2041 sic
3448 1989 3661 2057 quidem

2095 2071 2453 2140 perturbetur,
2502 2089 2672 2143 neque
2712 2074 2957 2144 desperet
2984 2086 3247 2130 eventum.
3280 2078 3488 2133 Intuere
3511 2079 3660 2134 deni-

2093 2176 2195 2230 que
2233 2162 2527 2232 cujusmodi
2557 2164 2984 2232 pollicitationem
3015 2165 3186 2221 ﬁdelis
3215 2167 3479 2223 Abraham
3506 2185 3659 2224 acce—

2093 2253 2249 2321 perit,
2282 2262 2335 2307 et
2360 2253 2535 2323 qualia
2562 2253 2735 2309 facere
2766 2257 2832 2309 sit
2852 2256 3050 2324 jussus.
3083 2256 3212 2311 Nam
3242 2259 3523 2327 promissio
3547 2262 3664 2329 qui.

2091 2345 2210 2399 dem
2236 2354 2371 2410 erat,
2394 2363 2459 2400 ex
2482 2347 2625 2400 Isaac
2648 2348 2968 2416 implendum
2985 2364 3104 2403 esse
3130 2351 3310 2404 orbem
3334 2352 3659 2417 universum,

2087 2435 2256 2503 jussio
2285 2445 2458 2489 autem
2489 2435 2628 2491 hunc
2652 2437 2822 2505 ipsum
2854 2436 2999 2492 Isaac
3036 2439 3309 2493 immolare
3335 2441 3568 2510 urgebat,
3595 2456 3660 2500 ex

2090 2542 2195 2596 quo
2223 2528 2365 2581 orbis
2395 2535 2533 2581 totus
2562 2538 2675 2582 erat
2701 2528 3019 2598 implendus.
3051 2529 3186 2597 Quid
3227 2531 3424 2600 igitur?
3454 2532 3661 2586 istudne

2093 2618 2416 2686 perturbavit
2454 2618 2653 2687 justum
2698 2620 2910 2672 virum?
2950 2619 3160 2674 Minime
3199 2637 3345 2688 vero,
3396 2623 3502 2676 imo
3540 2638 3660 2677 cum

2093 2719 2233 2764 tanta
2262 2711 2590 2765 dissonantia
2634 2722 2688 2766 et
2714 2714 3057 2782 repugnantia
3084 2724 3225 2768 esset
3254 2717 3501 2784 praecepti
3538 2730 3657 2771 cum

2094 2802 2372 2868 promisso,
2415 2816 2520 2855 non
2569 2802 2807 2857 turbatus
2837 2813 2936 2870 est,
2968 2820 3139 2874 neque
3177 2805 3457 2870 haesitavit,
3491 2822 3661 2877 neque

2091 2891 2287 2961 aliquid
2318 2891 2618 2961 hujusmodi
2648 2894 2895 2963 loquutus
2940 2904 3022 2949 est
3051 2911 3065 2947 :
3095 2896 3209 2951 Alia
3263 2899 3502 2966 promisit
3533 2901 3659 2955 mihi

2094 2983 2252 3048 Deus,
2294 2984 2397 3037 alia
2426 2984 2601 3039 facere
2634 2986 2785 3055 jubet
2816 3005 2827 3039 :
2861 3002 2925 3041 ex
2957 3003 3120 3057 puero
3170 2990 3271 3045 isto
3300 3001 3547 3060 nepotum
3579 2995 3661 3046 in-

2090 3084 2299 3143 gentem
2328 3072 2717 3130 multitudinem
2740 3077 2866 3130 mihi
2889 3080 3219 3146 promiserat,
3242 3090 3297 3136 et
3326 3081 3463 3136 hunc
3490 3083 3659 3153 ipsum

2096 3165 2256 3220 modo
2281 3181 2471 3221 necare
2494 3167 2621 3220 mihi
2651 3169 2928 3237 praecipit?
2956 3170 3221 3240 quomodo
3249 3172 3405 3242 igitur
3432 3172 3533 3228 hoe
3557 3178 3657 3229 erit

2092 3257 2266 3310 excisa
2298 3257 2516 3311 radice?
2541 3257 2750 3312 Felellit
2790 3274 2873 3312 me
2911 3260 3067 3329 igitur
3093 3272 3250 3330 atque
3275 3262 3487 3317 delusit.
3516 3264 3659 3321 Nihil

2091 3364 2309 3419 prorsus
2336 3349 2639 3419 hujusmodi
2668 3352 2913 3420 loquutus
2930 3360 3029 3416 est,
3057 3354 3150 3407 sed
3180 3370 3247 3408 ne
3269 3357 3515 3424 cogitavit
3539 3360 3658 3427 qui-

2085 3440 2229 3496 dem:
2249 3449 2302 3497 et
2319 3442 2671 3498 meritosane.
2689 3443 2823 3496 Cum
2839 3443 2982 3497 enim
3005 3441 3146 3497 Deus
3165 3443 3365 3514 aliquid
3384 3446 3659 3513 pollicitus

2086 3531 2270 3598 fuerit,
2296 3534 2508 3589 etiamsi
2535 3533 2700 3586 millia
2722 3534 2832 3588 sint
2852 3549 2972 3603 quae
2991 3535 3438 3605 pollicitationem
3463 3537 3657 3593 tollere

2083 3622 2399 3688 videantur,
2428 3624 2635 3678 turbari
2655 3624 2879 3679 minime
2896 3626 3173 3688 convenit,
3201 3635 3295 3680 aut
3318 3626 3386 3681 de
3418 3626 3522 3681 ﬁne
3551 3629 3657 3681 du-

2085 3714 2282 3769 bitare.
2303 3718 2418 3769 Hoc
2437 3717 2581 3771 enim
2605 3714 2838 3771 maxime
2856 3717 2945 3771 Dei
2964 3718 3265 3787 potentiam
3284 3721 3657 3775 commendato

2085 3802 2213 3857 dum
2249 3803 2301 3858 in
2336 3805 2503 3861 rebus
2531 3807 2801 3876 ambiguis
2829 3807 3036 3861 exitum
3068 3808 3305 3877 reperit;
3337 3810 3498 3865 sicuti
3523 3820 3656 3868 tunc

2083 3896 2275 3951 beatus
2292 3897 2381 3951 ille
2397 3913 2581 3953 secum
2598 3900 2901 3967 reputabat.
2915 3898 3184 3965 Quocirca
3204 3900 3361 3956 ﬁdem
3382 3902 3529 3960 illius
3550 3919 3664 3959 ma.

2086 3990 2228 4045 xime
2247 3991 2527 4044 admirans
2542 3989 2767 4053 Paulus,
2782 3990 2960 4045 aiebat
2981 4009 2993 4043 :
3018 3988 3150 4045 Fide
3172 3991 3360 4045 obtulit
3384 3994 3655 4049 Abraham

2088 4080 2244 4136 Isaac
2259 4084 2383 4134 dum
2402 4080 2920 4151 tentaretur(llebr.l
2938 4082 3015 4135 l-l
3028 4082 3655 4155 7),unigenitumqueﬂol—

2084 4174 2464 4243 lerebatis,qui
2484 4173 2871 4242 promissiones
2883 4176 3304 4243 acceperatzha-e
3320 4177 3434 4247 ipsa
3448 4178 3659 4231 scilicet

2096 4259 2367 4313 insinuans
2386 4268 2540 4327 atque
2560 4258 2915 4324 subindicans,
2936 4275 3053 4328 quae
3071 4275 3206 4312 nunc
3223 4274 3251 4311 a
3269 4275 3353 4313 me
3368 4261 3659 4314 suntdicta.

2165 4374 2375 4442 Joscphi
2415 4373 2641 4441 exemplo
2664 4389 2768 4426 rem
2789 4372 3028 4425 illustrat.
3056 4401 3126 4412 —
3149 4372 3262 4425 Neu
3287 4372 3444 4427 modo
3488 4383 3661 4427 autem

2097 4468 2228 4537 ipse,
2258 4483 2439 4520 verum
2470 4466 2635 4535 ipsius
2659 4478 2870 4533 quoque
2899 4478 3163 4532 pronepos
3187 4463 3402 4532 Josepb,
3429 4480 3549 4518 cum
3573 4481 3664 4533 per

2098 4560 2308 4627 longum
2352 4565 2557 4624 tempus
2595 4564 2648 4609 et
2674 4555 2849 4608 varios
2890 4569 3044 4608 casus
3087 4555 3491 4623 promissionem
3524 4556 3662 4624 peri-

2097 4650 2264 4705 clitari
2317 4649 2671 4718 perspiceret,
2725 4644 3006 4701 immobilis
3064 4647 3332 4716 perstitit:
3365 4648 3477 4701 sola
3518 4648 3660 4702 enim

2099 4742 2355 4811 promissa
2385 4741 2704 4794 intuebatur.
2734 4739 2882 4807 Quod
2913 4739 2955 4793 si
2988 4738 3230 4793 humanis
3258 4740 3661 4809 cogitationibus

2098 4837 2271 4890 locum
2294 4834 2545 4900 dedisset,
2568 4833 2635 4888 de
2664 4833 2769 4888 ﬁne
2798 4833 3150 4901 desperasset.
3173 4831 3303 4886 Nam
3333 4843 3543 4887 ostensa
3566 4833 3665 4886 sibi

2098 4927 2231 4981 visio
2255 4936 2311 4980 et
2334 4924 2550 4979 fratrum
2582 4934 2636 4979 et
2665 4933 2942 4994 parentum
2984 4923 3342 4977 adorationem
3374 4924 3664 4992 polliceba-

2099 5030 2183 5074 tur
2208 5038 2221 5075 :
2248 5035 2365 5089 qua:
2390 5034 2517 5073 vero
2546 5017 2620 5071 illi
2655 5016 3049 5085 contingebant,
3081 5030 3184 5068 non
3213 5024 3363 5069 erant
3392 5016 3665 5083 hujusmo-

2098 5113 2172 5179 di,
2202 5112 2294 5167 sed
2341 5111 2407 5164 ab
2436 5110 2517 5163 bis
2547 5109 2851 5178 longissime
2888 5114 3110 5162 remota.
3144 5105 3377 5158 Primum
3407 5107 3545 5159 enim
3594 5107 3667 5159 illi

2099 5203 2196 5273 ipsi
2225 5200 2434 5266 fratres,
2462 5214 2595 5269 quos
2624 5214 2683 5253 se
2711 5198 3021 5267 praeviderat
3049 5195 3377 5261 adoraturos,
3412 5196 3463 5249 in
3492 5197 3665 5250 lacum

2100 5293 2247 5346 illum
2290 5292 2548 5358 injiciunt,
2580 5305 2641 5343 ac
2690 5287 2929 5341 barbaris
2968 5285 3269 5339 hominibus
3311 5285 3579 5338 venditum
3612 5286 3662 5338 in

2099 5384 2323 5437 alienam
2354 5397 2416 5436 ac
2444 5378 2852 5434 remotissimam
2899 5377 3169 5445 regionem
3215 5374 3477 5439 emittunt,
3509 5386 3668 5444 atque

2100 5476 2233 5529 adeo
2261 5474 2522 5529 contraria
2567 5470 2839 5540 promissis
2863 5484 2927 5523 ea
2952 5484 3069 5538 qua:
3110 5467 3485 5537 contingebant
3520 5467 3668 5519 vide-

2100 5567 2308 5631 bantur,
2350 5573 2408 5617 ut
2452 5561 2634 5617 miseri
2680 5561 2755 5615 illi
2802 5559 3188 5614 subsannantes
3233 5572 3353 5611 eum
3384 5557 3666 5612 dicerent‘.

2104 5655 2234 5709 Ecce
2281 5653 2553 5708 somniator
2590 5650 2678 5705 ille
2717 5651 2890 5704 venit:
2917 5665 3051 5703 nunc
3090 5665 3206 5719 ergo
3248 5649 3425 5710 uenite,
3469 5648 3668 5700 occida-

2101 5763 2210 5801 mus
2237 5736 2366 5809 eum,
2407 5753 2452 5796 et
2481 5743 2805 5811 projiciamus
2840 5742 2892 5792 in
2917 5741 3104 5801 lacum,
3136 5738 3448 5806 dicemusque
3478 5753 3495 5790 :
3535 5737 3671 5791 Ferri

2104 5839 2317 5911 pessima
2358 5834 2604 5890 devoravit
2632 5850 2741 5888 eum
2764 5848 2785 5899 ;
2812 5842 2857 5886 et
2886 5831 3154 5887 videbimus
3196 5830 3316 5901 quid
3345 5830 3537 5883 somnia
3576 5846 3671 5885 sua
