4116 6392
448 416 549 472 ιδσ

440 536 538 604 ipsi
568 530 843 602 proderunt
872 525 1025 598 (Gen.
1073 526 1163 582 57.
1205 524 1290 580 19.
1320 522 1437 593 20).
1484 523 1670 577 Postea
1701 534 1829 574 vero
1855 518 1907 583 ii,
1937 518 2025 587 qui

442 628 593 681 illum
635 632 895 688 emerant,
939 637 1045 676 non
1073 621 1259 675 saltem
1305 618 1474 673 libero
1500 616 1721 680 homini,
1753 613 1846 669 sed
1873 628 2028 668 servo

442 718 594 772 illum
624 714 772 784 regio
799 712 1036 768 vendunt
1061 711 1272 765 iterum.
1316 709 1498 776 Neque
1522 706 1775 761 hactenus
1803 701 2027 757 adversa

444 815 728 871 steterunt,
757 804 851 860 sed
882 805 934 859 in
975 803 1204 859 dominm
1229 800 1545 855 calumniam
1572 796 1775 863 incidit,
1803 795 2028 849 damna-

447 904 639 969 tusque
670 910 936 952 carcerem
967 906 1135 948 annos
1161 891 1418 963 plurimos
1443 888 1663 952 habitat,
1691 894 1744 941 et
1771 884 2027 954 effugien-

448 990 588 1045 tibus
615 986 843 1053 caeteris,
886 985 1144 1056 ampliore
1188 983 1294 1036 illic
1320 992 1559 1051 tempore
1601 978 1714 1048 ipse
1757 975 2025 1047 perdurat.

449 1083 693 1151 Cumque
733 1089 877 1135 tanta
920 1086 1102 1132 essent
1128 1089 1246 1145 quze
1289 1074 1428 1128 illius
1457 1071 1691 1126 animum
1720 1067 2030 1138 perturbare

451 1181 689 1244 possent,
716 1177 970 1225 constans
1009 1177 1186 1223 tamen
1234 1171 1555 1234 perseverat.
1585 1158 1856 1231 Ejusmodi
1904 1173 2031 1212 vero

447 1262 606 1317 etiam
638 1271 818 1316 nostra
848 1264 992 1324 sunt,
1022 1257 1126 1311 imo
1171 1268 1300 1312 vero
1331 1254 1485 1324 longe
1515 1251 1869 1323 perplexiora.
1901 1248 2030 1316 Quze

449 1354 589 1409 enim
617 1351 873 1422 promissa
921 1360 1043 1405 sunt
1070 1346 1245 1415 nobis,
1290 1360 1511 1416 regnum
1537 1345 1809 1408 caelorum,
1847 1350 1901 1397 et
1927 1341 2029 1393 vita

449 1458 669 1512 aeterna,
716 1454 771 1502 et
816 1442 1163 1511 incorruptio,
1209 1448 1265 1497 et
1306 1439 1508 1494 infinita
1552 1445 1679 1492 sunt
1706 1436 1881 1500 bona;
1912 1449 2033 1503 quae.

448 1548 625 1592 autem
654 1538 865 1591 interim
908 1533 1241 1603 contingunt,
1268 1529 1420 1584 valde
1446 1529 1513 1582 ab
1538 1527 1622 1581 his
1644 1534 1850 1581 remota
1874 1535 2033 1594 atque

448 1630 619 1685 aliena
645 1636 805 1683 sunt:
833 1641 979 1683 mors
1006 1625 1210 1681 scilicet
1234 1631 1290 1679 et
1313 1621 1605 1691 corruptio,
1635 1633 1791 1690 paena
1816 1627 1869 1673 et
1897 1631 2025 1687 sup-

450 1722 703 1791 plicium,
741 1728 796 1774 et
838 1716 1157 1774 tentationes
1199 1714 1361 1769 variae
1401 1728 1466 1768 ac
1505 1711 1829 1782 frequentes.
1870 1707 2035 1778 Cujus

448 1828 577 1882 ergo
605 1812 680 1866 rei
706 1809 873 1880 gratia
914 1807 1017 1862 hoc
1046 1807 1169 1861 facit
1195 1806 1354 1867 Deus.
1388 1803 1747 1873 permittitque
1769 1800 2033 1855 contraria

450 1905 727 1976 promissis
755 1901 1049 1959 advenire?
1075 1900 1333 1955 Nimirum
1364 1907 1421 1952 ut
1448 1911 1512 1952 ex
1542 1896 1644 1951 hoc
1667 1894 1774 1949 duo
1806 1893 2034 1947 maxima

449 1996 589 2053 bona
629 1995 805 2052 eliciat
830 2010 847 2050 :
876 2009 941 2051 ex
970 1992 1139 2048 altero
1174 1990 1529 2045 certissimum
1574 1986 1825 2057 potentiae
1869 1985 2036 2053 ipsius

449 2093 818 2158 argumentum
848 2082 1108 2154 praebens,
1151 2079 1293 2152 quod
1337 2078 1539 2135 scilicet
1567 2076 1735 2147 possit
1775 2074 2032 2146 despera-

451 2181 656 2237 tissima
684 2179 941 2250 promissa
988 2191 1082 2231 sua
1109 2188 1203 2245 spe
1232 2182 1390 2243 atque
1416 2170 1667 2243 opinione
1695 2168 1885 2224 melius
1910 2182 2035 2237 per-

452 2270 634 2337 ficere,
677 2284 741 2326 ex
786 2270 957 2324 altero
994 2276 1171 2322 autem
1211 2274 1421 2320 nostros
1446 2263 1651 2317 animos
1679 2259 1949 2323 erudiens,
1980 2265 2039 2312 ut

450 2366 507 2420 in
548 2364 757 2420 cunctis
798 2362 896 2432 ipsi
941 2360 1242 2425 credamus,
1275 2359 1374 2413 etsi
1408 2356 1564 2411 dictis
1610 2354 1742 2409 facta
1773 2351 2037 2408 contraria

450 2458 730 2513 videantur
754 2469 1048 2525 emergere.
1078 2452 1208 2507 Nam
1234 2450 1347 2520 spei
1373 2450 1538 2504 virtus
1563 2445 1821 2517 ejusmodi
1847 2453 1951 2512 est,
1982 2451 2039 2499 ut

451 2565 571 2605 eum
615 2548 703 2619 qui
747 2548 955 2602 sincere
998 2544 1073 2599 illi
1116 2542 1407 2605 adhaereat,
1454 2553 1739 2608 numquam
1785 2535 2035 2592 confundi

451 2640 739 2711 permittat.
788 2637 844 2693 Si
874 2637 1015 2691 enim
1061 2635 1118 2700 ii,
1164 2632 1255 2703 qui
1302 2630 1564 2702 promissa
1607 2630 1659 2684 in
1708 2628 1809 2684 hoc
1839 2626 2037 2682 saeculo

451 2739 793 2800 acceperunt,
824 2728 892 2782 ita
923 2726 1199 2797 insigniter
1222 2723 1399 2779 affecti
1422 2730 1568 2787 sunt,
1595 2721 1763 2775 multo
1788 2719 1955 2789 magis
1983 2716 2034 2773 id

452 2841 551 2880 nos
580 2823 755 2878 facere
782 2834 1001 2876 necesse
1027 2827 1131 2885 est,
1159 2817 1248 2888 qui
1278 2831 1385 2870 non
1413 2815 1465 2869 in
1506 2811 1755 2884 praesenti
1784 2813 1911 2878 vita,
1942 2810 2037 2866 sed

453 2918 506 2970 in
534 2914 653 2969 aliis
680 2910 896 2966 seculis
920 2910 1182 2965 bonorum
1207 2906 1406 2961 exitum
1432 2912 1819 2974 exspectamus.
1854 2901 1909 2955 In
1938 2901 2039 2956 hoc

451 3008 593 3062 enim
636 3005 830 3060 steculo
870 3014 1146 3073 presseras
1174 2999 1327 3054 nobis
1372 2995 1746 3067 angustiasque
1775 2995 2035 3065 promisit.

451 3097 589 3168 Quid
617 3112 743 3168 ergo
768 3104 851 3152 est
878 3093 1017 3164 quod
1044 3102 1097 3147 te
1141 3088 1455 3160 perturbet?
1482 3103 1585 3159 qua
1616 3086 1821 3142 ratione
1849 3101 2037 3157 suspe-

453 3199 538 3245 cta
570 3188 768 3244 habeas
810 3185 1071 3256 promissa
1115 3182 1252 3239 Dei?
1282 3180 1411 3234 Nam
1458 3194 1579 3235 cum
1627 3178 1760 3235 dicis
1798 3185 1851 3233 te
1880 3177 1946 3232 ab
1974 3191 2039 3231 eo

452 3279 667 3350 negligi,
709 3277 860 3347 cujus
902 3290 1061 3330 causa
1104 3271 1361 3328 mundum
1388 3284 1601 3326 omnem
1631 3268 1939 3339 dcspexisti,
1971 3267 2037 3321 li-

451 3372 615 3443 quido
638 3368 877 3427 ostendis
903 3374 957 3421 te
980 3365 1057 3420 illi
1082 3378 1187 3419 non
1213 3362 1455 3429 credere,
1482 3376 1708 3431 eumque
1733 3368 2037 3430 suspectum

452 3464 669 3527 habere,
717 3461 1062 3528 fallacemque
1105 3456 1510 3525 promissionem
1549 3453 1666 3523 ejus
1709 3452 2035 3508 existimare.

451 3558 509 3614 ld
536 3567 714 3613 autem
756 3568 883 3609 vere
926 3561 1008 3607 est
1047 3566 1078 3605 a
1120 3550 1364 3605 daemone
1409 3547 1629 3617 cerripi,
1670 3560 1734 3601 ac
1778 3546 2038 3616 gehennae

451 3651 627 3720 ignem
656 3659 965 3718 provocare.
994 3641 1100 3698 Sed
1125 3651 1248 3696 sunt
1277 3640 1366 3710 qui
1396 3638 1581 3695 saeculi
1619 3638 1847 3707 negotiis
1875 3635 2037 3692 dediti

451 3741 635 3811 quiete
680 3739 885 3792 vivunt.
928 3735 996 3791 Et
1039 3732 1178 3788 istud
1218 3745 1431 3803 quoque
1476 3728 1726 3799 praedixit
1752 3726 2037 3782 Christus:

452 3832 631 3894 Amen,
661 3846 808 3883 amen
850 3827 983 3894 dico,
1016 3823 1207 3895 inquit,
1253 3823 1409 3886 vobis,
1441 3821 1559 3889 quia
1588 3817 1848 3889 plorabitis
1873 3825 1919 3872 et
1946 3816 2039 3885 fle-

454 3923 568 3977 bitis
596 3937 703 3986 vos,
730 3917 948 3973 mundus
992 3924 1157 3970 autem
1185 3911 1420 3986 gaudebit
1458 3909 1640 3982 (Joan.
1672 3909 1760 3964 16.
1786 3906 1901 3977 20).
1932 3904 2036 3960 Sed

452 4017 587 4072 etin
616 4013 878 4085 prioribus
915 4007 1344 4081 generationibus
1382 4003 1658 4076 Babylonii
1704 4015 1825 4057 cum
1870 4001 2037 4055 Deum

454 4108 786 4177 ignorarent,
815 4101 1027 4171 opibus,
1062 4098 1297 4169 potentia
1321 4104 1376 4151 et
1410 4095 1575 4166 gloria
1603 4093 1875 4164 pollebant
1900 4109 1916 4157 ;
1940 4091 2038 4146 Ju-

450 4199 555 4255 daei
582 4211 707 4252 vero
732 4193 1060 4264 captivitate,
1105 4190 1382 4255 servitute,
1413 4186 1771 4253 extremisque
1814 4183 2034 4239 calami-

454 4289 653 4345 tatibus
695 4285 1091 4357 premebantur.
1132 4281 1200 4335 Et
1254 4277 1484 4334 Lazarus
1527 4274 1770 4346 ille(Luc.
1803 4271 1917 4345 16),
1948 4273 2038 4342 qui

455 4398 625 4454 regno
652 4379 851 4436 caelesti
876 4377 1087 4447 dignus,
1116 4372 1386 4429 ulceribus
1414 4369 1601 4441 plenus
1629 4382 1818 4423 canum
1848 4366 2039 4435 linguis

456 4485 573 4530 erat
596 4473 889 4543 expositus,
928 4478 1087 4538 atque
1116 4473 1374 4537 perpetuo
1415 4478 1535 4518 cum
1569 4460 1708 4515 fame
1737 4458 2035 4530 pugnabat:

455 4566 607 4621 dives
632 4579 759 4618 vero
784 4564 836 4616 in
881 4560 1084 4613 honore
1107 4572 1171 4611 ac
1195 4551 1458 4623 frequenti
1499 4550 1747 4606 satellitio
1776 4559 1829 4605 et
1857 4549 2042 4618 requie

456 4668 512 4712 et
540 4654 741 4710 deliciis
781 4653 941 4706 vitam
987 4648 1234 4703 ducebat.
1266 4643 1465 4701 Verum
1500 4651 1559 4697 ut
1588 4641 1711 4695 huic
1739 4641 1869 4696 nihil
1899 4640 2038 4709 apud

457 4748 659 4806 inferos
698 4746 783 4800 illa
829 4742 1005 4798 omnia
1052 4743 1342 4810 profuere:
1374 4736 1444 4790 ita
1488 4749 1588 4790 nec
1628 4733 1829 4787 Lazaro
1870 4730 2040 4786 fames

459 4849 551 4894 aut
577 4838 775 4900 ulcera,
802 4848 911 4905 quo
939 4833 1113 4887 minus
1143 4828 1306 4900 probe
1335 4827 1557 4892 viveret,
1582 4825 1921 4889 obsnterunt,
1942 4825 2036 4879 sed

458 4929 621 4985 veluti
662 4926 875 4998 quidam
922 4922 1120 4977 athleta
1162 4918 1312 4974 fortis
1358 4918 1413 4973 in
1455 4927 1589 4972 testu
1634 4916 1948 4987 gravissimo
1985 4926 2039 4970 et

458 5023 639 5090 algore
665 5019 893 5083 luctans,
921 5024 975 5068 et
1000 5013 1126 5068 vicit
1147 5020 1202 5067 et
1229 5019 1513 5065 coronatus
1541 5015 1644 5063 est.
1675 5008 1931 5075 Quocirca
1957 5009 2039 5062 vir

458 5114 672 5184 quidem
713 5109 927 5180 sapiens
953 5106 1127 5161 aiebat
1157 5120 1173 5159 :
1200 5101 1326 5167 Fili,
1357 5102 1400 5156 si
1427 5101 1637 5155 accedas
1665 5100 1734 5154 ad
1761 5100 2040 5155 servitutem

460 5204 692 5268 Domini,
722 5215 956 5271 praepara
993 5196 1215 5250 animam
1240 5204 1376 5247 tuam
1419 5193 1487 5246 ad
1512 5193 1850 5260 tentationem,
1882 5192 2043 5263 dirige

459 5312 546 5349 cor
573 5306 715 5347 tuum
751 5300 799 5346 et
826 5290 1035 5354 sustine,
1062 5297 1109 5342 et
1134 5302 1195 5340 ne
1237 5286 1438 5356 festines
1463 5284 1516 5338 in
1544 5293 1762 5352 tempore
1786 5283 2040 5337 inductio-

459 5390 540 5443 nis
571 5385 754 5459 (Eccli.
785 5383 841 5438 2.
870 5385 923 5437 1.
952 5382 1031 5451 2).
1063 5379 1131 5434 Ει
1157 5390 1278 5449 post
1305 5393 1470 5448 pauca
1499 5395 1513 5432 :
1546 5376 1818 5444 Quoniam,
1850 5378 2036 5447 inquit,

461 5483 576 5554 igne
596 5478 835 5550 probatur
869 5489 1067 5537 aurum,
1099 5471 1322 5525 homines
1345 5487 1459 5524 vero
1483 5470 1812 5540 acceptabilcs
1858 5471 1908 5523 in
1937 5472 2043 5541 for-

459 5587 585 5628 nare
626 5564 987 5624 Itumiliationis
1027 5564 1131 5635 (Ib.
1186 5581 1240 5621 υ.
1278 5562 1358 5634 2).
1404 5562 1742 5631 Rursumque
1792 5563 1898 5617 alio
1928 5563 2043 5619 loco

462 5664 715 5733 scriptum
758 5665 883 5714 est:
912 5653 1041 5723 Fili,
1089 5653 1195 5708 uolt
1242 5653 1492 5724 negligere
1538 5653 1862 5722 disciplinam
1908 5652 2039 5720 Dei,

466 5773 623 5826 neque
658 5753 862 5822 deﬁcias
891 5765 1004 5803 cum
1029 5748 1092 5801 ab
1117 5764 1174 5799 eo
1201 5747 1468 5816 corriperis
1493 5744 1675 5817 (Prov.
1704 5747 1759 5802 3.
1788 5745 1899 5818 11).
1941 5748 2041 5815 Qui

468 5847 607 5903 enim
632 5856 820 5900 aurum
850 5841 903 5895 iu
934 5838 1200 5895 fornacem
1228 5838 1409 5907 mittit,
1440 5839 1586 5894 novit
1627 5848 1887 5910 quatenus
1911 5840 2039 5898 illud

1187 406 1243 464 S.
1282 405 1557 464 JOANNIS
1590 401 2058 461 CliliYSOSTOMl
2098 400 2411 458 ARClllEP.
2451 399 2981 460 CONSTANTINOP.

3618 396 3725 453 640

2139 516 2373 584 incendi,
2404 526 2458 573 et
2484 517 2698 589 quando
2722 532 2789 573 ex
2837 518 2956 588 igne
2983 522 3228 587 oporteat
3267 511 3445 570 educi.
3492 513 3724 584 Ideoque

2133 609 2221 664 hic
2257 609 2470 680 quidem
2516 610 2635 665 ait:
2668 608 2752 663 Ne
2789 610 2988 680 festines
3029 607 3082 661 in
3123 615 3344 675 tempore
3385 605 3724 660 inductionis:

2133 701 2383 757 Salomon
2410 712 2585 757 autem
2615 701 2715 757 hoc
2741 700 2911 771 ipsum
2934 700 3153 766 docens,
3184 698 3362 771 Neque
3386 699 3611 767 deﬁcias,
3639 699 3727 752 in—

2133 797 2267 866 quit,
2291 812 2404 850 cum
2431 795 2493 851 ab
2522 813 2580 851 eo
2608 797 2898 867 corriperis.
2926 796 3172 867 Magnum
3214 796 3341 866 quid
3375 809 3581 859 revera,
3609 810 3729 848 ma-

2132 906 2317 961 gnum,
2364 890 2603 960 inquam,
2650 905 2897 960 pressura
2927 899 3011 945 est
3050 889 3119 944 ad
3163 892 3336 945 virum
3376 888 3724 959 spectabilem

2134 980 2492 1048 efficiendum,
2524 989 2683 1051 atque
2731 980 2800 1037 ad
2829 980 3125 1037 docendum
3154 980 3422 1052 patientia:
3451 982 3723 1036 virtutem.

2134 1072 2271 1140 Quid
2312 1066 2459 1143 ergo,
2509 1073 2740 1144 inquies,
2769 1074 2815 1128 si
2861 1074 3003 1128 illius
3048 1088 3144 1128 nos
3187 1074 3493 1144 magnitudo
3520 1082 3726 1129 evertat

2133 1174 2294 1234 atque
2321 1165 2569 1234 dejiciat?
2597 1164 2790 1219 Fidelis
2818 1174 2890 1222 est
2932 1164 3086 1230 Deus,
3127 1165 3212 1236 qui
3255 1182 3355 1218 non
3384 1165 3604 1237 patietur
3628 1182 3725 1218 nos

2136 1256 2318 1309 tentari
2346 1272 2502 1325 supra
2529 1272 2682 1325 quam
2710 1272 2993 1326 possumus,
3022 1256 3109 1310 sed
3135 1256 3284 1328 faciet
3312 1273 3428 1310 cum
3453 1256 3728 1311 tentatione

2136 1347 2343 1414 exitum,
2369 1355 2424 1401 ut
2447 1348 2693 1418 possimus
2716 1349 2958 1403 sustinere
2998 1349 3073 1420 (1.
3101 1346 3219 1404 Car.
3246 1348 3345 1404 10.‘
3375 1349 3489 1420 15).
3516 1348 3646 1403 Nam
3677 1349 3726 1404 si

2136 1453 2203 1494 ex
2228 1438 2515 1494 dilectione
2555 1441 2843 1510 correptio,
2890 1455 2957 1496 ex
2995 1440 3119 1496 odio
3140 1455 3270 1496 vero
3300 1441 3574 1497 derelictio
3601 1454 3722 1508 est,

2138 1545 2312 1600 neque
2361 1530 2599 1600 ejusdem
2646 1541 2731 1587 est
2774 1533 3078 1601 quempiam
3130 1532 3286 1587 simul
3333 1542 3389 1587 et
3438 1548 3618 1589 amare
3665 1546 3727 1588 et

2138 1622 2336 1686 odisse,
2379 1637 2553 1692 neque
2597 1623 2866 1693 corripere
2905 1623 3061 1678 simul
3100 1633 3156 1679 et
3194 1624 3549 1694 dereliquere.
3579 1628 3727 1691 Quo-

2138 1714 2297 1768 modo
2323 1728 2472 1783 ergo,
2514 1715 2745 1783 inquies,
2793 1713 2944 1769 multi
2985 1714 3343 1769 corruerunt?
3384 1714 3600 1785 Seipsos
3646 1715 3723 1769 illi

2140 1804 2252 1859 Deo
2298 1806 2660 1874 privaverunt.
2703 1820 2810 1859 non
2855 1814 3029 1858 autem
3057 1820 3087 1858 a
3118 1805 3228 1859 Deo
3282 1804 3524 1860 derelicti
3577 1814 3723 1859 sunt.

2122 1894 2274 1951 Ecce
2296 1898 2460 1961 enim,
2492 1898 2686 1967 tnquit,
2714 1897 2801 1966 qui
2824 1896 3058 1967 clangunt
3085 1912 3139 1950 se
3165 1888 3198 1949 ἁ
3222 1905 3270 1950 te
3296 1894 3524 1966 peribunt
3550 1895 3723 1967 (Psal.

2139 1986 2231 2041 72.
2272 1985 2391 2057 2'7).
2440 1987 2703 2057 Elongant
2746 2002 2808 2043 se
2834 2002 2963 2042 vero
3005 2002 3034 2040 a
3081 1987 3192 2041 Deo
3235 1988 3324 2058 qui
3362 1989 3727 2044 correctiones

2140 2080 2283 2135 illius
2312 2096 2416 2134 non
2463 2080 2744 2145 sustinent,
2776 2078 2870 2135 sed
2918 2081 3216 2134 irascuntur
3245 2088 3403 2149 atque
3447 2080 3727 2149 indignan-

2142 2183 2265 2239 tur;
2297 2188 2361 2227 ac
2402 2173 2563 2227 veluti
2610 2174 2846 2242 perversi
2895 2172 3005 2236 lilii,
3044 2187 3166 2227 cum
3191 2188 3223 2227 a
3262 2172 3499 2242 patribus
3545 2173 3726 2227 traditi

2141 2264 2427 2334 magistris,
2454 2265 2538 2319 vel
2566 2265 2901 2333 impatientes
2925 2264 3144 2329 laboris,
3186 2264 3273 2320 vel
3319 2263 3580 2333 fugientes
3606 2282 3727 2319 ver-

2142 2355 2290 2417 bera,
2316 2366 2590 2425 parentum
2619 2366 2866 2427 aspectus
2885 2356 3173 2421 declinant,
3200 2356 3331 2411 nihil
3358 2356 3481 2411 inde
3505 2356 3724 2411 lucran-

2142 2455 2247 2510 tur,
2277 2447 2368 2502 sed
2399 2448 2727 2518 gravioribus
2754 2449 3105 2504 incommodis
3147 2464 3207 2505 se
3234 2450 3527 2521 implicant,
3564 2460 3727 2520 atque

2142 2536 2196 2593 in
2222 2539 2393 2594 aliena
2421 2540 2639 2609 regione
2664 2541 2819 2595 famis
2845 2549 2900 2595 et
2923 2541 3127 2596 erroris
3152 2557 3214 2597 ac
3240 2544 3544 2597 morborum
3575 2543 3727 2612 igno-

2142 2629 2425 2701 miniaeque
2450 2640 2503 2684 et
2527 2631 2797 2686 servitutis
2827 2647 3091 2687 asrumnas
3112 2633 3291 2688 subire
3318 2643 3576 2704 coguntur
3604 2650 3617 2686 :
3650 2635 3725 2688 ita

2141 2729 2197 2774 et
2225 2721 2313 2790 qui
2345 2721 2435 2775 Dei
2460 2720 2793 2792 disciplinam
2826 2738 2930 2777 non
2971 2730 3121 2793 grato
3146 2723 3325 2779 animo
3353 2725 3598 2790 tolerant,
3632 2725 3725 2778 in-

2141 2811 2528 2883 dignanturque
2570 2824 2624 2868 et
2661 2815 2893 2885 graviter
2936 2814 3145 2882 ferunt,
3190 2824 3544 2886 praeterquam
3581 2817 3724 2886 quod

2143 2902 2366 2957 nihilex
2395 2918 2455 2958 ea
2485 2904 2775 2971 lucramur,
2810 2906 3033 2960 summis
3075 2920 3133 2961 se
3175 2906 3563 2963 calamitatibus
3599 2907 3723 2961 affi-

2140 2993 2307 3050 ciunt.
2337 2993 2595 3063 Quocirca
2626 2996 2860 3052 tolerare
2886 2997 3253 3065 admonemur,
3279 3007 3335 3053 et
3359 2998 3588 3069 dirigere
3628 3015 3727 3055 cor

2141 3097 2405 3143 nostrum.
2432 3089 2503 3143 At
2538 3089 2706 3144 multo
2730 3091 2973 3162 graviora
3005 3100 3058 3146 te
3086 3091 3289 3162 perpeti
3316 3092 3481 3148 dices.
3508 3093 3584 3148 Ne
3611 3108 3724 3163 pte-

2140 3179 2364 3235 dotribaz
2390 3180 2602 3251 quidem
2627 3196 2813 3237 omnes
2850 3184 3125 3253 aequaliter
3149 3193 3306 3255 atque
3333 3185 3522 3241 eodem
3564 3186 3727 3241 modo

2141 3283 2411 3341 exercent,
2427 3274 2521 3331 sed
2538 3275 2967 3331 imbecillioribus
2985 3277 3295 3343 imbecilles,
3312 3278 3511 3333 fortiori
3520 3278 3725 3349 busque

2141 3367 2224 3421 sui
2265 3367 2464 3421 similes
2511 3366 2745 3421 tradunt.
2790 3367 2922 3422 Nam
2952 3369 3043 3438 qui
3088 3369 3198 3424 suis
3232 3370 3432 3424 viribus
3459 3370 3722 3426 minorem

2140 3457 2528 3527 antagonistam
2560 3456 2719 3513 fuerit
2748 3468 2956 3523 nactus,
2986 3459 3194 3515 etiamsi
3238 3469 3346 3514 tota
3370 3460 3457 3514 die
3485 3461 3561 3514 illi
3589 3475 3725 3515 con-

2141 3547 2428 3615 gredietur,
2457 3549 2831 3603 inexercitatus
2862 3559 3034 3604 tamen
3080 3559 3372 3619 permanet.
3421 3550 3526 3606 Cur
3552 3566 3680 3621 ergo
3706 3593 3723 3616 ,

2143 3640 2369 3710 inquies,
2399 3655 2505 3694 non
2534 3654 2721 3695 omnes
2760 3641 2849 3711 qui
2879 3641 3122 3697 eamdem
3162 3643 3371 3712 elegere
3397 3644 3580 3711 vitam,
3613 3644 3726 3699 eis-

2142 3732 2265 3789 dem
2304 3733 2464 3789 etiam
2510 3733 2780 3789 laboribus
2825 3744 3031 3790 certare
3076 3735 3246 3790 facit?
3286 3736 3417 3804 Quia
3463 3753 3571 3792 non
3618 3753 3725 3793 una

2141 3826 2280 3897 apud
2323 3827 2487 3882 Deum
2512 3836 2596 3882 est
2637 3827 3031 3883 exercitationis
3068 3830 3296 3899 species,
3339 3844 3512 3899 neque
3537 3845 3727 3886 omnes

2143 3918 2343 3974 eisdem
2372 3933 2507 3988 opus
2535 3918 2755 3985 habent,
2799 3920 3008 3976 etiamsi
3054 3921 3107 3975 in
3148 3921 3338 3976 eodem
3378 3922 3499 3977 vitae
3527 3938 3727 3992 genere

2142 4012 2249 4067 sint
2276 4031 2290 4066 :
2318 4012 2512 4081 quippe
2551 4020 2606 4068 et
2643 4012 2854 4081 plurimi
2893 4027 3014 4067 cum
3046 4013 3246 4068 eisdem
3294 4014 3599 4069 morborum
3637 4015 3727 4069 in-

2143 4103 2438 4159 commodis
2476 4104 2743 4169 laborent,
2772 4120 2876 4159 non
2907 4105 3107 4162 eisdem
3139 4114 3315 4161 tamen
3343 4105 3581 4178 indigent
3607 4122 3728 4161 me—

2142 4193 2477 4261 dicamentis,
2505 4194 2599 4249 sed
2622 4193 2725 4248 alia
2766 4194 2980 4264 quidem
3006 4196 3139 4261 istis,
3173 4195 3276 4249 alia
3316 4195 3419 4250 illis
3442 4211 3727 4266 apponun-

2145 4294 2246 4339 tur.
2272 4286 2447 4355 Atque
2473 4286 2608 4340 adeo
2637 4294 2691 4341 et
2717 4286 3042 4356 flagellorum
3073 4287 3214 4341 modi
3242 4288 3373 4342 varii
3418 4296 3728 4358 suntatque

2142 4376 2469 4442 differentes,
2496 4387 2551 4433 et
2570 4379 2705 4434 alius
2729 4379 2943 4449 quidem
2966 4381 3153 4435 morbo
3169 4380 3420 4436 diuturno
3446 4382 3721 4450 probatur,

2143 4469 2278 4523 alius
2303 4470 2611 4540 gravissima
2658 4470 2853 4541 inopia,
2881 4472 2931 4525 vi
2962 4481 3123 4541 atque
3165 4472 3354 4541 injuria
3380 4472 3513 4528 alius
3539 4490 3554 4526 :
3582 4473 3728 4528 hunc

2140 4561 2292 4633 juges
2336 4570 2495 4632 atque
2540 4573 2808 4632 perpetua:
2867 4563 3155 4618 liberorum
3202 4563 3731 4635 propinquorumque

2144 4660 2458 4706 czeterorum
2505 4661 2705 4707 mortes
2748 4654 3085 4716 excruciant,
3133 4653 3325 4723 hicque
3367 4654 3436 4710 ab
3478 4656 3729 4712 omnibus

2145 4740 2412 4810 abjicitur,
2442 4741 2741 4812 nulliusque
2770 4743 2847 4797 rei
2888 4742 3079 4813 dignus
3105 4744 3399 4800 :estimatur
3428 4764 3442 4799 :
3469 4747 3558 4803 ille
3583 4750 3729 4819 quod

2147 4832 2215 4887 de
2240 4833 2306 4887 iis
2331 4845 2626 4900 accusetur,
2657 4849 2881 4904 quorum
2921 4835 3052 4889 nihil
3090 4835 3158 4889 sit
3186 4837 3287 4892 sibi
3316 4840 3580 4904 conscius,
3613 4856 3732 4895 ma-

2149 4925 2321 4995 laeque
2344 4925 2499 4980 famae
2526 4925 2730 4995 pondus
2751 4925 2885 4981 ferat
2910 4944 2923 4979 :
2949 4938 3106 4997 atque
3125 4928 3259 4982 alius
3278 4929 3434 4984 aliter
3449 4929 3723 5001 affligitur.

2149 5015 2330 5086 Neque
2366 5019 2509 5071 enim
2554 5017 2805 5086 possibile
2847 5027 2930 5072 est
2970 5019 3148 5073 omnia
3194 5036 3335 5075 nunc
3359 5021 3426 5075 ad
3469 5025 3727 5078 amussim

2149 5123 2449 5163 numerare.
2474 5107 2733 5162 Videntur
2756 5118 2932 5163 autem
2961 5109 3054 5163 tibi
3080 5109 3266 5163 horum
3297 5111 3525 5181 singula,
3557 5113 3602 5166 si
3626 5115 3732 5168 tuis

2148 5200 2402 5254 aerumnis
2442 5198 2817 5263 conferantur,
2846 5199 2979 5253 levia
3006 5214 3068 5254 ac
3098 5201 3239 5254 nulla
3266 5216 3384 5256 esse
3416 5219 3431 5257 :
3460 5218 3647 5258 verum
3675 5213 3729 5258 tu

2148 5291 2193 5344 si
2224 5291 2338 5345 haec
2367 5300 2616 5360 expertus
2659 5286 2829 5355 esses,
2859 5292 3161 5347 addisceres
3204 5292 3446 5363 profecto
3473 5294 3547 5358 id,
3585 5296 3731 5365 quod

2148 5397 2289 5437 nunc
2318 5391 2370 5437 te
2396 5382 2560 5452 angit,
2594 5381 2676 5436 his
2706 5383 2952 5439 omnibus
2988 5384 3316 5439 tolerabilius
3358 5400 3498 5441 esse.
3541 5385 3646 5441 Sed
3677 5396 3733 5442 et

2148 5476 2192 5529 si
2219 5475 2308 5545 qui
2334 5483 2476 5543 sunt,
2498 5490 2722 5545 quorum
2749 5476 2820 5529 sit
2845 5477 3015 5532 levior
3031 5492 3188 5547 quam
3215 5487 3396 5532 nostra
3424 5480 3729 5549 castigatio,

2150 5582 2257 5620 non
2288 5565 2407 5621 ideo
2434 5565 2804 5635 perturbemur
2832 5584 2845 5619 :
2876 5582 3000 5621 nam
3024 5568 3253 5637 adjectio
3290 5569 3530 5624 laborum
3556 5572 3732 5626 incre-

2148 5668 2389 5715 mentum
2434 5659 2774 5729 praemiorum
2818 5670 2902 5717 est
2950 5676 3015 5717 ac
3058 5662 3419 5718 ﬁrmissimum
3454 5664 3731 5721 munimen

2152 5760 2414 5815 nostrum,
2443 5766 2548 5820 quo
2578 5749 2698 5806 freti
2727 5768 3013 5821 numquam
3038 5753 3151 5810 sive
3194 5764 3405 5825 sponte,
3432 5756 3544 5812 sive
3569 5757 3732 5813 etiam

2154 5842 2305 5899 inviti
2346 5857 2659 5900 corruamus
2687 5861 2698 5897 :
2730 5860 2957 5915 namque
2986 5853 3247 5902 tumorem
3278 5846 3602 5918 comprimit,
3634 5864 3730 5905 ue-
