4116 6392
283 310 395 370 439

285 430 551 497 ὀψόμεθα
585 428 643 482 τί
682 427 855 483 ἔσται
894 429 966 484 τὰ
1002 430 1256 487 ἐνύπνια
1286 437 1493 492 αὐτοῦ.
1516 439 1668 493 Μετά
1697 441 1753 494 δὲ
1778 442 1950 497 ταῦτα

285 517 336 569 οἰ
377 516 670 586 πριάμενοι
702 517 823 575 οῦδὲ
854 516 1122 591 ἐλευθέρῳ
1146 521 1272 584 τινὶ,
1304 522 1438 577 ἀλλά
1474 524 1645 597 δούλῳ
1668 528 1827 582 πάλιν
1858 531 1947 583 αὑ·

283 603 375 654 τὸν
409 603 744 659 ἀποδίδονται
788 605 1069 677 βασιλικῷ.
1112 609 1220 661 Καὶ
1247 610 1366 662 οὑδέ
1400 613 1559 683 μέχρι
1586 614 1789 669 τούτων
1822 615 1952 688 ἔστη

284 690 354 743 τὰ
384 690 567 744 δεινάο
613 693 748 746 ἀλλά
794 696 1124 768 συκοφαντίᾳ
1164 697 1450 770 δεσποίνης
1501 696 1816 772 περιπεσὼν
1858 708 1952 759 καὶ

286 780 635 850 κατακριθεὶς
661 780 793 851 ᾤκει
828 782 889 835 τὺ
916 783 1286 857 δεσμωτήριον
1317 788 1411 859 ἔτη
1438 790 1630 856 πολλὰ,
1653 792 1747 845 καὶ
1768 792 1954 863 διαφυ-

286 866 488 934 γόντων
528 869 751 941 ἐτέρων,
788 872 949 936 αὑτὸς
995 873 1215 928 πλείονα
1251 876 1441 948 χρόνον
1477 879 1627 948 μένει
1674 881 1808 934 ἐκεῖ.
1841 884 1951 937 Καὶ

285 957 551 1011 τοσούτων
583 958 752 1011 ὄντων
790 959 898 1013 τῶν
935 960 1245 1033 δυναμένων
1282 964 1380 1035 τὴν
1408 966 1617 1020 ἐκείνου
1651 966 1950 1039 θορυϐῆσαι

286 1045 479 1116 ψυχὴν,
511 1045 669 1117 ἔμενε
692 1046 909 1111 τούτοις
943 1049 1146 1103 ἅπασιν
1171 1051 1586 1124 ἀπερίτρεπτος.
1618 1055 1854 1111 Τοιαῦτα
1891 1058 1949 1111 δέ

286 1136 378 1185 καὶ
407 1132 474 1185 τὰ
499 1133 764 1205 ἡμέτερα,
799 1134 998 1205 μᾶλλον
1031 1135 1087 1189 δέ
1119 1138 1213 1190 καὶ
1239 1138 1416 1212 πολλῷ
1439 1141 1645 1195 τούτων
1665 1143 1947 1215 ἀπορώτε-

286 1223 452 1291 ρα.⁶Α
477 1221 577 1292 μὲν
597 1224 704 1293 γὰρ
724 1223 1106 1293 ἐπηγγείλατο,
1137 1226 1383 1296 βασιλεία
1413 1230 1678 1300 οὐρανῶν,
1701 1233 1793 1285 καί
1818 1232 1946 1285 αἰώ-

282 1326 392 1372 νιος
423 1308 557 1379 ζωὴ,
580 1309 673 1362 καὶ
699 1310 998 1380 ἀφθαρσία,
1024 1313 1119 1365 καὶ
1142 1312 1210 1366 τά
1240 1315 1409 1386 μυρία
1435 1316 1618 1385 ἀγαθά
1636 1335 1651 1348 θ
1674 1318 1742 1372 τά
1770 1319 1826 1372 δὲ
1856 1336 1943 1388 γι-

281 1395 480 1466 νόμενα
515 1396 653 1461 τέως
685 1397 781 1450 καὶ
818 1398 1180 1469 συμϐαίνοντα
1220 1401 1353 1455 πολὺ
1395 1401 1601 1457 τούτων
1631 1404 1939 1476 ἀφέστηκεο

282 1486 506 1551 θάνατος
543 1487 654 1558 γάρ
679 1488 793 1540 ἐστι
838 1489 931 1542 καὶ
969 1488 1145 1559 φθορὰ
1178 1490 1272 1543 καὶ
1310 1493 1551 1563 τιμωρία
1590 1494 1685 1547 καὶ
1722 1494 1942 1560 κόλασις

280 1573 373 1626 καὶ
403 1574 609 1643 θλίψεις
645 1575 891 1647 διάφοροι
930 1576 1025 1629 καὶ
1057 1579 1318 1647 συνεχεῖς.
1350 1579 1509 1643 Τίνος
1550 1576 1645 1633 οὖν
1688 1581 1872 1636 ἕνεκεν
1910 1585 1940 1637 6

277 1662 407 1726 Θεὸς
432 1662 590 1715 τοῦτο
622 1666 786 1728 ποιεῖ,
814 1664 910 1717 καὶ
946 1663 1015 1717 τά
1040 1664 1256 1719 ἐναντία
1300 1668 1417 1729 ταῖς
1462 1668 1816 1736 ἐπαγγελίαις
1846 1672 1939 1725 ἐκ·

276 1751 435 1821 ϐῆναι
469 1754 775 1822 συγχωρεῖ;
823 1753 927 1805 Δύο
971 1752 1040 1807 τὰ
1091 1753 1323 1824 μέγιστα
1367 1754 1668 1826 κατορθῶν,
1714 1756 1776 1809 ἓν
1817 1759 1937 1828 μὲν,

273 1838 372 1908 τῆς
415 1838 579 1892 αὑτοῦ
628 1839 910 1911 δυνάμεως
949 1841 1247 1912 τεκμήριον
1285 1842 1767 1915 ἀναμφισϐήτητον
1800 1862 1941 1917 παρ-⁹

270 1927 410 1996 έχων
457 1929 609 1998 ήμῖν,
654 1928 736 1981 ὅτι
781 1928 878 1982 καὶ
936 1928 995 1993 ἐξ
1046 1930 1483 2001 ἀπεγνωσμένων
1523 1931 1727 1986 δύναιτ’
1753 1933 1822 1987 ἂν
1858 1936 1939 1998 είς

270 2016 445 2084 πέρας
482 2015 582 2079 τὰς
623 2016 944 2087 ὑποσχέσεις
970 2017 1231 2085 ἀγαγεῖν·
1265 2018 1450 2088 ἕτερον
1477 2019 1555 2083 δὲ,
1594 2021 1694 2089 τὴν
1736 2021 1933 2091 ἡμετέ-

272 2119 372 2171 ραν
406 2103 675 2157 παιδεύων
710 2104 887 2175 ψυχὴν
920 2104 1097 2160 πάντα
1148 2106 1420 2161 πιστεύειν
1451 2108 1621 2178 αὑτῷ,
1653 2108 1754 2162 κᾶν
1782 2110 1938 2163 ἐναν-

266 2190 359 2243 τία
386 2194 500 2255 τοῖς
533 2192 843 2264 εἰρημένοις
865 2193 933 2246 τὰ
958 2193 1217 2263 γινόμενα
1248 2194 1526 2265 φαίνηται.
1562 2197 1794 2269 Ἰὀιαύτη
1828 2198 1937 2269 γὰρ

267 2279 301 2347 ἡ
350 2279 451 2349 τῆς
494 2280 707 2344 ἐλπίδος
746 2280 916 2350 ἰσχύς*
946 2282 1008 2334 οὑ
1060 2281 1407 2351 καταισχύνει
1441 2283 1533 2338 τόν
1577 2285 1935 2357 ἀντεχόμενον

265 2367 439 2437 αὐτῆς
462 2368 787 2440 εἰλικρινῶς.
811 2370 874 2422 Εἰ
907 2368 1016 2440 γὰρ
1044 2370 1093 2421 οί
1121 2369 1221 2433 τὰς
1241 2371 1560 2441 ὑποσχέσεις
1578 2372 1812 2427 ἐνταῦθα
1840 2374 1935 2428 λα-

264 2453 452 2518 ϐόντες
471 2455 613 2509 οὑτω
638 2456 975 2528 διετέθησαν,
998 2456 1176 2527 πολλῷ
1200 2458 1399 2527 μᾶλλον
1422 2460 1568 2529 ἡμᾶς
1586 2460 1743 2514 τοῦτο
1760 2464 1934 2517 ποιεῖν

263 2543 392 2613 χρὴ,
431 2544 557 2606 τοὺς
598 2545 658 2597 06
695 2545 840 2598 κατὰ
871 2544 964 2598 τὸν
1007 2544 1251 2616 παρόντα
1290 2546 1426 2616 βίον,
1461 2546 1673 2611 ἀλλἐἰς
1715 2549 1933 2621 ἐτέρους

262 2629 468 2693 αἰῶνας
498 2632 907 2701 προσδοκῶντας
934 2634 1032 2705 τὴν
1059 2634 1279 2688 ἔκϐασιν
1306 2634 1416 2687 τῶν
1445 2635 1794 2707 χρηστῶν.“Α
1823 2637 1932 2709 γὰρ

262 2719 501 2772 ἐνταῦθα
546 2724 797 2791 προεῖπε,
835 2721 1010 2791 θλῖψίς
1052 2724 1169 2776 ἐστι
1212 2724 1308 2776 καὶ
1349 2725 1698 2795 στενοχωρία.
1730 2726 1795 2779 Τί
1836 2722 1930 2780 οὖν

263 2806 380 2858 ἐστί
430 2824 491 2860 σε
537 2807 597 2860 τὸ
635 2808 1117 2879 θορυϐοῦνςπόθεν
1157 2811 1255 2880 τὴν
1294 2811 1585 2880 ὑπόσχεσιν
1631 2811 1778 2884 [170]
1824 2814 1928 2866 ὑπ-

259 2894 510 2959 οπτεύεις
546 2896 638 2950 τοῦ
672 2896 844 2961 Θεοῦ;
874 2898 947 2950 Τὸ
971 2898 1079 2968 γὰρ
1107 2899 1517 2969 καταφρονῆσαι
1550 2899 1648 2969 μὲν
1683 2901 1749 2953 δι’
1770 2901 1928 2955 αὑτὸν

257 2983 357 3036 τοῦ
400 2983 605 3054 κόσμου
662 2986 882 3049 παντὸς,
930 2984 1106 3054 λέγειν
1147 2986 1204 3038 δὲ
1244 2985 1403 3039 πάλιν
1444 2986 1748 3057 ἠμελῆσθαι
1798 2990 1927 3059 παρ’

259 3070 448 3137 αὑτοῦ,
474 3072 627 3124 οὐδὲν
650 3072 836 3143 ἕτερόν
862 3075 1008 3127 ἐστιν
1035 3073 1068 3143 ἢ
1098 3072 1451 3137 ἀπιστοῦντος
1480 3073 1575 3126 καὶ
1594 3075 1927 3129 ὑποπτεύον-

258 3176 371 3223 τος,
404 3160 498 3213 καὶ
522 3161 737 3230 ἀπάτην
758 3160 854 3232 τὴν
883 3161 1212 3230 ἐπαγγελίαν
1237 3160 1452 3232 ἐκείνην
1490 3157 1630 3214 εἶναι
1665 3162 1927 3232 νομίζον-

256 3264 380 3309 τος·
430 3248 567 3319 δπερ
614 3247 827 3313 ἀληθῶς
873 3250 992 3301 ἐστι
1031 3249 1310 3320 δαιμονᾷν,
1337 3250 1431 3304 καὶ
1472 3249 1533 3303 τὸ
1562 3250 1661 3320 τῆς
1702 3250 1926 3323 γεέννης

258 3336 648 3406 προκαλεῖσθαι
674 3336 805 3408 πῦρ.
823 3336 964 3390 Ἀλλ’
983 3337 1089 3390 είσί
1109 3353 1253 3402 τινες
1275 3338 1325 3391 οἶ
1347 3337 1617 3408 βιωτικοῖς
1637 3339 1926 3409 ἐνστρεφό-

260 3443 410 3496 μενοι
441 3425 748 3497 πράγμασι,
774 3426 832 3481 ἐν
879 3426 1061 3479 ἀνέσει
1091 3425 1335 3495 διάγουσι
1355 3442 1374 3457 ν
1403 3427 1496 3480 καὶ
1520 3428 1629 3498 γὰρ
1653 3426 1926 3482 καὶτοῦτο

256 3517 515 3587 προεῖπεν
548 3518 579 3569 6
603 3515 855 3585 Χριστός
888 3513 1073 3584 Ἀμὴν
1100 3514 1231 3585 γὰρ,
1255 3514 1418 3584 ἀμὴν
1441 3515 1596 3585 λέγω
1622 3516 1784 3585 ὑμῖν,
1815 3534 1923 3589 φη·

254 3606 360 3669 σὶν,
393 3606 481 3658 ὅτι
532 3607 830 3659 κλαύσετε
871 3605 971 3659 καί
1011 3604 1344 3673 θρηνήσετε
1375 3605 1581 3675 ὑμεῖς·
1628 3610 1662 3661 ὁ
1704 3606 1774 3661 δὲ
1824 3608 1924 3662 κό-

253 3709 408 3761 σμος
440 3691 787 3762 χαρήσεται.
821 3693 931 3746 Καὶ
954 3693 1049 3745 ἐπὶ
1072 3691 1179 3745 τῶν
1208 3692 1487 3763 προτέρων
1512 3693 1569 3745 δὲ
1595 3695 1796 3761 γενεῶν
1816 3695 1922 3748 Βα-

254 3781 505 3833 ϐυλώνιοι
542 3782 641 3852 μὲν
668 3782 719 3833 οί
763 3780 897 3851 μηδὲ
936 3780 1027 3834 τὸν
1047 3779 1178 3833 Θεὸν
1208 3780 1428 3845 εἰδότες,
1461 3783 1518 3833 ἐν
1557 3781 1773 3852 πλούτῳ
1828 3783 1921 3836 καὶ

252 3871 540 3942 δυναστείᾳ
582 3862 723 3941 ἦσαν
770 3872 865 3924 καὶ
906 3874 1061 3942 τιμῇ,
1111 3871 1355 3924 Ἰουδαῖοι
1397 3871 1454 3923 δὲ
1496 3872 1555 3926 ἐν
1578 3873 1922 3946 αἰχμαλωσίᾳ

253 3960 349 4015 καὶ
374 3960 586 4030 δουλείᾳ
608 3961 702 4013 καὶ
738 3963 848 4022 τοῖς
873 3960 1121 4030 ἐσχάτοις
1147 3963 1356 4024 κακοῖς.
1394 3962 1502 4014 Καὶ
1533 3962 1787 4033 Λάζαρος
1820 3964 1919 4033 μὲν

249 4052 279 4101 6
307 4050 414 4101 τῶν
444 4049 688 4120 οὐρανῶν
716 4046 862 4113 ἄξιος
890 4048 985 4101 καὶ
1014 4047 1114 4118 τῆς
1137 4046 1411 4117 βασιλείας
1434 4048 1536 4118 τῆς
1567 4051 1702 4113 ἐκεῖ,
1728 4050 1919 4104 εἱλκω-

253 4137 412 4206 μένος
435 4139 556 4199 ταῖς
592 4136 701 4189 τῶν
728 4134 906 4189 κυνῶν
934 4135 1219 4206 προέκειτο
1245 4134 1532 4203 γλώτταις,
1566 4136 1711 4207 λιμῷ
1745 4139 1917 4209 μαχό-

253 4244 415 4296 μενος
452 4227 691 4297 διηνεκεῖ
715 4243 728 4256 ο
763 4228 791 4279 6
818 4226 875 4279 δὲ
906 4224 1160 4287 πλούσιος
1194 4226 1252 4277 ἐν
1296 4228 1430 4296 τιμῇ
1471 4226 1565 4278 καὶ
1618 4226 1918 4301 δορυφορίᾳ

250 4316 344 4367 καὶ
377 4314 560 4367 ἀνέσει
590 4315 682 4367 καὶ
706 4316 884 4384 τρυφῇ
906 4331 919 4343 ·
953 4312 1069 4366 ἀλλ’
1092 4314 1239 4383 ὅμως
1260 4314 1411 4367 οὐδὲν
1435 4313 1557 4367 0615
1586 4310 1739 4378 0610;
1769 4318 1827 4368 ἐν
1848 4321 1912 4388 τῇ

249 4396 442 4467 γεέννῃ
487 4397 691 4450 τούτων
723 4396 997 4460 ἀπώνατο,
1029 4394 1151 4449 οὔτε
1185 4397 1436 4465 Λάζαρος
1478 4398 1587 4451 ἀπὸ
1629 4398 1723 4451 τοῦ
1755 4399 1913 4470 λιμοῦ

249 4485 344 4537 καὶ
391 4486 500 4539 τῶν
551 4486 880 4557 τραυμάτων
930 4486 1010 4545 εἰς
1053 4484 1153 4556 τὴν
1199 4484 1486 4555 ἀκρίϐειαν
1517 4484 1612 4538 τοῦ
1648 4487 1914 4558 παρόντος

249 4567 565 4639 παρεϐλάϐη
614 4568 728 4638 βίου
748 4585 762 4597 ·
804 4568 917 4622 ἀλλ’
948 4567 1134 4638 ὥσπερ
1164 4586 1246 4631 τις
1276 4570 1519 4636 γενναῖος
1566 4569 1825 4641 ἀθλητὴς,
1856 4572 1914 4625 ἐν

249 4655 444 4726 αὐχμῷ
472 4658 563 4709 καὶ
600 4658 779 4724 πνίγει
812 4656 1100 4727 βαρυτάτῳ
1145 4655 1407 4722 παλαίων,
1446 4657 1540 4709 καὶ
1577 4656 1795 4728 ἐνίκησε
1819 4659 1913 4712 καὶ

246 4744 618 4815 ἐστεφανώθη.
658 4743 759 4797 Διά
800 4743 959 4797 τοῦτο
992 4745 1083 4797 καί
1118 4761 1199 4806 τις
1229 4743 1389 4811 σοφός
1410 4754 1437 4783 ι
1466 4761 1599 4814 φησι
1619 4761 1631 4774 ’
1671 4748 1909 4814 Τέκνον,

243 4834 295 4885 εἰ
317 4832 619 4902 προσέρχῃ
653 4833 964 4888 δουλεύειν
984 4837 1037 4887 Κ
1039 4833 1200 4899 υρίῳ,
1219 4832 1541 4902 ἐτοίμασον
1568 4832 1682 4900 τὴν
1701 4838 1789 4903 ψυ
1792 4835 1913 4905 χήν

244 4937 361 4975 σου
410 4924 498 4988 εἰς
524 4922 893 4991 πειρασμόν·
925 4922 1181 4975 εύθυνον
1214 4919 1327 4988 τὴν
1360 4920 1609 4989 καρδίαν
1645 4938 1782 4989 σου,
1811 4924 1908 4978 καὶ

244 5009 638 5079 καρτὲρησον,
676 5011 775 5064 καὶ
820 5009 907 5079 μὴ
953 5010 1232 5077 σπεύσῃς
1261 5009 1331 5061 ἐν
1355 5009 1538 5077 καιρῷ
1572 5010 1907 5083 ἐπαγωγῆς.

244 5100 354 5151 Καὶ
395 5098 513 5169 μετ’
563 5097 720 5166 ὀλίγα
762 5098 927 5169 φησὶν
957 5098 1172 5161 ὅτι,Ἐν
1202 5097 1343 5164 πυρὶ
1375 5097 1739 5167 δοκιμάζεται
1766 5119 1911 5169 χρυ-

240 5186 374 5251 σὸς,
402 5184 499 5239 καὶ
543 5186 839 5252 ἅνθρωποι
868 5184 1066 5238 δεκτοί
1110 5184 1179 5236 ἐν
1210 5185 1437 5254 καμίνῳ
1476 5186 1905 5255 ταπεινώσεως.

241 5274 351 5327 Καὶ
399 5275 559 5327 πάλιν
602 5272 835 5343 ἀλλαχοῦ
864 5273 1010 5341 λέγει
1036 5290 1049 5304 ·
1087 5273 1331 5339 Τέκνον,
1351 5273 1436 5343 μὴ
1473 5275 1739 5343 ὀλιγώρει
1771 5292 1907 5331 παι-

239 5361 403 5427 δείας
436 5365 681 5431 Κυρίου,
693 5362 847 5431 μηδὲ
880 5363 1103 5416 ἐκλύου
1136 5363 1237 5416 ὑπ’
1261 5363 1447 5417 αὑτοῦ
1484 5363 1901 5433 ἐλεγχόμενος.

251 5449 309 5501 ’0
338 5450 445 5520 γὰρ
477 5452 539 5502 τὸ
581 5451 802 5521 χρυσίον
833 5451 914 5514 εἰς
961 5450 1059 5520 τὴν
1096 5449 1325 5520 κάμινον
1364 5450 1647 5521 ἐμϐάλλων
1680 5447 1786 5505 οἶδε
1812 5456 1905 5507 καὶ

244 5536 405 5608 μέχρι
436 5537 580 5602 τίνος
612 5538 742 5592 αὑτὸ
772 5537 1090 5610 πυρωθῆναι
1108 5538 1136 5579 b
1163 5540 1260 5602 δεῖ,
1287 5538 1379 5592 καὶ
1404 5540 1533 5593 πότε
1560 5539 1905 5613 ἀνασπασθῆ-

297 5710 325 5773 _‘
348 5708 479 5759 ίῗοηδ.
509 5712 661 5760 codex
685 5712 823 5769 3056,
846 5717 899 5759 ﬁt
916 5712 1063 5761 Savil.
1092 5729 1160 5767 τις
1178 5714 1464 5773 σοφώτατος.

298 5770 327 5814 δ
342 5773 424 5823 Sic
440 5773 573 5825 Colb.
605 5784 657 5826 et
678 5774 825 5826 Savil.
854 5774 1023 5825 Morel.
1050 5789 1167 5827 vero
1186 5770 1433 5839 προθεῖναι.

1292 312 1679 378 ετΑοιιιιωῑ
1706 317 1749 378 Ἀ
1790 325 2098 385 ΟᾸΞΜΟΝΕ
2145 330 2504 391 νΕΧΛΤυΜ.
2547 337 2677 394 LIB.
2714 339 2753 395 Ι.

3618 356 3719 412 ιω

2056 465 2163 502 ναι.
2188 451 2286 505 Διά
2322 450 2477 504 τοῦτο
2498 442 2650 518 οὗτος
2678 456 2779 526 μέν
2809 474 2970 529 φησι·
3008 461 3102 530 Μὴ
3134 467 3414 537 σπεύσῃς
3440 468 3509 524 ἐν
3538 474 3719 541 καιρῷ

2052 535 2382 607 ἐπαγωγῆς.
2399 539 2456 592 ’0
2482 540 2537 591 δὲ
2570 543 2820 615 Σολομὼν
2868 548 3000 601 αὑτὸ
3047 550 3204 606 τοῦτο
3229 535 3492 611 διδάσκων
3527 535 3715 628 ἔλεγε)

2050 626 2107 675 Μ
2115 623 2148 692 ἡ
2180 625 2404 680 ἐκλύου
2437 628 2537 681 ὑπ’
2566 632 2753 718 αὐτοῦ
2781 633 3194 705 ἐλεγχόμενος.
3222 642 3379 711 Μέγα
3410 643 3572 718 γάρὴ
3605 623 3719 700 01?-

2048 712 2165 799 ιρις,
2201 714 2345 784 μέγα
2374 716 2511 787 πρὸς
2535 716 2596 769 τὸ
2628 718 2847 791 δόκιμον
2885 724 3220 794 ἐργάσασθαι
3253 712 3444 799 ἄνδρα,
3466 712 3717 789 καὶ-παι-

2050 798 2236 852 δεῦσαι
2289 801 2387 871 τῆς
2440 804 2717 875 ὑπομονῆς
2764 808 2863 878 τὴν
2897 812 3116 883 ἀρετήν.
3147 814 3212 866 Τί
3249 798 3361 881 οὖν,
3426 821 3610 889 φησὶν,
3646 822 3715 876 ἂν

2049 887 2350 977 περιτρέψῃ
2370 900 2393 927 ο
2427 891 2519 944 καὶ
2545 893 2825 967 καταϐάλῃ
2855 896 2940 951 διὰ
2966 900 3063 968 τῆς
3085 901 3415 975 ὑπερϐολῆς;
3440 887 3661 977 Πιστὸς
3682 914 3717 965 ὁ

2049 974 2213 1062 Θεὸς,
2249 975 2317 1042 ὃς
2364 979 2476 1031 οὐκ
2522 979 2690 1035 ἐάσει
2726 982 2885 1052 ἡμᾶς
2926 974 3527 1062 πειρασθῆναιίύπὲρ
3551 994 3583 1049 ὃ
3611 974 3719 1050 δυ-

2045 1061 2303 1152 ἴιάχιεθα,
2538 1068 2659 1123 σὺν
2694 1069 2775 1136 τῷ
2820 1076 3125 1145 πειρασμῷ
3171 1079 3413 1146 ποιήσει
3455 1061 3555 1135 καὶ
3599 1084 3718 1152 τὴν

2045 1145 2298 1203 ἔκϐασιν
2326 1151 2433 1240 τοῦ
2472 1151 2766 1211 δύνασθαι
2806 1157 2965 1228 ἡμᾶς
3008 1164 3380 1235 ὑπενεγκεῖν.
3412 1168 3477 1221 Εἰ
3509 1168 3618 1240 γάρ
3654 1145 3714 1238 ἐξ

2044 1235 2264 1327 ἀγάπης
2292 1239 2391 1309 μὲν
2436 1242 2469 1310 ἡ
2513 1243 2751 1311 παιδεία,
2781 1248 2814 1318 ή
2842 1248 2898 1301 δὲ
2927 1251 3311 1324 ἐγκατάλειψις
3351 1254 3458 1309 ἀπὸ
3499 1235 3711 1327 μίσους,

2042 1321 2144 1375 οὑκ
2184 1324 2298 1378 ἔστι
2347 1327 2441 1381 τοῦ
2487 1330 2653 1383 αὑτοῦ
2682 1333 2856 1401 φιλεῖν
2889 1336 3025 1407 ὁμοῦ
3058 1341 3153 1393 καὶ
3194 1344 3371 1411 μισεῖν
3402 1342 3494 1398 τὸν
3525 1345 3710 1410 αὑτὸν,

2043 1409 2164 1464 οὑδέ
2194 1414 2467 1468 παιδεύειν
2491 1417 2626 1489 ὁμοῦ
2648 1420 2741 1473 καὶ
2761 1409 3279 1496 ἐγκαταλιμπάνειν.
3311 1429 3436 1494 Πῶς
3468 1426 3563 1487 οὖν
3589 1409 3716 1486 1101-

2044 1496 2125 1551 λοὶ
2181 1502 2516 1572 κατέπεσον;
2578 1509 2761 1578 φησίν.
2800 1510 3057 1577 Ἑαυτοὺς
3100 1515 3574 1590 ἀποστερήσαντες
3613 1520 3711 1577 τοῦ

2042 1583 2201 1651 Θεοῦ,
2249 1589 2310 1642 06
2362 1592 2812 1663 καταλειφθέντες
2858 1600 2951 1652 ὑπ’
2972 1583 3329 1659 αὑτοῦ.⁹Ιὸοὗ
3361 1583 3483 1676 *γὰρ
3524 1583 3711 1679 0211(1-

2042 1677 2367 1746 κρύνοντες
2416 1682 2669 1751 ἑαυτοὺς
2713 1687 2834 1741 ἀπὸ
2868 1690 2986 1743 σοῦ
3035 1692 3429 1750 ἀπολοῦνται.
3480 1677 3709 1770 Μακρύο

2039 1779 2189 1817 νουσι
2225 1765 2283 1819 δὲ
2313 1767 2387 1840 μὴ
2420 1768 2678 1841 φέροντες
2710 1774 2810 1837 τὰς
2836 1774 2931 1828 τοῦ
2961 1776 3098 1830 Θεοῦ
3131 1779 3397 1847 παιδείας,
3420 1781 3534 1836 ἀλλ’
3557 1765 3711 1855 ὀργι-

2040 1852 2254 1942 ζόμενοι
2289 1857 2383 1910 καὶ
2413 1858 2967 1932 δυσανασχετοῦντες·
3003 1866 3098 1919 καὶ
3141 1868 3396 1939 καθάπερ
3427 1872 3476 1923 οἱ
3508 1852 3709 1942 μοχθη-

2041 1940 2126 2010 ροὶ
2154 1941 2261 1997 τῶν
2296 1945 2521 2011 παίδων,
2556 1949 2665 2001 τῶν
2692 1951 2942 2023 πατέρων
2963 1953 3162 2018 αὑτοὺς
3188 1956 3327 2029 πρὸς
3353 1940 3706 2024 διδασκάλους

2039 2031 2385 2099 πεμπόντων,
2403 2033 2470 2088 ἂν
2494 2037 2620 2099 τοὺς
2642 2038 2758 2090 ἐκεῖ
2788 2039 2983 2104 πόνους
3012 2042 3103 2095 καὶ
3126 2042 3226 2107 τάς
3245 2044 3472 2112 ὀλίγαςά
3507 2047 3706 2116 φυγόν-

2038 2135 2129 2182 τες
2174 2120 2389 2191 πληγάς
2430 2124 2529 2195 τῆς
2571 2125 2680 2178 τῶν
2702 2127 2904 2195 γονέων
2939 2130 3289 2201 ἀποπηδῶσιν
3319 2132 3514 2203 ὅψεως,
3545 2136 3702 2207 ἐκέρ-

2026 2207 2192 2262 δανόν
2230 2226 2289 2263 τε
2327 2211 2499 2277 οὐδὲν,
2536 2216 2631 2267 καὶ
2664 2217 2902 2288 χείροσιν
2951 2220 3177 2284 ἑαυτοὺς
3214 2223 3574 2294 περιέπειραν
3605 2242 3704 2279 κα-
3761 2212 3770 2223 ’

2036 2295 2173 2361 κοῖς,
2212 2298 2269 2349 ἐν
2299 2298 2554 2373 ἀλλοτρίᾳ
2583 2301 2873 2372 λιμώττειν
2904 2306 2998 2358 καὶ
3024 2306 3255 2361 ἀλᾶσθαι
3289 2310 3382 2363 καὶ
3409 2314 3582 2363 νοσεῖν
3610 2312 3704 2365 καὶ

2034 2382 2397 2454 ἀτιμάζεσθαι
2425 2388 2517 2443 καὶ
2542 2389 2815 2445 δουλεύειν
2846 2393 3282 2466 ἀναγκαζόμενοι
3306 2414 3321 2429 ο
3351 2396 3495 2452 οὕτω
3526 2400 3621 2453 καὶ
3653 2403 3702 2454 οἰ

2031 2468 2130 2540 τὴν
2170 2470 2265 2524 τοῦ
2296 2471 2429 2524 Θεοῦ
2468 2475 2717 2530 παιδείαν
2758 2477 3095 2551 εὐχαρίστως
3139 2482 3215 2555 μὴ
3260 2484 3535 2554 φέροντες,
3566 2485 3703 2540 ἀλλά

2032 2556 2573 2629 δυσανασχετοῦντες,
2597 2564 2733 2634 πρὸς
2758 2566 2837 2636 τῷ
2879 2566 3045 2638 μηδὲν
3087 2569 3146 2635 ἐξ
3176 2568 3329 2643 [171]
3359 2572 3529 2642 αὑτῆς
3567 2590 3702 2644 καρ-

2033 2643 2316 2701 πώσασθαι
2348 2648 2444 2703 καὶ
2471 2652 2593 2714 ταῖς
2624 2653 2879 2723 ἐσχάταις
2907 2656 3132 2719 ἑαυτοὺς
3154 2658 3537 2729 περιϐάλλουσι
3570 2643 3701 2731 συμ-

2030 2737 2244 2805 φοραῖς.
2281 2736 2383 2790 Διά
2426 2736 2585 2791 τοῦτο
2632 2744 2921 2813 καρτερεῖν
2974 2747 3423 2817 παρηγγέλμεθα,
3465 2747 3561 2801 καὶ
3600 2748 3701 2821 τὴν

2030 2822 2255 2892 καρδίαν
2285 2823 2528 2879 εὐθύνειν
2570 2824 2669 2897 τὴν
2693 2829 2921 2883 ἑαυτῶν.
2942 2830 3101 2886 Ἀλλά
3132 2834 3311 2905 πολλῷ
3343 2835 3700 2908 χαλεπώτερα

2030 2909 2323 2972 πέπονθας.
2373 2912 2509 2964 Ούδὲ
2536 2913 2643 2985 γὰρ
2672 2916 2722 2991 οἰ
2754 2917 3099 2989 παιδοτρίϐαι
3128 2919 3337 2986 πάντας
3372 2924 3571 2994 ὁμοίως
3604 2927 3699 2979 καὶ

2028 2994 2109 3046 ἐνὶ
2152 2994 2340 3065 τρόπῳ
2371 2998 2760 3068 γυμνάζουσιν,
2798 3002 2936 3057 ἀλλά
2980 3008 3095 3069 τοῖς
3145 3006 3245 3076 μὲν
3288 3008 3697 3081 ἀσθενεστέροις

2026 3082 2289 3148 ἀσθενεῖς,
2328 3087 2439 3149 τοῖς
2480 3086 2537 3140 δὲ
2580 3089 2844 3156 γενναίοις
2869 3093 3139 3158 τοιούτους
3163 3105 3187 3134 θ
3208 3096 3538 3166 παρέχουσιν
3569 3099 3698 3151 ἀντ-

2026 3171 2365 3237 αγωνιστάςο
2399 3173 2428 3225 6
2469 3173 2576 3244 γὰρ
2609 3174 2819 3231 ἐλάττω
2864 3179 2961 3249 τῆς
3006 3182 3214 3246 οἰκείας
3262 3182 3544 3255 δυνάμεως
3601 3187 3696 3240 λα-

2026 3255 2136 3308 ϐὼν
2162 3256 2255 3345 τὸν
2282 3259 2710 3334 ἀνταγωνιστὴν,
2736 3265 2837 3319 κᾶν
2876 3266 2944 3320 δι’
2971 3268 3100 3340 ὅλης
3137 3270 3285 3342 αὑτῷ
3316 3272 3695 3345 συμπλέκηται

2021 3343 2122 3414 τῆς
2148 3344 2384 3415 ἡμέρας,
2414 3347 2621 3413 ἐκεῖνος
2650 3351 2998 3423 ἀγύμναστος
3037 3355 3239 3426 ἔμεινε.
3280 3359 3406 3423 Πῶς
3441 3356 3554 3426 οὖν,
3589 3343 3697 3433 φη-

2027 3433 2099 3497 σὶ,
2143 3435 2271 3498 τοὺς
2299 3435 2390 3489 τὸν
2426 3437 2590 3490 αὑτὸν
2622 3439 3069 3513 ἐπανῃρημένους
3110 3445 3245 3516 βίον,
3278 3447 3340 3502 οὑ
3368 3451 3480 3513 τόῖς
3509 3450 3694 3516 αὑτοῖς

2022 3520 2206 3574 ἀθλεῖν
2232 3522 2454 3595 ἐποίησε
2487 3518 2701 3591 πόνοιςς
2732 3528 2855 3580 Ὅτι
2903 3531 2963 3583 οὑ
3016 3530 3111 3601 μία
3158 3534 3311 3603 παρά
3340 3535 3458 3607 Θεῷ
3479 3554 3693 3608 γυμνα-

2026 3606 2146 3670 σίας
2182 3608 2312 3689 ἰδέα,
2341 3610 2463 3663 ούδὲ
2504 3611 2611 3664 τῶν
2649 3614 2827 3667 αὑτῶν
2851 3614 3088 3681 ἅπαντες
3106 3618 3334 3685 δέονται,
3366 3622 3469 3676 κᾶν
3498 3606 3691 3689 ἐντοῖς

2023 3694 2205 3758 αὐτοῖς
2224 3688 2324 3749 ὦσι
2346 3713 2359 3727 ·
2386 3698 2481 3750 καὶ
2514 3698 2622 3769 γὰρ
2640 3700 2919 3767 νοσοῦντες
2947 3704 3131 3758 πολλοί
3153 3708 3273 3771 ταῖς
3303 3709 3493 3773 αὑταῖς
3517 3688 3691 3776 νόσοις

2021 3781 2082 3868 06
2125 3781 2235 3834 τῶν
2273 3783 2450 3837 αὑτῶν
2487 3785 2785 3857 ἐδεήθησαν
2829 3790 3159 3861 φαρμάκων,
3195 3793 3311 3846 ἀλλ’
3337 3794 3538 3865 ἐτέρων
3587 3798 3689 3868 μὲν

2022 3859 2187 3932 οὗτοι,
2217 3869 2416 3940 ἐτέρων
2452 3870 2509 3923 δὲ
2537 3873 2753 3927 ἐκεῖνοι.
2797 3876 2896 3929 Διά
2914 3859 3084 3931 τοῦτο
3116 3880 3347 3934 ποικίλοι
3382 3859 3476 3936 καὶ
3504 3859 3692 3953 διάφο-

2023 3974 2107 4029 ροι
2134 3958 2244 4011 τῶν
2272 3961 2550 4030 μαστίγων
2571 3964 2620 4015 οἰ
2650 3964 2862 4033 τρόποι,
2893 3967 2987 4021 καὶ
3016 3970 3044 4021 6
3072 3969 3171 4039 μὲν
3219 3969 3358 4041 νόσῳ
3399 3972 3687 4044 δοκιμάζε-

2018 4064 2108 4099 ται
2142 4050 2348 4119 μακρᾷ,
2381 4051 2410 4101 6
2433 4049 2488 4103 δὲ
2516 4049 2790 4125 βαρυτάτῃ
2824 4054 3006 4126 πενίᾳ,
3033 4056 3111 4127 τῷ
3142 4057 3423 4127 βιάζεσθαι
3456 4063 3550 4115 καὶ
3572 4063 3686 4117 ἀδι-

2018 4138 2229 4191 κεῖσθαι
2269 4139 2453 4212 ἕτερος
2478 4139 2521 4207 ί,
2572 4142 2728 4208 ἄλλος
2774 4144 2856 4215 τῷ
2902 4151 3143 4218 συνεχεῖς
3200 4151 3292 4203 καὶ
3339 4152 3683 4226 ἐπαλλήλους

2017 4224 2281 4308 θανάτους
2310 4228 2403 4280 καὶ
2430 4228 2634 4283 παίδων
2664 4232 2756 4284 καὶ
2789 4231 2898 4285 τῶν
2923 4234 3070 4303 αὑτῷ
3105 4239 3488 4308 προσηκόντων
3520 4224 3685 4300 ίδεῖν.ι

2016 4312 2111 4364 καὶ
2139 4305 2293 4376 οὗτος
2329 4315 2426 4384 μὲν
2456 4315 2534 4387 τῷ
2562 4317 2713 4389 παρὰ
2734 4320 2949 4373 πάντων
2977 4305 3408 4394 ἀπορρίπτεσθαι
3437 4330 3531 4387 καὶ
3557 4332 3683 4402 μηδ’

2015 4397 2133 4462 ἐνὸς
2164 4398 2444 4463 ἀξιοῦσθαι
2494 4402 2674 4471 λόγου,
2706 4407 2912 4470 ἐκεῖνος
2956 4407 3012 4461 δὲ
3059 4409 3138 4480 τῷ
3174 4397 3569 4472 διαϐάλλεσθαι-
3593 4397 3690 4488 ἐφ’

2013 4481 2095 4551 οἷς
2120 4488 2271 4542 οὐδὲν
2295 4488 2474 4559 ἐαυτῷ
2505 4490 2733 4557 σύνοιδε,
2776 4495 2872 4548 καὶ
2903 4500 3146 4567 πονηρᾶς
3186 4498 3345 4574 δόξης
3392 4481 3681 4575 ἀνέχεσθαι

2015 4575 2200 4646 βάρος,
2228 4578 2320 4630 καὶ
2347 4578 2503 4641 ἄλλος
2534 4579 2706 4644 ἄλλως
2725 4600 2737 4611 ·
2773 4583 2893 4635 οὑδὲ
2922 4584 3031 4656 γὰρ
3058 4586 3280 4646 δυνατὸν
3308 4589 3521 4649 ἅπαντα
3542 4593 3679 4664 μετά

2012 4665 2295 4733 ἀκριϐείας
2319 4666 2786 4738 ἐξαριθμήσασθαι
2816 4669 2930 4724 νῦν.
2957 4672 3170 4731 Τούτων
3195 4675 3253 4733 δέ
3279 4676 3504 4733 ἕκαστον
3532 4679 3680 4741 δοκεῖ

2014 4752 2135 4822 μὲν,
2172 4754 2295 4807 ὅσον
2321 4754 2456 4824 πρὸς
2483 4756 2583 4827 τὴν
2602 4757 2710 4813 τῶν
2734 4758 2841 4813 σῶν
2873 4762 3171 4833 παράθεσιν
3207 4768 3525 4839 συμφορῶν,
3550 4769 3677 4829 x06.-

2013 4856 2111 4908 φον
2143 4837 2281 4893 εἶναι
2325 4844 2417 4895 καί
2456 4842 2640 4897 οὐδέν·
2691 4848 2740 4898 εί
2782 4846 2839 4903 δὲ
2890 4850 2947 4901 ἐν
2997 4850 3163 4926 πείρᾳ
3197 4837 3676 4926 κατέστηςαὺτῶν

2010 4926 2212 4997 ἔμαθες
2238 4927 2306 4981 ἂν
2343 4929 2425 4983 ὅτι
2448 4929 2605 4984 τοῦτο
2625 4933 2708 5001 ἐφ’
2732 4926 2777 5001 ᾧ
2806 4936 2870 4988 σὺ
2899 4936 2992 4990 νῦν
3018 4937 3219 5002 ἀλύεις,
3244 4941 3467 4997 ἐκείνων
3497 4945 3677 5021 πολλῷ

2010 5016 2390 5087 φορητότερον.
2419 5017 2481 5070 Εἰ
2502 5019 2557 5072 δὲ
2580 5022 2672 5078 καὶ
2691 5022 2795 5075 εἰσί
2824 5041 2965 5087 τινες
2994 5025 3212 5082 ἔλαττον
3242 5030 3399 5101 ἡμῶν
3421 5016 3672 5087 παιδευόξ

2013 5122 2184 5175 μενοι,
2213 5104 2287 5176 μὴ
2317 5106 2799 5182 σκανδαλιζώμεθα
2820 5112 2913 5167 ἐπὶ
2932 5112 3103 5185 τούτῳ
3121 5131 3135 5144 ο
3168 5116 3201 5186 ή
3224 5116 3333 5193 γὰρ
3352 5118 3460 5171 τῶν
3492 5120 3684 5178 πόνωνι

2008 5193 2259 5257 ἐπίτασις
2309 5195 2515 5265 μισθῶν
2557 5197 2805 5261 ἐπίτασίς
2841 5200 2956 5251 ἐστι
3010 5202 3105 5254 καί¹
3150 5200 3386 5274 ἔρεισμα
3428 5206 3669 5274 ἀσφαλὲς

2008 5280 2144 5353 πρὸς
2184 5283 2244 5335 τὸ
2290 5284 2488 5354 μηκέτι
2529 5286 2752 5349 ἑκόντας
2782 5285 2815 5355 ἢ
2858 5286 3087 5352 ἄκοντας
3124 5290 3376 5346 ἐκπεσεῖν
3398 5311 3411 5323 '
3441 5296 3671 5369 καὶγὰρ

2005 5371 2172 5440 τῦφον
2210 5372 2581 5437 καταστέλλει,
2604 5374 2699 5433 καὶ
2731 5375 3001 5451 ρᾳθυμίαν
3033 5378 3382 5450 ἀποστρέφει,
3411 5385 3504 5438 καὶ
3534 5402 3668 5457 (990,-

2068 5534 2089 5602 ξ
2116 5531 2375 5602 ἕίοηϐοἰί).
2404 5533 2710 5602 ειῆεεγμκᾼι
2732 5534 2903 5602 Morel,
2928 5538 3205 5602 ἐπιστρέψῃ.

2062 5591 2087 5630 d
2114 5594 2191 5641 Sic
2213 5592 2349 5643 Colb.
2379 5603 2431 5643 et
2450 5596 2598 5645 Savil.
2619 5597 2789 5645 Morel.
2812 5599 2891 5645 καὶ
2912 5599 2993 5653 τὰς
3015 5591 3204 5648 ἐκέἶθέῧ.

2070 5659 2093 5683 ο
2115 5654 2285 5731 φοι-οι.
2310 5658 2363 5731 ού
2383 5658 2636 5730 τοιούτους.
2664 5658 2791 5708 Infra
2814 5660 2863 5707 in
2896 5661 3071 5709 eodem
3094 5664 3329 5725 solo.post
3366 5665 3662 5731 ἐπανῃρημέ-

2006 5731 2103 5780 νους
2117 5719 2311 5780 legitur
2330 5719 2450 5780 ἐμοί.
2930 5750 2935 5755 ι

2068 5777 2084 5816 ί
2110 5778 2280 5828 Morel.
2305 5777 2453 5845 πενίᾳ·
2481 5783 2506 5829 6
2529 5783 2665 5846 δέτῷ
2693 5784 2927 5847 βιάζεσθαι
2948 5786 3026 5833 καὶ
3050 5787 3307 5839 διακεῖσθαι
3326 5790 3655 5854 ἕτεροςιωειε.
