4036 6416
388 356 486 414 Ml

386 473 717 546 νιμωτέρους
762 478 931 541 ποιεῖ,
980 477 1077 532 καὶ
1119 477 1547 552 εὐλαϐεστέρους
1585 479 1894 553 ἐργάζεται.
1942 480 2054 534 Kal

387 560 524 626 ὅλως
564 564 613 615 εἰ
643 562 884 632 βούλοιτό
912 580 996 627 τις
1029 563 1342 638 ἐξαριθμεῖν
1382 568 1619 630 ἅπαντα,
1659 567 1830 621 πολλά
1869 568 1936 622 ἂν
1963 566 2057 620 εῦ-

393 661 517 721 ροιι
545 651 613 703 τὰ
641 651 806 723 κέρδη
830 650 940 705 τῶν
965 654 1308 724 πειρασμῶν.
1340 656 1435 709 καὶ
1463 656 1564 709 οὐκ
1592 655 1739 709 ἐστιν
1773 654 1950 718 οὐδεὶς
1982 648 2058 707 ὧν

389 736 556 801 πολὺς
589 738 739 808 παρὰ
774 738 853 810 τῷ
884 739 1002 810 Θεῷ
1031 739 1187 809 λόγος
1212 741 1444 812 θλίψεως
1474 742 1650 807 ἐκτὸς,
1688 740 1791 795 κᾶν
1819 743 1951 812 ἡμῖν
1983 741 2059 814 μὴ

388 822 531 878 οὕτω
561 825 840 895 φαίνηται.

459 913 525 977 ζ’.
567 914 632 968 Εἰ
669 916 779 987 γὰρ
821 917 850 969 ὀ
884 917 1152 988 μακάριος
1189 916 1401 980 Παῦλος
1424 917 1557 991 πολὺ
1577 916 1645 970 τὸ
1678 917 1910 988 πρᾶγμα
1954 917 2059 969 ὺπ-

389 1000 627 1071 έμεινεν,
649 1004 823 1067 οὐδεὶς
872 1005 930 1058 δέ
976 1006 1186 1059 ἐκείνου
1218 1005 1441 1075 μείζων,
1461 1005 1575 1059 ἀλλ’
1596 1005 1719 1059 οὐδὲ
1759 1005 1872 1067 ίσος
1919 1003 2057 1066 ἐστὶ,

390 1089 506 1154 πῶς
571 1092 649 1145 ἔνι
704 1092 783 1176 μὴ
833 1094 1091 1165 δεηθῆναι
1128 1095 1226 1164 τῆς
1269 1093 1522 1165 βοηθείας
1573 1092 1779 1163 ταύτης
1827 1090 2059 1156 αὐτούς;

387 1178 453 1234 Εί
508 1180 567 1233 δέ
621 1198 767 1245 τινες
817 1182 939 1235 οὐδὲ
988 1184 1109 1245 ταῖς
1156 1180 1369 1251 θλίψεσι
1399 1179 1625 1244 ταύταις
1655 1177 2060 1251 ἐσωφρονίσθη-

389 1283 511 1330 σαν,
540 1269 723 1322 οὐκέτι
771 1268 928 1323 τοῦτο
980 1270 1132 1341 παρὰ
1175 1270 1273 1339 τὴν
1315 1269 1495 1323 αἰτίαν
1527 1268 1623 1323 τοῦ
1668 1268 1767 1340 τὴν
1815 1267 2063 1321 παιδείαν

388 1355 776 1423 ἐπαγαγόντος.
814 1354 950 1408 ἀλλά
992 1355 1141 1428 παρὰ
1175 1356 1274 1427 τὴν
1316 1355 1609 1427 ὀλιγωρίαν
1630 1354 1873 1409 ἐκείνων.
1906 1355 1969 1407 Et
2006 1353 2063 1407 δέ

393 1440 467 1511 μὴ
513 1441 746 1512 ἐπετέθη
792 1442 854 1494 τὸ
903 1444 1217 1514 φάρμακον,
1246 1442 1395 1513 παρὰ
1441 1443 1500 1495 τὸ
1529 1440 1838 1513 ἠμελῆσθαι
1877 1439 2063 1506 ἔδοξαν

388 1527 456 1579 ἂν
505 1528 868 1583 ἀπολωλέναι·
939 1530 1031 1583 νῦν
1081 1531 1138 1583 δέ
1182 1531 1242 1583 οὐ
1287 1531 1483 1601 μικρὸν
1516 1530 1742 1602 ηνυσται
1784 1528 1847 1581 τὸ
1898 1527 2063 1598 μηδὲν

388 1617 663 1671 αἰτιᾶσθαι
713 1619 803 1672 τὸν
856 1620 1060 1690 ἰατρὸν,
1099 1620 1235 1672 άλλά
1279 1620 1405 1685 τοὺς
1458 1619 1769 1689 κάμνοντας
1816 1618 1914 1672 καὶ
1963 1616 2064 1688 τὴν

388 1704 719 1775 ἀπροσεξίαν
774 1707 973 1760 αὐτῶν.
1028 1708 1090 1760 Εἰ
1132 1708 1189 1760 δέ
1233 1725 1380 1770 τινες
1427 1708 1534 1779 πρὸ
1580 1706 1691 1760 τῶν
1740 1704 2064 1778 πειρασμῶν

387 1791 525 1863 ὀρθά
567 1792 873 1863 βαδίζοντες
928 1795 1066 1865 μετὰ
1104 1796 1201 1864 τὴν
1242 1794 1447 1847 τούτων
1491 1791 1788 1864 ἐπαγωγὴν
1834 1791 2066 1845 κατέπε-

393 1894 504 1943 σον,
535 1881 629 1933 καὶ
673 1881 833 1935 πάλιν
874 1880 1050 1952 ἐτεροι
1096 1882 1275 1935 πᾶσαν
1317 1881 1680 1953 ἐπερχόμενοι
1718 1878 1940 1944 κακίαν,
1971 1879 2065 1932 ού-

389 1970 581 2043 δεμιᾶς
614 1969 845 2040 θλίψεως
884 1969 1275 2043 ἐπειράθησαν,
1315 1970 1466 2025 ἄλλοι
1496 1969 1552 2023 δέ
1584 1972 1649 2022 ἐκ
1689 1967 1913 2041 πρώτης
1945 1967 2064 2038 ἠλι-

391 2059 516 2122 κίας
564 2061 646 2122 εἰς
680 2058 917 2129 ἐσχάτας
965 2057 1242 2122 ἀναπνοὰς
1291 2058 1516 2129 μυρίαις
1562 2056 1887 2128 τρυχόμενοι
1927 2072 2066 2126 συμ-

391 2146 589 2217 φοραῖς
639 2145 966 2211 διετέλεσαν,
1015 2145 1205 2217 μηδενὶ
1254 2146 1461 2200 τούτων
1514 2143 1871 2216 θορυϐώμεθα
1914 2142 2063 2217 [172]

396 2232 528 2303 μηδὲ
582 2234 1034 2305 καταπίπτωμεν.
1091 2232 1155 2286 Εἰ
1202 2232 1303 2305 μὲν
1353 2232 1463 2306 γάρ
1512 2234 1732 2288 ἃπασαν
1777 2233 2067 2304 δυνάμενοι

392 2322 485 2375 καί
530 2320 835 2390 ὀφείλοντες
879 2321 980 2392 τῆς
1011 2321 1268 2393 προνοίας
1300 2321 1465 2375 αὐτοῦ
1495 2320 1596 2392 τὴν
1638 2319 1951 2391 οἰκονομίαν
1991 2321 2069 2373 εἰ·

389 2410 568 2475 δέναι,
612 2409 786 2464 ταῦτα
835 2410 1160 2481 ἠγνοοῦμεν,
1215 2411 1383 2482 ἐχρῆν
1427 2409 1659 2482 ἀθυμεῖν
1708 2411 1807 2465 καὶ
1863 2412 2068 2482 ταράτ-

391 2496 609 2552 τεσθαι·
652 2499 701 2552 εἰ
734 2497 791 2550 δέ
833 2498 928 2552 καὶ
956 2500 985 2551 ὁ
1015 2497 1287 2552 τοσούτων
1341 2500 1671 2571 ἀπορρήτων
1706 2501 2065 2571 κοινωνήσας,

393 2586 486 2642 καὶ
516 2589 596 2650 είς
640 2584 824 2658 τρίτον
865 2585 1104 2639 ἀνελθὼν
1151 2587 1399 2657 οὐρανὸν,
1452 2587 1722 2655 ἰλιγγίασε
1762 2587 1900 2659 πρὸς
1939 2588 2070 2641 ταύ-

392 2691 491 2747 την
538 2675 639 2746 τὴν
689 2672 944 2738 ἄϐυσσον,
996 2674 1091 2728 καὶ
1140 2673 1407 2743 διακύψας
1463 2674 1601 2745 πρὸς
1642 2673 1705 2727 τὸ
1760 2674 1924 2745 βάθος
1972 2675 2068 2730 τοῦ

394 2761 624 2815 πλούτου
685 2762 780 2814 καὶ
823 2762 924 2831 τῆς
975 2761 1166 2831 σοφίας
1209 2763 1305 2815 καὶ
1347 2761 1448 2833 τῆς
1489 2760 1745 2831 γνώσεως
1795 2763 1888 2817 τοῦ
1930 2763 2066 2818 Θεοῦ

394 2850 712 2921 κατεπλάγη
775 2852 956 2921 μόνον,
1012 2853 1110 2906 καὶ
1173 2852 1336 2915 εὐθὺς
1390 2851 1742 2925 ἀνεχώρησε,
1791 2854 1845 2908 τί
1892 2855 2069 2927 μάτην

394 2939 670 3010 κόπτομεν
702 2939 929 3003 ἑαυτοὺς
958 2939 1546 3012 πολυπραγμονοῦντες
1576 2943 1646 2996 τά
1670 2942 2071 3016 ἀνεξερεύνητα

396 3026 491 3079 καὶ
528 3024 817 3097 ζητοῦντες
860 3026 932 3079 τά
975 3024 1393 3096 ἀνεξιχνίασταξ
1429 3027 1540 3081 Kal
1588 3028 1759 3101 ἰατρῷ
1811 3029 1910 3101 μὲν
1960 3033 2071 3095 τοῖς

397 3116 742 3187 φαινομένοις
783 3117 917 3186 ἡμῖν
965 3116 1304 3186 συμφέρουσι
1347 3116 1606 3180 πολλάκις
1650 3118 1869 3172 ἐναντία
1897 3135 2070 3191 προσ-

397 3200 680 3265 τάττοντι,
744 3202 839 3254 καὶ
900 3200 960 3254 τὸ
1021 3198 1368 3269 καταψυχθὲν
1430 3199 1591 3270 μέλος
1651 3200 1931 3255 ὑποθεῖναι
1980 3219 2071 3256 κε-

398 3288 605 3342 λεύοντι
650 3288 886 3361 κρουνῷ,
922 3288 1016 3342 καὶ
1055 3287 1191 3343 ἄλλα
1232 3286 1403 3341 πολλά
1441 3288 1668 3342 τοιαῦτα
1720 3290 2072 3362 ἐργαζομένῳ

399 3371 675 3444 παράδοξα
734 3373 836 3425 οὐκ
903 3369 1273 3443 άντιλέξομεν,
1331 3371 1447 3425 ἀλλ’
1505 3372 1692 3444 ἐπειδὴ
1766 3373 2072 3441 φθάσαντες

399 3454 696 3525 ἐπείσαμεν
745 3454 973 3517 ἑαυτοὺς
1037 3453 1118 3507 ὅτι
1163 3453 1243 3524 τῷ
1304 3455 1404 3525 τῆς
1463 3455 1659 3525 τέχνης
1717 3455 1863 3526 λόγῳ
1913 3454 2073 3508 τοῦτο

400 3541 565 3601 ποιεῖ,
612 3538 750 3607 μετά
784 3537 1094 3611 προθυμίας
1134 3537 1370 3610 εἴξομεν,
1404 3539 1581 3593 καίτοι
1621 3556 1685 3608 γε
1718 3539 2072 3611 διαμαρτόντι

401 3619 696 3684 πολλάκις·
746 3620 839 3676 τὸν
884 3621 943 3674 δέ
997 3620 1129 3673 Θεὸν
1187 3621 1280 3675 τὸν
1331 3622 1585 3676 τοσοῦτον
1622 3622 1779 3693 ἡμῶν
1832 3624 2074 3695 ἀφεστη-

404 3704 537 3758 κότα
569 3706 629 3757 ἐν
672 3704 879 3771 άπασι,
926 3704 1018 3759 τὸν
1076 3704 1403 3775 αὑτοσοφίαν
1452 3705 1610 3771 ὄντα,
1671 3705 1761 3759 τὸν
1816 3707 2073 3761 οὐδέποτε

403 3790 861 3863 διαμαρτάνοντα,
909 3792 1549 3865 πολυπραγμονήσομεν;
1590 3792 1702 3847 Kal
1733 3793 1792 3846 δν
1829 3795 1927 3864 μέν
1966 3795 2074 3848 ἔδει

404 3880 699 3952 λογισμοὺς
743 3881 1014 3948 ἀπαιτεῖν,
1060 3882 1237 3953 τούτῳ
1281 3881 1643 3953 πιστεύσομεν
1692 3882 1899 3949 ἁπλῶς,
2017 3883 2076 3936 δέ

405 3969 515 4023 ἔδει
572 3971 718 4041 μόνῳ
748 3969 1045 4034 πιστεύειν,
1096 3968 1287 4024 τοῦτον
1323 3969 1551 4034 εὐθύνας
1585 3970 1680 4024 καὶ
1728 3968 1919 4038 λόγους
1967 3969 2076 4025 τῶν

408 4058 802 4130 πραττομένων
855 4059 1254 4129 ἀπαιτήσομεν,
1323 4057 1416 4111 καὶ
1479 4056 1916 4128 δυσχερανοῦμεν
1979 4058 2077 4129 τὴν

406 4145 665 4214 ἄγνοιαν;
701 4146 813 4198 Kal
845 4145 947 4199 ποῦ
985 4145 1159 4199 ταῦτα
1190 4144 1368 4216 ψυχῆς
1398 4143 1689 4210 εύσεϐοῦς;
1729 4144 1841 4216 Μὴ,
1888 4143 2078 4211 δέομαι

407 4234 504 4288 xal
530 4234 815 4299 ἀντιϐολῶ,
849 4234 924 4306 μὴ
965 4234 1102 4306 πρὸς
1128 4232 1381 4287 τοσοῦτον
1421 4233 1618 4303 μανίας
1666 4232 1929 4304 ἔλθωμεν,
1960 4233 2076 4288 ἀλλ’

410 4326 469 4376 ἐν
516 4323 718 4377 ἅπασιν
758 4318 841 4387 οἷς
876 4323 942 4377 ἂν
991 4322 1308 4395 ἀπορῶμεν,
1364 4323 1541 4376 ἐκεῖνο
1583 4320 1953 4392 ἐπιλέγωμεν·
2003 4324 2080 4376 Τὰ

409 4410 664 4480 κρίματὰ
705 4427 821 4465 σου
878 4409 1151 4477 ἄϐυσσος
1204 4407 1422 4475 πολλή.
1468 4410 1578 4462 Kal
1621 4408 1730 4480 γάρ
1776 4410 1871 4462 καὶ
1920 4408 2079 4462 τοῦτο

410 4502 542 4554 αὐτὸ
570 4501 669 4571 τῆς
700 4499 797 4554 τοῦ
840 4498 975 4553 Θεοῦ
1009 4499 1203 4570 σοφίας
1230 4499 1349 4552 ἐστὶ
1379 4498 1441 4551 τὸ
1487 4497 1563 4569 μὴ
1595 4497 1772 4551 πάντα
1818 4499 1966 4569 ἡμᾶς
1998 4499 2076 4550 εἰ-

410 4581 558 4636 δέναι
591 4583 798 4652 σαφῶς.

348 4661 377 4681 ”⁷
485 4668 549 4720 Εἰ
585 4668 684 4737 μέν
733 4666 842 4736 γάρ
879 4666 1231 4736 ἐπιστάμενοι
1266 4663 1364 4727 τὰς
1412 4664 1590 4727 αίτίας
1624 4662 1730 4737 τῶν
1776 4664 2079 4735 γινομένων

413 4736 595 4816 οὕτως
631 4751 966 4823 ἐπειθόμεθα
1020 4752 1099 4823 τῷ
1157 4751 1305 4822 Θεῷ,
1360 4752 1460 4804 οὐκ
1517 4746 1585 4823 ἦν
1651 4736 1782 4821 η’μῖν
1840 4751 2009 4814 πολὺς
2051 4753 2080 4802 ὁ

418 4841 638 4911 μισθὸς,
676 4840 797 4894 οὐδὲ
850 4840 1087 4904 πίστεως
1130 4840 1192 4893 τὸ
1230 4841 1459 4911 πρᾶγμα
1507 4838 1748 4909 ὑπῆρξεν
1787 4838 2076 4902 ἐπίδειξις·

412 4931 539 4983 ὅταν
590 4929 648 4982 δὲ
715 4928 880 5000 μηδὲν
929 4928 1133 4982 τούτων
1189 4929 1387 4991 εἰδότες
1428 4927 1523 4980 καὶ
1570 4925 1713 4979 οῦτω
1758 4926 2078 4998 στέργωμεν

413 5018 583 5073 εἴκειν
622 5017 825 5072 ἅπασιν
872 5018 1038 5073 αὐτοῦ
1078 5022 1191 5083 τοῖς
1237 5018 1657 5090 προστάγμασι,
1707 5018 1800 5070 καὶ
1852 5019 1934 5081 εἰς
1974 5019 2080 5071 ὑπ-

414 5104 584 5173 ακοὴν
629 5105 858 5175 γνησίαν
901 5104 996 5156 καὶ
1033 5105 1113 5165 εἰς
1159 5104 1340 5155 πίστιν
1385 5102 1674 5173 εἰλικρινῆ,
1720 5104 1951 5172 μέγιστα
1983 5103 2082 5166 τὰς

414 5188 687 5259 ἡμετέρας
739 5188 1052 5260 ὠφελοῦμεν
1099 5187 1294 5257 ψυχάς.
1336 5188 1446 5240 Kal
1506 5187 1616 5257 γάρ
1670 5186 1727 5239 ἓν
1769 5188 1928 5253 μόνον
1984 5205 2082 5240 πε-

414 5276 632 5330 πεῖσθαι
672 5276 800 5349 χρὴ,
844 5278 924 5329 ὅτι
970 5276 1357 5348 συμφερόντως
1383 5277 1515 5346 ἡμῖν
1560 5275 1776 5329 ἅπαντα
1818 5276 2082 5344 ἐπάγεται

415 5364 567 5435 παρὰ
624 5365 717 5419 τοῦ
751 5364 919 5418 Θεοῦ·
956 5365 1047 5419 τὸν
1100 5364 1156 5417 δέ
1215 5365 1416 5435 τρόπον
1456 5364 1649 5434 μηκέτι
1688 5364 1914 5434 ζητεῖν,.
1950 5365 2084 5435 μηδέ

414 5454 743 5524 ἀγνοοῦντας
787 5454 1075 5524 ἀσχάλλειν
1122 5454 1155 5524 ἢ
1209 5452 1462 5524 ἀθυμεῖν.
1507 5452 1643 5505 Οῦτε
1700 5453 1809 5525 γὰρ
1858 5454 2084 5508 δυνατὸν

480 5603 507 5632 ⁸
528 5601 664 5665 Colb.
692 5608 746 5650 et
788 5602 932 5651 Savi].
963 5601 1274 5665 εῦρῃηΡδυΙο
1296 5607 1405 5663 post
1441 5600 1612 5665 Morel.
1638 5603 1747 5651 οῦτε
1764 5602 1898 5664 ἡμεῖς
1917 5602 2087 5665 πρότε-

415 5675 499 5720 ρον
521 5664 714 5727 ἑαυτοὺς
739 5665 999 5719 πείσαντες,
1020 5663 1164 5712 Cum.
1210 5664 1317 5727 οῦτε
1351 5664 1487 5725 ἡμεῖς
1516 5663 1965 5727 λέγομενπρότερον
2000 5666 2088 5711 αύ-

415 5741 525 5781 τους
543 5726 804 5783 πείσαντες,
836 5728 983 5774 Savil.
1012 5727 1120 5774 οὐτε
1154 5726 1289 5785 ἡμεῖς
1330 5727 1397 5783 (in
1437 5738 1589 5784 marg.
1616 5725 1918 5774 :idditlirxav
1942 5728 2087 5785 ζητῶ)

418 5787 1127 5897 ἕὸτερὲνλμύςέοὺςυπείσαντες.
1171 5787 1275 5837 Mox
1302 5787 1415 5837 Sav.
1460 5794 1509 5835 et
1550 5788 1687 5840 Colb.
1722 5788 1804 5835 καὶ
1827 5789 1890 5843 εἰς
1922 5786 2085 5837 τοῦτο.

469 5859 540 5895 0r.
609 5868 624 5894 I
701 5866 762 5897 εις
782 5866 941 5897 τουτο.

469 5859 540 5895 or.
565 5847 624 5897 ’ἀὶ
636 5851 675 5896 λ’
701 5851 762 5905 εἰς
782 5847 941 5897 τοῦτο.

1176 362 1233 418 S.
1274 362 1560 420 JOANNIS
1596 361 2086 420 CHRYSOSTOMI
2129 363 2447 420 ARCHIEP.
2484 364 3039 424 CONSTANTINOP.

3716 373 3829 424 442

2160 483 2337 537 ταῦτα
2384 481 2603 546 εἰδέναι,
2635 480 2757 536 οὔτε
2791 482 3086 554 συμφέρον,
3133 483 3195 537 τὸ
3227 483 3327 554 μὲν
3365 480 3456 538 διὰ
3498 482 3562 536 τὸ
3592 481 3832 555 θνητοὺς

2160 580 2326 648 εἶναι,
2378 584 2438 638 τὸ
2481 585 2540 637 δέ
2586 582 2676 637 διά
2721 584 2783 637 τὸ
2837 585 3047 654 ταχέως
3100 585 3182 648 εἰς
3239 583 3499 638 ἀπόνοιαν
3549 582 3823 654 αἴρεσθαι.

2162 677 2339 731 Πολλά
2367 678 2529 748 ἡμεῖς
2560 678 2875 748 πράττομεν
2904 676 3014 731 τῶν
3042 679 3157 741 τοῖς
3187 678 3348 731 παισὶ
3388 679 3502 739 τοῖς
3530 676 3827 746 ἡμετέροις

2158 766 2460 821 δοκούντων
2490 767 2591 839 μὲν
2620 762 2761 820 εἶναι
2793 766 3094 838 βλαϐερῶν,
3140 766 3525 839 συμφερόντων
3556 766 3613 820 δὲ
3640 767 3819 835 ὅμως·

2162 861 2254 913 καὶ
2290 858 2414 913 οὔτε
2443 860 2642 913 ἐκεῖνοι
2669 861 2766 930 τὴν
2803 860 2982 914 αἰτίαν
3013 859 3225 925 ἀξιοῦσι
3261 859 3474 931 μαθεῖν,
3506 858 3629 912 οὔτε
3660 859 3826 928 ἡμεῖς

2163 951 2428 1026 πρότερον
2451 954 2677 1017 ἑαυτοὺς
2706 953 2996 1017 πείσαντες
3018 954 3102 1007 ὅτι
3126 952 3392 1024 συμφέρει
3418 951 3482 1005 τὸ
3516 951 3823 1021 γινόμενον,

2160 1041 2334 1109 οὕτως
2392 1045 2486 1098 ἐπὶ
2534 1045 2596 1099 τὸ
2652 1046 2914 1117 πράττειν
3005 1045 3313 1117 ἐρχόμεθα,
3364 1044 3477 1098 ἀλλ’
3536 1045 3617 1107 εἰς
3666 1041 3828 1096 τοῦτο

2165 1141 2327 1209 μόνον
2365 1141 2558 1205 αὐτοὺς
2597 1140 3052 1213 παιδαγωγοῦμεν
3096 1140 3265 1196 εἴκειν
3289 1138 3372 1207 οἷς
3400 1139 3466 1195 ἂν
3496 1138 3829 1205 ἐπιτάξωςιν

2160 1232 2213 1284 οἱ
2250 1234 2507 1303 πατέρες,
2548 1234 2643 1287 καί
2680 1233 2847 1305 μηδὲν
2876 1235 3189 1306 περαιτέρω
3239 1233 3444 1305 ζητεῖν.
3498 1228 3636 1287 Εἶτα
3686 1228 3827 1302 πρὸς

2167 1329 2266 1399 μὲν
2307 1330 2435 1394 τοὺς
2487 1333 2665 1400 γονεῖς
2719 1331 2946 1403 καὶτῆς
2996 1332 3167 1403 αὐτῆς
3229 1330 3445 1401 φύσεως
3502 1330 3633 1401 ἡμῖν
3669 1327 3828 1386 ὂντας

2162 1421 2305 1477 οῦτω
2350 1424 2735 1498 διακεισόμεθα
2779 1429 2875 1482 καὶ
2914 1427 3016 1481 οὐκ
3068 1427 3545 1498 ἀγανακτήσομεν,
3591 1424 3732 1496 πρὸς
3770 1420 3833 1475 δὲ

2164 1520 2256 1574 τὸν
2291 1520 2445 1587 Θεὸν,
2477 1516 2539 1578 οὗ
2569 1523 2633 1578 τὸ
2669 1525 2835 1596 μέσον
2874 1524 3129 1579 τοσοῦτόν
3164 1526 3334 1590 ἐστιν,
3364 1524 3488 1577 ὅσον
3519 1520 3653 1575 Θεοῦ
3694 1518 3834 1591 πρὸς

2165 1615 2506 1687 ἀνθρώπους,
2535 1620 2994 1694 δυσχερανοῦμεν,
3021 1622 3105 1675 ὅτι
3141 1621 3218 1693 μὴ
3252 1624 3430 1676 πάντα
3476 1620 3673 1692 ῐσμεν;
3721 1618 3834 1671 Kal

2164 1723 2217 1774 τί
2257 1722 2463 1793 ταύτης
2490 1722 2593 1793 τῆς
2627 1721 2881 1786 ἀσεϐείας
2909 1723 3067 1790 tam?

2236 1819 2379 1891 Πρὸς
2415 1819 2523 1891 γὰρ
2552 1820 2680 1884 τοὺς
2711 1818 2986 1885 τοιούτους
3012 1821 3043 1872 ὁ
3072 1819 3343 1891 μακάριος
3377 1816 3586 1880 Παῦλος
3625 1816 3834 1884 ἀγανα-

2167 1915 2310 1970 κτῶν
2353 1914 2539 1985 έλεγε·
2590 1916 2828 1971 Μενοῦν
2874 1932 2961 1987 γε,
3004 1911 3053 1970 ὦ
3093 1913 3386 1984 ἄνθρωπε,
3420 1912 3501 1968 σὺ
3552 1912 3643 1977 τίς
3695 1907 3760 1963 εἷ
3807 1913 3839 1964 ό

2167 2011 2749 2080 ἀνταποκρινόμενος
2774 2011 2855 2075 τῷ
2885 2010 3042 2078 Θεῷ;
3077 2012 3171 2079 Μὴ
3215 2010 3335 2081 ἐρεῖ
3366 2010 3434 2064 τὸ
3473 2008 3726 2078 πλάσμα
3758 2004 3850 2072 τῷ

2167 2107 2505 2177 πλάσαντι,
2547 2111 2609 2164 Τί
2639 2127 2718 2179 με
2763 2108 2914 2183 [175]
2956 2111 3250 2179 ἐποίησας
3291 2110 3512 2175 οὔτως;
3565 2108 3677 2161 Kal
3725 2104 3846 2175 ἐγὼ

2171 2210 2269 2279 μὲν
2298 2209 2359 2263 τὸ
2383 2209 2491 2264 τῶν
2522 2210 2727 2265 παίδων
2754 2210 3080 2284 ὑπόδειγμα,
3111 2214 3317 2275 ἐκεῖνος
3346 2210 3403 2264 δὲ
3432 2208 3622 2263 τούτου
3658 2206 3847 2276 πολλῷ

2172 2304 2354 2377 μεῖζον
2390 2306 2554 2377 ἔθηκε
2611 2306 2674 2359 τὸ
2713 2306 2806 2359 τοῦ
2852 2306 3176 2378 κεραμέως,
3226 2307 3320 2361 καὶ
3362 2303 3458 2358 τοῦ
3504 2304 3632 2375 παρ’
3670 2301 3845 2356 αὑτοῦ

2170 2401 2542 2472 πλαττομένου
2596 2402 2794 2474 πηλοῦ.
2828 2403 3095 2473 Καθάπερ
3134 2403 3244 2473 γὰρ
3287 2403 3317 2455 ὁ
3346 2400 3536 2473 πηλὸς,
3580 2393 3729 2474 ᾗπερ
3776 2397 3850 2451 ἂν

2169 2498 2375 2569 ἄγωσιν
2404 2502 2460 2552 αἰ
2496 2502 2678 2571 χεῖρες
2708 2498 2805 2553 τοῦ
2830 2497 3216 2562 διατυποῦντος
3244 2498 3429 2562 αὑτὸν,
3462 2496 3673 2559 ἐπεται,
3697 2492 3852 2547 οὕτω

2169 2597 2265 2650 καὶ
2302 2595 2394 2649 τὸν
2447 2596 2754 2666 ἄνθρωπον,
2811 2591 2957 2671 ᾗπερ
3013 2597 3081 2650 ἂν
3128 2597 3158 2649 ό
3194 2594 3328 2658 Θεὸς
3384 2592 3619 2663 κελεύῃ,
3666 2589 3854 2661 ταύτῃ

2169 2691 2419 2755 ἐπεσθαι,
2453 2693 2547 2746 καὶ
2587 2693 2733 2765 ἅπερ
2770 2692 2838 2746 ἀν
2872 2691 3078 2763 ἐπάγῃ,
3114 2688 3290 2744 ταῦτα
3328 2688 3470 2760 μεθ’
3488 2687 3850 2759 εὐχαριστίας

2169 2786 2420 2857 δέχεσθαι
2467 2789 2604 2861 χρὴ,
2660 2788 2814 2842 οὐδὲν
2872 2789 3221 2858 ἀντιλέγοντα
3245 2828 3259 2853 ,
3306 2787 3429 2840 ούδέ
3482 2784 3849 2857 περιεργαζό-

2174 2901 2334 2955 μενον
2382 2887 2521 2955 ὑπὲρ
2559 2885 2653 2939 τοῦ
2708 2886 2918 2957 μαθεῖν.
2964 2887 3098 2940 Ούδέ
3128 2887 3239 2957 γὰρ
3276 2888 3412 2958 ἡμῖν
3452 2883 3624 2938 ταῦτα
3665 2885 3851 2953 μόνοις

2172 2986 2319 3039 ἐστὶν
2361 2985 2561 3059 ἄπορα,
2593 2987 2731 3042 ἀλλὰ
2763 2990 2998 3052 καὶτοῖς
3034 2989 3141 3060 πρὸ
3178 2987 3339 3060 ημῶν
3374 2985 3549 3055 ἁγίοις
3588 2985 3855 3057 ἀνδράσιν

2175 3086 2403 3150 ἐκείνοις
2435 3087 2530 3141 καὶ
2568 3087 2920 3160 θαυμαστοῖς.
2958 3092 3017 3144 '0
3053 3090 3153 3161 μὲν
3184 3089 3293 3160 γὰρ
3330 3086 3452 3142 Ἰὼϐ
3486 3085 3709 3155 έλεγεν·
3742 3085 3850 3138 Διὰ

2174 3186 2233 3238 τί
2268 3186 2506 3253 ἀσεϐεῖς
2545 3186 2705 3253 ζῶσι,
2755 3189 3198 3243 πεπαλαίωνται
3236 3186 3304 3240 δὲ
3341 3184 3617 3249 πλούτῳ;
3657 3183 3754 3236 καὶ
3782 3182 3850 3234 τὰ

2175 3278 2323 3349 ἑξῆς.
2359 3280 2416 3334 '0
2440 3281 2497 3334 δὲ
2540 3282 2808 3354 μακάριος
2843 3280 3039 3335 Δαϐίδ·
3076 3280 3219 3349 Παρ⁹
3246 3280 3454 3349 ὀλίγον
3476 3278 3739 3345 ἐξεχύθη
3779 3284 3851 3328 τα

2173 3374 2506 3446 διαϐήματά
2552 3396 2689 3451 μου,
2728 3377 2817 3432 ὅτι
2851 3376 3127 3446 ἐζήλωσα
3165 3377 3263 3431 ἐπὶ
3300 3376 3425 3442 τοῖς
3461 3375 3731 3443 ἀνόμοις,
3771 3375 3852 3427 εἰσ-

2165 3472 2367 3543 ρήνην
2404 3474 2769 3544 ἁμαρτωλῶν
2815 3475 3077 3544 θεωρῶν·
3114 3475 3203 3529 ὅτι
3250 3476 3363 3528 οὐκ
3392 3473 3566 3527 ἐστιν
3599 3471 3852 3525 ἀνάνευ-

2175 3580 2276 3632 σις
2305 3566 2376 3620 ἐν
2404 3567 2485 3633 τῷ
2516 3567 2748 3636 θανάτῳ
2779 3567 2999 3635 αὐτῶν,
3048 3568 3145 3622 καί
3179 3566 3481 3635 στερέωμα
3516 3566 3587 3618 ἐν
3625 3563 3701 3632 τῇ
3739 3565 3853 3634 μά-

2175 3678 2336 3733 στιγι
2381 3663 2610 3719 αὐτῶν·
2659 3665 2730 3719 ἐν
2776 3666 2987 3730 κόποις
3028 3664 3352 3734 ἀνθρώπων
3398 3665 3509 3717 οὐκ
3553 3663 3701 3727 εἰσὶ,
3754 3663 3854 3716 καί

2170 3764 2324 3836 μετὰ
2399 3765 2726 3835 ἀνθρώπων
2779 3768 2851 3821 οὐ
2913 3764 3494 3837 μαστιγωθήσονται.
3546 3764 3660 3816 Kal
3710 3765 3854 3834 μετὰ

2178 3862 2366 3916 τοῦτον
2398 3862 2456 3915 δέ
2491 3865 2520 3916 ὁ
2552 3862 2821 3933 Ἱερεμίας
2847 3861 3001 3932 έλεγε
3022 3878 3036 3893 ·
3072 3862 3307 3929 Δίκαιος
3342 3856 3413 3923 εἶ.
3451 3860 3650 3929 Κύριε.
3683 3861 3861 3926 πλὴν

2176 3956 2431 4025 κρίματα
2459 3954 2713 4024 λαλήσω
2745 3955 2893 4023 πρὸς
2932 3953 3027 4009 σέ.
3065 3954 3125 4007 Τι
3153 3952 3241 4006 ὅτι
3284 3952 3424 4019 όδὸς
3469 3951 3708 4007 ἀσεϐῶν
3750 3954 3856 4005 εὐ-

2178 4049 2474 4116 θηνεῖται;
2513 4049 2782 4121 Ἦπόρουν
2829 4048 2929 4120 μέν
2969 4044 3064 4103 οὖν
3115 4049 3211 4102 καὶ
3256 4043 3401 4102 οῦτοι
3446 4048 3542 4099 καὶ
3600 4047 3857 4117 ἐζήτουν,

2178 4140 2291 4195 ἀλλ’
2329 4143 2426 4195 οὐκ
2465 4141 2524 4209 ἐξ
2578 4142 2698 4214 ἴσης
2734 4144 2846 4205 τοῖς
2892 4140 3164 4205 ἀσεϐέσιν,
3202 4141 3321 4194 οῦδὲ
3370 4139 3728 4209 ἐγκαλοῦντες
3778 4140 3858 4210 τῷ

2178 4226 2318 4300 Θεῷ,
2361 4229 2485 4283 ούδέ
2541 4228 3046 4298 καταγινώσκοντες
3074 4228 3288 4282 ἀδικίαν
3325 4230 3390 4281 ἐκ
3416 4227 3524 4281 τῶν
3550 4228 3861 4299 γινομένων

2180 4317 2367 4371 αὑτοῦ.
2402 4318 2463 4371 '0
2494 4317 2593 4389 μέν
2619 4319 2727 4390 γὰρ
2751 4317 2961 4386 ἔλεγεν·
3004 4316 3066 4373 Ἠ
3100 4315 3455 4384 δικαιοσύνη
3485 4330 3601 4369 σου
3633 4317 3715 4381 ὡς
3745 4315 3859 4384 ὅρη

2183 4406 2360 4461 Θεοῦ·
2400 4405 2473 4459 τὰ
2516 4405 2769 4475 κρίματα
2805 4421 2922 4459 σου
2962 4404 3237 4471 ἄϐυσσος
3280 4403 3504 4474 πολλή.
3541 4405 3597 4457 '0
3625 4405 3685 4458 δὲ
3724 4421 3860 4458 τοσ-

2182 4495 2320 4549 αῦτα
2346 4492 2553 4559 παθὼν,
2578 4493 2764 4565 φησὶν,
2792 4491 2935 4548 οὐδὲ
2965 4493 3190 4547 ἔδωκεν
3208 4493 3568 4562 ἀφροσύνην
3592 4491 3677 4557 τῷ
3698 4493 3859 4558 Θεῷ·

2182 4586 2276 4637 καὶ
2307 4582 2511 4653 μεταξὺ
2538 4582 2633 4636 τοῦ
2676 4581 2879 4652 βιϐλίου
2926 4582 3102 4652 ἔλεγε,
3148 4583 3212 4636 τὸ
3248 4581 3634 4652 ἀκατάληπτον
3690 4582 3862 4636 αὑτοῦ

2180 4672 2282 4741 τῆς
2336 4672 2529 4740 σοφίας
2558 4672 2653 4724 καὶ
2698 4671 3007 4741 οἰκονομίας
3046 4671 3440 4742 ἐξηγούμενος,
3482 4671 3672 4741 ἐπειδὴ
3726 4673 3871 4743 περὶ

2181 4761 2282 4830 τῆς
2328 4760 2685 4831 δημιουργίας
2740 4758 3015 4831 διελέχθη·
3058 4760 3203 4814 Ἰδοὺ
3266 4759 3451 4813 ταῦτα
3505 4757 3661 4829 μέρη
3708 4759 3868 4815 ὁδοῦ

2181 4848 2389 4910 αὑτοῦ,
2418 4847 2517 4901 καὶ
2544 4848 2643 4901 ἐπὶ
2676 4846 2891 4917 ἰκμάδα
2922 4850 3108 4917 λόγου
3136 4846 3517 4918 ἀκουσόμεθα
3556 4848 3627 4901 ἐν
3672 4848 3867 4914 αὐτῷ.

2196 4938 2253 4989 ὐ
2282 4936 2339 4989 δέ
2390 4936 2658 5007 Ἱερεμίας
2697 4936 2827 4989 αὐτὸ
2863 4936 3019 4989 τοῦτο
3060 4935 3464 5008 προορώμενος,
3505 4937 3581 5007 μή
3623 4953 3709 5000 τις
3759 4938 3874 4991 ὐπ-

2183 5025 2422 5097 οπτεύσῃ
2468 5026 2629 5088 ποτὲ,
2686 5024 2974 5095 προτίθησι
3039 5025 3138 5095 τῆς
3201 5026 3520 5096 ἐρωτήσεως
3575 5023 3676 5096 τὴν
3724 5026 3872 5079 ἐαυ-

2184 5116 2276 5169 τοῦ
2333 5117 2513 5187 κρίσιν
2560 5114 2757 5169 εἰπών·
2818 5117 3057 5181 Δίκαιος
3100 5112 3173 5182 εἷ,
3220 5117 3433 5185 Κύριε·
3483 5116 3630 5170 τοῦτ’
3686 5117 3873 5181 ἐστιν,

2184 5206 2300 5263 οἶδα
2334 5209 2434 5280 μέν
2479 5210 2560 5263 ὃτι
2609 5208 2835 5273 δικαίως
2885 5209 3099 5264 ἅπαντα
3148 5210 3356 5279 γίνεται
3408 5211 3556 5283 παρὰ
3599 5211 3718 5273 σοῦ,
3770 5214 3879 5266 τὸν

2185 5297 2241 5350 δὲ
2289 5297 2489 5367 τρόπον
2532 5298 2633 5350 οὐκ
2685 5297 2985 5368 ἐπίσταμαι
3033 5298 3155 5352 καθ’
3207 5300 3269 5353 ὃν
3331 5300 3564 5368 γίνεται.
3616 5301 3685 5352 Τί
3740 5297 3882 5365 οὖν,

2187 5386 2390 5456 ἔμαθόν
2434 5403 2487 5439 τι
2540 5386 2700 5440 πλέον
2750 5389 2978 5453 ἐκεῖνοι;
3016 5388 3155 5441 Ἀλλ’
3198 5388 3320 5442 οὐδὲ
3371 5389 3715 5462 ἀποκρίσεως
3764 5394 3883 5462 μὲν

2186 5470 2279 5527 οὖν
2330 5474 2470 5545 ὑπὲρ
2526 5474 2733 5529 τούτων
2783 5475 3010 5546 ἔτυχον·
3059 5476 3089 5530 ὃ
3134 5478 3225 5531 καὶ
3274 5476 3453 5548 δηλῶν
3505 5480 3535 5530 ό
3587 5479 3885 5551 μακάριος

2187 5563 2350 5618 Δαυῖδ
2389 5564 2574 5634 ἔλεγε·
2607 5567 2716 5620 Καὶ
2763 5568 3072 5622 ὑπέλαϐον
3119 5568 3226 5623 τοῦ
3268 5568 3508 5639 γνῶναι,
3547 5569 3633 5623 ὅτι
3686 5572 3888 5645 τοῦτο

2158 5654 2380 5721 ’κόπος
2418 5654 2594 5708 ἐστὶν
2630 5655 2911 5710 ἐναντίον
2946 5675 3086 5726 μου.
3135 5659 3249 5712 Οὐκ
3296 5659 3487 5730 ἔτυχον
3528 5658 3586 5711 δὲ
3624 5661 3890 5733 ἀποκρί-

2194 5760 2352 5808 σεως,
2394 5746 2483 5798 ἵνα
2521 5745 2648 5808 τοὺς
2692 5746 2829 5816 μετά
2868 5745 3044 5800 ταῦτα
3086 5747 3417 5801 παιδεύσωσι
3456 5747 3590 5818 μηδὲ
3624 5750 3886 5822 ἐρωτᾷν.

2194 5835 2306 5888 Kal
2334 5837 2530 5892 ἐκεῖνοι
2570 5836 2670 5908 μέν
2699 5835 2758 5889 ἐν
2794 5836 2952 5908 μόνον
2986 5834 3233 5907 ἐζήτουν,
3268 5835 3357 5891 διά
3389 5836 3442 5889 τί
3470 5837 3520 5891 οἱ
3552 5837 3784 5905 ἀσεϐεῖς
3823 5846 3895 5899 ἐν
