4036 6416
406 329 498 380 Ml
1254 320 1343 375 AD
1379 313 1749 374 STAGIRIUM
1794 313 1835 368 Α
1879 310 1982 367 DIE

2091 307 2183 363 NE
2224 304 2576 361 VEXATUM.
2621 302 2746 359 LIB.
2787 301 2829 356 Ι.

405 440 709 511 gtigentiam
756 437 969 499 avertit,
1016 432 1491 504 prudentioresque
1529 445 1592 484 ac
1632 427 1989 496 religiosiores

406 529 586 585 efficit.
631 528 771 584 Sane
796 528 841 583 si
868 527 987 597 quis
1025 525 1204 579 omnia
1230 537 1546 579 enumerare
1590 521 1734 579 velit,
1763 518 1987 589 plurima

408 624 754 677 tentationum
780 620 1132 675 emolumenta
1160 615 1412 685 reperiet,
1434 613 1711 681 nullusque
1738 625 1987 679 umquam

406 715 583 780 exiis,
614 715 703 782 qui
748 713 855 766 Deo
891 708 1244 778 acceptabiles
1285 704 1518 768 fuerunt,
1564 704 1681 758 sine
1726 699 1990 772 pressuris

407 804 557 867 vixit,
591 803 798 858 etiamsi
828 816 933 857 non
962 801 1036 855 ita
1067 800 1219 854 nobis
1250 798 1508 851 videatur.

478 921 530 973 7.
567 918 867 985 Exemplum
891 914 1046 970 Pauli
1074 913 1310 984 apostoli.
1328 910 1545 966 —Nam
1569 910 1610 963 si
1642 910 1828 963 beatus
1851 908 1988 961 Pau-

407 1011 489 1066 lus
516 1020 717 1064 tantum
747 1008 941 1079 negotii
975 1006 1247 1070 sustinuit,
1278 1003 1455 1057 nullus
1480 1017 1607 1055 vero
1630 1001 1793 1054 Paulo
1820 998 1989 1067 major

408 1114 509 1167 est,
539 1110 629 1155 aut
665 1101 822 1155 etiam
862 1098 1118 1168 aequalis:
1151 1112 1251 1166 qua
1286 1094 1497 1147 Laudem
1535 1093 1740 1146 ratione
1768 1090 1839 1144 illi
1870 1105 1979 1144 cre-

406 1192 600 1247 dantur
624 1189 929 1259 hujusmodi
960 1187 1155 1241 auxilio
1186 1202 1289 1239 non
1320 1183 1651 1253 indiguisse?
1681 1183 1775 1236 Sin
1804 1190 1978 1234 autem

408 1282 619 1354 quidam
650 1298 716 1337 ex
757 1282 871 1335 istis
908 1278 1341 1334 tribulationibus
1381 1274 1647 1330 emendati
1695 1290 1801 1327 non
1843 1280 1984 1335 sunt,

409 1392 513 1430 non
562 1376 666 1429 hoc
694 1375 767 1427 illi
796 1371 1162 1441 imputandum
1190 1379 1295 1436 est,
1324 1370 1414 1439 qui
1440 1368 1870 1423 emendationem
1910 1368 1990 1420 iii-

410 1468 547 1533 tulit,
570 1466 663 1521 sed
694 1466 902 1518 illorum
934 1465 1111 1533 potius
1140 1461 1492 1531 negligentiae.
1519 1459 1651 1515 Nam
1680 1459 1723 1513 si
1750 1459 1856 1513 illis
1883 1474 1985 1511 non

408 1557 594 1611 fuisset
633 1555 926 1609 adhibitum
962 1553 1410 1640 medicamentum
1436 1592 1450 1615 ,
1479 1566 1576 1622 per
1614 1550 1985 1619 negligentiam

409 1648 630 1719 periisse
653 1646 963 1700 viderentur
991 1662 1004 1699 :
1034 1659 1173 1698 nunc
1196 1659 1325 1698 vero
1349 1658 1453 1697 non
1478 1657 1660 1711 parum
1684 1648 1860 1694 actum
1884 1650 1984 1704 est,

409 1753 528 1791 cum
554 1752 709 1791 nemo
730 1734 995 1789 medicum
1022 1748 1275 1789 accusare
1304 1732 1493 1801 possit,
1526 1730 1619 1785 sed
1644 1739 1873 1801 aegrotos
1895 1746 1988 1799 po-

410 1830 514 1884 tius
543 1830 883 1897 ipsorumque
904 1826 1181 1881 incuriam.
1212 1827 1267 1881 Si
1292 1825 1381 1894 qui
1402 1839 1533 1878 vero
1556 1833 1838 1893 antequam
1872 1832 1986 1876 ten-

411 1931 668 1988 tareutur,
709 1922 1015 1993 gradientes
1041 1930 1189 1975 recte
1209 1962 1224 1986 ,
1257 1928 1376 1989 post
1405 1919 1747 1973 tentationem
1774 1932 1989 1971 corrue—

408 2026 553 2079 runt,
585 2014 777 2082 aliique
802 2029 923 2067 eum
963 2012 1208 2066 omnibus
1246 2021 1425 2066 essent
1466 2010 1701 2080 peccatis
1730 2009 1985 2073 obnoxii,

414 2107 559 2160 nulla
585 2106 923 2160 tribulatione
944 2105 1117 2159 vexati
1136 2113 1275 2167 sunt,
1303 2103 1389 2155 alii
1410 2118 1535 2154 vero
1561 2117 1589 2154 a
1616 2102 1780 2170 prima
1810 2100 1985 2153 statim

409 2207 567 2253 (etate
618 2212 787 2266 usque
823 2196 888 2250 ad
941 2196 1185 2250 ultimum
1230 2196 1353 2247 vita:
1396 2194 1639 2261 spiritum
1695 2191 1988 2245 innumeris

408 2288 797 2343 calamitatibus
847 2287 1056 2341 contriti
1101 2295 1317 2351 suut,a
1371 2285 1510 2337 nulla
1571 2282 1873 2351 hujusmodi
1927 2297 1987 2337 re

407 2379 716 2448 dejiciamur
780 2388 870 2432 aut
931 2377 1325 2448 perturbemur.
1395 2375 1607 2430 Etenim
1664 2375 1708 2429 si
1770 2388 1984 2428 omnem

409 2469 753 2539 providentiae
776 2470 915 2523 illius
936 2468 1386 2538 dispensationem
1406 2467 1545 2521 scire
1572 2466 1875 2520 valeremus
1897 2474 1986 2519 aut

407 2561 743 2626 deberemus,
764 2560 862 2615 ista
881 2561 1206 2630 ignorantes,
1228 2558 1473 2613 mteroris
1489 2572 1551 2611 ac
1577 2557 1987 2626 perturbationis

409 2668 513 2705 non
538 2652 802 2706 immerito
830 2666 1045 2706 causam
1068 2649 1266 2703 habere
1291 2648 1592 2703 videremur
1621 2665 1632 2701 :
1661 2647 1743 2700 sin
1773 2661 1899 2699 vero
1920 2646 1981 2710 is,

384 2744 496 2811 .qui
525 2750 789 2795 tantorum
817 2755 1130 2795 arcanorum
1156 2741 1442 2809 particeps,
1475 2739 1539 2792 ad
1570 2738 1779 2791 tertium
1798 2738 1985 2791 ezclum

407 2841 592 2902 raptus
619 2832 809 2897 fuerat,
853 2831 919 2885 ad
962 2830 1102 2885 hanc
1134 2840 1309 2883 tamen
1349 2829 1598 2901 abyssom
1629 2828 1835 2883 haerens
1862 2829 1991 2882 sub-

406 2924 562 2986 stitit,
593 2922 988 2990 inspiciensque
1019 2921 1070 2974 in
1100 2919 1417 2990 profundum
1439 2919 1744 2973 divitiarum
1771 2918 1985 2988 sapien-

407 3015 495 3067 tim
519 3029 581 3068 ac
605 3014 841 3067 scientia:
868 3013 983 3077 Dei,
1011 3010 1282 3080 obstupuit
1308 3011 1503 3073 solum,
1533 3020 1693 3080 atque
1714 3008 1838 3064 inde
1860 3010 1987 3064 resi-

406 3105 485 3158 liit
509 3123 522 3159 :
551 3104 674 3173 quid
705 3119 801 3158 nos
828 3104 969 3172 ipsos
996 3084 1191 3157 frustra
1213 3104 1557 3164 concidimus,
1591 3110 1987 3173 perscrutantes

407 3197 791 3263 inseriuabilia,
818 3207 979 3266 atque
997 3196 1378 3265 investigabilia
1396 3196 1605 3249 curiose
1621 3194 1987 3263 iuquirentes?

410 3290 566 3345 Certe
585 3306 703 3344 cum
725 3290 963 3344 medicus
978 3288 1244 3341 contraria
1266 3288 1327 3341 iis
1344 3302 1461 3356 qua:
1482 3287 1634 3341 nobis
1655 3286 1883 3341 salubria
1910 3287 1987 3339 vi-

405 3382 596 3436 dentur
641 3381 914 3450 pratcipit,
960 3380 1072 3433 sive
1114 3378 1300 3447 algens
1334 3378 1632 3431 membrum
1680 3376 1810 3431 fonti
1854 3377 1985 3430 Stili-

400 3471 564 3544 jicere
607 3472 816 3539 jubeat,
864 3470 975 3524 sive
1015 3469 1118 3522 alia
1150 3468 1450 3537 liujusmodi
1503 3469 1862 3536 inexspectata
1905 3469 1987 3521 fa-

404 3565 527 3627 ciat,
578 3578 864 3632 numquam
914 3561 1269 3625 reluctantur;
1327 3559 1420 3615 sed
1470 3574 1589 3612 cum
1639 3560 1793 3615 nobis
1830 3568 1984 3613 antea

403 3654 823 3724 persuaserimus
849 3651 978 3705 artis
1006 3652 1151 3704 illum
1192 3651 1396 3704 ratione
1436 3649 1483 3702 id
1524 3648 1715 3714 facere,
1743 3659 1986 3718 prompte

403 3760 466 3798 ac
492 3744 719 3798 libenter
744 3743 1002 3806 cedimus,
1031 3757 1152 3795 cum
1185 3749 1362 3795 tamen
1396 3740 1483 3794 ille
1510 3741 1702 3809 smpius
1732 3739 1944 3794 fallatur
1968 3760 1981 3795 :

404 3837 568 3891 Deum
614 3851 760 3901 vero,
802 3836 889 3904 qui
931 3843 1134 3887 tantum
1164 3833 1215 3886 in
1247 3832 1495 3886 omnibus
1539 3847 1566 3884 a
1611 3832 1763 3885 nobis
1799 3831 1981 3898 distat,

404 3928 493 3996 qui
535 3934 616 3981 est
659 3927 771 3995 ipsa
835 3926 1091 3993 sapientia
1118 3966 1134 3989 ,
1182 3925 1270 3994 qui
1313 3940 1597 3993 numquam
1638 3924 1743 3977 falli
1788 3934 1981 3992 potesr,

403 4034 590 4087 magna
612 4017 915 4072 curiositate
935 4018 1381 4085 perscrutabimur
1396 4017 1418 4069 ?
1434 4016 1672 4085 Cumque
1691 4016 1762 4069 illi
1780 4016 1985 4086 simpli-

403 4111 535 4163 citer
563 4110 878 4172 credamus,
922 4126 949 4161 a
998 4125 1103 4178 quo
1148 4110 1271 4162 facti
1315 4112 1574 4163 rationem
1619 4111 1831 4178 exigere
1863 4110 1984 4179 jure

404 4216 703 4270 possemus,
737 4200 805 4252 ab
846 4200 955 4264 illo,
983 4200 1066 4254 cui
1096 4200 1267 4252 solum
1295 4199 1621 4253 credendum
1654 4208 1756 4262 est,
1796 4215 1981 4255 eorum

403 4308 521 4360 quae
545 4291 767 4361 gesserit
805 4305 994 4343 causas
1034 4305 1096 4344 ac
1139 4293 1374 4344 rationes
1418 4292 1785 4360 requiremus,
1826 4300 1984 4360 atque

404 4382 710 4448 hujusmodi
755 4382 1106 4453 ignorantiam
1164 4382 1378 4447 indigne
1425 4380 1695 4435 feremus?
1740 4382 1983 4438 llaeccine

403 4483 526 4526 sunt
555 4473 814 4541 religiosa:
840 4472 1033 4526 mentis
1063 4488 1126 4525 ac
1150 4472 1283 4540 pire?
1309 4472 1405 4533 Ne,
1430 4488 1612 4541 quarso
1638 4488 1701 4527 ac
1720 4474 1979 4541 supplico,

402 4580 469 4617 ne
494 4563 561 4616 ad
590 4574 786 4617 tantam
829 4565 1100 4617 vesaniam
1134 4564 1558 4633 progrediamur,
1593 4565 1685 4618 sed
1730 4566 1779 4618 in
1811 4566 1982 4618 onnii-

404 4656 521 4720 bus,
543 4655 593 4709 in
633 4657 823 4725 quibus
869 4657 1206 4724 ambigimiis,
1240 4656 1365 4709 illud
1398 4656 1637 4709 dicamus
1660 4656 1866 4709 Judicia
1894 4668 1981 4710 tua

399 4748 607 4817 abyssus
623 4749 781 4801 multa
795 4747 965 4814 (Psal.
983 4750 1151 4815 55.7).
1174 4749 1301 4802 Nam
1316 4757 1370 4803 et
1385 4750 1484 4802 hoc
1503 4750 1694 4818 ipsum,
1710 4750 1849 4819 quod
1875 4766 1978 4803 non

400 4841 574 4893 omnia
598 4850 778 4909 aperte
804 4842 1021 4903 scimus,
1053 4841 1244 4894 divinze
1264 4842 1539 4911 sapientia:
1582 4840 1818 4910 profecto
1838 4850 1939 4896 est.

474 4932 571 4987 Ubi
582 4933 707 5002 ﬁdes
724 4934 901 4986 habeat
916 4936 1159 4987 meritum.
1170 4934 1293 4989 —Si
1314 4936 1455 4989 enim
1469 4935 1702 4989 omnium
1716 4951 1832 5003 qum
1851 4935 1980 4988 ﬁunt

399 5041 557 5081 causa
585 5036 639 5079 et
668 5027 875 5080 ratione
904 5028 1133 5095 cognita,
1162 5028 1231 5081 ita
1261 5026 1474 5080 demum
1506 5027 1614 5080 Deo
1644 5041 1974 5094 pareremus,

399 5134 722 5185 nonmagna
752 5136 955 5174 merces
975 5130 1139 5178 esset,
1166 5136 1335 5190 neque
1368 5121 1489 5175 ﬁdei
1519 5120 1779 5175 exhibitio
1802 5136 1865 5175 ea
1888 5137 1975 5174 res

399 5211 673 5266 videretur
700 5229 713 5264 :
745 5227 867 5265 cum
896 5227 1024 5265 vero
1053 5213 1182 5265 nibil
1215 5215 1401 5266 borum
1428 5215 1639 5281 penitus
1670 5222 1972 5275 noscentes,

398 5302 467 5354 ita
490 5317 701 5372 quoque
735 5318 939 5356 summa
983 5303 1262 5359 affectione
1290 5304 1552 5358 mandatis
1576 5306 1694 5370 ejus
1724 5305 1974 5359 omnibus

398 5394 656 5454 cedimus,
696 5409 761 5447 ex
794 5393 1022 5462 legitima
1045 5394 1343 5448 obedientia
1394 5395 1601 5465 fideque
1629 5396 1967 5463 integerrima

400 5486 627 5538 maxima
658 5486 938 5539 animabus
991 5488 1184 5539 nostris
1216 5487 1572 5541 emolumenta
1603 5487 1971 5541 conciliamus.

401 5575 512 5630 lloc
547 5577 687 5631 enim
738 5578 905 5630 solum
942 5577 1092 5629 nobis
1130 5578 1451 5645 persuadere
1480 5577 1767 5642 debemus,
1797 5579 1974 5632 omnia

401 5670 550 5723 nobis
578 5670 777 5723 utiliter
804 5684 835 5723 a
879 5670 985 5723 Deo
1013 5669 1193 5722 inferri
1219 5712 1234 5733 ,
1259 5670 1473 5724 modum
1502 5685 1606 5723 non
1638 5670 1863 5739 amplius
1891 5670 1974 5721 in—

397 5759 689 5827 quirentes,
712 5775 888 5830 neque
911 5758 1065 5829 hujus
1088 5759 1467 5829 ignorationem
1494 5759 1724 5830 graviter
1743 5759 1827 5814 vel
1856 5772 1975 5815 cum

3582 286 3686 341 ΗΞ).

2102 436 2332 475 maerore
2353 419 2602 473 ferentes.
2625 416 2808 486 Neque
2832 416 2973 470 enim
3002 413 3254 484 possibile
3280 422 3361 468 est
3391 413 3489 467 ista
3519 416 3678 478 scire,

2100 527 2272 582 neque
2288 511 2448 565 utile:
2485 509 2611 564 illud
2632 510 2752 578 quia
2770 507 3021 561 mortales
3047 522 3265 570 sumus;
3286 506 3405 567 hoc,
3426 506 3547 575 quia
3573 519 3680 559 cito

2099 604 2150 657 in
2176 603 2530 673 arrogantiam
2556 600 2886 656 extollimur.
2907 598 3145 653 Plurima
3171 612 3267 651 nos
3294 594 3537 661 facimus,
3561 611 3680 665 qua:

2095 709 2218 748 cum
2257 693 2439 749 liberis
2472 692 2674 747 nostris
2703 691 2861 745 noxia
2891 703 3015 743 esse
3044 688 3347 752 videantur,
3377 687 3521 739 utilia
3558 694 3682 738 sunt

2097 798 2274 842 tamen
2303 803 2317 841 :
2348 801 2573 855 quorum
2594 799 2767 854 neque
2794 784 2869 837 illi
2894 796 3083 836 causas
3109 789 3357 850 qua-runt
3376 779 3676 844 addiscere,

2097 895 2270 948 neque
2296 893 2394 931 nos
2420 877 2527 931 illis
2552 884 2706 943 antea
2736 873 3059 945 persuadere
3086 872 3360 926 studemus
3383 912 3398 936 ,
3434 870 3484 925 id
3512 886 3675 941 expe-

2094 971 2210 1026 dire
2241 970 2383 1041 quod
2417 970 2677 1033 facimus;
2709 968 2802 1023 sed
2831 967 2933 1022 hoc
2961 966 3132 1021 solum
3162 966 3280 1019 illos
3307 963 3678 1029 admonemus,

2095 1073 2153 1118 ut
2179 1065 2229 1117 in
2268 1062 2517 1116 omnibus
2540 1061 2732 1117 cedant
2760 1074 3108 1129 quascumque
3134 1062 3486 1127 praeceperint
3504 1066 3680 1125 patres

2095 1156 2331 1224 nihilque
2367 1154 2589 1207 ulterius
2619 1152 2909 1222 inquirant.
2952 1149 3102 1218 Quod
3142 1150 3186 1201 si
3232 1148 3539 1217 parentibus
3586 1161 3682 1199 no-

2093 1250 2237 1315 stris,
2261 1247 2350 1318 qui
2376 1246 2617 1317 ejusdcm
2646 1254 2803 1315 atque
2819 1258 2915 1298 nos
2941 1252 3139 1297 natura:
3160 1251 3303 1310 sunt,
3333 1243 3401 1296 ita
3432 1242 3681 1310 morigeri

2091 1357 2295 1409 sumus,
2324 1356 2492 1410 neque
2539 1340 2644 1395 ulla
2685 1338 2891 1392 ratione
2923 1337 3280 1407 indignamur,
3312 1335 3493 1389 Deone
3534 1334 3676 1387 indi-

2092 1432 2373 1503 gnabimur
2395 1430 2535 1501 quod
2560 1445 2665 1483 non
2696 1429 2836 1482 illius
2863 1427 3041 1481 omnia
3074 1426 3226 1480 nobis
3253 1426 3525 1494 explorata
3548 1425 3678 1491 sint,

2091 1526 2179 1593 qui
2222 1532 2362 1577 tanta
2396 1522 2710 1576 excellentia
2740 1519 2892 1574 nobis
2922 1516 3179 1588 prrrcellit
3201 1557 3217 1581 ,
3260 1525 3510 1586 quantum
3542 1518 3682 1569 inter

2095 1618 2258 1671 Deum
2286 1626 2339 1670 et
2375 1615 2618 1669 homines
2642 1613 2928 1668 discrimen
2954 1608 3272 1666 intercedit?
3313 1610 3381 1663 Et
3406 1610 3533 1679 quid
3557 1609 3681 1662 huic

2093 1709 2349 1779 impietati
2380 1724 2477 1777 par
2507 1705 2701 1761 fuerit?

2164 1798 2340 1869 Figuli
2368 1796 2595 1867 exemplo
2622 1796 2873 1849 utitur.—
2888 1793 3158 1848 Adversus
3181 1792 3480 1862 liujusmodi
3502 1792 3677 1844 homi-

2093 1906 2189 1946 nes
2212 1906 2341 1945 sane
2372 1890 2559 1943 beatus
2588 1888 2782 1942 Paulus
2824 1886 3102 1955 indignans
3122 1884 3332 1938 dicebat
3361 1901 3372 1934 :
3417 1884 3675 1954 Alioquin,

2094 2000 2123 2036 ο
2153 1984 2319 2044 homo,
2342 1990 2394 2033 tu
2429 1981 2540 2048 quis
2564 1995 2617 2032 es
2648 1979 2733 2047 qui
2763 1976 3067 2047 respondeas
3092 1973 3520 2044 Deo?Numquid
3551 1977 3680 2028 dicet

2095 2077 2386 2147 figmentum
2424 2073 2605 2145 [actori
2638 2087 2750 2134 suo,
2770 2069 2873 2125 Cur
2912 2085 2991 2121 me
3018 2070 3090 2122 ita
3118 2068 3277 2137 fecisti
3297 2066 3679 2139 (Rom.9.‘.20)?

2095 2166 2352 2238 Equidem
2399 2165 2624 2218 ﬁliorum
2653 2161 2923 2230 exemplar
2958 2174 3371 2229 proposueram;
3409 2159 3521 2227 ipse
3553 2174 3678 2211 vero

2094 2248 2261 2315 multo
2288 2258 2459 2326 majus
2488 2255 2686 2326 posuit,
2716 2254 2858 2321 ﬁguli
2886 2252 3110 2313 scilicet,
3137 2259 3296 2320 atque
3315 2251 3381 2303 ab
3399 2266 3465 2304 eo
3492 2251 3542 2303 in
3571 2249 3681 2304 for-

2092 2368 2234 2407 mam
2266 2350 2464 2405 redacti
2492 2348 2604 2402 ltiti.
2639 2346 2787 2401 Sicut
2828 2347 2970 2400 enim
3002 2344 3168 2398 lutum
3199 2357 3533 2413 quocumque
3563 2358 3680 2398 ma-

2094 2457 2194 2496 nus
2220 2457 2277 2495 se
2304 2438 2582 2494 formautis
2611 2435 2825 2491 duxerit
2848 2434 3107 2504 sequitur,
3140 2434 3209 2487 ita
3240 2432 3517 2487 hominem
3537 2449 3682 2503 quai-

2093 2549 2319 2604 cumque
2350 2534 2486 2587 Deus
2509 2531 2728 2600 jusserit
2764 2544 2827 2583 ea
2862 2528 3051 2596 sequi,
3086 2537 3140 2580 et
3166 2541 3284 2596 qua:
3328 2526 3416 2580 ille
3448 2526 3682 2581 intulerit

2092 2638 2243 2700 grato
2262 2628 2440 2681 animo
2466 2624 2700 2694 perferre
2720 2621 2993 2685 convenit,
3026 2619 3158 2674 nihil
3182 2619 3401 2673 omnino
3420 2620 3682 2674 reluctano

2093 2722 2182 2787 do,
2214 2722 2299 2775 vel
2332 2721 2541 2774 curiose
2563 2717 2839 2771 addiscere
2859 2714 3168 2784 qumrendo.
3200 2713 3383 2783 Neque
3412 2715 3554 2770 enim
3584 2729 3683 2767 no-

2093 2815 2176 2868 bis
2201 2814 2329 2868 solis
2356 2814 2453 2867 ista
2484 2810 2728 2879 ambigua
2758 2817 2901 2871 sunt,
2933 2823 3114 2861 verum
3150 2815 3203 2860 et
3234 2807 3296 2859 iis
3320 2808 3406 2873 qui
3432 2817 3556 2860 ante
3586 2821 3682 2861 nos

2094 2907 2346 2963 luerunt,
2386 2912 2584 2956 sanctis
2628 2901 2731 2954 illis
2763 2915 2827 2954 ac
2873 2899 3202 2953 mirabilibus
3247 2897 3393 2951 viris.
3426 2899 3516 2951 Ait
3540 2899 3678 2952 enim

2090 2998 2190 3053 Job
2249 3014 2262 3051 :
2310 2995 2376 3051 Ut
2425 2995 2544 3065 quid
2589 2992 2733 3062 impii
2784 2992 2991 3055 vivunt,
3035 2990 3314 3059 divitiisque
3374 2999 3680 3043 velemsmnt

2092 3089 2214 3161 (Job
2241 3089 2331 3142 2|.
2357 3086 2451 3158 7)?
2482 3087 2673 3139 Beatus
2724 3092 2899 3137 autem
2937 3080 3124 3144 David,
3161 3079 3338 3161 Panic,
3367 3079 3553 3148 inquit,
3601 3079 3680 3148 ef-

2093 3181 2195 3252 fusi
2215 3189 2330 3232 sunt
2345 3193 2544 3248 gressus
2577 3174 2693 3235 mei,
2719 3176 2837 3241 quia
2874 3171 3032 3224 zelavi
3062 3157 3213 3239 supbr
3234 3170 3431 3239 iniquos
3457 3211 3471 3233 ,
3506 3187 3680 3238 pacem

2092 3281 2409 3344 peccatorum
2471 3267 2644 3321 videns
2690 3283 2708 3320 :
2762 3265 2885 3335 quia
2937 3280 3036 3316 non
3088 3272 3159 3316 est
3224 3272 3479 3332 respectus
3527 3264 3679 3315 morti

2090 3381 2284 3431 eorum,
2327 3374 2372 3417 et
2409 3363 2792 3428 ﬁrmamentum
2821 3358 2873 3410 in
2895 3356 3046 3425 plaga
3088 3371 3263 3409 eorum
3284 3370 3302 3407 :
3340 3356 3394 3408 in
3426 3354 3681 3409 laboribus

2091 3459 2349 3512 hominum
2375 3472 2474 3508 non
2500 3463 2636 3530 sun},
2668 3462 2837 3505 etcum
2858 3448 3142 3503 hominibus
3168 3464 3266 3500 non
3282 3445 3682 3517 ﬂagellabuntur

2092 3551 2262 3622 (Psal.
2292 3550 2380 3603 72.
2405 3547 2574 3617 2.-5).
2601 3545 2724 3599 Post
2744 3543 2885 3597 hunc
2909 3541 3168 3597 Jeremias
3196 3555 3407 3609 quoque
3434 3540 3675 3595 dicebat:

2089 3645 2271 3697 Justus
2295 3658 2367 3707 es,
2415 3639 2649 3703 Domine,
2699 3647 3036 3690 verumtamen
3059 3633 3261 3705 judicia
3290 3634 3468 3703 loquar
3498 3634 3567 3687 ad
3610 3644 3676 3687 te.

2094 3736 2231 3802 Quid
2263 3744 2335 3789 est
2359 3733 2493 3804 quod
2511 3732 2589 3785 via
2609 3739 2926 3800 peccatorum
2950 3733 3276 3797 prosperatur
3297 3723 3430 3795 (Jer.
3455 3725 3540 3779 12.
3573 3727 3626 3791 1)
3651 3726 3675 3781 ?

2091 3827 2445 3898 Ainbigebant
2463 3825 2546 3878 isti
2568 3823 2780 3892 quidem
2812 3830 2968 3889 atque
2983 3818 3339 3885 inquirebant,
3360 3817 3451 3870 sed
3475 3833 3579 3871 nou
3610 3819 3677 3871 ita

2090 3931 2144 3974 nt
2193 3919 2394 3974 faciunt
2434 3916 2619 3983 impii:
2668 3927 2839 3980 neque
2863 3912 3004 3967 enim
3029 3909 3347 3963 accusabant
3383 3909 3572 3971 Deum,
3603 3925 3672 3963 ex

2091 4013 2152 4066 iis
2182 4026 2299 4079 qua!
2328 4008 2478 4071 ﬁunt,
2514 4006 2658 4058 illum
2689 4004 2914 4072 injustia:
2939 4002 3229 4069 arguebant
3256 4017 3269 4063 ;
3295 3999 3387 4052 sed
3410 4000 3543 4052 alius
3564 4001 3680 4068 qui-

2088 4103 2210 4156 dem
2236 4100 2410 4154 aiebat
2445 4115 2457 4148 :
2487 4096 2696 4149 Justitiu
2723 4106 2807 4147 tua
2833 4094 2960 4146 sicut
2992 4101 3180 4144 montes
3206 4090 3323 4152 Dei,
3356 4091 3555 4160 judicia
3591 4106 3679 4144 tua

2089 4196 2297 4263 abyssus
2319 4189 2475 4242 multa
2503 4187 2619 4259 (Ps.
2655 4187 2742 4240 ⁸55.
2778 4184 2853 4251 7).
2897 4185 2969 4236 [le
2992 4184 3118 4245 alio,
3148 4198 3268 4235 cuin
3304 4191 3444 4234 tanta
3489 4197 3679 4252 passus

2088 4293 2248 4345 εεενι,
2296 4281 2547 4349 scriptum
2594 4287 2676 4331 est
2720 4293 2733 4327 :
2787 4274 2906 4327 Non
2970 4274 3105 4326 dedit
3172 4272 3511 4341 insipientiam
3574 4272 3679 4326 Deo

2090 4374 2210 4443 (Job
2242 4375 2292 4427 1.
2322 4372 2437 4439 22).
2475 4372 2538 4423 Et
2583 4370 2633 4422 in
2673 4367 2862 4421 eodem
2904 4366 3036 4418 libro
3078 4363 3675 4431 incomprelieiisibilein

2088 4465 2399 4533 sapientiam
2432 4462 2571 4514 illius
2596 4468 2649 4512 et
2674 4457 3125 4526 dispensationem
3157 4470 3433 4518 enarratis,
3463 4470 3584 4507 cum
3609 4457 3677 4509 de

2087 4559 2354 4612 creatione
2376 4554 2715 4608 disseruisset
2739 4569 2753 4604 :
2786 4547 2919 4602 Ecce
2943 4549 3055 4601 ista:
3078 4560 3194 4600 sunt
3218 4558 3383 4614 partes
3412 4547 3505 4599 viae
3546 4548 3675 4617 ejus,

2087 4662 2133 4704 et
2154 4650 2220 4702 ad
2246 4650 2503 4701 humorem
2531 4645 2662 4698 verbi
2690 4642 2951 4695 audiemus
2978 4641 3029 4694 iu
3066 4657 3124 4693 eo
3153 4638 3271 4708 (Job
3321 4640 3408 4693 26.
3452 4641 3561 4705 Η).
3597 4641 3676 4693 lil-

2088 4746 2259 4812 ipsum
2303 4754 2514 4811 quoque
2552 4737 2812 4793 Jeremias
2858 4733 3141 4804 providens
3166 4748 3233 4786 ne
3267 4734 3386 4803 quis
3425 4748 3678 4802 umquam

2088 4837 2466 4905 suspicaretur,
2519 4827 2916 4899 interrogationi
2949 4826 3207 4895 judicium
3262 4839 3417 4879 suum
3465 4840 3675 4892 praepo-

2087 4931 2192 4982 suit
2211 4927 2394 4981 dicens
2425 4942 2437 4976 :
2465 4922 2645 4975 Justus
2662 4937 2734 4985 es,
2765 4918 2980 4971 Domine
3013 4933 3031 4971 :
3058 4917 3157 4970 hoc
3177 4927 3279 4981 est,
3308 4916 3432 4970 Scio
3461 4915 3675 4985 quidem

2086 5036 2114 5074 a
2140 5030 2192 5074 te
2213 5018 2386 5071 omnia
2417 5016 2525 5069 ﬁeri
2544 5015 2706 5084 juste,
2734 5012 2947 5066 modum
2975 5018 3153 5064 autem
3185 5011 3370 5077 ignoro
3392 5025 3496 5077 quo
3523 5009 3674 5062 ﬁunt.

2086 5112 2221 5181 Quid
2253 5110 2452 5182 igitur?
2477 5107 2778 5177 ampliusne
2808 5105 2885 5157 illi
2913 5101 3245 5157 didicerunt?
3277 5101 3478 5170 Nempe
3519 5100 3587 5155 de
3615 5103 3677 5155 iis

2086 5207 2288 5260 nullum
2314 5219 2623 5273 responsum
2656 5200 2955 5255 retulerunt
2984 5218 2997 5250 :
3028 5198 3165 5266 quod
3194 5199 3379 5252 beatus
3406 5198 3567 5251 David
3599 5199 3675 5250 in-

2085 5301 2245 5362 dicat,
2279 5314 2396 5351 cuni
2420 5296 2550 5351 dicit
2582 5313 2595 5348 :
2627 5294 2692 5347 Et
2721 5292 3065 5346 existimabam
3086 5300 3139 5342 ut
3161 5307 3530 5360 cognoscerem,
3557 5293 3675 5359 quia

2087 5392 2179 5444 hoc
2214 5391 2356 5443 labor
2397 5397 2469 5441 est
2503 5396 2619 5439 ante
2670 5402 2747 5439 me
2772 5385 2789 5455 (
2815 5384 2957 5438 Psal.
2987 5386 3075 5438 τε.
3103 5383 3213 5452 16).
3251 5382 3449 5437 Idcirco
3494 5394 3672 5437 autem

2087 5497 2339 5554 respousa
2381 5496 2541 5551 super
2588 5480 2669 5533 bis
2698 5494 2803 5532 non
2831 5486 3184 5545 acceperunt,
3210 5485 3265 5529 ut
3293 5475 3675 5544 posterioribus

2088 5574 2294 5629 smculis
2329 5571 2533 5627 futuros
2561 5570 2803 5625 homines
2838 5567 3094 5621 docerent
3118 5568 3279 5622 etiam
3312 5566 3412 5635 ipsi
3440 5566 3675 5621 interro-

2086 5668 2299 5737 gatione
2352 5666 2639 5718 abstinere.
2682 5664 2854 5732 Atque
2903 5661 2978 5715 illi
3020 5659 3233 5730 quidem
3264 5675 3427 5714 unum
3469 5668 3674 5713 tantum

2088 5757 2449 5829 inquirebant,
2472 5771 2568 5812 cur
2587 5754 2792 5810 scilicet
2818 5752 2963 5821 impii
3006 5768 3036 5806 ιι
3062 5753 3213 5823 capia
3231 5768 3410 5809 rerum
3433 5756 3671 5811 omnium
