  <div class='ocr_page' id='page_1' title='image "/cluster/home/n/w/nwhite01/storage/ocr_20150623/47/nnc1.0046978321/405.png"; bbox 0 0 4036 6416; ppageno 0'>
   <div class='ocr_carea' id='block_1_1' title="bbox 374 355 3633 442">
    <p class='ocr_par' dir='ltr' id='par_1_1' title="bbox 374 355 3633 442">
     <span class='ocr_line' id='line_1_1' title="bbox 374 355 3633 442; baseline -0.004 -14"><span class='ocrx_word' id='word_1_1' title='bbox 374 373 478 430; x_wconf 65' lang='grc' dir='ltr'><strong>ιιτ»</strong></span> <span class='ocrx_word' id='word_1_2' title='bbox 1077 369 1136 426; x_wconf 87' lang='lat' dir='ltr'><strong>S.</strong></span> <span class='ocrx_word' id='word_1_3' title='bbox 1171 365 1447 425; x_wconf 74' lang='lat' dir='ltr'><strong>JOANNIS</strong></span> <span class='ocrx_word' id='word_1_4' title='bbox 1483 361 1954 423; x_wconf 72' lang='lat' dir='ltr'><strong>CIIRYSOSTOMI</strong></span> <span class='ocrx_word' id='word_1_5' title='bbox 1990 359 2309 418; x_wconf 78' lang='lat' dir='ltr'><strong>ARCHIEP.</strong></span> <span class='ocrx_word' id='word_1_6' title='bbox 2346 355 2878 442; x_wconf 69' lang='lat' dir='ltr'><strong>CONSTANTINOP.</strong></span> <span class='ocrx_word' id='word_1_7' title='bbox 3527 359 3633 420; x_wconf 67' lang='lat' dir='ltr'><strong>ut</strong></span> 
     </span>
    </p>
   </div>
   <div class='ocr_carea' id='block_1_2' title="bbox 373 477 1942 556">
    <p class='ocr_par' dir='ltr' id='par_1_2' title="bbox 373 477 1942 556">
     <span class='ocr_line' id='line_1_2' title="bbox 373 477 1942 556; baseline -0.008 -15"><span class='ocrx_word' id='word_1_8' title='bbox 373 498 428 541; x_wconf 74' lang='lat' dir='ltr'><strong>et</strong></span> <span class='ocrx_word' id='word_1_9' title='bbox 448 485 793 556; x_wconf 81' lang='lat' dir='ltr'><strong>proSperitate</strong></span> <span class='ocrx_word' id='word_1_10' title='bbox 819 483 1080 548; x_wconf 75' lang='lat' dir='ltr'><strong>viverent,</strong></span> <span class='ocrx_word' id='word_1_11' title='bbox 1101 490 1154 536; x_wconf 92' lang='lat' dir='ltr'><strong>et</strong></span> <span class='ocrx_word' id='word_1_12' title='bbox 1179 496 1246 535; x_wconf 92' lang='lat' dir='ltr'><strong>ne</strong></span> <span class='ocrx_word' id='word_1_13' title='bbox 1271 479 1348 534; x_wconf 90' lang='lat' dir='ltr'><strong>sic</strong></span> <span class='ocrx_word' id='word_1_14' title='bbox 1381 478 1590 548; x_wconf 85' lang='lat' dir='ltr'><strong>quidem</strong></span> <span class='ocrx_word' id='word_1_15' title='bbox 1609 477 1942 532; x_wconf 89' lang='lat' dir='ltr'><strong>didicerunt:</strong></span> 
     </span>
    </p>
   </div>
   <div class='ocr_carea' id='block_1_3' title="bbox 377 572 1945 646">
    <p class='ocr_par' dir='ltr' id='par_1_3' title="bbox 377 572 1945 646">
     <span class='ocr_line' id='line_1_3' title="bbox 377 572 1945 646; baseline -0.007 -14"><span class='ocrx_word' id='word_1_16' title='bbox 377 594 431 632; x_wconf 91' lang='lat' dir='ltr'><strong>at</strong></span> <span class='ocrx_word' id='word_1_17' title='bbox 461 594 583 633; x_wconf 82' lang='lat' dir='ltr'><strong>vero</strong></span> <span class='ocrx_word' id='word_1_18' title='bbox 611 577 694 632; x_wconf 92' lang='lat' dir='ltr'><strong>isti</strong></span> <span class='ocrx_word' id='word_1_19' title='bbox 728 577 879 646; x_wconf 87' lang='lat' dir='ltr'><strong>longe</strong></span> <span class='ocrx_word' id='word_1_20' title='bbox 910 575 1059 646; x_wconf 86' lang='lat' dir='ltr'><strong>plura</strong></span> <span class='ocrx_word' id='word_1_21' title='bbox 1105 589 1261 644; x_wconf 91' lang='lat' dir='ltr'><strong>quam</strong></span> <span class='ocrx_word' id='word_1_22' title='bbox 1294 572 1368 624; x_wconf 85' lang='lat' dir='ltr'><strong>illi</strong></span> <span class='ocrx_word' id='word_1_23' title='bbox 1393 574 1602 624; x_wconf 82' lang='lat' dir='ltr'><strong>curiose</strong></span> <span class='ocrx_word' id='word_1_24' title='bbox 1623 577 1945 623; x_wconf 72' lang='lat' dir='ltr'><strong>scrutantur.</strong></span> 
     </span>
    </p>
   </div>
   <div class='ocr_carea' id='block_1_4' title="bbox 373 663 1948 738">
    <p class='ocr_par' dir='ltr' id='par_1_4' title="bbox 373 663 1948 738">
     <span class='ocr_line' id='line_1_4' title="bbox 373 663 1948 738; baseline -0.007 -12"><span class='ocrx_word' id='word_1_25' title='bbox 373 673 449 726; x_wconf 79' lang='lat' dir='ltr'><strong>Ea</strong></span> <span class='ocrx_word' id='word_1_26' title='bbox 501 671 641 726; x_wconf 91' lang='lat' dir='ltr'><strong>enim</strong></span> <span class='ocrx_word' id='word_1_27' title='bbox 697 684 814 738; x_wconf 74' lang='lat' dir='ltr'><strong>qnte</strong></span> <span class='ocrx_word' id='word_1_28' title='bbox 864 681 1004 721; x_wconf 92' lang='lat' dir='ltr'><strong>nunc</strong></span> <span class='ocrx_word' id='word_1_29' title='bbox 1054 675 1441 736; x_wconf 88' lang='lat' dir='ltr'><strong>proponuntur,</strong></span> <span class='ocrx_word' id='word_1_30' title='bbox 1493 663 1658 717; x_wconf 90' lang='lat' dir='ltr'><strong>multo</strong></span> <span class='ocrx_word' id='word_1_31' title='bbox 1705 663 1948 732; x_wconf 85' lang='lat' dir='ltr'><strong>graviora</strong></span> 
     </span>
    </p>
   </div>
   <div class='ocr_carea' id='block_1_5' title="bbox 372 753 1944 828">
    <p class='ocr_par' dir='ltr' id='par_1_5' title="bbox 372 753 1944 828">
     <span class='ocr_line' id='line_1_5' title="bbox 372 753 1944 828; baseline -0.007 -13"><span class='ocrx_word' id='word_1_32' title='bbox 372 772 514 815; x_wconf 88' lang='lat' dir='ltr'><strong>sunt.</strong></span> <span class='ocrx_word' id='word_1_33' title='bbox 545 760 722 828; x_wconf 88' lang='lat' dir='ltr'><strong>Itaque</strong></span> <span class='ocrx_word' id='word_1_34' title='bbox 754 759 1026 811; x_wconf 78' lang='lat' dir='ltr'><strong>manifesta</strong></span> <span class='ocrx_word' id='word_1_35' title='bbox 1058 757 1246 810; x_wconf 86' lang='lat' dir='ltr'><strong>horum</strong></span> <span class='ocrx_word' id='word_1_36' title='bbox 1289 755 1426 808; x_wconf 84' lang='lat' dir='ltr'><strong>ratio</strong></span> <span class='ocrx_word' id='word_1_37' title='bbox 1466 753 1542 808; x_wconf 87' lang='lat' dir='ltr'><strong>illi</strong></span> <span class='ocrx_word' id='word_1_38' title='bbox 1587 753 1944 824; x_wconf 83' lang='lat' dir='ltr'><strong>permittatur,</strong></span> 
     </span>
    </p>
   </div>
   <div class='ocr_carea' id='block_1_6' title="bbox 371 848 1310 923">
    <p class='ocr_par' dir='ltr' id='par_1_6' title="bbox 371 848 1310 923">
     <span class='ocr_line' id='line_1_6' title="bbox 371 848 1310 923; baseline -0.009 -17"><span class='ocrx_word' id='word_1_39' title='bbox 371 854 461 923; x_wconf 87' lang='lat' dir='ltr'><strong>qui</strong></span> <span class='ocrx_word' id='word_1_40' title='bbox 495 851 638 905; x_wconf 91' lang='lat' dir='ltr'><strong>novit</strong></span> <span class='ocrx_word' id='word_1_41' title='bbox 665 851 842 904; x_wconf 84' lang='lat' dir='ltr'><strong>omnia</strong></span> <span class='ocrx_word' id='word_1_42' title='bbox 869 858 1146 918; x_wconf 81' lang='lat' dir='ltr'><strong>antequam</strong></span> <span class='ocrx_word' id='word_1_43' title='bbox 1165 848 1310 899; x_wconf 86' lang='lat' dir='ltr'><strong>fiant.</strong></span> 
     </span>
    </p>
   </div>
   <div class='ocr_carea' id='block_1_7' title="bbox 447 933 1948 1012">
    <p class='ocr_par' dir='ltr' id='par_1_7' title="bbox 447 933 1948 1012">
     <span class='ocr_line' id='line_1_7' title="bbox 447 933 1948 1012; baseline -0.007 -13"><span class='ocrx_word' id='word_1_44' title='bbox 447 945 500 999; x_wconf 90' lang='lat'><strong>8.</strong></span> <span class='ocrx_word' id='word_1_45' title='bbox 531 943 633 999; x_wconf 81' lang='lat' dir='ltr'><strong>Cur</strong></span> <span class='ocrx_word' id='word_1_46' title='bbox 657 943 774 996; x_wconf 84' lang='lat' dir='ltr'><strong>boni</strong></span> <span class='ocrx_word' id='word_1_47' title='bbox 829 941 1114 1012; x_wconf 63' lang='lat' dir='ltr'><strong>mitigantur</strong></span> <span class='ocrx_word' id='word_1_48' title='bbox 1157 938 1485 1009; x_wconf 60' lang='lat' dir='ltr'><strong>quarundam</strong></span> <span class='ocrx_word' id='word_1_49' title='bbox 1537 953 1637 991; x_wconf 87' lang='lat' dir='ltr'><strong>non</strong></span> <span class='ocrx_word' id='word_1_50' title='bbox 1686 945 1775 990; x_wconf 81' lang='lat' dir='ltr'><strong>est.</strong></span> <span class='ocrx_word' id='word_1_51' title='bbox 1798 964 1869 976; x_wconf 89' lang='lat'><strong>-—</strong></span> <span class='ocrx_word' id='word_1_52' title='bbox 1892 933 1948 990; x_wconf 89' lang='lat' dir='ltr'><strong>Si</strong></span> 
     </span>
    </p>
   </div>
   <div class='ocr_carea' id='block_1_8' title="bbox 373 1027 1948 1103">
    <p class='ocr_par' dir='ltr' id='par_1_8' title="bbox 373 1027 1948 1103">
     <span class='ocr_line' id='line_1_8' title="bbox 373 1027 1948 1103; baseline -0.006 -14"><span class='ocrx_word' id='word_1_53' title='bbox 373 1045 550 1090; x_wconf 88' lang='lat' dir='ltr'><strong>tamen</strong></span> <span class='ocrx_word' id='word_1_54' title='bbox 571 1049 706 1103; x_wconf 90' lang='lat' dir='ltr'><strong>opus</strong></span> <span class='ocrx_word' id='word_1_55' title='bbox 728 1034 796 1087; x_wconf 89' lang='lat' dir='ltr'><strong>sit</strong></span> <span class='ocrx_word' id='word_1_56' title='bbox 825 1048 924 1086; x_wconf 91' lang='lat' dir='ltr'><strong>nos</strong></span> <span class='ocrx_word' id='word_1_57' title='bbox 952 1048 1019 1086; x_wconf 91' lang='lat' dir='ltr'><strong>ex</strong></span> <span class='ocrx_word' id='word_1_58' title='bbox 1052 1032 1135 1097; x_wconf 89' lang='lat' dir='ltr'><strong>iis,</strong></span> <span class='ocrx_word' id='word_1_59' title='bbox 1159 1046 1276 1100; x_wconf 82' lang='lat' dir='ltr'><strong>quae</strong></span> <span class='ocrx_word' id='word_1_60' title='bbox 1307 1029 1416 1098; x_wconf 89' lang='lat' dir='ltr'><strong>jam</strong></span> <span class='ocrx_word' id='word_1_61' title='bbox 1446 1037 1569 1081; x_wconf 91' lang='lat' dir='ltr'><strong>nota</strong></span> <span class='ocrx_word' id='word_1_62' title='bbox 1591 1027 1744 1082; x_wconf 90' lang='lat' dir='ltr'><strong>nobis</strong></span> <span class='ocrx_word' id='word_1_63' title='bbox 1780 1035 1904 1080; x_wconf 90' lang='lat' dir='ltr'><strong>sunt</strong></span> <span class='ocrx_word' id='word_1_64' title='bbox 1931 1065 1948 1092; x_wconf 91' lang='lat'><strong>,</strong></span> 
     </span>
    </p>
   </div>
   <div class='ocr_carea' id='block_1_9' title="bbox 373 1118 1954 1193">
    <p class='ocr_par' dir='ltr' id='par_1_9' title="bbox 373 1118 1954 1193">
     <span class='ocr_line' id='line_1_9' title="bbox 373 1118 1954 1193; baseline -0.005 -13"><span class='ocrx_word' id='word_1_65' title='bbox 373 1127 690 1180; x_wconf 86' lang='lat' dir='ltr'><strong>solutionem</strong></span> <span class='ocrx_word' id='word_1_66' title='bbox 739 1123 1084 1193; x_wconf 69' lang='lat' dir='ltr'><strong>qumsilorum</strong></span> <span class='ocrx_word' id='word_1_67' title='bbox 1119 1119 1612 1175; x_wconf 82' lang='lat' dir='ltr'><strong>etconsolationem</strong></span> <span class='ocrx_word' id='word_1_68' title='bbox 1649 1118 1954 1187; x_wconf 75' lang='lat' dir='ltr'><strong>excogitare</strong></span> 
     </span>
    </p>
   </div>
   <div class='ocr_carea' id='block_1_10' title="bbox 375 1207 1952 1286">
    <p class='ocr_par' dir='ltr' id='par_1_10' title="bbox 375 1207 1952 1286">
     <span class='ocr_line' id='line_1_10' title="bbox 375 1207 1952 1286; baseline -0.005 -16"><span class='ocrx_word' id='word_1_69' title='bbox 375 1223 591 1286; x_wconf 79' lang='lat' dir='ltr'><strong>prapter</strong></span> <span class='ocrx_word' id='word_1_70' title='bbox 631 1229 725 1268; x_wconf 90' lang='lat' dir='ltr'><strong>eos</strong></span> <span class='ocrx_word' id='word_1_71' title='bbox 751 1214 840 1284; x_wconf 90' lang='lat' dir='ltr'><strong>qui</strong></span> <span class='ocrx_word' id='word_1_72' title='bbox 887 1222 994 1266; x_wconf 92' lang='lat' dir='ltr'><strong>tam</strong></span> <span class='ocrx_word' id='word_1_73' title='bbox 1030 1211 1241 1266; x_wconf 89' lang='lat' dir='ltr'><strong>curiose</strong></span> <span class='ocrx_word' id='word_1_74' title='bbox 1277 1210 1365 1264; x_wconf 91' lang='lat' dir='ltr'><strong>illa</strong></span> <span class='ocrx_word' id='word_1_75' title='bbox 1405 1209 1778 1275; x_wconf 86' lang='lat' dir='ltr'><strong>sciscitantur,</strong></span> <span class='ocrx_word' id='word_1_76' title='bbox 1822 1207 1952 1262; x_wconf 92' lang='lat' dir='ltr'><strong>illud</strong></span> 
     </span>
    </p>
   </div>
   <div class='ocr_carea' id='block_1_11' title="bbox 373 1303 1952 1377">
    <p class='ocr_par' dir='ltr' id='par_1_11' title="bbox 373 1303 1952 1377">
     <span class='ocr_line' id='line_1_11' title="bbox 373 1303 1952 1377; baseline -0.004 -14"><span class='ocrx_word' id='word_1_77' title='bbox 373 1309 596 1364; x_wconf 75' lang='lat' dir='ltr'><strong>dixerim</strong></span> <span class='ocrx_word' id='word_1_78' title='bbox 620 1350 634 1373; x_wconf 94' lang='lat'><strong>,</strong></span> <span class='ocrx_word' id='word_1_79' title='bbox 662 1307 932 1377; x_wconf 89' lang='lat' dir='ltr'><strong>indignum</strong></span> <span class='ocrx_word' id='word_1_80' title='bbox 975 1320 1097 1361; x_wconf 89' lang='lat' dir='ltr'><strong>esse</strong></span> <span class='ocrx_word' id='word_1_81' title='bbox 1133 1320 1373 1375; x_wconf 68' lang='lat' dir='ltr'><strong>quaerere</strong></span> <span class='ocrx_word' id='word_1_82' title='bbox 1405 1319 1501 1359; x_wconf 92' lang='lat' dir='ltr'><strong>cur</strong></span> <span class='ocrx_word' id='word_1_83' title='bbox 1529 1304 1653 1359; x_wconf 91' lang='lat' dir='ltr'><strong>boni</strong></span> <span class='ocrx_word' id='word_1_84' title='bbox 1702 1303 1756 1358; x_wconf 88' lang='lat' dir='ltr'><strong>in</strong></span> <span class='ocrx_word' id='word_1_85' title='bbox 1800 1317 1952 1372; x_wconf 84' lang='lat' dir='ltr'><strong>pres-</strong></span> 
     </span>
    </p>
   </div>
   <div class='ocr_carea' id='block_1_12' title="bbox 373 1393 1951 1466">
    <p class='ocr_par' dir='ltr' id='par_1_12' title="bbox 373 1393 1951 1466">
     <span class='ocr_line' id='line_1_12' title="bbox 373 1393 1951 1466; baseline -0.004 -14"><span class='ocrx_word' id='word_1_86' title='bbox 373 1400 512 1453; x_wconf 90' lang='lat' dir='ltr'><strong>suris</strong></span> <span class='ocrx_word' id='word_1_87' title='bbox 533 1438 549 1465; x_wconf 94' lang='lat'><strong>,</strong></span> <span class='ocrx_word' id='word_1_88' title='bbox 579 1399 704 1453; x_wconf 88' lang='lat' dir='ltr'><strong>mali</strong></span> <span class='ocrx_word' id='word_1_89' title='bbox 729 1407 913 1452; x_wconf 87' lang='lat' dir='ltr'><strong>contra</strong></span> <span class='ocrx_word' id='word_1_90' title='bbox 944 1397 995 1452; x_wconf 91' lang='lat' dir='ltr'><strong>in</strong></span> <span class='ocrx_word' id='word_1_91' title='bbox 1049 1397 1232 1466; x_wconf 90' lang='lat' dir='ltr'><strong>requie</strong></span> <span class='ocrx_word' id='word_1_92' title='bbox 1261 1396 1573 1465; x_wconf 82' lang='lat' dir='ltr'><strong>persiSIant,</strong></span> <span class='ocrx_word' id='word_1_93' title='bbox 1603 1394 1804 1450; x_wconf 64' lang='lat' dir='ltr'><strong>caelesti</strong></span> <span class='ocrx_word' id='word_1_94' title='bbox 1841 1393 1951 1464; x_wconf 92' lang='lat' dir='ltr'><strong>jam</strong></span> 
     </span>
    </p>
   </div>
   <div class='ocr_carea' id='block_1_13' title="bbox 375 1486 1951 1558">
    <p class='ocr_par' dir='ltr' id='par_1_13' title="bbox 375 1486 1951 1558">
     <span class='ocr_line' id='line_1_13' title="bbox 375 1486 1951 1558; baseline -0.003 -15"><span class='ocrx_word' id='word_1_95' title='bbox 375 1489 608 1543; x_wconf 88' lang='lat' dir='ltr'><strong>revelato</strong></span> <span class='ocrx_word' id='word_1_96' title='bbox 646 1503 812 1558; x_wconf 81' lang='lat' dir='ltr'><strong>regno</strong></span> <span class='ocrx_word' id='word_1_97' title='bbox 834 1529 849 1554; x_wconf 93' lang='lat'><strong>,</strong></span> <span class='ocrx_word' id='word_1_98' title='bbox 881 1487 1151 1557; x_wconf 80' lang='lat' dir='ltr'><strong>futurique</strong></span> <span class='ocrx_word' id='word_1_99' title='bbox 1175 1487 1356 1542; x_wconf 68' lang='lat' dir='ltr'><strong>saeculi</strong></span> <span class='ocrx_word' id='word_1_100' title='bbox 1386 1487 1608 1557; x_wconf 63' lang='lat' dir='ltr'><strong>praemio</strong></span> <span class='ocrx_word' id='word_1_101' title='bbox 1655 1486 1809 1541; x_wconf 91' lang='lat' dir='ltr'><strong>nobis</strong></span> <span class='ocrx_word' id='word_1_102' title='bbox 1859 1499 1951 1540; x_wconf 90' lang='lat' dir='ltr'><strong>os-</strong></span> 
     </span>
    </p>
   </div>
   <div class='ocr_carea' id='block_1_14' title="bbox 377 1576 1950 1648">
    <p class='ocr_par' dir='ltr' id='par_1_14' title="bbox 377 1576 1950 1648">
     <span class='ocr_line' id='line_1_14' title="bbox 377 1576 1950 1648; baseline -0.002 -16"><span class='ocrx_word' id='word_1_103' title='bbox 377 1588 548 1635; x_wconf 90' lang='lat' dir='ltr'><strong>tenso.</strong></span> <span class='ocrx_word' id='word_1_104' title='bbox 579 1578 710 1633; x_wconf 85' lang='lat' dir='ltr'><strong>Nam</strong></span> <span class='ocrx_word' id='word_1_105' title='bbox 728 1594 848 1633; x_wconf 91' lang='lat' dir='ltr'><strong>cum</strong></span> <span class='ocrx_word' id='word_1_106' title='bbox 880 1579 931 1632; x_wconf 93' lang='lat' dir='ltr'><strong>in</strong></span> <span class='ocrx_word' id='word_1_107' title='bbox 964 1579 1049 1632; x_wconf 89' lang='lat' dir='ltr'><strong>illa</strong></span> <span class='ocrx_word' id='word_1_108' title='bbox 1086 1579 1191 1632; x_wconf 89' lang='lat' dir='ltr'><strong>vita</strong></span> <span class='ocrx_word' id='word_1_109' title='bbox 1231 1577 1422 1648; x_wconf 82' lang='lat' dir='ltr'><strong>singuli</strong></span> <span class='ocrx_word' id='word_1_110' title='bbox 1451 1577 1606 1646; x_wconf 90' lang='lat' dir='ltr'><strong>digna</strong></span> <span class='ocrx_word' id='word_1_111' title='bbox 1634 1577 1744 1631; x_wconf 90' lang='lat' dir='ltr'><strong>suis</strong></span> <span class='ocrx_word' id='word_1_112' title='bbox 1783 1576 1950 1630; x_wconf 90' lang='lat' dir='ltr'><strong>meri-</strong></span> 
     </span>
    </p>
   </div>
   <div class='ocr_carea' id='block_1_15' title="bbox 377 1669 1954 1742">
    <p class='ocr_par' dir='ltr' id='par_1_15' title="bbox 377 1669 1954 1742">
     <span class='ocr_line' id='line_1_15' title="bbox 377 1669 1954 1742; baseline -0.003 -16"><span class='ocrx_word' id='word_1_113' title='bbox 377 1673 446 1726; x_wconf 89' lang='lat' dir='ltr'><strong>tis</strong></span> <span class='ocrx_word' id='word_1_114' title='bbox 473 1672 770 1741; x_wconf 90' lang='lat' dir='ltr'><strong>recipiant,</strong></span> <span class='ocrx_word' id='word_1_115' title='bbox 805 1671 930 1742; x_wconf 86' lang='lat' dir='ltr'><strong>quid</strong></span> <span class='ocrx_word' id='word_1_116' title='bbox 951 1671 1060 1740; x_wconf 90' lang='lat' dir='ltr'><strong>jam</strong></span> <span class='ocrx_word' id='word_1_117' title='bbox 1087 1671 1164 1724; x_wconf 87' lang='lat' dir='ltr'><strong>eis</strong></span> <span class='ocrx_word' id='word_1_118' title='bbox 1202 1670 1360 1725; x_wconf 88' lang='lat' dir='ltr'><strong>rebus</strong></span> <span class='ocrx_word' id='word_1_119' title='bbox 1397 1669 1770 1739; x_wconf 88' lang='lat' dir='ltr'><strong>perturbamur</strong></span> <span class='ocrx_word' id='word_1_120' title='bbox 1790 1710 1804 1732; x_wconf 91' lang='lat'><strong>,</strong></span> <span class='ocrx_word' id='word_1_121' title='bbox 1835 1683 1954 1737; x_wconf 73' lang='lat' dir='ltr'><strong>qua:</strong></span> 
     </span>
    </p>
   </div>
   <div class='ocr_carea' id='block_1_16' title="bbox 383 1760 1954 1833">
    <p class='ocr_par' dir='ltr' id='par_1_16' title="bbox 383 1760 1954 1833">
     <span class='ocr_line' id='line_1_16' title="bbox 383 1760 1954 1833; baseline -0.004 -14"><span class='ocrx_word' id='word_1_122' title='bbox 383 1765 471 1820; x_wconf 77' lang='lat' dir='ltr'><strong>llic</strong></span> <span class='ocrx_word' id='word_1_123' title='bbox 501 1765 654 1819; x_wconf 92' lang='lat' dir='ltr'><strong>bonis</strong></span> <span class='ocrx_word' id='word_1_124' title='bbox 681 1774 770 1818; x_wconf 91' lang='lat' dir='ltr'><strong>aut</strong></span> <span class='ocrx_word' id='word_1_125' title='bbox 803 1763 955 1818; x_wconf 89' lang='lat' dir='ltr'><strong>malis</strong></span> <span class='ocrx_word' id='word_1_126' title='bbox 997 1761 1352 1833; x_wconf 86' lang='lat' dir='ltr'><strong>contingunt?</strong></span> <span class='ocrx_word' id='word_1_127' title='bbox 1382 1761 1523 1816; x_wconf 91' lang='lat' dir='ltr'><strong>Deus</strong></span> <span class='ocrx_word' id='word_1_128' title='bbox 1551 1760 1692 1815; x_wconf 91' lang='lat' dir='ltr'><strong>enim</strong></span> <span class='ocrx_word' id='word_1_129' title='bbox 1726 1773 1822 1814; x_wconf 84' lang='lat' dir='ltr'><strong>eos</strong></span> <span class='ocrx_word' id='word_1_130' title='bbox 1865 1760 1954 1828; x_wconf 91' lang='lat' dir='ltr'><strong>qui</strong></span> 
     </span>
    </p>
   </div>
   <div class='ocr_carea' id='block_1_17' title="bbox 381 1849 1954 1919">
    <p class='ocr_par' dir='ltr' id='par_1_17' title="bbox 381 1849 1954 1919">
     <span class='ocr_line' id='line_1_17' title="bbox 381 1849 1954 1919; baseline -0.004 -8"><span class='ocrx_word' id='word_1_131' title='bbox 381 1858 481 1912; x_wconf 87' lang='lat' dir='ltr'><strong>sibi</strong></span> <span class='ocrx_word' id='word_1_132' title='bbox 515 1856 809 1918; x_wconf 65' lang='lat' dir='ltr'><strong>adhaerent,</strong></span> <span class='ocrx_word' id='word_1_133' title='bbox 842 1853 1002 1909; x_wconf 90' lang='lat' dir='ltr'><strong>veluti</strong></span> <span class='ocrx_word' id='word_1_134' title='bbox 1033 1853 1351 1907; x_wconf 87' lang='lat' dir='ltr'><strong>fortissimos</strong></span> <span class='ocrx_word' id='word_1_135' title='bbox 1376 1851 1624 1918; x_wconf 88' lang='lat' dir='ltr'><strong>athletas,</strong></span> <span class='ocrx_word' id='word_1_136' title='bbox 1647 1849 1954 1919; x_wconf 90' lang='lat' dir='ltr'><strong>hujusmodi</strong></span> 
     </span>
    </p>
   </div>
   <div class='ocr_carea' id='block_1_18' title="bbox 387 1942 1953 2010">
    <p class='ocr_par' dir='ltr' id='par_1_18' title="bbox 387 1942 1953 2010">
     <span class='ocr_line' id='line_1_18' title="bbox 387 1942 1953 2010; baseline -0.005 -7"><span class='ocrx_word' id='word_1_137' title='bbox 387 1949 658 2003; x_wconf 89' lang='lat' dir='ltr'><strong>laboribus</strong></span> <span class='ocrx_word' id='word_1_138' title='bbox 683 1955 916 2010; x_wconf 84' lang='lat' dir='ltr'><strong>exercet,</strong></span> <span class='ocrx_word' id='word_1_139' title='bbox 949 1946 1327 2000; x_wconf 88' lang='lat' dir='ltr'><strong>imbecilliores</strong></span> <span class='ocrx_word' id='word_1_140' title='bbox 1367 1961 1495 1999; x_wconf 90' lang='lat' dir='ltr'><strong>vero</strong></span> <span class='ocrx_word' id='word_1_141' title='bbox 1520 1959 1582 1998; x_wconf 90' lang='lat' dir='ltr'><strong>ac</strong></span> <span class='ocrx_word' id='word_1_142' title='bbox 1614 1943 1872 1997; x_wconf 84' lang='lat' dir='ltr'><strong>tardiores</strong></span> <span class='ocrx_word' id='word_1_143' title='bbox 1899 1942 1914 1972; x_wconf 87' lang='grc'>¹</span> <span class='ocrx_word' id='word_1_144' title='bbox 1935 1981 1953 2009; x_wconf 88' lang='grc'><em>,</em></span> 
     </span>
    </p>
   </div>
   <div class='ocr_carea' id='block_1_19' title="bbox 383 2038 1954 2111">
    <p class='ocr_par' dir='ltr' id='par_1_19' title="bbox 383 2038 1954 2111">
     <span class='ocr_line' id='line_1_19' title="bbox 383 2038 1954 2111; baseline -0.004 -17"><span class='ocrx_word' id='word_1_145' title='bbox 383 2050 435 2096; x_wconf 86' lang='lat' dir='ltr'><strong>ct</strong></span> <span class='ocrx_word' id='word_1_146' title='bbox 484 2041 573 2111; x_wconf 87' lang='lat' dir='ltr'><strong>qui</strong></span> <span class='ocrx_word' id='word_1_147' title='bbox 622 2039 754 2094; x_wconf 87' lang='lat' dir='ltr'><strong>nihil</strong></span> <span class='ocrx_word' id='word_1_148' title='bbox 805 2039 1057 2093; x_wconf 90' lang='lat' dir='ltr'><strong>durorum</strong></span> <span class='ocrx_word' id='word_1_149' title='bbox 1111 2038 1352 2093; x_wconf 90' lang='lat' dir='ltr'><strong>laborum</strong></span> <span class='ocrx_word' id='word_1_150' title='bbox 1410 2039 1653 2108; x_wconf 80' lang='lat' dir='ltr'><strong>perferre</strong></span> <span class='ocrx_word' id='word_1_151' title='bbox 1698 2045 1954 2106; x_wconf 90' lang='lat' dir='ltr'><strong>possunt,</strong></span> 
     </span>
    </p>
   </div>
   <div class='ocr_carea' id='block_1_20' title="bbox 387 2129 1955 2200">
    <p class='ocr_par' dir='ltr' id='par_1_20' title="bbox 387 2129 1955 2200">
     <span class='ocr_line' id='line_1_20' title="bbox 387 2129 1955 2200; baseline -0.003 -14"><span class='ocrx_word' id='word_1_152' title='bbox 387 2133 532 2200; x_wconf 88' lang='lat' dir='ltr'><strong>prius</strong></span> <span class='ocrx_word' id='word_1_153' title='bbox 599 2132 664 2185; x_wconf 91' lang='lat' dir='ltr'><strong>ad</strong></span> <span class='ocrx_word' id='word_1_154' title='bbox 726 2132 864 2185; x_wconf 89' lang='lat' dir='ltr'><strong>bona</strong></span> <span class='ocrx_word' id='word_1_155' title='bbox 915 2147 1077 2200; x_wconf 86' lang='lat' dir='ltr'><strong>opera</strong></span> <span class='ocrx_word' id='word_1_156' title='bbox 1134 2131 1394 2184; x_wconf 90' lang='lat' dir='ltr'><strong>hortatur.</strong></span> <span class='ocrx_word' id='word_1_157' title='bbox 1443 2129 1597 2196; x_wconf 85' lang='lat' dir='ltr'><strong>Quod</strong></span> <span class='ocrx_word' id='word_1_158' title='bbox 1669 2129 1716 2184; x_wconf 90' lang='lat' dir='ltr'><strong>si</strong></span> <span class='ocrx_word' id='word_1_159' title='bbox 1772 2137 1955 2183; x_wconf 91' lang='lat' dir='ltr'><strong>contra</strong></span> 
     </span>
    </p>
   </div>
   <div class='ocr_carea' id='block_1_21' title="bbox 387 2219 1956 2295">
    <p class='ocr_par' dir='ltr' id='par_1_21' title="bbox 387 2219 1956 2295">
     <span class='ocr_line' id='line_1_21' title="bbox 387 2219 1956 2295; baseline -0.001 -19"><span class='ocrx_word' id='word_1_160' title='bbox 387 2238 781 2292; x_wconf 89' lang='lat' dir='ltr'><strong>nonnumquam</strong></span> <span class='ocrx_word' id='word_1_161' title='bbox 823 2223 1032 2287; x_wconf 91' lang='lat' dir='ltr'><strong>evenit,</strong></span> <span class='ocrx_word' id='word_1_162' title='bbox 1067 2222 1383 2290; x_wconf 88' lang='lat' dir='ltr'><strong>plurimique</strong></span> <span class='ocrx_word' id='word_1_163' title='bbox 1410 2221 1538 2290; x_wconf 88' lang='lat' dir='ltr'><strong>justi</strong></span> <span class='ocrx_word' id='word_1_164' title='bbox 1566 2221 1652 2274; x_wconf 91' lang='lat' dir='ltr'><strong>hic</strong></span> <span class='ocrx_word' id='word_1_165' title='bbox 1678 2220 1732 2274; x_wconf 92' lang='lat' dir='ltr'><strong>in</strong></span> <span class='ocrx_word' id='word_1_166' title='bbox 1769 2219 1956 2295; x_wconf 86' lang='lat' dir='ltr'><strong>requie</strong></span> 
     </span>
    </p>
   </div>
   <div class='ocr_carea' id='block_1_22' title="bbox 383 2310 1956 2382">
    <p class='ocr_par' dir='ltr' id='par_1_22' title="bbox 383 2310 1956 2382">
     <span class='ocr_line' id='line_1_22' title="bbox 383 2310 1956 2382; baseline -0.003 -15"><span class='ocrx_word' id='word_1_167' title='bbox 383 2316 543 2367; x_wconf 89' lang='lat' dir='ltr'><strong>vitam</strong></span> <span class='ocrx_word' id='word_1_168' title='bbox 560 2329 681 2368; x_wconf 90' lang='lat' dir='ltr'><strong>cum</strong></span> <span class='ocrx_word' id='word_1_169' title='bbox 708 2312 908 2366; x_wconf 90' lang='lat' dir='ltr'><strong>honore</strong></span> <span class='ocrx_word' id='word_1_170' title='bbox 933 2322 1114 2382; x_wconf 88' lang='lat' dir='ltr'><strong>agunt,</strong></span> <span class='ocrx_word' id='word_1_171' title='bbox 1139 2312 1261 2366; x_wconf 91' lang='lat' dir='ltr'><strong>mali</strong></span> <span class='ocrx_word' id='word_1_172' title='bbox 1280 2327 1406 2365; x_wconf 89' lang='lat' dir='ltr'><strong>vero</strong></span> <span class='ocrx_word' id='word_1_173' title='bbox 1424 2312 1475 2364; x_wconf 92' lang='lat' dir='ltr'><strong>in</strong></span> <span class='ocrx_word' id='word_1_174' title='bbox 1499 2310 1784 2380; x_wconf 87' lang='lat' dir='ltr'><strong>ignominia</strong></span> <span class='ocrx_word' id='word_1_175' title='bbox 1809 2323 1956 2363; x_wconf 89' lang='lat' dir='ltr'><strong>sum-</strong></span> 
     </span>
    </p>
   </div>
   <div class='ocr_carea' id='block_1_23' title="bbox 382 2401 1960 2473">
    <p class='ocr_par' dir='ltr' id='par_1_23' title="bbox 382 2401 1960 2473">
     <span class='ocr_line' id='line_1_23' title="bbox 382 2401 1960 2473; baseline -0.001 -17"><span class='ocrx_word' id='word_1_176' title='bbox 382 2405 588 2473; x_wconf 90' lang='lat' dir='ltr'><strong>misque</strong></span> <span class='ocrx_word' id='word_1_177' title='bbox 605 2403 1011 2458; x_wconf 84' lang='lat' dir='ltr'><strong>adversitatibus</strong></span> <span class='ocrx_word' id='word_1_178' title='bbox 1034 2403 1347 2471; x_wconf 87' lang='lat' dir='ltr'><strong>perdurant,</strong></span> <span class='ocrx_word' id='word_1_179' title='bbox 1364 2401 1574 2456; x_wconf 88' lang='lat' dir='ltr'><strong>interim</strong></span> <span class='ocrx_word' id='word_1_180' title='bbox 1587 2401 1798 2471; x_wconf 88' lang='lat' dir='ltr'><strong>quidem</strong></span> <span class='ocrx_word' id='word_1_181' title='bbox 1815 2401 1960 2469; x_wconf 90' lang='lat' dir='ltr'><strong>prior</strong></span> 
     </span>
    </p>
   </div>
   <div class='ocr_carea' id='block_1_24' title="bbox 379 2491 1960 2563">
    <p class='ocr_par' dir='ltr' id='par_1_24' title="bbox 379 2491 1960 2563">
     <span class='ocr_line' id='line_1_24' title="bbox 379 2491 1960 2563; baseline -0.003 -14"><span class='ocrx_word' id='word_1_182' title='bbox 379 2495 468 2550; x_wconf 89' lang='lat' dir='ltr'><strong>illa</strong></span> <span class='ocrx_word' id='word_1_183' title='bbox 513 2494 741 2563; x_wconf 89' lang='lat' dir='ltr'><strong>objectio</strong></span> <span class='ocrx_word' id='word_1_184' title='bbox 767 2535 782 2560; x_wconf 91' lang='lat'><strong>,</strong></span> <span class='ocrx_word' id='word_1_185' title='bbox 827 2509 946 2563; x_wconf 72' lang='lat' dir='ltr'><strong>qua:</strong></span> <span class='ocrx_word' id='word_1_186' title='bbox 980 2494 1140 2563; x_wconf 86' lang='lat' dir='ltr'><strong>affligi</strong></span> <span class='ocrx_word' id='word_1_187' title='bbox 1171 2493 1364 2558; x_wconf 91' lang='lat' dir='ltr'><strong>bonos,</strong></span> <span class='ocrx_word' id='word_1_188' title='bbox 1403 2491 1571 2545; x_wconf 91' lang='lat' dir='ltr'><strong>malos</strong></span> <span class='ocrx_word' id='word_1_189' title='bbox 1604 2507 1732 2545; x_wconf 92' lang='lat' dir='ltr'><strong>vero</strong></span> <span class='ocrx_word' id='word_1_190' title='bbox 1764 2491 1960 2560; x_wconf 87' lang='lat' dir='ltr'><strong>jugiter</strong></span> 
     </span>
    </p>
   </div>
   <div class='ocr_carea' id='block_1_25' title="bbox 386 2584 1958 2656">
    <p class='ocr_par' dir='ltr' id='par_1_25' title="bbox 386 2584 1958 2656">
     <span class='ocr_line' id='line_1_25' title="bbox 386 2584 1958 2656; baseline -0.003 -14"><span class='ocrx_word' id='word_1_191' title='bbox 386 2601 506 2642; x_wconf 88' lang='lat' dir='ltr'><strong>esse</strong></span> <span class='ocrx_word' id='word_1_192' title='bbox 550 2587 601 2640; x_wconf 90' lang='lat' dir='ltr'><strong>in</strong></span> <span class='ocrx_word' id='word_1_193' title='bbox 633 2586 838 2640; x_wconf 89' lang='lat' dir='ltr'><strong>deliciis</strong></span> <span class='ocrx_word' id='word_1_194' title='bbox 866 2587 1293 2656; x_wconf 90' lang='lat' dir='ltr'><strong>conquerebatur</strong></span> <span class='ocrx_word' id='word_1_195' title='bbox 1319 2627 1334 2651; x_wconf 92' lang='lat'><strong>,</strong></span> <span class='ocrx_word' id='word_1_196' title='bbox 1379 2584 1478 2639; x_wconf 88' lang='lat' dir='ltr'><strong>hac</strong></span> <span class='ocrx_word' id='word_1_197' title='bbox 1527 2585 1732 2640; x_wconf 89' lang='lat' dir='ltr'><strong>ratione</strong></span> <span class='ocrx_word' id='word_1_198' title='bbox 1774 2599 1958 2639; x_wconf 87' lang='lat' dir='ltr'><strong>eversa</strong></span> 
     </span>
    </p>
   </div>
   <div class='ocr_carea' id='block_1_26' title="bbox 381 2675 1960 2746">
    <p class='ocr_par' dir='ltr' id='par_1_26' title="bbox 381 2675 1960 2746">
     <span class='ocr_line' id='line_1_26' title="bbox 381 2675 1960 2746; baseline 0.001 -18"><span class='ocrx_word' id='word_1_199' title='bbox 381 2675 711 2746; x_wconf 85' lang='lat' dir='ltr'><strong>proﬂigatur.</strong></span> <span class='ocrx_word' id='word_1_200' title='bbox 742 2675 835 2730; x_wconf 91' lang='lat' dir='ltr'><strong>Sin</strong></span> <span class='ocrx_word' id='word_1_201' title='bbox 857 2683 1032 2730; x_wconf 89' lang='lat' dir='ltr'><strong>autem</strong></span> <span class='ocrx_word' id='word_1_202' title='bbox 1063 2685 1116 2730; x_wconf 92' lang='lat' dir='ltr'><strong>et</strong></span> <span class='ocrx_word' id='word_1_203' title='bbox 1156 2675 1311 2744; x_wconf 82' lang='lat' dir='ltr'><strong>hujus</strong></span> <span class='ocrx_word' id='word_1_204' title='bbox 1334 2676 1410 2729; x_wconf 90' lang='lat' dir='ltr'><strong>rei</strong></span> <span class='ocrx_word' id='word_1_205' title='bbox 1446 2689 1660 2728; x_wconf 89' lang='lat' dir='ltr'><strong>causam</strong></span> <span class='ocrx_word' id='word_1_206' title='bbox 1693 2675 1960 2744; x_wconf 90' lang='lat' dir='ltr'><strong>inquirere</strong></span> 
     </span>
    </p>
   </div>
   <div class='ocr_carea' id='block_1_27' title="bbox 381 2765 1958 2835">
    <p class='ocr_par' dir='ltr' id='par_1_27' title="bbox 381 2765 1958 2835">
     <span class='ocr_line' id='line_1_27' title="bbox 381 2765 1958 2835; baseline -0.001 -16"><span class='ocrx_word' id='word_1_207' title='bbox 381 2767 605 2821; x_wconf 76' lang='lat' dir='ltr'><strong>velimus</strong></span> <span class='ocrx_word' id='word_1_208' title='bbox 627 2806 642 2830; x_wconf 93' lang='lat'><strong>,</strong></span> <span class='ocrx_word' id='word_1_209' title='bbox 673 2766 726 2820; x_wconf 89' lang='lat' dir='ltr'><strong>id</strong></span> <span class='ocrx_word' id='word_1_210' title='bbox 777 2765 1014 2835; x_wconf 90' lang='lat' dir='ltr'><strong>profecto</strong></span> <span class='ocrx_word' id='word_1_211' title='bbox 1056 2766 1283 2820; x_wconf 85' lang='lat' dir='ltr'><strong>dixerim</strong></span> <span class='ocrx_word' id='word_1_212' title='bbox 1314 2806 1328 2828; x_wconf 92' lang='lat'><strong>,</strong></span> <span class='ocrx_word' id='word_1_213' title='bbox 1363 2766 1526 2820; x_wconf 89' lang='lat' dir='ltr'><strong>Deum</strong></span> <span class='ocrx_word' id='word_1_214' title='bbox 1554 2774 1731 2819; x_wconf 90' lang='lat' dir='ltr'><strong>nostra</strong></span> <span class='ocrx_word' id='word_1_215' title='bbox 1778 2765 1958 2820; x_wconf 81' lang='lat' dir='ltr'><strong>omnia</strong></span> 
     </span>
    </p>
   </div>
   <div class='ocr_carea' id='block_1_28' title="bbox 380 2855 1958 2925">
    <p class='ocr_par' dir='ltr' id='par_1_28' title="bbox 380 2855 1958 2925">
     <span class='ocr_line' id='line_1_28' title="bbox 380 2855 1958 2925; baseline -0.002 -14"><span class='ocrx_word' id='word_1_216' title='bbox 380 2873 486 2912; x_wconf 90' lang='lat' dir='ltr'><strong>non</strong></span> <span class='ocrx_word' id='word_1_217' title='bbox 536 2872 642 2911; x_wconf 93' lang='lat' dir='ltr'><strong>uno</strong></span> <span class='ocrx_word' id='word_1_218' title='bbox 670 2857 827 2911; x_wconf 91' lang='lat' dir='ltr'><strong>modo</strong></span> <span class='ocrx_word' id='word_1_219' title='bbox 852 2857 1064 2911; x_wconf 90' lang='lat' dir='ltr'><strong>solitum</strong></span> <span class='ocrx_word' id='word_1_220' title='bbox 1108 2870 1228 2910; x_wconf 91' lang='lat' dir='ltr'><strong>esse</strong></span> <span class='ocrx_word' id='word_1_221' title='bbox 1283 2855 1570 2925; x_wconf 88' lang='lat' dir='ltr'><strong>disponere</strong></span> <span class='ocrx_word' id='word_1_222' title='bbox 1595 2895 1612 2921; x_wconf 90' lang='lat'><strong>,</strong></span> <span class='ocrx_word' id='word_1_223' title='bbox 1643 2855 1734 2910; x_wconf 88' lang='lat' dir='ltr'><strong>sed</strong></span> <span class='ocrx_word' id='word_1_224' title='bbox 1780 2870 1958 2908; x_wconf 90' lang='lat' dir='ltr'><strong>rerum</strong></span> 
     </span>
    </p>
   </div>
   <div class='ocr_carea' id='block_1_29' title="bbox 380 2946 1961 3017">
    <p class='ocr_par' dir='ltr' id='par_1_29' title="bbox 380 2946 1961 3017">
     <span class='ocr_line' id='line_1_29' title="bbox 380 2946 1961 3017; baseline -0.002 -15"><span class='ocrx_word' id='word_1_225' title='bbox 380 2948 534 3016; x_wconf 89' lang='lat' dir='ltr'><strong>copia</strong></span> <span class='ocrx_word' id='word_1_226' title='bbox 562 2949 898 3011; x_wconf 90' lang='lat' dir='ltr'><strong>instructum,</strong></span> <span class='ocrx_word' id='word_1_227' title='bbox 943 2948 1122 3017; x_wconf 89' lang='lat' dir='ltr'><strong>plures</strong></span> <span class='ocrx_word' id='word_1_228' title='bbox 1151 2946 1307 3002; x_wconf 88' lang='lat' dir='ltr'><strong>nobis</strong></span> <span class='ocrx_word' id='word_1_229' title='bbox 1333 2946 1399 3001; x_wconf 91' lang='lat' dir='ltr'><strong>ad</strong></span> <span class='ocrx_word' id='word_1_230' title='bbox 1427 2947 1653 3001; x_wconf 89' lang='lat' dir='ltr'><strong>salutem</strong></span> <span class='ocrx_word' id='word_1_231' title='bbox 1681 2947 1794 3000; x_wconf 83' lang='lat' dir='ltr'><strong>vias</strong></span> <span class='ocrx_word' id='word_1_232' title='bbox 1823 2953 1961 3000; x_wconf 91' lang='lat' dir='ltr'><strong>ster-</strong></span> 
     </span>
    </p>
   </div>
   <div class='ocr_carea' id='block_1_30' title="bbox 386 3037 1962 3109">
    <p class='ocr_par' dir='ltr' id='par_1_30' title="bbox 386 3037 1962 3109">
     <span class='ocr_line' id='line_1_30' title="bbox 386 3037 1962 3109; baseline 0.001 -19"><span class='ocrx_word' id='word_1_233' title='bbox 386 3053 532 3093; x_wconf 85' lang='lat' dir='ltr'><strong>nere.</strong></span> <span class='ocrx_word' id='word_1_234' title='bbox 559 3039 693 3092; x_wconf 91' lang='lat' dir='ltr'><strong>Cum</strong></span> <span class='ocrx_word' id='word_1_235' title='bbox 741 3039 917 3109; x_wconf 89' lang='lat' dir='ltr'><strong>itaque</strong></span> <span class='ocrx_word' id='word_1_236' title='bbox 945 3039 1124 3108; x_wconf 87' lang='lat' dir='ltr'><strong>plures</strong></span> <span class='ocrx_word' id='word_1_237' title='bbox 1175 3039 1320 3104; x_wconf 89' lang='lat' dir='ltr'><strong>sint,</strong></span> <span class='ocrx_word' id='word_1_238' title='bbox 1350 3038 1439 3108; x_wconf 91' lang='lat' dir='ltr'><strong>qui</strong></span> <span class='ocrx_word' id='word_1_239' title='bbox 1487 3037 1645 3091; x_wconf 90' lang='lat' dir='ltr'><strong>futuri</strong></span> <span class='ocrx_word' id='word_1_240' title='bbox 1672 3037 1851 3092; x_wconf 66' lang='lat' dir='ltr'><strong>saeculi</strong></span> <span class='ocrx_word' id='word_1_241' title='bbox 1897 3051 1962 3092; x_wconf 91' lang='lat' dir='ltr'><strong>ac</strong></span> 
     </span>
    </p>
   </div>
   <div class='ocr_carea' id='block_1_31' title="bbox 380 3132 1958 3200">
    <p class='ocr_par' dir='ltr' id='par_1_31' title="bbox 380 3132 1958 3200">
     <span class='ocr_line' id='line_1_31' title="bbox 380 3132 1958 3200; baseline 0 -14"><span class='ocrx_word' id='word_1_242' title='bbox 380 3133 789 3187; x_wconf 87' lang='lat' dir='ltr'><strong>resurrectionis</strong></span> <span class='ocrx_word' id='word_1_243' title='bbox 832 3133 1126 3187; x_wconf 87' lang='lat' dir='ltr'><strong>doctrinam</strong></span> <span class='ocrx_word' id='word_1_244' title='bbox 1163 3132 1444 3187; x_wconf 85' lang='lat' dir='ltr'><strong>admittere</strong></span> <span class='ocrx_word' id='word_1_245' title='bbox 1484 3132 1824 3200; x_wconf 87' lang='lat' dir='ltr'><strong>pertinaciter</strong></span> <span class='ocrx_word' id='word_1_246' title='bbox 1869 3147 1958 3186; x_wconf 85' lang='lat' dir='ltr'><strong>re-</strong></span> 
     </span>
    </p>
   </div>
   <div class='ocr_carea' id='block_1_32' title="bbox 381 3223 1960 3294">
    <p class='ocr_par' dir='ltr' id='par_1_32' title="bbox 381 3223 1960 3294">
     <span class='ocr_line' id='line_1_32' title="bbox 381 3223 1960 3294; baseline -0.002 -14"><span class='ocrx_word' id='word_1_247' title='bbox 381 3234 566 3291; x_wconf 91' lang='lat' dir='ltr'><strong>nuant,</strong></span> <span class='ocrx_word' id='word_1_248' title='bbox 595 3225 756 3280; x_wconf 86' lang='lat' dir='ltr'><strong>veluti</strong></span> <span class='ocrx_word' id='word_1_249' title='bbox 789 3225 841 3279; x_wconf 92' lang='lat' dir='ltr'><strong>in</strong></span> <span class='ocrx_word' id='word_1_250' title='bbox 869 3225 1012 3279; x_wconf 87' lang='lat' dir='ltr'><strong>brevi</strong></span> <span class='ocrx_word' id='word_1_251' title='bbox 1041 3225 1216 3278; x_wconf 90' lang='lat' dir='ltr'><strong>tabula</strong></span> <span class='ocrx_word' id='word_1_252' title='bbox 1246 3224 1331 3278; x_wconf 87' lang='lat' dir='ltr'><strong>hic</strong></span> <span class='ocrx_word' id='word_1_253' title='bbox 1355 3224 1539 3293; x_wconf 91' lang='lat' dir='ltr'><strong>judicii</strong></span> <span class='ocrx_word' id='word_1_254' title='bbox 1583 3223 1742 3277; x_wconf 86' lang='lat' dir='ltr'><strong>futuri</strong></span> <span class='ocrx_word' id='word_1_255' title='bbox 1771 3223 1960 3294; x_wconf 84' lang='lat' dir='ltr'><strong>imagi-</strong></span> 
     </span>
    </p>
   </div>
   <div class='ocr_carea' id='block_1_33' title="bbox 383 3315 1957 3385">
    <p class='ocr_par' dir='ltr' id='par_1_33' title="bbox 383 3315 1957 3385">
     <span class='ocr_line' id='line_1_33' title="bbox 383 3315 1957 3385; baseline -0.002 -15"><span class='ocrx_word' id='word_1_256' title='bbox 383 3332 505 3370; x_wconf 89' lang='lat' dir='ltr'><strong>nem</strong></span> <span class='ocrx_word' id='word_1_257' title='bbox 531 3315 801 3381; x_wconf 90' lang='lat' dir='ltr'><strong>ostendit,</strong></span> <span class='ocrx_word' id='word_1_258' title='bbox 828 3331 948 3370; x_wconf 93' lang='lat' dir='ltr'><strong>cum</strong></span> <span class='ocrx_word' id='word_1_259' title='bbox 975 3316 1125 3385; x_wconf 88' lang='lat' dir='ltr'><strong>punit</strong></span> <span class='ocrx_word' id='word_1_260' title='bbox 1173 3315 1341 3369; x_wconf 90' lang='lat' dir='ltr'><strong>malos</strong></span> <span class='ocrx_word' id='word_1_261' title='bbox 1369 3355 1385 3380; x_wconf 91' lang='lat'><strong>,</strong></span> <span class='ocrx_word' id='word_1_262' title='bbox 1417 3315 1588 3369; x_wconf 88' lang='lat' dir='ltr'><strong>bonos</strong></span> <span class='ocrx_word' id='word_1_263' title='bbox 1633 3325 1957 3370; x_wconf 90' lang='lat' dir='ltr'><strong>remunerat.</strong></span> 
     </span>
    </p>
   </div>
   <div class='ocr_carea' id='block_1_34' title="bbox 382 3407 1959 3478">
    <p class='ocr_par' dir='ltr' id='par_1_34' title="bbox 382 3407 1959 3478">
     <span class='ocr_line' id='line_1_34' title="bbox 382 3407 1959 3478; baseline -0.001 -15"><span class='ocrx_word' id='word_1_264' title='bbox 382 3409 534 3476; x_wconf 86' lang='lat' dir='ltr'><strong>Quod</strong></span> <span class='ocrx_word' id='word_1_265' title='bbox 562 3424 682 3463; x_wconf 91' lang='lat' dir='ltr'><strong>cum</strong></span> <span class='ocrx_word' id='word_1_266' title='bbox 713 3409 764 3462; x_wconf 92' lang='lat' dir='ltr'><strong>in</strong></span> <span class='ocrx_word' id='word_1_267' title='bbox 789 3409 987 3478; x_wconf 91' lang='lat' dir='ltr'><strong>judicio</strong></span> <span class='ocrx_word' id='word_1_268' title='bbox 1005 3409 1092 3462; x_wconf 93' lang='lat' dir='ltr'><strong>illo</strong></span> <span class='ocrx_word' id='word_1_269' title='bbox 1115 3423 1362 3477; x_wconf 90' lang='lat' dir='ltr'><strong>supremo</strong></span> <span class='ocrx_word' id='word_1_270' title='bbox 1382 3407 1702 3477; x_wconf 87' lang='lat' dir='ltr'><strong>generaliter</strong></span> <span class='ocrx_word' id='word_1_271' title='bbox 1728 3407 1959 3462; x_wconf 90' lang='lat' dir='ltr'><strong>futurum</strong></span> 
     </span>
    </p>
   </div>
   <div class='ocr_carea' id='block_1_35' title="bbox 387 3499 1961 3570">
    <p class='ocr_par' dir='ltr' id='par_1_35' title="bbox 387 3499 1961 3570">
     <span class='ocr_line' id='line_1_35' title="bbox 387 3499 1961 3570; baseline -0.002 -14"><span class='ocrx_word' id='word_1_272' title='bbox 387 3503 492 3568; x_wconf 92' lang='lat' dir='ltr'><strong>sit,</strong></span> <span class='ocrx_word' id='word_1_273' title='bbox 521 3504 680 3556; x_wconf 89' lang='lat' dir='ltr'><strong>etiam</strong></span> <span class='ocrx_word' id='word_1_274' title='bbox 712 3517 853 3556; x_wconf 91' lang='lat' dir='ltr'><strong>nunc</strong></span> <span class='ocrx_word' id='word_1_275' title='bbox 873 3517 936 3555; x_wconf 89' lang='lat' dir='ltr'><strong>ex</strong></span> <span class='ocrx_word' id='word_1_276' title='bbox 969 3508 1117 3570; x_wconf 89' lang='lat' dir='ltr'><strong>parte</strong></span> <span class='ocrx_word' id='word_1_277' title='bbox 1143 3500 1318 3570; x_wconf 89' lang='lat' dir='ltr'><strong>aliqua</strong></span> <span class='ocrx_word' id='word_1_278' title='bbox 1347 3500 1468 3554; x_wconf 90' lang='lat' dir='ltr'><strong>ideo</strong></span> <span class='ocrx_word' id='word_1_279' title='bbox 1498 3499 1556 3553; x_wconf 84' lang='lat' dir='ltr'><strong>fit</strong></span> <span class='ocrx_word' id='word_1_280' title='bbox 1577 3539 1593 3565; x_wconf 92' lang='lat'><strong>,</strong></span> <span class='ocrx_word' id='word_1_281' title='bbox 1622 3511 1678 3554; x_wconf 89' lang='grc' dir='ltr'><strong>ιιι</strong></span> <span class='ocrx_word' id='word_1_282' title='bbox 1707 3501 1795 3570; x_wconf 92' lang='lat' dir='ltr'><strong>qui</strong></span> <span class='ocrx_word' id='word_1_283' title='bbox 1820 3501 1961 3555; x_wconf 90' lang='lat' dir='ltr'><strong>circa</strong></span> 
     </span>
    </p>
   </div>
   <div class='ocr_carea' id='block_1_36' title="bbox 384 3592 1960 3668">
    <p class='ocr_par' dir='ltr' id='par_1_36' title="bbox 384 3592 1960 3668">
     <span class='ocr_line' id='line_1_36' title="bbox 384 3592 1960 3668; baseline -0.003 -17"><span class='ocrx_word' id='word_1_284' title='bbox 384 3595 732 3668; x_wconf 89' lang='lat' dir='ltr'><strong>longinquum</strong></span> <span class='ocrx_word' id='word_1_285' title='bbox 760 3595 886 3649; x_wconf 92' lang='lat' dir='ltr'><strong>illud</strong></span> <span class='ocrx_word' id='word_1_286' title='bbox 909 3594 1164 3663; x_wconf 88' lang='lat' dir='ltr'><strong>judicium</strong></span> <span class='ocrx_word' id='word_1_287' title='bbox 1191 3608 1286 3663; x_wconf 92' lang='lat' dir='ltr'><strong>spe</strong></span> <span class='ocrx_word' id='word_1_288' title='bbox 1307 3592 1438 3661; x_wconf 88' lang='lat' dir='ltr'><strong>lapsi</strong></span> <span class='ocrx_word' id='word_1_289' title='bbox 1463 3601 1619 3659; x_wconf 87' lang='lat' dir='ltr'><strong>sunt,</strong></span> <span class='ocrx_word' id='word_1_290' title='bbox 1647 3593 1732 3646; x_wconf 91' lang='lat' dir='ltr'><strong>vel</strong></span> <span class='ocrx_word' id='word_1_291' title='bbox 1755 3592 1818 3646; x_wconf 90' lang='lat' dir='ltr'><strong>iis</strong></span> <span class='ocrx_word' id='word_1_292' title='bbox 1842 3607 1960 3661; x_wconf 70' lang='lat' dir='ltr'><strong>qua:</strong></span> 
     </span>
    </p>
   </div>
   <div class='ocr_carea' id='block_1_37' title="bbox 399 3683 1965 3755">
    <p class='ocr_par' dir='ltr' id='par_1_37' title="bbox 399 3683 1965 3755">
     <span class='ocr_line' id='line_1_37' title="bbox 399 3683 1965 3755; baseline -0.004 -12"><span class='ocrx_word' id='word_1_293' title='bbox 399 3691 454 3743; x_wconf 89' lang='lat' dir='ltr'><strong>in</strong></span> <span class='ocrx_word' id='word_1_294' title='bbox 487 3689 586 3741; x_wconf 84' lang='lat' dir='ltr'><strong>hoc</strong></span> <span class='ocrx_word' id='word_1_295' title='bbox 614 3686 807 3742; x_wconf 67' lang='lat' dir='ltr'><strong>saeculo</strong></span> <span class='ocrx_word' id='word_1_296' title='bbox 833 3686 1144 3755; x_wconf 85' lang='lat' dir='ltr'><strong>contingunt</strong></span> <span class='ocrx_word' id='word_1_297' title='bbox 1167 3683 1443 3748; x_wconf 90' lang='lat' dir='ltr'><strong>admoniti,</strong></span> <span class='ocrx_word' id='word_1_298' title='bbox 1473 3683 1860 3738; x_wconf 86' lang='lat' dir='ltr'><strong>mansuetiores</strong></span> <span class='ocrx_word' id='word_1_299' title='bbox 1883 3690 1965 3737; x_wconf 82' lang='lat' dir='ltr'><strong>at-</strong></span> 
     </span>
    </p>
   </div>
   <div class='ocr_carea' id='block_1_38' title="bbox 388 3774 1963 3851">
    <p class='ocr_par' dir='ltr' id='par_1_38' title="bbox 388 3774 1963 3851">
     <span class='ocr_line' id='line_1_38' title="bbox 388 3774 1963 3851; baseline -0.004 -17"><span class='ocrx_word' id='word_1_300' title='bbox 388 3794 494 3851; x_wconf 88' lang='lat' dir='ltr'><strong>que</strong></span> <span class='ocrx_word' id='word_1_301' title='bbox 511 3778 760 3832; x_wconf 89' lang='lat' dir='ltr'><strong>meliores</strong></span> <span class='ocrx_word' id='word_1_302' title='bbox 776 3777 920 3830; x_wconf 87' lang='lat' dir='ltr'><strong>fiant.</strong></span> <span class='ocrx_word' id='word_1_303' title='bbox 933 3776 990 3832; x_wconf 90' lang='lat' dir='ltr'><strong>Si</strong></span> <span class='ocrx_word' id='word_1_304' title='bbox 1005 3777 1144 3830; x_wconf 90' lang='lat' dir='ltr'><strong>enim</strong></span> <span class='ocrx_word' id='word_1_305' title='bbox 1163 3775 1340 3830; x_wconf 92' lang='lat' dir='ltr'><strong>nullus</strong></span> <span class='ocrx_word' id='word_1_306' title='bbox 1354 3774 1439 3829; x_wconf 86' lang='lat' dir='ltr'><strong>hic</strong></span> <span class='ocrx_word' id='word_1_307' title='bbox 1455 3775 1672 3828; x_wconf 90' lang='lat' dir='ltr'><strong>omnino</strong></span> <span class='ocrx_word' id='word_1_308' title='bbox 1689 3774 1963 3843; x_wconf 88' lang='lat' dir='ltr'><strong>puniretur</strong></span> 
     </span>
    </p>
   </div>
   <div class='ocr_carea' id='block_1_39' title="bbox 388 3862 1962 3936">
    <p class='ocr_par' dir='ltr' id='par_1_39' title="bbox 388 3862 1962 3936">
     <span class='ocr_line' id='line_1_39' title="bbox 388 3862 1962 3936; baseline -0.004 -13"><span class='ocrx_word' id='word_1_309' title='bbox 388 3869 581 3934; x_wconf 86' lang='lat' dir='ltr'><strong>malus,</strong></span> <span class='ocrx_word' id='word_1_310' title='bbox 613 3868 891 3936; x_wconf 89' lang='lat' dir='ltr'><strong>nullusque</strong></span> <span class='ocrx_word' id='word_1_311' title='bbox 916 3868 1268 3921; x_wconf 81' lang='lat' dir='ltr'><strong>ltonoraretur</strong></span> <span class='ocrx_word' id='word_1_312' title='bbox 1296 3866 1488 3933; x_wconf 90' lang='lat' dir='ltr'><strong>bonus,</strong></span> <span class='ocrx_word' id='word_1_313' title='bbox 1520 3862 1735 3934; x_wconf 91' lang='lat' dir='ltr'><strong>plurimi</strong></span> <span class='ocrx_word' id='word_1_314' title='bbox 1775 3879 1844 3918; x_wconf 89' lang='lat' dir='ltr'><strong>ex</strong></span> <span class='ocrx_word' id='word_1_315' title='bbox 1897 3863 1962 3917; x_wconf 90' lang='lat' dir='ltr'><strong>iis</strong></span> 
     </span>
    </p>
   </div>
   <div class='ocr_carea' id='block_1_40' title="bbox 385 3954 1961 4030">
    <p class='ocr_par' dir='ltr' id='par_1_40' title="bbox 385 3954 1961 4030">
     <span class='ocr_line' id='line_1_40' title="bbox 385 3954 1961 4030; baseline -0.005 -15"><span class='ocrx_word' id='word_1_316' title='bbox 385 3963 476 4030; x_wconf 88' lang='lat' dir='ltr'><strong>qui</strong></span> <span class='ocrx_word' id='word_1_317' title='bbox 525 3960 970 4015; x_wconf 88' lang='lat' dir='ltr'><strong>resurrectionem</strong></span> <span class='ocrx_word' id='word_1_318' title='bbox 1023 3973 1128 4012; x_wconf 92' lang='lat' dir='ltr'><strong>non</strong></span> <span class='ocrx_word' id='word_1_319' title='bbox 1175 3957 1445 4021; x_wconf 89' lang='lat' dir='ltr'><strong>credunt,</strong></span> <span class='ocrx_word' id='word_1_320' title='bbox 1496 3957 1750 4011; x_wconf 90' lang='lat' dir='ltr'><strong>virtutem</strong></span> <span class='ocrx_word' id='word_1_321' title='bbox 1801 3954 1961 4008; x_wconf 89' lang='lat' dir='ltr'><strong>veluti</strong></span> 
     </span>
    </p>
   </div>
   <div class='ocr_carea' id='block_1_41' title="bbox 388 4045 1962 4118">
    <p class='ocr_par' dir='ltr' id='par_1_41' title="bbox 388 4045 1962 4118">
     <span class='ocr_line' id='line_1_41' title="bbox 388 4045 1962 4118; baseline -0.003 -15"><span class='ocrx_word' id='word_1_322' title='bbox 388 4051 647 4105; x_wconf 88' lang='lat' dir='ltr'><strong>malorum</strong></span> <span class='ocrx_word' id='word_1_323' title='bbox 677 4065 890 4104; x_wconf 88' lang='lat' dir='ltr'><strong>causam</strong></span> <span class='ocrx_word' id='word_1_324' title='bbox 923 4047 1166 4118; x_wconf 76' lang='lat' dir='ltr'><strong>fugerent</strong></span> <span class='ocrx_word' id='word_1_325' title='bbox 1193 4087 1209 4114; x_wconf 92' lang='lat'><strong>,</strong></span> <span class='ocrx_word' id='word_1_326' title='bbox 1255 4047 1601 4101; x_wconf 89' lang='lat' dir='ltr'><strong>vitiositatem</strong></span> <span class='ocrx_word' id='word_1_327' title='bbox 1630 4061 1760 4100; x_wconf 88' lang='lat' dir='ltr'><strong>vero</strong></span> <span class='ocrx_word' id='word_1_328' title='bbox 1798 4045 1962 4100; x_wconf 85' lang='lat' dir='ltr'><strong>veluti</strong></span> 
     </span>
    </p>
   </div>
   <div class='ocr_carea' id='block_1_42' title="bbox 387 4139 1965 4212">
    <p class='ocr_par' dir='ltr' id='par_1_42' title="bbox 387 4139 1965 4212">
     <span class='ocr_line' id='line_1_42' title="bbox 387 4139 1965 4212; baseline -0.004 -14"><span class='ocrx_word' id='word_1_329' title='bbox 387 4145 647 4198; x_wconf 86' lang='lat' dir='ltr'><strong>bonorum</strong></span> <span class='ocrx_word' id='word_1_330' title='bbox 697 4158 911 4198; x_wconf 86' lang='lat' dir='ltr'><strong>causam</strong></span> <span class='ocrx_word' id='word_1_331' title='bbox 961 4149 1403 4212; x_wconf 86' lang='lat' dir='ltr'><strong>persequerentur</strong></span> <span class='ocrx_word' id='word_1_332' title='bbox 1451 4158 1464 4193; x_wconf 89' lang='lat'><strong>:</strong></span> <span class='ocrx_word' id='word_1_333' title='bbox 1515 4140 1560 4193; x_wconf 93' lang='lat' dir='ltr'><strong>si</strong></span> <span class='ocrx_word' id='word_1_334' title='bbox 1611 4154 1823 4193; x_wconf 90' lang='lat' dir='ltr'><strong>rursum</strong></span> <span class='ocrx_word' id='word_1_335' title='bbox 1879 4139 1965 4193; x_wconf 87' lang='lat' dir='ltr'><strong>hic</strong></span> 
     </span>
    </p>
   </div>
   <div class='ocr_carea' id='block_1_43' title="bbox 392 4231 1962 4306">
    <p class='ocr_par' dir='ltr' id='par_1_43' title="bbox 392 4231 1962 4306">
     <span class='ocr_line' id='line_1_43' title="bbox 392 4231 1962 4306; baseline -0.003 -17"><span class='ocrx_word' id='word_1_336' title='bbox 392 4235 584 4306; x_wconf 86' lang='lat' dir='ltr'><strong>singuli</strong></span> <span class='ocrx_word' id='word_1_337' title='bbox 629 4235 779 4304; x_wconf 82' lang='lat' dir='ltr'><strong>juxta</strong></span> <span class='ocrx_word' id='word_1_338' title='bbox 830 4235 1018 4288; x_wconf 89' lang='lat' dir='ltr'><strong>merita</strong></span> <span class='ocrx_word' id='word_1_339' title='bbox 1068 4235 1414 4302; x_wconf 89' lang='lat' dir='ltr'><strong>reciperent,</strong></span> <span class='ocrx_word' id='word_1_340' title='bbox 1466 4231 1789 4302; x_wconf 84' lang='lat' dir='ltr'><strong>superﬂuam</strong></span> <span class='ocrx_word' id='word_1_341' title='bbox 1855 4233 1962 4300; x_wconf 91' lang='lat' dir='ltr'><strong>jam</strong></span> 
     </span>
    </p>
   </div>
   <div class='ocr_carea' id='block_1_44' title="bbox 388 4323 1963 4396">
    <p class='ocr_par' dir='ltr' id='par_1_44' title="bbox 388 4323 1963 4396">
     <span class='ocr_line' id='line_1_44' title="bbox 388 4323 1963 4396; baseline -0.003 -15"><span class='ocrx_word' id='word_1_342' title='bbox 388 4328 681 4396; x_wconf 77' lang='lat' dir='ltr'><strong>falsamque</strong></span> <span class='ocrx_word' id='word_1_343' title='bbox 710 4324 1281 4391; x_wconf 84' lang='lat' dir='ltr'><strong>existimarentjudicii</strong></span> <span class='ocrx_word' id='word_1_344' title='bbox 1330 4323 1650 4378; x_wconf 88' lang='lat' dir='ltr'><strong>doctrinam.</strong></span> <span class='ocrx_word' id='word_1_345' title='bbox 1687 4323 1870 4391; x_wconf 91' lang='lat' dir='ltr'><strong>Itaque</strong></span> <span class='ocrx_word' id='word_1_346' title='bbox 1897 4338 1963 4377; x_wconf 91' lang='lat' dir='ltr'><strong>ne</strong></span> 
     </span>
    </p>
   </div>
   <div class='ocr_carea' id='block_1_45' title="bbox 395 4413 1964 4485">
    <p class='ocr_par' dir='ltr' id='par_1_45' title="bbox 395 4413 1964 4485">
     <span class='ocr_line' id='line_1_45' title="bbox 395 4413 1964 4485; baseline -0.006 -10"><span class='ocrx_word' id='word_1_347' title='bbox 395 4421 519 4475; x_wconf 88' lang='lat' dir='ltr'><strong>huic</strong></span> <span class='ocrx_word' id='word_1_348' title='bbox 564 4436 669 4474; x_wconf 92' lang='lat' dir='ltr'><strong>non</strong></span> <span class='ocrx_word' id='word_1_349' title='bbox 722 4418 1029 4472; x_wconf 79' lang='lat' dir='ltr'><strong>crederetur</strong></span> <span class='ocrx_word' id='word_1_350' title='bbox 1058 4459 1073 4480; x_wconf 93' lang='lat'><strong>,</strong></span> <span class='ocrx_word' id='word_1_351' title='bbox 1099 4433 1166 4470; x_wconf 87' lang='lat' dir='ltr'><strong>ne</strong></span> <span class='ocrx_word' id='word_1_352' title='bbox 1211 4416 1394 4485; x_wconf 88' lang='lat' dir='ltr'><strong>ingens</strong></span> <span class='ocrx_word' id='word_1_353' title='bbox 1439 4415 1774 4483; x_wconf 88' lang='lat' dir='ltr'><strong>vulgarisqtte</strong></span> <span class='ocrx_word' id='word_1_354' title='bbox 1814 4413 1964 4468; x_wconf 84' lang='lat' dir='ltr'><strong>turba</strong></span> 
     </span>
    </p>
   </div>
   <div class='ocr_carea' id='block_1_46' title="bbox 387 4506 1965 4580">
    <p class='ocr_par' dir='ltr' id='par_1_46' title="bbox 387 4506 1965 4580">
     <span class='ocr_line' id='line_1_46' title="bbox 387 4506 1965 4580; baseline -0.004 -13"><span class='ocrx_word' id='word_1_355' title='bbox 387 4529 454 4567; x_wconf 89' lang='lat' dir='ltr'><strong>ex</strong></span> <span class='ocrx_word' id='word_1_356' title='bbox 481 4519 786 4580; x_wconf 91' lang='lat' dir='ltr'><strong>contemptu</strong></span> <span class='ocrx_word' id='word_1_357' title='bbox 817 4509 1052 4563; x_wconf 91' lang='lat' dir='ltr'><strong>deterior</strong></span> <span class='ocrx_word' id='word_1_358' title='bbox 1099 4508 1281 4572; x_wconf 82' lang='lat' dir='ltr'><strong>ﬁeret,</strong></span> <span class='ocrx_word' id='word_1_359' title='bbox 1311 4508 1505 4561; x_wconf 91' lang='lat' dir='ltr'><strong>multos</strong></span> <span class='ocrx_word' id='word_1_360' title='bbox 1535 4506 1621 4562; x_wconf 90' lang='lat' dir='ltr'><strong>hic</strong></span> <span class='ocrx_word' id='word_1_361' title='bbox 1659 4516 1965 4576; x_wconf 87' lang='lat' dir='ltr'><strong>peccatores</strong></span> 
     </span>
    </p>
   </div>
   <div class='ocr_carea' id='block_1_47' title="bbox 392 4600 1968 4672">
    <p class='ocr_par' dir='ltr' id='par_1_47' title="bbox 392 4600 1968 4672">
     <span class='ocr_line' id='line_1_47' title="bbox 392 4600 1968 4672; baseline -0.004 -14"><span class='ocrx_word' id='word_1_362' title='bbox 392 4604 682 4669; x_wconf 88' lang='lat' dir='ltr'><strong>ulciscitur,</strong></span> <span class='ocrx_word' id='word_1_363' title='bbox 705 4603 1069 4672; x_wconf 89' lang='lat' dir='ltr'><strong>quosdamque</strong></span> <span class='ocrx_word' id='word_1_364' title='bbox 1088 4616 1185 4671; x_wconf 92' lang='lat' dir='ltr'><strong>pro</strong></span> <span class='ocrx_word' id='word_1_365' title='bbox 1213 4609 1358 4655; x_wconf 90' lang='lat' dir='ltr'><strong>recte</strong></span> <span class='ocrx_word' id='word_1_366' title='bbox 1387 4600 1536 4655; x_wconf 84' lang='lat' dir='ltr'><strong>factis</strong></span> <span class='ocrx_word' id='word_1_367' title='bbox 1561 4609 1884 4664; x_wconf 87' lang='lat' dir='ltr'><strong>remunerat,</strong></span> <span class='ocrx_word' id='word_1_368' title='bbox 1909 4607 1968 4653; x_wconf 93' lang='lat' dir='ltr'><strong>ut</strong></span> 
     </span>
    </p>
   </div>
   <div class='ocr_carea' id='block_1_48' title="bbox 392 4690 1968 4764">
    <p class='ocr_par' dir='ltr' id='par_1_48' title="bbox 392 4690 1968 4764">
     <span class='ocr_line' id='line_1_48' title="bbox 392 4690 1968 4764; baseline -0.004 -13"><span class='ocrx_word' id='word_1_369' title='bbox 392 4712 458 4750; x_wconf 82' lang='lat' dir='ltr'><strong>ex</strong></span> <span class='ocrx_word' id='word_1_370' title='bbox 487 4711 553 4750; x_wconf 93' lang='lat' dir='ltr'><strong>eo</strong></span> <span class='ocrx_word' id='word_1_371' title='bbox 589 4695 730 4764; x_wconf 90' lang='lat' dir='ltr'><strong>quod</strong></span> <span class='ocrx_word' id='word_1_372' title='bbox 760 4709 866 4748; x_wconf 90' lang='lat' dir='ltr'><strong>non</strong></span> <span class='ocrx_word' id='word_1_373' title='bbox 898 4694 949 4747; x_wconf 93' lang='lat' dir='ltr'><strong>in</strong></span> <span class='ocrx_word' id='word_1_374' title='bbox 995 4693 1242 4746; x_wconf 90' lang='lat' dir='ltr'><strong>omnibus</strong></span> <span class='ocrx_word' id='word_1_375' title='bbox 1285 4691 1337 4746; x_wconf 89' lang='lat' dir='ltr'><strong>id</strong></span> <span class='ocrx_word' id='word_1_376' title='bbox 1380 4690 1507 4746; x_wconf 89' lang='lat' dir='ltr'><strong>facit</strong></span> <span class='ocrx_word' id='word_1_377' title='bbox 1542 4690 1724 4761; x_wconf 92' lang='lat' dir='ltr'><strong>judicii</strong></span> <span class='ocrx_word' id='word_1_378' title='bbox 1763 4699 1968 4745; x_wconf 89' lang='lat' dir='ltr'><strong>asserat</strong></span> 
     </span>
    </p>
   </div>
   <div class='ocr_carea' id='block_1_49' title="bbox 397 4784 1967 4855">
    <p class='ocr_par' dir='ltr' id='par_1_49' title="bbox 397 4784 1967 4855">
     <span class='ocr_line' id='line_1_49' title="bbox 397 4784 1967 4855; baseline -0.003 -14"><span class='ocrx_word' id='word_1_379' title='bbox 397 4787 580 4852; x_wconf 82' lang='lat' dir='ltr'><strong>fidem,</strong></span> <span class='ocrx_word' id='word_1_380' title='bbox 609 4803 674 4842; x_wconf 92' lang='lat' dir='ltr'><strong>ex</strong></span> <span class='ocrx_word' id='word_1_381' title='bbox 702 4803 767 4842; x_wconf 91' lang='lat' dir='ltr'><strong>eo</strong></span> <span class='ocrx_word' id='word_1_382' title='bbox 802 4802 931 4840; x_wconf 88' lang='lat' dir='ltr'><strong>vero</strong></span> <span class='ocrx_word' id='word_1_383' title='bbox 955 4786 1096 4855; x_wconf 89' lang='lat' dir='ltr'><strong>quod</strong></span> <span class='ocrx_word' id='word_1_384' title='bbox 1125 4795 1248 4840; x_wconf 90' lang='lat' dir='ltr'><strong>ante</strong></span> <span class='ocrx_word' id='word_1_385' title='bbox 1264 4784 1519 4854; x_wconf 91' lang='lat' dir='ltr'><strong>judicium</strong></span> <span class='ocrx_word' id='word_1_386' title='bbox 1560 4799 1771 4855; x_wconf 91' lang='lat' dir='ltr'><strong>quoque</strong></span> <span class='ocrx_word' id='word_1_387' title='bbox 1800 4784 1967 4837; x_wconf 89' lang='lat' dir='ltr'><strong>malos</strong></span> 
     </span>
    </p>
   </div>
   <div class='ocr_carea' id='block_1_50' title="bbox 388 4876 1965 4949">
    <p class='ocr_par' dir='ltr' id='par_1_50' title="bbox 388 4876 1965 4949">
     <span class='ocr_line' id='line_1_50' title="bbox 388 4876 1965 4949; baseline -0.004 -16"><span class='ocrx_word' id='word_1_388' title='bbox 388 4881 595 4949; x_wconf 90' lang='lat' dir='ltr'><strong>aliquos</strong></span> <span class='ocrx_word' id='word_1_389' title='bbox 625 4878 896 4948; x_wconf 91' lang='lat' dir='ltr'><strong>suppliciis</strong></span> <span class='ocrx_word' id='word_1_390' title='bbox 925 4877 1088 4930; x_wconf 90' lang='lat' dir='ltr'><strong>aflicit</strong></span> <span class='ocrx_word' id='word_1_391' title='bbox 1106 4918 1122 4941; x_wconf 90' lang='lat'><strong>,</strong></span> <span class='ocrx_word' id='word_1_392' title='bbox 1151 4876 1568 4946; x_wconf 88' lang='lat' dir='ltr'><strong>profundissimo</strong></span> <span class='ocrx_word' id='word_1_393' title='bbox 1596 4876 1745 4946; x_wconf 90' lang='lat' dir='ltr'><strong>quasi</strong></span> <span class='ocrx_word' id='word_1_394' title='bbox 1775 4890 1965 4929; x_wconf 91' lang='lat' dir='ltr'><strong>somno</strong></span> 
     </span>
    </p>
   </div>
   <div class='ocr_carea' id='block_1_51' title="bbox 391 4966 1966 5039">
    <p class='ocr_par' dir='ltr' id='par_1_51' title="bbox 391 4966 1966 5039">
     <span class='ocr_line' id='line_1_51' title="bbox 391 4966 1966 5039; baseline -0.002 -15"><span class='ocrx_word' id='word_1_395' title='bbox 391 4970 626 5039; x_wconf 86' lang='lat' dir='ltr'><strong>sepultos</strong></span> <span class='ocrx_word' id='word_1_396' title='bbox 651 4969 865 5023; x_wconf 79' lang='lat' dir='ltr'><strong>excitet.</strong></span> <span class='ocrx_word' id='word_1_397' title='bbox 895 4967 1024 5022; x_wconf 86' lang='lat' dir='ltr'><strong>Nam</strong></span> <span class='ocrx_word' id='word_1_398' title='bbox 1051 4983 1122 5021; x_wconf 90' lang='lat' dir='ltr'><strong>ex</strong></span> <span class='ocrx_word' id='word_1_399' title='bbox 1160 4967 1420 5020; x_wconf 91' lang='lat' dir='ltr'><strong>malorum</strong></span> <span class='ocrx_word' id='word_1_400' title='bbox 1443 4966 1659 5035; x_wconf 87' lang='lat' dir='ltr'><strong>quidem</strong></span> <span class='ocrx_word' id='word_1_401' title='bbox 1689 4967 1966 5035; x_wconf 90' lang='lat' dir='ltr'><strong>punitione</strong></span> 
     </span>
    </p>
   </div>
   <div class='ocr_carea' id='block_1_52' title="bbox 392 5055 1966 5130">
    <p class='ocr_par' dir='ltr' id='par_1_52' title="bbox 392 5055 1966 5130">
     <span class='ocr_line' id='line_1_52' title="bbox 392 5055 1966 5130; baseline -0.002 -18"><span class='ocrx_word' id='word_1_402' title='bbox 392 5060 601 5130; x_wconf 90' lang='lat' dir='ltr'><strong>plurimi</strong></span> <span class='ocrx_word' id='word_1_403' title='bbox 627 5060 817 5113; x_wconf 89' lang='lat' dir='ltr'><strong>timore</strong></span> <span class='ocrx_word' id='word_1_404' title='bbox 841 5059 1194 5128; x_wconf 88' lang='lat' dir='ltr'><strong>corriguntur,</strong></span> <span class='ocrx_word' id='word_1_405' title='bbox 1211 5071 1281 5111; x_wconf 90' lang='lat' dir='ltr'><strong>ne</strong></span> <span class='ocrx_word' id='word_1_406' title='bbox 1300 5057 1566 5127; x_wconf 87' lang='lat' dir='ltr'><strong>patiantur</strong></span> <span class='ocrx_word' id='word_1_407' title='bbox 1588 5055 1797 5121; x_wconf 91' lang='lat' dir='ltr'><strong>eadem;</strong></span> <span class='ocrx_word' id='word_1_408' title='bbox 1816 5070 1882 5111; x_wconf 88' lang='lat' dir='ltr'><strong>ex</strong></span> <span class='ocrx_word' id='word_1_409' title='bbox 1899 5072 1966 5110; x_wconf 87' lang='lat' dir='ltr'><strong>eo</strong></span> 
     </span>
    </p>
   </div>
   <div class='ocr_carea' id='block_1_53' title="bbox 389 5147 1960 5221">
    <p class='ocr_par' dir='ltr' id='par_1_53' title="bbox 389 5147 1960 5221">
     <span class='ocr_line' id='line_1_53' title="bbox 389 5147 1960 5221; baseline -0.003 -16"><span class='ocrx_word' id='word_1_410' title='bbox 389 5161 565 5205; x_wconf 90' lang='lat' dir='ltr'><strong>autem</strong></span> <span class='ocrx_word' id='word_1_411' title='bbox 596 5150 736 5221; x_wconf 91' lang='lat' dir='ltr'><strong>quod</strong></span> <span class='ocrx_word' id='word_1_412' title='bbox 760 5166 862 5204; x_wconf 90' lang='lat' dir='ltr'><strong>non</strong></span> <span class='ocrx_word' id='word_1_413' title='bbox 888 5150 1139 5204; x_wconf 91' lang='lat' dir='ltr'><strong>omnibus</strong></span> <span class='ocrx_word' id='word_1_414' title='bbox 1165 5163 1261 5218; x_wconf 88' lang='lat' dir='ltr'><strong>pro</strong></span> <span class='ocrx_word' id='word_1_415' title='bbox 1290 5151 1481 5202; x_wconf 90' lang='lat' dir='ltr'><strong>merito</strong></span> <span class='ocrx_word' id='word_1_416' title='bbox 1507 5147 1594 5202; x_wconf 90' lang='lat' dir='ltr'><strong>hic</strong></span> <span class='ocrx_word' id='word_1_417' title='bbox 1619 5149 1960 5211; x_wconf 90' lang='lat' dir='ltr'><strong>rctribuatur,</strong></span> 
     </span>
    </p>
   </div>
   <div class='ocr_carea' id='block_1_54' title="bbox 389 5239 1961 5312">
    <p class='ocr_par' dir='ltr' id='par_1_54' title="bbox 389 5239 1961 5312">
     <span class='ocr_line' id='line_1_54' title="bbox 389 5239 1961 5312; baseline 0.001 -18"><span class='ocrx_word' id='word_1_418' title='bbox 389 5243 623 5312; x_wconf 87' lang='lat' dir='ltr'><strong>cogitare</strong></span> <span class='ocrx_word' id='word_1_419' title='bbox 673 5242 1062 5309; x_wconf 89' lang='lat' dir='ltr'><strong>compelluntur</strong></span> <span class='ocrx_word' id='word_1_420' title='bbox 1111 5239 1414 5310; x_wconf 88' lang='lat' dir='ltr'><strong>hujusmodi</strong></span> <span class='ocrx_word' id='word_1_421' title='bbox 1447 5239 1663 5310; x_wconf 74' lang='lat' dir='ltr'><strong>prtemia</strong></span> <span class='ocrx_word' id='word_1_422' title='bbox 1713 5239 1767 5294; x_wconf 91' lang='lat' dir='ltr'><strong>in</strong></span> <span class='ocrx_word' id='word_1_423' title='bbox 1819 5239 1961 5295; x_wconf 87' lang='lat' dir='ltr'><strong>aliud</strong></span> 
     </span>
    </p>
   </div>
   <div class='ocr_carea' id='block_1_55' title="bbox 391 5341 1065 5400">
    <p class='ocr_par' dir='ltr' id='par_1_55' title="bbox 391 5341 1065 5400">
     <span class='ocr_line' id='line_1_55' title="bbox 391 5341 1065 5400; baseline 0.001 -16"><span class='ocrx_word' id='word_1_424' title='bbox 391 5343 599 5400; x_wconf 85' lang='lat' dir='ltr'><strong>tempus</strong></span> <span class='ocrx_word' id='word_1_425' title='bbox 627 5346 748 5386; x_wconf 90' lang='lat' dir='ltr'><strong>esse</strong></span> <span class='ocrx_word' id='word_1_426' title='bbox 776 5341 1065 5386; x_wconf 86' lang='lat' dir='ltr'><strong>reservata.</strong></span> 
     </span>
    </p>
   </div>
   <div class='ocr_carea' id='block_1_56' title="bbox 458 5421 1962 5492">
    <p class='ocr_par' dir='ltr' id='par_1_56' title="bbox 458 5421 1962 5492">
     <span class='ocr_line' id='line_1_56' title="bbox 458 5421 1962 5492; baseline 0.001 -16"><span class='ocrx_word' id='word_1_427' title='bbox 458 5422 565 5477; x_wconf 86' lang='lat' dir='ltr'><strong>Cur</strong></span> <span class='ocrx_word' id='word_1_428' title='bbox 614 5440 715 5476; x_wconf 86' lang='lat' dir='ltr'><strong>non</strong></span> <span class='ocrx_word' id='word_1_429' title='bbox 782 5439 953 5476; x_wconf 83' lang='lat' dir='ltr'><strong>omnes</strong></span> <span class='ocrx_word' id='word_1_430' title='bbox 1006 5423 1088 5476; x_wconf 80' lang='lat' dir='ltr'><strong>hic</strong></span> <span class='ocrx_word' id='word_1_431' title='bbox 1149 5421 1284 5476; x_wconf 83' lang='lat' dir='ltr'><strong>Dens</strong></span> <span class='ocrx_word' id='word_1_432' title='bbox 1329 5423 1622 5492; x_wconf 80' lang='lat' dir='ltr'><strong>puniat.—</strong></span> <span class='ocrx_word' id='word_1_433' title='bbox 1668 5422 1962 5492; x_wconf 84' lang='lat' dir='ltr'><strong>Numquam</strong></span> 
     </span>
    </p>
   </div>
   <div class='ocr_carea' id='block_1_57' title="bbox 388 5513 1963 5584">
    <p class='ocr_par' dir='ltr' id='par_1_57' title="bbox 388 5513 1963 5584">
     <span class='ocr_line' id='line_1_57' title="bbox 388 5513 1963 5584; baseline -0.003 -14"><span class='ocrx_word' id='word_1_434' title='bbox 388 5515 530 5570; x_wconf 87' lang='lat' dir='ltr'><strong>enim</strong></span> <span class='ocrx_word' id='word_1_435' title='bbox 582 5514 813 5584; x_wconf 91' lang='lat' dir='ltr'><strong>profecto</strong></span> <span class='ocrx_word' id='word_1_436' title='bbox 844 5556 860 5580; x_wconf 96' lang='lat'><strong>,</strong></span> <span class='ocrx_word' id='word_1_437' title='bbox 908 5529 1030 5568; x_wconf 91' lang='lat' dir='ltr'><strong>cum</strong></span> <span class='ocrx_word' id='word_1_438' title='bbox 1090 5513 1263 5582; x_wconf 92' lang='lat' dir='ltr'><strong>justus</strong></span> <span class='ocrx_word' id='word_1_439' title='bbox 1309 5514 1380 5568; x_wconf 82' lang='lat' dir='ltr'><strong>sit</strong></span> <span class='ocrx_word' id='word_1_440' title='bbox 1432 5513 1615 5578; x_wconf 89' lang='lat' dir='ltr'><strong>Deus,</strong></span> <span class='ocrx_word' id='word_1_441' title='bbox 1689 5522 1769 5566; x_wconf 84' lang='lat' dir='ltr'><strong>tot</strong></span> <span class='ocrx_word' id='word_1_442' title='bbox 1809 5529 1963 5580; x_wconf 80' lang='lat' dir='ltr'><strong>Sper-</strong></span> 
     </span>
    </p>
   </div>
   <div class='ocr_carea' id='block_1_58' title="bbox 392 5605 1962 5675">
    <p class='ocr_par' dir='ltr' id='par_1_58' title="bbox 392 5605 1962 5675">
     <span class='ocr_line' id='line_1_58' title="bbox 392 5605 1962 5675; baseline 0 -15"><span class='ocrx_word' id='word_1_443' title='bbox 392 5616 542 5661; x_wconf 92' lang='lat' dir='ltr'><strong>neret</strong></span> <span class='ocrx_word' id='word_1_444' title='bbox 585 5606 698 5660; x_wconf 88' lang='lat' dir='ltr'><strong>sive</strong></span> <span class='ocrx_word' id='word_1_445' title='bbox 751 5606 919 5660; x_wconf 88' lang='lat' dir='ltr'><strong>malos</strong></span> <span class='ocrx_word' id='word_1_446' title='bbox 947 5606 1233 5675; x_wconf 89' lang='lat' dir='ltr'><strong>impunitos</strong></span> <span class='ocrx_word' id='word_1_447' title='bbox 1280 5620 1351 5658; x_wconf 78' lang='lat' dir='ltr'><strong>ex</strong></span> <span class='ocrx_word' id='word_1_448' title='bbox 1389 5605 1493 5658; x_wconf 84' lang='lat' dir='ltr'><strong>vita</strong></span> <span class='ocrx_word' id='word_1_449' title='bbox 1544 5606 1800 5675; x_wconf 86' lang='lat' dir='ltr'><strong>migrare,</strong></span> <span class='ocrx_word' id='word_1_450' title='bbox 1851 5605 1962 5660; x_wconf 85' lang='lat' dir='ltr'><strong>sive</strong></span> 
     </span>
    </p>
   </div>
   <div class='ocr_carea' id='block_1_59' title="bbox 391 5695 1960 5760">
    <p class='ocr_par' dir='ltr' id='par_1_59' title="bbox 391 5695 1960 5760">
     <span class='ocr_line' id='line_1_59' title="bbox 391 5695 1960 5760; baseline -0.002 -8"><span class='ocrx_word' id='word_1_451' title='bbox 391 5698 560 5752; x_wconf 90' lang='lat' dir='ltr'><strong>bonos</strong></span> <span class='ocrx_word' id='word_1_452' title='bbox 619 5697 706 5751; x_wconf 86' lang='lat' dir='ltr'><strong>hic</strong></span> <span class='ocrx_word' id='word_1_453' title='bbox 751 5697 1042 5752; x_wconf 89' lang='lat' dir='ltr'><strong>innumeris</strong></span> <span class='ocrx_word' id='word_1_454' title='bbox 1098 5697 1446 5751; x_wconf 87' lang='lat' dir='ltr'><strong>incommodis</strong></span> <span class='ocrx_word' id='word_1_455' title='bbox 1498 5695 1680 5760; x_wconf 83' lang='lat' dir='ltr'><strong>afﬁci,</strong></span> <span class='ocrx_word' id='word_1_456' title='bbox 1747 5698 1788 5749; x_wconf 90' lang='lat' dir='ltr'><strong>si</strong></span> <span class='ocrx_word' id='word_1_457' title='bbox 1858 5713 1960 5749; x_wconf 91' lang='lat' dir='ltr'><strong>non</strong></span> 
     </span>
    </p>
   </div>
   <div class='ocr_carea' id='block_1_60' title="bbox 452 5829 1678 5888">
    <p class='ocr_par' dir='ltr' id='par_1_60' title="bbox 452 5829 1678 5888">
     <span class='ocr_line' id='line_1_60' title="bbox 452 5829 1678 5888; baseline 0 -11"><span class='ocrx_word' id='word_1_458' title='bbox 452 5829 471 5860; x_wconf 77' lang='grc'><strong>⁸</strong></span> <span class='ocrx_word' id='word_1_459' title='bbox 505 5834 554 5877; x_wconf 75' lang='grc' dir='ltr'>ω</span> <span class='ocrx_word' id='word_1_460' title='bbox 571 5837 648 5879; x_wconf 69' lang='lat' dir='ltr'><strong>sat</strong></span> <span class='ocrx_word' id='word_1_461' title='bbox 661 5829 706 5878; x_wconf 87' lang='lat' dir='ltr'><strong>il.</strong></span> <span class='ocrx_word' id='word_1_462' title='bbox 738 5837 788 5880; x_wconf 82' lang='lat' dir='ltr'><strong>et</strong></span> <span class='ocrx_word' id='word_1_463' title='bbox 808 5830 935 5880; x_wconf 73' lang='lat' dir='ltr'><strong>C0&quot;).</strong></span> <span class='ocrx_word' id='word_1_464' title='bbox 958 5829 1131 5881; x_wconf 80' lang='lat' dir='ltr'><strong>desunt</strong></span> <span class='ocrx_word' id='word_1_465' title='bbox 1157 5829 1321 5888; x_wconf 84' lang='lat' dir='ltr'><strong>verba,</strong></span> <span class='ocrx_word' id='word_1_466' title='bbox 1347 5842 1402 5880; x_wconf 83' lang='lat' dir='ltr'><strong>ac</strong></span> <span class='ocrx_word' id='word_1_467' title='bbox 1427 5835 1678 5879; x_wconf 77' lang='lat' dir='ltr'><strong>tardiores.</strong></span> 
     </span>
    </p>
   </div>
   <div class='ocr_carea' id='block_1_61' title="bbox 2055 474 3629 547">
    <p class='ocr_par' dir='ltr' id='par_1_61' title="bbox 2055 474 3629 547">
     <span class='ocr_line' id='line_1_61' title="bbox 2055 474 3629 547; baseline 0.004 -17"><span class='ocrx_word' id='word_1_468' title='bbox 2055 475 2293 545; x_wconf 90' lang='lat' dir='ltr'><strong>utrisque</strong></span> <span class='ocrx_word' id='word_1_469' title='bbox 2335 474 2498 530; x_wconf 89' lang='lat' dir='ltr'><strong>alium</strong></span> <span class='ocrx_word' id='word_1_470' title='bbox 2548 476 2602 530; x_wconf 90' lang='lat' dir='ltr'><strong>in</strong></span> <span class='ocrx_word' id='word_1_471' title='bbox 2651 477 2826 531; x_wconf 89' lang='lat' dir='ltr'><strong>futuro</strong></span> <span class='ocrx_word' id='word_1_472' title='bbox 2871 476 3067 533; x_wconf 70' lang='lat' dir='ltr'><strong>saeculo</strong></span> <span class='ocrx_word' id='word_1_473' title='bbox 3116 484 3312 532; x_wconf 90' lang='lat' dir='ltr'><strong>statum</strong></span> <span class='ocrx_word' id='word_1_474' title='bbox 3370 494 3629 547; x_wconf 89' lang='lat' dir='ltr'><strong>parasset.</strong></span> 
     </span>
    </p>
   </div>
   <div class='ocr_carea' id='block_1_62' title="bbox 2051 568 3633 640">
    <p class='ocr_par' dir='ltr' id='par_1_62' title="bbox 2051 568 3633 640">
     <span class='ocr_line' id='line_1_62' title="bbox 2051 568 3633 640; baseline 0.004 -20"><span class='ocrx_word' id='word_1_475' title='bbox 2051 568 2308 636; x_wconf 84' lang='lat' dir='ltr'><strong>Quocirca</strong></span> <span class='ocrx_word' id='word_1_476' title='bbox 2372 586 2480 624; x_wconf 90' lang='lat' dir='ltr'><strong>non</strong></span> <span class='ocrx_word' id='word_1_477' title='bbox 2533 584 2722 626; x_wconf 90' lang='lat' dir='ltr'><strong>omnes</strong></span> <span class='ocrx_word' id='word_1_478' title='bbox 2804 570 2889 624; x_wconf 85' lang='lat' dir='ltr'><strong>vel</strong></span> <span class='ocrx_word' id='word_1_479' title='bbox 2965 570 3226 640; x_wconf 89' lang='lat' dir='ltr'><strong>supplicio</strong></span> <span class='ocrx_word' id='word_1_480' title='bbox 3279 571 3360 626; x_wconf 88' lang='lat' dir='ltr'><strong>vel</strong></span> <span class='ocrx_word' id='word_1_481' title='bbox 3429 571 3633 626; x_wconf 82' lang='lat' dir='ltr'><strong>honore</strong></span> 
     </span>
    </p>
   </div>
   <div class='ocr_carea' id='block_1_63' title="bbox 2051 659 3635 732">
    <p class='ocr_par' dir='ltr' id='par_1_63' title="bbox 2051 659 3635 732">
     <span class='ocr_line' id='line_1_63' title="bbox 2051 659 3635 732; baseline 0.004 -20"><span class='ocrx_word' id='word_1_482' title='bbox 2051 659 2236 723; x_wconf 82' lang='lat' dir='ltr'><strong>afﬁcit,</strong></span> <span class='ocrx_word' id='word_1_483' title='bbox 2266 659 2360 714; x_wconf 90' lang='lat' dir='ltr'><strong>sed</strong></span> <span class='ocrx_word' id='word_1_484' title='bbox 2413 660 2694 730; x_wconf 87' lang='lat' dir='ltr'><strong>quosdam,</strong></span> <span class='ocrx_word' id='word_1_485' title='bbox 2725 661 2864 716; x_wconf 86' lang='lat' dir='ltr'><strong>sicut</strong></span> <span class='ocrx_word' id='word_1_486' title='bbox 2909 661 3037 716; x_wconf 88' lang='lat' dir='ltr'><strong>etin</strong></span> <span class='ocrx_word' id='word_1_487' title='bbox 3068 661 3354 716; x_wconf 88' lang='lat' dir='ltr'><strong>Persarum</strong></span> <span class='ocrx_word' id='word_1_488' title='bbox 3380 677 3507 732; x_wconf 90' lang='lat' dir='ltr'><strong>rege</strong></span> <span class='ocrx_word' id='word_1_489' title='bbox 3529 705 3544 727; x_wconf 92' lang='lat'><strong>,</strong></span> <span class='ocrx_word' id='word_1_490' title='bbox 3577 673 3635 718; x_wconf 90' lang='lat' dir='ltr'><strong>et</strong></span> 
     </span>
    </p>
   </div>
   <div class='ocr_carea' id='block_1_64' title="bbox 2053 753 3634 826">
    <p class='ocr_par' dir='ltr' id='par_1_64' title="bbox 2053 753 3634 826">
     <span class='ocr_line' id='line_1_64' title="bbox 2053 753 3634 826; baseline 0.003 -19"><span class='ocrx_word' id='word_1_491' title='bbox 2053 754 2106 808; x_wconf 89' lang='lat' dir='ltr'><strong>in</strong></span> <span class='ocrx_word' id='word_1_492' title='bbox 2153 753 2376 808; x_wconf 87' lang='lat' dir='ltr'><strong>Ezechia</strong></span> <span class='ocrx_word' id='word_1_493' title='bbox 2417 755 2670 824; x_wconf 86' lang='lat' dir='ltr'><strong>contigit,</strong></span> <span class='ocrx_word' id='word_1_494' title='bbox 2720 769 3039 825; x_wconf 89' lang='lat' dir='ltr'><strong>quamquam</strong></span> <span class='ocrx_word' id='word_1_495' title='bbox 3079 755 3280 811; x_wconf 82' lang='lat' dir='ltr'><strong>fuerint</strong></span> <span class='ocrx_word' id='word_1_496' title='bbox 3324 756 3540 826; x_wconf 89' lang='lat' dir='ltr'><strong>plurimi</strong></span> <span class='ocrx_word' id='word_1_497' title='bbox 3575 765 3634 812; x_wconf 89' lang='lat' dir='ltr'><strong>et</strong></span> 
     </span>
    </p>
   </div>
   <div class='ocr_carea' id='block_1_65' title="bbox 2051 843 3635 915">
    <p class='ocr_par' dir='ltr' id='par_1_65' title="bbox 2051 843 3635 915">
     <span class='ocr_line' id='line_1_65' title="bbox 2051 843 3635 915; baseline 0.003 -16"><span class='ocrx_word' id='word_1_498' title='bbox 2051 845 2272 914; x_wconf 83' lang='lat' dir='ltr'><strong>Assyrio</strong></span> <span class='ocrx_word' id='word_1_499' title='bbox 2324 843 2632 914; x_wconf 88' lang='lat' dir='ltr'><strong>impietate,</strong></span> <span class='ocrx_word' id='word_1_500' title='bbox 2673 854 2729 900; x_wconf 90' lang='lat' dir='ltr'><strong>et</strong></span> <span class='ocrx_word' id='word_1_501' title='bbox 2779 845 3022 900; x_wconf 63' lang='lat' dir='ltr'><strong>Ezechiae</strong></span> <span class='ocrx_word' id='word_1_502' title='bbox 3071 846 3269 915; x_wconf 88' lang='lat' dir='ltr'><strong>pietate</strong></span> <span class='ocrx_word' id='word_1_503' title='bbox 3319 861 3384 901; x_wconf 87' lang='lat' dir='ltr'><strong>ac</strong></span> <span class='ocrx_word' id='word_1_504' title='bbox 3435 847 3635 903; x_wconf 80' lang='lat' dir='ltr'><strong>virtute</strong></span> 
     </span>
    </p>
   </div>
   <div class='ocr_carea' id='block_1_66' title="bbox 2053 934 3633 1009">
    <p class='ocr_par' dir='ltr' id='par_1_66' title="bbox 2053 934 3633 1009">
     <span class='ocr_line' id='line_1_66' title="bbox 2053 934 3633 1009; baseline 0.005 -22"><span class='ocrx_word' id='word_1_505' title='bbox 2053 950 2226 1003; x_wconf 87' lang='lat' dir='ltr'><strong>pares.</strong></span> <span class='ocrx_word' id='word_1_506' title='bbox 2257 934 2362 989; x_wconf 91' lang='lat' dir='ltr'><strong>Sed</strong></span> <span class='ocrx_word' id='word_1_507' title='bbox 2393 952 2497 988; x_wconf 92' lang='lat' dir='ltr'><strong>non</strong></span> <span class='ocrx_word' id='word_1_508' title='bbox 2521 951 2646 1006; x_wconf 90' lang='lat' dir='ltr'><strong>erga</strong></span> <span class='ocrx_word' id='word_1_509' title='bbox 2671 951 2860 991; x_wconf 90' lang='lat' dir='ltr'><strong>omnes</strong></span> <span class='ocrx_word' id='word_1_510' title='bbox 2889 936 2993 992; x_wconf 87' lang='lat' dir='ltr'><strong>hoc</strong></span> <span class='ocrx_word' id='word_1_511' title='bbox 3017 938 3125 1008; x_wconf 83' lang='lat' dir='ltr'><strong>agit</strong></span> <span class='ocrx_word' id='word_1_512' title='bbox 3152 939 3292 994; x_wconf 86' lang='lat' dir='ltr'><strong>Deus</strong></span> <span class='ocrx_word' id='word_1_513' title='bbox 3320 956 3334 993; x_wconf 91' lang='lat'><strong>:</strong></span> <span class='ocrx_word' id='word_1_514' title='bbox 3363 939 3516 1009; x_wconf 89' lang='lat' dir='ltr'><strong>cujus</strong></span> <span class='ocrx_word' id='word_1_515' title='bbox 3554 941 3633 995; x_wconf 87' lang='lat' dir='ltr'><strong>rei</strong></span> 
     </span>
    </p>
   </div>
   <div class='ocr_carea' id='block_1_67' title="bbox 2051 1027 3634 1101">
    <p class='ocr_par' dir='ltr' id='par_1_67' title="bbox 2051 1027 3634 1101">
     <span class='ocr_line' id='line_1_67' title="bbox 2051 1027 3634 1101; baseline 0.005 -21"><span class='ocrx_word' id='word_1_516' title='bbox 2051 1041 2210 1080; x_wconf 90' lang='lat' dir='ltr'><strong>causa</strong></span> <span class='ocrx_word' id='word_1_517' title='bbox 2246 1036 2359 1092; x_wconf 88' lang='lat' dir='ltr'><strong>est,</strong></span> <span class='ocrx_word' id='word_1_518' title='bbox 2392 1037 2449 1081; x_wconf 92' lang='lat' dir='ltr'><strong>ut</strong></span> <span class='ocrx_word' id='word_1_519' title='bbox 2479 1027 2625 1094; x_wconf 89' lang='lat' dir='ltr'><strong>dixi,</strong></span> <span class='ocrx_word' id='word_1_520' title='bbox 2668 1027 2811 1099; x_wconf 90' lang='lat' dir='ltr'><strong>quod</strong></span> <span class='ocrx_word' id='word_1_521' title='bbox 2838 1030 3071 1085; x_wconf 91' lang='lat' dir='ltr'><strong>nondum</strong></span> <span class='ocrx_word' id='word_1_522' title='bbox 3099 1031 3238 1086; x_wconf 90' lang='lat' dir='ltr'><strong>adsit</strong></span> <span class='ocrx_word' id='word_1_523' title='bbox 3259 1031 3445 1101; x_wconf 91' lang='lat' dir='ltr'><strong>judicii</strong></span> <span class='ocrx_word' id='word_1_524' title='bbox 3495 1043 3634 1087; x_wconf 89' lang='lat' dir='ltr'><strong>tem-</strong></span> 
     </span>
    </p>
   </div>
   <div class='ocr_carea' id='block_1_68' title="bbox 2055 1117 3635 1188">
    <p class='ocr_par' dir='ltr' id='par_1_68' title="bbox 2055 1117 3635 1188">
     <span class='ocr_line' id='line_1_68' title="bbox 2055 1117 3635 1188; baseline 0.004 -17"><span class='ocrx_word' id='word_1_525' title='bbox 2055 1133 2174 1186; x_wconf 91' lang='lat' dir='ltr'><strong>pus.</strong></span> <span class='ocrx_word' id='word_1_526' title='bbox 2204 1117 2357 1185; x_wconf 86' lang='lat' dir='ltr'><strong>Quod</strong></span> <span class='ocrx_word' id='word_1_527' title='bbox 2383 1129 2560 1173; x_wconf 89' lang='lat' dir='ltr'><strong>autem</strong></span> <span class='ocrx_word' id='word_1_528' title='bbox 2609 1120 2707 1174; x_wconf 91' lang='lat' dir='ltr'><strong>ista</strong></span> <span class='ocrx_word' id='word_1_529' title='bbox 2739 1119 2983 1176; x_wconf 86' lang='lat' dir='ltr'><strong>doctrina</strong></span> <span class='ocrx_word' id='word_1_530' title='bbox 3031 1137 3147 1176; x_wconf 89' lang='lat' dir='ltr'><strong>mea</strong></span> <span class='ocrx_word' id='word_1_531' title='bbox 3179 1138 3285 1176; x_wconf 89' lang='lat' dir='ltr'><strong>non</strong></span> <span class='ocrx_word' id='word_1_532' title='bbox 3311 1123 3423 1188; x_wconf 90' lang='lat' dir='ltr'><strong>sit,</strong></span> <span class='ocrx_word' id='word_1_533' title='bbox 3462 1124 3530 1178; x_wconf 88' lang='lat' dir='ltr'><strong>ab</strong></span> <span class='ocrx_word' id='word_1_534' title='bbox 3565 1139 3635 1180; x_wconf 91' lang='lat' dir='ltr'><strong>eo</strong></span> 
     </span>
    </p>
   </div>
   <div class='ocr_carea' id='block_1_69' title="bbox 2053 1209 3632 1278">
    <p class='ocr_par' dir='ltr' id='par_1_69' title="bbox 2053 1209 3632 1278">
     <span class='ocr_line' id='line_1_69' title="bbox 2053 1209 3632 1278; baseline 0.004 -16"><span class='ocrx_word' id='word_1_535' title='bbox 2053 1209 2142 1278; x_wconf 87' lang='lat' dir='ltr'><strong>qui</strong></span> <span class='ocrx_word' id='word_1_536' title='bbox 2172 1225 2270 1263; x_wconf 91' lang='lat' dir='ltr'><strong>nos</strong></span> <span class='ocrx_word' id='word_1_537' title='bbox 2299 1218 2423 1264; x_wconf 91' lang='lat' dir='ltr'><strong>tunc</strong></span> <span class='ocrx_word' id='word_1_538' title='bbox 2443 1209 2779 1278; x_wconf 90' lang='lat' dir='ltr'><strong>judicatnrus</strong></span> <span class='ocrx_word' id='word_1_539' title='bbox 2813 1219 2895 1265; x_wconf 91' lang='lat' dir='ltr'><strong>est</strong></span> <span class='ocrx_word' id='word_1_540' title='bbox 2931 1211 3091 1266; x_wconf 92' lang='lat' dir='ltr'><strong>modo</strong></span> <span class='ocrx_word' id='word_1_541' title='bbox 3116 1213 3321 1268; x_wconf 86' lang='lat' dir='ltr'><strong>audies.</strong></span> <span class='ocrx_word' id='word_1_542' title='bbox 3350 1213 3480 1268; x_wconf 87' lang='lat' dir='ltr'><strong>Nam</strong></span> <span class='ocrx_word' id='word_1_543' title='bbox 3507 1230 3632 1269; x_wconf 85' lang='lat' dir='ltr'><strong>cum</strong></span> 
     </span>
    </p>
   </div>
   <div class='ocr_carea' id='block_1_70' title="bbox 2057 1301 3635 1375">
    <p class='ocr_par' dir='ltr' id='par_1_70' title="bbox 2057 1301 3635 1375">
     <span class='ocr_line' id='line_1_70' title="bbox 2057 1301 3635 1375; baseline 0.003 -19"><span class='ocrx_word' id='word_1_544' title='bbox 2057 1301 2282 1371; x_wconf 90' lang='lat' dir='ltr'><strong>profecti</strong></span> <span class='ocrx_word' id='word_1_545' title='bbox 2335 1301 2403 1356; x_wconf 90' lang='lat' dir='ltr'><strong>ad</strong></span> <span class='ocrx_word' id='word_1_546' title='bbox 2447 1318 2568 1356; x_wconf 92' lang='lat' dir='ltr'><strong>eum</strong></span> <span class='ocrx_word' id='word_1_547' title='bbox 2608 1302 2822 1372; x_wconf 89' lang='lat' dir='ltr'><strong>quidam</strong></span> <span class='ocrx_word' id='word_1_548' title='bbox 2870 1313 3098 1359; x_wconf 90' lang='lat' dir='ltr'><strong>mortem</strong></span> <span class='ocrx_word' id='word_1_549' title='bbox 3147 1304 3358 1360; x_wconf 90' lang='lat' dir='ltr'><strong>illorum</strong></span> <span class='ocrx_word' id='word_1_550' title='bbox 3403 1307 3490 1375; x_wconf 90' lang='lat' dir='ltr'><strong>qui</strong></span> <span class='ocrx_word' id='word_1_551' title='bbox 3533 1307 3635 1361; x_wconf 90' lang='lat' dir='ltr'><strong>sub</strong></span> 
     </span>
    </p>
   </div>
   <div class='ocr_carea' id='block_1_71' title="bbox 2055 1391 3635 1464">
    <p class='ocr_par' dir='ltr' id='par_1_71' title="bbox 2055 1391 3635 1464">
     <span class='ocr_line' id='line_1_71' title="bbox 2055 1391 3635 1464; baseline 0.006 -20"><span class='ocrx_word' id='word_1_552' title='bbox 2055 1400 2203 1446; x_wconf 90' lang='lat' dir='ltr'><strong>turre</strong></span> <span class='ocrx_word' id='word_1_553' title='bbox 2228 1391 2400 1446; x_wconf 92' lang='lat' dir='ltr'><strong>obruti</strong></span> <span class='ocrx_word' id='word_1_554' title='bbox 2449 1393 2658 1447; x_wconf 85' lang='lat' dir='ltr'><strong>fuerant</strong></span> <span class='ocrx_word' id='word_1_555' title='bbox 2680 1435 2696 1461; x_wconf 94' lang='lat'><strong>,</strong></span> <span class='ocrx_word' id='word_1_556' title='bbox 2730 1394 2988 1464; x_wconf 87' lang='lat' dir='ltr'><strong>Pilatique</strong></span> <span class='ocrx_word' id='word_1_557' title='bbox 3013 1396 3279 1450; x_wconf 89' lang='lat' dir='ltr'><strong>vesaniam</strong></span> <span class='ocrx_word' id='word_1_558' title='bbox 3319 1398 3635 1453; x_wconf 88' lang='lat' dir='ltr'><strong>annuutias-</strong></span> 
     </span>
    </p>
   </div>
   <div class='ocr_carea' id='block_1_72' title="bbox 2055 1485 3636 1556">
    <p class='ocr_par' dir='ltr' id='par_1_72' title="bbox 2055 1485 3636 1556">
     <span class='ocr_line' id='line_1_72' title="bbox 2055 1485 3636 1556; baseline 0.003 -18"><span class='ocrx_word' id='word_1_559' title='bbox 2055 1494 2195 1552; x_wconf 85' lang='lat' dir='ltr'><strong>sent,</strong></span> <span class='ocrx_word' id='word_1_560' title='bbox 2227 1501 2384 1555; x_wconf 88' lang='lat' dir='ltr'><strong>quam</strong></span> <span class='ocrx_word' id='word_1_561' title='bbox 2413 1485 2464 1539; x_wconf 93' lang='lat' dir='ltr'><strong>in</strong></span> <span class='ocrx_word' id='word_1_562' title='bbox 2491 1501 2585 1540; x_wconf 92' lang='lat' dir='ltr'><strong>eos</strong></span> <span class='ocrx_word' id='word_1_563' title='bbox 2607 1487 2694 1556; x_wconf 91' lang='lat' dir='ltr'><strong>qui</strong></span> <span class='ocrx_word' id='word_1_564' title='bbox 2727 1487 2922 1542; x_wconf 92' lang='lat' dir='ltr'><strong>mortui</strong></span> <span class='ocrx_word' id='word_1_565' title='bbox 2947 1486 3156 1542; x_wconf 83' lang='lat' dir='ltr'><strong>fuerant</strong></span> <span class='ocrx_word' id='word_1_566' title='bbox 3179 1489 3446 1554; x_wconf 89' lang='lat' dir='ltr'><strong>ostendit,</strong></span> <span class='ocrx_word' id='word_1_567' title='bbox 3469 1489 3636 1543; x_wconf 82' lang='lat' dir='ltr'><strong>sacri-</strong></span> 
     </span>
    </p>
   </div>
   <div class='ocr_carea' id='block_1_73' title="bbox 2057 1576 3635 1649">
    <p class='ocr_par' dir='ltr' id='par_1_73' title="bbox 2057 1576 3635 1649">
     <span class='ocr_line' id='line_1_73' title="bbox 2057 1576 3635 1649; baseline 0.004 -20"><span class='ocrx_word' id='word_1_568' title='bbox 2057 1576 2192 1631; x_wconf 81' lang='lat' dir='ltr'><strong>liciis</strong></span> <span class='ocrx_word' id='word_1_569' title='bbox 2221 1577 2429 1632; x_wconf 92' lang='lat' dir='ltr'><strong>illorum</strong></span> <span class='ocrx_word' id='word_1_570' title='bbox 2455 1579 2767 1649; x_wconf 89' lang='lat' dir='ltr'><strong>sanguinem</strong></span> <span class='ocrx_word' id='word_1_571' title='bbox 2802 1579 3075 1634; x_wconf 92' lang='lat' dir='ltr'><strong>miscendo</strong></span> <span class='ocrx_word' id='word_1_572' title='bbox 3098 1621 3113 1647; x_wconf 94' lang='lat'><strong>,</strong></span> <span class='ocrx_word' id='word_1_573' title='bbox 3144 1588 3255 1634; x_wconf 91' lang='lat' dir='ltr'><strong>tum</strong></span> <span class='ocrx_word' id='word_1_574' title='bbox 3283 1580 3390 1635; x_wconf 90' lang='lat' dir='ltr'><strong>ait:</strong></span> <span class='ocrx_word' id='word_1_575' title='bbox 3432 1579 3635 1636; x_wconf 84' lang='lat' dir='ltr'><strong>Putatis</strong></span> 
     </span>
    </p>
   </div>
   <div class='ocr_carea' id='block_1_74' title="bbox 2054 1667 3634 1743">
    <p class='ocr_par' dir='ltr' id='par_1_74' title="bbox 2054 1667 3634 1743">
     <span class='ocr_line' id='line_1_74' title="bbox 2054 1667 3634 1743; baseline 0.004 -23"><span class='ocrx_word' id='word_1_576' title='bbox 2054 1667 2188 1736; x_wconf 85' lang='lat' dir='ltr'><strong>quod</strong></span> <span class='ocrx_word' id='word_1_577' title='bbox 2223 1667 2276 1720; x_wconf 83' lang='lat' dir='ltr'><strong>hi</strong></span> <span class='ocrx_word' id='word_1_578' title='bbox 2307 1667 2506 1723; x_wconf 67' lang='lat' dir='ltr'><strong>Galilei</strong></span> <span class='ocrx_word' id='word_1_579' title='bbox 2551 1679 2834 1740; x_wconf 83' lang='lat' dir='ltr'><strong>peccatores</strong></span> <span class='ocrx_word' id='word_1_580' title='bbox 2882 1687 2989 1737; x_wconf 72' lang='lat' dir='ltr'><strong>prie</strong></span> <span class='ocrx_word' id='word_1_581' title='bbox 3015 1673 3206 1725; x_wconf 72' lang='lat' dir='ltr'><strong>ueteris</strong></span> <span class='ocrx_word' id='word_1_582' title='bbox 3267 1671 3491 1727; x_wconf 80' lang='lat' dir='ltr'><strong>Galilteis</strong></span> <span class='ocrx_word' id='word_1_583' title='bbox 3521 1676 3634 1743; x_wconf 73' lang='lat' dir='ltr'><strong>{ue-</strong></span> 
     </span>
    </p>
   </div>
   <div class='ocr_carea' id='block_1_75' title="bbox 2056 1761 3637 1834">
    <p class='ocr_par' dir='ltr' id='par_1_75' title="bbox 2056 1761 3637 1834">
     <span class='ocr_line' id='line_1_75' title="bbox 2056 1761 3637 1834; baseline 0.003 -21"><span class='ocrx_word' id='word_1_584' title='bbox 2056 1762 2158 1814; x_wconf 87' lang='lat' dir='ltr'><strong>rint</strong></span> <span class='ocrx_word' id='word_1_585' title='bbox 2185 1803 2200 1825; x_wconf 92' lang='lat'><strong>,</strong></span> <span class='ocrx_word' id='word_1_586' title='bbox 2232 1761 2319 1832; x_wconf 83' lang='lat' dir='ltr'><strong>qui</strong></span> <span class='ocrx_word' id='word_1_587' title='bbox 2343 1762 2466 1815; x_wconf 86' lang='lat' dir='ltr'><strong>talia</strong></span> <span class='ocrx_word' id='word_1_588' title='bbox 2491 1763 2629 1834; x_wconf 83' lang='lat' dir='ltr'><strong>passi</strong></span> <span class='ocrx_word' id='word_1_589' title='bbox 2662 1765 2823 1818; x_wconf 86' lang='lat' dir='ltr'><strong>sunt?</strong></span> <span class='ocrx_word' id='word_1_590' title='bbox 2852 1761 2971 1818; x_wconf 87' lang='lat' dir='ltr'><strong>Non</strong></span> <span class='ocrx_word' id='word_1_591' title='bbox 2997 1805 3012 1829; x_wconf 94' lang='lat'><strong>,</strong></span> <span class='ocrx_word' id='word_1_592' title='bbox 3041 1763 3154 1818; x_wconf 87' lang='lat' dir='ltr'><strong>dico</strong></span> <span class='ocrx_word' id='word_1_593' title='bbox 3203 1765 3340 1818; x_wconf 78' lang='lat' dir='ltr'><strong>vobis</strong></span> <span class='ocrx_word' id='word_1_594' title='bbox 3363 1806 3381 1830; x_wconf 95' lang='lat'><strong>,</strong></span> <span class='ocrx_word' id='word_1_595' title='bbox 3409 1766 3498 1818; x_wconf 88' lang='lat' dir='ltr'><strong>sed</strong></span> <span class='ocrx_word' id='word_1_596' title='bbox 3537 1765 3637 1819; x_wconf 87' lang='lat' dir='ltr'><strong>nisi</strong></span> 
     </span>
    </p>
   </div>
   <div class='ocr_carea' id='block_1_76' title="bbox 2057 1855 3636 1926">
    <p class='ocr_par' dir='ltr' id='par_1_76' title="bbox 2057 1855 3636 1926">
     <span class='ocr_line' id='line_1_76' title="bbox 2057 1855 3636 1926; baseline 0.001 -18"><span class='ocrx_word' id='word_1_597' title='bbox 2057 1856 2396 1925; x_wconf 62' lang='lat' dir='ltr'><strong>paenitentiam</strong></span> <span class='ocrx_word' id='word_1_598' title='bbox 2427 1856 2624 1926; x_wconf 86' lang='lat' dir='ltr'><strong>egeritis</strong></span> <span class='ocrx_word' id='word_1_599' title='bbox 2645 1897 2661 1920; x_wconf 90' lang='lat'><strong>,</strong></span> <span class='ocrx_word' id='word_1_600' title='bbox 2689 1872 2859 1910; x_wconf 85' lang='lat' dir='ltr'><strong>omnes</strong></span> <span class='ocrx_word' id='word_1_601' title='bbox 2883 1855 3114 1910; x_wconf 77' lang='lat' dir='ltr'><strong>similiter</strong></span> <span class='ocrx_word' id='word_1_602' title='bbox 3157 1857 3398 1926; x_wconf 81' lang='lat' dir='ltr'><strong>peribitis.</strong></span> <span class='ocrx_word' id='word_1_603' title='bbox 3431 1857 3528 1910; x_wconf 82' lang='lat' dir='ltr'><strong>Aut</strong></span> <span class='ocrx_word' id='word_1_604' title='bbox 3557 1858 3636 1911; x_wconf 83' lang='lat' dir='ltr'><strong>illi</strong></span> 
     </span>
    </p>
   </div>
   <div class='ocr_carea' id='block_1_77' title="bbox 2057 1949 3638 2018">
    <p class='ocr_par' dir='ltr' id='par_1_77' title="bbox 2057 1949 3638 2018">
     <span class='ocr_line' id='line_1_77' title="bbox 2057 1949 3638 2018; baseline 0.001 -17"><span class='ocrx_word' id='word_1_605' title='bbox 2057 1949 2225 2003; x_wconf 84' lang='lat' dir='ltr'><strong>decem</strong></span> <span class='ocrx_word' id='word_1_606' title='bbox 2257 1960 2302 2004; x_wconf 89' lang='lat' dir='ltr'><strong>et</strong></span> <span class='ocrx_word' id='word_1_607' title='bbox 2323 1959 2434 2002; x_wconf 91' lang='lat' dir='ltr'><strong>octo</strong></span> <span class='ocrx_word' id='word_1_608' title='bbox 2460 1966 2613 2018; x_wconf 80' lang='lat' dir='ltr'><strong>super</strong></span> <span class='ocrx_word' id='word_1_609' title='bbox 2643 1965 2766 2018; x_wconf 81' lang='lat' dir='ltr'><strong>quos</strong></span> <span class='ocrx_word' id='word_1_610' title='bbox 2799 1949 2973 2002; x_wconf 86' lang='lat' dir='ltr'><strong>cecidit</strong></span> <span class='ocrx_word' id='word_1_611' title='bbox 3009 1949 3162 2003; x_wconf 84' lang='lat' dir='ltr'><strong>turris</strong></span> <span class='ocrx_word' id='word_1_612' title='bbox 3181 1949 3339 2012; x_wconf 86' lang='lat' dir='ltr'><strong>Siloe,</strong></span> <span class='ocrx_word' id='word_1_613' title='bbox 3381 1959 3428 2002; x_wconf 89' lang='lat' dir='ltr'><strong>et</strong></span> <span class='ocrx_word' id='word_1_614' title='bbox 3457 1949 3638 2003; x_wconf 83' lang='lat' dir='ltr'><strong>occidit</strong></span> 
     </span>
    </p>
   </div>
   <div class='ocr_carea' id='block_1_78' title="bbox 2057 2040 3636 2112">
    <p class='ocr_par' dir='ltr' id='par_1_78' title="bbox 2057 2040 3636 2112">
     <span class='ocr_line' id='line_1_78' title="bbox 2057 2040 3636 2112; baseline -0.001 -18"><span class='ocrx_word' id='word_1_615' title='bbox 2057 2040 2208 2105; x_wconf 84' lang='lat' dir='ltr'><strong>illos,</strong></span> <span class='ocrx_word' id='word_1_616' title='bbox 2256 2041 2442 2110; x_wconf 82' lang='lat' dir='ltr'><strong>putatis</strong></span> <span class='ocrx_word' id='word_1_617' title='bbox 2485 2042 2621 2112; x_wconf 85' lang='lat' dir='ltr'><strong>quod</strong></span> <span class='ocrx_word' id='word_1_618' title='bbox 2661 2041 2761 2110; x_wconf 84' lang='lat' dir='ltr'><strong>ipsi</strong></span> <span class='ocrx_word' id='word_1_619' title='bbox 2809 2055 2916 2111; x_wconf 71' lang='lat' dir='ltr'><strong>pra:</strong></span> <span class='ocrx_word' id='word_1_620' title='bbox 2959 2040 3225 2105; x_wconf 87' lang='lat' dir='ltr'><strong>omnibus,</strong></span> <span class='ocrx_word' id='word_1_621' title='bbox 3265 2041 3353 2110; x_wconf 86' lang='lat' dir='ltr'><strong>qui</strong></span> <span class='ocrx_word' id='word_1_622' title='bbox 3405 2040 3636 2094; x_wconf 79' lang='lat' dir='ltr'><strong>habitant</strong></span> 
     </span>
    </p>
   </div>
   <div class='ocr_carea' id='block_1_79' title="bbox 2055 2129 3632 2198">
    <p class='ocr_par' dir='ltr' id='par_1_79' title="bbox 2055 2129 3632 2198">
     <span class='ocr_line' id='line_1_79' title="bbox 2055 2129 3632 2198; baseline 0 -14"><span class='ocrx_word' id='word_1_623' title='bbox 2055 2129 2340 2184; x_wconf 75' lang='lat' dir='ltr'><strong>Jerusalem</strong></span> <span class='ocrx_word' id='word_1_624' title='bbox 2359 2172 2372 2194; x_wconf 94' lang='lat'><strong>,</strong></span> <span class='ocrx_word' id='word_1_625' title='bbox 2403 2130 2644 2184; x_wconf 77' lang='lat' dir='ltr'><strong>debitores</strong></span> <span class='ocrx_word' id='word_1_626' title='bbox 2664 2129 2886 2198; x_wconf 77' lang='lat' dir='ltr'><strong>fuerint?</strong></span> <span class='ocrx_word' id='word_1_627' title='bbox 2912 2129 3047 2194; x_wconf 88' lang='lat' dir='ltr'><strong>Non,</strong></span> <span class='ocrx_word' id='word_1_628' title='bbox 3079 2130 3191 2182; x_wconf 83' lang='lat' dir='ltr'><strong>dico</strong></span> <span class='ocrx_word' id='word_1_629' title='bbox 3217 2131 3350 2184; x_wconf 87' lang='lat' dir='ltr'><strong>vobis</strong></span> <span class='ocrx_word' id='word_1_630' title='bbox 3368 2172 3384 2198; x_wconf 97' lang='lat'><strong>,</strong></span> <span class='ocrx_word' id='word_1_631' title='bbox 3410 2131 3498 2184; x_wconf 85' lang='lat' dir='ltr'><strong>sed</strong></span> <span class='ocrx_word' id='word_1_632' title='bbox 3531 2130 3632 2184; x_wconf 84' lang='lat' dir='ltr'><strong>nisi</strong></span> 
     </span>
    </p>
   </div>
   <div class='ocr_carea' id='block_1_80' title="bbox 2060 2221 3621 2293">
    <p class='ocr_par' dir='ltr' id='par_1_80' title="bbox 2060 2221 3621 2293">
     <span class='ocr_line' id='line_1_80' title="bbox 2060 2221 3621 2293; baseline 0 -19"><span class='ocrx_word' id='word_1_633' title='bbox 2060 2223 2396 2290; x_wconf 63' lang='lat' dir='ltr'><strong>ymnitentiam</strong></span> <span class='ocrx_word' id='word_1_634' title='bbox 2447 2222 2646 2293; x_wconf 85' lang='lat' dir='ltr'><strong>egeritis</strong></span> <span class='ocrx_word' id='word_1_635' title='bbox 2671 2262 2687 2288; x_wconf 93' lang='lat'><strong>,</strong></span> <span class='ocrx_word' id='word_1_636' title='bbox 2735 2238 2908 2276; x_wconf 85' lang='lat' dir='ltr'><strong>omnes</strong></span> <span class='ocrx_word' id='word_1_637' title='bbox 2954 2222 3182 2275; x_wconf 83' lang='lat' dir='ltr'><strong>similiter</strong></span> <span class='ocrx_word' id='word_1_638' title='bbox 3223 2222 3445 2293; x_wconf 81' lang='lat' dir='ltr'><strong>peribitis</strong></span> <span class='ocrx_word' id='word_1_639' title='bbox 3472 2221 3621 2292; x_wconf 85' lang='lat' dir='ltr'><strong>(Luc.</strong></span> 
     </span>
    </p>
   </div>
   <div class='ocr_carea' id='block_1_81' title="bbox 2061 2310 3636 2384">
    <p class='ocr_par' dir='ltr' id='par_1_81' title="bbox 2061 2310 3636 2384">
     <span class='ocr_line' id='line_1_81' title="bbox 2061 2310 3636 2384; baseline -0.001 -16"><span class='ocrx_word' id='word_1_640' title='bbox 2061 2314 2147 2368; x_wconf 76' lang='grc'><strong>15.</strong></span> <span class='ocrx_word' id='word_1_641' title='bbox 2198 2313 2300 2367; x_wconf 73' lang='lat'><strong>2-5</strong></span> <span class='ocrx_word' id='word_1_642' title='bbox 2329 2314 2368 2384; x_wconf 94' lang='lat'><strong>).</strong></span> <span class='ocrx_word' id='word_1_643' title='bbox 2426 2312 2551 2367; x_wconf 68' lang='lat' dir='ltr'><strong>Haec</strong></span> <span class='ocrx_word' id='word_1_644' title='bbox 2596 2312 2864 2367; x_wconf 89' lang='lat' dir='ltr'><strong>dilationis</strong></span> <span class='ocrx_word' id='word_1_645' title='bbox 2909 2326 3070 2366; x_wconf 88' lang='lat' dir='ltr'><strong>causa</strong></span> <span class='ocrx_word' id='word_1_646' title='bbox 3132 2319 3232 2365; x_wconf 91' lang='lat' dir='ltr'><strong>est.</strong></span> <span class='ocrx_word' id='word_1_647' title='bbox 3287 2310 3484 2366; x_wconf 89' lang='lat' dir='ltr'><strong>Idcirco</strong></span> <span class='ocrx_word' id='word_1_648' title='bbox 3527 2327 3636 2366; x_wconf 88' lang='lat' dir='ltr'><strong>non</strong></span> 
     </span>
    </p>
   </div>
   <div class='ocr_carea' id='block_1_82' title="bbox 2058 2403 3638 2474">
    <p class='ocr_par' dir='ltr' id='par_1_82' title="bbox 2058 2403 3638 2474">
     <span class='ocr_line' id='line_1_82' title="bbox 2058 2403 3638 2474; baseline 0.001 -18"><span class='ocrx_word' id='word_1_649' title='bbox 2058 2418 2246 2458; x_wconf 89' lang='lat' dir='ltr'><strong>oumes</strong></span> <span class='ocrx_word' id='word_1_650' title='bbox 2293 2404 2385 2474; x_wconf 89' lang='lat' dir='ltr'><strong>qui</strong></span> <span class='ocrx_word' id='word_1_651' title='bbox 2435 2403 2638 2459; x_wconf 90' lang='lat' dir='ltr'><strong>eisdem</strong></span> <span class='ocrx_word' id='word_1_652' title='bbox 2683 2403 2959 2474; x_wconf 89' lang='lat' dir='ltr'><strong>suppliciis</strong></span> <span class='ocrx_word' id='word_1_653' title='bbox 2995 2404 3288 2474; x_wconf 90' lang='lat' dir='ltr'><strong>suutdigui</strong></span> <span class='ocrx_word' id='word_1_654' title='bbox 3313 2419 3416 2457; x_wconf 88' lang='lat' dir='ltr'><strong>una</strong></span> <span class='ocrx_word' id='word_1_655' title='bbox 3447 2405 3638 2472; x_wconf 86' lang='lat' dir='ltr'><strong>punire</strong></span> 
     </span>
    </p>
   </div>
   <div class='ocr_carea' id='block_1_83' title="bbox 2059 2495 3728 2565">
    <p class='ocr_par' dir='ltr' id='par_1_83' title="bbox 2059 2495 3728 2565">
     <span class='ocr_line' id='line_1_83' title="bbox 2059 2495 3728 2565; baseline 0.001 -15"><span class='ocrx_word' id='word_1_656' title='bbox 2059 2496 2355 2561; x_wconf 90' lang='lat' dir='ltr'><strong>consuevit,</strong></span> <span class='ocrx_word' id='word_1_657' title='bbox 2379 2504 2436 2550; x_wconf 93' lang='lat' dir='ltr'><strong>ut</strong></span> <span class='ocrx_word' id='word_1_658' title='bbox 2463 2495 2650 2565; x_wconf 87' lang='lat' dir='ltr'><strong>reliqui</strong></span> <span class='ocrx_word' id='word_1_659' title='bbox 2672 2511 2856 2550; x_wconf 90' lang='lat' dir='ltr'><strong>eorum</strong></span> <span class='ocrx_word' id='word_1_660' title='bbox 2878 2497 3089 2551; x_wconf 90' lang='lat' dir='ltr'><strong>casibus</strong></span> <span class='ocrx_word' id='word_1_661' title='bbox 3108 2495 3363 2550; x_wconf 90' lang='lat' dir='ltr'><strong>admoniti</strong></span> <span class='ocrx_word' id='word_1_662' title='bbox 3389 2495 3640 2551; x_wconf 81' lang='lat' dir='ltr'><strong>meliores</strong></span> <span class='ocrx_word' id='word_1_663' title='bbox 3725 2499 3728 2502; x_wconf 79' lang='grc'><strong>’</strong></span> 
     </span>
    </p>
   </div>
   <div class='ocr_carea' id='block_1_84' title="bbox 2063 2586 3636 2657">
    <p class='ocr_par' dir='ltr' id='par_1_84' title="bbox 2063 2586 3636 2657">
     <span class='ocr_line' id='line_1_84' title="bbox 2063 2586 3636 2657; baseline 0.001 -18"><span class='ocrx_word' id='word_1_664' title='bbox 2063 2588 2209 2641; x_wconf 87' lang='lat' dir='ltr'><strong>fiant.</strong></span> <span class='ocrx_word' id='word_1_665' title='bbox 2254 2587 2428 2657; x_wconf 85' lang='lat' dir='ltr'><strong>Atque</strong></span> <span class='ocrx_word' id='word_1_666' title='bbox 2469 2586 2568 2642; x_wconf 92' lang='lat' dir='ltr'><strong>ista</strong></span> <span class='ocrx_word' id='word_1_667' title='bbox 2594 2587 2809 2657; x_wconf 90' lang='lat' dir='ltr'><strong>quidem</strong></span> <span class='ocrx_word' id='word_1_668' title='bbox 2867 2587 3077 2642; x_wconf 90' lang='lat' dir='ltr'><strong>interim</strong></span> <span class='ocrx_word' id='word_1_669' title='bbox 3127 2588 3348 2642; x_wconf 85' lang='lat' dir='ltr'><strong>solvisse</strong></span> <span class='ocrx_word' id='word_1_670' title='bbox 3387 2586 3636 2642; x_wconf 81' lang='lat' dir='ltr'><strong>sufficiat.</strong></span> 
     </span>
    </p>
   </div>
   <div class='ocr_carea' id='block_1_85' title="bbox 2058 2679 3640 2748">
    <p class='ocr_par' dir='ltr' id='par_1_85' title="bbox 2058 2679 3640 2748">
     <span class='ocr_line' id='line_1_85' title="bbox 2058 2679 3640 2748; baseline 0 -14"><span class='ocrx_word' id='word_1_671' title='bbox 2058 2679 2164 2734; x_wconf 88' lang='lat' dir='ltr'><strong>Sed</strong></span> <span class='ocrx_word' id='word_1_672' title='bbox 2208 2679 2352 2734; x_wconf 92' lang='lat' dir='ltr'><strong>enim</strong></span> <span class='ocrx_word' id='word_1_673' title='bbox 2394 2688 2450 2733; x_wconf 91' lang='lat' dir='ltr'><strong>tu</strong></span> <span class='ocrx_word' id='word_1_674' title='bbox 2503 2680 2742 2734; x_wconf 89' lang='lat' dir='ltr'><strong>fortassis</strong></span> <span class='ocrx_word' id='word_1_675' title='bbox 2795 2695 2858 2734; x_wconf 89' lang='lat' dir='ltr'><strong>ea</strong></span> <span class='ocrx_word' id='word_1_676' title='bbox 2907 2679 3067 2735; x_wconf 89' lang='lat' dir='ltr'><strong>etiam</strong></span> <span class='ocrx_word' id='word_1_677' title='bbox 3093 2721 3108 2744; x_wconf 93' lang='lat'><strong>,</strong></span> <span class='ocrx_word' id='word_1_678' title='bbox 3147 2695 3267 2748; x_wconf 62' lang='lat' dir='ltr'><strong>quae</strong></span> <span class='ocrx_word' id='word_1_679' title='bbox 3305 2679 3462 2748; x_wconf 89' lang='lat' dir='ltr'><strong>paulo</strong></span> <span class='ocrx_word' id='word_1_680' title='bbox 3514 2688 3640 2735; x_wconf 87' lang='lat' dir='ltr'><strong>ante</strong></span> 
     </span>
    </p>
   </div>
   <div class='ocr_carea' id='block_1_86' title="bbox 2063 2771 3642 2842">
    <p class='ocr_par' dir='ltr' id='par_1_86' title="bbox 2063 2771 3642 2842">
     <span class='ocr_line' id='line_1_86' title="bbox 2063 2771 3642 2842; baseline 0 -19"><span class='ocrx_word' id='word_1_681' title='bbox 2063 2773 2470 2842; x_wconf 84' lang='lat' dir='ltr'><strong>preposuimus,</strong></span> <span class='ocrx_word' id='word_1_682' title='bbox 2499 2772 2671 2826; x_wconf 89' lang='lat' dir='ltr'><strong>multo</strong></span> <span class='ocrx_word' id='word_1_683' title='bbox 2717 2772 2877 2825; x_wconf 88' lang='lat' dir='ltr'><strong>etiam</strong></span> <span class='ocrx_word' id='word_1_684' title='bbox 2910 2771 3242 2840; x_wconf 86' lang='lat' dir='ltr'><strong>perplexiora</strong></span> <span class='ocrx_word' id='word_1_685' title='bbox 3264 2811 3279 2835; x_wconf 93' lang='lat'><strong>,</strong></span> <span class='ocrx_word' id='word_1_686' title='bbox 3310 2780 3370 2824; x_wconf 89' lang='lat' dir='ltr'><strong>ut</strong></span> <span class='ocrx_word' id='word_1_687' title='bbox 3395 2771 3642 2825; x_wconf 89' lang='lat' dir='ltr'><strong>similiter</strong></span> 
     </span>
    </p>
   </div>
   <div class='ocr_carea' id='block_1_87' title="bbox 2060 2862 3642 2934">
    <p class='ocr_par' dir='ltr' id='par_1_87' title="bbox 2060 2862 3642 2934">
     <span class='ocr_line' id='line_1_87' title="bbox 2060 2862 3642 2934; baseline 0 -18"><span class='ocrx_word' id='word_1_688' title='bbox 2060 2863 2372 2929; x_wconf 90' lang='lat' dir='ltr'><strong>enodemus,</strong></span> <span class='ocrx_word' id='word_1_689' title='bbox 2403 2864 2643 2934; x_wconf 92' lang='lat' dir='ltr'><strong>inquiris.</strong></span> <span class='ocrx_word' id='word_1_690' title='bbox 2677 2863 2783 2918; x_wconf 90' lang='lat' dir='ltr'><strong>Sed</strong></span> <span class='ocrx_word' id='word_1_691' title='bbox 2806 2879 2924 2917; x_wconf 93' lang='lat' dir='ltr'><strong>cum</strong></span> <span class='ocrx_word' id='word_1_692' title='bbox 2952 2864 3129 2934; x_wconf 91' lang='lat' dir='ltr'><strong>priora</strong></span> <span class='ocrx_word' id='word_1_693' title='bbox 3160 2877 3256 2933; x_wconf 93' lang='lat' dir='ltr'><strong>pro</strong></span> <span class='ocrx_word' id='word_1_694' title='bbox 3275 2862 3473 2916; x_wconf 87' lang='lat' dir='ltr'><strong>viribus</strong></span> <span class='ocrx_word' id='word_1_695' title='bbox 3495 2871 3642 2930; x_wconf 87' lang='lat' dir='ltr'><strong>pate-</strong></span> 
     </span>
    </p>
   </div>
   <div class='ocr_carea' id='block_1_88' title="bbox 2060 2955 3640 3026">
    <p class='ocr_par' dir='ltr' id='par_1_88' title="bbox 2060 2955 3640 3026">
     <span class='ocr_line' id='line_1_88' title="bbox 2060 2955 3640 3026; baseline 0.001 -17"><span class='ocrx_word' id='word_1_696' title='bbox 2060 2955 2361 3023; x_wconf 86' lang='lat' dir='ltr'><strong>fecerimus,</strong></span> <span class='ocrx_word' id='word_1_697' title='bbox 2383 2957 2450 3011; x_wconf 91' lang='lat' dir='ltr'><strong>ad</strong></span> <span class='ocrx_word' id='word_1_698' title='bbox 2475 2957 2560 3010; x_wconf 89' lang='lat' dir='ltr'><strong>illa</strong></span> <span class='ocrx_word' id='word_1_699' title='bbox 2577 2957 2737 3011; x_wconf 90' lang='lat' dir='ltr'><strong>etiam</strong></span> <span class='ocrx_word' id='word_1_700' title='bbox 2769 2956 3017 3011; x_wconf 90' lang='lat' dir='ltr'><strong>solvenda</strong></span> <span class='ocrx_word' id='word_1_701' title='bbox 3039 2955 3377 3011; x_wconf 90' lang='lat' dir='ltr'><strong>fundamenta</strong></span> <span class='ocrx_word' id='word_1_702' title='bbox 3396 2955 3640 3026; x_wconf 74' lang='lat' dir='ltr'><strong>qtttedam</strong></span> 
     </span>
    </p>
   </div>
   <div class='ocr_carea' id='block_1_89' title="bbox 2056 3048 2823 3119">
    <p class='ocr_par' dir='ltr' id='par_1_89' title="bbox 2056 3048 2823 3119">
     <span class='ocr_line' id='line_1_89' title="bbox 2056 3048 2823 3119; baseline 0 -17"><span class='ocrx_word' id='word_1_703' title='bbox 2056 3049 2198 3119; x_wconf 87' lang='lat' dir='ltr'><strong>jacta</strong></span> <span class='ocrx_word' id='word_1_704' title='bbox 2225 3048 2389 3104; x_wconf 88' lang='lat' dir='ltr'><strong>fuisse</strong></span> <span class='ocrx_word' id='word_1_705' title='bbox 2417 3049 2753 3104; x_wconf 90' lang='lat' dir='ltr'><strong>arbitramur.</strong></span> <span class='ocrx_word' id='word_1_706' title='bbox 2821 3109 2823 3114; x_wconf 32' lang='grc' dir='ltr'><strong>η</strong></span> 
     </span>
    </p>
   </div>
   <div class='ocr_carea' id='block_1_90' title="bbox 2132 3157 3640 3231">
    <p class='ocr_par' dir='ltr' id='par_1_90' title="bbox 2132 3157 3640 3231">
     <span class='ocr_line' id='line_1_90' title="bbox 2132 3157 3640 3231; baseline -0.001 -15"><span class='ocrx_word' id='word_1_707' title='bbox 2132 3159 2236 3216; x_wconf 81' lang='lat' dir='ltr'><strong>Cur</strong></span> <span class='ocrx_word' id='word_1_708' title='bbox 2283 3159 2430 3214; x_wconf 84' lang='lat' dir='ltr'><strong>multi</strong></span> <span class='ocrx_word' id='word_1_709' title='bbox 2471 3171 2576 3214; x_wconf 88' lang='lat' dir='ltr'><strong>tota</strong></span> <span class='ocrx_word' id='word_1_710' title='bbox 2613 3161 2713 3214; x_wconf 81' lang='lat' dir='ltr'><strong>vita</strong></span> <span class='ocrx_word' id='word_1_711' title='bbox 2741 3159 3040 3231; x_wconf 64' lang='lat' dir='ltr'><strong>afﬂigantur.</strong></span> <span class='ocrx_word' id='word_1_712' title='bbox 3074 3189 3148 3199; x_wconf 89' lang='lat'><strong>—</strong></span> <span class='ocrx_word' id='word_1_713' title='bbox 3183 3157 3318 3225; x_wconf 85' lang='lat' dir='ltr'><strong>Quid</strong></span> <span class='ocrx_word' id='word_1_714' title='bbox 3348 3173 3475 3228; x_wconf 82' lang='lat' dir='ltr'><strong>ergo</strong></span> <span class='ocrx_word' id='word_1_715' title='bbox 3511 3158 3640 3214; x_wconf 88' lang='lat' dir='ltr'><strong>illud</strong></span> 
     </span>
    </p>
   </div>
   <div class='ocr_carea' id='block_1_91' title="bbox 2061 3250 3640 3322">
    <p class='ocr_par' dir='ltr' id='par_1_91' title="bbox 2061 3250 3640 3322">
     <span class='ocr_line' id='line_1_91' title="bbox 2061 3250 3640 3322; baseline -0.002 -15"><span class='ocrx_word' id='word_1_716' title='bbox 2061 3260 2161 3316; x_wconf 87' lang='lat' dir='ltr'><strong>est,</strong></span> <span class='ocrx_word' id='word_1_717' title='bbox 2194 3251 2246 3304; x_wconf 91' lang='lat' dir='ltr'><strong>in</strong></span> <span class='ocrx_word' id='word_1_718' title='bbox 2277 3267 2382 3322; x_wconf 93' lang='lat' dir='ltr'><strong>quo</strong></span> <span class='ocrx_word' id='word_1_719' title='bbox 2417 3250 2592 3306; x_wconf 62' lang='lat' dir='ltr'><strong>hatres</strong></span> <span class='ocrx_word' id='word_1_720' title='bbox 2620 3260 2676 3305; x_wconf 92' lang='lat' dir='ltr'><strong>et</strong></span> <span class='ocrx_word' id='word_1_721' title='bbox 2708 3251 2973 3304; x_wconf 86' lang='lat' dir='ltr'><strong>ﬂuctuas?</strong></span> <span class='ocrx_word' id='word_1_722' title='bbox 2998 3250 3151 3318; x_wconf 88' lang='lat' dir='ltr'><strong>Quod</strong></span> <span class='ocrx_word' id='word_1_723' title='bbox 3182 3251 3392 3320; x_wconf 87' lang='lat' dir='ltr'><strong>plurimi</strong></span> <span class='ocrx_word' id='word_1_724' title='bbox 3421 3267 3485 3305; x_wconf 89' lang='lat' dir='ltr'><strong>ex</strong></span> <span class='ocrx_word' id='word_1_725' title='bbox 3530 3251 3640 3320; x_wconf 84' lang='lat' dir='ltr'><strong>pri-</strong></span> 
     </span>
    </p>
   </div>
   <div class='ocr_carea' id='block_1_92' title="bbox 2061 3343 3642 3413">
    <p class='ocr_par' dir='ltr' id='par_1_92' title="bbox 2061 3343 3642 3413">
     <span class='ocr_line' id='line_1_92' title="bbox 2061 3343 3642 3413; baseline -0.001 -14"><span class='ocrx_word' id='word_1_726' title='bbox 2061 3344 2280 3400; x_wconf 90' lang='lat' dir='ltr'><strong>mordiis</strong></span> <span class='ocrx_word' id='word_1_727' title='bbox 2307 3345 2479 3399; x_wconf 70' lang='lat' dir='ltr'><strong>artatis</strong></span> <span class='ocrx_word' id='word_1_728' title='bbox 2522 3343 2590 3399; x_wconf 91' lang='lat' dir='ltr'><strong>ad</strong></span> <span class='ocrx_word' id='word_1_729' title='bbox 2631 3344 2792 3398; x_wconf 88' lang='lat' dir='ltr'><strong>finem</strong></span> <span class='ocrx_word' id='word_1_730' title='bbox 2833 3358 3000 3413; x_wconf 90' lang='lat' dir='ltr'><strong>usque</strong></span> <span class='ocrx_word' id='word_1_731' title='bbox 3047 3343 3206 3397; x_wconf 89' lang='lat' dir='ltr'><strong>variis</strong></span> <span class='ocrx_word' id='word_1_732' title='bbox 3255 3343 3642 3397; x_wconf 88' lang='lat' dir='ltr'><strong>calamitatibus</strong></span> 
     </span>
    </p>
   </div>
   <div class='ocr_carea' id='block_1_93' title="bbox 1965 3432 3638 3503">
    <p class='ocr_par' dir='ltr' id='par_1_93' title="bbox 1965 3432 3638 3503">
     <span class='ocr_line' id='line_1_93' title="bbox 1965 3432 3638 3503; baseline 0.001 -19"><span class='ocrx_word' id='word_1_733' title='bbox 1965 3465 1988 3484; x_wconf 55' lang='grc' dir='ltr'><strong><em>ν</em></strong></span> <span class='ocrx_word' id='word_1_734' title='bbox 2065 3435 2174 3488; x_wconf 90' lang='lat' dir='ltr'><strong>sint</strong></span> <span class='ocrx_word' id='word_1_735' title='bbox 2223 3433 2416 3488; x_wconf 77' lang='lat' dir='ltr'><strong>affecti.</strong></span> <span class='ocrx_word' id='word_1_736' title='bbox 2467 3433 2581 3503; x_wconf 85' lang='lat' dir='ltr'><strong>Ego</strong></span> <span class='ocrx_word' id='word_1_737' title='bbox 2621 3433 2767 3488; x_wconf 90' lang='lat' dir='ltr'><strong>etde</strong></span> <span class='ocrx_word' id='word_1_738' title='bbox 2795 3433 2875 3487; x_wconf 79' lang='lat' dir='ltr'><strong>Itis</strong></span> <span class='ocrx_word' id='word_1_739' title='bbox 2917 3432 3063 3488; x_wconf 91' lang='lat' dir='ltr'><strong>etde</strong></span> <span class='ocrx_word' id='word_1_740' title='bbox 3092 3433 3358 3502; x_wconf 90' lang='lat' dir='ltr'><strong>prioribus</strong></span> <span class='ocrx_word' id='word_1_741' title='bbox 3391 3433 3638 3498; x_wconf 85' lang='lat' dir='ltr'><strong>dixerim,</strong></span> 
     </span>
    </p>
   </div>
   <div class='ocr_carea' id='block_1_94' title="bbox 2063 3525 3641 3596">
    <p class='ocr_par' dir='ltr' id='par_1_94' title="bbox 2063 3525 3641 3596">
     <span class='ocr_line' id='line_1_94' title="bbox 2063 3525 3641 3596; baseline -0.001 -17"><span class='ocrx_word' id='word_1_742' title='bbox 2063 3527 2330 3595; x_wconf 68' lang='lat' dir='ltr'><strong>praecipue</strong></span> <span class='ocrx_word' id='word_1_743' title='bbox 2359 3527 2574 3596; x_wconf 89' lang='lat' dir='ltr'><strong>quidem</strong></span> <span class='ocrx_word' id='word_1_744' title='bbox 2614 3525 2732 3580; x_wconf 93' lang='lat' dir='ltr'><strong>illos</strong></span> <span class='ocrx_word' id='word_1_745' title='bbox 2761 3526 2832 3579; x_wconf 93' lang='lat' dir='ltr'><strong>ob</strong></span> <span class='ocrx_word' id='word_1_746' title='bbox 2857 3525 3071 3595; x_wconf 90' lang='lat' dir='ltr'><strong>propria</strong></span> <span class='ocrx_word' id='word_1_747' title='bbox 3097 3526 3221 3579; x_wconf 89' lang='lat' dir='ltr'><strong>vitia</strong></span> <span class='ocrx_word' id='word_1_748' title='bbox 3251 3525 3454 3594; x_wconf 90' lang='lat' dir='ltr'><strong>puniri,</strong></span> <span class='ocrx_word' id='word_1_749' title='bbox 3486 3525 3641 3580; x_wconf 89' lang='lat' dir='ltr'><strong>dein-</strong></span> 
     </span>
    </p>
   </div>
   <div class='ocr_carea' id='block_1_95' title="bbox 2061 3618 3639 3689">
    <p class='ocr_par' dir='ltr' id='par_1_95' title="bbox 2061 3618 3639 3689">
     <span class='ocr_line' id='line_1_95' title="bbox 2061 3618 3639 3689; baseline 0.001 -18"><span class='ocrx_word' id='word_1_750' title='bbox 2061 3635 2188 3689; x_wconf 88' lang='lat' dir='ltr'><strong>ceps</strong></span> <span class='ocrx_word' id='word_1_751' title='bbox 2217 3635 2364 3684; x_wconf 90' lang='lat' dir='ltr'><strong>vero,</strong></span> <span class='ocrx_word' id='word_1_752' title='bbox 2397 3619 2559 3674; x_wconf 87' lang='lat' dir='ltr'><strong>utalii</strong></span> <span class='ocrx_word' id='word_1_753' title='bbox 2585 3634 2796 3689; x_wconf 91' lang='lat' dir='ltr'><strong>quoque</strong></span> <span class='ocrx_word' id='word_1_754' title='bbox 2832 3619 3045 3672; x_wconf 90' lang='lat' dir='ltr'><strong>illorum</strong></span> <span class='ocrx_word' id='word_1_755' title='bbox 3075 3619 3321 3687; x_wconf 87' lang='lat' dir='ltr'><strong>exemplo</strong></span> <span class='ocrx_word' id='word_1_756' title='bbox 3349 3618 3639 3674; x_wconf 89' lang='lat' dir='ltr'><strong>emenden-</strong></span> 
     </span>
    </p>
   </div>
   <div class='ocr_carea' id='block_1_96' title="bbox 2064 3711 3639 3780">
    <p class='ocr_par' dir='ltr' id='par_1_96' title="bbox 2064 3711 3639 3780">
     <span class='ocr_line' id='line_1_96' title="bbox 2064 3711 3639 3780; baseline 0.001 -15"><span class='ocrx_word' id='word_1_757' title='bbox 2064 3721 2166 3765; x_wconf 90' lang='lat' dir='ltr'><strong>tur.</strong></span> <span class='ocrx_word' id='word_1_758' title='bbox 2213 3711 2366 3778; x_wconf 92' lang='lat' dir='ltr'><strong>Quod</strong></span> <span class='ocrx_word' id='word_1_759' title='bbox 2415 3712 2458 3766; x_wconf 92' lang='lat' dir='ltr'><strong>si</strong></span> <span class='ocrx_word' id='word_1_760' title='bbox 2499 3712 2686 3766; x_wconf 91' lang='lat' dir='ltr'><strong>nonin</strong></span> <span class='ocrx_word' id='word_1_761' title='bbox 2717 3712 2965 3765; x_wconf 90' lang='lat' dir='ltr'><strong>omnibus</strong></span> <span class='ocrx_word' id='word_1_762' title='bbox 2995 3711 3046 3766; x_wconf 90' lang='lat' dir='ltr'><strong>id</strong></span> <span class='ocrx_word' id='word_1_763' title='bbox 3089 3711 3163 3776; x_wconf 86' lang='lat' dir='ltr'><strong>fit,</strong></span> <span class='ocrx_word' id='word_1_764' title='bbox 3205 3711 3334 3766; x_wconf 89' lang='lat' dir='ltr'><strong>nihil</strong></span> <span class='ocrx_word' id='word_1_765' title='bbox 3372 3719 3454 3766; x_wconf 92' lang='lat' dir='ltr'><strong>est</strong></span> <span class='ocrx_word' id='word_1_766' title='bbox 3498 3711 3639 3780; x_wconf 89' lang='lat' dir='ltr'><strong>quod</strong></span> 
     </span>
    </p>
   </div>
   <div class='ocr_carea' id='block_1_97' title="bbox 2064 3803 3640 3872">
    <p class='ocr_par' dir='ltr' id='par_1_97' title="bbox 2064 3803 3640 3872">
     <span class='ocr_line' id='line_1_97' title="bbox 2064 3803 3640 3872; baseline 0.001 -16"><span class='ocrx_word' id='word_1_767' title='bbox 2064 3803 2276 3857; x_wconf 91' lang='lat' dir='ltr'><strong>mireris</strong></span> <span class='ocrx_word' id='word_1_768' title='bbox 2310 3821 2324 3858; x_wconf 86' lang='lat'><strong>:</strong></span> <span class='ocrx_word' id='word_1_769' title='bbox 2357 3803 2590 3857; x_wconf 91' lang='lat' dir='ltr'><strong>nondum</strong></span> <span class='ocrx_word' id='word_1_770' title='bbox 2617 3804 2757 3858; x_wconf 91' lang='lat' dir='ltr'><strong>enim</strong></span> <span class='ocrx_word' id='word_1_771' title='bbox 2790 3803 2971 3872; x_wconf 90' lang='lat' dir='ltr'><strong>judicii</strong></span> <span class='ocrx_word' id='word_1_772' title='bbox 3002 3811 3209 3872; x_wconf 85' lang='lat' dir='ltr'><strong>tempus</strong></span> <span class='ocrx_word' id='word_1_773' title='bbox 3234 3803 3462 3858; x_wconf 90' lang='lat' dir='ltr'><strong>advenit.</strong></span> <span class='ocrx_word' id='word_1_774' title='bbox 3502 3803 3640 3870; x_wconf 88' lang='lat' dir='ltr'><strong>Quid</strong></span> 
     </span>
    </p>
   </div>
   <div class='ocr_carea' id='block_1_98' title="bbox 2062 3895 3635 3966">
    <p class='ocr_par' dir='ltr' id='par_1_98' title="bbox 2062 3895 3635 3966">
     <span class='ocr_line' id='line_1_98' title="bbox 2062 3895 3635 3966; baseline 0.002 -19"><span class='ocrx_word' id='word_1_775' title='bbox 2062 3911 2188 3965; x_wconf 83' lang='lat' dir='ltr'><strong>ergo</strong></span> <span class='ocrx_word' id='word_1_776' title='bbox 2217 3895 2284 3950; x_wconf 91' lang='lat' dir='ltr'><strong>de</strong></span> <span class='ocrx_word' id='word_1_777' title='bbox 2313 3897 2416 3950; x_wconf 92' lang='lat' dir='ltr'><strong>illis</strong></span> <span class='ocrx_word' id='word_1_778' title='bbox 2436 3897 2600 3961; x_wconf 91' lang='lat' dir='ltr'><strong>dices,</strong></span> <span class='ocrx_word' id='word_1_779' title='bbox 2646 3897 2838 3966; x_wconf 92' lang='lat' dir='ltr'><strong>inquis,</strong></span> <span class='ocrx_word' id='word_1_780' title='bbox 2871 3895 2958 3966; x_wconf 91' lang='lat' dir='ltr'><strong>qui</strong></span> <span class='ocrx_word' id='word_1_781' title='bbox 2997 3906 3276 3965; x_wconf 85' lang='lat' dir='ltr'><strong>antequam</strong></span> <span class='ocrx_word' id='word_1_782' title='bbox 3309 3911 3401 3964; x_wconf 91' lang='lat' dir='ltr'><strong>per</strong></span> <span class='ocrx_word' id='word_1_783' title='bbox 3423 3905 3635 3950; x_wconf 63' lang='lat' dir='ltr'><strong>aetatem</strong></span> 
     </span>
    </p>
   </div>
   <div class='ocr_carea' id='block_1_99' title="bbox 2064 3987 3637 4058">
    <p class='ocr_par' dir='ltr' id='par_1_99' title="bbox 2064 3987 3637 4058">
     <span class='ocr_line' id='line_1_99' title="bbox 2064 3987 3637 4058; baseline 0.001 -18"><span class='ocrx_word' id='word_1_784' title='bbox 2064 3987 2200 4040; x_wconf 92' lang='lat' dir='ltr'><strong>bona</strong></span> <span class='ocrx_word' id='word_1_785' title='bbox 2229 3987 2311 4042; x_wconf 92' lang='lat' dir='ltr'><strong>vel</strong></span> <span class='ocrx_word' id='word_1_786' title='bbox 2335 3989 2468 4040; x_wconf 89' lang='lat' dir='ltr'><strong>mala</strong></span> <span class='ocrx_word' id='word_1_787' title='bbox 2491 3988 2794 4042; x_wconf 86' lang='lat' dir='ltr'><strong>discernere</strong></span> <span class='ocrx_word' id='word_1_788' title='bbox 2821 3989 3045 4056; x_wconf 90' lang='lat' dir='ltr'><strong>possint,</strong></span> <span class='ocrx_word' id='word_1_789' title='bbox 3071 3988 3217 4057; x_wconf 88' lang='lat' dir='ltr'><strong>quasi</strong></span> <span class='ocrx_word' id='word_1_790' title='bbox 3251 3989 3480 4041; x_wconf 88' lang='lat' dir='ltr'><strong>maxime</strong></span> <span class='ocrx_word' id='word_1_791' title='bbox 3509 4003 3637 4058; x_wconf 88' lang='lat' dir='ltr'><strong>pec-</strong></span> 
     </span>
    </p>
   </div>
   <div class='ocr_carea' id='block_1_100' title="bbox 2062 4077 3639 4149">
    <p class='ocr_par' dir='ltr' id='par_1_100' title="bbox 2062 4077 3639 4149">
     <span class='ocr_line' id='line_1_100' title="bbox 2062 4077 3639 4149; baseline 0.002 -18"><span class='ocrx_word' id='word_1_792' title='bbox 2062 4077 2321 4144; x_wconf 88' lang='lat' dir='ltr'><strong>caverint,</strong></span> <span class='ocrx_word' id='word_1_793' title='bbox 2351 4079 2624 4148; x_wconf 89' lang='lat' dir='ltr'><strong>suppliciis</strong></span> <span class='ocrx_word' id='word_1_794' title='bbox 2646 4079 2984 4136; x_wconf 78' lang='lat' dir='ltr'><strong>al‘liciuntur?</strong></span> <span class='ocrx_word' id='word_1_795' title='bbox 3009 4079 3174 4149; x_wconf 84' lang='lat' dir='ltr'><strong>Hujus</strong></span> <span class='ocrx_word' id='word_1_796' title='bbox 3193 4080 3405 4146; x_wconf 88' lang='lat' dir='ltr'><strong>quidem</strong></span> <span class='ocrx_word' id='word_1_797' title='bbox 3427 4081 3502 4134; x_wconf 92' lang='lat' dir='ltr'><strong>rei</strong></span> <span class='ocrx_word' id='word_1_798' title='bbox 3534 4095 3639 4134; x_wconf 88' lang='lat' dir='ltr'><strong>non</strong></span> 
     </span>
    </p>
   </div>
   <div class='ocr_carea' id='block_1_101' title="bbox 2063 4169 3642 4241">
    <p class='ocr_par' dir='ltr' id='par_1_101' title="bbox 2063 4169 3642 4241">
     <span class='ocr_line' id='line_1_101' title="bbox 2063 4169 3642 4241; baseline 0.003 -20"><span class='ocrx_word' id='word_1_799' title='bbox 2063 4184 2167 4222; x_wconf 88' lang='lat' dir='ltr'><strong>una</strong></span> <span class='ocrx_word' id='word_1_800' title='bbox 2188 4179 2471 4235; x_wconf 90' lang='lat' dir='ltr'><strong>estcausa,</strong></span> <span class='ocrx_word' id='word_1_801' title='bbox 2519 4170 2611 4224; x_wconf 88' lang='lat' dir='ltr'><strong>sed</strong></span> <span class='ocrx_word' id='word_1_802' title='bbox 2633 4170 2873 4239; x_wconf 65' lang='lat' dir='ltr'><strong>plurimae</strong></span> <span class='ocrx_word' id='word_1_803' title='bbox 2899 4185 2963 4224; x_wconf 91' lang='lat' dir='ltr'><strong>ac</strong></span> <span class='ocrx_word' id='word_1_804' title='bbox 2995 4171 3172 4223; x_wconf 76' lang='lat' dir='ltr'><strong>varize.</strong></span> <span class='ocrx_word' id='word_1_805' title='bbox 3204 4169 3334 4224; x_wconf 87' lang='lat' dir='ltr'><strong>Nam</strong></span> <span class='ocrx_word' id='word_1_806' title='bbox 3367 4181 3421 4225; x_wconf 91' lang='lat' dir='ltr'><strong>et</strong></span> <span class='ocrx_word' id='word_1_807' title='bbox 3447 4187 3512 4225; x_wconf 90' lang='lat' dir='ltr'><strong>ex</strong></span> <span class='ocrx_word' id='word_1_808' title='bbox 3550 4187 3642 4241; x_wconf 82' lang='lat' dir='ltr'><strong>pa-</strong></span> 
     </span>
    </p>
   </div>
   <div class='ocr_carea' id='block_1_102' title="bbox 2065 4260 3640 4334">
    <p class='ocr_par' dir='ltr' id='par_1_102' title="bbox 2065 4260 3640 4334">
     <span class='ocr_line' id='line_1_102' title="bbox 2065 4260 3640 4334; baseline 0.004 -23"><span class='ocrx_word' id='word_1_809' title='bbox 2065 4269 2270 4313; x_wconf 88' lang='lat' dir='ltr'><strong>rentum</strong></span> <span class='ocrx_word' id='word_1_810' title='bbox 2300 4260 2723 4329; x_wconf 89' lang='lat' dir='ltr'><strong>intemperantia,</strong></span> <span class='ocrx_word' id='word_1_811' title='bbox 2755 4270 2808 4314; x_wconf 93' lang='lat' dir='ltr'><strong>et</strong></span> <span class='ocrx_word' id='word_1_812' title='bbox 2834 4277 2898 4315; x_wconf 78' lang='lat' dir='ltr'><strong>ex</strong></span> <span class='ocrx_word' id='word_1_813' title='bbox 2930 4262 3270 4316; x_wconf 90' lang='lat' dir='ltr'><strong>nutritiorum</strong></span> <span class='ocrx_word' id='word_1_814' title='bbox 3301 4263 3640 4334; x_wconf 79' lang='lat' dir='ltr'><strong>negligentia,</strong></span> 
     </span>
    </p>
   </div>
   <div class='ocr_carea' id='block_1_103' title="bbox 2063 4350 3643 4420">
    <p class='ocr_par' dir='ltr' id='par_1_103' title="bbox 2063 4350 3643 4420">
     <span class='ocr_line' id='line_1_103' title="bbox 2063 4350 3643 4420; baseline 0.003 -17"><span class='ocrx_word' id='word_1_815' title='bbox 2063 4359 2118 4404; x_wconf 89' lang='lat' dir='ltr'><strong>et</strong></span> <span class='ocrx_word' id='word_1_816' title='bbox 2145 4366 2210 4403; x_wconf 89' lang='lat' dir='ltr'><strong>ex</strong></span> <span class='ocrx_word' id='word_1_817' title='bbox 2233 4350 2547 4419; x_wconf 87' lang='lat' dir='ltr'><strong>intemperie</strong></span> <span class='ocrx_word' id='word_1_818' title='bbox 2571 4363 2727 4420; x_wconf 80' lang='lat' dir='ltr'><strong>atque</strong></span> <span class='ocrx_word' id='word_1_819' title='bbox 2749 4351 3103 4420; x_wconf 60' lang='lat' dir='ltr'><strong>inaequalitate</strong></span> <span class='ocrx_word' id='word_1_820' title='bbox 3127 4353 3266 4406; x_wconf 87' lang='lat' dir='ltr'><strong>aeris</strong></span> <span class='ocrx_word' id='word_1_821' title='bbox 3285 4393 3300 4417; x_wconf 90' lang='lat'><strong>,</strong></span> <span class='ocrx_word' id='word_1_822' title='bbox 3331 4363 3385 4408; x_wconf 90' lang='lat' dir='ltr'><strong>et</strong></span> <span class='ocrx_word' id='word_1_823' title='bbox 3429 4370 3492 4408; x_wconf 92' lang='lat' dir='ltr'><strong>ex</strong></span> <span class='ocrx_word' id='word_1_824' title='bbox 3521 4355 3643 4409; x_wconf 86' lang='lat' dir='ltr'><strong>aliis</strong></span> 
     </span>
    </p>
   </div>
   <div class='ocr_carea' id='block_1_104' title="bbox 2066 4441 3639 4514">
    <p class='ocr_par' dir='ltr' id='par_1_104' title="bbox 2066 4441 3639 4514">
     <span class='ocr_line' id='line_1_104' title="bbox 2066 4441 3639 4514; baseline 0.004 -22"><span class='ocrx_word' id='word_1_825' title='bbox 2066 4441 2307 4508; x_wconf 87' lang='lat' dir='ltr'><strong>plurimis</strong></span> <span class='ocrx_word' id='word_1_826' title='bbox 2354 4441 2655 4511; x_wconf 88' lang='lat' dir='ltr'><strong>lmjusmodi</strong></span> <span class='ocrx_word' id='word_1_827' title='bbox 2704 4443 2916 4496; x_wconf 90' lang='lat' dir='ltr'><strong>casibus</strong></span> <span class='ocrx_word' id='word_1_828' title='bbox 2974 4442 3029 4496; x_wconf 89' lang='lat' dir='ltr'><strong>id</strong></span> <span class='ocrx_word' id='word_1_829' title='bbox 3081 4444 3390 4514; x_wconf 86' lang='lat' dir='ltr'><strong>contingere</strong></span> <span class='ocrx_word' id='word_1_830' title='bbox 3444 4453 3639 4513; x_wconf 89' lang='lat' dir='ltr'><strong>potest.</strong></span> 
     </span>
    </p>
   </div>
   <div class='ocr_carea' id='block_1_105' title="bbox 2066 4535 3639 4605">
    <p class='ocr_par' dir='ltr' id='par_1_105' title="bbox 2066 4535 3639 4605">
     <span class='ocr_line' id='line_1_105' title="bbox 2066 4535 3639 4605; baseline 0.003 -18"><span class='ocrx_word' id='word_1_831' title='bbox 2066 4535 2328 4589; x_wconf 85' lang='lat' dir='ltr'><strong>Praeterea</strong></span> <span class='ocrx_word' id='word_1_832' title='bbox 2395 4549 2514 4588; x_wconf 93' lang='lat' dir='ltr'><strong>cum</strong></span> <span class='ocrx_word' id='word_1_833' title='bbox 2587 4535 2842 4603; x_wconf 87' lang='lat' dir='ltr'><strong>plurimos</strong></span> <span class='ocrx_word' id='word_1_834' title='bbox 2893 4535 3105 4589; x_wconf 92' lang='lat' dir='ltr'><strong>illorum</strong></span> <span class='ocrx_word' id='word_1_835' title='bbox 3157 4536 3363 4590; x_wconf 89' lang='lat' dir='ltr'><strong>futuros</strong></span> <span class='ocrx_word' id='word_1_836' title='bbox 3412 4552 3639 4605; x_wconf 86' lang='lat' dir='ltr'><strong>nequam</strong></span> 
     </span>
    </p>
   </div>
   <div class='ocr_carea' id='block_1_106' title="bbox 2065 4619 3632 4697">
    <p class='ocr_par' dir='ltr' id='par_1_106' title="bbox 2065 4619 3632 4697">
     <span class='ocr_line' id='line_1_106' title="bbox 2065 4619 3632 4697; baseline 0 -17"><span class='ocrx_word' id='word_1_837' title='bbox 2065 4619 2397 4696; x_wconf 64' lang='lat' dir='ltr'><strong>praesciverit</strong></span> <span class='ocrx_word' id='word_1_838' title='bbox 2423 4628 2560 4682; x_wconf 91' lang='lat' dir='ltr'><strong>Deus</strong></span> <span class='ocrx_word' id='word_1_839' title='bbox 2580 4669 2594 4692; x_wconf 89' lang='lat'><strong>,</strong></span> <span class='ocrx_word' id='word_1_840' title='bbox 2625 4642 2718 4682; x_wconf 89' lang='lat' dir='ltr'><strong>eos</strong></span> <span class='ocrx_word' id='word_1_841' title='bbox 2739 4628 2897 4682; x_wconf 89' lang='lat' dir='ltr'><strong>veluti</strong></span> <span class='ocrx_word' id='word_1_842' title='bbox 2933 4627 3278 4695; x_wconf 90' lang='lat' dir='ltr'><strong>compedibus</strong></span> <span class='ocrx_word' id='word_1_843' title='bbox 3319 4628 3632 4697; x_wconf 84' lang='lat' dir='ltr'><strong>quibusdam</strong></span> 
     </span>
    </p>
   </div>
   <div class='ocr_carea' id='block_1_107' title="bbox 2067 4719 3642 4788">
    <p class='ocr_par' dir='ltr' id='par_1_107' title="bbox 2067 4719 3642 4788">
     <span class='ocr_line' id='line_1_107' title="bbox 2067 4719 3642 4788; baseline 0.001 -16"><span class='ocrx_word' id='word_1_844' title='bbox 2067 4719 2367 4788; x_wconf 80' lang='lat' dir='ltr'><strong>lutjusmodi</strong></span> <span class='ocrx_word' id='word_1_845' title='bbox 2397 4719 2655 4788; x_wconf 88' lang='lat' dir='ltr'><strong>supplicio</strong></span> <span class='ocrx_word' id='word_1_846' title='bbox 2681 4730 2911 4774; x_wconf 89' lang='lat' dir='ltr'><strong>coercet.</strong></span> <span class='ocrx_word' id='word_1_847' title='bbox 2939 4721 3018 4773; x_wconf 85' lang='lat' dir='ltr'><strong>An</strong></span> <span class='ocrx_word' id='word_1_848' title='bbox 3053 4735 3156 4774; x_wconf 93' lang='lat' dir='ltr'><strong>non</strong></span> <span class='ocrx_word' id='word_1_849' title='bbox 3186 4720 3334 4774; x_wconf 86' lang='lat' dir='ltr'><strong>vides</strong></span> <span class='ocrx_word' id='word_1_850' title='bbox 3351 4732 3406 4775; x_wconf 94' lang='lat' dir='ltr'><strong>et</strong></span> <span class='ocrx_word' id='word_1_851' title='bbox 3431 4719 3642 4774; x_wconf 90' lang='lat' dir='ltr'><strong>mendi-</strong></span> 
     </span>
    </p>
   </div>
   <div class='ocr_carea' id='block_1_108' title="bbox 2065 4810 3642 4880">
    <p class='ocr_par' dir='ltr' id='par_1_108' title="bbox 2065 4810 3642 4880">
     <span class='ocr_line' id='line_1_108' title="bbox 2065 4810 3642 4880; baseline 0.001 -17"><span class='ocrx_word' id='word_1_852' title='bbox 2065 4825 2250 4864; x_wconf 88' lang='lat' dir='ltr'><strong>corum</strong></span> <span class='ocrx_word' id='word_1_853' title='bbox 2275 4810 2531 4878; x_wconf 89' lang='lat' dir='ltr'><strong>plurimos</strong></span> <span class='ocrx_word' id='word_1_854' title='bbox 2559 4810 2697 4864; x_wconf 91' lang='lat' dir='ltr'><strong>inter</strong></span> <span class='ocrx_word' id='word_1_855' title='bbox 2724 4825 2995 4878; x_wconf 88' lang='lat' dir='ltr'><strong>prcssuras</strong></span> <span class='ocrx_word' id='word_1_856' title='bbox 3023 4811 3163 4879; x_wconf 89' lang='lat' dir='ltr'><strong>ipsas</strong></span> <span class='ocrx_word' id='word_1_857' title='bbox 3190 4821 3245 4864; x_wconf 92' lang='lat' dir='ltr'><strong>et</strong></span> <span class='ocrx_word' id='word_1_858' title='bbox 3268 4811 3538 4880; x_wconf 90' lang='lat' dir='ltr'><strong>angustias</strong></span> <span class='ocrx_word' id='word_1_859' title='bbox 3559 4811 3642 4864; x_wconf 86' lang='lat' dir='ltr'><strong>in-</strong></span> 
     </span>
    </p>
   </div>
   <div class='ocr_carea' id='block_1_109' title="bbox 2067 4903 3641 4972">
    <p class='ocr_par' dir='ltr' id='par_1_109' title="bbox 2067 4903 3641 4972">
     <span class='ocr_line' id='line_1_109' title="bbox 2067 4903 3641 4972; baseline 0.001 -18"><span class='ocrx_word' id='word_1_860' title='bbox 2067 4917 2282 4956; x_wconf 87' lang='lat' dir='ltr'><strong>numera</strong></span> <span class='ocrx_word' id='word_1_861' title='bbox 2302 4912 2674 4970; x_wconf 86' lang='lat' dir='ltr'><strong>perpetrantes</strong></span> <span class='ocrx_word' id='word_1_862' title='bbox 2696 4903 2894 4956; x_wconf 90' lang='lat' dir='ltr'><strong>scelera</strong></span> <span class='ocrx_word' id='word_1_863' title='bbox 2908 4944 2922 4969; x_wconf 94' lang='lat'><strong>,</strong></span> <span class='ocrx_word' id='word_1_864' title='bbox 2942 4918 3166 4972; x_wconf 88' lang='lat' dir='ltr'><strong>quorum</strong></span> <span class='ocrx_word' id='word_1_865' title='bbox 3199 4911 3372 4956; x_wconf 89' lang='lat' dir='ltr'><strong>tamen</strong></span> <span class='ocrx_word' id='word_1_866' title='bbox 3402 4903 3641 4957; x_wconf 86' lang='lat' dir='ltr'><strong>omnium</strong></span> 
     </span>
    </p>
   </div>
   <div class='ocr_carea' id='block_1_110' title="bbox 2064 4993 3643 5064">
    <p class='ocr_par' dir='ltr' id='par_1_110' title="bbox 2064 4993 3643 5064">
     <span class='ocr_line' id='line_1_110' title="bbox 2064 4993 3643 5064; baseline 0.003 -19"><span class='ocrx_word' id='word_1_867' title='bbox 2064 5008 2222 5046; x_wconf 88' lang='lat' dir='ltr'><strong>causa</strong></span> <span class='ocrx_word' id='word_1_868' title='bbox 2252 5009 2356 5046; x_wconf 91' lang='lat' dir='ltr'><strong>non</strong></span> <span class='ocrx_word' id='word_1_869' title='bbox 2379 4993 2602 5048; x_wconf 86' lang='lat' dir='ltr'><strong>alflietio</strong></span> <span class='ocrx_word' id='word_1_870' title='bbox 2626 4995 2948 5063; x_wconf 83' lang='lat' dir='ltr'><strong>paupertatis</strong></span> <span class='ocrx_word' id='word_1_871' title='bbox 2972 5004 3074 5060; x_wconf 89' lang='lat' dir='ltr'><strong>est,</strong></span> <span class='ocrx_word' id='word_1_872' title='bbox 3106 4995 3201 5050; x_wconf 88' lang='lat' dir='ltr'><strong>sed</strong></span> <span class='ocrx_word' id='word_1_873' title='bbox 3236 4995 3348 5049; x_wconf 91' lang='lat' dir='ltr'><strong>sola</strong></span> <span class='ocrx_word' id='word_1_874' title='bbox 3375 4995 3643 5064; x_wconf 74' lang='lat' dir='ltr'><strong>nequitia?</strong></span> 
     </span>
    </p>
   </div>
   <div class='ocr_carea' id='block_1_111' title="bbox 2067 5086 3640 5156">
    <p class='ocr_par' dir='ltr' id='par_1_111' title="bbox 2067 5086 3640 5156">
     <span class='ocr_line' id='line_1_111' title="bbox 2067 5086 3640 5156; baseline 0.003 -18"><span class='ocrx_word' id='word_1_875' title='bbox 2067 5086 2258 5140; x_wconf 81' lang='lat' dir='ltr'><strong>Audivi</strong></span> <span class='ocrx_word' id='word_1_876' title='bbox 2305 5101 2404 5156; x_wconf 86' lang='lat' dir='ltr'><strong>ego</strong></span> <span class='ocrx_word' id='word_1_877' title='bbox 2427 5087 2684 5156; x_wconf 91' lang='lat' dir='ltr'><strong>quosdam</strong></span> <span class='ocrx_word' id='word_1_878' title='bbox 2715 5087 3000 5156; x_wconf 89' lang='lat' dir='ltr'><strong>aliquando</strong></span> <span class='ocrx_word' id='word_1_879' title='bbox 3024 5102 3146 5142; x_wconf 89' lang='lat' dir='ltr'><strong>cum</strong></span> <span class='ocrx_word' id='word_1_880' title='bbox 3172 5087 3412 5142; x_wconf 90' lang='lat' dir='ltr'><strong>dicerent</strong></span> <span class='ocrx_word' id='word_1_881' title='bbox 3452 5088 3640 5156; x_wconf 86' lang='lat' dir='ltr'><strong>hujus-</strong></span> 
     </span>
    </p>
   </div>
   <div class='ocr_carea' id='block_1_112' title="bbox 2066 5175 3640 5246">
    <p class='ocr_par' dir='ltr' id='par_1_112' title="bbox 2066 5175 3640 5246">
     <span class='ocr_line' id='line_1_112' title="bbox 2066 5175 3640 5246; baseline 0.001 -16"><span class='ocrx_word' id='word_1_882' title='bbox 2066 5175 2207 5230; x_wconf 90' lang='lat' dir='ltr'><strong>modi</strong></span> <span class='ocrx_word' id='word_1_883' title='bbox 2234 5176 2476 5231; x_wconf 89' lang='lat' dir='ltr'><strong>homines</strong></span> <span class='ocrx_word' id='word_1_884' title='bbox 2527 5177 2806 5230; x_wconf 89' lang='lat' dir='ltr'><strong>mulierem</strong></span> <span class='ocrx_word' id='word_1_885' title='bbox 2837 5177 3119 5246; x_wconf 90' lang='lat' dir='ltr'><strong>quamdam</strong></span> <span class='ocrx_word' id='word_1_886' title='bbox 3144 5177 3418 5233; x_wconf 87' lang='lat' dir='ltr'><strong>honestam</strong></span> <span class='ocrx_word' id='word_1_887' title='bbox 3445 5187 3500 5233; x_wconf 80' lang='lat' dir='ltr'><strong>et</strong></span> <span class='ocrx_word' id='word_1_888' title='bbox 3525 5177 3640 5231; x_wconf 76' lang='lat' dir='ltr'><strong>for-</strong></span> 
     </span>
    </p>
   </div>
   <div class='ocr_carea' id='block_1_113' title="bbox 2068 5266 3642 5337">
    <p class='ocr_par' dir='ltr' id='par_1_113' title="bbox 2068 5266 3642 5337">
     <span class='ocr_line' id='line_1_113' title="bbox 2068 5266 3642 5337; baseline 0.001 -17"><span class='ocrx_word' id='word_1_889' title='bbox 2068 5281 2154 5320; x_wconf 91' lang='lat' dir='ltr'><strong>ma</strong></span> <span class='ocrx_word' id='word_1_890' title='bbox 2181 5266 2390 5322; x_wconf 90' lang='lat' dir='ltr'><strong>liberali</strong></span> <span class='ocrx_word' id='word_1_891' title='bbox 2422 5267 2474 5320; x_wconf 90' lang='lat' dir='ltr'><strong>in</strong></span> <span class='ocrx_word' id='word_1_892' title='bbox 2506 5267 2794 5322; x_wconf 89' lang='lat' dir='ltr'><strong>solitudine</strong></span> <span class='ocrx_word' id='word_1_893' title='bbox 2822 5277 3024 5334; x_wconf 87' lang='lat' dir='ltr'><strong>nactos,</strong></span> <span class='ocrx_word' id='word_1_894' title='bbox 3051 5268 3099 5322; x_wconf 91' lang='lat' dir='ltr'><strong>ei</strong></span> <span class='ocrx_word' id='word_1_895' title='bbox 3127 5269 3386 5323; x_wconf 87' lang='lat' dir='ltr'><strong>violenter</strong></span> <span class='ocrx_word' id='word_1_896' title='bbox 3409 5283 3472 5322; x_wconf 83' lang='lat' dir='ltr'><strong>ac</strong></span> <span class='ocrx_word' id='word_1_897' title='bbox 3491 5279 3642 5337; x_wconf 62' lang='lat' dir='ltr'><strong>pett}-</strong></span> 
     </span>
    </p>
   </div>
   <div class='ocr_carea' id='block_1_114' title="bbox 2066 5357 3645 5429">
    <p class='ocr_par' dir='ltr' id='par_1_114' title="bbox 2066 5357 3645 5429">
     <span class='ocr_line' id='line_1_114' title="bbox 2066 5357 3645 5429; baseline 0.003 -17"><span class='ocrx_word' id='word_1_898' title='bbox 2066 5359 2236 5412; x_wconf 91' lang='lat' dir='ltr'><strong>lanter</strong></span> <span class='ocrx_word' id='word_1_899' title='bbox 2263 5357 2514 5414; x_wconf 89' lang='lat' dir='ltr'><strong>illusisse.</strong></span> <span class='ocrx_word' id='word_1_900' title='bbox 2547 5359 2702 5427; x_wconf 89' lang='lat' dir='ltr'><strong>Atqui</strong></span> <span class='ocrx_word' id='word_1_901' title='bbox 2729 5373 2832 5428; x_wconf 90' lang='lat' dir='ltr'><strong>qua</strong></span> <span class='ocrx_word' id='word_1_902' title='bbox 2851 5361 3187 5427; x_wconf 88' lang='lat' dir='ltr'><strong>necessitate,</strong></span> <span class='ocrx_word' id='word_1_903' title='bbox 3215 5375 3317 5429; x_wconf 89' lang='lat' dir='ltr'><strong>qua</strong></span> <span class='ocrx_word' id='word_1_904' title='bbox 3341 5361 3645 5416; x_wconf 81' lang='lat' dir='ltr'><strong>calamitate</strong></span> 
     </span>
    </p>
   </div>
   <div class='ocr_carea' id='block_1_115' title="bbox 2063 5449 3632 5519">
    <p class='ocr_par' dir='ltr' id='par_1_115' title="bbox 2063 5449 3632 5519">
     <span class='ocr_line' id='line_1_115' title="bbox 2063 5449 3632 5519; baseline 0.002 -16"><span class='ocrx_word' id='word_1_905' title='bbox 2063 5449 2128 5504; x_wconf 90' lang='lat' dir='ltr'><strong>ad</strong></span> <span class='ocrx_word' id='word_1_906' title='bbox 2151 5449 2250 5504; x_wconf 90' lang='lat' dir='ltr'><strong>hoc</strong></span> <span class='ocrx_word' id='word_1_907' title='bbox 2273 5449 2467 5503; x_wconf 90' lang='lat' dir='ltr'><strong>inducti</strong></span> <span class='ocrx_word' id='word_1_908' title='bbox 2499 5451 2662 5504; x_wconf 90' lang='lat' dir='ltr'><strong>sunt?</strong></span> <span class='ocrx_word' id='word_1_909' title='bbox 2691 5465 2809 5519; x_wconf 73' lang='lat' dir='ltr'><strong>qua:</strong></span> <span class='ocrx_word' id='word_1_910' title='bbox 2829 5449 2914 5504; x_wconf 89' lang='lat' dir='ltr'><strong>isti</strong></span> <span class='ocrx_word' id='word_1_911' title='bbox 2932 5452 3131 5506; x_wconf 88' lang='lat' dir='ltr'><strong>scelera</strong></span> <span class='ocrx_word' id='word_1_912' title='bbox 3153 5467 3256 5506; x_wconf 90' lang='lat' dir='ltr'><strong>non</strong></span> <span class='ocrx_word' id='word_1_913' title='bbox 3274 5452 3632 5518; x_wconf 84' lang='lat' dir='ltr'><strong>admisissent,</strong></span> 
     </span>
    </p>
   </div>
   <div class='ocr_carea' id='block_1_116' title="bbox 2064 5541 3639 5611">
    <p class='ocr_par' dir='ltr' id='par_1_116' title="bbox 2064 5541 3639 5611">
     <span class='ocr_line' id='line_1_116' title="bbox 2064 5541 3639 5611; baseline 0.002 -15"><span class='ocrx_word' id='word_1_914' title='bbox 2064 5543 2108 5596; x_wconf 91' lang='lat' dir='ltr'><strong>si</strong></span> <span class='ocrx_word' id='word_1_915' title='bbox 2131 5555 2235 5595; x_wconf 94' lang='lat' dir='ltr'><strong>non</strong></span> <span class='ocrx_word' id='word_1_916' title='bbox 2251 5541 2336 5611; x_wconf 93' lang='lat' dir='ltr'><strong>huj</strong></span> <span class='ocrx_word' id='word_1_917' title='bbox 2345 5541 2548 5595; x_wconf 89' lang='lat' dir='ltr'><strong>usmodi</strong></span> <span class='ocrx_word' id='word_1_918' title='bbox 2568 5541 2715 5610; x_wconf 91' lang='lat' dir='ltr'><strong>quasi</strong></span> <span class='ocrx_word' id='word_1_919' title='bbox 2734 5542 2959 5598; x_wconf 88' lang='lat' dir='ltr'><strong>vinculis</strong></span> <span class='ocrx_word' id='word_1_920' title='bbox 2977 5545 3415 5598; x_wconf 87' lang='lat' dir='ltr'><strong>continerentur?</strong></span> <span class='ocrx_word' id='word_1_921' title='bbox 3442 5545 3639 5599; x_wconf 82' lang='lat' dir='ltr'><strong>Eorum</strong></span> 
     </span>
    </p>
   </div>
   <div class='ocr_carea' id='block_1_117' title="bbox 2063 5633 3641 5705">
    <p class='ocr_par' dir='ltr' id='par_1_117' title="bbox 2063 5633 3641 5705">
     <span class='ocr_line' id='line_1_117' title="bbox 2063 5633 3641 5705; baseline 0.004 -20"><span class='ocrx_word' id='word_1_922' title='bbox 2063 5648 2189 5688; x_wconf 83' lang='lat' dir='ltr'><strong>vero</strong></span> <span class='ocrx_word' id='word_1_923' title='bbox 2216 5633 2302 5701; x_wconf 93' lang='lat' dir='ltr'><strong>qui</strong></span> <span class='ocrx_word' id='word_1_924' title='bbox 2338 5634 2639 5688; x_wconf 90' lang='lat' dir='ltr'><strong>carceribus</strong></span> <span class='ocrx_word' id='word_1_925' title='bbox 2677 5635 2862 5688; x_wconf 92' lang='lat' dir='ltr'><strong>inclusi</strong></span> <span class='ocrx_word' id='word_1_926' title='bbox 2893 5644 3017 5689; x_wconf 90' lang='lat' dir='ltr'><strong>sunt</strong></span> <span class='ocrx_word' id='word_1_927' title='bbox 3043 5637 3160 5705; x_wconf 89' lang='lat' dir='ltr'><strong>quis</strong></span> <span class='ocrx_word' id='word_1_928' title='bbox 3186 5636 3339 5692; x_wconf 90' lang='lat' dir='ltr'><strong>facile</strong></span> <span class='ocrx_word' id='word_1_929' title='bbox 3365 5638 3641 5691; x_wconf 83' lang='lat' dir='ltr'><strong>vesaniam</strong></span> 
     </span>
    </p>
   </div>
   <div class='ocr_carea' id='block_1_118' title="bbox 2063 5727 3632 5798">
    <p class='ocr_par' dir='ltr' id='par_1_118' title="bbox 2063 5727 3632 5798">
     <span class='ocr_line' id='line_1_118' title="bbox 2063 5727 3632 5798; baseline 0.001 -16"><span class='ocrx_word' id='word_1_930' title='bbox 2063 5736 2116 5782; x_wconf 88' lang='lat' dir='ltr'><strong>ct</strong></span> <span class='ocrx_word' id='word_1_931' title='bbox 2138 5727 2338 5780; x_wconf 81' lang='lat' dir='ltr'><strong>rabiem</strong></span> <span class='ocrx_word' id='word_1_932' title='bbox 2371 5727 2605 5794; x_wconf 82' lang='lat' dir='ltr'><strong>perferre</strong></span> <span class='ocrx_word' id='word_1_933' title='bbox 2635 5728 2830 5794; x_wconf 89' lang='lat' dir='ltr'><strong>possit?</strong></span> <span class='ocrx_word' id='word_1_934' title='bbox 2857 5729 2920 5781; x_wconf 74' lang='lat' dir='ltr'><strong>At</strong></span> <span class='ocrx_word' id='word_1_935' title='bbox 2951 5729 2982 5780; x_wconf 93' lang='lat' dir='ltr'><strong>ii</strong></span> <span class='ocrx_word' id='word_1_936' title='bbox 3022 5729 3166 5798; x_wconf 78' lang='lat' dir='ltr'><strong>quia</strong></span> <span class='ocrx_word' id='word_1_937' title='bbox 3187 5729 3430 5784; x_wconf 67' lang='lat' dir='ltr'><strong>daemone</strong></span> <span class='ocrx_word' id='word_1_938' title='bbox 3463 5730 3632 5783; x_wconf 85' lang='lat' dir='ltr'><strong>corri-</strong></span> 
     </span>
    </p>
   </div>
   <div class='ocr_carea' id='block_1_119' title="bbox 2069 5817 3638 5892">
    <p class='ocr_par' dir='ltr' id='par_1_119' title="bbox 2069 5817 3638 5892">
     <span class='ocr_line' id='line_1_119' title="bbox 2069 5817 3638 5892; baseline 0.004 -24"><span class='ocrx_word' id='word_1_939' title='bbox 2069 5820 2280 5892; x_wconf 85' lang='lat' dir='ltr'><strong>piuntur</strong></span> <span class='ocrx_word' id='word_1_940' title='bbox 2301 5819 2468 5876; x_wconf 86' lang='lat' dir='ltr'><strong>nihilo</strong></span> <span class='ocrx_word' id='word_1_941' title='bbox 2493 5819 2697 5876; x_wconf 79' lang='lat' dir='ltr'><strong>minora</strong></span> <span class='ocrx_word' id='word_1_942' title='bbox 2730 5817 2811 5876; x_wconf 79' lang='lat' dir='ltr'><strong>his</strong></span> <span class='ocrx_word' id='word_1_943' title='bbox 2842 5818 3041 5875; x_wconf 81' lang='lat' dir='ltr'><strong>faciunt</strong></span> <span class='ocrx_word' id='word_1_944' title='bbox 3064 5837 3078 5874; x_wconf 88' lang='lat'><strong>:</strong></span> <span class='ocrx_word' id='word_1_945' title='bbox 3103 5836 3208 5876; x_wconf 89' lang='lat' dir='ltr'><strong>non</strong></span> <span class='ocrx_word' id='word_1_946' title='bbox 3238 5829 3412 5877; x_wconf 83' lang='lat' dir='ltr'><strong>autem</strong></span> <span class='ocrx_word' id='word_1_947' title='bbox 3433 5834 3496 5877; x_wconf 86' lang='lat' dir='ltr'><strong>ea</strong></span> <span class='ocrx_word' id='word_1_948' title='bbox 3517 5836 3638 5876; x_wconf 82' lang='lat' dir='ltr'><strong>mo-</strong></span> 
     </span>
    </p>
   </div>
  </div>
