4036 6416
243 302 355 358 M3

244 418 469 490 εὐθηνίᾳ
498 418 591 473 καὶ
631 418 867 490 πλούτῳ,
910 419 1004 473 καὶ
1043 419 1166 474 οὐδὲ
1193 419 1367 483 οὕτως
1406 420 1741 491 ἐμάνθανον·
1775 421 1827 472 οἰ
1856 419 1913 473 δὲ

242 513 342 569 νῦν
381 514 560 586 πολλῷ
609 515 833 569 πλείονα
877 516 1102 569 ἐκείνων
1147 516 1699 589 πολυπραγμονοῦσι·
1740 517 1916 571 ταῦτα

242 611 355 684 γάρ
378 613 446 665 τά
480 612 575 666 νῦν
612 612 976 684 προτιθέμενα
1005 612 1186 684 πολλῷ
1218 613 1439 667 πλείονα
1488 614 1713 667 ἐκείνων
1742 615 1910 669 ἐστίν.

259 712 318 763 '0
349 711 445 782 μὲν
467 705 559 763 οὖν
584 710 759 781 σαφὴς
794 709 949 776 λόγος
984 708 1190 764 τούτων
1218 710 1602 781 ἐπιτετράφθω
1629 711 1709 782 τῷ
1733 711 1913 765 πάντα

242 807 408 861 εἰδότι
443 808 572 878 πρὶν
607 806 873 876 γενέσεως
900 805 1102 859 αὐτῶν.

314 945 384 1021 η’.
444 949 589 1010 Εἰδέ
628 951 733 1021 χρὴ
767 949 863 1003 καὶ
900 947 1097 1011 αὐτοὺς
1135 949 1200 1002 ἐκ
1240 947 1351 1001 τῶν
1390 948 1490 1019 ἤδη
1532 947 1915 1016 γεγενημένων

239 1038 535 1109 γνωρίμων
566 1038 697 1108 ἡμῖν
747 1038 1033 1107 ἐπινοῆσαι
1082 1036 1235 1089 λύσιν
1274 1036 1369 1089 καὶ
1418 1033 1770 1107 παραμυθίαν
1800 1036 1913 1098 τοῖς

242 1126 599 1197 ζητουμένοις
641 1126 785 1189 τινὰ,
814 1126 902 1180 διὰ
943 1126 1068 1188 τοὺς
1105 1124 1311 1195 σφόδρα
1344 1123 1513 1176 ταῦτα
1550 1121 1915 1193 περιεργαζο-

246 1213 466 1284 μένους,
515 1214 689 1267 ἐκεῖνό
724 1232 897 1284 φημι,
939 1214 1022 1267 ὃτι
1060 1213 1123 1266 τὸ
1162 1212 1261 1283 μὲν
1294 1212 1419 1275 τοὺς
1446 1211 1688 1273 δικαίους
1717 1212 1774 1262 ἐν
1804 1208 1915 1262 θλί-

240 1299 399 1369 ψεσιν
429 1297 589 1367 εἶναι,
618 1302 677 1354 ἐν
706 1302 889 1354 ἀνέσει
921 1300 976 1354 δὲ
1006 1302 1132 1364 τοὺς
1163 1300 1454 1370 πονηροὺς,
1491 1298 1611 1351 οὐδὲ
1632 1297 1912 1368 ζητήσεως

240 1387 392 1452 ἀξιον
441 1388 649 1455 λοιπὸν,
682 1389 783 1458 τῆς
823 1388 1101 1459 βασιλείας
1134 1386 1637 1457 άποκαλυφθείσης,
1682 1386 1774 1439 καὶ
1813 1385 1913 1455 τῆς

242 1479 385 1532 κατα
416 1479 509 1532 τὸν
557 1478 819 1550 μέλλοντα
852 1479 1023 1533 αἰῶνα
1056 1478 1379 1542 ἀντιδόσεως
1412 1476 1720 1547 δειχθείσης
1758 1477 1910 1546 ἡμῖν.

241 1567 350 1621 Τοῦ
396 1568 505 1639 γάρ
554 1569 675 1622 κατ’
721 1570 878 1635 ἀξίαν
932 1572 1049 1623 ἐκεῖ
1102 1569 1356 1641 μένοντος
1410 1568 1659 1631 ἕκαστον,
1708 1566 1760 1620 τί
1808 1567 1915 1639 χρὴ

238 1655 603 1723 ταράττεσθαι
641 1661 751 1721 τοῖς
793 1658 1099 1730 γινομένοις
1148 1657 1335 1711 ἐνθάδε
1381 1656 1565 1719 καλοῖς
1608 1656 1641 1727 ἢ
1688 1660 1912 1721 κακοῖς;

241 1743 382 1807 Τοὺς
417 1744 515 1815 μὲν
545 1746 654 1817 γάρ
690 1746 838 1817 αὐτῷ
874 1746 1240 1818 προσέχοντας
1266 1748 1293 1797 6
1321 1744 1473 1811 Θεὸς,
1504 1744 1600 1797 am
1632 1743 1915 1812 γενναίους

241 1831 498 1901 ἀθλητάς,
527 1834 737 1897 τούτοις
782 1833 1051 1905 γυμνάζει
1096 1836 1210 1897 τοῖς
1247 1833 1462 1898 πόνοις,
1502 1834 1629 1896 τοὺς
1653 1833 1708 1886 δὲ
1748 1833 1914 1886 ἀσθε-

239 1919 525 1992 νεστέρους
572 1920 667 1974 καὶ
697 1920 1052 1993 βραδυτέρους
1075 1930 1095 1951 ⁸
1129 1923 1223 1974 καὶ
1254 1920 1421 1991 μηδὲν
1460 1919 1566 1973 τῶν
1599 1920 1915 1991 βαρυτέρων

238 2007 569 2079 δυναμένους
605 2010 847 2077 ἐνεγκεῖν
883 2010 1147 2081 πρότερον
1195 2009 1345 2081 [174]
1390 2012 1466 2071 εἰς
1505 2008 1603 2079 τὴν
1635 2008 1744 2061 τῶν
1779 2010 1916 2077 ἀγα-

241 2093 350 2149 θῶν
411 2096 589 2168 ἔργων
636 2098 821 2166 ἐνάγει
872 2099 1207 2169 προτροπὴν.
1244 2099 1307 2150 Εἰ
1352 2098 1408 2151 δὲ
1450 2097 1545 2150 καὶ
1604 2096 1914 2150 τούναντίον

243 2185 529 2255 συμϐαίνει
576 2186 868 2254 πολλάκις,
913 2188 1009 2240 καὶ
1064 2187 1249 2240 πολλοὶ
1288 2186 1387 2256 μὲν
1433 2186 1542 2238 τῶν
1584 2185 1809 2239 δικαίων
1856 2187 1913 2238 ἐν

238 2272 423 2326 ἀνέσει
452 2273 698 2342 διάγουσι
742 2276 835 2327 καὶ
873 2278 1039 2346 τιμῇ,
1068 2274 1179 2328 τῶν
1222 2274 1280 2327 δὲ
1324 2274 1575 2345 πονηρῶν
1619 2276 1676 2327 ἐν
1719 2272 1914 2344 ἀτιμίᾳ.

239 2360 337 2414 καὶ
368 2364 483 2425 τοῖς
526 2362 776 2433 ἐσχάτοις
818 2366 1041 2430 κακοῖς,
1087 2364 1226 2426 τέως
1279 2362 1379 2434 μὲν
1420 2364 1551 2433 ημῖν
1599 2363 1633 2433 ἡ
1673 2363 1913 2433 προτέρα

239 2448 542 2513 ἀντίθεσις,
590 2450 892 2521 ὴλέγουσα
946 2450 1246 2505 κακοῦσθαι
1306 2451 1407 2521 μὲν
1457 2450 1582 2512 τοὺς
1640 2449 1911 2513 δικαίους,

238 2540 364 2601 τοὺς
395 2538 452 2590 δὲ
506 2538 725 2604 ἀδίκους
756 2542 989 2613 τρυφᾷν,
1019 2540 1385 2612 ἀνατρέπεται
1417 2540 1497 2611 τῷ
1552 2539 1717 2610 λόγῳ.
1755 2542 1816 2593 Εἰ
1856 2541 1912 2593 δέ

239 2626 336 2680 καὶ
376 2626 581 2697 ταύτην
622 2629 981 2682 ἐπιλύσασθαι
1024 2630 1125 2693 δεῖ,
1196 2632 1371 2683 ἐκεῖνο
1428 2630 1495 2683 ἂν
1542 2630 1787 2699 εἴποιμι,
1831 2630 1912 2682 ὃτι

237 2714 338 2784 οὐχ
366 2714 447 2767 ἐνὶ
483 2716 672 2787 τρόπῳ
701 2716 769 2769 τὰ
810 2716 933 2770 καθ’
970 2718 1117 2788 ἡμᾶς
1145 2718 1451 2787 οἰκονομεῖν
1484 2719 1512 2769 6
1540 2716 1670 2779 Θεὸς
1698 2715 1911 2781 εἴωθεν,

239 2801 357 2855 ἀλλ’
395 2802 628 2876 εὔπορος
678 2804 754 2858 ῶν
802 2806 1003 2869 πολλάς
1049 2808 1181 2877 ἡμῖν
1228 2807 1419 2875 τέμνει
1470 2804 1570 2868 τὰς
1621 2805 1758 2876 πρὸς
1809 2821 1915 2857 σω-

237 2891 434 2962 τηρίαν
474 2892 648 2957 ὁδούς.
686 2895 905 2965 Ἐπειδὴ
946 2894 1055 2965 γάρ
1090 2893 1276 2948 πολλοὶ
1324 2895 1414 2947 τὸν
1462 2896 1590 2965 περί⁵
1628 2894 1737 2945 τῶν
1779 2894 1908 2963 μελ-

238 2979 437 3034 λόντων
472 2981 565 3033 καὶ
619 2982 717 3053 τῆς
757 2983 1107 3046 ἀναστάσεως
1158 2983 1259 3035 ούκ
1319 2981 1603 3053 ἀνέχονται
1653 2981 1909 3046 δέξασθαι

237 3066 414 3136 λόγον,
441 3069 529 3122 διά
558 3070 714 3123 τοῦτο
738 3072 797 3124 ἐν
850 3070 1042 3143 βραχεῖ
1080 3073 1179 3142 τῆς
1211 3070 1443 3141 κρίσεως
1471 3069 1568 3139 τὴν
1602 3070 1787 3123 εἰκόνα
1829 3073 1912 3123 ὲν-

239 3156 364 3209 θάδε
408 3156 699 3223 δείκνυσιν,
741 3159 870 3212 ὅταν
904 3158 1105 3230 κολάζῃ
1148 3159 1245 3229 μὲν
1280 3159 1405 3221 τοὺς
1432 3161 1723 3229 πονηροὺς,
1752 3160 1911 3230 εύερ-

236 3250 369 3319 γετῇ
399 3247 456 3300 δὲ
484 3250 609 3312 τοὺς
638 3250 928 3321 χρηστούς.
960 3250 1130 3303 Τοῦτο
1161 3249 1271 3319 γάρ
1298 3249 1599 3320 ὁλοσχερῶς
1632 3249 1730 3319 μὲν
1760 3250 1816 3302 ὲν
1842 3253 1909 3321 τῇ

236 3341 416 3412 κρίσει
458 3342 688 3411 γίνεται,
732 3348 797 3397 ἐκ
832 3343 1031 3415 μέρους
1074 3343 1132 3396 δὲ
1166 3342 1263 3395 καὶ
1308 3342 1543 3396 ἐνταῦθα
1584 3341 1701 3407 νῦν,
1740 3343 1828 3397 ἵνα
1860 3348 1909 3398 οἰ

236 3434 373 3505 πρὸς
416 3436 509 3489 τὸν
539 3437 748 3510 μακρὸν
800 3439 1006 3490 ἐκεῖνον
1052 3434 1507 3498 ἀναπεπτωκότες
1554 3433 1742 3505 χρόνον
1798 3438 1909 3501 τοῖς

236 3527 367 3594 γοῦν
405 3531 461 3582 ἐν
488 3530 566 3601 τῷ
596 3532 823 3601 παρόντι
852 3529 1151 3602 δρωμένοις
1185 3528 1584 3599 ἐπιεικέστεροι
1612 3530 1902 3597 γένωνται.

235 3622 360 3675 Εἴτε
406 3624 514 3695 γάρ
546 3624 731 3695 μηδεὶς
772 3624 909 3687 ὅλως
954 3622 1241 3687 ἐκολάζετο
1292 3621 1403 3675 τῶν
1441 3620 1717 3692 πονηρῶν,
1772 3624 1908 3693 μηδὲ

237 3717 462 3786 ἐτιμᾶτο
506 3716 615 3771 τῶν
662 3718 937 3789 χρηστῶν,
984 3716 1171 3769 πολλοὶ
1202 3715 1310 3769 τῶν
1356 3715 1782 3769 διαπιστούντων
1830 3716 1908 3785 τῷ

235 3802 333 3874 τῆς
356 3805 702 3869 ἀναστάσεως
740 3806 880 3876 λόγῳ
903 3803 1001 3875 τὴν
1040 3805 1137 3874 μὲν
1171 3803 1372 3875 ἀρετὴν
1405 3803 1481 3867 ὡς
1510 3803 1697 3857 κακῶν
1726 3804 1907 3857 αἰτίαν

237 3892 483 3963 ἔφευγον,
509 3895 607 3965 τὴν
640 3896 697 3948 δὲ
726 3895 989 3966 πονηρίαν
1016 3894 1090 3957 ὡς
1118 3893 1339 3961 ἀγαθῶν
1367 3893 1625 3965 πρόξενον
1652 3894 1873 3947 ἐδίωκον
1890 3911 1902 3922 ·

236 3984 344 4037 εἴτε
395 3984 556 4038 πάλιν
603 3986 836 4039 ἐνταῦθα
872 3986 934 4039 τὸ
986 3987 1106 4038 κατ’
1154 3984 1313 4049 ἀξίαν
1372 3985 1610 4048 ἅπαντες
1654 3985 1907 4057 ἀπελάμ-

236 4074 417 4138 ϐανον,
458 4075 711 4144 περιττὸν
754 4074 819 4127 ἂν
863 4074 1139 4145 ἡγήσαντο
1166 4069 1303 4127 εἶναι
1356 4073 1641 4143 καὶψευδῆ
1670 4074 1761 4125 τὸν
1806 4076 1907 4145 τῆς

233 4159 469 4231 κρίσεως
509 4160 685 4229 λόγον.
720 4162 815 4215 Ἴν’
839 4156 932 4214 οὖν
974 4164 1109 4232 μήτε
1156 4153 1311 4222 οὗτος
1349 4160 1719 4232 διαπιστῆται,
1767 4166 1906 4232 μήτε

233 4248 264 4300 6
299 4248 467 4312 πολὺς
506 4249 600 4302 καὶ
645 4250 860 4321 χυδαῖος
911 4249 1037 4313 λαὸς
1071 4249 1399 4320 φαυλότερος
1453 4250 1673 4320 γίνηται
1731 4268 1904 4305 κατα-

233 4338 467 4409 φρονῶν,
516 4340 871 4411 ἐπεξέρχεται
910 4339 1005 4392 κα)⁵
1056 4338 1291 4391 ἐνταῦθα
1336 4337 1446 4391 τῶν
1482 4336 1905 4411 ἁμαρτανόντωῖι

232 4430 479 4497 πολλοὺς,
527 4430 623 4484 καὶ
676 4428 966 4500 ἀμείϐεται
998 4426 1108 4480 τῶν
1152 4425 1565 4498 κατορθούντων
1596 4428 1792 4491 ἐνίους,
1824 4429 1904 4499 τῷ

234 4518 333 4589 μὲν
368 4518 442 4591 μὴ
483 4519 561 4582 εἰς
604 4519 811 4580 πάντας
850 4516 1008 4569 τοῦτο
1042 4518 1235 4578 ποιεῖν,
1275 4516 1365 4568 τὸν
1406 4514 1509 4585 τῆς
1540 4516 1775 4586 κρίσεως
1811 4533 1902 4569 πι-

236 4609 524 4680 στούμενος
555 4609 731 4677 λόγον,
760 4606 837 4678 τῷ
865 4608 921 4661 δὲ
954 4606 1048 4660 καὶ
1090 4606 1196 4679 πρὸ
1240 4606 1340 4676 τῆς
1384 4606 1618 4677 κρίσεως
1653 4606 1903 4669 κολάζειν

229 4697 401 4764 τινάς,
446 4700 572 4762 τοὺς
608 4698 775 4751 πολὺν
818 4695 983 4749 ὕπνον
1023 4694 1380 4757 καθεύδοντας
1427 4695 1729 4767 διεγείρων.
1770 4697 1902 4751 Ἀπὸ

230 4789 329 4859 μὲν
376 4788 481 4860 γάρ
520 4788 613 4841 τοῦ
649 4785 1008 4858 τιμωρεῖσθαι
1050 4784 1175 4846 τοὺς
1214 4783 1487 4853 πονηροὺς
1531 4783 1901 4838 διανίστανται

228 4876 413 4930 πολλοὶ
438 4876 516 4948 τῷ
545 4878 694 4948 φόϐῳ
724 4877 817 4929 τοῦ
853 4873 926 4945 μὴ
952 4872 1020 4927 τά
1045 4872 1184 4925 αύτά
1222 4872 1416 4925 παθεῖν
1434 4888 1449 4903 ·
1478 4872 1586 4925 ἀπὸ
1613 4873 1670 4926 δὲ
1693 4873 1790 4926 τοῦ
1824 4875 1901 4946 μὴ

228 4966 435 5031 πάντας
464 4966 695 5021 ἐνταῦθα
734 4966 804 5020 τὰ
834 4966 954 5020 κατ’
982 4961 1138 5026 ἀξίαν
1167 4962 1463 5017 ἀπολαϐεῖν
1494 4963 1900 5033 ἀναγκάζονται

228 5053 537 5125 λογίζεσθαι
562 5058 645 5111 ὅτι
683 5058 763 5119 εἰς
792 5054 977 5127 ἔτερόν
1006 5071 1129 5107 τινα
1173 5051 1332 5106 τοῦτο
1375 5053 1728 5123 τεταμίευται
1776 5070 1902 5107 και-

228 5145 344 5217 ρόν.

295 5285 370 5340 Οὐ
410 5284 518 5356 γάρ
558 5284 626 5338 ἂν
674 5283 847 5356 δήπου
889 5283 1095 5347 δίκαιος
1138 5282 1215 5336 ῶν
1255 5284 1283 5335 6
1319 5282 1452 5347 Θεὸς
1496 5283 1731 5354 περιεῖδε
1774 5301 1899 5337 τοσ-

227 5374 416 5438 ούτους
461 5377 555 5429 καὶ
587 5374 694 5428 τῶν
742 5374 928 5427 κακῶν
976 5376 1358 5445 ἀτιμωρήτους
1401 5374 1763 5437 ἀπελθόντας,
1806 5375 1900 5428 καὶ

226 5464 334 5517 τῶν
368 5465 592 5533 ἀγαθῶν
635 5467 849 5536 μυρίοις
889 5465 1249 5530 κολασθέντας
1281 5466 1496 5529 δεινοῖς,
1530 5466 1579 5518 εἰ
1616 5465 1692 5537 μὴ
1730 5466 1897 5535 ἀλλην

225 5556 347 5610 τινὰ
401 5557 595 5621 αἰῶνος
640 5558 923 5631 ἑκατέροις
967 5558 1371 5628 παρεσκευάκει
1407 5559 1763 5613 κατάστασιν.
1807 5559 1897 5612 Διὸ

286 5772 313 5804 ⁸
333 5773 425 5825 Καἰ
450 5774 755 5836 βραδυτέρους
776 5774 913 5825 «locs!
946 5772 992 5825 in
1022 5772 1167 5823 Sani].
1206 5779 1252 5823 cl
1280 5771 1413 5825 αοτι).

1146 309 1241 357 AD
1277 297 1662 359 b'lAbIRIUM
1695 302 1740 357 Λ
1778 302 2082 361 ΟᾹΞΜΟΝΕ
2123 305 2483 363 VEXATUM.
2522 305 2651 379 LIB.
2691 306 2733 362 1.

3585 301 3694 359 ιιι

2017 421 2077 474 οὐ
2131 423 2358 487 πάντας,
2398 423 2512 476 ἀλλ’
2554 424 2730 486 ἐνίους
2778 422 2994 488 κολάζει
3026 423 3120 477 καί
3155 424 3313 493 τιμᾷ,
3358 420 3550 493 ῶσπερ
3594 422 3689 474 ἐπὶ

2013 513 2108 566 τοῦ
2139 514 2370 585 Πέρσου,
2395 514 2586 588 ὥσπερ
2615 518 2708 568 ἐπὶ
2736 516 2828 569 τοῦ
2870 516 3139 581 Ἐζεκίουο
3172 518 3345 569 καίτοι
3379 515 3564 569 πολλοὶ
3592 515 3690 568 καὶ

2012 610 2090 680 τῷ
2127 612 2393 683 Ἀσσυρίῳ
2436 613 2721 680 γεγόνασιν
2761 614 2820 680 ἐξ
2855 616 2975 685 ἴσης
3010 615 3248 679 ἀσεϐεῖς,
3291 616 3383 668 καὶ
3424 613 3565 667 κατά
3592 613 3690 666 τὸν

2026 700 2272 765 Ἐζεκίαν
2319 702 2584 773 ἐνάρετοι,
2638 704 2753 757 ἀλλ’
2801 705 2901 759 οὐκ
2958 708 3053 759 ἐπὶ
3110 705 3331 759 πάντων
3382 704 3543 758 τοῦτο
3589 719 3689 755 πε-

2012 796 2235 865 ποίηκε·
2263 798 2324 850 τὸ
2356 799 2412 851 δὲ
2440 799 2635 863 αἴτιον,
2662 802 2800 872 ὅπερ
2841 800 2999 872 ἔφην,
3031 802 3150 854 ἐστὶ
3184 800 3245 853 τὸ
3282 800 3506 871 μηδέπω
3546 816 3687 869 παρ-

2013 896 2151 944 εῖναι
2198 893 2298 964 τῆς
2338 896 2571 966 κρίσεως
2608 896 2699 949 τὸν
2735 899 2944 969 καιρόν.
2978 896 3082 951 Καὶ
3109 898 3190 951 ὅτι
3225 898 3327 949 οὐκ
3355 897 3485 966 ἐμὸς
3530 888 3687 958 οὗτος

2012 991 2042 1042 6
2078 989 2257 1059 λόγος,
2297 994 2461 1047 αὑτοῦ
2498 994 2594 1048 τοῦ
2625 996 2827 1067 κρίνειν
2865 997 3011 1067 ἡμᾶς
3038 996 3159 1049 τότε
3207 995 3491 1066 μέλλοντος
3530 994 3687 1048 ἀκου-

2015 1106 2126 1143 σον.
2169 1090 2386 1162 Ἐπειδὴ
2413 1091 2521 1163 γάρ
2554 1092 2860 1163 προσῆλθον
2892 1092 3043 1164 αὑτῷ
3068 1094 3116 1145 οἰ
3146 1092 3246 1163 τὴν
3276 1090 3537 1162 τελευτὴν
3574 1089 3687 1144 τῶν

2015 1184 2120 1239 ὑπὸ
2156 1187 2252 1239 τοῦ
2296 1188 2507 1260 πύργου
2555 1190 3017 1261 καταχωσθέντων
3049 1189 3143 1243 καί⁵
3174 1189 3273 1260 τὴν
3314 1189 3409 1241 τοῦ
3451 1188 3686 1241 Πιλάτου

2018 1290 2212 1358 μανίαν
2244 1292 2707 1361 ἀπαγγέλλοντες,
2740 1294 2807 1365 ἢν
2848 1294 2927 1356 εἰς
2958 1292 3085 1354 τοὺς
3123 1291 3517 1359 τελευηκότας
3585 1292 3687 1343 ἐπ-

2016 1386 2271 1455 εδείξατο,
2298 1394 2416 1454 ταῖς
2444 1390 2657 1454 θυσίαις
2681 1388 2861 1443 αὐτῶν
2883 1388 3154 1460 ἀναμίξας
3180 1388 3242 1441 τὸ
3256 1384 3415 1458 αἷμα,
3433 1387 3487 1439 τί
3518 1402 3685 1457 φησις

2014 1488 2245 1542 Δοκεῖτε
2290 1489 2382 1543 ὅτι
2432 1494 2487 1545 οι
2539 1489 2849 1545 Γαλιλαῖοι
2904 1486 3072 1546 οὗτοι
3127 1487 3462 1559 ἁμαρτωλοὶ
3527 1488 3689 1557 παρὰ

2015 1587 2247 1653 πάντας
2314 1587 2458 1655 τοὺς
2512 1588 2880 1655 Γαλιλαίους
2942 1587 3246 1658 ἐγένοντο,
3306 1586 3396 1640 ὅτι
3445 1585 3689 1640 τοιαῦτα

2015 1684 2419 1750 πεπόνθασιν;
2456 1684 2632 1753 θὺχί,
2669 1685 2825 1754 ,λέγω
2867 1683 3029 1753 ὑμῖν,
3061 1685 3200 1739 ἀλλ’
3238 1683 3348 1737 ἐὰν
3388 1680 3474 1751 μὴ
3508 1698 3688 1751 μετα-

2012 1776 2310 1845 νοήσητε,
2362 1777 2583 1846 πάντες
2627 1780 2841 1849 ὁμοίως
2878 1778 3223 1833 ἀπολεῖσθε.
3272 1777 3339 1834 Ἢ
3372 1775 3590 1829 ἐκεῖνοι
3632 1778 3687 1830 οἰ

2013 1874 2159 1928 δέκα
2203 1874 2303 1929 καὶ
2351 1875 2529 1943 ὀκτὼ,
2565 1876 2659 1945 ἐρ’
2708 1876 2816 1944 οὓς
2862 1877 3087 1931 ἔπεσεν
3141 1880 3173 1931 ό
3222 1877 3449 1946 πύργος
3493 1875 3565 1927 ἐν
3606 1872 3688 1939 τῷ

2016 1978 2249 2047 Σιλωὰμ
2287 1979 2386 2031 καὶ
2420 1979 2774 2033 ἀπέκτεινεν
2826 1980 3070 2046 αὐτοὺς,
3113 1978 3342 2034 δοκεῖτε
3380 1978 3469 2030 ὅτι
3512 1976 3685 2031 αὐτοὶ

2015 2074 2317 2143 ὀφειλέται
2351 2075 2632 2145 ἐγένοντο
2665 2077 2827 2147 παρὰ
2874 2076 3103 2143 πάντας
3146 2075 3287 2141 τοὺς
3332 2073 3685 2128 κατοικοῦν-

2015 2191 2119 2241 τας
2154 2173 2304 2247 [175]
2342 2176 2773 2247 ’[ερουσαλήμ;
2811 2178 2980 2248 Οὐχὶ,
3010 2176 3164 2246 λέγω
3195 2176 3358 2248 ὑμῖν,
3388 2176 3527 2229 ἀλλ’
3576 2175 3688 2229 ἐὰν

2006 2269 2093 2338 μὴ
2120 2270 2555 2339 μετανοήσητε,
2591 2270 2817 2339 πάντες
2844 2273 3130 2339 ὡσαύτως
3159 2272 3504 2327 ἀπολεῖσθε.
3534 2270 3684 2343 Αὕτη

2010 2374 2109 2443 τῆς
2135 2373 2404 2444 ἀναϐολῆς
2428 2377 2459 2445 ἡ
2497 2375 2665 2428 αἰτία.
2695 2376 2797 2429 Διά
2824 2375 2985 2429 τοῦτο
3003 2376 3126 2439 τοὺς
3151 2375 3261 2429 τῶν
3288 2374 3470 2429 αὐτῶν
3504 2374 3687 2438 ἀξίους

2011 2478 2110 2547 οὐχ
2166 2475 2302 2548 ὁμοῦ
2350 2478 2561 2542 πάντας
2605 2479 2857 2543 κολάζειν
2895 2478 3105 2546 εἴωθεν,
3157 2479 3244 2533 ῖνα
3283 2480 3331 2532 οἰ
3376 2479 3688 2549 λειπόμενοι

2013 2579 2255 2651 βελτίους
2289 2583 2411 2644 ταῖς
2448 2581 2673 2633 ἐκείνων
2712 2580 2977 2649 γένωνται
3008 2583 3336 2653 συμφοραῖς.
3373 2581 3484 2634 Καὶ
3515 2581 3687 2635 ταῦτα

2015 2680 2113 2750 μὲν
2152 2680 2281 2749 ἡμῖν
2332 2679 2506 2744 οὕτως
2554 2680 2911 2736 ἐπιλελύσθω.
2954 2682 3024 2735 Σὺ
3067 2682 3126 2734 δὲ
3174 2682 3304 2745 ἴσως
3350 2682 3446 2735 καὶ
3478 2681 3547 2734 τά
3590 2681 3687 2736 νῦν

2012 2776 2379 2847 προτιθέμενα
2424 2777 2630 2847 ζητεῖς,
2658 2776 2695 2831 ἂ.
2728 2777 2908 2850 πολλῷ
2934 2778 3139 2833 τούτων
3166 2780 3312 2833 ἐστὶν
3338 2777 3684 2850 ἀπορώτερα.

2016 2875 2161 2945 Πλὴν
2203 2875 2342 2928 ἀλλά
2379 2876 2583 2929 τούτων
2618 2879 2749 2948 ἡμῖν
2790 2880 2933 2931 κατά
2962 2877 3190 2949 δύναμιν
3236 2880 3547 2948 γενομένων
3582 2896 3688 2948 φαε-

2013 2979 2206 3046 νερῶν,
2239 2981 2333 3033 καί
2361 2981 2461 3050 τῆς
2489 2980 2714 3033 ἐκείνων
2741 2980 2949 3045 λύσεως
2990 2976 3146 3052 οἶμαί
3174 2998 3298 3034 τινα
3347 2980 3691 3053 προκαταϐε-

2014 3080 2247 3152 ϐλῆσθαι
2291 3081 2382 3135 διὰ
2405 3082 2612 3135 τούτων
2638 3083 2838 3154 ἀρχήν.

2082 3236 2147 3290 Τί
2186 3232 2278 3291 οῦν
2306 3238 2455 3290 ἐστιν
2491 3237 2626 3309 ὅπερ
2687 3237 2946 3309 άπορεῖς;
2996 3236 3119 3289 Ὅτι
3166 3235 3355 3290 πολλοὶ
3402 3236 3566 3309 μέχρι
3597 3254 3691 3290 τε·

2010 3340 2203 3412 λευτῆς
2263 3342 2327 3393 ἐκ
2386 3339 2609 3412 πρώτης
2678 3339 2894 3411 ἡλικίας
2952 3339 3173 3403 πολλαῖς
3236 3340 3687 3411 προσεπάλαισαν

2013 3444 2339 3513 συμφοραῖς.
2373 3442 2515 3510 Ἐγὼ
2556 3442 2615 3496 δὲ
2655 3443 2751 3496 καὶ
2800 3444 2931 3513 περὶ
2976 3442 3182 3496 τούτων
3245 3443 3457 3513 εἴποιμι
3494 3442 3561 3496 ἀν
3591 3442 3687 3496 καὶ

2010 3543 2275 3613 περὶτῶν
2314 3545 2616 3618 προτέρων,
2653 3544 2735 3598 ὃτι
2768 3544 3193 3615 προηγουμένως
3227 3544 3325 3614 μὲν
3362 3542 3452 3596 διά
3487 3542 3586 3614 τὴν
3615 3545 3689 3597 οἰ-

2010 3646 2164 3699 κείαν
2213 3646 2409 3708 αύτοὺς
2468 3646 2686 3709 κολάζει
2744 3645 3040 3717 πονηρίανο
3088 3644 3279 3697 ἔπειτα
3328 3644 3385 3697 δὲ
3438 3644 3530 3698 ἵνα
3589 3644 3687 3698 κα)⁵

2007 3745 2184 3815 ἕτεροι
2213 3745 2543 3819 κερδάνωσιν
2571 3748 2635 3799 ἐκ
2663 3745 2770 3799 τῶν
2803 3746 3009 3810 τούτοις
3045 3746 3445 3817 συμϐαινόντων
3476 3746 3684 3801 κακῶν.

2010 3848 2071 3900 Εἰ
2105 3846 2161 3899 δὲ
2211 3847 2285 3918 μὴ
2315 3847 2407 3899 ἐπὶ
2444 3846 2662 3901 πάντων
2694 3847 2851 3900 τοῦτο
2878 3847 3106 3915 γίνεται,
3136 3844 3289 3900 οὔπω
3318 3846 3418 3916 τῆς
3452 3846 3688 3916 κρίσεως

2007 3948 2035 3999 6
2069 3950 2279 4019 καιρός.
2318 3948 2383 4000 Τί
2422 3944 2536 4012 οὖν,
2574 3948 2759 4017 φησὶν,
2792 3948 2920 4000 ὅταν
2956 3948 3087 4019 πρὶν
3131 3947 3302 4000 ἐλθεῖν
3331 3948 3410 4010 εἰς
3440 3947 3537 4018 τὴν
3568 3947 3686 4018 ήλιο

2008 4050 2131 4104 κίαν
2156 4050 2255 4122 τὴν
2288 4049 2684 4119 διαγνωστικὴν
2717 4047 2825 4102 τῶν
2850 4047 3026 4101 καλῶν
3050 4049 3145 4102 καὶ
3176 4047 3284 4102 τῶν
3310 4048 3372 4100 ού
3402 4047 3682 4111 τοιούτων,

2004 4152 2081 4214 ῶς
2127 4149 2339 4223 μεγάλα
2387 4150 2713 4221 ἠδικηκότες
2750 4151 2892 4213 τινὲς
2941 4149 3295 4215 κολάξονταις
3336 4148 3538 4202 Τούτου
3583 4148 3683 4219 μὲν

2006 4252 2067 4303 οὐ
2105 4252 2203 4321 μία
2234 4249 2318 4313 τίς
2352 4252 2500 4303 ἐστιν
2535 4248 2707 4316 αἰτία,
2738 4248 2877 4302 ἀλλά
2910 4249 3104 4303 πολλαὶ
3144 4249 3240 4302 καὶ
3276 4248 3543 4319 διάφοροι.
3574 4245 3683 4299 Καὶ

2006 4357 2116 4426 γάρ
2142 4355 2292 4425 παρά
2340 4354 2435 4425 τὴν
2463 4353 2571 4407 τῶν
2612 4353 3030 4425 γεννησαμένων
3064 4354 3364 4424 ἀκρασίαν,
3399 4350 3493 4404 καὶ
3531 4350 3685 4422 παρά

2005 4463 2104 4534 τὴν
2136 4463 2244 4515 τῶν
2276 4461 2590 4532 θρεψάντων
2614 4460 2914 4532 ρᾳθυμίαν,
2942 4462 3037 4513 καὶ⁸
3067 4459 3218 4531 παρά
3244 4459 3345 4529 τὴν
3366 4459 3474 4511 τῶν
3502 4458 3682 4527 ἀέρων

2006 4565 2323 4635 ἀνωμαλίαν
2347 4605 2362 4628 ,
2413 4564 2509 4617 καὶ
2546 4563 2696 4633 παρά
2732 4563 2903 4616 πολλά
2944 4563 3106 4635 ἕτερα
3150 4560 3379 4614 τοιαῦτα
3422 4558 3683 4631 συμπτώ-

2008 4684 2154 4736 ματα
2184 4666 2341 4719 τοῦτο
2382 4664 2577 4735 γένοιτ’
2614 4664 2700 4719 ἀν.
2736 4665 2878 4736 Πρὸς
2905 4664 2961 4716 δὲ
2991 4662 3205 4726 τούτοις
3238 4660 3467 4725 πολλοὺς
3501 4660 3682 4714 αὐτῶν

2001 4767 2142 4825 οἶδεν
2166 4771 2194 4822 6
2216 4769 2347 4833 Θεὸς
2371 4768 2661 4840 ἐσομένους
2685 4767 2955 4838 πονηρούς
2972 4782 2983 4795 ·
3009 4762 3128 4819 εἶτα
3146 4766 3295 4819 ῶσπε
3304 4783 3336 4836 ρ
3358 4765 3472 4817 τισὶ
3494 4763 3681 4827 πέδαις

2004 4866 2333 4940 προκατέχει
2357 4867 2478 4930 ταῖς
2506 4866 2799 4937 τιμωρίαις
2831 4864 3057 4928 ταύταις
3086 4862 3303 4927 αύτούς.
3326 4863 3397 4916 Ἦ
3422 4862 3520 4933 οὐχ
3549 4864 3682 4933 ὁρᾷς

2003 4968 2097 5019 καὶ
2126 4965 2233 5019 τῶν
2271 4965 2511 5019 ἐπαιτῶν
2543 4964 2772 5027 πολλοὺς
2803 4964 2897 5017 καὶ
2931 4965 2988 5016 ἐν
3026 4964 3161 5032 αὐτῇ
3192 4965 3256 5033 τῇ
3305 4961 3482 5031 θλίψει
3511 4963 3682 5033 μυρία

2002 5064 2404 5137 ἐργαζομένους
2445 5062 2615 5130 δεινά,
2644 5064 2705 5116 οὐ
2738 5061 2825 5115 διὰ
2850 5061 2949 5131 τὴν
2977 5059 3175 5129 θλῖψιν,
3204 5058 3327 5112 ούδέ
3354 5057 3443 5111 διὰ
3479 5058 3569 5111 τὸν
3602 5059 3682 5111 λι-

2006 5164 2127 5235 μὸν,
2166 5162 2305 5217 ἀλλὰ
2334 5162 2426 5217 διά
2458 5162 2559 5233 τὴν
2591 5159 2799 5214 οἰκείαν
2838 5162 3103 5231 πονηρίαν
3136 5158 3332 5228 μόνον;
3375 5155 3519 5224 Ἐγὼ
3567 5156 3680 5227 γάρ

2001 5261 2212 5333 ἤκουσά
2233 5279 2394 5315 τινων
2419 5260 2684 5329 λεγόντων
2714 5258 2864 5323 ποτὲ,
2890 5261 2971 5311 ὅτι
2997 5259 3232 5326 γυναῖκα
3266 5254 3557 5325 ἐλευθέραν
3585 5253 3681 5307 καὶ

2004 5359 2236 5430 κοσμίαν
2296 5357 2662 5421 ἀπολαϐόντες
2721 5357 2807 5409 ἐπ’
2853 5355 3089 5427 ἐρημίας
3135 5353 3446 5425 ἐνύϐρισαν.
3484 5350 3680 5405 Καίτοι

2002 5459 2161 5521 ποίας
2206 5456 2363 5511 τοῦτο
2390 5456 2657 5526 ἀνάγκης,
2694 5454 2855 5519 ποίας
2891 5453 3124 5523 θλίψεως
3161 5452 3357 5523 ἐργον;
3400 5449 3464 5503 Τί
3496 5449 3551 5502 δὲ
3580 5449 3681 5501 οὐκ

2000 5560 2065 5613 ἂν
2112 5559 2356 5631 ἔπραξαν
2402 5552 2549 5610 οὗτοι
2596 5554 2801 5621 δεινὸν,
2854 5554 2903 5606 εί
2957 5554 3033 5622 μὴ
3072 5550 3313 5619 τοσούτῳ
3365 5547 3679 5617 κατείχοντο

1999 5658 2218 5729 δεσμῴς
2253 5656 2375 5709 Τῶν
2403 5657 2461 5711 δὲ
2496 5655 2560 5709 τὸ
2598 5654 2972 5724 δεσμωτήριον
3006 5649 3299 5706 οἰκούντων
3340 5650 3439 5718 τὴν
3483 5646 3678 5717 μανίαν

2005 5761 2098 5813 καὶ
2143 5759 2239 5825 τὴν
2273 5757 2471 5811 λύτταν
2506 5758 2586 5819 τίς
2626 5755 2690 5809 ἂν
2725 5755 2935 5823 ἐνέγκοι
2970 5751 3201 5826 ῥᾳδίως
3251 5749 3361 5803 Καὶ
3392 5749 3441 5801 οἱ
3482 5746 3679 5817 δαιμο-
