4036 6416
353 324 459 381 4‘05

351 444 552 507 νῶντες
582 443 638 498 δὲ
677 444 777 498 οὐκ
814 445 1074 500 ἐλάττονα
1109 444 1318 499 τούτων
1368 446 1716 517 ἐργάζονται.
1762 449 1838 501 υύ
1884 447 2029 518 λέγω

350 529 546 598 ταῦτα,
578 531 722 605 ἀπερ
756 535 897 587 κατὰ
940 533 1031 587 τὸν
1069 535 1258 605 καιρὸν
1298 533 1402 604 τῆς
1434 535 1529 587 τοῦ
1568 534 1819 606 δαίμονος
1851 536 2028 607 πράτ-

352 636 505 674 τουσι
560 620 798 692 κατοχῆς
824 661 838 685 ,
892 622 1029 677 ἀλλά
1068 622 1139 675 τά
1198 622 1337 693 μετά
1385 621 1562 677 ταῦτα
1616 623 1718 694 τῆς
1770 623 2029 694 βακχείας

352 710 708 780 παυσαμένης
748 710 982 782 ἐκείνης.
1029 711 1139 764 Καὶ
1175 711 1284 782 γὰρ
1331 710 1723 781 ἀδδηφαγοῦσι,
1758 711 1853 765 καὶ
1903 711 2028 765 κλέ-

352 814 548 851 πτουσι
578 838 592 858 ,
623 797 718 849 καὶ
778 797 1066 867 μεθύουσι,
1103 798 1197 851 καί
1233 796 1410 868 πολλῷ
1454 797 1660 852 τούτων
1697 798 2029 870 αἰσχρότερα

351 885 673 955 πράττουσι.
708 884 973 957 Καθάπερ
1004 881 1096 939 οὖν
1135 886 1227 938 ἐπὶ
1274 885 1382 938 τῶν
1415 886 1737 957 κακούργων
1769 889 1895 951 τοὺς
1930 889 2028 959 μὲν

355 972 579 1036 πολλοὺς
604 973 829 1044 ἀφίησιν
855 974 1081 1027 ἐπιπολὺ
1105 974 1133 1014 b
1161 973 1222 1027 16
1246 974 1617 1046 δεσμωτήριον
1647 976 1814 1029 οἰκεῖν
1843 977 1873 1029 6
1906 994 2026 1048 κρι-

351 1063 474 1130 τὴς,
509 1062 585 1125 ὼς
624 1064 719 1115 καὶ
750 1065 864 1115 ἐκεῖ
896 1061 1198 1116 καταλῦσαι
1227 1062 1318 1115 τὸν
1349 1062 1460 1133 βίον
1494 1062 1776 1128 πολλάκις,
1808 1064 1938 1118 ὃταν
1971 1063 2029 1118 δέ

349 1162 502 1212 τινας
525 1149 633 1201 τῶν
654 1149 863 1203 πολλῶν
885 1148 1199 1220 νουθετῆσαι
1232 1148 1510 1219 βούληται,
1539 1149 1637 1204 ἕνα
1660 1167 1764 1204 που
1791 1151 1884 1205 καὶ
1909 1150 2031 1204 δεύ-

348 1252 509 1306 τερον
556 1235 614 1303 ἐξ
663 1237 888 1290 ἐκείνων
918 1236 1131 1300 λαϐὼν,
1175 1239 1269 1291 καὶ
1304 1237 1387 1307 ἐφ’
1418 1237 1624 1308 ὑψηλοῦ
1666 1237 1897 1302 καθίσας
1933 1237 2027 1291 τοῦ

351 1322 596 1397 βήματος
619 1366 633 1385 ,
670 1325 1049 1397 περιεστώτων
1094 1326 1371 1391 ἁπάντων,
1403 1325 1575 1389 οὕτως
1612 1325 1773 1379 αὐτὸν
1819 1324 2030 1379 κελεύει

348 1415 450 1483 τὴν
486 1414 579 1466 ἐπὶ
612 1413 840 1467 θάνατον
867 1414 1113 1483 ἄγεσθαι,
1139 1416 1232 1468 καὶ
1258 1416 1321 1468 οὐ
1355 1413 1572 1467 πάντων
1597 1412 1745 1484 αὐτῷ
1774 1414 1909 1485 πρὸς
1938 1414 2030 1467 τὸν

349 1499 459 1553 τῶν
488 1499 689 1555 λοιπῶν
720 1501 884 1570 φόϐον
908 1501 1066 1572 χρεία
1086 1502 1196 1554 τῶν
1223 1500 1474 1573 πονηρῶν
1491 1517 1505 1531 ·
1529 1499 1672 1554 οὔτω
1695 1500 1791 1554 καὶ
1809 1501 1887 1573 τῷ
1910 1499 2030 1573 Θεῷ

350 1588 413 1642 οὐ
441 1588 658 1642 πάντων
696 1589 804 1645 τῶν
848 1589 1159 1661 μοχθηρῶν,
1192 1590 1320 1643 ὅταν
1357 1591 1505 1660 ἡμᾶς
1537 1588 1868 1660 σωφρονίσαι
1904 1588 2030 1659 βού-

350 1675 532 1748 ληται,
569 1677 668 1740 δεῖ,
700 1677 814 1731 ἀλλ’
839 1678 1013 1742 ἐνίους
1058 1677 1117 1743 ἐξ
1159 1676 1337 1731 αὐτῶν
1382 1675 1709 1744 ἀπολαϐὼν,
1751 1676 1844 1740 οὓς
1891 1672 2030 1730 οἶδεν

349 1763 694 1837 ἀδιορθώτως
719 1765 977 1837 ἔχοντας,
1017 1765 1353 1820 ἐνδείκνυται
1391 1766 1488 1835 τὴν
1520 1765 1751 1835 δύναμιν
1794 1763 1889 1817 καὶ
1930 1765 2031 1836 τὴν

350 1853 553 1924 ὀργὴν,
591 1852 742 1925 [I76]
782 1852 969 1906 πολλὰν
985 1856 1050 1907 ἐκ
1092 1852 1283 1907 τούτου
1324 1851 1626 1925 κατορθῶν.
1662 1851 1800 1915 Τούς
1829 1868 1890 1904 τε
1921 1851 2031 1924 γὰρ

351 1943 624 2013 πονηροὺς
669 1940 842 2005 οὕτως
890 1942 982 1995 ἐπὶ
1027 1942 1128 2013 τὴν
1165 1939 1470 2012 μεταϐολὴν
1516 1940 1617 2011 τῆς
1662 1939 1946 2011 πονηρίας,
1982 1942 2032 1994 εἰ

354 2029 647 2100 βούλοιντο,
661 2030 991 2102 παρακαλεῖ,
1004 2031 1129 2095 τούς
1149 2047 1210 2084 τε
1230 2030 1470 2100 ἀγαθοὺς
1491 2030 2032 2103 προσεκτικωτέρους

352 2123 665 2196 ἐργάζεται,
690 2125 790 2195 τὴν
817 2124 874 2177 δὲ
903 2123 1284 2196 μακροθυμίαν
1310 2122 1679 2177 ἐπιδείκνυται
1713 2121 1811 2194 τὴν
1840 2122 2029 2187 αὐτοῦ,

349 2213 558 2266 καὶτὸν
592 2213 721 2283 περί
747 2212 850 2282 τῆς
874 2212 1224 2275 ἀναστάσεως
1256 2211 1435 2281 λόγον,
1466 2212 1604 2282 ὅπερ
1633 2210 1804 2282 ἔφθην
1825 2209 1995 2264 εἰπὼν
2013 2250 2028 2276 ,

351 2301 523 2354 ἀπασι
565 2299 853 2371 καθίστησι
901 2300 1153 2371 φανερόν.
1200 2300 1269 2352 Τί
1309 2295 1403 2353 οὖν
1454 2298 1629 2353 ταῦτα
1655 2339 1670 2362 ,
1711 2299 1866 2370 φησὶ,
1896 2298 2034 2370 πρὸς

349 2387 478 2452 τοὺς
505 2391 564 2441 ἐν
604 2390 912 2458 συμφοραῖς
946 2388 1166 2442 ἅπασαν
1188 2388 1289 2458 τὴν
1324 2385 1549 2458 πρώτην
1579 2387 1886 2459 τραφέντας
1913 2387 2035 2465 ηλι-

349 2474 506 2539 κίαν,
542 2474 636 2528 καὶ
681 2475 810 2546 πρὶν
854 2474 1027 2527 ἐλθεῖν
1077 2475 1171 2527 ἐπὶ
1211 2475 1272 2528 τὸ
1322 2473 1704 2542 διαγινώσκειν
1748 2475 1951 2543 ἀγαθὸν
1996 2474 2031 2545 ἢ

352 2562 543 2627 κακὸν,
572 2562 1059 2628 ἀποπνεύσανταςς
1090 2561 1196 2615 Καὶ
1223 2562 1277 2615 τί
1305 2562 1609 2633 πάσχουσιν
1645 2554 1793 2616 οὗτοι
1837 2561 2031 2626 δεινὸν,

350 2650 474 2704 εἰπέ
516 2667 644 2722 μοι,
688 2648 841 2704 οὐπω
882 2649 982 2721 τὴν
1026 2648 1279 2721 αἴσθησιν
1324 2643 1399 2703 ὧν
1436 2649 1738 2720 πάσχουσιν
1778 2648 2031 2720 ἔχοντες,

348 2737 473 2791 οὐδέ
502 2737 564 2790 16
584 2736 869 2791 λυπεῖσθαι
901 2737 994 2790 καί⁵
1022 2737 1232 2808 χαίρειν
1269 2736 1686 2808 μεμαθηκότες;
1716 2735 1858 2806 Ἐγὼ
1881 2736 1941 2789 δὲ
1971 2737 2032 2789 οὐ

348 2824 526 2895 τούτῳ
561 2825 720 2894 μόνον
766 2825 857 2878 τὸν
890 2824 1046 2894 λόγον
1076 2824 1368 2896 ἐπιλύομαι
1406 2824 1596 2878 τοῦτον
1616 2865 1631 2888 ,
1675 2824 1790 2878 ἀλλ’
1830 2825 1912 2879 ὅτι
1941 2826 2035 2878 καὶ

351 2916 530 2981 γονεῖς
564 2913 658 2967 καὶ
706 2912 927 2981 ἀδελφοὶ
949 2912 1043 2965 καὶ
1077 2915 1356 2980 συγγενεῖς
1380 2913 1445 2965 ἐκ
1472 2912 1580 2967 τῶν
1612 2912 1870 2966 τοιούτων
1896 2913 2035 2965 ἐσω-

350 2999 715 3073 φρονίσθησαν
740 2999 1059 3072 συμφορῶν·
1089 2999 1314 3053 τοῦτοδὲ
1343 2998 1531 3071 κέρδος
1546 2999 1607 3053 οὐ
1632 2999 1850 3071 μικρὸν,
1880 2999 1941 3065 ἐξ
1960 2993 2036 3053 ὧν

244 3117 255 3127 ι
350 3089 539 3161 ἔτερος
570 3089 820 3159 ἠδίκηται
874 3088 1051 3153 οὐδὲν,
1096 3087 1423 3156 ὠφελεῖσθαι
1464 3086 1534 3140 τά
1563 3088 1799 3158 μέγιστα
1826 3088 2033 3160 ἕτερον.

352 3178 515 3241 Εἰκὸς
542 3177 599 3230 δὲ
629 3177 724 3231 καί
751 3176 914 3247 ἀλλην
942 3175 1120 3231 αἰτίαν
1159 3175 1281 3229 τινὰ
1309 3175 1550 3248 ἄρρητον
1592 3172 1751 3243 εἶναι,
1787 3176 1934 3247 μόνῳ
1958 3174 2037 3245 τῷ

354 3268 644 3340 ποιήσαντι
676 3267 841 3337 ἡμᾶς,
857 3267 1118 3337 φανεράν.

423 3388 490 3443 θ’.
524 3383 618 3454 Εἷς
647 3388 727 3443 ἐτι
764 3388 1009 3443 λείπεται
1037 3389 1215 3459 λόγος,
1246 3387 1300 3440 τί
1325 3387 1524 3458 δήποτε
1552 3387 1601 3440 οἱ
1630 3386 1699 3439 τά
1725 3386 1862 3459 όρθά
1889 3385 2038 3457 βαδί-

354 3477 542 3543 ζοντες
573 3476 679 3550 πρὸ
713 3477 822 3531 τῶν
854 3477 1179 3547 πειρασμῶν
1213 3475 1352 3547 μετά
1376 3476 1504 3538 τοὺς
1533 3476 1872 3546 πειρασμοὺς
1905 3492 2039 3528 κατ-

356 3567 576 3620 έπεσον.
595 3566 691 3629 Τίς
718 3562 812 3619 οῦν
859 3567 888 3618 6
921 3565 1100 3629 καλῶς
1128 3567 1257 3628 τοὺς
1290 3565 1361 3617 τά
1390 3564 1528 3635 ὀρθὰ
1556 3562 1873 3633 βαδίζοντας
1914 3566 2038 3616 ἐπι-

356 3654 648 3722 στάμενος,
677 3652 818 3724 πλὴν
847 3652 943 3707 τοῦ
982 3653 1287 3716 πλάσαντος
1318 3650 1634 3722 καταμόνας
1666 3650 1765 3713 τὰς
1806 3651 2039 3722 καρδίας

354 3740 535 3812 ⁴ἡμῶν,
576 3743 671 3794 καὶ
699 3741 975 3803 συνιέντος
1012 3743 1092 3804 είς
1138 3741 1318 3795 πάντα
1361 3738 1429 3793 τὰ
1456 3739 1593 3810 ἔργα
1620 3738 1813 3809 ήμῶν;
1845 3738 2040 3793 Πολλοὶ

355 3831 467 3897 γὰρ
500 3827 761 3892 πολλάκις
804 3828 913 3882 τῶν
958 3827 1258 3882 δοκούντων
1301 3823 1442 3881 εἶναι
1485 3826 1774 3899 χρηστῶν,
1821 3828 2039 3881 πάντων

355 3916 465 3971 εἰσὶ
508 3916 879 3988 πονηρότεροι.
921 3915 1024 3970 Καὶ
1056 3915 1215 3970 τοῦτο
1248 3916 1545 3985 ἀπεδείχθη
1583 3916 1683 3987 μὲν
1713 3917 1816 3987 ἡδη
1851 3918 1947 3970 καὶ
1981 3919 2038 3970 ἐν

356 4004 435 4076 τῷ
465 4005 693 4077 παρόντι
712 4003 833 4075 βίῳ,
862 4003 975 4058 ἀλλ’
999 4004 1085 4056 ἐπ’
1107 4004 1286 4067 ἐνίων,
1317 4003 1692 4074 περιστάσεώς
1716 4022 1865 4068 τινος
1894 4021 2039 4073 γινο-

362 4093 531 4164 μένης
555 4094 652 4147 καὶ
686 4093 950 4164 ἀνάγκης.
986 4093 1154 4146 Ὅταν
1188 4091 1246 4145 δὲ
1277 4093 1306 4145 δ
1340 4092 1651 4163 δοκιμάζων
1687 4095 1785 4158 τὰς
1816 4095 2042 4165 καρδίας

358 4183 611 4247 καὶτοὺς
653 4182 917 4254 νεφροὺς,
955 4184 984 4235 δ
1027 4180 1135 4246 ζῶν
1173 4181 1268 4236 καὶ
1317 4181 1545 4254 ἐνεργὴς
1590 4184 1686 4236 καὶ
1731 4182 2042 4255 τομώτερος

358 4270 502 4343 ὑπὲρ
535 4271 715 4324 πᾶσαν
762 4268 1037 4341 μάχαιραν
1068 4269 1353 4340 δίστομον.
1393 4270 1423 4322 6
1472 4269 1844 4343 διικνούμενος
1880 4272 2042 4343 μέχρι

363 4356 636 4429 μερισμοῦ
672 4356 849 4428 ψυχῆς
891 4357 985 4411 καὶ
1023 4356 1296 4427 σώματος,
1340 4357 1531 4429 ἀρμῶν
1567 4375 1627 4411 τε
1678 4359 1773 4411 καὶ
1808 4359 2041 4430 μυελῶν,

361 4446 392 4501 ὁ
431 4445 676 4518 κριτικὸς
705 4446 1055 4517 ἐνθυμήσεων
1098 4446 1192 4498 καὶ
1229 4445 1445 4499 ἐννοιῶν
1483 4446 1780 4518 καθέζηται
1808 4448 2043 4512 δικάζων

358 4536 514 4606 ἡμῖν,
544 4534 664 4587 τότε
701 4534 788 4606 δὴ,
826 4533 948 4586 τότε
983 4534 1084 4587 οὐκ
1115 4533 1330 4602 ὀλίγους
1364 4533 1518 4597 τινάς
1550 4536 1615 4588 ἐκ
1648 4535 1878 4601 πολλῶν,
1908 4536 2044 4592 ἀλλά

363 4622 572 4685 πάντας
615 4620 1122 4692 ἐκκαλυπτομένους
1151 4621 1272 4690 δψει
1298 4621 1424 4684 τοὺς
1452 4621 1755 4686 τοιούτους’
1796 4624 1891 4677 καὶ
1919 4622 2043 4678 οὔτε

359 4710 495 4781 δορά
517 4708 788 4781 προϐάτου
810 4709 902 4762 16v
932 4708 1094 4762 λύκον
1116 4708 1318 4762 δύναιτ’
1344 4708 1431 4774 ἂν,
1460 4707 1583 4762 οὐτε
1614 4710 1853 4775 κονίασις
1872 4711 2043 4781 τάφου

362 4799 457 4851 τὸν
499 4797 646 4851 ἔνδον
698 4796 1014 4868 ἀποκρύψαι
1058 4797 1353 4868 μολυσμὸν.
1401 4798 1517 4850 υύκ
1558 4797 1675 4852 ἔστι
1720 4800 1829 4871 γάρ
1869 4799 2044 4865 κτίσις

364 4885 577 4957 ἀφανὴς
611 4886 841 4939 ἐνώπιον
870 4885 964 4938 τοῦ
999 4886 1121 4938 τότε
1156 4885 1451 4957 κρίνοντος,
1487 4885 1623 4939 ἀλλά
1653 4886 1831 4941 πάντα
1859 4890 2046 4959 γυμνά

364 4973 459 5027 καὶ
496 4972 968 5044 τετραχηλισμένα
1008 4974 1121 5036 τοῖς
1161 4971 1460 5043 ὀφθαλμοῖς
1489 4972 1653 5027 αὐτοῦ
1675 4990 1688 5003 ·
1724 4975 1862 5046 ὅπερ
1896 4978 1991 5030 καὶ
2015 4981 2044 5031 6

364 5059 575 5124 Παῦλος
606 5059 780 5131 δηλῶν
815 5060 1124 5132 Κορινθίοις
1148 5058 1333 5128 ἔλεγεν
1352 5076 1365 5089 ·
1386 5060 1564 5114 Ὥστε
1579 5060 1666 5131 μὴ
1696 5064 1811 5131 πρὸ
1833 5064 2043 5132 καιροῦ

363 5164 420 5201 τι
448 5147 703 5216 κρίνετε,
732 5146 843 5214 ἕως
875 5147 953 5200 ἂν
972 5148 1117 5215 ἔλθῃ
1154 5151 1187 5212 ό
1213 5148 1447 5215 Κύριος,
1476 5147 1543 5214 ὃς
1571 5149 1669 5203 καὶ
1701 5153 1946 5219 φωτίσει
1971 5152 2044 5206 τὰ

363 5235 599 5305 κρυπτὰ
623 5236 729 5291 τοῦ
753 5237 1036 5302 σκότους,
1062 5236 1160 5289 καὶ
1189 5235 1518 5306 φανερώσει
1540 5238 1647 5303 τὰς
1662 5239 1900 5307 ,βουλὰς
1928 5239 2045 5294 τῶν

365 5324 645 5395 δαρδιῶν.
668 5326 787 5378 Ἱνα
814 5324 869 5378 δὲ
896 5326 991 5378 καὶ
1034 5326 1159 5388 τοὺς
1195 5325 1495 5397 ὑποκριτὰς
1539 5327 1767 5396 ἀφέντες
1795 5329 1888 5382 ἐπὶ
1920 5332 2045 5394 τοὺς

360 5416 541 5489 ὀρθῶς
590 5413 841 5486 βιοῦντας
889 5414 1127 5485 ἔλθωμεν
1164 5414 1244 5486 τῷ
1276 5414 1440 5487 λόγῳ,
1472 5416 1633 5470 πόθεν
1668 5418 1856 5488 δῆλον,
1896 5420 1945 5472 εί
1977 5421 2046 5474 τά

370 5505 469 5575 μὲν
505 5503 641 5558 ἀλλα
661 5505 846 5567 αὐτοῖς
868 5504 1247 5576 κατώρθωται,
1274 5506 1335 5559 16
1364 5506 1421 5559 δὲ
1450 5507 1744 5576 κεφάλαιον
1777 5509 2046 5581 ⁴ᾕμέληται

366 5593 474 5646 τῶν
512 5591 735 5661 ἀγαθῶν
768 5593 802 5662 ἡ
839 5592 1339 5664 ταπεινοφροσύνη;
1378 5595 1486 5649 Καὶ
1521 5595 1610 5649 διά
1656 5597 1816 5651 τοῦτο
1849 5598 2048 5663 αὐτοὺς

254 5702 257 5703 ν
367 5679 807 5751 ἀφῆκενόΘεδς,
838 5680 925 5733 ίνα
974 5680 1218 5751 μάθωσιν
1262 5681 1345 5735 δτι
1384 5684 1446 5736 οὐ
1487 5686 1551 5755 τῇ
1595 5685 1772 5757 οἰκείᾳ
1823 5685 2047 5757 δυνάμει

431 5818 461 5859 δ
488 5820 543 5870 In
562 5818 699 5870 Coih.
728 5826 780 5870 et
814 5821 964 5873 Savil.
990 5821 1186 5870 έπιπολύ
1209 5823 1371 5873 deest.

1145 329 1203 387 S.
1244 326 1534 396 JOANNIS
1572 329 2068 389 CIIBYSOSTOMI
2109 333 2424 390 ARCIHEP.
2468 331 3017 389 CONSTANTINOP.

3708 325 3836 383 ιω

2135 448 2449 522 κατώρθουν
2501 451 2684 503 ἐκεῖνα
2709 489 2723 515 ,
2763 449 2901 503 ἀλλά
2943 451 3011 520 τῇ
3053 447 3237 519 χάριτι
3280 446 3379 501 τοῦ
3422 445 3579 500 Θεοῦ.
3638 447 3711 501 ΕΞ
3758 445 3833 500 δὲ

2129 538 2277 605 λέγοι
2314 554 2399 602 τις
2430 537 2637 608 βέλτιον
2665 534 2805 592 εἶναι
2836 536 3236 610 κατορθοῦντας
3276 533 3599 607 ἐπαίρεσθαι
3637 534 3675 607 ᾗ
3714 550 3833 587 τα-

2129 625 2460 697 πεινωθῆναι
2507 626 2799 690 πεσόντας,
2845 625 2979 679 πολὺ
3009 624 3106 678 καὶ
3141 625 3240 695 τῆς
3275 622 3590 687 ἀλαζονείας
3618 623 3833 691 ἀγνοεῖ

2129 714 2227 785 τὴν
2252 714 2456 784 ζημίαν
2488 716 2583 768 καὶ
2612 716 2712 786 τῆς
2738 711 3239 785 ταπεινοφροσύνης
3264 712 3324 765 16
3346 711 3555 783 κέρδος.
3582 707 3655 764 Εὖ
3697 711 3828 781 γὰρ

2132 803 2243 858 ῖσθι
2279 804 2466 873 σαφῶς
2492 805 2573 857 ὅτι
2609 803 2893 873 ἄνθρωπος
2929 802 3068 872 μετά
3100 801 3358 864 ἀπονοίας
3399 799 3709 871 κατορθῶν,
3762 797 3831 851 ετ

2130 909 2193 962 γε
2233 892 2368 954 ὅλως
2400 891 2558 944 τοῦτό
2593 893 2712 944 ὲστι
2746 889 3068 963 κατορθοῦν,
3103 890 3313 959 ταχέως
3360 890 3685 959 ἐμπεσεῖται
3732 889 3825 951 είς

2130 978 2229 1049 τὴν
2282 978 2519 1049 ἐσχάτην
2573 976 2869 1031 ἀπώλειαν.
2916 976 3027 1031 Καὶ
3057 977 3087 1028 6
3132 977 3229 1046 μὲν
3273 975 3551 1046 όλισθῆσαι
3588 991 3825 1045 συγχω-

2137 1065 2339 1137 ρηθεὶς,
2383 1066 2475 1118 καὶ
2510 1064 2821 1136 μετριάζειν
2855 1063 3041 1135 μαθὼν
3064 1063 3174 1117 ἀπὸ
3205 1062 3301 1116 τοῦ
3342 1061 3664 1132 πτώματος,
3716 1062 3822 1115 καὶ

2133 1156 2537 1227 ἀναστήσεται,
2582 1154 2677 1208 καὶ
2715 1154 3080 1225 ἀνακτήσεται
3132 1151 3324 1205 ἑαυτὸν
3369 1151 3560 1204 θᾶττον
3579 1189 3595 1214 ,
3642 1150 3701 1203 et
3746 1164 3821 1218 γε

2135 1245 2405 1317 βούλοιτο·
2438 1244 2467 1295 6
2492 1242 2549 1297 δὲ
2586 1242 2757 1297 δοκῶν
2793 1241 2890 1313 μὲν
2922 1236 2981 1293 εὖ
3012 1240 3272 1312 πράττειν
3302 1239 3440 1309 μετά
3467 1236 3818 1302 ἀλαζονείας,

2137 1331 2302 1404 μηδὲν
2354 1331 2411 1384 δὲ
2459 1330 2683 1401 πάσχων
2732 1329 2941 1394 δεινὸν,
2986 1325 3110 1382 οὐτε
3165 1326 3417 1396 αἴσθησιν
3460 1326 3557 1395 τῆς
3601 1325 3821 1388 οἰκείας

2132 1421 2361 1491 λήψεται
2389 1419 2731 1492 παρανομίας
2762 1417 2912 1480 ποτὲ,
2941 1415 3077 1471 ἀλλά
3102 1415 3197 1468 καὶ
3233 1414 3458 1485 αὐξήσει
3502 1414 3562 1466 16
3608 1412 3815 1478 δεινὸν,

2134 1509 2229 1563 κα)⁵
2276 1508 2496 1579 λήσεται
2535 1507 2688 1570 κενὸς
2731 1505 2941 1559 ἐνθένδε
2989 1502 3269 1557 ἀπελθών’
3316 1501 3568 1573 καθάπερ
3598 1502 3820 1561 ἐκεῖνος

2132 1598 2162 1650 6
2207 1597 2533 1669 Φαρισαῖος,
2564 1594 2624 1658 ὃς
2670 1593 2868 1664 ἀνῆλθε
2897 1590 3047 1665 [177]
3084 1591 3183 1662 μὲν
3224 1590 3398 1644 δοκῶν
3427 1592 3538 1653 τοῖς
3580 1586 3819 1657 ἀγαθοῖς

2116 1685 2305 1751 ,ἅπασι
2342 1683 2610 1749 πλουτεῖν,
2643 1682 2877 1754 κατῆλθε
2917 1681 2976 1734 δὲ
3002 1680 3187 1752 μαθὼν
3209 1681 3291 1733 ὅτι
3324 1680 3415 1732 καὶ
3452 1677 3546 1731 τοῦ
3571 1677 3818 1731 τελώνου

2134 1771 2454 1845 ’πενέστερος
2495 1768 2585 1844 ἦν.
2619 1773 2774 1826 Ἔστι
2803 1771 2860 1824 δὲ
2902 1771 2997 1824 καὶ
3026 1771 3214 1841 ἕτερον
3262 1764 3401 1833 εἶδος
3444 1766 3644 1840 πολλὴν
3683 1766 3818 1839 ἔχον

2138 1862 2290 1931 ἰσχὺν
2322 1862 2457 1933 πρὸς
2478 1861 2538 1915 τὸ
2562 1859 2796 1915 κενῶσαι
2819 1860 2888 1914 τὰ
2917 1858 3056 1931 μετά
3081 1856 3291 1910 πολλῶν
3322 1854 3560 1927 ἱδρώτων
3585 1856 3679 1910 καί⁵
3716 1856 3821 1909 πό-

2135 1965 2241 2002 νων
2279 1947 2611 2018 συναχθέντα
2644 1946 2803 2012 καλά,
2834 1948 2864 2000 6
2888 1946 2988 2015 τῆς
3030 1944 3335 2011 κενοδοξίας
3377 1944 3594 2014 ἄνεμος.
3624 1943 3821 1997 Καθά-

2135 2053 2242 2108 περ
2261 2038 2371 2108 γάρ
2403 2037 2603 2107 ἄνεμος
2626 2034 2843 2108 ἀληθῶς
2872 2031 3126 2088 εἰσελθὼν
3161 2032 3373 2103 ἐκφυσᾷ
3402 2032 3645 2095 ἅπαντας
3682 2030 3821 2093 τοὺς

2134 2128 2233 2198 τῆς
2258 2126 2458 2198 ἀρετῆς
2491 2123 2813 2196 θησαυρούς.
2851 2123 2985 2177 Ἰδοὺ
3015 2119 3107 2176 οὖν
3139 2123 3234 2177 καὶ
3269 2118 3497 2192 δευτέρα
3536 2119 3822 2191 πρόφασις

2135 2217 2267 2287 ἡμῖν
2293 2212 2538 2284 ἀνεφάνη
2562 2213 2670 2266 τῶν
2694 2214 2761 2266 τὰ
2792 2210 2929 2284 ὀρθά
2969 2209 3311 2281 βαδιζόντων,
3332 2207 3410 2272 ὡς
3437 2210 3591 2277 ἔφης.
3616 2206 3824 2260 Πολλοὶ

2135 2304 2244 2375 γάρ
2273 2303 2400 2374 παρ’
2431 2304 2563 2373 ἡμῖν
2589 2299 2871 2362 δοκοῦντες
2895 2299 3034 2371 ὑπὲρ
3061 2299 3162 2369 τῆς
3190 2298 3390 2370 ἀρετῆς
3417 2294 3647 2359 πολλοὺς
3672 2294 3819 2347 ὐπο-

2139 2390 2506 2460 μεμενηκέναι
2546 2388 2761 2453 πόνους,
2806 2386 2899 2439 καὶ
2944 2386 3306 2457 ὑπομένοντες
3344 2384 3421 2449 δὲ,
3457 2381 3645 2450 ἐπειδὴ
3672 2377 3821 2451 πρὸς

2136 2481 2233 2552 τὴν
2264 2478 2414 2550 παρά
2459 2478 2761 2550 ἀνθρώπων
2800 2478 3034 2551 δρῶντες
3067 2476 3255 2549 τιμὴν,
3305 2476 3401 2529 καὶ
3443 2476 3504 2527 οὐ
3548 2474 3688 2544 πρὸς
3722 2472 3823 2525 τὸν

2136 2569 2268 2621 Θεὸν
2310 2567 2527 2622 ἅπαντα
2564 2568 2862 2639 ἔπραττον,
2896 2565 3198 2638 ἀφείθησαν
3244 2561 3537 2635 πειρασμῷ
3573 2576 3820 2633 περιπε-

2139 2659 2271 2721 σεῖν,
2307 2657 2396 2711 ἴνα
2438 2655 2538 2726 τῆς
2572 2654 2728 2727 παρὰ
2764 2654 2872 2708 τῶν
2904 2653 3116 2707 πολλῶν
3146 2651 3614 2724 ἀποστερηθέντες
3652 2649 3821 2720 δόξης

2136 2745 2203 2798 δι’
2227 2744 2294 2816 ἢν
2336 2744 2551 2799 ἄπαντα
2588 2742 3008 2815 ἐζημιώθησαν,
3053 2741 3149 2795 καὶ
3193 2741 3455 2814 μαθόντες
3505 2739 3605 2810 τὴν
3651 2737 3822 2808 φύσιν

2138 2833 2307 2904 αὐτῆς
2349 2832 2425 2895 ῶς
2468 2831 2619 2886 οὐδὲν
2659 2832 2881 2902 ἄμεινον
2928 2830 3121 2894 ἀνθους
3158 2831 3350 2902 χόρτου
3383 2828 3690 2888 διάκειται,
3735 2823 3821 2893 τῷ

2137 2921 2257 2992 Θεῷ
2289 2921 2434 2992 μόνῳ
2469 2920 2778 2991 προσέχωσι
2819 2921 2913 2974 τοῦ
2934 2919 3146 2986 λοιποῦ,
3181 2920 3275 2973 καὶ
3306 2917 3371 2971 δι’
3402 2917 3564 2970 αὐτὸν
3594 2914 3819 2968 ἅπαντα

2140 3009 2443 3082 πράττωσι.
2484 3010 2596 3063 Καὶ
2630 3009 2806 3080 ἕτεροι
2840 3008 2898 3062 δὲ
2930 3009 3067 3079 πρὸς
3104 3007 3315 3068 τούτοις
3369 3005 3474 3058 εἰσὶ
3506 3001 3656 3071 λόγοι
3687 3000 3821 3053 τού-

2138 3116 2248 3153 των
2296 3096 2477 3169 πολλῷ
2528 3097 2745 3160 πλείους
2780 3108 2829 3160 ι,
2871 3099 3004 3169 ἡμῖν
3059 3097 3157 3168 μὲν
3203 3096 3464 3166 ἀφανεῖς,
3504 3092 3580 3155 ὡς
3634 3090 3818 3160 ἔφην,

2140 3187 2406 3258 γνώριμοι
2457 3186 2515 3238 δὲ
2564 3184 2643 3255 τῷ
2689 3186 3010 3256 πεποιηκότι
3062 3185 3259 3247 αὐτοὺς
3307 3182 3445 3253 Θεῷ.
3494 3182 3585 3251 Μὴ
3635 3179 3822 3231 τοίνυν

2140 3274 2493 3346 ἀσχάλλωμεν
2541 3276 2634 3328 ἐπὶ
2678 3277 2792 3337 τοῖς
2837 3274 3161 3344 γινομένοις,
3216 3272 3330 3326 ἀλλ’
3375 3268 3817 3340 εὐχαριστῶμεν·

2141 3364 2294 3417 τοῦτο
2328 3365 2438 3432 γάρ
2480 3360 2707 3417 οἰκετῶν
2749 3361 3109 3433 εὐγνωμόνων
3143 3362 3281 3415 ἐστί.
3321 3360 3392 3413 Σὺ
3421 3358 3479 3411 δέ
3520 3355 3821 3426 θαυμάζων

2140 3450 2222 3504 ὅτι
2259 3450 2334 3521 μὴ
2368 3449 2653 3522 πρότερον,
2674 3449 2836 3519 ἡνίκα
2860 3448 3099 3520 ὲτρύφας
3120 3448 3215 3502 καὶ
3236 3447 3334 3519 τὴν
3363 3442 3632 3514 κοσμικὴν
3662 3457 3824 3511 περι-

2142 3540 2325 3592 έκεισο
2358 3538 2679 3608 φαντασίαν,
2710 3536 2847 3591 ἀλλά
2871 3536 2987 3602 νῦν,
3015 3538 3103 3590 ὅτε
3138 3536 3316 3589 πάντα
3347 3535 3529 3587 ἐκεῖνα
3561 3529 3822 3601 έρῤιψας,

2143 3631 2237 3684 καὶ
2275 3629 2470 3683 σαυτὸν
2506 3628 2627 3682 ὅλον
2667 3627 2945 3700 ἀνέθηκας
2985 3626 3063 3699 τῷ
3099 3624 3251 3697 Θεῷ,
3301 3625 3423 3679 τότε
3474 3619 3825 3691 ἐπεπήδησεν

2142 3715 2296 3783 οὗτος
2332 3719 2362 3771 6
2397 3717 2611 3789 μιαρὸς,
2646 3716 3024 3790 παραπλήσιον
3057 3717 3228 3776 ποιεῖς
3266 3711 3456 3783 ὥσπερ
3480 3711 3547 3764 ἂν
3578 3709 3626 3761 εἰ
3657 3705 3828 3760 ἐθαύ-

2146 3806 2317 3879 μαζες
2337 3847 2351 3872 ,
2401 3807 2454 3860 τί
2490 3806 2690 3877 δήποτε
2721 3808 2833 3868 τοῖς
2884 3804 2986 3876 μὲν
3034 3803 3253 3865 θεαταῖς
3284 3800 3458 3863 οὐδεὶς
3489 3796 3716 3867 ἐνοχλεῖ,
3739 3793 3827 3865 τῷ

2142 3896 2200 3950 δὲ
2229 3895 2679 3967 ἀπογραψαμένῳ
2702 3894 2838 3964 πρὸς
2867 3895 2929 3947 16
2960 3891 3275 3955 πυκτεύειν,
3306 3888 3402 3943 καὶ
3430 3885 3822 3959 γυμνασθέντι,

2144 3984 2240 4038 καὶ
2267 3986 2345 4047 εἰς
2369 3983 2459 4036 τὸν
2489 3983 2679 4052 ἀγῶνα
2706 3981 2948 4045 καθέντι,
2981 3981 3154 4052 τούτῳ
3186 3979 3330 4050 μόνῳ
3363 3977 3581 4031 πάντων
3609 3973 3825 4026 ἔπεισιν

2144 4076 2173 4127 6
2218 4072 2645 4141 ἀνταγωνιστὴς,
2687 4070 2981 4124 πατάσσων
3027 4070 3127 4140 τὴν
3171 4065 3431 4137 κεφαλὴν,
3477 4063 3571 4118 καὶ
3603 4061 3825 4115 κόπτων

2143 4164 2206 4216 16
2250 4164 2560 4235 πρόσωπον.
2580 4160 2658 4216 Οὐ
2688 4160 2751 4232 δὴ
2775 4159 2931 4214 τοῦτό
2949 4162 3066 4213 ἐστι
3095 4157 3409 4229 θαυμαστὸν
3435 4155 3556 4209 οὐδὲ
3582 4150 3825 4223 ἀθυμίας

2145 4251 2323 4316 ἄξιον,
2370 4252 2418 4303 εἰ
2451 4248 2744 4304 πυκτεύειν
2792 4251 2926 4319 ἡμῖν
2967 4247 3261 4318 ἑλομένοις,
3290 4247 3497 4306 ἐκεῖνος
3523 4241 3696 4295 θλίϐει
3727 4241 3826 4291 καί⁵

2147 4340 2271 4410 ἀνιᾷ
2296 4339 2391 4392 καὶ
2417 4328 2639 4410 βαρύνει
2659 4354 2673 4367 ο
2699 4328 2853 4399 οὗτος
2880 4335 2989 4408 γὰρ
3019 4334 3125 4388 τῶν
3150 4330 3528 4386 πυκτευόντων
3563 4331 3592 4382 6
3619 4327 3784 4398 νόμος
3805 4342 3820 4354 ·

2147 4427 2261 4481 ἀλλ’
2310 4429 2360 4481 εί
2402 4426 2722 4497 περιτρέπει
2779 4425 2873 4480 καὶ
2918 4422 3247 4478 καταϐάλλει
3296 4421 3390 4475 καὶ
3449 4419 3513 4472 16
3568 4415 3824 4488 βραϐεῖον

2147 4519 2481 4590 ἀφαιρεῖται,
2522 4516 2680 4571 τοῦτό
2707 4517 2824 4569 ἐστι
2871 4515 2933 4568 16
2978 4514 3172 4567 δεινόν.
3200 4514 3345 4576 Ἕως
3387 4510 3433 4565 δ’
3464 4510 3530 4564 ἂν
3558 4506 3718 4559 τοῦτο
3744 4504 3824 4576 μὴ

2146 4601 2386 4673 δύνηται,
2435 4599 2497 4652 οὐ
2531 4600 2690 4671 μόνον
2724 4598 2874 4653 οὐδὲν
2908 4598 3160 4668 ἔϐλαψεν,
3191 4596 3328 4650 ἀλλά
3354 4594 3450 4648 καὶ
3481 4593 3551 4646 τὰ
3589 4592 3825 4660 μέγιστα

2146 4683 2321 4756 ῶνησε
2348 4686 2415 4755 τῇ
2448 4683 2654 4754 σφοδρᾷ
2686 4683 2972 4753 συμπλοκῇ
3007 4683 3363 4753 σεμνοτέρους
3389 4678 3534 4748 ἡμᾶς
3564 4674 3823 4741 ποιήσας.

2112 4776 2115 4781 ’
2148 4769 2257 4821 Καὶ
2302 4767 2410 4839 γὰρ
2454 4768 2512 4820 ἐν
2552 4770 2666 4830 τοῖς
2708 4765 3090 4836 στρατοπέδοις
3120 4763 3324 4827 ἐκεῖνός
3365 4764 3512 4815 ἐστιν
3536 4761 3565 4811 6
3602 4756 3826 4809 πάντων

2146 4857 2421 4927 ἀμείνων,
2465 4856 2494 4908 6
2527 4855 2747 4908 πλείονα
2787 4854 3077 4927 τραύματα
3126 4850 3391 4916 ἐπιδεῖξαι
3426 4847 3585 4919 έχων,
3631 4842 3727 4897 καὶ
3754 4842 3827 4895 τά

2150 4941 2453 5012 μονομάχια
2485 4940 2621 5012 πρὸς
2651 4941 2777 5003 τοὺς
2814 4938 3208 5008 εὐτονωτέρους
3238 4933 3347 4986 τῶν
3381 4929 3655 5000 πολεμίων
3692 4928 3825 4980 ἀνα-

2146 5022 2465 5093 δεξάμενος·
2498 5022 2723 5077 καὶτῶν
2744 5021 2988 5093 ἀθλητῶν
3011 5022 3067 5074 δὲ
3092 5021 3219 5085 τοῦς
3244 5022 3358 5082 τοῖς
3383 5014 3764 5087 ἀκαθαιρέτοις
3794 5015 3824 5052 δ

2150 5108 2632 5180 συμπλεκομένους
2668 5106 2848 5178 (οὕτω
2886 5105 2996 5176 γάρ
3042 5106 3167 5167 τοὺς
3219 5102 3685 5174 φιλονεικοτέρους
3720 5115 3826 5151 κα-

2147 5198 2299 5252 λοῦσι
2323 5196 2434 5250 τῶν
2476 5193 2928 5265 ἀνταγωνιστῶν)
2964 5192 3314 5264 θαυμάζομεν
3337 5208 3350 5222 ·
3384 5191 3479 5244 καὶ
3519 5188 3828 5258 κυνηγέτης

2147 5281 2302 5349 οὗτος
2330 5285 2565 5356 μάλιστά
2596 5287 2745 5337 ἐστιν
2769 5284 2798 5336 ὁ
2828 5281 3223 5355 κρατούμενος,
3253 5282 3282 5333 ό
3311 5279 3380 5333 τὰ
3404 5277 3688 5333 δυσάλωτα
3714 5276 3828 5330 τῶν

2148 5375 2352 5447 θηρίων
2386 5372 2835 5444 καταδεχόμενος.
2867 5371 3117 5442 Ἀναιδής
3140 5372 3256 5423 ἐστι
3289 5369 3383 5423 καὶ
3408 5366 3828 5436 ἀκατάπληκτος

2211 5519 2237 5547 ⁸
2276 5516 2448 5566 Morel.
2471 5514 2654 5563 τούτων
2673 5513 2881 5573 πλείους,
2902 5514 3054 5563 Savil.
3077 5512 3260 5561 τούτων
3284 5514 3447 5576 πολλῷ
3465 5510 3674 5569 πλείους,
3684 5509 3829 5563 Colb.

2148 5580 2332 5627 τούτων
2349 5577 2470 5626 πολὺ
2494 5576 2699 5632 πλείους.

2214 5642 2241 5678 ³³
2266 5641 2440 5690 Morel.
2475 5640 2818 5701 ἀκαθαιρέτοις.
2841 5638 2992 5687 Savil.
3034 5638 3083 5685 in
3106 5644 3337 5701 m:nrg._tgt
3368 5634 3502 5701 C016.
3529 5635 3829 5701 ἀκαθάρτοις,

2151 5709 2297 5754 male.
2326 5701 2476 5750 Savil.
2504 5702 2553 5748 in
2593 5697 2732 5748 leitu
2777 5702 3070 5757 ἀκαθέκτοις.
3098 5697 3235 5749 lnlra‘
3271 5699 3442 5747 Morel.
3488 5702 3541 5745 et
3581 5697 3733 5747 Sam.
3775 5697 3832 5746 in

2152 5762 2583 5875 ωρτξῖΐδυσάλωτα
2601 5764 2696 5811 τῶν
2718 5763 2909 5824 θηρίων,
2932 5763 3081 5812 Savil.
3096 5765 3143 5811 in
3169 5767 3311 5812 textu
3337 5768 3389 5809 el
3410 5758 3837 5812 @106wa

2156 5846 2250 5875 των
2316 5841 2459 5875 ιβιων.

2156 5831 2250 5879 τῶν
2260 5824 2459 5889 θηρίων.
