4036 6416
323 388 427 444 MS

316 500 386 554 do
410 514 649 556 memoro
686 514 806 569 qua:
833 508 957 554 tunc
992 508 1172 565 agunt,
1203 512 1324 553 cum
1351 512 1380 550 a
1405 498 1649 553 daemone
1693 512 1885 567 appre-

319 591 640 657 henduntur,
670 589 762 646 sed
785 607 901 660 qua:
931 600 1272 660 posteaquam
1308 590 1393 644 illa
1417 591 1624 644 vexatio
1648 604 1890 644 cessave-

318 684 407 736 rit.
467 681 597 737 Nam
652 691 705 736 et
752 682 1064 737 edacitatem
1093 690 1421 750 sequuntur,
1453 690 1507 737 et
1546 680 1808 746 furantur,
1836 689 1891 736 et

320 771 665 836 inebrianlur,
695 781 748 825 et
776 773 998 842 plurima
1031 771 1113 825 his
1138 773 1294 826 etiam
1322 773 1555 841 turpiora
1583 772 1885 826 admittunt.

322 862 558 932 Denique
587 864 724 916 sicut
754 862 1152 917 malefactorum
1186 863 1439 932 plurimos
1469 878 1738 918 carcerem
1775 863 1893 917 diu-

321 954 523 1007 tissime
550 954 829 1007 ‘incolere
876 953 1132 1021 permittit
1155 952 1337 1021 judex,
1384 954 1517 1007 adeo
1568 964 1625 1007 ut
1669 954 1893 1022 plerum-

319 1062 423 1116 que
455 1047 615 1098 vitam
645 1044 754 1099 illic
782 1046 984 1108 ﬁniant,
1016 1054 1072 1098 ut
1098 1061 1217 1099 cum
1246 1060 1313 1100 ex
1345 1045 1527 1099 multis
1553 1045 1758 1115 aliquos
1797 1060 1893 1115 pu-

322 1138 419 1189 niri
448 1138 578 1201 vult,
608 1152 768 1190 unum
800 1152 861 1190 ex
896 1136 999 1190 illis
1025 1176 1039 1201 ,
1070 1145 1161 1189 aut
1188 1137 1346 1190 etiam
1376 1136 1514 1189 duos
1553 1135 1891 1189 eminentiori

322 1227 436 1281 loco
464 1236 701 1282 statuens
724 1267 739 1291 ,
770 1227 1236 1281 circumstantibus
1264 1227 1509 1280 omnibus
1533 1268 1547 1292 ,
1579 1226 1650 1280 ita
1682 1226 1893 1279 demum

320 1318 385 1370 ad
414 1328 635 1371 mortem
666 1317 785 1370 duci
827 1316 1090 1386 praecipit,
1119 1332 1290 1386 neque
1332 1316 1397 1371 ad
1430 1327 1688 1370 terrorem
1729 1325 1891 1370 czete-

323 1424 502 1464 rurum
561 1410 637 1462 sic
685 1409 852 1462 malos
890 1422 1075 1462 omnes
1108 1409 1295 1474 punire
1340 1408 1745 1462 necesse‘habet
1776 1423 1788 1458 :
1824 1407 1893 1460 ita

327 1501 464 1553 Deus
490 1514 698 1568 quoque
727 1515 844 1553 cum
865 1514 963 1552 nos
984 1498 1269 1552 emendare
1298 1499 1429 1562 vult,
1461 1513 1565 1551 non
1594 1512 1777 1551 omnes
1793 1511 1896 1550 una

323 1591 489 1644 malos
517 1592 703 1658 punire
730 1590 1090 1644 necessarium
1117 1590 1409 1653 existimat,
1442 1590 1534 1643 sed
1564 1590 1767 1659 aliquos
1813 1605 1898 1642 ra-

326 1681 474 1748 piens
496 1696 561 1733 ex
581 1680 656 1733 eis
682 1694 813 1748 quos
835 1695 1115 1747 numquam
1147 1680 1487 1750 corrigendos
1513 1680 1683 1743 novit,
1715 1690 1899 1748 poten-

324 1776 448 1828 tiam
476 1784 632 1843 atque
662 1773 791 1825 iram
822 1772 1051 1826 ostendit
1075 1788 1258 1836 suam,
1290 1773 1511 1841 plurima
1536 1787 1602 1827 ex
1629 1772 1730 1826 boc
1755 1772 1897 1825 utilia

326 1865 627 1934 perﬁciens.
668 1864 871 1933 Quippe
913 1873 967 1918 et
994 1864 1254 1934 malosad
1281 1863 1593 1929 deserenda,
1634 1863 1676 1916 si
1703 1863 1895 1924 velint,

324 1957 448 2009 vitia
476 1955 744 2020 hortatur,
771 1964 826 2008 et
849 1955 1016 2009 bonos
1041 1956 1303 2009 cautiores
1333 1954 1528 2020 efﬁcit,
1559 1964 1613 2010 et
1659 1955 1895 2024 longani-

328 2047 560 2101 niitatem
584 2046 814 2101 ostendit
840 2061 1011 2113 suam,
1039 2046 1545 2115 resurrectionisque
1572 2046 1895 2111 doctrinam,

328 2149 386 2191 ut
427 2147 547 2191 ante
589 2137 839 2201 diximus,
870 2137 1116 2191 omnibus
1145 2136 1395 2191 insinuat.
1440 2136 1573 2203 Quid
1602 2152 1727 2206 ergo
1754 2135 1899 2202 haec,

332 2230 556 2299 inquies,
591 2230 655 2283 ad
686 2246 799 2296 eos,
821 2230 909 2301 qui
939 2246 968 2284 a
996 2230 1163 2299 prima
1186 2228 1402 2283 infantia
1430 2228 1611 2282 nutriti
1663 2229 1714 2282 in
1760 2229 1903 2283 cala-

328 2320 626 2385 mitatibus,
658 2322 957 2391 priusquam
987 2321 1124 2375 bona
1160 2321 1239 2374 vel
1271 2321 1407 2375 mala
1439 2337 1533 2391 per
1557 2330 1764 2375 aetatem
1791 2320 1901 2375 dis-

328 2425 547 2463 cernere
585 2410 807 2478 possint,
836 2425 866 2464 e
896 2410 999 2463 vita
1021 2410 1286 2479 migrant?
1308 2410 1511 2479 thuid
1536 2411 1682 2478 mali,
1700 2425 1900 2480 qumSu,

330 2501 413 2554 isti
445 2502 731 2570 patiuntur,
758 2500 847 2569 qui
884 2500 1107 2555 necdum
1154 2500 1278 2570 quid
1334 2501 1595 2568 patiantur
1649 2500 1901 2561 sentiunt,

329 2608 501 2661 neque
525 2592 705 2646 dolere
742 2601 830 2645 aut
867 2592 1097 2661 gaudere
1122 2591 1451 2646 didicerunt?
1477 2592 1589 2661 Ego
1624 2607 1751 2646 vero
1798 2606 1903 2644 non

330 2682 432 2736 hoc
473 2682 641 2735 solum
674 2698 769 2752 pro
795 2681 1093 2751 hujusmodi
1124 2682 1373 2738 solvenda
1417 2683 1709 2751 quzestione
1757 2682 1907 2737 dixe-

334 2773 458 2837 rim,
486 2789 667 2827 verum
696 2783 938 2842 parentes
969 2775 1110 2843 ipsos
1134 2774 1294 2827 etiam
1325 2784 1375 2828 et
1399 2773 1587 2829 fratres
1619 2781 1672 2828 et
1694 2774 1906 2843 propin-

334 2879 467 2933 quos
498 2852 798 2934 httjttsmodi
829 2864 1113 2917 liberorum
1143 2864 1382 2919 cladibus
1406 2863 1716 2918 emendatos
1758 2861 1902 2917 novi.

333 2957 388 3010 Id
410 2972 534 3010 vero
560 2970 663 3009 non
692 2956 893 3009 minimi
921 2955 1050 3009 lucri
1076 2964 1174 3019 est,
1205 2971 1272 3009 ex
1296 2955 1380 3020 iis,
1417 2955 1608 3023 quibus
1633 2967 1790 3007 nemo
1815 2952 1907 3006 lae-

332 3049 492 3115 ditur,
524 3049 654 3101 alios
682 3048 962 3101 maximam
990 3048 1268 3101 utilitatem
1298 3046 1571 3116 consequi.
1603 3045 1899 3100 Verisimile

332 3148 507 3193 autem
552 3146 633 3193 est
669 3138 888 3191 etaliam
932 3151 1051 3193 esse
1088 3152 1299 3191 causam
1342 3137 1705 3201 secretiorem,
1745 3151 1903 3206 quam

338 3231 487 3284 solus
512 3230 657 3283 novit
685 3245 859 3283 rerum
884 3229 1059 3298 opifex
1080 3228 1241 3282 Deus.

404 3321 458 3376 9.
499 3318 602 3374 Cur
642 3330 751 3389 post
783 3320 1095 3391 aﬂlictionem
1139 3319 1343 3387 quidam
1373 3327 1591 3387 peccent.
1614 3347 1684 3357 —
1727 3316 1903 3373 Unum

337 3414 594 3484 reliquum
617 3422 698 3467 est
726 3411 1117 3481 explicandum,
1135 3426 1293 3480 quam
1311 3411 1511 3465 scilicet
1530 3410 1597 3464 ob
1612 3424 1822 3463 causam
1846 3409 1901 3474 ii,

334 3506 423 3575 qui
479 3515 621 3559 recte
667 3505 972 3575 priusquam
1026 3512 1353 3557 teutarentur
1405 3501 1738 3569 incedebant,
1784 3512 1907 3571 post

337 3598 678 3651 tentatiouem
705 3597 834 3667 lapsi
861 3596 985 3650 sint.
1015 3595 1164 3662 Quis,
1193 3609 1288 3649 oro
1308 3636 1323 3661 ,
1344 3594 1500 3664 plane
1526 3594 1670 3648 novit
1698 3593 1785 3664 qui
1816 3609 1903 3648 re—

338 3689 425 3733 cte
455 3680 729 3741 incedant,
754 3678 857 3731 nisi
878 3679 969 3746 qui
1000 3679 1166 3731 corda
1190 3687 1377 3733 nostra
1405 3681 1617 3749 singula
1640 3680 1813 3744 ﬁnxit,
1840 3679 1921 3736 in-

338 3773 644 3841 telligitque
668 3773 851 3825 omnia
868 3788 1031 3841 Opera
1055 3780 1242 3827 nostra
1272 3773 1386 3840 (Ps.
1412 3772 1500 3826 32.
1524 3772 1608 3836 l5)
1626 3773 1650 3826 ἲ
1668 3771 1755 3827 Fit
1771 3772 1916 3828 enim

337 3865 557 3933 saepius,
578 3871 636 3916 ut
654 3864 875 3935 plurimi
894 3880 960 3917 ex
980 3864 1046 3917 iis
1068 3864 1158 3932 qui
1178 3864 1306 3916 boni
1327 3880 1447 3919 esse
1466 3863 1741 3923 videntur.
1770 3864 1919 3933 pejo-

336 3968 424 4008 res
451 3954 707 4008 omnibus
729 3954 873 4020 sint;
898 3963 1062 4023 atque
1090 3953 1143 4007 id
1167 3954 1388 4023 quidem
1417 3963 1471 4009 et
1499 3955 1552 4009 in
1580 3956 1681 4011 hoc
1711 3955 1918 4011 sceculo

335 4042 783 4113 deprehenditur,
801 4045 893 4100 sed
913 4046 966 4098 in
992 4046 1270 4101 nonnullis
1287 4062 1419 4101 casu
1441 4047 1625 4117 aliquo
1647 4062 1709 4099 ac
1731 4062 1920 4101 neces-

336 4138 497 4191 sitate
520 4137 828 4206 ingruente.
848 4137 982 4191 Cum
1004 4153 1132 4192 vero
1156 4139 1202 4193 is
1233 4138 1324 4208 qui
1343 4137 1509 4191 corda
1540 4146 1593 4191 et
1613 4154 1769 4192 renes
1790 4152 1917 4207 pro-

337 4231 451 4294 bat,
482 4231 641 4285 vivus
662 4240 715 4284 et
733 4230 944 4293 ellicax,
965 4238 1021 4285 et
1046 4231 1258 4285 acutior
1281 4232 1429 4284 omni
1457 4231 1639 4300 gladio
1666 4231 1915 4300 ancipiti,

353 4323 667 4393 pertingens
699 4338 870 4392 usque
900 4322 965 4376 ad
1000 4322 1321 4397 divisionem
1353 4323 1546 4376 animae
1565 4331 1619 4377 et
1647 4325 1913 4393 corporis,

346 4426 563 4471 artuum
586 4428 641 4471 et
654 4416 1035 4481 medullarum,
1057 4417 1325 4471 discretor
1345 4416 1736 4487 cogitationum
1766 4424 1820 4471 et
1840 4418 1918 4470 in-

340 4509 647 4562 tentiouum
671 4508 854 4574 (Hebr.
882 4510 934 4563 4.
965 4509 1073 4573 12).
1099 4508 1356 4573 judicans
1382 4507 1604 4568 sederit,
1622 4514 1754 4560 tunc
1780 4522 1916 4562 vero

336 4597 440 4634 non
473 4598 667 4650 paucos
695 4599 760 4637 ex
789 4584 1050 4652 pluribus,
1077 4587 1171 4640 sed
1201 4602 1385 4642 omnes
1417 4598 1600 4659 aperte
1648 4591 1854 4646 videbis
1886 4610 1899 4645 :

334 4687 505 4737 neque
533 4681 656 4726 tunc
678 4674 830 4728 ovina
858 4676 1010 4744 pellis
1040 4676 1242 4746 lupum,
1276 4695 1447 4749 neque
1493 4683 1720 4751 sepulcri
1759 4685 1903 4739 deal-

332 4759 475 4815 batio
503 4762 759 4816 interuam
787 4763 1204 4834 inquinationem
1234 4771 1503 4826 occultare
1532 4775 1743 4842 poterit.
1775 4775 1903 4829 Nul-

332 4850 379 4904 la
413 4851 552 4904 enim
579 4862 819 4908 creatura
863 4865 943 4909 est
972 4856 1249 4913 invisibilis
1292 4874 1469 4915 coram
1513 4879 1598 4927 eo,
1636 4866 1724 4934 qui
1774 4875 1900 4922 tunc

330 4939 657 5010 iudicaturus
685 4952 787 5007 est,
815 4944 907 4998 sed
948 4946 1084 5000 nuda
1114 4956 1168 5001 et
1194 4958 1376 5018 aperta
1417 4961 1540 5006 sunt
1562 4955 1737 5009 omnia
1766 4971 1898 5011 ocu-

330 5032 394 5085 lis
420 5032 533 5102 ejus
558 5050 571 5085 :
601 5034 743 5103 quod
776 5036 969 5091 Paulus
999 5038 1193 5094 indicat
1216 5056 1336 5095 cum
1365 5040 1649 5101 Corinthiis
1674 5047 1893 5102 scribit:

326 5122 509 5193 Itaque
544 5127 699 5179 nolite
733 5137 849 5182 ante
881 5138 1072 5196 tempus
1104 5131 1369 5201 quicquam
1412 5134 1663 5203 judicare,
1700 5140 1898 5206 quoad-

326 5231 479 5283 usque
497 5217 659 5268 veniat
678 5214 946 5283 Dominus,
964 5220 1051 5289 qui
1069 5229 1112 5273 et
1132 5222 1431 5277 illuminabit
1446 5225 1737 5281 abscondita
1761 5238 1896 5283 tene-

324 5307 545 5371 brarum,
578 5316 625 5359 et
645 5308 980 5379 manifestabit
1003 5312 1214 5365 comitia
1232 5314 1462 5368 cordium
1488 5315 1561 5388 (l.
1591 5318 1709 5372 Cor.
1735 5320 1789 5374 4.
1811 5321 1891 5388 5).

325 5395 392 5450 Ut
419 5408 615 5463 autem,
649 5399 941 5470 lty'pocritis
964 5405 1207 5471 omissis,
1238 5406 1305 5461 ad
1330 5423 1425 5462 eos
1451 5409 1661 5465 tandem
1690 5414 1779 5482 qui
1805 5430 1891 5468 re-

322 5500 405 5541 cte
446 5505 630 5545 revera
672 5492 924 5547 incedunt
950 5495 1240 5561 veniamus,
1296 5498 1434 5554 unde
1487 5499 1640 5556 nobis
1687 5514 1895 5558 constat

321 5578 483 5647 quod,
512 5581 721 5636 etiamsi
764 5583 905 5638 bona
935 5586 1131 5655 reliqua
1162 5588 1385 5658 egerint,
1418 5604 1682 5646 summum
1715 5602 1892 5650 tamen

321 5670 554 5724 omnium
586 5673 839 5729 virtutu
872 5677 1103 5744 culmen,
1139 5678 1523 5747 humilitatem,
1555 5699 1659 5739 non
1709 5687 1889 5757 negle-

385 5786 401 5815 ⁸
442 5793 554 5847 t‘ox,
579 5785 861 5849 diutissime,
879 5804 928 5839 tn
949 5788 1079 5840 Coll).
1107 5800 1157 5842 et
1178 5793 1314 5843 savil.
1340 5794 1498 5846 deest.

1162 385 1251 440 AD
1287 383 1655 441 STAGIRIUM
1695 384 1738 439 A
1780 381 2077 439 DEIMONE
2118 383 2471 441 VEXATUM.
2511 383 2638 439 LIB.
2680 383 2719 438 Ι.

3468 382 3571 438 656

1996 497 2211 552 xerint?
2245 497 2444 552 Idcirco
2468 506 2644 551 autem
2670 496 2869 551 dimisit
2913 496 3030 550 illos
3061 496 3231 561 Deus,
3261 504 3317 550 ut
3366 494 3573 551 discant

1995 588 2083 642 illa
2113 603 2172 643 se
2196 603 2301 642 non
2327 590 2537 658 propria
2566 589 2780 651 virtute,
2813 587 2904 641 sed
2934 587 3023 641 Dei
3054 589 3216 656 gratia
3239 587 3569 658 prtestitisse.

1993 678 2143 744 Quod
2168 680 2211 731 si
2243 679 2382 734 dicat
2409 680 2528 749 quis
2566 680 2758 733 melius
2786 678 2945 733 fuisse
2976 679 3093 732 illos
3133 695 3252 732 cum
3280 689 3424 734 recte
3448 694 3571 749 age-

1996 778 2117 824 rent
2143 772 2342 834 extolli,
2371 787 2525 841 quam
2558 782 2677 841 post
2706 771 2907 840 lapsum
2934 770 3216 830 humiliari.
3241 773 3285 824 is
3312 770 3439 825 mihi
3459 786 3572 825 ma-

1995 864 2136 918 xime
2156 862 2364 917 videtur
2384 863 2652 932 jactantim
2693 862 3005 917 detrimenta
3038 846 3207 930 atque
3261 861 3574 917 humilitatis

1996 952 2139 1007 lucra
2163 954 2425 1022 ignorare.
2456 953 2604 1008 Nosti
2630 953 2770 1007 enim
2792 954 2948 1023 plane
2974 954 3240 1007 hominem
3263 962 3571 1022 arroganter

1996 1044 2130 1098 bona
2159 1054 2487 1112 Operantem,
2517 1044 2559 1098 si
2584 1052 2757 1098 tamen
2789 1044 2925 1097 bona
2970 1043 3140 1098 facere
3164 1058 3417 1112 arrogans
3447 1058 3572 1112 pus-

1996 1134 2085 1196 sit,
2118 1135 2503 1202 quamprimum
2529 1134 2581 1187 in
2612 1148 2871 1187 summam
2899 1134 3496 1203 pernicicmlapsurum.
3526 1132 3574 1187 ls

1998 1238 2123 1277 vero
2149 1225 2236 1291 qui
2263 1224 2363 1277 labi
2386 1225 2673 1293 permissus
2697 1224 2851 1278 fuerit
2872 1264 2887 1290 ,
2921 1234 3079 1292 atque
3103 1239 3165 1277 ex
3212 1224 3363 1277 ruina
3396 1223 3572 1277 humi-

2000 1313 2112 1367 liari
2142 1314 2403 1380 didicerit,
2434 1324 2696 1384 resurget,
2730 1330 2792 1370 ac
2811 1318 2852 1368 si
2883 1316 3094 1386 quidem
3118 1315 3363 1381 voluerit,
3395 1317 3575 1385 lapsus

1999 1404 2078 1457 sui
2107 1404 2294 1457 damna
2322 1406 2427 1459 cito
2454 1405 2739 1475 reparabit.
2796 1406 2960 1459 Porro
2990 1406 3033 1458 is
3061 1406 3149 1474 qui
3175 1421 3295 1459 cum
3318 1405 3571 1473 jactautia

2000 1505 2143 1549 recte
2176 1504 2387 1563 putatur
2411 1498 2618 1566 operari
2644 1539 2658 1561 ,
2698 1497 2824 1550 nihil
2854 1498 3056 1565 patiens
3082 1498 3289 1553 adversi
3313 1539 3325 1557 ,
3357 1513 3423 1551 ne
3448 1513 3577 1551 seu-

2000 1599 2115 1638 sum
2157 1586 2369 1655 quidem
2398 1588 2562 1641 ullum
2605 1588 2829 1657 propriae
2862 1588 3148 1657 iniquitatis
3191 1587 3407 1657 recipiet
3454 1604 3575 1641 um-

2000 1692 2155 1746 quam
2176 1719 2191 1744 ,
2223 1677 2317 1732 sed
2345 1679 2555 1748 augebit
2584 1680 2778 1732 malum
2800 1720 2814 1745 ,
2838 1686 2997 1748 atque
3026 1678 3149 1731 dum
3178 1679 3415 1743 nesciet,
3451 1677 3573 1731 hinc

2000 1784 2196 1823 vacuus
2233 1770 2596 1840 proﬁciscetur
2624 1788 2637 1823 :
2670 1770 2824 1825 sicuti
2867 1770 3168 1825 Pharisaeus
3195 1771 3284 1824 ille
3309 1769 3456 1842 (Luc.
3484 1771 3571 1835 18,

2004 1861 2094 1930 10)
2121 1863 2207 1931 qui
2239 1863 2475 1917 ascendit
2501 1863 2553 1915 in
2581 1864 3057 1931 templum,putaus
3078 1877 3138 1916 se
3163 1860 3577 1915 bouisomnibus

2003 1968 2122 2008 esse
2141 1955 2753 2025 locupletem,descendit
2769 1970 2894 2009 vero
2910 1955 3192 2024 publicano
3210 1953 3575 2024 pauperiorem

2003 2047 2207 2101 meritis
2241 2062 2298 2100 se
2326 2061 2445 2102 esse
2467 2047 2781 2115 percipiens.
2814 2046 2909 2099 Est
2950 2056 3002 2100 et
3030 2046 3131 2100 alia
3160 2044 3365 2113 species
3391 2044 3577 2114 pestis,

2003 2154 2121 2208 qua:
2147 2139 2427 2207 plurimum
2455 2139 2661 2193 roboris
2692 2138 2847 2192 habet
2884 2137 2949 2190 ad
2977 2136 3277 2191 evacuauda
3304 2136 3440 2190 bona
3485 2150 3578 2187 nu~

2005 2239 2132 2291 stra,
2185 2244 2302 2298 quae
2341 2238 2488 2281 muto
2539 2228 2731 2282 sudore
2774 2228 3104 2297 colligimus,
3146 2236 3332 2279 ventus
3377 2225 3579 2279 scilicet

2006 2319 2179 2372 inanis
2221 2319 2423 2388 gloriaa.
2450 2318 2580 2372 Nam
2609 2334 2792 2373 revera
2823 2318 2964 2371 venti
3008 2318 3171 2370 instar
3200 2318 3433 2387 ingressa
3465 2314 3578 2369 tlte-

2006 2428 2191 2467 sauros
2217 2428 2405 2468 omnes
2434 2414 2644 2467 virtutis
2674 2411 2938 2465 exsul'ﬁat.
2988 2411 3064 2464 Eu
3093 2422 3149 2464 et
3172 2410 3401 2464 secunda
3427 2409 3582 2464 nobis

2006 2504 2215 2558 occasio
2244 2503 2421 2572 lapsus
2447 2512 2590 2557 recte
2614 2502 2989 2572 gradientium,
3023 2511 3077 2555 ut
3106 2511 3161 2554 tu
3187 2501 3420 2554 dicebas.
3450 2500 3579 2553 Plu-

2006 2595 2126 2648 rimi
2154 2595 2293 2648 enim
2316 2611 2382 2649 ex
2414 2595 2478 2649 iis
2507 2597 2593 2663 qui
2634 2594 2771 2664 apud
2800 2609 2899 2648 nos
2925 2594 3164 2663 ingentes
3206 2593 3451 2647 videntur
3477 2592 3585 2647 vir-

2009 2686 2134 2738 tutis
2157 2700 2312 2738 causa
2338 2686 2589 2740 tolerasse
2616 2685 2847 2750 labores,
2872 2700 2933 2739 ac
2961 2700 3146 2738 revera
3178 2684 3429 2749 tolerant,
3459 2698 3582 2738 cum

2008 2776 2182 2829 omnia
2205 2776 2270 2829 ad
2302 2777 2557 2831 honorem
2582 2776 2874 2838 hominum,
2905 2792 3008 2829 non
3042 2790 3136 2843 pro
3169 2776 3256 2829 Dei
3287 2776 3472 2844 gloria,
3499 2774 3583 2828 fa-

2005 2877 2207 2928 cerent,
2241 2867 2480 2935 permissi
2502 2878 2623 2919 sunt
2647 2866 2699 2919 in
2731 2867 3073 2921 tentatiunem
3109 2866 3230 2928 labi,
3259 2874 3315 2918 ut
3343 2866 3585 2918 multitu-

2006 2959 2146 3013 dinis
2167 2958 2331 3028 gloria
2372 2959 2572 3021 nudati,
2605 2968 2820 3027 propter
2858 2972 3014 3027 quam
3044 2958 3362 3011 detrimenta
3403 2956 3583 3010 omnia

2008 3052 2242 3119 perpessi
2271 3060 2412 3115 sunt,
2442 3052 2660 3119 ejusque
2701 3050 2882 3118 gloriae
2913 3059 3153 3102 naturam
3186 3049 3236 3102 iu
3270 3049 3415 3102 nullo
3452 3048 3585 3101 flore

2008 3141 2132 3195 foeni
2155 3156 2274 3195 esse
2303 3142 2575 3195 meliorem
2603 3141 2957 3205 addiscentes,
2985 3141 3092 3208 jam
3123 3141 3230 3193 Deo
3252 3140 3351 3193 soli
3374 3148 3582 3203 vacent,

2006 3240 2163 3301 atque
2191 3231 2355 3299 ipsius
2374 3246 2531 3286 causa
2560 3229 2753 3284 faciant
2794 3231 2991 3283 omnia.
3039 3230 3174 3283 Sunt
3225 3240 3482 3298 praeterea
3526 3237 3585 3282 et

2007 3322 2123 3376 alia:
2152 3336 2325 3376 causm
2352 3331 2509 3391 atque
2532 3322 2782 3387 rationes,
2805 3320 3083 3389 etquidem
3107 3320 3261 3389 longe
3280 3319 3363 3373 his
3380 3320 3579 3388 plures,

2007 3422 2276 3478 cancrum,
2302 3423 2361 3467 ut
2380 3414 2509 3475 dixi,
2536 3414 2687 3467 nobis
2705 3413 3005 3482 iucoguitm,
3032 3412 3126 3468 sed
3148 3413 3385 3466 omnium
3403 3411 3583 3480 opiﬁci

2009 3506 2119 3560 Deo
2134 3506 2270 3561 bene
2294 3516 2452 3560 notae.
2486 3505 2561 3559 Ne
2588 3507 2747 3575 igitur
2772 3507 2821 3559 in
2866 3505 2929 3559 iis
2956 3520 3074 3574 qua:
3096 3504 3407 3573 contingunt
3448 3503 3588 3557 iudi-

2005 3611 2248 3664 gnemur,
2276 3595 2369 3649 sed
2398 3597 2593 3665 gratias
2621 3610 2840 3665 agamus
2873 3612 2886 3647 :
2928 3594 3029 3649 hoc
3056 3595 3196 3648 enim
3224 3605 3495 3664 gratorum
3526 3594 3585 3647 ﬁ-

2008 3686 2313 3757 deliumque
2342 3701 2614 3741 servorum
2651 3695 2752 3741 est.
2795 3687 2864 3739 At
2888 3701 3019 3740 vero
3047 3694 3100 3738 tu
3121 3727 3135 3752 ,
3160 3685 3285 3739 dum
3308 3684 3586 3739 admiraris

2004 3794 2100 3833 cur
2120 3792 2222 3832 non
2253 3786 2406 3831 antea
2433 3778 2623 3847 potius,
2658 3792 2780 3831 cum
2810 3776 3036 3830 delicate
3060 3776 3265 3829 viveres
3305 3781 3465 3844 atque
3494 3774 3585 3828 illa

2004 3870 2185 3923 saeculi
2224 3884 2414 3938 pompa
2462 3870 2686 3937 stipatus
2734 3867 3027 3930 incedercs,
3054 3868 3145 3921 sed
3195 3884 3333 3921 nunc
3368 3865 3581 3935 quando

2004 3959 2241 4028 abjecisti
2273 3961 2358 4013 illa
2390 3960 2588 4024 omnia,
2617 3973 2681 4013 ac
2710 3960 2933 4028 teipsmn
2967 3967 3131 4012 totum
3160 3959 3266 4012 Deo
3292 3958 3579 4021 devovisti,

2006 4050 2268 4117 pessimus
2297 4061 2346 4103 te
2373 4049 2461 4103 ille
2489 4048 2694 4103 dtemon
2723 4050 2932 4112 invasit,
2967 4049 3103 4103 idem
3132 4040 3347 4117 prorsus
3374 4048 3502 4103 facis
3523 4062 3587 4102 ac

2006 4140 2050 4193 si
2078 4139 2358 4192 admireris
2383 4155 2479 4193 cur
2508 4140 2896 4208 spectatoribus
2920 4141 3095 4192 nullus
3136 4140 3393 4192 molestus
3419 4147 3582 4201 esset,

2003 4231 2098 4286 sed
2128 4232 2216 4300 qui
2247 4232 2298 4285 in
2325 4233 2559 4301 pugilum
2582 4247 2806 4286 numero
2832 4232 3131 4301 adscriptus
3154 4234 3586 4301 exercitatusque

2003 4322 2055 4375 in
2082 4333 2352 4376 certamen
2377 4323 2758 4389 descendisset,
2792 4323 2932 4377 hunc
2986 4325 3161 4378 solum
3215 4340 3279 4378 ex
3326 4326 3578 4380 omnibus

2001 4412 2316 4467 colluctator
2381 4423 2695 4482 expeteret,
2748 4415 3051 4484 percutiens
3090 4425 3244 4484 caput
3290 4414 3584 4487 faciemque

2003 4503 2307 4557 concidens.
2355 4504 2469 4558 Non
2498 4506 2599 4559 hoc
2626 4520 2754 4575 ergo
2799 4515 2889 4557 aut
2928 4507 3182 4559 miraculo
3211 4515 3302 4560 aut
3345 4523 3581 4562 mcerore

2001 4594 2219 4664 dignum
2245 4604 2343 4657 est,
2374 4596 2419 4650 si
2453 4611 2548 4649 nos
2578 4596 2664 4650 ille
2693 4597 2833 4665 pugil
2864 4596 3080 4650 adortus
3111 4598 3306 4666 premit
3325 4609 3379 4651 et
3406 4609 3581 4667 urget,

2001 4685 2198 4753 quippe
2237 4687 2336 4739 ista
2366 4695 2447 4739 est
2473 4688 2813 4756 pugnantium
2859 4686 2943 4739 lex
2977 4704 2990 4738 :
3022 4703 3205 4740 verum
3251 4688 3294 4741 si
3324 4688 3413 4743 ille
3444 4689 3580 4758 deji-

2001 4776 2105 4829 ciat
2133 4785 2288 4844 atque
2317 4786 2651 4845 prosternat,
2675 4793 2736 4831 ac
2767 4779 2980 4847 prmmia
3005 4778 3246 4831 laborum
3275 4779 3444 4845 tollat,
3479 4781 3581 4835 ltoc

2001 4881 2160 4936 grave
2198 4878 2299 4921 est.
2328 4867 2589 4933 Quamdiu
2623 4884 2749 4923 vero
2788 4886 2891 4922 nun
2926 4870 3195 4937 prmvalet,
3245 4885 3349 4924 non
3405 4872 3578 4925 solum

2004 4958 2157 5011 nobis
2184 4958 2314 5011 nihil
2347 4960 2547 5021 nocuit,
2602 4960 2695 5014 sed
2744 4957 2941 5028 profuit
2981 4959 3290 5029 plurimum,
3331 4961 3582 5016 conflictu

2006 5050 2097 5104 illo
2118 5065 2217 5105 suo
2243 5066 2448 5105 summa
2476 5052 2629 5106 nobis
2659 5062 2969 5105 ornamenta
2996 5052 3308 5107 concilians.
3340 5052 3584 5122 Namque

2000 5150 2057 5197 et
2082 5142 2132 5197 in
2158 5144 2348 5198 castris
2382 5144 2470 5197 ille
2497 5154 2751 5212 pnestare
2777 5144 2987 5198 caeteris
3028 5155 3275 5214 putatur,
3300 5143 3391 5214 qui
3426 5146 3575 5214 plura

1998 5234 2221 5291 vulnera
2250 5251 2358 5305 prae
2382 5250 2440 5289 se
2469 5237 2606 5290 ferre
2644 5244 2839 5305 potest,
2866 5251 2928 5289 ac
2966 5236 3250 5305 singularia
3281 5236 3576 5290 certamina

1998 5325 2252 5383 adversus
2276 5328 2540 5398 quoslibet
2564 5327 2792 5381 hostium
2813 5325 3131 5381 fortissimos
3154 5326 3444 5395 suscipere.
3469 5326 3574 5381 Eos

1997 5422 2178 5478 itidem
2202 5419 2426 5474 athletas
2451 5420 2681 5474 maxime
2702 5420 2977 5485 miramur,
2991 5419 3079 5490 qui
3104 5436 3223 5475 cum
3250 5422 3581 5493 inexpugna-

1998 5514 2191 5568 bilibus
2230 5513 2328 5579 (sic
2375 5512 2517 5566 enim
2554 5511 2823 5581 appellant
2864 5514 3307 5568 contentiosiores
3335 5530 3578 5585 quosque

1997 5604 2362 5675 antagonistas
2387 5605 2405 5674 )
2432 5604 2655 5657 viriliter
2680 5603 3113 5673 congrediuntur.
3142 5604 3248 5660 Sed
3280 5616 3333 5659 et
3360 5614 3581 5659 venator

1999 5696 2087 5751 ille
2113 5696 2343 5749 maxime
2367 5695 2625 5764 prtecellit
2645 5736 2660 5762 ,
2689 5695 2779 5764 qui
2812 5694 3170 5750 ferocissimas
3196 5696 3397 5750 belluas
3424 5696 3578 5750 exci-

1998 5791 2092 5860 pit.
2144 5787 2426 5857 lmpudeus
2455 5795 2536 5841 est
2574 5801 2731 5857 atque
2763 5788 3155 5858 imperterritus
3206 5787 3290 5842 hic
3325 5787 3579 5843 daemon:
