  <div class='ocr_page' id='page_1' title='image "/cluster/home/n/w/nwhite01/storage/ocr_20150623/47/nnc1.0046978321/409.png"; bbox 0 0 4036 6416; ppageno 0'>
   <div class='ocr_carea' id='block_1_1' title="bbox 480 321 3752 393">
    <p class='ocr_par' dir='ltr' id='par_1_1' title="bbox 480 321 3752 393">
     <span class='ocr_line' id='line_1_1' title="bbox 480 321 3752 393; baseline 0 -7"><span class='ocrx_word' id='word_1_1' title='bbox 480 332 583 387; x_wconf 66' lang='lat' dir='ltr'><strong>M7</strong></span> <span class='ocrx_word' id='word_1_2' title='bbox 1210 330 1268 384; x_wconf 91' lang='lat' dir='ltr'><strong>S.</strong></span> <span class='ocrx_word' id='word_1_3' title='bbox 1307 325 1584 385; x_wconf 72' lang='lat' dir='ltr'><strong>JOANNIS</strong></span> <span class='ocrx_word' id='word_1_4' title='bbox 1617 321 2090 382; x_wconf 75' lang='lat' dir='ltr'><strong>CIIRYSOSTOMI</strong></span> <span class='ocrx_word' id='word_1_5' title='bbox 2128 323 2444 388; x_wconf 77' lang='lat' dir='ltr'><strong>ARCIIIEP.</strong></span> <span class='ocrx_word' id='word_1_6' title='bbox 2482 332 3020 393; x_wconf 81' lang='lat' dir='ltr'><strong>CONSTANTINOP.</strong></span> <span class='ocrx_word' id='word_1_7' title='bbox 3641 333 3752 390; x_wconf 66' lang='grc'><strong>418</strong></span> 
     </span>
    </p>
   </div>
   <div class='ocr_carea' id='block_1_2' title="bbox 490 436 2066 514">
    <p class='ocr_par' dir='ltr' id='par_1_2' title="bbox 490 436 2066 514">
     <span class='ocr_line' id='line_1_2' title="bbox 490 436 2066 514; baseline -0.002 -19"><span class='ocrx_word' id='word_1_8' title='bbox 490 453 547 496; x_wconf 88' lang='lat' dir='ltr'><strong>at</strong></span> <span class='ocrx_word' id='word_1_9' title='bbox 562 455 662 512; x_wconf 85' lang='lat' dir='ltr'><strong>ego</strong></span> <span class='ocrx_word' id='word_1_10' title='bbox 679 455 957 514; x_wconf 75' lang='lat' dir='ltr'><strong>propterea</strong></span> <span class='ocrx_word' id='word_1_11' title='bbox 976 452 1026 499; x_wconf 91' lang='lat' dir='ltr'><strong>te</strong></span> <span class='ocrx_word' id='word_1_12' title='bbox 1046 442 1225 499; x_wconf 90' lang='lat' dir='ltr'><strong>mirari</strong></span> <span class='ocrx_word' id='word_1_13' title='bbox 1243 456 1306 496; x_wconf 92' lang='lat' dir='ltr'><strong>ac</strong></span> <span class='ocrx_word' id='word_1_14' title='bbox 1324 449 1538 510; x_wconf 91' lang='lat' dir='ltr'><strong>stupere</strong></span> <span class='ocrx_word' id='word_1_15' title='bbox 1559 454 1663 494; x_wconf 92' lang='lat' dir='ltr'><strong>non</strong></span> <span class='ocrx_word' id='word_1_16' title='bbox 1697 438 1906 504; x_wconf 82' lang='lat' dir='ltr'><strong>desino,</strong></span> <span class='ocrx_word' id='word_1_17' title='bbox 1924 436 2066 507; x_wconf 86' lang='lat' dir='ltr'><strong>quod</strong></span> 
     </span>
    </p>
   </div>
   <div class='ocr_carea' id='block_1_3' title="bbox 484 527 2069 604">
    <p class='ocr_par' dir='ltr' id='par_1_3' title="bbox 484 527 2069 604">
     <span class='ocr_line' id='line_1_3' title="bbox 484 527 2069 604; baseline -0.005 -16"><span class='ocrx_word' id='word_1_18' title='bbox 484 533 787 604; x_wconf 89' lang='lat' dir='ltr'><strong>hujusmodi</strong></span> <span class='ocrx_word' id='word_1_19' title='bbox 830 533 1192 588; x_wconf 88' lang='lat' dir='ltr'><strong>adversarium</strong></span> <span class='ocrx_word' id='word_1_20' title='bbox 1229 539 1416 586; x_wconf 89' lang='lat' dir='ltr'><strong>nactus</strong></span> <span class='ocrx_word' id='word_1_21' title='bbox 1441 539 1545 583; x_wconf 91' lang='lat' dir='ltr'><strong>tam</strong></span> <span class='ocrx_word' id='word_1_22' title='bbox 1575 529 1864 584; x_wconf 91' lang='lat' dir='ltr'><strong>violentum</strong></span> <span class='ocrx_word' id='word_1_23' title='bbox 1889 527 2069 598; x_wconf 85' lang='lat' dir='ltr'><strong>lapsus</strong></span> 
     </span>
    </p>
   </div>
   <div class='ocr_carea' id='block_1_4' title="bbox 484 616 2068 693">
    <p class='ocr_par' dir='ltr' id='par_1_4' title="bbox 484 616 2068 693">
     <span class='ocr_line' id='line_1_4' title="bbox 484 616 2068 693; baseline -0.005 -17"><span class='ocrx_word' id='word_1_24' title='bbox 484 640 588 677; x_wconf 88' lang='lat' dir='ltr'><strong>non</strong></span> <span class='ocrx_word' id='word_1_25' title='bbox 606 638 684 688; x_wconf 89' lang='lat' dir='ltr'><strong>es,</strong></span> <span class='ocrx_word' id='word_1_26' title='bbox 702 638 874 693; x_wconf 90' lang='lat' dir='ltr'><strong>neque</strong></span> <span class='ocrx_word' id='word_1_27' title='bbox 887 623 940 676; x_wconf 90' lang='lat' dir='ltr'><strong>in</strong></span> <span class='ocrx_word' id='word_1_28' title='bbox 955 623 1274 678; x_wconf 88' lang='lat' dir='ltr'><strong>deditionem</strong></span> <span class='ocrx_word' id='word_1_29' title='bbox 1293 620 1473 674; x_wconf 88' lang='lat' dir='ltr'><strong>venire</strong></span> <span class='ocrx_word' id='word_1_30' title='bbox 1489 617 1750 682; x_wconf 89' lang='lat' dir='ltr'><strong>tolerasti,</strong></span> <span class='ocrx_word' id='word_1_31' title='bbox 1770 616 1863 672; x_wconf 90' lang='lat' dir='ltr'><strong>sed</strong></span> <span class='ocrx_word' id='word_1_32' title='bbox 1884 617 2068 671; x_wconf 90' lang='lat' dir='ltr'><strong>firmus</strong></span> 
     </span>
    </p>
   </div>
   <div class='ocr_carea' id='block_1_5' title="bbox 479 707 2060 787">
    <p class='ocr_par' dir='ltr' id='par_1_5' title="bbox 479 707 2060 787">
     <span class='ocr_line' id='line_1_5' title="bbox 479 707 2060 787; baseline -0.008 -16"><span class='ocrx_word' id='word_1_33' title='bbox 479 715 790 787; x_wconf 83' lang='lat' dir='ltr'><strong>perstitisti,</strong></span> <span class='ocrx_word' id='word_1_34' title='bbox 834 715 976 769; x_wconf 92' lang='lat' dir='ltr'><strong>nulla</strong></span> <span class='ocrx_word' id='word_1_35' title='bbox 1022 729 1089 770; x_wconf 88' lang='lat' dir='ltr'><strong>ex</strong></span> <span class='ocrx_word' id='word_1_36' title='bbox 1136 722 1283 783; x_wconf 90' lang='lat' dir='ltr'><strong>parte</strong></span> <span class='ocrx_word' id='word_1_37' title='bbox 1322 711 1464 766; x_wconf 91' lang='lat' dir='ltr'><strong>illius</strong></span> <span class='ocrx_word' id='word_1_38' title='bbox 1488 708 1806 779; x_wconf 87' lang='lat' dir='ltr'><strong>improbitati</strong></span> <span class='ocrx_word' id='word_1_39' title='bbox 1845 707 2060 763; x_wconf 86' lang='lat' dir='ltr'><strong>cedens.</strong></span> 
     </span>
    </p>
   </div>
   <div class='ocr_carea' id='block_1_6' title="bbox 554 798 2066 877">
    <p class='ocr_par' dir='ltr' id='par_1_6' title="bbox 554 798 2066 877">
     <span class='ocr_line' id='line_1_6' title="bbox 554 798 2066 877; baseline -0.006 -17"><span class='ocrx_word' id='word_1_40' title='bbox 554 806 644 861; x_wconf 79' lang='lat' dir='ltr'><strong>l0.</strong></span> <span class='ocrx_word' id='word_1_41' title='bbox 684 807 856 861; x_wconf 90' lang='lat' dir='ltr'><strong>Porro</strong></span> <span class='ocrx_word' id='word_1_42' title='bbox 892 805 1033 877; x_wconf 88' lang='lat' dir='ltr'><strong>quod</strong></span> <span class='ocrx_word' id='word_1_43' title='bbox 1079 819 1184 859; x_wconf 93' lang='lat' dir='ltr'><strong>non</strong></span> <span class='ocrx_word' id='word_1_44' title='bbox 1233 801 1538 858; x_wconf 92' lang='lat' dir='ltr'><strong>assentandi</strong></span> <span class='ocrx_word' id='word_1_45' title='bbox 1581 799 1756 854; x_wconf 90' lang='lat' dir='ltr'><strong>studio</strong></span> <span class='ocrx_word' id='word_1_46' title='bbox 1797 812 1940 854; x_wconf 92' lang='lat' dir='ltr'><strong>nunc</strong></span> <span class='ocrx_word' id='word_1_47' title='bbox 1966 798 2066 852; x_wconf 88' lang='lat' dir='ltr'><strong>ista</strong></span> 
     </span>
    </p>
   </div>
   <div class='ocr_carea' id='block_1_7' title="bbox 481 889 2068 968">
    <p class='ocr_par' dir='ltr' id='par_1_7' title="bbox 481 889 2068 968">
     <span class='ocr_line' id='line_1_7' title="bbox 481 889 2068 968; baseline -0.006 -16"><span class='ocrx_word' id='word_1_48' title='bbox 481 898 690 968; x_wconf 89' lang='lat' dir='ltr'><strong>loquar,</strong></span> <span class='ocrx_word' id='word_1_49' title='bbox 713 897 806 953; x_wconf 89' lang='lat' dir='ltr'><strong>sed</strong></span> <span class='ocrx_word' id='word_1_50' title='bbox 822 897 964 968; x_wconf 92' lang='lat' dir='ltr'><strong>quod</strong></span> <span class='ocrx_word' id='word_1_51' title='bbox 983 912 1110 954; x_wconf 81' lang='lat' dir='ltr'><strong>vere</strong></span> <span class='ocrx_word' id='word_1_52' title='bbox 1123 895 1351 952; x_wconf 88' lang='lat' dir='ltr'><strong>maxima</strong></span> <span class='ocrx_word' id='word_1_53' title='bbox 1377 909 1444 949; x_wconf 83' lang='lat' dir='ltr'><strong>ex</strong></span> <span class='ocrx_word' id='word_1_54' title='bbox 1464 891 1761 962; x_wconf 89' lang='lat' dir='ltr'><strong>hujusmodi</strong></span> <span class='ocrx_word' id='word_1_55' title='bbox 1783 889 2068 944; x_wconf 79' lang='lat' dir='ltr'><strong>afï¬‚ictione</strong></span> 
     </span>
    </p>
   </div>
   <div class='ocr_carea' id='block_1_8' title="bbox 480 983 2069 1058">
    <p class='ocr_par' dir='ltr' id='par_1_8' title="bbox 480 983 2069 1058">
     <span class='ocr_line' id='line_1_8' title="bbox 480 983 2069 1058; baseline -0.006 -15"><span class='ocrx_word' id='word_1_56' title='bbox 480 989 692 1058; x_wconf 90' lang='lat' dir='ltr'><strong>ceperis</strong></span> <span class='ocrx_word' id='word_1_57' title='bbox 721 991 1101 1054; x_wconf 84' lang='lat' dir='ltr'><strong>emolumenta,</strong></span> <span class='ocrx_word' id='word_1_58' title='bbox 1146 995 1352 1058; x_wconf 78' lang='lat' dir='ltr'><strong>patere,</strong></span> <span class='ocrx_word' id='word_1_59' title='bbox 1380 1000 1582 1057; x_wconf 74' lang='lat' dir='ltr'><strong>qumso,</strong></span> <span class='ocrx_word' id='word_1_60' title='bbox 1609 998 1710 1038; x_wconf 89' lang='lat' dir='ltr'><strong>nos</strong></span> <span class='ocrx_word' id='word_1_61' title='bbox 1736 983 1922 1036; x_wconf 91' lang='lat' dir='ltr'><strong>fiducia</strong></span> <span class='ocrx_word' id='word_1_62' title='bbox 1954 991 2069 1035; x_wconf 92' lang='lat' dir='ltr'><strong>tan-</strong></span> 
     </span>
    </p>
   </div>
   <div class='ocr_carea' id='block_1_9' title="bbox 483 1071 2069 1151">
    <p class='ocr_par' dir='ltr' id='par_1_9' title="bbox 483 1071 2069 1151">
     <span class='ocr_line' id='line_1_9' title="bbox 483 1071 2069 1151; baseline -0.006 -16"><span class='ocrx_word' id='word_1_63' title='bbox 483 1081 650 1149; x_wconf 80' lang='lat' dir='ltr'><strong>tisper</strong></span> <span class='ocrx_word' id='word_1_64' title='bbox 673 1081 726 1135; x_wconf 92' lang='lat' dir='ltr'><strong>in</strong></span> <span class='ocrx_word' id='word_1_65' title='bbox 769 1080 1036 1151; x_wconf 91' lang='lat' dir='ltr'><strong>loquendo</strong></span> <span class='ocrx_word' id='word_1_66' title='bbox 1060 1081 1132 1135; x_wconf 91' lang='lat' dir='ltr'><strong>uti</strong></span> <span class='ocrx_word' id='word_1_67' title='bbox 1163 1097 1177 1134; x_wconf 90' lang='lat'><strong>:</strong></span> <span class='ocrx_word' id='word_1_68' title='bbox 1205 1094 1376 1150; x_wconf 90' lang='lat' dir='ltr'><strong>neque</strong></span> <span class='ocrx_word' id='word_1_69' title='bbox 1416 1079 1559 1132; x_wconf 88' lang='lat' dir='ltr'><strong>enim</strong></span> <span class='ocrx_word' id='word_1_70' title='bbox 1595 1077 1749 1131; x_wconf 82' lang='lat' dir='ltr'><strong>aliter</strong></span> <span class='ocrx_word' id='word_1_71' title='bbox 1792 1073 1950 1143; x_wconf 89' lang='lat' dir='ltr'><strong>hujus</strong></span> <span class='ocrx_word' id='word_1_72' title='bbox 1987 1071 2069 1128; x_wconf 89' lang='lat' dir='ltr'><strong>rei</strong></span> 
     </span>
    </p>
   </div>
   <div class='ocr_carea' id='block_1_10' title="bbox 481 1163 2067 1241">
    <p class='ocr_par' dir='ltr' id='par_1_10' title="bbox 481 1163 2067 1241">
     <span class='ocr_line' id='line_1_10' title="bbox 481 1163 2067 1241; baseline -0.005 -17"><span class='ocrx_word' id='word_1_73' title='bbox 481 1172 798 1226; x_wconf 90' lang='lat' dir='ltr'><strong>documenta</strong></span> <span class='ocrx_word' id='word_1_74' title='bbox 846 1172 1037 1227; x_wconf 84' lang='lat' dir='ltr'><strong>atferre</strong></span> <span class='ocrx_word' id='word_1_75' title='bbox 1078 1185 1310 1241; x_wconf 90' lang='lat' dir='ltr'><strong>possem.</strong></span> <span class='ocrx_word' id='word_1_76' title='bbox 1359 1169 1506 1224; x_wconf 82' lang='lat' dir='ltr'><strong>Nosti</strong></span> <span class='ocrx_word' id='word_1_77' title='bbox 1545 1183 1674 1223; x_wconf 84' lang='lat' dir='ltr'><strong>sane</strong></span> <span class='ocrx_word' id='word_1_78' title='bbox 1716 1181 1779 1220; x_wconf 90' lang='lat' dir='ltr'><strong>ac</strong></span> <span class='ocrx_word' id='word_1_79' title='bbox 1809 1163 2067 1220; x_wconf 87' lang='lat' dir='ltr'><strong>memoria</strong></span> 
     </span>
    </p>
   </div>
   <div class='ocr_carea' id='block_1_11' title="bbox 487 1258 2066 1334">
    <p class='ocr_par' dir='ltr' id='par_1_11' title="bbox 487 1258 2066 1334">
     <span class='ocr_line' id='line_1_11' title="bbox 487 1258 2066 1334; baseline -0.004 -17"><span class='ocrx_word' id='word_1_80' title='bbox 487 1273 638 1318; x_wconf 91' lang='lat' dir='ltr'><strong>tenes</strong></span> <span class='ocrx_word' id='word_1_81' title='bbox 659 1265 890 1334; x_wconf 88' lang='lat' dir='ltr'><strong>priorem</strong></span> <span class='ocrx_word' id='word_1_82' title='bbox 911 1274 1053 1319; x_wconf 88' lang='lat' dir='ltr'><strong>tuam</strong></span> <span class='ocrx_word' id='word_1_83' title='bbox 1081 1266 1561 1326; x_wconf 83' lang='lat' dir='ltr'><strong>conversationem,</strong></span> <span class='ocrx_word' id='word_1_84' title='bbox 1593 1276 1697 1331; x_wconf 89' lang='lat' dir='ltr'><strong>qua</strong></span> <span class='ocrx_word' id='word_1_85' title='bbox 1727 1269 1849 1314; x_wconf 84' lang='lat' dir='ltr'><strong>ante</strong></span> <span class='ocrx_word' id='word_1_86' title='bbox 1880 1258 2066 1328; x_wconf 86' lang='lat' dir='ltr'><strong>hujus-</strong></span> 
     </span>
    </p>
   </div>
   <div class='ocr_carea' id='block_1_12' title="bbox 487 1350 2067 1426">
    <p class='ocr_par' dir='ltr' id='par_1_12' title="bbox 487 1350 2067 1426">
     <span class='ocr_line' id='line_1_12' title="bbox 487 1350 2067 1426; baseline -0.003 -17"><span class='ocrx_word' id='word_1_87' title='bbox 487 1356 630 1410; x_wconf 92' lang='lat' dir='ltr'><strong>modi</strong></span> <span class='ocrx_word' id='word_1_88' title='bbox 676 1357 1020 1411; x_wconf 89' lang='lat' dir='ltr'><strong>tentationem</strong></span> <span class='ocrx_word' id='word_1_89' title='bbox 1063 1355 1312 1426; x_wconf 88' lang='lat' dir='ltr'><strong>degebas.</strong></span> <span class='ocrx_word' id='word_1_90' title='bbox 1353 1355 1496 1409; x_wconf 85' lang='lat' dir='ltr'><strong>Hanc</strong></span> <span class='ocrx_word' id='word_1_91' title='bbox 1527 1355 1704 1423; x_wconf 91' lang='lat' dir='ltr'><strong>itaque</strong></span> <span class='ocrx_word' id='word_1_92' title='bbox 1737 1353 1896 1408; x_wconf 84' lang='lat' dir='ltr'><strong>velim</strong></span> <span class='ocrx_word' id='word_1_93' title='bbox 1943 1350 2067 1406; x_wconf 87' lang='lat' dir='ltr'><strong>dili-</strong></span> 
     </span>
    </p>
   </div>
   <div class='ocr_carea' id='block_1_13' title="bbox 481 1446 2069 1517">
    <p class='ocr_par' dir='ltr' id='par_1_13' title="bbox 481 1446 2069 1517">
     <span class='ocr_line' id='line_1_13' title="bbox 481 1446 2069 1517; baseline -0.004 -15"><span class='ocrx_word' id='word_1_94' title='bbox 481 1456 669 1517; x_wconf 82' lang='lat' dir='ltr'><strong>genter</strong></span> <span class='ocrx_word' id='word_1_95' title='bbox 706 1449 1000 1515; x_wconf 80' lang='lat' dir='ltr'><strong>examines,</strong></span> <span class='ocrx_word' id='word_1_96' title='bbox 1028 1463 1091 1503; x_wconf 91' lang='lat' dir='ltr'><strong>ac</strong></span> <span class='ocrx_word' id='word_1_97' title='bbox 1129 1448 1376 1517; x_wconf 71' lang='lat' dir='ltr'><strong>praesenti</strong></span> <span class='ocrx_word' id='word_1_98' title='bbox 1403 1462 1507 1517; x_wconf 89' lang='lat' dir='ltr'><strong>qua</strong></span> <span class='ocrx_word' id='word_1_99' title='bbox 1529 1461 1666 1500; x_wconf 92' lang='lat' dir='ltr'><strong>nunc</strong></span> <span class='ocrx_word' id='word_1_100' title='bbox 1691 1446 1822 1500; x_wconf 80' lang='lat' dir='ltr'><strong>vivis</strong></span> <span class='ocrx_word' id='word_1_101' title='bbox 1845 1457 2069 1512; x_wconf 87' lang='lat' dir='ltr'><strong>compo-</strong></span> 
     </span>
    </p>
   </div>
   <div class='ocr_carea' id='block_1_14' title="bbox 483 1533 2068 1610">
    <p class='ocr_par' dir='ltr' id='par_1_14' title="bbox 483 1533 2068 1610">
     <span class='ocr_line' id='line_1_14' title="bbox 483 1533 2068 1610; baseline -0.004 -17"><span class='ocrx_word' id='word_1_102' title='bbox 483 1556 581 1594; x_wconf 85' lang='lat' dir='ltr'><strong>nas</strong></span> <span class='ocrx_word' id='word_1_103' title='bbox 613 1557 626 1593; x_wconf 92' lang='lat'><strong>:</strong></span> <span class='ocrx_word' id='word_1_104' title='bbox 652 1539 857 1594; x_wconf 86' lang='lat' dir='ltr'><strong>videbis</strong></span> <span class='ocrx_word' id='word_1_105' title='bbox 886 1539 1124 1610; x_wconf 89' lang='lat' dir='ltr'><strong>profecto</strong></span> <span class='ocrx_word' id='word_1_106' title='bbox 1147 1547 1400 1609; x_wconf 88' lang='lat' dir='ltr'><strong>quantum</strong></span> <span class='ocrx_word' id='word_1_107' title='bbox 1433 1537 1561 1591; x_wconf 90' lang='lat' dir='ltr'><strong>lucri</strong></span> <span class='ocrx_word' id='word_1_108' title='bbox 1587 1552 1652 1590; x_wconf 89' lang='lat' dir='ltr'><strong>ex</strong></span> <span class='ocrx_word' id='word_1_109' title='bbox 1681 1535 1781 1588; x_wconf 92' lang='lat' dir='ltr'><strong>isto</strong></span> <span class='ocrx_word' id='word_1_110' title='bbox 1816 1533 2068 1588; x_wconf 77' lang='lat' dir='ltr'><strong>conflictu</strong></span> 
     </span>
    </p>
   </div>
   <div class='ocr_carea' id='block_1_15' title="bbox 481 1624 2065 1699">
    <p class='ocr_par' dir='ltr' id='par_1_15' title="bbox 481 1624 2065 1699">
     <span class='ocr_line' id='line_1_15' title="bbox 481 1624 2065 1699; baseline -0.005 -14"><span class='ocrx_word' id='word_1_111' title='bbox 481 1640 845 1699; x_wconf 89' lang='lat' dir='ltr'><strong>consequutus</strong></span> <span class='ocrx_word' id='word_1_112' title='bbox 867 1630 960 1686; x_wconf 88' lang='lat' dir='ltr'><strong>sis.</strong></span> <span class='ocrx_word' id='word_1_113' title='bbox 985 1629 1136 1686; x_wconf 89' lang='lat' dir='ltr'><strong>Nunc</strong></span> <span class='ocrx_word' id='word_1_114' title='bbox 1163 1630 1302 1684; x_wconf 91' lang='lat' dir='ltr'><strong>enim</strong></span> <span class='ocrx_word' id='word_1_115' title='bbox 1327 1628 1564 1698; x_wconf 87' lang='lat' dir='ltr'><strong>jejuniis,</strong></span> <span class='ocrx_word' id='word_1_116' title='bbox 1587 1626 1802 1696; x_wconf 80' lang='lat' dir='ltr'><strong>vigiliis,</strong></span> <span class='ocrx_word' id='word_1_117' title='bbox 1830 1624 2065 1691; x_wconf 88' lang='lat' dir='ltr'><strong>lectioni,</strong></span> 
     </span>
    </p>
   </div>
   <div class='ocr_carea' id='block_1_16' title="bbox 482 1717 2065 1794">
    <p class='ocr_par' dir='ltr' id='par_1_16' title="bbox 482 1717 2065 1794">
     <span class='ocr_line' id='line_1_16' title="bbox 482 1717 2065 1794; baseline -0.002 -19"><span class='ocrx_word' id='word_1_118' title='bbox 482 1723 920 1793; x_wconf 88' lang='lat' dir='ltr'><strong>orationibusque</strong></span> <span class='ocrx_word' id='word_1_119' title='bbox 997 1724 1266 1794; x_wconf 85' lang='lat' dir='ltr'><strong>perpetuis</strong></span> <span class='ocrx_word' id='word_1_120' title='bbox 1332 1721 1681 1776; x_wconf 90' lang='lat' dir='ltr'><strong>intentissime</strong></span> <span class='ocrx_word' id='word_1_121' title='bbox 1756 1717 2016 1772; x_wconf 87' lang='lat' dir='ltr'><strong>incumbis</strong></span> <span class='ocrx_word' id='word_1_122' title='bbox 2048 1759 2065 1784; x_wconf 92' lang='lat'><strong>,</strong></span> 
     </span>
    </p>
   </div>
   <div class='ocr_carea' id='block_1_17' title="bbox 480 1813 2068 1885">
    <p class='ocr_par' dir='ltr' id='par_1_17' title="bbox 480 1813 2068 1885">
     <span class='ocr_line' id='line_1_17' title="bbox 480 1813 2068 1885; baseline -0.003 -17"><span class='ocrx_word' id='word_1_123' title='bbox 480 1816 902 1885; x_wconf 73' lang='lat' dir='ltr'><strong>gravitatemque</strong></span> <span class='ocrx_word' id='word_1_124' title='bbox 934 1824 990 1870; x_wconf 90' lang='lat' dir='ltr'><strong>et</strong></span> <span class='ocrx_word' id='word_1_125' title='bbox 1030 1815 1377 1870; x_wconf 85' lang='lat' dir='ltr'><strong>humilitatem</strong></span> <span class='ocrx_word' id='word_1_126' title='bbox 1417 1813 1743 1868; x_wconf 78' lang='lat' dir='ltr'><strong>excellenter</strong></span> <span class='ocrx_word' id='word_1_127' title='bbox 1767 1825 2068 1880; x_wconf 87' lang='lat' dir='ltr'><strong>consequu-</strong></span> 
     </span>
    </p>
   </div>
   <div class='ocr_carea' id='block_1_18' title="bbox 489 1902 2066 1967">
    <p class='ocr_par' dir='ltr' id='par_1_18' title="bbox 489 1902 2066 1967">
     <span class='ocr_line' id='line_1_18' title="bbox 489 1902 2066 1967; baseline -0.003 -8"><span class='ocrx_word' id='word_1_128' title='bbox 489 1913 575 1960; x_wconf 89' lang='lat' dir='ltr'><strong>tus</strong></span> <span class='ocrx_word' id='word_1_129' title='bbox 607 1921 706 1961; x_wconf 87' lang='lat' dir='ltr'><strong>es:</strong></span> <span class='ocrx_word' id='word_1_130' title='bbox 733 1915 887 1961; x_wconf 84' lang='lat' dir='ltr'><strong>antea</strong></span> <span class='ocrx_word' id='word_1_131' title='bbox 917 1907 1058 1961; x_wconf 89' lang='lat' dir='ltr'><strong>nulla</strong></span> <span class='ocrx_word' id='word_1_132' title='bbox 1105 1906 1196 1960; x_wconf 89' lang='lat' dir='ltr'><strong>tibi</strong></span> <span class='ocrx_word' id='word_1_133' title='bbox 1244 1906 1494 1960; x_wconf 79' lang='lat' dir='ltr'><strong>librorum</strong></span> <span class='ocrx_word' id='word_1_134' title='bbox 1525 1903 1682 1967; x_wconf 87' lang='lat' dir='ltr'><strong>ratio,</strong></span> <span class='ocrx_word' id='word_1_135' title='bbox 1710 1902 1806 1958; x_wconf 87' lang='lat' dir='ltr'><strong>sed</strong></span> <span class='ocrx_word' id='word_1_136' title='bbox 1835 1902 2066 1956; x_wconf 92' lang='lat' dir='ltr'><strong>studium</strong></span> 
     </span>
    </p>
   </div>
   <div class='ocr_carea' id='block_1_19' title="bbox 493 1993 2067 2068">
    <p class='ocr_par' dir='ltr' id='par_1_19' title="bbox 493 1993 2067 2068">
     <span class='ocr_line' id='line_1_19' title="bbox 493 1993 2067 2068; baseline -0.003 -18"><span class='ocrx_word' id='word_1_137' title='bbox 493 2010 654 2051; x_wconf 76' lang='lat' dir='ltr'><strong>omne</strong></span> <span class='ocrx_word' id='word_1_138' title='bbox 693 2006 748 2051; x_wconf 92' lang='lat' dir='ltr'><strong>et</strong></span> <span class='ocrx_word' id='word_1_139' title='bbox 775 1997 1008 2052; x_wconf 85' lang='lat' dir='ltr'><strong>laborem</strong></span> <span class='ocrx_word' id='word_1_140' title='bbox 1037 1997 1259 2068; x_wconf 88' lang='lat' dir='ltr'><strong>pomarii</strong></span> <span class='ocrx_word' id='word_1_141' title='bbox 1294 1995 1574 2050; x_wconf 79' lang='lat' dir='ltr'><strong>arboribus</strong></span> <span class='ocrx_word' id='word_1_142' title='bbox 1602 1993 1913 2048; x_wconf 88' lang='lat' dir='ltr'><strong>devoveras.</strong></span> <span class='ocrx_word' id='word_1_143' title='bbox 1956 1998 2067 2046; x_wconf 83' lang='lat' dir='ltr'><strong>Au-</strong></span> 
     </span>
    </p>
   </div>
   <div class='ocr_carea' id='block_1_20' title="bbox 483 2075 2068 2160">
    <p class='ocr_par' dir='ltr' id='par_1_20' title="bbox 483 2075 2068 2160">
     <span class='ocr_line' id='line_1_20' title="bbox 483 2075 2068 2160; baseline -0.003 -18"><span class='ocrx_word' id='word_1_144' title='bbox 483 2087 593 2143; x_wconf 85' lang='lat' dir='ltr'><strong>divi</strong></span> <span class='ocrx_word' id='word_1_145' title='bbox 616 2104 716 2159; x_wconf 83' lang='lat' dir='ltr'><strong>ego</strong></span> <span class='ocrx_word' id='word_1_146' title='bbox 744 2075 876 2145; x_wconf 79' lang='lat' dir='ltr'><strong>tunc</strong></span> <span class='ocrx_word' id='word_1_147' title='bbox 892 2091 1167 2160; x_wconf 89' lang='lat' dir='ltr'><strong>plurimos.</strong></span> <span class='ocrx_word' id='word_1_148' title='bbox 1213 2089 1301 2160; x_wconf 91' lang='lat' dir='ltr'><strong>qui</strong></span> <span class='ocrx_word' id='word_1_149' title='bbox 1335 2097 1386 2144; x_wconf 89' lang='lat' dir='ltr'><strong>te</strong></span> <span class='ocrx_word' id='word_1_150' title='bbox 1419 2087 1781 2158; x_wconf 87' lang='lat' dir='ltr'><strong>objurgantes,</strong></span> <span class='ocrx_word' id='word_1_151' title='bbox 1811 2101 2068 2156; x_wconf 83' lang='lat' dir='ltr'><strong>arrogan-</strong></span> 
     </span>
    </p>
   </div>
   <div class='ocr_carea' id='block_1_21' title="bbox 487 2179 2070 2250">
    <p class='ocr_par' dir='ltr' id='par_1_21' title="bbox 487 2179 2070 2250">
     <span class='ocr_line' id='line_1_21' title="bbox 487 2179 2070 2250; baseline 0.001 -18"><span class='ocrx_word' id='word_1_152' title='bbox 487 2188 593 2233; x_wconf 86' lang='lat' dir='ltr'><strong>tem</strong></span> <span class='ocrx_word' id='word_1_153' title='bbox 647 2195 710 2235; x_wconf 93' lang='lat' dir='ltr'><strong>ac</strong></span> <span class='ocrx_word' id='word_1_154' title='bbox 761 2181 1048 2250; x_wconf 89' lang='lat' dir='ltr'><strong>superbum</strong></span> <span class='ocrx_word' id='word_1_155' title='bbox 1109 2181 1390 2247; x_wconf 88' lang='lat' dir='ltr'><strong>dicerent,</strong></span> <span class='ocrx_word' id='word_1_156' title='bbox 1449 2189 1608 2250; x_wconf 89' lang='lat' dir='ltr'><strong>atque</strong></span> <span class='ocrx_word' id='word_1_157' title='bbox 1658 2179 1712 2234; x_wconf 90' lang='lat' dir='ltr'><strong>in</strong></span> <span class='ocrx_word' id='word_1_158' title='bbox 1771 2180 1870 2233; x_wconf 92' lang='lat' dir='ltr'><strong>hac</strong></span> <span class='ocrx_word' id='word_1_159' title='bbox 1921 2186 2070 2248; x_wconf 86' lang='lat' dir='ltr'><strong>parte</strong></span> 
     </span>
    </p>
   </div>
   <div class='ocr_carea' id='block_1_22' title="bbox 491 2268 2068 2342">
    <p class='ocr_par' dir='ltr' id='par_1_22' title="bbox 491 2268 2068 2342">
     <span class='ocr_line' id='line_1_22' title="bbox 491 2268 2068 2342; baseline 0 -19"><span class='ocrx_word' id='word_1_160' title='bbox 491 2270 822 2326; x_wconf 74' lang='lat' dir='ltr'><strong>nrdiilitatem</strong></span> <span class='ocrx_word' id='word_1_161' title='bbox 849 2273 1082 2342; x_wconf 78' lang='lat' dir='ltr'><strong>generis,</strong></span> <span class='ocrx_word' id='word_1_162' title='bbox 1134 2272 1406 2341; x_wconf 86' lang='lat' dir='ltr'><strong>patrisque</strong></span> <span class='ocrx_word' id='word_1_163' title='bbox 1429 2270 1824 2336; x_wconf 89' lang='lat' dir='ltr'><strong>claritudinem,</strong></span> <span class='ocrx_word' id='word_1_164' title='bbox 1850 2279 1902 2324; x_wconf 91' lang='lat' dir='ltr'><strong>et</strong></span> <span class='ocrx_word' id='word_1_165' title='bbox 1927 2268 2068 2338; x_wconf 88' lang='lat' dir='ltr'><strong>quod</strong></span> 
     </span>
    </p>
   </div>
   <div class='ocr_carea' id='block_1_23' title="bbox 486 2362 2066 2434">
    <p class='ocr_par' dir='ltr' id='par_1_23' title="bbox 486 2362 2066 2434">
     <span class='ocr_line' id='line_1_23' title="bbox 486 2362 2066 2434; baseline 0 -18"><span class='ocrx_word' id='word_1_166' title='bbox 486 2363 539 2416; x_wconf 93' lang='lat' dir='ltr'><strong>in</strong></span> <span class='ocrx_word' id='word_1_167' title='bbox 569 2364 758 2432; x_wconf 83' lang='lat' dir='ltr'><strong>Opibus</strong></span> <span class='ocrx_word' id='word_1_168' title='bbox 802 2364 1041 2434; x_wconf 87' lang='lat' dir='ltr'><strong>plurimis</strong></span> <span class='ocrx_word' id='word_1_169' title='bbox 1071 2365 1258 2420; x_wconf 91' lang='lat' dir='ltr'><strong>fuisses</strong></span> <span class='ocrx_word' id='word_1_170' title='bbox 1293 2363 1568 2431; x_wconf 88' lang='lat' dir='ltr'><strong>educatus,</strong></span> <span class='ocrx_word' id='word_1_171' title='bbox 1595 2372 1939 2418; x_wconf 84' lang='lat' dir='ltr'><strong>causarentur</strong></span> <span class='ocrx_word' id='word_1_172' title='bbox 1971 2381 1983 2416; x_wconf 89' lang='lat'><strong>:</strong></span> <span class='ocrx_word' id='word_1_173' title='bbox 2014 2362 2066 2417; x_wconf 92' lang='lat' dir='ltr'><strong>in</strong></span> 
     </span>
    </p>
   </div>
   <div class='ocr_carea' id='block_1_24' title="bbox 483 2455 2069 2528">
    <p class='ocr_par' dir='ltr' id='par_1_24' title="bbox 483 2455 2069 2528">
     <span class='ocr_line' id='line_1_24' title="bbox 483 2455 2069 2528; baseline 0.001 -20"><span class='ocrx_word' id='word_1_174' title='bbox 483 2456 674 2526; x_wconf 81' lang='lat' dir='ltr'><strong>vigiliis</strong></span> <span class='ocrx_word' id='word_1_175' title='bbox 699 2473 826 2512; x_wconf 86' lang='lat' dir='ltr'><strong>vero</strong></span> <span class='ocrx_word' id='word_1_176' title='bbox 851 2471 1007 2528; x_wconf 89' lang='lat' dir='ltr'><strong>quam</strong></span> <span class='ocrx_word' id='word_1_177' title='bbox 1040 2466 1164 2511; x_wconf 92' lang='lat' dir='ltr'><strong>tunc</strong></span> <span class='ocrx_word' id='word_1_178' title='bbox 1192 2457 1465 2528; x_wconf 82' lang='lat' dir='ltr'><strong>negligens</strong></span> <span class='ocrx_word' id='word_1_179' title='bbox 1489 2457 1674 2519; x_wconf 84' lang='lat' dir='ltr'><strong>fueris,</strong></span> <span class='ocrx_word' id='word_1_180' title='bbox 1723 2457 1835 2527; x_wconf 91' lang='lat' dir='ltr'><strong>ipse</strong></span> <span class='ocrx_word' id='word_1_181' title='bbox 1881 2455 2069 2510; x_wconf 89' lang='lat' dir='ltr'><strong>melius</strong></span> 
     </span>
    </p>
   </div>
   <div class='ocr_carea' id='block_1_25' title="bbox 481 2547 2068 2618">
    <p class='ocr_par' dir='ltr' id='par_1_25' title="bbox 481 2547 2068 2618">
     <span class='ocr_line' id='line_1_25' title="bbox 481 2547 2068 2618; baseline -0.001 -17"><span class='ocrx_word' id='word_1_182' title='bbox 481 2548 645 2602; x_wconf 82' lang='lat' dir='ltr'><strong>nosti.</strong></span> <span class='ocrx_word' id='word_1_183' title='bbox 677 2547 832 2618; x_wconf 71' lang='lat' dir='ltr'><strong>Szepe</strong></span> <span class='ocrx_word' id='word_1_184' title='bbox 859 2549 1000 2604; x_wconf 91' lang='lat' dir='ltr'><strong>enim</strong></span> <span class='ocrx_word' id='word_1_185' title='bbox 1031 2549 1148 2602; x_wconf 90' lang='lat' dir='ltr'><strong>aliis</strong></span> <span class='ocrx_word' id='word_1_186' title='bbox 1179 2548 1434 2618; x_wconf 90' lang='lat' dir='ltr'><strong>profunda</strong></span> <span class='ocrx_word' id='word_1_187' title='bbox 1480 2558 1638 2603; x_wconf 90' lang='lat' dir='ltr'><strong>nocte</strong></span> <span class='ocrx_word' id='word_1_188' title='bbox 1679 2549 1854 2602; x_wconf 87' lang='lat' dir='ltr'><strong>statim</strong></span> <span class='ocrx_word' id='word_1_189' title='bbox 1883 2561 2068 2601; x_wconf 89' lang='lat' dir='ltr'><strong>exsur-</strong></span> 
     </span>
    </p>
   </div>
   <div class='ocr_carea' id='block_1_26' title="bbox 485 2637 2066 2710">
    <p class='ocr_par' dir='ltr' id='par_1_26' title="bbox 485 2637 2066 2710">
     <span class='ocr_line' id='line_1_26' title="bbox 485 2637 2066 2710; baseline -0.002 -16"><span class='ocrx_word' id='word_1_190' title='bbox 485 2639 732 2706; x_wconf 84' lang='lat' dir='ltr'><strong>geutibus</strong></span> <span class='ocrx_word' id='word_1_191' title='bbox 754 2640 866 2708; x_wconf 89' lang='lat' dir='ltr'><strong>ipse</strong></span> <span class='ocrx_word' id='word_1_192' title='bbox 887 2642 1034 2710; x_wconf 86' lang='lat' dir='ltr'><strong>gravi</strong></span> <span class='ocrx_word' id='word_1_193' title='bbox 1061 2655 1249 2694; x_wconf 86' lang='lat' dir='ltr'><strong>somno</strong></span> <span class='ocrx_word' id='word_1_194' title='bbox 1282 2654 1491 2702; x_wconf 89' lang='lat' dir='ltr'><strong>mersus</strong></span> <span class='ocrx_word' id='word_1_195' title='bbox 1512 2637 1837 2706; x_wconf 90' lang='lat' dir='ltr'><strong>dormiebas,</strong></span> <span class='ocrx_word' id='word_1_196' title='bbox 1867 2647 2066 2693; x_wconf 89' lang='lat' dir='ltr'><strong>etcum</strong></span> 
     </span>
    </p>
   </div>
   <div class='ocr_carea' id='block_1_27' title="bbox 487 2729 2067 2801">
    <p class='ocr_par' dir='ltr' id='par_1_27' title="bbox 487 2729 2067 2801">
     <span class='ocr_line' id='line_1_27' title="bbox 487 2729 2067 2801; baseline 0.001 -19"><span class='ocrx_word' id='word_1_197' title='bbox 487 2739 541 2785; x_wconf 90' lang='lat' dir='ltr'><strong>te</strong></span> <span class='ocrx_word' id='word_1_198' title='bbox 595 2730 686 2783; x_wconf 90' lang='lat' dir='ltr'><strong>alii</strong></span> <span class='ocrx_word' id='word_1_199' title='bbox 737 2729 1033 2785; x_wconf 82' lang='lat' dir='ltr'><strong>excitarent</strong></span> <span class='ocrx_word' id='word_1_200' title='bbox 1077 2730 1457 2800; x_wconf 75' lang='lat' dir='ltr'><strong>indignaberis.</strong></span> <span class='ocrx_word' id='word_1_201' title='bbox 1519 2732 1590 2786; x_wconf 84' lang='lat' dir='ltr'><strong>At</strong></span> <span class='ocrx_word' id='word_1_202' title='bbox 1655 2745 1797 2785; x_wconf 89' lang='lat' dir='ltr'><strong>nunc</strong></span> <span class='ocrx_word' id='word_1_203' title='bbox 1847 2747 1913 2786; x_wconf 90' lang='lat' dir='ltr'><strong>ex</strong></span> <span class='ocrx_word' id='word_1_204' title='bbox 1961 2745 2067 2801; x_wconf 93' lang='lat' dir='ltr'><strong>quo</strong></span> 
     </span>
    </p>
   </div>
   <div class='ocr_carea' id='block_1_28' title="bbox 484 2818 2068 2890">
    <p class='ocr_par' dir='ltr' id='par_1_28' title="bbox 484 2818 2068 2890">
     <span class='ocr_line' id='line_1_28' title="bbox 484 2818 2068 2890; baseline 0.003 -18"><span class='ocrx_word' id='word_1_205' title='bbox 484 2819 684 2874; x_wconf 84' lang='lat' dir='ltr'><strong>bellum</strong></span> <span class='ocrx_word' id='word_1_206' title='bbox 726 2818 828 2874; x_wconf 92' lang='lat' dir='ltr'><strong>hoc</strong></span> <span class='ocrx_word' id='word_1_207' title='bbox 864 2828 920 2874; x_wconf 89' lang='lat' dir='ltr'><strong>et</strong></span> <span class='ocrx_word' id='word_1_208' title='bbox 971 2836 1195 2890; x_wconf 85' lang='lat' dir='ltr'><strong>pugnam</strong></span> <span class='ocrx_word' id='word_1_209' title='bbox 1249 2821 1491 2884; x_wconf 88' lang='lat' dir='ltr'><strong>subiisti,</strong></span> <span class='ocrx_word' id='word_1_210' title='bbox 1541 2821 1631 2874; x_wconf 89' lang='lat' dir='ltr'><strong>illa</strong></span> <span class='ocrx_word' id='word_1_211' title='bbox 1671 2821 1847 2875; x_wconf 87' lang='lat' dir='ltr'><strong>omnia</strong></span> <span class='ocrx_word' id='word_1_212' title='bbox 1897 2821 2068 2877; x_wconf 88' lang='lat' dir='ltr'><strong>soluta</strong></span> 
     </span>
    </p>
   </div>
   <div class='ocr_carea' id='block_1_29' title="bbox 485 2909 2069 2980">
    <p class='ocr_par' dir='ltr' id='par_1_29' title="bbox 485 2909 2069 2980">
     <span class='ocr_line' id='line_1_29' title="bbox 485 2909 2069 2980; baseline 0.001 -17"><span class='ocrx_word' id='word_1_213' title='bbox 485 2918 630 2976; x_wconf 91' lang='lat' dir='ltr'><strong>sunt,</strong></span> <span class='ocrx_word' id='word_1_214' title='bbox 656 2916 815 2979; x_wconf 91' lang='lat' dir='ltr'><strong>atque</strong></span> <span class='ocrx_word' id='word_1_215' title='bbox 841 2911 892 2964; x_wconf 94' lang='lat' dir='ltr'><strong>in</strong></span> <span class='ocrx_word' id='word_1_216' title='bbox 914 2909 1102 2963; x_wconf 89' lang='lat' dir='ltr'><strong>melius</strong></span> <span class='ocrx_word' id='word_1_217' title='bbox 1128 2918 1348 2964; x_wconf 89' lang='lat' dir='ltr'><strong>mutata.</strong></span> <span class='ocrx_word' id='word_1_218' title='bbox 1379 2909 1532 2978; x_wconf 83' lang='lat' dir='ltr'><strong>Quod</strong></span> <span class='ocrx_word' id='word_1_219' title='bbox 1571 2911 1617 2965; x_wconf 90' lang='lat' dir='ltr'><strong>si</strong></span> <span class='ocrx_word' id='word_1_220' title='bbox 1662 2925 1869 2980; x_wconf 60' lang='lat' dir='ltr'><strong>quaras</strong></span> <span class='ocrx_word' id='word_1_221' title='bbox 1896 2926 1960 2964; x_wconf 85' lang='lat' dir='ltr'><strong>ex</strong></span> <span class='ocrx_word' id='word_1_222' title='bbox 1983 2925 2069 2966; x_wconf 89' lang='lat' dir='ltr'><strong>me</strong></span> 
     </span>
    </p>
   </div>
   <div class='ocr_carea' id='block_1_30' title="bbox 483 3000 2070 3070">
    <p class='ocr_par' dir='ltr' id='par_1_30' title="bbox 483 3000 2070 3070">
     <span class='ocr_line' id='line_1_30' title="bbox 483 3000 2070 3070; baseline 0.002 -18"><span class='ocrx_word' id='word_1_223' title='bbox 483 3000 857 3070; x_wconf 88' lang='lat' dir='ltr'><strong>quamobrem,</strong></span> <span class='ocrx_word' id='word_1_224' title='bbox 899 3016 1020 3055; x_wconf 92' lang='lat' dir='ltr'><strong>cum</strong></span> <span class='ocrx_word' id='word_1_225' title='bbox 1049 3001 1100 3054; x_wconf 95' lang='lat' dir='ltr'><strong>in</strong></span> <span class='ocrx_word' id='word_1_226' title='bbox 1130 3000 1333 3056; x_wconf 87' lang='lat' dir='ltr'><strong>deliciis</strong></span> <span class='ocrx_word' id='word_1_227' title='bbox 1361 3015 1568 3069; x_wconf 82' lang='lat' dir='ltr'><strong>ageres,</strong></span> <span class='ocrx_word' id='word_1_228' title='bbox 1610 3016 1675 3055; x_wconf 92' lang='lat' dir='ltr'><strong>ac</strong></span> <span class='ocrx_word' id='word_1_229' title='bbox 1703 3001 1883 3056; x_wconf 90' lang='lat' dir='ltr'><strong>mundi</strong></span> <span class='ocrx_word' id='word_1_230' title='bbox 1912 3001 2070 3056; x_wconf 91' lang='lat' dir='ltr'><strong>rebus</strong></span> 
     </span>
    </p>
   </div>
   <div class='ocr_carea' id='block_1_31' title="bbox 484 3093 2066 3158">
    <p class='ocr_par' dir='ltr' id='par_1_31' title="bbox 484 3093 2066 3158">
     <span class='ocr_line' id='line_1_31' title="bbox 484 3093 2066 3158; baseline 0.003 -13"><span class='ocrx_word' id='word_1_231' title='bbox 484 3093 704 3147; x_wconf 89' lang='lat' dir='ltr'><strong>omnino</strong></span> <span class='ocrx_word' id='word_1_232' title='bbox 757 3093 991 3148; x_wconf 87' lang='lat' dir='ltr'><strong>intentus</strong></span> <span class='ocrx_word' id='word_1_233' title='bbox 1036 3109 1218 3158; x_wconf 88' lang='lat' dir='ltr'><strong>esses,</strong></span> <span class='ocrx_word' id='word_1_234' title='bbox 1268 3108 1374 3148; x_wconf 91' lang='lat' dir='ltr'><strong>non</strong></span> <span class='ocrx_word' id='word_1_235' title='bbox 1439 3103 1568 3149; x_wconf 88' lang='lat' dir='ltr'><strong>tunc</strong></span> <span class='ocrx_word' id='word_1_236' title='bbox 1615 3094 1706 3148; x_wconf 89' lang='lat' dir='ltr'><strong>tibi</strong></span> <span class='ocrx_word' id='word_1_237' title='bbox 1769 3095 2066 3149; x_wconf 63' lang='lat' dir='ltr'><strong>daemonem</strong></span> 
     </span>
    </p>
   </div>
   <div class='ocr_carea' id='block_1_32' title="bbox 486 3183 2071 3256">
    <p class='ocr_par' dir='ltr' id='par_1_32' title="bbox 486 3183 2071 3256">
     <span class='ocr_line' id='line_1_32' title="bbox 486 3183 2071 3256; baseline 0.003 -18"><span class='ocrx_word' id='word_1_238' title='bbox 486 3185 644 3238; x_wconf 87' lang='lat' dir='ltr'><strong>istum</strong></span> <span class='ocrx_word' id='word_1_239' title='bbox 693 3183 973 3240; x_wconf 87' lang='lat' dir='ltr'><strong>immiserit</strong></span> <span class='ocrx_word' id='word_1_240' title='bbox 1018 3185 1176 3249; x_wconf 89' lang='lat' dir='ltr'><strong>Deus,</strong></span> <span class='ocrx_word' id='word_1_241' title='bbox 1228 3185 1356 3240; x_wconf 89' lang='lat' dir='ltr'><strong>illud</strong></span> <span class='ocrx_word' id='word_1_242' title='bbox 1405 3201 1504 3254; x_wconf 81' lang='lat' dir='ltr'><strong>ego</strong></span> <span class='ocrx_word' id='word_1_243' title='bbox 1545 3186 1918 3256; x_wconf 87' lang='lat' dir='ltr'><strong>respondebo,</strong></span> <span class='ocrx_word' id='word_1_244' title='bbox 1969 3187 2071 3242; x_wconf 91' lang='lat' dir='ltr'><strong>hoc</strong></span> 
     </span>
    </p>
   </div>
   <div class='ocr_carea' id='block_1_33' title="bbox 486 3275 2068 3347">
    <p class='ocr_par' dir='ltr' id='par_1_33' title="bbox 486 3275 2068 3347">
     <span class='ocr_line' id='line_1_33' title="bbox 486 3275 2068 3347; baseline 0.003 -20"><span class='ocrx_word' id='word_1_245' title='bbox 486 3290 696 3345; x_wconf 86' lang='lat' dir='ltr'><strong>quoque</strong></span> <span class='ocrx_word' id='word_1_246' title='bbox 724 3275 864 3330; x_wconf 91' lang='lat' dir='ltr'><strong>illius</strong></span> <span class='ocrx_word' id='word_1_247' title='bbox 892 3285 1068 3331; x_wconf 90' lang='lat' dir='ltr'><strong>actum</strong></span> <span class='ocrx_word' id='word_1_248' title='bbox 1110 3291 1230 3332; x_wconf 91' lang='lat' dir='ltr'><strong>esse</strong></span> <span class='ocrx_word' id='word_1_249' title='bbox 1275 3278 1628 3347; x_wconf 88' lang='lat' dir='ltr'><strong>providentia.</strong></span> <span class='ocrx_word' id='word_1_250' title='bbox 1673 3277 1886 3334; x_wconf 91' lang='lat' dir='ltr'><strong>Sciebat</strong></span> <span class='ocrx_word' id='word_1_251' title='bbox 1929 3278 2068 3332; x_wconf 83' lang='lat' dir='ltr'><strong>enim</strong></span> 
     </span>
    </p>
   </div>
   <div class='ocr_carea' id='block_1_34' title="bbox 489 3369 2072 3440">
    <p class='ocr_par' dir='ltr' id='par_1_34' title="bbox 489 3369 2072 3440">
     <span class='ocr_line' id='line_1_34' title="bbox 489 3369 2072 3440; baseline 0.003 -20"><span class='ocrx_word' id='word_1_252' title='bbox 489 3377 615 3422; x_wconf 90' lang='lat' dir='ltr'><strong>ttmc</strong></span> <span class='ocrx_word' id='word_1_253' title='bbox 645 3377 696 3423; x_wconf 90' lang='lat' dir='ltr'><strong>te</strong></span> <span class='ocrx_word' id='word_1_254' title='bbox 747 3369 1091 3435; x_wconf 89' lang='lat' dir='ltr'><strong>imbecillum,</strong></span> <span class='ocrx_word' id='word_1_255' title='bbox 1133 3370 1489 3440; x_wconf 87' lang='lat' dir='ltr'><strong>superandum</strong></span> <span class='ocrx_word' id='word_1_256' title='bbox 1539 3371 1709 3437; x_wconf 81' lang='lat' dir='ltr'><strong>facile,</strong></span> <span class='ocrx_word' id='word_1_257' title='bbox 1767 3386 1829 3426; x_wconf 90' lang='lat' dir='ltr'><strong>ac</strong></span> <span class='ocrx_word' id='word_1_258' title='bbox 1867 3379 2072 3425; x_wconf 90' lang='lat' dir='ltr'><strong>mature</strong></span> 
     </span>
    </p>
   </div>
   <div class='ocr_carea' id='block_1_35' title="bbox 491 3459 2071 3528">
    <p class='ocr_par' dir='ltr' id='par_1_35' title="bbox 491 3459 2071 3528">
     <span class='ocr_line' id='line_1_35' title="bbox 491 3459 2071 3528; baseline 0.005 -20"><span class='ocrx_word' id='word_1_259' title='bbox 491 3462 804 3526; x_wconf 85' lang='lat' dir='ltr'><strong>periturum.</strong></span> <span class='ocrx_word' id='word_1_260' title='bbox 835 3461 1010 3528; x_wconf 85' lang='lat' dir='ltr'><strong>Atque</strong></span> <span class='ocrx_word' id='word_1_261' title='bbox 1046 3459 1164 3515; x_wconf 90' lang='lat' dir='ltr'><strong>ideo</strong></span> <span class='ocrx_word' id='word_1_262' title='bbox 1187 3476 1294 3515; x_wconf 92' lang='lat' dir='ltr'><strong>non</strong></span> <span class='ocrx_word' id='word_1_263' title='bbox 1343 3463 1521 3516; x_wconf 89' lang='lat' dir='ltr'><strong>statim</strong></span> <span class='ocrx_word' id='word_1_264' title='bbox 1577 3462 1643 3516; x_wconf 91' lang='lat' dir='ltr'><strong>ad</strong></span> <span class='ocrx_word' id='word_1_265' title='bbox 1692 3461 1830 3517; x_wconf 89' lang='lat' dir='ltr'><strong>hanc</strong></span> <span class='ocrx_word' id='word_1_266' title='bbox 1875 3463 2071 3517; x_wconf 88' lang='lat' dir='ltr'><strong>luctam</strong></span> 
     </span>
    </p>
   </div>
   <div class='ocr_carea' id='block_1_36' title="bbox 487 3549 2072 3616">
    <p class='ocr_par' dir='ltr' id='par_1_36' title="bbox 487 3549 2072 3616">
     <span class='ocr_line' id='line_1_36' title="bbox 487 3549 2072 3616; baseline 0.002 -13"><span class='ocrx_word' id='word_1_267' title='bbox 487 3549 718 3613; x_wconf 86' lang='lat' dir='ltr'><strong>vocavit,</strong></span> <span class='ocrx_word' id='word_1_268' title='bbox 761 3563 882 3604; x_wconf 89' lang='lat' dir='ltr'><strong>cum</strong></span> <span class='ocrx_word' id='word_1_269' title='bbox 913 3550 980 3604; x_wconf 91' lang='lat' dir='ltr'><strong>ad</strong></span> <span class='ocrx_word' id='word_1_270' title='bbox 1011 3550 1393 3606; x_wconf 88' lang='lat' dir='ltr'><strong>monachorum</strong></span> <span class='ocrx_word' id='word_1_271' title='bbox 1423 3553 1584 3607; x_wconf 91' lang='lat' dir='ltr'><strong>vitam</strong></span> <span class='ocrx_word' id='word_1_272' title='bbox 1605 3553 1944 3616; x_wconf 87' lang='lat' dir='ltr'><strong>accessisses,</strong></span> <span class='ocrx_word' id='word_1_273' title='bbox 1977 3552 2072 3606; x_wconf 86' lang='lat' dir='ltr'><strong>sed</strong></span> 
     </span>
    </p>
   </div>
   <div class='ocr_carea' id='block_1_37' title="bbox 486 3639 2160 3713">
    <p class='ocr_par' dir='ltr' id='par_1_37' title="bbox 486 3639 2160 3713">
     <span class='ocr_line' id='line_1_37' title="bbox 486 3639 2160 3713; baseline 0.002 -19"><span class='ocrx_word' id='word_1_274' title='bbox 486 3639 730 3694; x_wconf 82' lang='lat' dir='ltr'><strong>exerceri</strong></span> <span class='ocrx_word' id='word_1_275' title='bbox 758 3641 905 3710; x_wconf 90' lang='lat' dir='ltr'><strong>prius</strong></span> <span class='ocrx_word' id='word_1_276' title='bbox 929 3649 981 3696; x_wconf 89' lang='lat' dir='ltr'><strong>te</strong></span> <span class='ocrx_word' id='word_1_277' title='bbox 1011 3642 1270 3710; x_wconf 88' lang='lat' dir='ltr'><strong>permisit,</strong></span> <span class='ocrx_word' id='word_1_278' title='bbox 1311 3656 1376 3697; x_wconf 91' lang='lat' dir='ltr'><strong>ac</strong></span> <span class='ocrx_word' id='word_1_279' title='bbox 1406 3643 1617 3713; x_wconf 85' lang='lat' dir='ltr'><strong>longum</strong></span> <span class='ocrx_word' id='word_1_280' title='bbox 1647 3658 1806 3713; x_wconf 87' lang='lat' dir='ltr'><strong>agere</strong></span> <span class='ocrx_word' id='word_1_281' title='bbox 1830 3652 2068 3713; x_wconf 90' lang='lat' dir='ltr'><strong>tempus;</strong></span> <span class='ocrx_word' id='word_1_282' title='bbox 2153 3667 2160 3671; x_wconf 83' lang='grc'><strong>-</strong></span> 
     </span>
    </p>
   </div>
   <div class='ocr_carea' id='block_1_38' title="bbox 487 3731 2070 3801">
    <p class='ocr_par' dir='ltr' id='par_1_38' title="bbox 487 3731 2070 3801">
     <span class='ocr_line' id='line_1_38' title="bbox 487 3731 2070 3801; baseline 0.005 -22"><span class='ocrx_word' id='word_1_283' title='bbox 487 3739 832 3800; x_wconf 67' lang='lat' dir='ltr'><strong>posteaquam</strong></span> <span class='ocrx_word' id='word_1_284' title='bbox 860 3746 988 3786; x_wconf 88' lang='lat' dir='ltr'><strong>vero</strong></span> <span class='ocrx_word' id='word_1_285' title='bbox 1008 3731 1408 3788; x_wconf 89' lang='lat' dir='ltr'><strong>robustissimus</strong></span> <span class='ocrx_word' id='word_1_286' title='bbox 1447 3733 1617 3788; x_wconf 84' lang='lat' dir='ltr'><strong>factus</strong></span> <span class='ocrx_word' id='word_1_287' title='bbox 1647 3749 1726 3801; x_wconf 89' lang='lat' dir='ltr'><strong>es,</strong></span> <span class='ocrx_word' id='word_1_288' title='bbox 1752 3743 1881 3790; x_wconf 86' lang='lat' dir='ltr'><strong>tunc</strong></span> <span class='ocrx_word' id='word_1_289' title='bbox 1898 3734 1963 3788; x_wconf 90' lang='lat' dir='ltr'><strong>ad</strong></span> <span class='ocrx_word' id='word_1_290' title='bbox 1990 3734 2070 3788; x_wconf 87' lang='lat' dir='ltr'><strong>la-</strong></span> 
     </span>
    </p>
   </div>
   <div class='ocr_carea' id='block_1_39' title="bbox 488 3819 2072 3895">
    <p class='ocr_par' dir='ltr' id='par_1_39' title="bbox 488 3819 2072 3895">
     <span class='ocr_line' id='line_1_39' title="bbox 488 3819 2072 3895; baseline 0.002 -20"><span class='ocrx_word' id='word_1_291' title='bbox 488 3820 760 3875; x_wconf 90' lang='lat' dir='ltr'><strong>boriosum</strong></span> <span class='ocrx_word' id='word_1_292' title='bbox 783 3819 883 3876; x_wconf 90' lang='lat' dir='ltr'><strong>hoc</strong></span> <span class='ocrx_word' id='word_1_293' title='bbox 921 3820 1150 3877; x_wconf 89' lang='lat' dir='ltr'><strong>stadium</strong></span> <span class='ocrx_word' id='word_1_294' title='bbox 1179 3823 1453 3892; x_wconf 79' lang='lat' dir='ltr'><strong>pertraxit.</strong></span> <span class='ocrx_word' id='word_1_295' title='bbox 1496 3824 1683 3879; x_wconf 85' lang='lat' dir='ltr'><strong>Adhuc</strong></span> <span class='ocrx_word' id='word_1_296' title='bbox 1707 3824 1864 3895; x_wconf 81' lang='lat' dir='ltr'><strong>igitur</strong></span> <span class='ocrx_word' id='word_1_297' title='bbox 1885 3839 2072 3880; x_wconf 90' lang='lat' dir='ltr'><strong>eorum</strong></span> 
     </span>
    </p>
   </div>
   <div class='ocr_carea' id='block_1_40' title="bbox 487 3909 2072 3987">
    <p class='ocr_par' dir='ltr' id='par_1_40' title="bbox 487 3909 2072 3987">
     <span class='ocr_line' id='line_1_40' title="bbox 487 3909 2072 3987; baseline 0.006 -25"><span class='ocrx_word' id='word_1_298' title='bbox 487 3910 577 3980; x_wconf 91' lang='lat' dir='ltr'><strong>qui</strong></span> <span class='ocrx_word' id='word_1_299' title='bbox 633 3919 758 3965; x_wconf 92' lang='lat' dir='ltr'><strong>sunt</strong></span> <span class='ocrx_word' id='word_1_300' title='bbox 803 3909 857 3965; x_wconf 93' lang='lat' dir='ltr'><strong>in</strong></span> <span class='ocrx_word' id='word_1_301' title='bbox 903 3912 1098 3966; x_wconf 69' lang='lat' dir='ltr'><strong>szeculo</strong></span> <span class='ocrx_word' id='word_1_302' title='bbox 1137 3915 1459 3969; x_wconf 90' lang='lat' dir='ltr'><strong>mentionem</strong></span> <span class='ocrx_word' id='word_1_303' title='bbox 1505 3913 1669 3982; x_wconf 87' lang='lat' dir='ltr'><strong>facis,</strong></span> <span class='ocrx_word' id='word_1_304' title='bbox 1713 3915 2072 3987; x_wconf 82' lang='lat' dir='ltr'><strong>famulumque</strong></span> 
     </span>
    </p>
   </div>
   <div class='ocr_carea' id='block_1_41' title="bbox 490 4002 2072 4080">
    <p class='ocr_par' dir='ltr' id='par_1_41' title="bbox 490 4002 2072 4080">
     <span class='ocr_line' id='line_1_41' title="bbox 490 4002 2072 4080; baseline 0.006 -24"><span class='ocrx_word' id='word_1_305' title='bbox 490 4013 636 4057; x_wconf 91' lang='lat' dir='ltr'><strong>tuum</strong></span> <span class='ocrx_word' id='word_1_306' title='bbox 679 4002 733 4058; x_wconf 90' lang='lat' dir='ltr'><strong>in</strong></span> <span class='ocrx_word' id='word_1_307' title='bbox 777 4003 1009 4059; x_wconf 88' lang='lat' dir='ltr'><strong>medium</strong></span> <span class='ocrx_word' id='word_1_308' title='bbox 1057 4004 1279 4060; x_wconf 89' lang='lat' dir='ltr'><strong>adducis</strong></span> <span class='ocrx_word' id='word_1_309' title='bbox 1309 4024 1324 4061; x_wconf 92' lang='lat'><strong>:</strong></span> <span class='ocrx_word' id='word_1_310' title='bbox 1353 4007 1498 4061; x_wconf 92' lang='lat' dir='ltr'><strong>illum</strong></span> <span class='ocrx_word' id='word_1_311' title='bbox 1528 4009 1670 4062; x_wconf 89' lang='lat' dir='ltr'><strong>enim</strong></span> <span class='ocrx_word' id='word_1_312' title='bbox 1701 4018 1754 4064; x_wconf 86' lang='lat' dir='ltr'><strong>te</strong></span> <span class='ocrx_word' id='word_1_313' title='bbox 1775 4009 2072 4080; x_wconf 88' lang='lat' dir='ltr'><strong>significare</strong></span> 
     </span>
    </p>
   </div>
   <div class='ocr_carea' id='block_1_42' title="bbox 488 4096 2070 4169">
    <p class='ocr_par' dir='ltr' id='par_1_42' title="bbox 488 4096 2070 4169">
     <span class='ocr_line' id='line_1_42' title="bbox 488 4096 2070 4169; baseline 0.004 -20"><span class='ocrx_word' id='word_1_314' title='bbox 488 4096 720 4152; x_wconf 85' lang='lat' dir='ltr'><strong>voluisse</strong></span> <span class='ocrx_word' id='word_1_315' title='bbox 746 4111 890 4165; x_wconf 90' lang='lat' dir='ltr'><strong>reor,</strong></span> <span class='ocrx_word' id='word_1_316' title='bbox 917 4111 1039 4152; x_wconf 93' lang='lat' dir='ltr'><strong>cum</strong></span> <span class='ocrx_word' id='word_1_317' title='bbox 1064 4097 1273 4154; x_wconf 88' lang='lat' dir='ltr'><strong>diceres</strong></span> <span class='ocrx_word' id='word_1_318' title='bbox 1319 4099 1574 4169; x_wconf 88' lang='lat' dir='ltr'><strong>plurimos</strong></span> <span class='ocrx_word' id='word_1_319' title='bbox 1603 4101 1885 4157; x_wconf 67' lang='lat' dir='ltr'><strong>sreculares</strong></span> <span class='ocrx_word' id='word_1_320' title='bbox 1907 4102 2070 4169; x_wconf 87' lang='lat' dir='ltr'><strong>viros,</strong></span> 
     </span>
    </p>
   </div>
   <div class='ocr_carea' id='block_1_43' title="bbox 491 4188 2072 4262">
    <p class='ocr_par' dir='ltr' id='par_1_43' title="bbox 491 4188 2072 4262">
     <span class='ocr_line' id='line_1_43' title="bbox 491 4188 2072 4262; baseline 0.002 -20"><span class='ocrx_word' id='word_1_321' title='bbox 491 4202 612 4242; x_wconf 93' lang='lat' dir='ltr'><strong>cum</strong></span> <span class='ocrx_word' id='word_1_322' title='bbox 651 4188 702 4242; x_wconf 92' lang='lat' dir='ltr'><strong>in</strong></span> <span class='ocrx_word' id='word_1_323' title='bbox 731 4188 873 4243; x_wconf 92' lang='lat' dir='ltr'><strong>hunc</strong></span> <span class='ocrx_word' id='word_1_324' title='bbox 897 4188 1140 4244; x_wconf 90' lang='lat' dir='ltr'><strong>morbum</strong></span> <span class='ocrx_word' id='word_1_325' title='bbox 1167 4188 1495 4258; x_wconf 84' lang='lat' dir='ltr'><strong>incidissent,</strong></span> <span class='ocrx_word' id='word_1_326' title='bbox 1520 4190 1764 4247; x_wconf 87' lang='lat' dir='ltr'><strong>celeriter</strong></span> <span class='ocrx_word' id='word_1_327' title='bbox 1785 4201 1944 4262; x_wconf 88' lang='lat' dir='ltr'><strong>atque</strong></span> <span class='ocrx_word' id='word_1_328' title='bbox 1986 4191 2072 4246; x_wconf 90' lang='lat' dir='ltr'><strong>in-</strong></span> 
     </span>
    </p>
   </div>
   <div class='ocr_carea' id='block_1_44' title="bbox 488 4278 2073 4348">
    <p class='ocr_par' dir='ltr' id='par_1_44' title="bbox 488 4278 2073 4348">
     <span class='ocr_line' id='line_1_44' title="bbox 488 4278 2073 4348; baseline 0.003 -16"><span class='ocrx_word' id='word_1_329' title='bbox 488 4278 773 4348; x_wconf 89' lang='lat' dir='ltr'><strong>tegerrime</strong></span> <span class='ocrx_word' id='word_1_330' title='bbox 811 4278 973 4334; x_wconf 90' lang='lat' dir='ltr'><strong>fuisse</strong></span> <span class='ocrx_word' id='word_1_331' title='bbox 1012 4278 1282 4334; x_wconf 90' lang='lat' dir='ltr'><strong>liberatos.</strong></span> <span class='ocrx_word' id='word_1_332' title='bbox 1333 4279 1528 4334; x_wconf 87' lang='lat' dir='ltr'><strong>Verum</strong></span> <span class='ocrx_word' id='word_1_333' title='bbox 1572 4280 1800 4337; x_wconf 90' lang='lat' dir='ltr'><strong>famulus</strong></span> <span class='ocrx_word' id='word_1_334' title='bbox 1844 4292 1986 4348; x_wconf 87' lang='lat' dir='ltr'><strong>tuus,</strong></span> <span class='ocrx_word' id='word_1_335' title='bbox 2039 4295 2073 4336; x_wconf 91' lang='grc' dir='ltr'>Î¿</span> 
     </span>
    </p>
   </div>
   <div class='ocr_carea' id='block_1_45' title="bbox 488 4370 2071 4442">
    <p class='ocr_par' dir='ltr' id='par_1_45' title="bbox 488 4370 2071 4442">
     <span class='ocr_line' id='line_1_45' title="bbox 488 4370 2071 4442; baseline 0.002 -18"><span class='ocrx_word' id='word_1_336' title='bbox 488 4370 875 4434; x_wconf 89' lang='lat' dir='ltr'><strong>amantissime,</strong></span> <span class='ocrx_word' id='word_1_337' title='bbox 907 4378 964 4426; x_wconf 89' lang='lat' dir='ltr'><strong>et</strong></span> <span class='ocrx_word' id='word_1_338' title='bbox 997 4379 1256 4442; x_wconf 89' lang='lat' dir='ltr'><strong>quotquot</strong></span> <span class='ocrx_word' id='word_1_339' title='bbox 1282 4371 1497 4426; x_wconf 90' lang='lat' dir='ltr'><strong>eosdem</strong></span> <span class='ocrx_word' id='word_1_340' title='bbox 1525 4373 1737 4429; x_wconf 89' lang='lat' dir='ltr'><strong>subiere</strong></span> <span class='ocrx_word' id='word_1_341' title='bbox 1759 4387 1934 4441; x_wconf 89' lang='lat' dir='ltr'><strong>casus,</strong></span> <span class='ocrx_word' id='word_1_342' title='bbox 1965 4388 2071 4428; x_wconf 93' lang='lat' dir='ltr'><strong>non</strong></span> 
     </span>
    </p>
   </div>
   <div class='ocr_carea' id='block_1_46' title="bbox 2172 444 3756 522">
    <p class='ocr_par' dir='ltr' id='par_1_46' title="bbox 2172 444 3756 522">
     <span class='ocr_line' id='line_1_46' title="bbox 2172 444 3756 522; baseline 0.005 -22"><span class='ocrx_word' id='word_1_343' title='bbox 2172 444 2359 501; x_wconf 89' lang='lat' dir='ltr'><strong>eadem</strong></span> <span class='ocrx_word' id='word_1_344' title='bbox 2383 463 2446 502; x_wconf 87' lang='lat' dir='ltr'><strong>ex</strong></span> <span class='ocrx_word' id='word_1_345' title='bbox 2469 464 2626 505; x_wconf 89' lang='lat' dir='ltr'><strong>causa</strong></span> <span class='ocrx_word' id='word_1_346' title='bbox 2652 467 2770 507; x_wconf 92' lang='lat' dir='ltr'><strong>cum</strong></span> <span class='ocrx_word' id='word_1_347' title='bbox 2796 451 3094 522; x_wconf 83' lang='lat' dir='ltr'><strong>bnjusmodi</strong></span> <span class='ocrx_word' id='word_1_348' title='bbox 3123 454 3261 509; x_wconf 89' lang='lat' dir='ltr'><strong>malo</strong></span> <span class='ocrx_word' id='word_1_349' title='bbox 3295 452 3576 508; x_wconf 75' lang='lat' dir='ltr'><strong>conflictati</strong></span> <span class='ocrx_word' id='word_1_350' title='bbox 3605 466 3756 517; x_wconf 76' lang='lat' dir='ltr'><strong>sinit,</strong></span> 
     </span>
    </p>
   </div>
   <div class='ocr_carea' id='block_1_47' title="bbox 2171 543 3758 607">
    <p class='ocr_par' dir='ltr' id='par_1_47' title="bbox 2171 543 3758 607">
     <span class='ocr_line' id='line_1_47' title="bbox 2171 543 3758 607; baseline 0.008 -17"><span class='ocrx_word' id='word_1_351' title='bbox 2171 553 2273 607; x_wconf 89' lang='lat' dir='ltr'><strong>qua</strong></span> <span class='ocrx_word' id='word_1_352' title='bbox 2320 550 2373 593; x_wconf 91' lang='lat' dir='ltr'><strong>tu</strong></span> <span class='ocrx_word' id='word_1_353' title='bbox 2423 543 2602 596; x_wconf 89' lang='lat' dir='ltr'><strong>modo.</strong></span> <span class='ocrx_word' id='word_1_354' title='bbox 2653 543 2729 598; x_wconf 89' lang='lat' dir='ltr'><strong>Illi</strong></span> <span class='ocrx_word' id='word_1_355' title='bbox 2778 547 2922 600; x_wconf 89' lang='lat' dir='ltr'><strong>enim</strong></span> <span class='ocrx_word' id='word_1_356' title='bbox 2949 560 3011 602; x_wconf 91' lang='lat' dir='ltr'><strong>ac</strong></span> <span class='ocrx_word' id='word_1_357' title='bbox 3036 547 3246 601; x_wconf 85' lang='lat' dir='ltr'><strong>caeteris</strong></span> <span class='ocrx_word' id='word_1_358' title='bbox 3293 547 3552 602; x_wconf 87' lang='lat' dir='ltr'><strong>similibus</strong></span> <span class='ocrx_word' id='word_1_359' title='bbox 3579 549 3758 602; x_wconf 90' lang='lat' dir='ltr'><strong>solum</strong></span> 
     </span>
    </p>
   </div>
   <div class='ocr_carea' id='block_1_48' title="bbox 2177 632 3760 706">
    <p class='ocr_par' dir='ltr' id='par_1_48' title="bbox 2177 632 3760 706">
     <span class='ocr_line' id='line_1_48' title="bbox 2177 632 3760 706; baseline 0.006 -22"><span class='ocrx_word' id='word_1_360' title='bbox 2177 632 2409 687; x_wconf 89' lang='lat' dir='ltr'><strong>terrendi</strong></span> <span class='ocrx_word' id='word_1_361' title='bbox 2433 649 2612 700; x_wconf 82' lang='lat' dir='ltr'><strong>causa,</strong></span> <span class='ocrx_word' id='word_1_362' title='bbox 2638 646 2777 691; x_wconf 90' lang='lat' dir='ltr'><strong>utex</strong></span> <span class='ocrx_word' id='word_1_363' title='bbox 2806 636 3108 706; x_wconf 91' lang='lat' dir='ltr'><strong>hujusmodi</strong></span> <span class='ocrx_word' id='word_1_364' title='bbox 3135 639 3325 694; x_wconf 90' lang='lat' dir='ltr'><strong>timore</strong></span> <span class='ocrx_word' id='word_1_365' title='bbox 3368 639 3614 694; x_wconf 87' lang='lat' dir='ltr'><strong>meliores</strong></span> <span class='ocrx_word' id='word_1_366' title='bbox 3652 639 3760 694; x_wconf 83' lang='lat' dir='ltr'><strong>tieâ€”</strong></span> 
     </span>
    </p>
   </div>
   <div class='ocr_carea' id='block_1_49' title="bbox 2174 721 3762 800">
    <p class='ocr_par' dir='ltr' id='par_1_49' title="bbox 2174 721 3762 800">
     <span class='ocr_line' id='line_1_49' title="bbox 2174 721 3762 800; baseline 0.007 -25"><span class='ocrx_word' id='word_1_367' title='bbox 2174 731 2313 787; x_wconf 89' lang='lat' dir='ltr'><strong>rent,</strong></span> <span class='ocrx_word' id='word_1_368' title='bbox 2333 721 2470 778; x_wconf 87' lang='lat' dir='ltr'><strong>hanc</strong></span> <span class='ocrx_word' id='word_1_369' title='bbox 2485 724 2713 780; x_wconf 89' lang='lat' dir='ltr'><strong>belluam</strong></span> <span class='ocrx_word' id='word_1_370' title='bbox 2737 727 2956 782; x_wconf 89' lang='lat' dir='ltr'><strong>immisit</strong></span> <span class='ocrx_word' id='word_1_371' title='bbox 2971 730 3137 794; x_wconf 89' lang='lat' dir='ltr'><strong>Deus;</strong></span> <span class='ocrx_word' id='word_1_372' title='bbox 3163 729 3255 784; x_wconf 89' lang='lat' dir='ltr'><strong>tibi</strong></span> <span class='ocrx_word' id='word_1_373' title='bbox 3273 744 3398 785; x_wconf 84' lang='lat' dir='ltr'><strong>vero</strong></span> <span class='ocrx_word' id='word_1_374' title='bbox 3414 739 3472 784; x_wconf 93' lang='lat' dir='ltr'><strong>ut</strong></span> <span class='ocrx_word' id='word_1_375' title='bbox 3493 744 3762 800; x_wconf 85' lang='lat' dir='ltr'><strong>pugnares</strong></span> 
     </span>
    </p>
   </div>
   <div class='ocr_carea' id='block_1_50' title="bbox 2175 813 3760 898">
    <p class='ocr_par' dir='ltr' id='par_1_50' title="bbox 2175 813 3760 898">
     <span class='ocr_line' id='line_1_50' title="bbox 2175 813 3760 898; baseline 0.009 -30"><span class='ocrx_word' id='word_1_376' title='bbox 2175 813 2388 871; x_wconf 82' lang='lat' dir='ltr'><strong>fortiter</strong></span> <span class='ocrx_word' id='word_1_377' title='bbox 2427 827 2481 872; x_wconf 91' lang='lat' dir='ltr'><strong>et</strong></span> <span class='ocrx_word' id='word_1_378' title='bbox 2521 828 2738 876; x_wconf 90' lang='lat' dir='ltr'><strong>strenue</strong></span> <span class='ocrx_word' id='word_1_379' title='bbox 2764 837 2827 878; x_wconf 90' lang='lat' dir='ltr'><strong>ac</strong></span> <span class='ocrx_word' id='word_1_380' title='bbox 2850 823 3112 891; x_wconf 86' lang='lat' dir='ltr'><strong>vinceres,</strong></span> <span class='ocrx_word' id='word_1_381' title='bbox 3156 841 3514 897; x_wconf 88' lang='lat' dir='ltr'><strong>coronamque</strong></span> <span class='ocrx_word' id='word_1_382' title='bbox 3543 830 3760 898; x_wconf 89' lang='lat' dir='ltr'><strong>patien-</strong></span> 
     </span>
    </p>
   </div>
   <div class='ocr_carea' id='block_1_51' title="bbox 2175 905 3761 989">
    <p class='ocr_par' dir='ltr' id='par_1_51' title="bbox 2175 905 3761 989">
     <span class='ocr_line' id='line_1_51' title="bbox 2175 905 3761 989; baseline 0.009 -30"><span class='ocrx_word' id='word_1_383' title='bbox 2175 905 2262 960; x_wconf 67' lang='lat' dir='ltr'><strong>tim</strong></span> <span class='ocrx_word' id='word_1_384' title='bbox 2291 909 2539 967; x_wconf 88' lang='lat' dir='ltr'><strong>referres.</strong></span> <span class='ocrx_word' id='word_1_385' title='bbox 2591 911 2760 968; x_wconf 84' lang='lat' dir='ltr'><strong>Porro</strong></span> <span class='ocrx_word' id='word_1_386' title='bbox 2802 915 3020 969; x_wconf 90' lang='lat' dir='ltr'><strong>victoria</strong></span> <span class='ocrx_word' id='word_1_387' title='bbox 3075 925 3198 971; x_wconf 89' lang='lat' dir='ltr'><strong>tunc</strong></span> <span class='ocrx_word' id='word_1_388' title='bbox 3222 925 3322 983; x_wconf 89' lang='lat' dir='ltr'><strong>est,</strong></span> <span class='ocrx_word' id='word_1_389' title='bbox 3355 933 3460 972; x_wconf 90' lang='lat' dir='ltr'><strong>non</strong></span> <span class='ocrx_word' id='word_1_390' title='bbox 3487 933 3604 972; x_wconf 89' lang='lat' dir='ltr'><strong>cum</strong></span> <span class='ocrx_word' id='word_1_391' title='bbox 3633 919 3761 989; x_wconf 89' lang='lat' dir='ltr'><strong>quis</strong></span> 
     </span>
    </p>
   </div>
   <div class='ocr_carea' id='block_1_52' title="bbox 2173 999 3760 1080">
    <p class='ocr_par' dir='ltr' id='par_1_52' title="bbox 2173 999 3760 1080">
     <span class='ocr_line' id='line_1_52' title="bbox 2173 999 3760 1080; baseline 0.009 -31"><span class='ocrx_word' id='word_1_392' title='bbox 2173 999 2346 1054; x_wconf 79' lang='lat' dir='ltr'><strong>adhuc</strong></span> <span class='ocrx_word' id='word_1_393' title='bbox 2369 1001 2576 1058; x_wconf 88' lang='lat' dir='ltr'><strong>theatro</strong></span> <span class='ocrx_word' id='word_1_394' title='bbox 2601 1015 2898 1073; x_wconf 90' lang='lat' dir='ltr'><strong>constante,</strong></span> <span class='ocrx_word' id='word_1_395' title='bbox 2923 1008 3170 1064; x_wconf 90' lang='lat' dir='ltr'><strong>luctando</strong></span> <span class='ocrx_word' id='word_1_396' title='bbox 3190 1010 3418 1080; x_wconf 85' lang='lat' dir='ltr'><strong>seipsum</strong></span> <span class='ocrx_word' id='word_1_397' title='bbox 3449 1011 3760 1066; x_wconf 87' lang='lat' dir='ltr'><strong>adversario</strong></span> 
     </span>
    </p>
   </div>
   <div class='ocr_carea' id='block_1_53' title="bbox 2173 1091 3758 1174">
    <p class='ocr_par' dir='ltr' id='par_1_53' title="bbox 2173 1091 3758 1174">
     <span class='ocr_line' id='line_1_53' title="bbox 2173 1091 3758 1174; baseline 0.01 -30"><span class='ocrx_word' id='word_1_398' title='bbox 2173 1091 2458 1159; x_wconf 73' lang='lat' dir='ltr'><strong>Subrlucit,</strong></span> <span class='ocrx_word' id='word_1_399' title='bbox 2511 1095 2606 1150; x_wconf 91' lang='lat' dir='ltr'><strong>sed</strong></span> <span class='ocrx_word' id='word_1_400' title='bbox 2654 1113 2775 1152; x_wconf 91' lang='lat' dir='ltr'><strong>cum</strong></span> <span class='ocrx_word' id='word_1_401' title='bbox 2809 1113 2869 1154; x_wconf 91' lang='lat' dir='ltr'><strong>se</strong></span> <span class='ocrx_word' id='word_1_402' title='bbox 2905 1100 2971 1154; x_wconf 92' lang='lat' dir='ltr'><strong>ad</strong></span> <span class='ocrx_word' id='word_1_403' title='bbox 3023 1103 3470 1172; x_wconf 88' lang='lat' dir='ltr'><strong>congrediendum</strong></span> <span class='ocrx_word' id='word_1_404' title='bbox 3513 1113 3758 1174; x_wconf 87' lang='lat' dir='ltr'><strong>paratum</strong></span> 
     </span>
    </p>
   </div>
   <div class='ocr_carea' id='block_1_54' title="bbox 2177 1182 3758 1262">
    <p class='ocr_par' dir='ltr' id='par_1_54' title="bbox 2177 1182 3758 1262">
     <span class='ocr_line' id='line_1_54' title="bbox 2177 1182 3758 1262; baseline 0.01 -27"><span class='ocrx_word' id='word_1_405' title='bbox 2177 1182 2422 1239; x_wconf 90' lang='lat' dir='ltr'><strong>luctatori</strong></span> <span class='ocrx_word' id='word_1_406' title='bbox 2451 1201 2664 1258; x_wconf 88' lang='lat' dir='ltr'><strong>semper</strong></span> <span class='ocrx_word' id='word_1_407' title='bbox 2691 1190 2848 1246; x_wconf 81' lang='lat' dir='ltr'><strong>oï¬‚&#39;ert</strong></span> <span class='ocrx_word' id='word_1_408' title='bbox 2866 1232 2880 1257; x_wconf 95' lang='lat'><strong>,</strong></span> <span class='ocrx_word' id='word_1_409' title='bbox 2912 1193 3002 1262; x_wconf 91' lang='lat' dir='ltr'><strong>qui</strong></span> <span class='ocrx_word' id='word_1_410' title='bbox 3028 1193 3360 1250; x_wconf 89' lang='lat' dir='ltr'><strong>adversarius</strong></span> <span class='ocrx_word' id='word_1_411' title='bbox 3382 1197 3637 1252; x_wconf 86' lang='lat' dir='ltr'><strong>absurdas</strong></span> <span class='ocrx_word' id='word_1_412' title='bbox 3653 1213 3758 1251; x_wconf 91' lang='lat' dir='ltr'><strong>co-</strong></span> 
     </span>
    </p>
   </div>
   <div class='ocr_carea' id='block_1_55' title="bbox 2173 1275 3762 1360">
    <p class='ocr_par' dir='ltr' id='par_1_55' title="bbox 2173 1275 3762 1360">
     <span class='ocr_line' id='line_1_55' title="bbox 2173 1275 3762 1360; baseline 0.012 -35"><span class='ocrx_word' id='word_1_413' title='bbox 2173 1275 2454 1343; x_wconf 85' lang='lat' dir='ltr'><strong>gitationes</strong></span> <span class='ocrx_word' id='word_1_414' title='bbox 2478 1279 2494 1310; x_wconf 89' lang='grc'>Â¹</span> <span class='ocrx_word' id='word_1_415' title='bbox 2520 1295 2627 1348; x_wconf 69' lang='lat' dir='ltr'><strong>prae</strong></span> <span class='ocrx_word' id='word_1_416' title='bbox 2648 1298 2878 1339; x_wconf 71' lang='lat' dir='ltr'><strong>maerore</strong></span> <span class='ocrx_word' id='word_1_417' title='bbox 2895 1300 3182 1356; x_wconf 86' lang='lat' dir='ltr'><strong>suggerens</strong></span> <span class='ocrx_word' id='word_1_418' title='bbox 3201 1288 3326 1343; x_wconf 85' lang='lat' dir='ltr'><strong>nihil</strong></span> <span class='ocrx_word' id='word_1_419' title='bbox 3357 1290 3607 1360; x_wconf 69' lang='lat' dir='ltr'><strong>perlicere</strong></span> <span class='ocrx_word' id='word_1_420' title='bbox 3627 1305 3762 1359; x_wconf 80' lang='lat' dir='ltr'><strong>pos-</strong></span> 
     </span>
    </p>
   </div>
   <div class='ocr_carea' id='block_1_56' title="bbox 2173 1366 3762 1452">
    <p class='ocr_par' dir='ltr' id='par_1_56' title="bbox 2173 1366 3762 1452">
     <span class='ocr_line' id='line_1_56' title="bbox 2173 1366 3762 1452; baseline 0.013 -34"><span class='ocrx_word' id='word_1_421' title='bbox 2173 1366 2259 1419; x_wconf 91' lang='lat' dir='ltr'><strong>sit.</strong></span> <span class='ocrx_word' id='word_1_422' title='bbox 2293 1367 2440 1434; x_wconf 85' lang='lat' dir='ltr'><strong>Quod</strong></span> <span class='ocrx_word' id='word_1_423' title='bbox 2477 1385 2607 1426; x_wconf 77' lang='lat' dir='ltr'><strong>vero</strong></span> <span class='ocrx_word' id='word_1_424' title='bbox 2645 1387 2732 1427; x_wconf 92' lang='lat' dir='ltr'><strong>res</strong></span> <span class='ocrx_word' id='word_1_425' title='bbox 2767 1375 2837 1428; x_wconf 87' lang='lat' dir='ltr'><strong>ita</strong></span> <span class='ocrx_word' id='word_1_426' title='bbox 2873 1391 2931 1431; x_wconf 90' lang='lat' dir='ltr'><strong>se</strong></span> <span class='ocrx_word' id='word_1_427' title='bbox 2975 1377 3185 1445; x_wconf 88' lang='lat' dir='ltr'><strong>habeat,</strong></span> <span class='ocrx_word' id='word_1_428' title='bbox 3227 1379 3304 1434; x_wconf 92' lang='lat' dir='ltr'><strong>sic</strong></span> <span class='ocrx_word' id='word_1_429' title='bbox 3342 1383 3504 1450; x_wconf 81' lang='lat' dir='ltr'><strong>probe</strong></span> <span class='ocrx_word' id='word_1_430' title='bbox 3541 1382 3762 1452; x_wconf 82' lang='lat' dir='ltr'><strong>colligo.</strong></span> 
     </span>
    </p>
   </div>
   <div class='ocr_carea' id='block_1_57' title="bbox 2174 1454 3763 1543">
    <p class='ocr_par' dir='ltr' id='par_1_57' title="bbox 2174 1454 3763 1543">
     <span class='ocr_line' id='line_1_57' title="bbox 2174 1454 3763 1543; baseline 0.012 -34"><span class='ocrx_word' id='word_1_431' title='bbox 2174 1454 2398 1512; x_wconf 88' lang='lat' dir='ltr'><strong>Constat</strong></span> <span class='ocrx_word' id='word_1_432' title='bbox 2426 1461 2662 1530; x_wconf 84' lang='lat' dir='ltr'><strong>profecto</strong></span> <span class='ocrx_word' id='word_1_433' title='bbox 2689 1467 2955 1533; x_wconf 90' lang='lat' dir='ltr'><strong>omnibus,</strong></span> <span class='ocrx_word' id='word_1_434' title='bbox 2983 1470 3370 1538; x_wconf 89' lang='lat' dir='ltr'><strong>quantumlibet</strong></span> <span class='ocrx_word' id='word_1_435' title='bbox 3396 1481 3516 1526; x_wconf 90' lang='lat' dir='ltr'><strong>tute</strong></span> <span class='ocrx_word' id='word_1_436' title='bbox 3535 1489 3631 1543; x_wconf 89' lang='lat' dir='ltr'><strong>per</strong></span> <span class='ocrx_word' id='word_1_437' title='bbox 3655 1475 3763 1528; x_wconf 77' lang='lat' dir='ltr'><strong>ltu-</strong></span> 
     </span>
    </p>
   </div>
   <div class='ocr_carea' id='block_1_58' title="bbox 2177 1550 3763 1634">
    <p class='ocr_par' dir='ltr' id='par_1_58' title="bbox 2177 1550 3763 1634">
     <span class='ocr_line' id='line_1_58' title="bbox 2177 1550 3763 1634; baseline 0.012 -32"><span class='ocrx_word' id='word_1_438' title='bbox 2177 1550 2448 1606; x_wconf 88' lang='lat' dir='ltr'><strong>tnilitatem</strong></span> <span class='ocrx_word' id='word_1_439' title='bbox 2476 1553 2713 1623; x_wconf 86' lang='lat' dir='ltr'><strong>dejicias,</strong></span> <span class='ocrx_word' id='word_1_440' title='bbox 2759 1572 2789 1610; x_wconf 89' lang='lat' dir='ltr'><strong>a</strong></span> <span class='ocrx_word' id='word_1_441' title='bbox 2837 1563 2976 1613; x_wconf 87' lang='lat' dir='ltr'><strong>servi</strong></span> <span class='ocrx_word' id='word_1_442' title='bbox 3022 1559 3095 1614; x_wconf 93' lang='lat' dir='ltr'><strong>tui</strong></span> <span class='ocrx_word' id='word_1_443' title='bbox 3126 1561 3231 1614; x_wconf 91' lang='lat' dir='ltr'><strong>vita</strong></span> <span class='ocrx_word' id='word_1_444' title='bbox 3272 1571 3414 1616; x_wconf 88' lang='lat' dir='ltr'><strong>tuam</strong></span> <span class='ocrx_word' id='word_1_445' title='bbox 3448 1564 3763 1634; x_wconf 87' lang='lat' dir='ltr'><strong>longissime</strong></span> 
     </span>
    </p>
   </div>
   <div class='ocr_carea' id='block_1_59' title="bbox 2174 1640 3758 1726">
    <p class='ocr_par' dir='ltr' id='par_1_59' title="bbox 2174 1640 3758 1726">
     <span class='ocr_line' id='line_1_59' title="bbox 2174 1640 3758 1726; baseline 0.012 -35"><span class='ocrx_word' id='word_1_446' title='bbox 2174 1640 2407 1706; x_wconf 74' lang='lat' dir='ltr'><strong>differre,</strong></span> <span class='ocrx_word' id='word_1_447' title='bbox 2438 1659 2500 1698; x_wconf 90' lang='lat' dir='ltr'><strong>ac</strong></span> <span class='ocrx_word' id='word_1_448' title='bbox 2516 1659 2638 1701; x_wconf 91' lang='lat' dir='ltr'><strong>esse</strong></span> <span class='ocrx_word' id='word_1_449' title='bbox 2663 1649 2973 1706; x_wconf 88' lang='lat' dir='ltr'><strong>meliorem:</strong></span> <span class='ocrx_word' id='word_1_450' title='bbox 2993 1651 3102 1707; x_wconf 90' lang='lat' dir='ltr'><strong>Deo</strong></span> <span class='ocrx_word' id='word_1_451' title='bbox 3122 1655 3297 1724; x_wconf 91' lang='lat' dir='ltr'><strong>itaque</strong></span> <span class='ocrx_word' id='word_1_452' title='bbox 3319 1654 3486 1724; x_wconf 88' lang='lat' dir='ltr'><strong>major</strong></span> <span class='ocrx_word' id='word_1_453' title='bbox 3503 1657 3574 1710; x_wconf 92' lang='lat' dir='ltr'><strong>tui</strong></span> <span class='ocrx_word' id='word_1_454' title='bbox 3593 1671 3758 1726; x_wconf 87' lang='lat' dir='ltr'><strong>quam</strong></span> 
     </span>
    </p>
   </div>
   <div class='ocr_carea' id='block_1_60' title="bbox 2175 1731 3763 1817">
    <p class='ocr_par' dir='ltr' id='par_1_60' title="bbox 2175 1731 3763 1817">
     <span class='ocr_line' id='line_1_60' title="bbox 2175 1731 3763 1817; baseline 0.011 -34"><span class='ocrx_word' id='word_1_455' title='bbox 2175 1731 2316 1786; x_wconf 91' lang='lat' dir='ltr'><strong>illius</strong></span> <span class='ocrx_word' id='word_1_456' title='bbox 2345 1747 2471 1787; x_wconf 90' lang='lat' dir='ltr'><strong>cura</strong></span> <span class='ocrx_word' id='word_1_457' title='bbox 2494 1735 2563 1789; x_wconf 91' lang='lat' dir='ltr'><strong>sit</strong></span> <span class='ocrx_word' id='word_1_458' title='bbox 2591 1752 2813 1793; x_wconf 89' lang='lat' dir='ltr'><strong>necesse</strong></span> <span class='ocrx_word' id='word_1_459' title='bbox 2835 1749 2937 1794; x_wconf 90' lang='lat' dir='ltr'><strong>est.</strong></span> <span class='ocrx_word' id='word_1_460' title='bbox 2964 1741 3073 1796; x_wconf 91' lang='lat' dir='ltr'><strong>lloc</strong></span> <span class='ocrx_word' id='word_1_461' title='bbox 3093 1757 3212 1798; x_wconf 92' lang='lat' dir='ltr'><strong>cum</strong></span> <span class='ocrx_word' id='word_1_462' title='bbox 3231 1746 3402 1816; x_wconf 87' lang='lat' dir='ltr'><strong>palam</strong></span> <span class='ocrx_word' id='word_1_463' title='bbox 3430 1747 3518 1810; x_wconf 92' lang='lat' dir='ltr'><strong>sit,</strong></span> <span class='ocrx_word' id='word_1_464' title='bbox 3545 1746 3596 1802; x_wconf 92' lang='lat' dir='ltr'><strong>id</strong></span> <span class='ocrx_word' id='word_1_465' title='bbox 3621 1763 3763 1817; x_wconf 88' lang='lat' dir='ltr'><strong>quo-</strong></span> 
     </span>
    </p>
   </div>
   <div class='ocr_carea' id='block_1_61' title="bbox 2172 1824 3761 1908">
    <p class='ocr_par' dir='ltr' id='par_1_61' title="bbox 2172 1824 3761 1908">
     <span class='ocr_line' id='line_1_61' title="bbox 2172 1824 3761 1908; baseline 0.013 -34"><span class='ocrx_word' id='word_1_466' title='bbox 2172 1836 2278 1890; x_wconf 90' lang='lat' dir='ltr'><strong>que</strong></span> <span class='ocrx_word' id='word_1_467' title='bbox 2297 1824 2546 1881; x_wconf 88' lang='lat' dir='ltr'><strong>similiter</strong></span> <span class='ocrx_word' id='word_1_468' title='bbox 2569 1829 2832 1885; x_wconf 78' lang='lat' dir='ltr'><strong>Constabit</strong></span> <span class='ocrx_word' id='word_1_469' title='bbox 2857 1847 3086 1903; x_wconf 62' lang='lat' dir='ltr'><strong>anempe</strong></span> <span class='ocrx_word' id='word_1_470' title='bbox 3106 1835 3149 1889; x_wconf 90' lang='lat' dir='ltr'><strong>si</strong></span> <span class='ocrx_word' id='word_1_471' title='bbox 3176 1845 3318 1890; x_wconf 87' lang='lat' dir='ltr'><strong>esset</strong></span> <span class='ocrx_word' id='word_1_472' title='bbox 3339 1837 3444 1891; x_wconf 91' lang='lat' dir='ltr'><strong>odii</strong></span> <span class='ocrx_word' id='word_1_473' title='bbox 3475 1841 3761 1908; x_wconf 79' lang='lat' dir='ltr'><strong>permissio</strong></span> 
     </span>
    </p>
   </div>
   <div class='ocr_carea' id='block_1_62' title="bbox 2175 1913 3758 2000">
    <p class='ocr_par' dir='ltr' id='par_1_62' title="bbox 2175 1913 3758 2000">
     <span class='ocr_line' id='line_1_62' title="bbox 2175 1913 3758 2000; baseline 0.013 -34"><span class='ocrx_word' id='word_1_474' title='bbox 2175 1913 2283 1980; x_wconf 90' lang='lat' dir='ltr'><strong>illa,</strong></span> <span class='ocrx_word' id='word_1_475' title='bbox 2315 1931 2603 1987; x_wconf 89' lang='lat' dir='ltr'><strong>numquam</strong></span> <span class='ocrx_word' id='word_1_476' title='bbox 2625 1921 2865 1991; x_wconf 84' lang='lat' dir='ltr'><strong>profecto</strong></span> <span class='ocrx_word' id='word_1_477' title='bbox 2897 1924 2946 1978; x_wconf 91' lang='lat' dir='ltr'><strong>ei</strong></span> <span class='ocrx_word' id='word_1_478' title='bbox 2972 1941 3128 1995; x_wconf 92' lang='lat' dir='ltr'><strong>quem</strong></span> <span class='ocrx_word' id='word_1_479' title='bbox 3159 1929 3322 1998; x_wconf 89' lang='lat' dir='ltr'><strong>magis</strong></span> <span class='ocrx_word' id='word_1_480' title='bbox 3338 1928 3579 2000; x_wconf 85' lang='lat' dir='ltr'><strong>diligeret</strong></span> <span class='ocrx_word' id='word_1_481' title='bbox 3608 1932 3758 1986; x_wconf 85' lang='lat' dir='ltr'><strong>illam</strong></span> 
     </span>
    </p>
   </div>
   <div class='ocr_carea' id='block_1_63' title="bbox 2173 2006 3757 2087">
    <p class='ocr_par' dir='ltr' id='par_1_63' title="bbox 2173 2006 3757 2087">
     <span class='ocr_line' id='line_1_63' title="bbox 2173 2006 3757 2087; baseline 0.012 -29"><span class='ocrx_word' id='word_1_482' title='bbox 2173 2006 2430 2072; x_wconf 75' lang='lat' dir='ltr'><strong>auxisset,</strong></span> <span class='ocrx_word' id='word_1_483' title='bbox 2459 2017 2738 2080; x_wconf 89' lang='lat' dir='ltr'><strong>postquam</strong></span> <span class='ocrx_word' id='word_1_484' title='bbox 2765 2028 2886 2067; x_wconf 87' lang='lat' dir='ltr'><strong>eum</strong></span> <span class='ocrx_word' id='word_1_485' title='bbox 2911 2015 3000 2084; x_wconf 91' lang='lat' dir='ltr'><strong>qui</strong></span> <span class='ocrx_word' id='word_1_486' title='bbox 3025 2016 3179 2087; x_wconf 91' lang='lat' dir='ltr'><strong>longe</strong></span> <span class='ocrx_word' id='word_1_487' title='bbox 3198 2015 3371 2073; x_wconf 77' lang='lat' dir='ltr'><strong>fuerat</strong></span> <span class='ocrx_word' id='word_1_488' title='bbox 3388 2020 3621 2074; x_wconf 87' lang='lat' dir='ltr'><strong>deterior</strong></span> <span class='ocrx_word' id='word_1_489' title='bbox 3644 2033 3757 2077; x_wconf 89' lang='lat' dir='ltr'><strong>tam</strong></span> 
     </span>
    </p>
   </div>
   <div class='ocr_carea' id='block_1_64' title="bbox 2173 2097 3760 2177">
    <p class='ocr_par' dir='ltr' id='par_1_64' title="bbox 2173 2097 3760 2177">
     <span class='ocr_line' id='line_1_64' title="bbox 2173 2097 3760 2177; baseline 0.012 -28"><span class='ocrx_word' id='word_1_490' title='bbox 2173 2097 2280 2150; x_wconf 90' lang='lat' dir='ltr'><strong>cito</strong></span> <span class='ocrx_word' id='word_1_491' title='bbox 2308 2097 2539 2154; x_wconf 65' lang='lat' dir='ltr'><strong>daemoni</strong></span> <span class='ocrx_word' id='word_1_492' title='bbox 2585 2101 2872 2172; x_wconf 90' lang='lat' dir='ltr'><strong>eripuerat.</strong></span> <span class='ocrx_word' id='word_1_493' title='bbox 2897 2105 3077 2177; x_wconf 84' lang='lat' dir='ltr'><strong>Neque</strong></span> <span class='ocrx_word' id='word_1_494' title='bbox 3100 2109 3240 2162; x_wconf 89' lang='lat' dir='ltr'><strong>enim</strong></span> <span class='ocrx_word' id='word_1_495' title='bbox 3271 2125 3335 2164; x_wconf 86' lang='lat' dir='ltr'><strong>ex</strong></span> <span class='ocrx_word' id='word_1_496' title='bbox 3361 2109 3462 2165; x_wconf 88' lang='lat' dir='ltr'><strong>huc</strong></span> <span class='ocrx_word' id='word_1_497' title='bbox 3487 2113 3656 2167; x_wconf 91' lang='lat' dir='ltr'><strong>solum</strong></span> <span class='ocrx_word' id='word_1_498' title='bbox 3700 2115 3760 2168; x_wconf 86' lang='lat' dir='ltr'><strong>id</strong></span> 
     </span>
    </p>
   </div>
   <div class='ocr_carea' id='block_1_65' title="bbox 2173 2193 3756 2276">
    <p class='ocr_par' dir='ltr' id='par_1_65' title="bbox 2173 2193 3756 2276">
     <span class='ocr_line' id='line_1_65' title="bbox 2173 2193 3756 2276; baseline 0.011 -33"><span class='ocrx_word' id='word_1_499' title='bbox 2173 2193 2616 2258; x_wconf 89' lang='lat' dir='ltr'><strong>asseveraverim,</strong></span> <span class='ocrx_word' id='word_1_500' title='bbox 2636 2195 2731 2250; x_wconf 89' lang='lat' dir='ltr'><strong>sed</strong></span> <span class='ocrx_word' id='word_1_501' title='bbox 2753 2211 2819 2252; x_wconf 91' lang='lat' dir='ltr'><strong>ex</strong></span> <span class='ocrx_word' id='word_1_502' title='bbox 2840 2198 3034 2268; x_wconf 85' lang='lat' dir='ltr'><strong>quibus</strong></span> <span class='ocrx_word' id='word_1_503' title='bbox 3048 2215 3078 2254; x_wconf 89' lang='lat' dir='ltr'><strong>a</strong></span> <span class='ocrx_word' id='word_1_504' title='bbox 3102 2201 3209 2256; x_wconf 93' lang='lat' dir='ltr'><strong>Deo</strong></span> <span class='ocrx_word' id='word_1_505' title='bbox 3229 2211 3278 2256; x_wconf 90' lang='lat' dir='ltr'><strong>te</strong></span> <span class='ocrx_word' id='word_1_506' title='bbox 3290 2203 3553 2258; x_wconf 89' lang='lat' dir='ltr'><strong>desertum</strong></span> <span class='ocrx_word' id='word_1_507' title='bbox 3571 2215 3756 2276; x_wconf 88' lang='lat' dir='ltr'><strong>putas,</strong></span> 
     </span>
    </p>
   </div>
   <div class='ocr_carea' id='block_1_66' title="bbox 2174 2285 3762 2353">
    <p class='ocr_par' dir='ltr' id='par_1_66' title="bbox 2174 2285 3762 2353">
     <span class='ocr_line' id='line_1_66' title="bbox 2174 2285 3762 2353; baseline 0.011 -17"><span class='ocrx_word' id='word_1_508' title='bbox 2174 2297 2239 2336; x_wconf 80' lang='lat' dir='ltr'><strong>cx</strong></span> <span class='ocrx_word' id='word_1_509' title='bbox 2264 2285 2342 2338; x_wconf 90' lang='lat' dir='ltr'><strong>eis</strong></span> <span class='ocrx_word' id='word_1_510' title='bbox 2364 2286 2594 2342; x_wconf 87' lang='lat' dir='ltr'><strong>maxime</strong></span> <span class='ocrx_word' id='word_1_511' title='bbox 2621 2288 2696 2342; x_wconf 89' lang='lat' dir='ltr'><strong>illi</strong></span> <span class='ocrx_word' id='word_1_512' title='bbox 2733 2305 2915 2344; x_wconf 92' lang='lat' dir='ltr'><strong>curam</strong></span> <span class='ocrx_word' id='word_1_513' title='bbox 2945 2294 3016 2346; x_wconf 93' lang='lat' dir='ltr'><strong>tui</strong></span> <span class='ocrx_word' id='word_1_514' title='bbox 3058 2308 3317 2349; x_wconf 90' lang='lat' dir='ltr'><strong>summam</strong></span> <span class='ocrx_word' id='word_1_515' title='bbox 3355 2311 3474 2352; x_wconf 82' lang='lat' dir='ltr'><strong>esse</strong></span> <span class='ocrx_word' id='word_1_516' title='bbox 3519 2298 3762 2353; x_wconf 86' lang='lat' dir='ltr'><strong>conabor</strong></span> 
     </span>
    </p>
   </div>
   <div class='ocr_carea' id='block_1_67' title="bbox 2173 2376 3761 2448">
    <p class='ocr_par' dir='ltr' id='par_1_67' title="bbox 2173 2376 3761 2448">
     <span class='ocr_line' id='line_1_67' title="bbox 2173 2376 3761 2448; baseline 0.013 -20"><span class='ocrx_word' id='word_1_517' title='bbox 2173 2376 2479 2433; x_wconf 89' lang='lat' dir='ltr'><strong>ostendere.</strong></span> <span class='ocrx_word' id='word_1_518' title='bbox 2513 2379 2644 2435; x_wconf 90' lang='lat' dir='ltr'><strong>Nam</strong></span> <span class='ocrx_word' id='word_1_519' title='bbox 2669 2383 2713 2436; x_wconf 92' lang='lat' dir='ltr'><strong>si</strong></span> <span class='ocrx_word' id='word_1_520' title='bbox 2740 2398 2843 2438; x_wconf 92' lang='lat' dir='ltr'><strong>non</strong></span> <span class='ocrx_word' id='word_1_521' title='bbox 2867 2385 3252 2442; x_wconf 86' lang='lat' dir='ltr'><strong>studiosissime</strong></span> <span class='ocrx_word' id='word_1_522' title='bbox 3279 2401 3466 2444; x_wconf 89' lang='lat' dir='ltr'><strong>cuncta</strong></span> <span class='ocrx_word' id='word_1_523' title='bbox 3499 2390 3761 2448; x_wconf 73' lang='lat' dir='ltr'><strong>hactenus</strong></span> 
     </span>
    </p>
   </div>
   <div class='ocr_carea' id='block_1_68' title="bbox 2173 2467 3760 2550">
    <p class='ocr_par' dir='ltr' id='par_1_68' title="bbox 2173 2467 3760 2550">
     <span class='ocr_line' id='line_1_68' title="bbox 2173 2467 3760 2550; baseline 0.012 -30"><span class='ocrx_word' id='word_1_524' title='bbox 2173 2467 2394 2536; x_wconf 70' lang='lat' dir='ltr'><strong>egisses,</strong></span> <span class='ocrx_word' id='word_1_525' title='bbox 2427 2471 2471 2524; x_wconf 92' lang='lat' dir='ltr'><strong>si</strong></span> <span class='ocrx_word' id='word_1_526' title='bbox 2500 2486 2607 2526; x_wconf 92' lang='lat' dir='ltr'><strong>non</strong></span> <span class='ocrx_word' id='word_1_527' title='bbox 2629 2475 3084 2544; x_wconf 83' lang='lat' dir='ltr'><strong>peregrinationes</strong></span> <span class='ocrx_word' id='word_1_528' title='bbox 3112 2479 3442 2550; x_wconf 87' lang='lat' dir='ltr'><strong>longinquas,</strong></span> <span class='ocrx_word' id='word_1_529' title='bbox 3472 2491 3528 2536; x_wconf 94' lang='lat' dir='ltr'><strong>ut</strong></span> <span class='ocrx_word' id='word_1_530' title='bbox 3553 2485 3760 2539; x_wconf 84' lang='lat' dir='ltr'><strong>sanctis</strong></span> 
     </span>
    </p>
   </div>
   <div class='ocr_carea' id='block_1_69' title="bbox 2175 2559 3760 2645">
    <p class='ocr_par' dir='ltr' id='par_1_69' title="bbox 2175 2559 3760 2645">
     <span class='ocr_line' id='line_1_69' title="bbox 2175 2559 3760 2645; baseline 0.014 -33"><span class='ocrx_word' id='word_1_531' title='bbox 2175 2559 2280 2615; x_wconf 91' lang='lat' dir='ltr'><strong>illis</strong></span> <span class='ocrx_word' id='word_1_532' title='bbox 2307 2561 2433 2618; x_wconf 89' lang='lat' dir='ltr'><strong>viris</strong></span> <span class='ocrx_word' id='word_1_533' title='bbox 2461 2564 2526 2619; x_wconf 91' lang='lat' dir='ltr'><strong>ad</strong></span> <span class='ocrx_word' id='word_1_534' title='bbox 2564 2566 2825 2636; x_wconf 91' lang='lat' dir='ltr'><strong>ejusmodi</strong></span> <span class='ocrx_word' id='word_1_535' title='bbox 2863 2571 3116 2626; x_wconf 89' lang='lat' dir='ltr'><strong>solvenda</strong></span> <span class='ocrx_word' id='word_1_536' title='bbox 3137 2573 3343 2628; x_wconf 88' lang='lat' dir='ltr'><strong>vincula</strong></span> <span class='ocrx_word' id='word_1_537' title='bbox 3375 2577 3760 2645; x_wconf 89' lang='lat' dir='ltr'><strong>potentissimis</strong></span> 
     </span>
    </p>
   </div>
   <div class='ocr_carea' id='block_1_70' title="bbox 2173 2653 3758 2739">
    <p class='ocr_par' dir='ltr' id='par_1_70' title="bbox 2173 2653 3758 2739">
     <span class='ocr_line' id='line_1_70' title="bbox 2173 2653 3758 2739; baseline 0.013 -35"><span class='ocrx_word' id='word_1_538' title='bbox 2173 2653 2592 2723; x_wconf 86' lang='lat' dir='ltr'><strong>congredereris,</strong></span> <span class='ocrx_word' id='word_1_539' title='bbox 2641 2661 2986 2730; x_wconf 85' lang='lat' dir='ltr'><strong>suscepisses,</strong></span> <span class='ocrx_word' id='word_1_540' title='bbox 3034 2667 3226 2719; x_wconf 90' lang='lat' dir='ltr'><strong>merito</strong></span> <span class='ocrx_word' id='word_1_541' title='bbox 3269 2665 3495 2723; x_wconf 83' lang='lat' dir='ltr'><strong>fortasse</strong></span> <span class='ocrx_word' id='word_1_542' title='bbox 3537 2671 3758 2739; x_wconf 90' lang='lat' dir='ltr'><strong>quidam</strong></span> 
     </span>
    </p>
   </div>
   <div class='ocr_carea' id='block_1_71' title="bbox 2173 2744 3754 2829">
    <p class='ocr_par' dir='ltr' id='par_1_71' title="bbox 2173 2744 3754 2829">
     <span class='ocr_line' id='line_1_71' title="bbox 2173 2744 3754 2829; baseline 0.013 -31"><span class='ocrx_word' id='word_1_543' title='bbox 2173 2744 2520 2813; x_wconf 89' lang='lat' dir='ltr'><strong>dubitassent,</strong></span> <span class='ocrx_word' id='word_1_544' title='bbox 2553 2765 2671 2806; x_wconf 93' lang='lat' dir='ltr'><strong>cum</strong></span> <span class='ocrx_word' id='word_1_545' title='bbox 2697 2768 2802 2807; x_wconf 91' lang='lat' dir='ltr'><strong>non</strong></span> <span class='ocrx_word' id='word_1_546' title='bbox 2818 2754 2946 2810; x_wconf 87' lang='lat' dir='ltr'><strong>satis</strong></span> <span class='ocrx_word' id='word_1_547' title='bbox 2959 2767 3138 2824; x_wconf 90' lang='lat' dir='ltr'><strong>aperta</strong></span> <span class='ocrx_word' id='word_1_548' title='bbox 3155 2755 3422 2814; x_wconf 89' lang='lat' dir='ltr'><strong>videretur</strong></span> <span class='ocrx_word' id='word_1_549' title='bbox 3442 2775 3754 2829; x_wconf 85' lang='lat' dir='ltr'><strong>essecausa,</strong></span> 
     </span>
    </p>
   </div>
   <div class='ocr_carea' id='block_1_72' title="bbox 2173 2848 3758 2924">
    <p class='ocr_par' dir='ltr' id='par_1_72' title="bbox 2173 2848 3758 2924">
     <span class='ocr_line' id='line_1_72' title="bbox 2173 2848 3758 2924; baseline 0.01 -30"><span class='ocrx_word' id='word_1_550' title='bbox 2173 2855 2269 2895; x_wconf 91' lang='lat' dir='ltr'><strong>cur</strong></span> <span class='ocrx_word' id='word_1_551' title='bbox 2294 2850 2496 2897; x_wconf 88' lang='lat' dir='ltr'><strong>tantum</strong></span> <span class='ocrx_word' id='word_1_552' title='bbox 2533 2848 2785 2917; x_wconf 91' lang='lat' dir='ltr'><strong>temporis</strong></span> <span class='ocrx_word' id='word_1_553' title='bbox 2813 2857 2865 2903; x_wconf 91' lang='lat' dir='ltr'><strong>te</strong></span> <span class='ocrx_word' id='word_1_554' title='bbox 2891 2849 3163 2920; x_wconf 89' lang='lat' dir='ltr'><strong>reliquerit</strong></span> <span class='ocrx_word' id='word_1_555' title='bbox 3190 2866 3206 2907; x_wconf 88' lang='lat'><strong>:</strong></span> <span class='ocrx_word' id='word_1_556' title='bbox 3233 2862 3413 2921; x_wconf 90' lang='lat' dir='ltr'><strong>postea</strong></span> <span class='ocrx_word' id='word_1_557' title='bbox 3436 2868 3564 2910; x_wconf 86' lang='lat' dir='ltr'><strong>vero</strong></span> <span class='ocrx_word' id='word_1_558' title='bbox 3591 2871 3758 2924; x_wconf 88' lang='lat' dir='ltr'><strong>quam</strong></span> 
     </span>
    </p>
   </div>
   <div class='ocr_carea' id='block_1_73' title="bbox 2175 2934 3760 3012">
    <p class='ocr_par' dir='ltr' id='par_1_73' title="bbox 2175 2934 3760 3012">
     <span class='ocr_line' id='line_1_73' title="bbox 2175 2934 3760 3012; baseline 0.01 -27"><span class='ocrx_word' id='word_1_559' title='bbox 2175 2941 2463 3005; x_wconf 85' lang='lat' dir='ltr'><strong>martyrum</strong></span> <span class='ocrx_word' id='word_1_560' title='bbox 2501 2934 2613 2989; x_wconf 91' lang='lat' dir='ltr'><strong>loca</strong></span> <span class='ocrx_word' id='word_1_561' title='bbox 2641 2938 2888 3007; x_wconf 88' lang='lat' dir='ltr'><strong>frequens</strong></span> <span class='ocrx_word' id='word_1_562' title='bbox 2915 2938 3119 3006; x_wconf 90' lang='lat' dir='ltr'><strong>adiisti,</strong></span> <span class='ocrx_word' id='word_1_563' title='bbox 3170 2941 3260 2995; x_wconf 91' lang='lat' dir='ltr'><strong>ubi</strong></span> <span class='ocrx_word' id='word_1_564' title='bbox 3310 2942 3522 3012; x_wconf 85' lang='lat' dir='ltr'><strong>plurimi</strong></span> <span class='ocrx_word' id='word_1_565' title='bbox 3575 2960 3645 3000; x_wconf 85' lang='lat' dir='ltr'><strong>ex</strong></span> <span class='ocrx_word' id='word_1_566' title='bbox 3689 2945 3760 3001; x_wconf 86' lang='lat' dir='ltr'><strong>iis</strong></span> 
     </span>
    </p>
   </div>
   <div class='ocr_carea' id='block_1_74' title="bbox 2173 3025 3757 3104">
    <p class='ocr_par' dir='ltr' id='par_1_74' title="bbox 2173 3025 3757 3104">
     <span class='ocr_line' id='line_1_74' title="bbox 2173 3025 3757 3104; baseline 0.011 -29"><span class='ocrx_word' id='word_1_567' title='bbox 2173 3038 2406 3093; x_wconf 88' lang='lat' dir='ltr'><strong>quoque,</strong></span> <span class='ocrx_word' id='word_1_568' title='bbox 2436 3025 2526 3095; x_wconf 91' lang='lat' dir='ltr'><strong>qui</strong></span> <span class='ocrx_word' id='word_1_569' title='bbox 2553 3025 2797 3083; x_wconf 89' lang='lat' dir='ltr'><strong>homines</strong></span> <span class='ocrx_word' id='word_1_570' title='bbox 2819 3029 3165 3099; x_wconf 90' lang='lat' dir='ltr'><strong>devorabant,</strong></span> <span class='ocrx_word' id='word_1_571' title='bbox 3195 3048 3338 3104; x_wconf 68' lang='lat' dir='ltr'><strong>smpe</strong></span> <span class='ocrx_word' id='word_1_572' title='bbox 3379 3037 3548 3090; x_wconf 88' lang='lat' dir='ltr'><strong>sanati</strong></span> <span class='ocrx_word' id='word_1_573' title='bbox 3591 3045 3757 3101; x_wconf 88' lang='lat' dir='ltr'><strong>sunt,</strong></span> 
     </span>
    </p>
   </div>
   <div class='ocr_carea' id='block_1_75' title="bbox 2177 3115 3761 3193">
    <p class='ocr_par' dir='ltr' id='par_1_75' title="bbox 2177 3115 3761 3193">
     <span class='ocr_line' id='line_1_75' title="bbox 2177 3115 3761 3193; baseline 0.013 -26"><span class='ocrx_word' id='word_1_574' title='bbox 2177 3115 2567 3187; x_wconf 88' lang='lat' dir='ltr'><strong>plurimumque</strong></span> <span class='ocrx_word' id='word_1_575' title='bbox 2611 3123 2864 3190; x_wconf 88' lang='lat' dir='ltr'><strong>temporis</strong></span> <span class='ocrx_word' id='word_1_576' title='bbox 2888 3124 3028 3193; x_wconf 89' lang='lat' dir='ltr'><strong>apud</strong></span> <span class='ocrx_word' id='word_1_577' title='bbox 3056 3125 3200 3181; x_wconf 89' lang='lat' dir='ltr'><strong>viros</strong></span> <span class='ocrx_word' id='word_1_578' title='bbox 3247 3128 3372 3182; x_wconf 92' lang='lat' dir='ltr'><strong>illos</strong></span> <span class='ocrx_word' id='word_1_579' title='bbox 3399 3129 3668 3187; x_wconf 89' lang='lat' dir='ltr'><strong>mirabiles</strong></span> <span class='ocrx_word' id='word_1_580' title='bbox 3690 3146 3761 3188; x_wconf 91' lang='lat' dir='ltr'><strong>ac</strong></span> 
     </span>
    </p>
   </div>
   <div class='ocr_carea' id='block_1_76' title="bbox 2176 3211 3759 3293">
    <p class='ocr_par' dir='ltr' id='par_1_76' title="bbox 2176 3211 3759 3293">
     <span class='ocr_line' id='line_1_76' title="bbox 2176 3211 3759 3293; baseline 0.012 -30"><span class='ocrx_word' id='word_1_581' title='bbox 2176 3211 2596 3280; x_wconf 89' lang='lat' dir='ltr'><strong>strenuissimos,</strong></span> <span class='ocrx_word' id='word_1_582' title='bbox 2623 3215 2715 3284; x_wconf 90' lang='lat' dir='ltr'><strong>qui</strong></span> <span class='ocrx_word' id='word_1_583' title='bbox 2739 3220 3070 3275; x_wconf 90' lang='lat' dir='ltr'><strong>curationem</strong></span> <span class='ocrx_word' id='word_1_584' title='bbox 3099 3238 3384 3293; x_wconf 86' lang='lat' dir='ltr'><strong>numquam</strong></span> <span class='ocrx_word' id='word_1_585' title='bbox 3408 3223 3603 3281; x_wconf 88' lang='lat' dir='ltr'><strong>frustra</strong></span> <span class='ocrx_word' id='word_1_586' title='bbox 3634 3236 3759 3282; x_wconf 90' lang='lat' dir='ltr'><strong>ten-</strong></span> 
     </span>
    </p>
   </div>
   <div class='ocr_carea' id='block_1_77' title="bbox 2179 3304 3758 3388">
    <p class='ocr_par' dir='ltr' id='par_1_77' title="bbox 2179 3304 3758 3388">
     <span class='ocr_line' id='line_1_77' title="bbox 2179 3304 3758 3388; baseline 0.013 -34"><span class='ocrx_word' id='word_1_587' title='bbox 2179 3312 2434 3370; x_wconf 79' lang='lat' dir='ltr'><strong>taverant,</strong></span> <span class='ocrx_word' id='word_1_588' title='bbox 2467 3304 2678 3376; x_wconf 88' lang='lat' dir='ltr'><strong>degisti,</strong></span> <span class='ocrx_word' id='word_1_589' title='bbox 2713 3308 2951 3380; x_wconf 91' lang='lat' dir='ltr'><strong>nihilque</strong></span> <span class='ocrx_word' id='word_1_590' title='bbox 2979 3314 3197 3368; x_wconf 89' lang='lat' dir='ltr'><strong>omnino</strong></span> <span class='ocrx_word' id='word_1_591' title='bbox 3221 3316 3469 3382; x_wconf 89' lang='lat' dir='ltr'><strong>omisisti,</strong></span> <span class='ocrx_word' id='word_1_592' title='bbox 3518 3318 3660 3388; x_wconf 90' lang='lat' dir='ltr'><strong>quod</strong></span> <span class='ocrx_word' id='word_1_593' title='bbox 3685 3321 3758 3374; x_wconf 84' lang='lat' dir='ltr'><strong>ad</strong></span> 
     </span>
    </p>
   </div>
   <div class='ocr_carea' id='block_1_78' title="bbox 2177 3392 3761 3473">
    <p class='ocr_par' dir='ltr' id='par_1_78' title="bbox 2177 3392 3761 3473">
     <span class='ocr_line' id='line_1_78' title="bbox 2177 3392 3761 3473; baseline 0.011 -26"><span class='ocrx_word' id='word_1_594' title='bbox 2177 3392 2314 3449; x_wconf 80' lang='lat' dir='ltr'><strong>hanc.</strong></span> <span class='ocrx_word' id='word_1_595' title='bbox 2343 3396 2705 3454; x_wconf 88' lang='lat' dir='ltr'><strong>liberationem</strong></span> <span class='ocrx_word' id='word_1_596' title='bbox 2736 3400 2980 3458; x_wconf 91' lang='lat' dir='ltr'><strong>conferre</strong></span> <span class='ocrx_word' id='word_1_597' title='bbox 3007 3419 3163 3473; x_wconf 89' lang='lat' dir='ltr'><strong>posse</strong></span> <span class='ocrx_word' id='word_1_598' title='bbox 3186 3405 3288 3459; x_wconf 89' lang='lat' dir='ltr'><strong>ulla</strong></span> <span class='ocrx_word' id='word_1_599' title='bbox 3311 3407 3517 3463; x_wconf 88' lang='lat' dir='ltr'><strong>ratione</strong></span> <span class='ocrx_word' id='word_1_600' title='bbox 3546 3409 3761 3464; x_wconf 72' lang='lat' dir='ltr'><strong>videre-</strong></span> 
     </span>
    </p>
   </div>
   <div class='ocr_carea' id='block_1_79' title="bbox 2179 3491 3760 3570">
    <p class='ocr_par' dir='ltr' id='par_1_79' title="bbox 2179 3491 3760 3570">
     <span class='ocr_line' id='line_1_79' title="bbox 2179 3491 3760 3570; baseline 0.009 -30"><span class='ocrx_word' id='word_1_601' title='bbox 2179 3495 2283 3554; x_wconf 89' lang='lat' dir='ltr'><strong>tur,</strong></span> <span class='ocrx_word' id='word_1_602' title='bbox 2317 3503 2668 3563; x_wconf 88' lang='lat' dir='ltr'><strong>reversusque</strong></span> <span class='ocrx_word' id='word_1_603' title='bbox 2686 3506 2746 3546; x_wconf 88' lang='lat' dir='ltr'><strong>es</strong></span> <span class='ocrx_word' id='word_1_604' title='bbox 2774 3491 2951 3550; x_wconf 81' lang='lat' dir='ltr'><strong>ferens</strong></span> <span class='ocrx_word' id='word_1_605' title='bbox 2976 3504 3148 3550; x_wconf 90' lang='lat' dir='ltr'><strong>tecum</strong></span> <span class='ocrx_word' id='word_1_606' title='bbox 3195 3497 3486 3565; x_wconf 90' lang='lat' dir='ltr'><strong>inimicum,</strong></span> <span class='ocrx_word' id='word_1_607' title='bbox 3514 3511 3760 3570; x_wconf 87' lang='lat' dir='ltr'><strong>apertum</strong></span> 
     </span>
    </p>
   </div>
   <div class='ocr_carea' id='block_1_80' title="bbox 2176 3581 3763 3660">
    <p class='ocr_par' dir='ltr' id='par_1_80' title="bbox 2176 3581 3763 3660">
     <span class='ocr_line' id='line_1_80' title="bbox 2176 3581 3763 3660; baseline 0.009 -28"><span class='ocrx_word' id='word_1_608' title='bbox 2176 3595 2240 3633; x_wconf 92' lang='lat' dir='ltr'><strong>ac</strong></span> <span class='ocrx_word' id='word_1_609' title='bbox 2290 3581 2644 3638; x_wconf 89' lang='lat' dir='ltr'><strong>certissimum</strong></span> <span class='ocrx_word' id='word_1_610' title='bbox 2685 3583 2878 3640; x_wconf 67' lang='lat' dir='ltr'><strong>divinae</strong></span> <span class='ocrx_word' id='word_1_611' title='bbox 2924 3587 3065 3643; x_wconf 90' lang='lat' dir='ltr'><strong>circa</strong></span> <span class='ocrx_word' id='word_1_612' title='bbox 3107 3597 3159 3644; x_wconf 90' lang='lat' dir='ltr'><strong>te</strong></span> <span class='ocrx_word' id='word_1_613' title='bbox 3201 3591 3545 3660; x_wconf 68' lang='lat' dir='ltr'><strong>providentiae</strong></span> <span class='ocrx_word' id='word_1_614' title='bbox 3591 3592 3763 3646; x_wconf 89' lang='lat' dir='ltr'><strong>docu-</strong></span> 
     </span>
    </p>
   </div>
   <div class='ocr_carea' id='block_1_81' title="bbox 2176 3673 3762 3753">
    <p class='ocr_par' dir='ltr' id='par_1_81' title="bbox 2176 3673 3762 3753">
     <span class='ocr_line' id='line_1_81' title="bbox 2176 3673 3762 3753; baseline 0.008 -28"><span class='ocrx_word' id='word_1_615' title='bbox 2176 3681 2417 3728; x_wconf 88' lang='lat' dir='ltr'><strong>mentum</strong></span> <span class='ocrx_word' id='word_1_616' title='bbox 2442 3673 2521 3728; x_wconf 91' lang='lat' dir='ltr'><strong>eis</strong></span> <span class='ocrx_word' id='word_1_617' title='bbox 2541 3690 2748 3745; x_wconf 90' lang='lat' dir='ltr'><strong>quoque</strong></span> <span class='ocrx_word' id='word_1_618' title='bbox 2777 3677 2867 3747; x_wconf 93' lang='lat' dir='ltr'><strong>qui</strong></span> <span class='ocrx_word' id='word_1_619' title='bbox 2899 3677 3050 3735; x_wconf 88' lang='lat' dir='ltr'><strong>valde</strong></span> <span class='ocrx_word' id='word_1_620' title='bbox 3074 3679 3380 3750; x_wconf 88' lang='lat' dir='ltr'><strong>insipientes</strong></span> <span class='ocrx_word' id='word_1_621' title='bbox 3399 3691 3523 3737; x_wconf 91' lang='lat' dir='ltr'><strong>sunt</strong></span> <span class='ocrx_word' id='word_1_622' title='bbox 3540 3685 3762 3753; x_wconf 78' lang='lat' dir='ltr'><strong>COnSpi-</strong></span> 
     </span>
    </p>
   </div>
   <div class='ocr_carea' id='block_1_82' title="bbox 2176 3765 3762 3842">
    <p class='ocr_par' dir='ltr' id='par_1_82' title="bbox 2176 3765 3762 3842">
     <span class='ocr_line' id='line_1_82' title="bbox 2176 3765 3762 3842; baseline 0.006 -24"><span class='ocrx_word' id='word_1_623' title='bbox 2176 3779 2333 3818; x_wconf 93' lang='lat' dir='ltr'><strong>cuum</strong></span> <span class='ocrx_word' id='word_1_624' title='bbox 2363 3765 2610 3821; x_wconf 91' lang='lat' dir='ltr'><strong>retulisti.</strong></span> <span class='ocrx_word' id='word_1_625' title='bbox 2635 3767 2936 3838; x_wconf 89' lang='lat' dir='ltr'><strong>Numquam</strong></span> <span class='ocrx_word' id='word_1_626' title='bbox 2981 3772 3122 3825; x_wconf 91' lang='lat' dir='ltr'><strong>enim</strong></span> <span class='ocrx_word' id='word_1_627' title='bbox 3164 3772 3402 3842; x_wconf 90' lang='lat' dir='ltr'><strong>profecto</strong></span> <span class='ocrx_word' id='word_1_628' title='bbox 3429 3783 3627 3828; x_wconf 69' lang='lat' dir='ltr'><strong>ttintam</strong></span> <span class='ocrx_word' id='word_1_629' title='bbox 3652 3776 3762 3828; x_wconf 80' lang='lat' dir='ltr'><strong>im-</strong></span> 
     </span>
    </p>
   </div>
   <div class='ocr_carea' id='block_1_83' title="bbox 2178 3856 3761 3933">
    <p class='ocr_par' dir='ltr' id='par_1_83' title="bbox 2178 3856 3761 3933">
     <span class='ocr_line' id='line_1_83' title="bbox 2178 3856 3761 3933; baseline 0.006 -23"><span class='ocrx_word' id='word_1_630' title='bbox 2178 3856 2465 3926; x_wconf 89' lang='lat' dir='ltr'><strong>pedivisset</strong></span> <span class='ocrx_word' id='word_1_631' title='bbox 2511 3859 2652 3915; x_wconf 91' lang='lat' dir='ltr'><strong>Deus</strong></span> <span class='ocrx_word' id='word_1_632' title='bbox 2691 3861 2937 3930; x_wconf 88' lang='lat' dir='ltr'><strong>gratiam,</strong></span> <span class='ocrx_word' id='word_1_633' title='bbox 2980 3877 3265 3933; x_wconf 89' lang='lat' dir='ltr'><strong>numquam</strong></span> <span class='ocrx_word' id='word_1_634' title='bbox 3310 3879 3494 3920; x_wconf 88' lang='lat' dir='ltr'><strong>servos</strong></span> <span class='ocrx_word' id='word_1_635' title='bbox 3532 3879 3656 3919; x_wconf 90' lang='lat' dir='ltr'><strong>suos</strong></span> <span class='ocrx_word' id='word_1_636' title='bbox 3686 3867 3761 3920; x_wconf 85' lang='lat' dir='ltr'><strong>ita</strong></span> 
     </span>
    </p>
   </div>
   <div class='ocr_carea' id='block_1_84' title="bbox 2179 3950 3760 4027">
    <p class='ocr_par' dir='ltr' id='par_1_84' title="bbox 2179 3950 3760 4027">
     <span class='ocr_line' id='line_1_84' title="bbox 2179 3950 3760 4027; baseline 0.006 -25"><span class='ocrx_word' id='word_1_637' title='bbox 2179 3950 2630 4020; x_wconf 82' lang='lat' dir='ltr'><strong>pudoresutiâ€˜undi</strong></span> <span class='ocrx_word' id='word_1_638' title='bbox 2652 3967 2838 4022; x_wconf 90' lang='lat' dir='ltr'><strong>passus</strong></span> <span class='ocrx_word' id='word_1_639' title='bbox 2861 3963 3024 4020; x_wconf 88' lang='lat' dir='ltr'><strong>esset,</strong></span> <span class='ocrx_word' id='word_1_640' title='bbox 3048 3956 3148 4009; x_wconf 91' lang='lat' dir='ltr'><strong>nisi</strong></span> <span class='ocrx_word' id='word_1_641' title='bbox 3175 3956 3225 4010; x_wconf 95' lang='lat' dir='ltr'><strong>id</strong></span> <span class='ocrx_word' id='word_1_642' title='bbox 3253 3967 3356 4011; x_wconf 77' lang='lat' dir='ltr'><strong>tuae</strong></span> <span class='ocrx_word' id='word_1_643' title='bbox 3382 3965 3436 4012; x_wconf 89' lang='lat' dir='ltr'><strong>et</strong></span> <span class='ocrx_word' id='word_1_644' title='bbox 3461 3957 3760 4027; x_wconf 86' lang='lat' dir='ltr'><strong>probationi</strong></span> 
     </span>
    </p>
   </div>
   <div class='ocr_carea' id='block_1_85' title="bbox 2177 4043 3764 4118">
    <p class='ocr_par' dir='ltr' id='par_1_85' title="bbox 2177 4043 3764 4118">
     <span class='ocr_line' id='line_1_85' title="bbox 2177 4043 3764 4118; baseline 0.004 -22"><span class='ocrx_word' id='word_1_645' title='bbox 2177 4050 2230 4096; x_wconf 91' lang='lat' dir='ltr'><strong>ct</strong></span> <span class='ocrx_word' id='word_1_646' title='bbox 2260 4043 2468 4096; x_wconf 91' lang='lat' dir='ltr'><strong>utilitati</strong></span> <span class='ocrx_word' id='word_1_647' title='bbox 2499 4043 2843 4099; x_wconf 89' lang='lat' dir='ltr'><strong>vehementer</strong></span> <span class='ocrx_word' id='word_1_648' title='bbox 2883 4046 3137 4116; x_wconf 81' lang='lat' dir='ltr'><strong>expedire</strong></span> <span class='ocrx_word' id='word_1_649' title='bbox 3173 4048 3529 4118; x_wconf 82' lang='lat' dir='ltr'><strong>cognovisset.</strong></span> <span class='ocrx_word' id='word_1_650' title='bbox 3575 4046 3764 4118; x_wconf 86' lang='lat' dir='ltr'><strong>Itaque</strong></span> 
     </span>
    </p>
   </div>
   <div class='ocr_carea' id='block_1_86' title="bbox 2177 4133 3765 4209">
    <p class='ocr_par' dir='ltr' id='par_1_86' title="bbox 2177 4133 3765 4209">
     <span class='ocr_line' id='line_1_86' title="bbox 2177 4133 3765 4209; baseline 0.006 -24"><span class='ocrx_word' id='word_1_651' title='bbox 2177 4133 2319 4202; x_wconf 90' lang='lat' dir='ltr'><strong>quod</strong></span> <span class='ocrx_word' id='word_1_652' title='bbox 2370 4133 2564 4188; x_wconf 72' lang='lat' dir='ltr'><strong>divina:</strong></span> <span class='ocrx_word' id='word_1_653' title='bbox 2610 4133 2971 4190; x_wconf 88' lang='lat' dir='ltr'><strong>derelictionis</strong></span> <span class='ocrx_word' id='word_1_654' title='bbox 3029 4137 3240 4206; x_wconf 84' lang='lat' dir='ltr'><strong>signum</strong></span> <span class='ocrx_word' id='word_1_655' title='bbox 3277 4137 3523 4201; x_wconf 87' lang='lat' dir='ltr'><strong>videtur,</strong></span> <span class='ocrx_word' id='word_1_656' title='bbox 3564 4137 3616 4193; x_wconf 88' lang='lat' dir='ltr'><strong>id</strong></span> <span class='ocrx_word' id='word_1_657' title='bbox 3642 4138 3765 4209; x_wconf 74' lang='lat' dir='ltr'><strong>ejus</strong></span> 
     </span>
    </p>
   </div>
   <div class='ocr_carea' id='block_1_87' title="bbox 2178 4224 3613 4300">
    <p class='ocr_par' dir='ltr' id='par_1_87' title="bbox 2178 4224 3613 4300">
     <span class='ocr_line' id='line_1_87' title="bbox 2178 4224 3613 4300; baseline 0.004 -22"><span class='ocrx_word' id='word_1_658' title='bbox 2178 4224 2368 4280; x_wconf 89' lang='lat' dir='ltr'><strong>summi</strong></span> <span class='ocrx_word' id='word_1_659' title='bbox 2387 4224 2509 4280; x_wconf 86' lang='lat' dir='ltr'><strong>inte</strong></span> <span class='ocrx_word' id='word_1_660' title='bbox 2541 4225 2762 4282; x_wconf 80' lang='lat' dir='ltr'><strong>affectus</strong></span> <span class='ocrx_word' id='word_1_661' title='bbox 2789 4237 2844 4283; x_wconf 92' lang='lat' dir='ltr'><strong>et</strong></span> <span class='ocrx_word' id='word_1_662' title='bbox 2886 4229 3085 4283; x_wconf 90' lang='lat' dir='ltr'><strong>amoris</strong></span> <span class='ocrx_word' id='word_1_663' title='bbox 3117 4239 3199 4284; x_wconf 91' lang='lat' dir='ltr'><strong>est</strong></span> <span class='ocrx_word' id='word_1_664' title='bbox 3224 4239 3613 4300; x_wconf 89' lang='lat' dir='ltr'><strong>argumentum.</strong></span> 
     </span>
    </p>
   </div>
   <div class='ocr_carea' id='block_1_88' title="bbox 2243 4376 3632 4448">
    <p class='ocr_par' dir='ltr' id='par_1_88' title="bbox 2243 4376 3632 4448">
     <span class='ocr_line' id='line_1_88' title="bbox 2243 4376 3632 4448; baseline 0.006 -21"><span class='ocrx_word' id='word_1_665' title='bbox 2243 4379 2260 4411; x_wconf 78' lang='grc'>â¸</span> <span class='ocrx_word' id='word_1_666' title='bbox 2285 4376 2424 4428; x_wconf 87' lang='lat' dir='ltr'><strong>Savil.</strong></span> <span class='ocrx_word' id='word_1_667' title='bbox 2451 4385 2506 4429; x_wconf 89' lang='lat' dir='ltr'><strong>et</strong></span> <span class='ocrx_word' id='word_1_668' title='bbox 2523 4379 2655 4430; x_wconf 88' lang='lat' dir='ltr'><strong>Colb.</strong></span> <span class='ocrx_word' id='word_1_669' title='bbox 2680 4381 2882 4442; x_wconf 84' lang='lat' dir='ltr'><strong>habent,</strong></span> <span class='ocrx_word' id='word_1_670' title='bbox 2913 4381 3286 4434; x_wconf 74' lang='lat' dir='ltr'><strong>irmumerabiles</strong></span> <span class='ocrx_word' id='word_1_671' title='bbox 3308 4383 3632 4448; x_wconf 73' lang='lat' dir='ltr'><strong>cogitationes.</strong></span> 
     </span>
    </p>
   </div>
   <div class='ocr_carea' id='block_1_89' title="bbox 484 4518 3758 4545">
    <p class='ocr_par' dir='ltr' id='par_1_89' title="bbox 484 4518 3758 4545">
     <span class='ocr_line' id='line_1_89' title="bbox 484 4518 3758 4545; baseline 0.005 -11"><span class='ocrx_word' id='word_1_672' title='bbox 484 4518 3758 4545; x_wconf 45' lang='lat' dir='ltr'><strong>Mm</strong></span> 
     </span>
    </p>
   </div>
   <div class='ocr_carea' id='block_1_90' title="bbox 959 4586 3265 4740">
    <p class='ocr_par' dir='ltr' id='par_1_90' title="bbox 959 4586 3265 4740">
     <span class='ocr_line' id='line_1_90' title="bbox 959 4586 3265 4740; baseline 0.003 -39"><span class='ocrx_word' id='word_1_673' title='bbox 959 4586 1781 4740; x_wconf 56' lang='lat' dir='ltr'><strong>mansuem</strong></span> <span class='ocrx_word' id='word_1_674' title='bbox 1851 4593 2108 4740; x_wconf 75' lang='lat' dir='ltr'><strong>Ap</strong></span> <span class='ocrx_word' id='word_1_675' title='bbox 2184 4590 3265 4740; x_wconf 75' lang='lat' dir='ltr'><strong>STAGIBIUM,</strong></span> 
     </span>
    </p>
   </div>
   <div class='ocr_carea' id='block_1_91' title="bbox 1167 4736 3041 4810">
    <p class='ocr_par' dir='ltr' id='par_1_91' title="bbox 1167 4736 3041 4810">
     <span class='ocr_line' id='line_1_91' title="bbox 1167 4736 3041 4810; baseline 0.004 -13"><span class='ocrx_word' id='word_1_676' title='bbox 1167 4736 1383 4810; x_wconf 88' lang='lat' dir='ltr'><strong>QUOD</strong></span> <span class='ocrx_word' id='word_1_677' title='bbox 1424 4737 1827 4800; x_wconf 78' lang='lat' dir='ltr'><strong>TRISTITIA</strong></span> <span class='ocrx_word' id='word_1_678' title='bbox 1868 4738 2228 4800; x_wconf 67' lang='lat' dir='ltr'><strong>DIEMONE</strong></span> <span class='ocrx_word' id='word_1_679' title='bbox 2273 4740 2446 4800; x_wconf 88' lang='lat' dir='ltr'>IPSO</span> <span class='ocrx_word' id='word_1_680' title='bbox 2488 4742 2610 4801; x_wconf 85' lang='lat' dir='ltr'><strong>SIT</strong></span> <span class='ocrx_word' id='word_1_681' title='bbox 2655 4742 3041 4806; x_wconf 78' lang='lat' dir='ltr'><strong>GRAVIOR.</strong></span> 
     </span>
    </p>
   </div>
   <div class='ocr_carea' id='block_1_92' title="bbox 1421 4836 2818 4946">
    <p class='ocr_par' dir='ltr' id='par_1_92' title="bbox 1421 4836 2818 4946">
     <span class='ocr_line' id='line_1_92' title="bbox 1421 4836 2818 4946; baseline 0.003 -4"><span class='ocrx_word' id='word_1_682' title='bbox 1421 4836 1895 4943; x_wconf 83' lang='lat' dir='ltr'><strong>LIBER</strong></span> <span class='ocrx_word' id='word_1_683' title='bbox 1963 4838 2818 4946; x_wconf 79' lang='lat' dir='ltr'><strong>SECUNDUS.</strong></span> 
     </span>
    </p>
   </div>
   <div class='ocr_carea' id='block_1_93' title="bbox 565 4998 2079 5070">
    <p class='ocr_par' dir='ltr' id='par_1_93' title="bbox 565 4998 2079 5070">
     <span class='ocr_line' id='line_1_93' title="bbox 565 4998 2079 5070; baseline 0.001 -16"><span class='ocrx_word' id='word_1_684' title='bbox 565 5001 615 5054; x_wconf 79' lang='lat' dir='ltr'><strong>l.</strong></span> <span class='ocrx_word' id='word_1_685' title='bbox 665 5000 729 5054; x_wconf 86' lang='lat' dir='ltr'><strong>Et</strong></span> <span class='ocrx_word' id='word_1_686' title='bbox 767 4999 868 5056; x_wconf 91' lang='lat' dir='ltr'><strong>ista</strong></span> <span class='ocrx_word' id='word_1_687' title='bbox 911 4998 1124 5069; x_wconf 87' lang='lat' dir='ltr'><strong>quidem</strong></span> <span class='ocrx_word' id='word_1_688' title='bbox 1167 4998 1234 5052; x_wconf 92' lang='lat' dir='ltr'><strong>de</strong></span> <span class='ocrx_word' id='word_1_689' title='bbox 1269 4998 1362 5053; x_wconf 91' lang='lat' dir='ltr'><strong>Dei</strong></span> <span class='ocrx_word' id='word_1_690' title='bbox 1398 4998 1750 5068; x_wconf 89' lang='lat' dir='ltr'><strong>providentia,</strong></span> <span class='ocrx_word' id='word_1_691' title='bbox 1795 5011 1956 5070; x_wconf 87' lang='lat' dir='ltr'><strong>utque</strong></span> <span class='ocrx_word' id='word_1_692' title='bbox 1991 5002 2079 5056; x_wconf 90' lang='lat' dir='ltr'><strong>ille</strong></span> 
     </span>
    </p>
   </div>
   <div class='ocr_carea' id='block_1_94' title="bbox 494 5090 2080 5164">
    <p class='ocr_par' dir='ltr' id='par_1_94' title="bbox 494 5090 2080 5164">
     <span class='ocr_line' id='line_1_94' title="bbox 494 5090 2080 5164; baseline 0.003 -21"><span class='ocrx_word' id='word_1_693' title='bbox 494 5108 598 5143; x_wconf 84' lang='lat' dir='ltr'><strong>non</strong></span> <span class='ocrx_word' id='word_1_694' title='bbox 638 5104 890 5144; x_wconf 87' lang='lat' dir='ltr'><strong>aversans</strong></span> <span class='ocrx_word' id='word_1_695' title='bbox 917 5099 972 5145; x_wconf 90' lang='lat' dir='ltr'><strong>et</strong></span> <span class='ocrx_word' id='word_1_696' title='bbox 1000 5104 1308 5153; x_wconf 74' lang='lat' dir='ltr'><strong>exsecraris,</strong></span> <span class='ocrx_word' id='word_1_697' title='bbox 1341 5091 1438 5143; x_wconf 90' lang='lat' dir='ltr'><strong>sed</strong></span> <span class='ocrx_word' id='word_1_698' title='bbox 1467 5099 1521 5144; x_wconf 90' lang='lat' dir='ltr'><strong>et</strong></span> <span class='ocrx_word' id='word_1_699' title='bbox 1550 5090 1832 5145; x_wconf 89' lang='lat' dir='ltr'><strong>admodum</strong></span> <span class='ocrx_word' id='word_1_700' title='bbox 1854 5091 2080 5164; x_wconf 83' lang='lat' dir='ltr'><strong>diligens</strong></span> 
     </span>
    </p>
   </div>
   <div class='ocr_carea' id='block_1_95' title="bbox 493 5179 2080 5249">
    <p class='ocr_par' dir='ltr' id='par_1_95' title="bbox 493 5179 2080 5249">
     <span class='ocr_line' id='line_1_95' title="bbox 493 5179 2080 5249; baseline 0 -12"><span class='ocrx_word' id='word_1_701' title='bbox 493 5179 596 5237; x_wconf 86' lang='lat' dir='ltr'><strong>hoc</strong></span> <span class='ocrx_word' id='word_1_702' title='bbox 625 5190 675 5234; x_wconf 89' lang='lat' dir='ltr'><strong>te</strong></span> <span class='ocrx_word' id='word_1_703' title='bbox 702 5188 950 5235; x_wconf 81' lang='lat' dir='ltr'><strong>exerceat</strong></span> <span class='ocrx_word' id='word_1_704' title='bbox 972 5180 1152 5247; x_wconf 91' lang='lat' dir='ltr'><strong>modo,</strong></span> <span class='ocrx_word' id='word_1_705' title='bbox 1177 5180 1375 5234; x_wconf 83' lang='lat' dir='ltr'><strong>dixisse</strong></span> <span class='ocrx_word' id='word_1_706' title='bbox 1394 5179 1638 5234; x_wconf 85' lang='lat' dir='ltr'><strong>sufficiat.</strong></span> <span class='ocrx_word' id='word_1_707' title='bbox 1668 5181 1927 5249; x_wconf 87' lang='lat' dir='ltr'><strong>Quoniam</strong></span> <span class='ocrx_word' id='word_1_708' title='bbox 1949 5200 2080 5240; x_wconf 85' lang='lat' dir='ltr'><strong>vero</strong></span> 
     </span>
    </p>
   </div>
   <div class='ocr_carea' id='block_1_96' title="bbox 493 5272 2076 5344">
    <p class='ocr_par' dir='ltr' id='par_1_96' title="bbox 493 5272 2076 5344">
     <span class='ocr_line' id='line_1_96' title="bbox 493 5272 2076 5344; baseline 0.004 -20"><span class='ocrx_word' id='word_1_709' title='bbox 493 5272 596 5326; x_wconf 91' lang='lat' dir='ltr'><strong>alia</strong></span> <span class='ocrx_word' id='word_1_710' title='bbox 626 5275 788 5328; x_wconf 90' lang='lat' dir='ltr'><strong>etiam</strong></span> <span class='ocrx_word' id='word_1_711' title='bbox 811 5288 878 5328; x_wconf 85' lang='lat' dir='ltr'><strong>ex</strong></span> <span class='ocrx_word' id='word_1_712' title='bbox 919 5282 1068 5342; x_wconf 89' lang='lat' dir='ltr'><strong>parte</strong></span> <span class='ocrx_word' id='word_1_713' title='bbox 1114 5272 1453 5327; x_wconf 87' lang='lat' dir='ltr'><strong>vehementer</strong></span> <span class='ocrx_word' id='word_1_714' title='bbox 1483 5281 1535 5326; x_wconf 85' lang='lat' dir='ltr'><strong>te</strong></span> <span class='ocrx_word' id='word_1_715' title='bbox 1570 5275 1691 5344; x_wconf 87' lang='lat' dir='ltr'><strong>angi</strong></span> <span class='ocrx_word' id='word_1_716' title='bbox 1734 5284 1952 5344; x_wconf 91' lang='lat' dir='ltr'><strong>questus</strong></span> <span class='ocrx_word' id='word_1_717' title='bbox 1997 5291 2076 5343; x_wconf 91' lang='lat' dir='ltr'><strong>es,</strong></span> 
     </span>
    </p>
   </div>
   <div class='ocr_carea' id='block_1_97' title="bbox 492 5361 2080 5437">
    <p class='ocr_par' dir='ltr' id='par_1_97' title="bbox 492 5361 2080 5437">
     <span class='ocr_line' id='line_1_97' title="bbox 492 5361 2080 5437; baseline 0.005 -22"><span class='ocrx_word' id='word_1_718' title='bbox 492 5361 634 5432; x_wconf 81' lang='lat' dir='ltr'><strong>quod</strong></span> <span class='ocrx_word' id='word_1_719' title='bbox 683 5378 1050 5432; x_wconf 68' lang='lat' dir='ltr'><strong>smpenumero</strong></span> <span class='ocrx_word' id='word_1_720' title='bbox 1081 5363 1304 5418; x_wconf 77' lang='lat' dir='ltr'><strong>.daemon</strong></span> <span class='ocrx_word' id='word_1_721' title='bbox 1357 5365 1440 5420; x_wconf 89' lang='lat' dir='ltr'><strong>vel</strong></span> <span class='ocrx_word' id='word_1_722' title='bbox 1490 5365 1712 5436; x_wconf 86' lang='lat' dir='ltr'><strong>pelago,</strong></span> <span class='ocrx_word' id='word_1_723' title='bbox 1762 5367 1844 5422; x_wconf 86' lang='lat' dir='ltr'><strong>vel</strong></span> <span class='ocrx_word' id='word_1_724' title='bbox 1890 5369 2080 5437; x_wconf 70' lang='lat' dir='ltr'><strong>prmci-</strong></span> 
     </span>
    </p>
   </div>
   <div class='ocr_carea' id='block_1_98' title="bbox 495 5453 2080 5524">
    <p class='ocr_par' dir='ltr' id='par_1_98' title="bbox 495 5453 2080 5524">
     <span class='ocr_line' id='line_1_98' title="bbox 495 5453 2080 5524; baseline 0.005 -18"><span class='ocrx_word' id='word_1_725' title='bbox 495 5454 664 5523; x_wconf 89' lang='lat' dir='ltr'><strong>pitio,</strong></span> <span class='ocrx_word' id='word_1_726' title='bbox 712 5453 799 5507; x_wconf 88' lang='lat' dir='ltr'><strong>vel</strong></span> <span class='ocrx_word' id='word_1_727' title='bbox 849 5454 956 5508; x_wconf 92' lang='lat' dir='ltr'><strong>alio</strong></span> <span class='ocrx_word' id='word_1_728' title='bbox 1001 5455 1192 5524; x_wconf 87' lang='lat' dir='ltr'><strong>quovis</strong></span> <span class='ocrx_word' id='word_1_729' title='bbox 1234 5455 1324 5509; x_wconf 90' lang='lat' dir='ltr'><strong>leti</strong></span> <span class='ocrx_word' id='word_1_730' title='bbox 1373 5470 1569 5523; x_wconf 84' lang='lat' dir='ltr'><strong>genere</strong></span> <span class='ocrx_word' id='word_1_731' title='bbox 1625 5456 1786 5510; x_wconf 88' lang='lat' dir='ltr'><strong>vitam</strong></span> <span class='ocrx_word' id='word_1_732' title='bbox 1830 5457 1924 5512; x_wconf 89' lang='lat' dir='ltr'><strong>tibi</strong></span> <span class='ocrx_word' id='word_1_733' title='bbox 1970 5459 2080 5514; x_wconf 89' lang='lat' dir='ltr'><strong>eri-</strong></span> 
     </span>
    </p>
   </div>
   <div class='ocr_carea' id='block_1_99' title="bbox 493 5543 2080 5620">
    <p class='ocr_par' dir='ltr' id='par_1_99' title="bbox 493 5543 2080 5620">
     <span class='ocr_line' id='line_1_99' title="bbox 493 5543 2080 5620; baseline 0.002 -23"><span class='ocrx_word' id='word_1_734' title='bbox 493 5558 622 5614; x_wconf 90' lang='lat' dir='ltr'><strong>pere</strong></span> <span class='ocrx_word' id='word_1_735' title='bbox 680 5543 934 5612; x_wconf 89' lang='lat' dir='ltr'><strong>suadeat,</strong></span> <span class='ocrx_word' id='word_1_736' title='bbox 981 5559 1079 5615; x_wconf 86' lang='lat' dir='ltr'><strong>age</strong></span> <span class='ocrx_word' id='word_1_737' title='bbox 1124 5544 1190 5600; x_wconf 91' lang='lat' dir='ltr'><strong>de</strong></span> <span class='ocrx_word' id='word_1_738' title='bbox 1242 5544 1545 5614; x_wconf 88' lang='lat' dir='ltr'><strong>lmjusmodi</strong></span> <span class='ocrx_word' id='word_1_739' title='bbox 1610 5562 1821 5617; x_wconf 90' lang='lat' dir='ltr'><strong>quoque</strong></span> <span class='ocrx_word' id='word_1_740' title='bbox 1875 5550 2080 5620; x_wconf 84' lang='lat' dir='ltr'><strong>cogita-</strong></span> 
     </span>
    </p>
   </div>
   <div class='ocr_carea' id='block_1_100' title="bbox 496 5635 2080 5708">
    <p class='ocr_par' dir='ltr' id='par_1_100' title="bbox 496 5635 2080 5708">
     <span class='ocr_line' id='line_1_100' title="bbox 496 5635 2080 5708; baseline 0.006 -22"><span class='ocrx_word' id='word_1_741' title='bbox 496 5635 728 5690; x_wconf 80' lang='lat' dir='ltr'><strong>tionibus</strong></span> <span class='ocrx_word' id='word_1_742' title='bbox 783 5637 967 5705; x_wconf 81' lang='lat' dir='ltr'><strong>paueis</strong></span> <span class='ocrx_word' id='word_1_743' title='bbox 1036 5637 1381 5692; x_wconf 78' lang='lat' dir='ltr'><strong>disseramus.</strong></span> <span class='ocrx_word' id='word_1_744' title='bbox 1459 5636 1642 5708; x_wconf 86' lang='lat' dir='ltr'><strong>Neque</strong></span> <span class='ocrx_word' id='word_1_745' title='bbox 1707 5639 1852 5695; x_wconf 89' lang='lat' dir='ltr'><strong>enim</strong></span> <span class='ocrx_word' id='word_1_746' title='bbox 1915 5641 2080 5696; x_wconf 87' lang='lat' dir='ltr'><strong>solius</strong></span> 
     </span>
    </p>
   </div>
   <div class='ocr_carea' id='block_1_101' title="bbox 493 5727 2075 5797">
    <p class='ocr_par' dir='ltr' id='par_1_101' title="bbox 493 5727 2075 5797">
     <span class='ocr_line' id='line_1_101' title="bbox 493 5727 2075 5797; baseline 0.003 -14"><span class='ocrx_word' id='word_1_747' title='bbox 493 5727 753 5786; x_wconf 75' lang='lat' dir='ltr'><strong>dazmonis</strong></span> <span class='ocrx_word' id='word_1_748' title='bbox 793 5736 876 5786; x_wconf 87' lang='lat' dir='ltr'><strong>est</strong></span> <span class='ocrx_word' id='word_1_749' title='bbox 915 5728 1042 5786; x_wconf 90' lang='lat' dir='ltr'><strong>illud</strong></span> <span class='ocrx_word' id='word_1_750' title='bbox 1077 5729 1390 5797; x_wconf 89' lang='lat' dir='ltr'><strong>consilium,</strong></span> <span class='ocrx_word' id='word_1_751' title='bbox 1438 5729 1533 5786; x_wconf 86' lang='lat' dir='ltr'><strong>sed</strong></span> <span class='ocrx_word' id='word_1_752' title='bbox 1587 5731 1746 5787; x_wconf 89' lang='lat' dir='ltr'><strong>etiam</strong></span> <span class='ocrx_word' id='word_1_753' title='bbox 1792 5734 2075 5789; x_wconf 77' lang='lat' dir='ltr'><strong>mmroris:</strong></span> 
     </span>
    </p>
   </div>
   <div class='ocr_carea' id='block_1_102' title="bbox 2185 5003 3772 5077">
    <p class='ocr_par' dir='ltr' id='par_1_102' title="bbox 2185 5003 3772 5077">
     <span class='ocr_line' id='line_1_102' title="bbox 2185 5003 3772 5077; baseline 0.009 -23"><span class='ocrx_word' id='word_1_754' title='bbox 2185 5003 2290 5054; x_wconf 93' lang='lat' dir='ltr'><strong>imo</strong></span> <span class='ocrx_word' id='word_1_755' title='bbox 2320 5016 2448 5055; x_wconf 89' lang='lat' dir='ltr'><strong>vero</strong></span> <span class='ocrx_word' id='word_1_756' title='bbox 2477 5003 2591 5070; x_wconf 92' lang='lat' dir='ltr'><strong>plus</strong></span> <span class='ocrx_word' id='word_1_757' title='bbox 2619 5004 2863 5058; x_wconf 71' lang='lat' dir='ltr'><strong>tnmroris</strong></span> <span class='ocrx_word' id='word_1_758' title='bbox 2885 5021 3041 5074; x_wconf 90' lang='lat' dir='ltr'><strong>quam</strong></span> <span class='ocrx_word' id='word_1_759' title='bbox 3068 5006 3346 5077; x_wconf 70' lang='lat' dir='ltr'><strong>daemonis,</strong></span> <span class='ocrx_word' id='word_1_760' title='bbox 3376 5010 3599 5068; x_wconf 89' lang='lat' dir='ltr'><strong>fortasse</strong></span> <span class='ocrx_word' id='word_1_761' title='bbox 3636 5030 3772 5070; x_wconf 84' lang='lat' dir='ltr'><strong>vero</strong></span> 
     </span>
    </p>
   </div>
   <div class='ocr_carea' id='block_1_103' title="bbox 2183 5093 3740 5176">
    <p class='ocr_par' dir='ltr' id='par_1_103' title="bbox 2183 5093 3740 5176">
     <span class='ocr_line' id='line_1_103' title="bbox 2183 5093 3740 5176; baseline 0.01 -33"><span class='ocrx_word' id='word_1_762' title='bbox 2183 5093 2429 5144; x_wconf 74' lang='lat' dir='ltr'><strong>mmroris</strong></span> <span class='ocrx_word' id='word_1_763' title='bbox 2451 5093 2634 5146; x_wconf 91' lang='lat' dir='ltr'><strong>solius.</strong></span> <span class='ocrx_word' id='word_1_764' title='bbox 2667 5093 2721 5146; x_wconf 91' lang='lat' dir='ltr'><strong>Id</strong></span> <span class='ocrx_word' id='word_1_765' title='bbox 2751 5109 2816 5148; x_wconf 86' lang='lat' dir='ltr'><strong>ex</strong></span> <span class='ocrx_word' id='word_1_766' title='bbox 2855 5109 2920 5149; x_wconf 91' lang='lat' dir='ltr'><strong>eo</strong></span> <span class='ocrx_word' id='word_1_767' title='bbox 2951 5096 3186 5165; x_wconf 83' lang='lat' dir='ltr'><strong>profecto</strong></span> <span class='ocrx_word' id='word_1_768' title='bbox 3225 5113 3452 5168; x_wconf 87' lang='lat' dir='ltr'><strong>constat,</strong></span> <span class='ocrx_word' id='word_1_769' title='bbox 3485 5106 3621 5173; x_wconf 91' lang='lat' dir='ltr'><strong>quod</strong></span> <span class='ocrx_word' id='word_1_770' title='bbox 3650 5110 3740 5176; x_wconf 88' lang='lat' dir='ltr'><strong>plu</strong></span> 
     </span>
    </p>
   </div>
   <div class='ocr_carea' id='block_1_104' title="bbox 2184 5181 3762 5252">
    <p class='ocr_par' dir='ltr' id='par_1_104' title="bbox 2184 5181 3762 5252">
     <span class='ocr_line' id='line_1_104' title="bbox 2184 5181 3762 5252; baseline 0.008 -17"><span class='ocrx_word' id='word_1_771' title='bbox 2184 5181 2302 5237; x_wconf 89' lang='lat' dir='ltr'><strong>rimi</strong></span> <span class='ocrx_word' id='word_1_772' title='bbox 2345 5183 2506 5238; x_wconf 88' lang='lat' dir='ltr'><strong>etiam</strong></span> <span class='ocrx_word' id='word_1_773' title='bbox 2534 5183 2600 5237; x_wconf 89' lang='lat' dir='ltr'><strong>ab</strong></span> <span class='ocrx_word' id='word_1_774' title='bbox 2645 5183 2945 5252; x_wconf 89' lang='lat' dir='ltr'><strong>lmjusmodi</strong></span> <span class='ocrx_word' id='word_1_775' title='bbox 2995 5189 3341 5246; x_wconf 89' lang='lat' dir='ltr'><strong>insectatione</strong></span> <span class='ocrx_word' id='word_1_776' title='bbox 3390 5193 3540 5248; x_wconf 82' lang='lat' dir='ltr'><strong>liberi</strong></span> <span class='ocrx_word' id='word_1_777' title='bbox 3574 5211 3638 5248; x_wconf 85' lang='lat' dir='ltr'><strong>ex</strong></span> <span class='ocrx_word' id='word_1_778' title='bbox 3665 5198 3762 5249; x_wconf 81' lang='lat' dir='ltr'><strong>doâ€”</strong></span> 
     </span>
    </p>
   </div>
   <div class='ocr_carea' id='block_1_105' title="bbox 2184 5273 3764 5350">
    <p class='ocr_par' dir='ltr' id='par_1_105' title="bbox 2184 5273 3764 5350">
     <span class='ocr_line' id='line_1_105' title="bbox 2184 5273 3764 5350; baseline 0.01 -24"><span class='ocrx_word' id='word_1_779' title='bbox 2184 5273 2298 5328; x_wconf 77' lang='lat' dir='ltr'><strong>lore</strong></span> <span class='ocrx_word' id='word_1_780' title='bbox 2323 5273 2439 5328; x_wconf 92' lang='lat' dir='ltr'><strong>solo</strong></span> <span class='ocrx_word' id='word_1_781' title='bbox 2479 5273 2592 5328; x_wconf 68' lang='lat' dir='ltr'><strong>ha-c</strong></span> <span class='ocrx_word' id='word_1_782' title='bbox 2618 5274 2934 5330; x_wconf 89' lang='lat' dir='ltr'><strong>deliberant.</strong></span> <span class='ocrx_word' id='word_1_783' title='bbox 2976 5277 3126 5332; x_wconf 83' lang='lat' dir='ltr'><strong>Hunc</strong></span> <span class='ocrx_word' id='word_1_784' title='bbox 3165 5281 3322 5350; x_wconf 84' lang='lat' dir='ltr'><strong>igitur</strong></span> <span class='ocrx_word' id='word_1_785' title='bbox 3358 5298 3422 5337; x_wconf 91' lang='lat' dir='ltr'><strong>ex</strong></span> <span class='ocrx_word' id='word_1_786' title='bbox 3453 5285 3629 5339; x_wconf 91' lang='lat' dir='ltr'><strong>animo</strong></span> <span class='ocrx_word' id='word_1_787' title='bbox 3677 5295 3764 5342; x_wconf 77' lang='lat' dir='ltr'><strong>tua</strong></span> 
     </span>
    </p>
   </div>
   <div class='ocr_carea' id='block_1_106' title="bbox 2167 5362 3748 5445">
    <p class='ocr_par' dir='ltr' id='par_1_106' title="bbox 2167 5362 3748 5445">
     <span class='ocr_line' id='line_1_106' title="bbox 2167 5362 3748 5445; baseline 0.006 -28"><span class='ocrx_word' id='word_1_788' title='bbox 2167 5362 2302 5435; x_wconf 55' lang='lat' dir='ltr'><strong>,fuga</strong></span> <span class='ocrx_word' id='word_1_789' title='bbox 2327 5379 2389 5419; x_wconf 88' lang='lat' dir='ltr'><strong>ac</strong></span> <span class='ocrx_word' id='word_1_790' title='bbox 2416 5365 2626 5434; x_wconf 90' lang='lat' dir='ltr'><strong>penitus</strong></span> <span class='ocrx_word' id='word_1_791' title='bbox 2646 5366 2880 5433; x_wconf 87' lang='lat' dir='ltr'><strong>elimina,</strong></span> <span class='ocrx_word' id='word_1_792' title='bbox 2911 5383 2972 5422; x_wconf 89' lang='lat' dir='ltr'><strong>ac</strong></span> <span class='ocrx_word' id='word_1_793' title='bbox 3014 5371 3214 5425; x_wconf 90' lang='lat' dir='ltr'><strong>nullam</strong></span> <span class='ocrx_word' id='word_1_794' title='bbox 3250 5374 3352 5427; x_wconf 89' lang='lat' dir='ltr'><strong>vim</strong></span> <span class='ocrx_word' id='word_1_795' title='bbox 3383 5375 3631 5445; x_wconf 87' lang='lat' dir='ltr'><strong>deinceps</strong></span> <span class='ocrx_word' id='word_1_796' title='bbox 3680 5378 3748 5430; x_wconf 71' lang='lat' dir='ltr'><strong>illa</strong></span> 
     </span>
    </p>
   </div>
   <div class='ocr_carea' id='block_1_107' title="bbox 2185 5458 3773 5534">
    <p class='ocr_par' dir='ltr' id='par_1_107' title="bbox 2185 5458 3773 5534">
     <span class='ocr_line' id='line_1_107' title="bbox 2185 5458 3773 5534; baseline 0.009 -24"><span class='ocrx_word' id='word_1_797' title='bbox 2185 5458 2416 5523; x_wconf 89' lang='lat' dir='ltr'><strong>habebit,</strong></span> <span class='ocrx_word' id='word_1_798' title='bbox 2445 5474 2550 5512; x_wconf 92' lang='lat' dir='ltr'><strong>non</strong></span> <span class='ocrx_word' id='word_1_799' title='bbox 2579 5460 2748 5513; x_wconf 93' lang='lat' dir='ltr'><strong>solum</strong></span> <span class='ocrx_word' id='word_1_800' title='bbox 2779 5461 2842 5514; x_wconf 90' lang='lat' dir='ltr'><strong>ad</strong></span> <span class='ocrx_word' id='word_1_801' title='bbox 2870 5464 3451 5534; x_wconf 87' lang='lat' dir='ltr'><strong>persuadendum-ista,</strong></span> <span class='ocrx_word' id='word_1_802' title='bbox 3482 5482 3668 5522; x_wconf 87' lang='lat' dir='ltr'><strong>verum</strong></span> <span class='ocrx_word' id='word_1_803' title='bbox 3702 5485 3773 5525; x_wconf 80' lang='lat' dir='ltr'><strong>ne</strong></span> 
     </span>
    </p>
   </div>
   <div class='ocr_carea' id='block_1_108' title="bbox 2185 5549 3772 5630">
    <p class='ocr_par' dir='ltr' id='par_1_108' title="bbox 2185 5549 3772 5630">
     <span class='ocr_line' id='line_1_108' title="bbox 2185 5549 3772 5630; baseline 0.009 -28"><span class='ocrx_word' id='word_1_804' title='bbox 2185 5549 2251 5603; x_wconf 89' lang='lat' dir='ltr'><strong>ad</strong></span> <span class='ocrx_word' id='word_1_805' title='bbox 2298 5552 2680 5622; x_wconf 83' lang='lat' dir='ltr'><strong>suggerendum</strong></span> <span class='ocrx_word' id='word_1_806' title='bbox 2712 5553 2948 5622; x_wconf 90' lang='lat' dir='ltr'><strong>quidem.</strong></span> <span class='ocrx_word' id='word_1_807' title='bbox 2995 5555 3145 5612; x_wconf 90' lang='lat' dir='ltr'><strong>Nunc</strong></span> <span class='ocrx_word' id='word_1_808' title='bbox 3182 5559 3377 5629; x_wconf 89' lang='lat' dir='ltr'><strong>quippe</strong></span> <span class='ocrx_word' id='word_1_809' title='bbox 3421 5561 3772 5630; x_wconf 84' lang='lat' dir='ltr'><strong>quemadmo-</strong></span> 
     </span>
    </p>
   </div>
   <div class='ocr_carea' id='block_1_109' title="bbox 2185 5643 3769 5723">
    <p class='ocr_par' dir='ltr' id='par_1_109' title="bbox 2185 5643 3769 5723">
     <span class='ocr_line' id='line_1_109' title="bbox 2185 5643 3769 5723; baseline 0.009 -26"><span class='ocrx_word' id='word_1_810' title='bbox 2185 5643 2313 5697; x_wconf 89' lang='lat' dir='ltr'><strong>dum</strong></span> <span class='ocrx_word' id='word_1_811' title='bbox 2339 5643 2373 5697; x_wconf 91' lang='lat' dir='ltr'><strong>ii</strong></span> <span class='ocrx_word' id='word_1_812' title='bbox 2414 5644 2503 5713; x_wconf 88' lang='lat' dir='ltr'><strong>qui</strong></span> <span class='ocrx_word' id='word_1_813' title='bbox 2552 5645 2779 5722; x_wconf 83' lang='lat' dir='ltr'><strong>parictcs</strong></span> <span class='ocrx_word' id='word_1_814' title='bbox 2821 5647 3128 5712; x_wconf 76' lang='lat' dir='ltr'><strong>suffodiunt,</strong></span> <span class='ocrx_word' id='word_1_815' title='bbox 3162 5652 3332 5704; x_wconf 85' lang='lat' dir='ltr'><strong>noctis</strong></span> <span class='ocrx_word' id='word_1_816' title='bbox 3363 5662 3628 5723; x_wconf 87' lang='lat' dir='ltr'><strong>tempore,</strong></span> <span class='ocrx_word' id='word_1_817' title='bbox 3670 5672 3769 5710; x_wconf 85' lang='lat' dir='ltr'><strong>ex-</strong></span> 
     </span>
    </p>
   </div>
   <div class='ocr_carea' id='block_1_110' title="bbox 2186 5737 3769 5810">
    <p class='ocr_par' dir='ltr' id='par_1_110' title="bbox 2186 5737 3769 5810">
     <span class='ocr_line' id='line_1_110' title="bbox 2186 5737 3769 5810; baseline 0.009 -20"><span class='ocrx_word' id='word_1_818' title='bbox 2186 5738 2380 5793; x_wconf 83' lang='lat' dir='ltr'><strong>stincto</strong></span> <span class='ocrx_word' id='word_1_819' title='bbox 2430 5737 2663 5806; x_wconf 86' lang='lat' dir='ltr'><strong>lumine,</strong></span> <span class='ocrx_word' id='word_1_820' title='bbox 2703 5749 2757 5796; x_wconf 86' lang='lat' dir='ltr'><strong>ct</strong></span> <span class='ocrx_word' id='word_1_821' title='bbox 2785 5739 2942 5796; x_wconf 86' lang='lat' dir='ltr'><strong>furari</strong></span> <span class='ocrx_word' id='word_1_822' title='bbox 2990 5756 3153 5810; x_wconf 86' lang='lat' dir='ltr'><strong>opes,</strong></span> <span class='ocrx_word' id='word_1_823' title='bbox 3201 5752 3254 5799; x_wconf 89' lang='lat' dir='ltr'><strong>ct</strong></span> <span class='ocrx_word' id='word_1_824' title='bbox 3299 5759 3480 5800; x_wconf 87' lang='lat' dir='ltr'><strong>earum</strong></span> <span class='ocrx_word' id='word_1_825' title='bbox 3523 5746 3769 5804; x_wconf 78' lang='lat' dir='ltr'><strong>dominos</strong></span> 
     </span>
    </p>
   </div>
  </div>
