4036 6416
301 374 406 431 ιιτ

306 489 458 558 οὗτος
490 496 519 547 ό
547 493 788 566 δαίμωνς
833 495 923 548 διά
962 492 1120 547 τοῦτό
1165 510 1224 546 σε
1255 493 1686 565 ἐκπληττόμενος
1718 495 1815 548 καὶ
1847 494 1979 548 θαυ-

312 584 500 655 μάζων
542 585 603 637 οὐ
634 583 900 654 παύομαι,
925 584 1008 636 ὅτι
1058 583 1193 655 πρὸς
1229 583 1470 637 τοιοῦτον
1507 583 1808 655 κληρωθεὶς
1848 584 1979 637 ἀντ-

307 674 633 743 αγωνιστὴν,
663 674 726 726 οὐ
773 672 1092 736 κατέπεσες,
1118 673 1239 726 οὐδὲ
1276 671 1545 737 ἐξέδωκας
1577 673 1800 727 σεαυτὸν
1820 711 1836 738 ,
1864 671 1980 727 ἀλλ’

308 759 534 832 εμεινας
563 760 789 831 ἀκλινὴς
827 760 1137 831 μηδαμόθεν
1170 760 1654 832 περιτρεπόμενος.

381 847 437 902 ι’.
469 848 578 902 Καὶ
595 849 677 902 ὅτι
704 865 761 901 σε
792 848 853 901 οὐ
881 849 1187 902 κολακεύων
1214 849 1388 902 ταῦτα
1400 848 1551 917 λέγω
1563 846 1678 911 νῦν,
1696 848 1830 902 ἀλλὰ
1850 847 1983 919 ἀλη-

307 935 419 999 θῶς
450 936 519 989 τὰ
571 935 805 1005 μέγιστα
844 936 951 989 ἀπὸ
981 937 1079 1007 τῆς
1128 936 1359 1005 θλίψεως
1400 935 1603 1007 ταύτης
1649 935 1979 1007 ἐκαρπώσω,

308 1021 543 1093 ἀνάσχου
583 1021 723 1093 μετά
750 1022 1065 1094 παρρησίας
1096 1022 1361 1091 λεγόντων
1393 1021 1551 1093 ήμῶν
1579 1038 1592 1051 ·
1626 1022 1745 1075 ούδέ
1774 1022 1883 1093 γάρ
1915 1021 1983 1075 ἀν

308 1108 482 1172 ἄλλως
507 1108 774 1180 δυναίμην
810 1110 1001 1163 τούτου
1039 1111 1342 1181 παρασχεῖν
1372 1100 1471 1180 τὴν
1500 1108 1791 1174 ἀπόδειξιν.
1813 1106 1983 1164 Οίσθά

308 1214 414 1249 που
438 1197 533 1250 καὶ
560 1198 840 1269 μέμνησαι
866 1198 965 1268 τὴν
986 1197 1257 1269 προτέραν
1288 1214 1381 1249 σου
1411 1196 1711 1269 διαγωγὴν,
1745 1196 1843 1269 τὴν
1876 1198 1982 1268 πρὸ

305 1283 498 1337 τούτου
523 1285 666 1355 λέγω
689 1285 783 1338 τοῦ
804 1285 1112 1357 πειρασμοῦ
1128 1304 1142 1315 “
1161 1284 1312 1358 [178]
1335 1285 1530 1338 οὐκοῦν
1559 1286 1811 1353 ἐξέτασον
1840 1286 1983 1338 ἐκεί-

307 1388 406 1443 νην
451 1373 651 1438 καλῶς,
683 1374 775 1427 καὶ
807 1374 1026 1438 ἀντίθες
1053 1376 1118 1445 τῇ
1156 1373 1407 1445 παρούσῃ
1453 1376 1518 1444 τῇ
1558 1372 1697 1444 μετὰ
1744 1373 1835 1426 τὸν
1862 1390 1975 1426 πειο

310 1460 548 1530 ρασμὸν,
588 1462 683 1515 καὶ
710 1461 831 1515 τότε
876 1461 994 1531 ὕψει
1034 1462 1095 1513 τὸ
1129 1461 1317 1531 κέρδος
1356 1462 1484 1513 ὅσον
1517 1461 1627 1514 ἀπὸ
1662 1461 1865 1532 ταύτης
1899 1480 1983 1515 σοι

306 1546 503 1615 γέγονε
543 1549 643 1619 τῆς
685 1548 1023 1621 συμπλοκῆς.
1059 1547 1172 1601 Νῦν
1199 1548 1294 1619 μὲν
1332 1547 1439 1619 γὰρ
1472 1548 1568 1602 καὶ
1605 1550 1664 1602 ἐν
1710 1550 1983 1620 νηστείαις

306 1637 405 1690 καὶ
436 1636 746 1708 παννυχίσι,
776 1639 873 1691 καὶ
896 1640 962 1709 τῇ
993 1637 1123 1709 περὶ
1156 1636 1254 1707 τὴν
1287 1637 1592 1704 ἀνάγνωσιν
1623 1638 1855 1708 σπουδῇ,
1888 1638 1983 1690 καὶ

305 1727 373 1796 τῇ
401 1724 529 1796 περὶ
557 1725 655 1789 τὰς
682 1724 847 1796 εὐχὰς
872 1725 1157 1797 καρτερίᾳ,
1190 1723 1360 1795 πολλὴ
1391 1723 1618 1792 γέγονεν
1643 1726 1676 1795 ή
1709 1725 1979 1790 ἐπίτασις,

306 1815 403 1867 καὶ
433 1812 494 1867 τὸ
538 1812 823 1883 ἀδιάχυτον
862 1813 918 1866 δέ
968 1813 1063 1867 καὶ
1093 1812 1347 1866 ταπεινὸν
1384 1813 1503 1883 μεθ’
1547 1813 1856 1884 ὑπερϐολῆς
1902 1832 1985 1866 σοι

306 1898 691 1971 κατώρθωται’
730 1900 995 1971 πρότερον
1029 1900 1086 1953 δέ
1120 1917 1203 1953 σοι
1241 1898 1463 1971 βιϐλίων
1492 1898 1649 1969 λόγος
1676 1895 1744 1972 ἦν
1788 1900 1981 1966 οὐδεὶς,

305 1987 459 2040 πᾶσα
504 1987 562 2040 δέ
595 2004 679 2040 σοι
707 1988 928 2058 φροντὶς
960 1988 1055 2041 καὶ
1087 1988 1248 2051 πόνος
1290 1990 1371 2051 εἰς
1399 1988 1500 2061 τὴν
1543 1988 1862 2059 ἐπιμέλειαν
1888 1989 1985 2041 ἀν-

302 2074 560 2145 ηλίσκετο
606 2076 717 2129 τῶν
765 2077 824 2129 ἐν
874 2074 952 2146 τῷ
987 2076 1300 2147 παραδείσῳ
1335 2076 1537 2144 φυτῶν.
1570 2075 1786 2129 Πολλῶν
1822 2077 1879 2129 δέ
1926 2094 1985 2130 σε

307 2163 408 2215 καὶ
439 2163 519 2226 εἰς
543 2163 804 2218 ἀπόνοιαν
833 2164 1189 2217 σκωπτόντων
1242 2164 1440 2235 ἤκουον
1484 2165 1641 2229 τότε,
1678 2165 1773 2218 καὶ
1812 2165 1985 2239 ταύτῃ

303 2248 405 2321 τὴν
435 2249 533 2303 τοῦ
566 2251 759 2319 γένους
808 2251 1147 2323 αἰτιωμένων
1178 2252 1537 2324 λαμπρότητα
1559 2292 1574 2313 ,
1626 2254 1722 2307 καὶ
1752 2253 1854 2323 τὴν
1889 2255 1983 2308 τοῦ

304 2337 512 2407 πατρὸς
534 2336 713 2401 δόξαν,
751 2338 848 2393 καὶ
879 2339 943 2392 τὸ
970 2340 1027 2392 ἐν
1065 2339 1283 2410 πλούτῳ
1310 2340 1611 2410 τετράφθαι
1641 2340 1820 2411 πολλῷ
1843 2357 1859 2372 ο
1885 2342 1986 2412 τὴν

301 2422 360 2475 δὲ
395 2424 455 2476 ἐν
488 2427 611 2487 ταῖς
645 2424 932 2495 παννυχίσι
963 2424 1237 2497 ρᾳθυμίαν
1268 2427 1364 2480 καὶ
1398 2426 1564 2490 αὐτὸς
1594 2421 1742 2490 οἶδας
1776 2426 1984 2495 σαφῶς.

302 2509 577 2576 Πολλάκις
609 2511 718 2584 γὰρ
742 2512 919 2568 ἄλλων
946 2514 1085 2585 μετά
1117 2514 1216 2585 τὴν
1250 2514 1470 2585 βαθεῖαν
1494 2515 1734 2587 ἑσπέραν
1764 2515 1987 2569 ἀνιστα-

300 2597 486 2669 μένων
532 2598 755 2663 εὐθέως,
792 2600 956 2664 αὐτὸς
1000 2600 1193 2673 ἔμενες
1233 2600 1388 2673 ὕπνῳ
1419 2602 1780 2675 κατεχόμενος
1810 2601 1985 2673 βαθεῖ,

296 2684 401 2738 καὶ
445 2686 583 2757 πρὸς
632 2687 761 2751 τοὺς
803 2687 1171 2759 διεγείροντας
1223 2688 1625 2761 ἐδυσχέραινες.
1680 2689 1844 2743 Ἀλλά
1891 2689 1988 2744 νῦν

301 2771 483 2826 πάντα
530 2772 746 2827 λέλυται
797 2775 982 2829 ἐκεῖνα
1000 2814 1016 2838 ,
1068 2776 1165 2830 καὶ
1217 2777 1354 2849 πρὸς
1400 2776 1459 2830 τὸ
1503 2776 1709 2847 βέλτιον
1755 2778 1987 2849 μεταϐέ-

293 2858 529 2930 ϐληται,
569 2860 629 2925 ἐξ
676 2854 738 2915 οὐ
782 2862 883 2934 τὴν
938 2862 1118 2934 μάχην
1163 2866 1258 2918 καὶ
1314 2864 1407 2918 τὸν
1456 2866 1696 2935 πόλεμον
1755 2866 1988 2932 ἀνεδέξω

292 2946 509 3001 τοῦτον.
546 2948 609 3000 El
646 2948 713 3002 δὲ
757 2947 903 3021 ἐροιό
956 2967 1047 3021 με,
1092 2951 1146 3004 τί
1179 2952 1380 3023 δήποτέ
1431 2969 1515 3005 σοι
1570 2952 1846 3025 τρυφῶντι
1894 2955 1988 3008 καὶ

302 3033 441 3104 πρὸς
485 3035 555 3088 τά
603 3035 699 3089 τοῦ
754 3038 961 3109 κόσμου
1013 3039 1317 3111 πράγματα
1370 3041 1702 3113 ἐπτοημένῳ
1755 3044 1815 3096 οὐ
1866 3061 1991 3095 συν-

301 3120 580 3193 ἐχώρησεν
617 3125 936 3195 ἀντιστῆναι
968 3126 1060 3179 τὸν
1088 3127 1319 3198 δαίμονα
1349 3128 1537 3182 τοῦτον
1564 3132 1593 3183 ὁ
1622 3129 1776 3193 Θεὸς,
1814 3131 1991 3184 ἐκεῖνο

299 3210 373 3265 ἂν
401 3211 803 3284 ἀποκρινοίμην
838 3212 980 3283 ἐγὼ,
1015 3216 1097 3270 ὅτι
1130 3216 1227 3270 καὶ
1264 3215 1427 3270 τοῦτο
1468 3218 1567 3289 τῆς
1611 3218 1777 3273 αὐτοῦ
1825 3219 1987 3290 κηδε-

305 3300 496 3371 μονίας
543 3297 652 3372 ῆνο
700 3302 819 3374 ᾔδει
863 3304 975 3376 γὰρ
1022 3305 1104 3358 ὅτι
1154 3324 1215 3359 σε
1246 3306 1369 3359 τότε
1399 3306 1870 3375 εὐκαταγώνιστον
1896 3309 1988 3361 εὐ-

302 3390 415 3467 ρὼν
446 3391 658 3460 ταχέως
683 3392 895 3446 ἀπολεῖ,
920 3393 1019 3447 Διά
1050 3394 1212 3448 τοῦτο
1237 3396 1356 3449 οὐδέ
1385 3395 1590 3459 εὐθέως
1616 3396 1711 3449 ἐπὶ
1741 3396 1833 3448 τὸν
1875 3396 1987 3450 τῶν

298 3476 553 3548 ·μοναχῶν
582 3477 806 3533 ἐλθόντα
835 3480 949 3551 βίον
969 3483 1107 3553 πρὸς
1130 3482 1229 3554 τὴν
1261 3482 1438 3554 πάλην
1468 3482 1678 3552 ταύτην
1704 3483 1982 3551 ἐκάλεσεν,

300 3564 416 3618 ἀλλ’
463 3566 675 3637 ἀφῆκεν
715 3570 1161 3641 ἐγγυμνασθῆναι
1195 3574 1288 3626 καὶ
1322 3571 1516 3644 χρόνον
1551 3573 1843 3643 ἀναμεῖναι
1875 3589 1982 3643 μα-

296 3647 584 3722 κρὸν,ῖεῐθ’
612 3654 701 3707 ὅτε
731 3658 1201 3729 καρτερικώτατος
1228 3660 1478 3729 γέγονας,
1510 3660 1812 3731 τηνικαῦτα
1846 3660 1984 3731 πρὸς

296 3738 364 3792 τὸ
421 3741 677 3797 ἐπίπονον
721 3745 881 3799 τοῦτο
918 3747 1137 3802 στάδιον
1175 3748 1445 3804 εἵλκυσεν.
1481 3750 1603 3803 Ἔτι
1640 3744 1734 3802 οῦν
1770 3748 1879 3803 τῶν
1925 3750 1982 3802 ἐν

300 3821 382 3894 τῷ
407 3824 598 3897 κόσμῳ
628 3829 1016 3900 στρεφομένων
1044 3834 1317 3907 μεμνήσῃ,
1346 3833 1441 3887 καὶ
1464 3831 1558 3886 τόν
1585 3831 1804 3903 οἰκέτην
1830 3831 1980 3896 ἄξεις

296 3910 383 3974 εἰς
413 3911 577 3981 μέσον
617 3914 708 3969 τὸν
755 3916 882 3971 σόν·
912 3921 1121 3973 ἐκεῖνον
1173 3920 1272 3991 μὲν
1300 3921 1409 3993 γάρ
1445 3939 1506 3975 σε
1535 3917 1690 3993 οἶμαι
1745 3921 1980 3975 αἰνίττε-

305 3998 452 4066 σθαι,
503 4001 633 4055 ὅταν
688 4003 857 4078 λέγῃς
905 4006 987 4059 ὃτι
1033 4007 1220 4062 πολλοὶ
1271 4010 1381 4064 τῶν
1444 4009 1714 4080 βιωτικῶν
1770 4008 1981 4080 ἀνδρῶν

300 4084 479 4161 ταύτῃ
510 4093 901 4161 περιπεσόντες
936 4096 1003 4167 τῇ
1032 4096 1172 4167 νόσῳ
1195 4096 1459 4169 ταχίστης
1496 4098 1592 4152 καὶ
1626 4097 1835 4161 τελείας
1862 4096 1983 4150 ἐτυ-

1203 376 1295 432 AD
1331 377 1708 433 STACIRIUM
1746 378 1789 433 Α
1830 375 2137 434 DEMONE
2178 372 2537 432 VEXATUM.
2583 374 2712 433 LIB.
2756 378 2821 432 ll.

460 4358 2954 4388 m—

2086 510 2179 563 χον
2202 492 2543 564 ἀπαλλαγῆς.
2590 493 2730 546 Ἀλλ’
2763 494 2793 545 ό
2824 480 3066 568 οἰκέτης,
3100 494 3146 550 ῶ
3189 496 3433 565 φίλτατε,
3480 498 3511 549 ὁ
3554 495 3648 561 chr;
3673 499 3768 551 κιὶ

2081 582 2197 634 ὅσοι
2256 582 2365 634 τῶν
2408 581 2590 634 αὐτῶν
2620 582 2811 653 ἔτυχον
2860 583 3076 655 ἐκείνῳ,
3119 586 3219 638 οὐκ
3268 585 3361 639 ἐπὶ
3428 587 3541 649 τοῖς
3584 588 3766 650 αὐτοῖς

2082 667 2232 740 αὐτῷ
2273 668 2756 743 προσεπλάκησαν,
2795 664 2993 744 οἷσπερ
3039 672 3135 727 καὶ
3175 675 3239 727 σύ
3277 672 3373 727 νῦν
3400 690 3413 704 ³
3445 675 3639 745 ἐκείνῳ
3669 675 3768 745 μὲν

2081 756 2193 828 γὰρ
2219 757 2312 809 καὶ
2342 758 2455 819 τοῖς
2482 757 2739 820 τοιούτοις
2770 758 2913 831 ὑπὲρ
2945 759 3038 814 τοῦ
3067 761 3301 832 φοϐῆσαι
3342 762 3523 832 μόνον,
3563 765 3658 817 καὶ
3687 764 3768 835 τῷ

2083 839 2235 911 φόϐῳ
2285 839 2512 909 ποιῆσαι
2566 839 2828 910 βελτίους,
2879 842 3040 896 τοῦτο
3089 845 3345 916 ἐπαφῆκε
3385 844 3449 899 τὸ
3501 846 3690 917 θηρίον
3738 850 3769 902 δ

2086 928 2221 991 Θεός
2244 943 2256 956 ·
2289 928 2372 980 σοὶ
2404 927 2483 992 δέ,
2515 926 2656 981 ὥστε
2696 929 3072 998 ἀγωνίσασθαι
3105 934 3389 1002 γενναίως,
3424 936 3521 988 καὶ
3545 937 3770 1008 νικῆσαι

2083 1013 2377 1086 λαμπρῶς,
2409 1015 2627 1070 καὶτὸν
2659 1016 2759 1088 τῆς
2813 1018 3091 1090 ὑπομονῆς
3140 1021 3512 1092 ἀναδήσασθαι
3566 1025 3770 1094 στέφα-

2082 1119 2193 1156 νον.
2240 1104 2386 1173 Νίκη
2409 1103 2466 1156 δέ
2509 1104 2678 1167 ἐστιν,
2706 1105 2805 1177 οὐχ
2833 1108 2961 1161 ὅταν
2996 1125 3101 1173 τις,
3134 1109 3230 1162 τοῦ
3258 1109 3488 1182 θεάτρου
3535 1111 3616 1165 ἐτι
3643 1130 3770 1167 συν-

2083 1188 2339 1254 εστῶτος,
2383 1190 2679 1245 παλαίοντα
2722 1194 2885 1247 αὐτὸν
2940 1195 3175 1259 ἑλκύσας
3208 1198 3471 1269 ἀπαγάγῃ
3506 1198 3601 1253 τοῦ
3645 1201 3772 1255 ἀντ-

2084 1279 2420 1347 αγωνιστοῦ,
2473 1280 2588 1333 ἀλλ’
2657 1282 2785 1335 ὅταν
2836 1285 2949 1355 ἀφῇ
3014 1286 3403 1357 συμπλακῆναι
3453 1288 3771 1354 διαπαντὸς,

2083 1364 2202 1420 εἶτα
2237 1368 2483 1421 παλαίων
2512 1368 2604 1421 καὶ
2636 1368 2724 1422 διὰ
2746 1371 2848 1440 τῆς
2878 1372 3118 1442 ἀθυμίας
3148 1376 3227 1435 είς
3246 1374 3569 1444 ἐνθυμήσεις
3595 1389 3620 1416 ει
3647 1377 3773 1429 ἀτό-

2083 1473 2217 1519 πους
2246 1454 2392 1523 ἄγων
2421 1456 2616 1527 ἰσχύσῃ
2646 1457 2835 1527 μηδέν.
2863 1460 2971 1511 Καὶ
2993 1461 3074 1513 ὅτι
3107 1460 3251 1514 οὕτω
3272 1462 3426 1514 ταῦτ’
3453 1462 3588 1532 ἕχει,
3629 1465 3772 1517 ἐκεῖ-

2083 1542 2175 1595 θεν
2225 1543 2609 1613 συλλογιοῦμαι
2659 1544 2859 1608 καλῶς.
2908 1547 3079 1600 Παντί
3123 1565 3229 1601 που
3275 1549 3432 1620 δῆλόν
3494 1553 3631 1618 ἐστι,
3664 1552 3772 1606 κᾶν

2083 1631 2249 1694 αὐτὸς
2294 1630 2609 1701 μετριάζειν
2659 1631 2872 1704 ἐθέλῃς,
2918 1635 3044 1688 ὅσον
3076 1637 3175 1707 τῆς
3227 1637 3320 1690 τοῦ
3362 1640 3575 1693 οἰκέτου
3625 1639 3775 1711 ζωῆς

2091 1716 2314 1787 βελτίων
2342 1720 2376 1788 ἡ
2412 1718 2479 1788 σὴ
2508 1718 2833 1791 διενήνοχεν.
2866 1722 3075 1777 Οὐκοῦν
3104 1727 3199 1778 καὶ
3228 1725 3387 1795 λόγος
3418 1728 3511 1780 σοῦ
3548 1728 3625 1798 τῷ
3653 1728 3775 1799 Θεῷ

2087 1806 2287 1859 πλείων
2331 1808 2424 1860 καὶ
2466 1809 2707 1877 φροντὶς,
2741 1810 2773 1880 ἢ
2815 1810 3045 1866 ἐκείνου.
3080 1812 3284 1867 Τούτου
3310 1815 3366 1868 δέ
3409 1816 3558 1880 ὄντος
3587 1816 3773 1888 δήλου,

2085 1897 2309 1948 κάκεῖνο
2336 1896 2539 1964 ὁμοίως
2564 1895 2715 1949 ἐσται
2750 1898 3006 1970 φανερὸν,
3037 1900 3118 1953 ὃτι
3154 1902 3202 1953 εἰ
3241 1903 3434 1972 μίσους
3462 1903 3600 1974 αὕτη
3639 1922 3772 1974 συγ-

2086 1981 2331 2053 χώρησις
2356 1978 2447 2053 ἦν,
2483 1984 2582 2036 οὐκ
2622 1984 2689 2037 ἂν
2726 1986 2807 2049 εἰς
2842 1986 2901 2039 ὃν
2949 1988 3151 2058 μᾶλλον
3196 1991 3389 2059 ἠγάπα
3434 1992 3640 2063 ταύτην
3683 1995 3775 2059 ἐξ⁴

2085 2068 2278 2131 έτεινε,
2305 2068 2397 2121 τὸν
2449 2069 2648 2139 ἥττονα
2674 2070 2806 2125 πολὺ
2836 2072 2966 2126 ὄντα
3004 2074 3193 2129 τοῦτον
3220 2079 3428 2148 ταχέως
3457 2078 3553 2132 τοῦ
3582 2080 3776 2150 δαίμο-

2085 2171 2174 2217 νος
2205 2154 2542 2224 ἐξαρπάσας.
2578 2157 2685 2209 Καὶ
2712 2158 2811 2211 οὐκ
2862 2160 2971 2212 ἀπὸ
2995 2161 3186 2215 τούτου
3218 2164 3376 2233 μόνον
3412 2164 3571 2218 τοῦτο
3621 2167 3776 2237 ἰσχυ-

2089 2242 2351 2312 ρισαίμην
2392 2242 2459 2296 ἂν
2492 2242 2689 2312 ἔγωγε,
2726 2244 2865 2298 ἀλλά
2902 2247 2997 2301 καὶ
3029 2248 3088 2315 ἐξ
3124 2249 3326 2315 αὐτῶν,
3353 2244 3427 2304 ὧν
3475 2253 3775 2320 ἐγκαταλε-

2085 2329 2302 2399 λεῖφθαι
2333 2330 2532 2396 δοκεῖς,
2574 2333 2640 2385 ἐκ
2688 2333 2896 2387 τούτων
2944 2336 3200 2407 μάλιστα,
3238 2339 3319 2392 ὅτι
3366 2340 3569 2411 σφόδρα
3621 2342 3777 2411 μέλει

2085 2416 2164 2487 τῷ
2196 2417 2316 2488 Θεῷ
2344 2417 2454 2472 τῶν
2483 2418 2614 2483 σῶν,
2643 2420 2920 2487 ἀποδεῖξαι
2948 2426 3306 2496 πειράσομαι.
3342 2426 3405 2480 Εἰ
3430 2429 3528 2497 μὲν
3550 2429 3659 2499 γὰρ
3699 2431 3776 2501 μὴ

2087 2505 2289 2576 πολλὴν
2317 2507 2559 2578 ἐποιήσω
2592 2509 2850 2581 σπουδὴν,
2877 2512 3011 2582 μηδὲ
3040 2512 3349 2585 ἀποδημίας
3372 2516 3596 2568 ἐστείλω
3622 2516 3775 2587 [179]

2090 2593 2327 2663 μακρὰς,
2363 2593 2507 2647 ὥστε
2549 2598 2908 2665 συγγενέσθαι
2940 2600 3201 2671 ἀνδράσιν
3239 2603 3416 2670 ἁγίοις
3450 2602 3545 2656 καὶ
3573 2604 3779 2668 ἱκανοῖς

2086 2678 2155 2732 τὰ
2176 2679 2402 2747 τοιαῦτα
2421 2680 2569 2735 λύειν
2591 2683 2786 2754 δεσμὰ,
2801 2686 2934 2749 ἴσως
2952 2686 3017 2739 ἀν
3038 2705 3123 2751 τις
3144 2688 3324 2759 ήπόρη
3335 2706 3392 2741 σε
3415 2690 3524 2743 τῶν
3542 2691 3775 2757 πολλῶν,

2086 2767 2148 2818 οὐ
2193 2766 2400 2837 σφόδρα
2446 2768 2544 2839 τῆς
2572 2769 2751 2835 αἰτίας
2795 2770 2962 2844 οὔσης
2993 2776 3280 2846 ἐναργοῦς,
3312 2776 3380 2829 δι’
3421 2779 3487 2850 ῆν
3518 2778 3778 2833 τοσοῦτον

2087 2855 2238 2907 εἴασε
2268 2856 2485 2926 χρόνον·
2514 2858 2702 2931 ἐπειδὴ
2731 2860 2789 2913 δὲ
2823 2863 2918 2914 καὶ
2958 2863 3157 2927 τόπους
3199 2865 3494 2937 μαρτύρων
3539 2867 3778 2922 καταλα-

2090 2941 2224 3008 ϐὼν,
2259 2942 2389 2996 ἔνθα
2422 2944 2607 2999 πολλοὶ
2653 2948 2747 3001 καὶ
2776 2948 2885 3001 τῶν
2930 2949 3252 3022 ἀνθρώπους
3284 2952 3573 3009 ἐσθιόντων
3622 2955 3777 3027 ἰάθη-

2090 3046 2210 3095 σαν,
2262 3032 2355 3084 καὶ
2403 3036 2516 3097 τοῖς
2560 3034 2892 3106 θαυμαστοῖς
2939 3041 3035 3093 καὶ
3076 3042 3346 3107 γενναίοις
3397 3043 3632 3107 ἐκείνοις
3683 3046 3778 3098 καὶ

2090 3120 2362 3190 μηδέποτε
2392 3122 2795 3198 διημαρτηκόσι
2852 3129 3022 3182 πολὺν
3051 3130 3193 3203 ὑπὲρ
3226 3133 3417 3185 τούτου
3451 3133 3776 3204 συνῴκησας

2086 3206 2299 3277 χρόνον,
2352 3211 2447 3262 καὶ
2488 3212 2637 3265 οὐδὲν
2683 3214 2821 3278 ὅλως
2861 3217 3185 3288 παραλιπὼν
3227 3219 3338 3273 τῶν
3384 3222 3659 3292 φερόντων
3695 3224 3777 3288 εἰς

2085 3294 2186 3365 τὴν
2212 3293 2308 3347 τοῦ
2340 3295 2546 3361 πάθους
2579 3299 2927 3373 ἀπαλλαγὴν,
2957 3305 3261 3375 ἐπανῆλθες
3294 3306 3459 3360 πάλιν
3488 3309 3580 3361 τὸν
3616 3309 3778 3361 πολέ-

2090 3398 2213 3450 μιον
2244 3380 2383 3451 ἔχων
2420 3383 2559 3453 μετὰ
2600 3388 2822 3452 σαυτοῦ,
2861 3393 3103 3463 φανερὰν
3146 3394 3240 3446 καὶ
3281 3396 3486 3465 ἐναργῆ
3539 3396 3634 3448 καὶ
3666 3397 3779 3459 τοῖς

2093 3468 2298 3540 σφόδρα
2340 3472 2589 3542 ἀνοήτοις
2626 3477 2725 3545 τῆς
2761 3478 2891 3548 περὶ
2941 3480 2999 3532 σέ
3040 3480 3174 3533 Θεοῦ
3221 3482 3478 3554 προνοίας
3511 3484 3778 3553 ἐκόμισας

2089 3555 2189 3627 τὴν
2217 3557 2515 3633 ἀπόδειξιν.
2553 3562 2687 3615 Οὐδέ
2711 3564 2821 3635 γὰρ
2860 3565 2927 3620 ἂν
2957 3568 3226 3640 τοσαύτην
3253 3570 3413 3641 χάριν
3443 3571 3775 3634 ἐνεπόδισεν,

2089 3644 2197 3696 οὐδ’
2229 3645 2294 3697 ἂν
2318 3647 2444 3710 τοὺς
2473 3649 2639 3701 αὐτοῦ
2672 3650 2894 3716 δούλους
2922 3656 3275 3727 αἰσχυνθῆναι
3307 3658 3585 3729 ἠνέσχετο,
3619 3660 3667 3712 εἰ

2092 3730 2299 3802 σφόδρα
2329 3733 2467 3803 πρὸς
2496 3735 2596 3807 τὴν
2627 3738 2981 3811 εὐδοκίμησιν
3015 3745 3107 3796 καὶ
3146 3744 3244 3813 τὴν
3278 3744 3546 3814 ὠφέλειαν
3575 3745 3777 3817 μᾶλλον

2085 3817 2235 3889 ἐώρα
2282 3820 2381 3889 τὴν
2432 3821 2554 3891 σήν.
2608 3825 2759 3879 ’Ὠσθ’
2816 3829 2954 3900 ὅπερ
3000 3831 3149 3883 δοκεῖ
3198 3834 3425 3902 σημεῖον
3479 3828 3622 3886 εἶναι
3676 3833 3779 3903 τῆς

2087 3908 2525 3977 ἐγκαταλείψεως
2551 3912 2645 3965 τοῦ
2693 3915 2851 3979 Θεοῦ,
2880 3917 3039 3971 τοῦτο
3065 3919 3164 3986 τῆς
3198 3920 3399 3992 πολλῆς
3448 3921 3614 3975 αὐτοῦ
3647 3923 3777 3993 περὶ

2088 3995 2150 4048 σὲ
2185 3995 2570 4067 φιλοστοργίας
2600 4002 2695 4055 καὶ
2727 4006 2966 4076 σπουδῆς
2996 4008 3223 4079 σημεῖόν
3251 4009 3387 4064 ἐστι.

2154 4104 2181 4133 ⁸
2202 4102 2353 4152 Savil.
2379 4110 2434 4154 et
2455 4108 2590 4157 Colb.
2615 4111 2681 4167 εἰς
2705 4112 2871 4177 μυρίας
2891 4114 3182 4177 ἐνθυμήσεις.

856 4576 1158 4693 ΤΟΥ
1216 4580 1710 4697 ΑΥΤΟΥ
1789 4581 2204 4699 ΠΡΟΣ
2266 4580 3178 4698 ΣΤΑΓΕΙΡΙΟΝ

1191 4777 1313 4831 ΚΑΙ
1346 4778 1455 4831 ΟΤΙ
1503 4779 1552 4831 Η
1583 4777 1850 4832 ΔΘΥΜΙΑ
1881 4779 2346 4832 ΧΑΛΕΠΩΤΕΡΛ
2378 4778 2499 4833 ΚΑΙ
2530 4776 2904 4832 ΔΑΙΜΟΝΟΣ.

1444 4986 1467 5017 .
1554 4924 1920 5012 ΛΟΓΟΣ
1971 4922 2565 5011 ΔΕΥΤΕΡΟΣ.

372 5096 441 5145 α’.
460 5088 645 5143 Ταῦτα
665 5089 762 5161 μὲν
778 5089 909 5161 ἡμῖν
925 5087 1028 5142 ὐπέ
1035 5106 1067 5161 ρ
1081 5087 1285 5161 τῆς’τοῦ
1301 5085 1436 5141 Θεοῦ
1455 5088 1711 5159 προνοίας
1722 5089 1981 5161 εἰρήσθω,

304 5182 399 5238 καὶ
433 5183 515 5235 ὅτι
554 5182 653 5235 οὐκ
693 5180 1170 5252 ἀποστρεφόμενος
1199 5179 1321 5233 οὐδέ
1365 5178 1559 5249 μισῶν,
1590 5179 1725 5234 ἀλλά
1747 5181 1840 5233 καὶ
1861 5180 1981 5232 λίαν

302 5271 557 5339 ἀγαπῶν,
587 5267 763 5340 τούτῳ
782 5266 1051 5339 γυμνάζει
1071 5267 1148 5339 τῷ
1173 5268 1378 5339 τρόπῳ.
1411 5266 1628 5338 Ἐπειδὴ
1657 5268 1713 5320 δέ
1744 5268 1837 5323 καὶ
1868 5268 1985 5320 ἐτέ-

305 5374 412 5430 ρως
442 5357 647 5430 σφόδρα
681 5357 817 5430 ἔφης
833 5358 1042 5427 ἀλγεῖν,
1070 5357 1145 5419 ὡς
1175 5357 1269 5410 καί¹
1294 5356 1553 5421 πολλάκις
1582 5374 1642 5409 σε
1667 5356 1982 5411 ἀναπείθειν

301 5447 392 5501 τὸν
424 5447 655 5514 δαίμονα
686 5448 766 5511 εἰς
789 5446 1025 5513 πέλαγος
1052 5445 1086 5517 ἢ
1108 5444 1251 5499 κατά
1273 5443 1538 5518 κρημνῶν
1561 5444 1823 5513 ἀφανίσαι
1854 5461 1983 5497 σαυ-

301 5533 416 5598 τὺν,
450 5533 485 5607 ἥ
523 5534 669 5607 ἄλλῳ
708 5536 817 5588 τινὶ
854 5534 1079 5605 τοιούτῳ
1114 5534 1304 5605 τρόπῳ
1351 5532 1451 5604 τὴν
1495 5532 1778 5603 παροῦσαν
1813 5550 1983 5586 κατα-

302 5621 464 5677 λῦσαι
497 5623 665 5697 ζωὴν,
696 5625 792 5680 καὶ
837 5624 980 5696 ὑπὲρ
1015 5623 1221 5677 τούτων
1245 5622 1419 5694 μικρά
1458 5621 1802 5692 διαλεχθῆναι
1854 5618 1981 5690 βού-

2091 5087 2297 5159 ταύτης
2333 5087 2532 5158 μᾶλλον
2566 5086 2599 5159 ἢ
2644 5085 2876 5150 ἐκείνου,
2922 5086 3063 5157 τάχα
3097 5086 3155 5139 δὲ
3203 5087 3299 5141 καὶ
3339 5088 3509 5159 μόνης
3550 5091 3773 5163 ταύτης.

2088 5178 2198 5231 Καὶ
2226 5177 2385 5247 δῆλον
2424 5177 2486 5241 ἐξ
2517 5168 2592 5229 ὧν
2627 5175 2814 5229 πολλοὶ
2851 5177 2946 5229 καὶ
2974 5175 3084 5229 τῶν
3133 5175 3208 5247 μὴ
3242 5177 3625 5249 δαιμονιῦντων
3666 5183 3777 5234 ἀπὸ

2085 5267 2180 5319 τοῦ
2225 5265 2515 5319 λυπεῖσθαι
2553 5264 2711 5334 μόνον
2749 5264 2978 5319 τοιαῦτα
3027 5263 3390 5334 βουλεύονται.
3432 5268 3647 5338 Ταύτην
3682 5265 3777 5323 οὖν

2085 5353 2280 5407 ἔκϐαλε
2313 5352 2410 5407 καὶ
2439 5352 2709 5405 ἀπέλασον
2741 5355 2841 5422 τῆς
2872 5351 3071 5422 ψυχῆς,
3107 5353 3200 5405 καὶ
3231 5354 3486 5424 οὐδεμίαν
3517 5354 3628 5420 ἐξει
3665 5355 3777 5410 λοι-

2085 5445 2185 5497 πὸν
2214 5445 2419 5506 ἐκεῖνος
2451 5442 2625 5512 ἰσχὺν,
2661 5442 2720 5494 οὐ
2755 5441 2914 5512 μόνον
2942 5441 3079 5512 πρὸς
3098 5441 3158 5494 τὸ
3191 5442 3401 5496 πείθειν
3427 5445 3496 5497 τὰ
3525 5446 3773 5512 τοιαῦτα,

2083 5532 2198 5587 ἀλλ’
2234 5532 2356 5585 οὐδέ
2406 5531 2544 5602 πρὸς
2591 5529 2654 5582 τὸ
2688 5532 2973 5602 παραινεῖν
3021 5529 3121 5602 τὴν
3147 5532 3342 5602 ἀρχήν.
3379 5532 3494 5585 Νῦν
3527 5532 3625 5603 μὲν
3660 5535 3773 5606 γάρ

2082 5620 2334 5688 καθάπερ
2360 5619 2411 5671 οἰ
2432 5612 2755 5689 τοιχωρύχοι
2780 5617 3313 5690 καταλαμϐανούσης
3334 5619 3550 5683 νυκτὸς,
3574 5620 3637 5673 τὸ
3660 5622 3777 5691 φῶς

299 5707 462 5780 λομαι
519 5711 630 5766 τῶν
690 5712 988 5785 λογισμῶν.
1052 5711 1130 5766 Οὐ
1189 5710 1300 5783 γάρ
1350 5708 1561 5764 ἐκείνου
1614 5708 1771 5780 μόνον
1829 5708 1978 5761 ἐστὶν
2079 5706 2505 5771 ἀποσϐέσαντες,
2537 5707 2633 5759 καὶ
2666 5706 2958 5775 ὑφελέσθαι
2996 5706 3065 5760 τὰ
3095 5707 3248 5771 ὄντα,
3279 5708 3528 5771 καὶτοὺς
3561 5708 3771 5764 τούτων

300 5791 439 5869 αὕτη
472 5800 506 5872 ή
554 5800 851 5874 συμϐουλὴ,
890 5799 1029 5857 ἀλλά
1076 5800 1297 5871 καὶτῆς
1324 5798 1562 5871 ἀθυμίας
1593 5798 1692 5869 τῆς
1726 5796 1844 5867 σῆς,
1878 5796 1975 5850 καὶ
2077 5796 2298 5869 κυρίους
2324 5793 2463 5867 μετά
2487 5794 2688 5866 πολλῆς
2706 5794 3017 5865 ἀποσφάξαι
3040 5794 3142 5865 τῆς
3162 5794 3408 5859 εὐκολίας
3424 5793 3665 5851 δύναιντ’
3689 5799 3773 5853 ἄν’
