4036 6416
326 337 433 395 ιω

324 453 470 509 οὕτω
509 456 603 510 καὶ
633 449 787 521 οὗτος
828 456 949 511 ἀντί
995 456 1187 521 νυκτὸς
1226 458 1319 512 καὶ
1369 458 1596 524 σκότους
1624 459 1723 531 τὴν
1761 459 2001 531 ἀθυμίαν

328 543 764 611 κατασκεδάσας,
808 543 1020 608 πάντας
1065 546 1356 614 ὑφελέσθαι
1395 548 1651 619 πειρᾶται
1697 549 1826 612 τοὺς
1869 547 2006 619 πρὸς

328 632 630 702 ἀσφάλειαν
662 632 978 703 λογισμοὺς,
1007 632 1094 686 ἵνα
1121 634 1335 706 ἐρήμην
1366 634 1459 688 καὶ
1486 634 1789 707 ἀϐοήθητον
1826 634 2007 690 λαϐὼν

327 719 429 792 τὴν
465 719 643 792 ψυχὴν
685 719 911 790 μυρίαις
950 720 1280 792 κατατρώσῃ
1320 722 1576 792 πληγαῖς.
1616 723 1785 777 Ὅταν
1830 723 1889 776 δέ
1922 740 2009 786 τις

328 809 397 878 τῇ
428 807 566 879 πρὸς
609 808 699 860 τὸν
732 805 864 859 Θεὸν
899 805 1074 859 ἐλπίδι
1113 806 1273 861 τοῦτο
1308 808 1670 871 διασκεδάσας
1700 807 1762 862 τὸ
1792 809 2004 871 σκότος,

330 897 425 951 καὶ
452 895 588 967 πρὸς
608 896 700 949 τὸν
727 897 880 968 ἥλιον
904 897 1002 967 τῆς
1039 895 1387 968 δικαιοσύνης
1411 896 1765 967 καταφυγὼν,
1796 896 2004 968 σπεύσῃ

328 983 430 1046 τάς
460 983 683 1046 ἀκτῖνας
720 982 936 1045 ἐκείνας
973 984 1052 1046 είς
1075 982 1176 1054 τὴν
1208 982 1401 1037 ἐαυτοῦ
1450 984 1765 1038 καταθεῖναι
1804 983 2004 1055 ψυχὴν,

329 1069 439 1123 ἀπὸ
475 1070 585 1125 τῶν
629 1071 848 1123 οἰκείων
888 1069 1166 1140 λογισμῶν
1210 1069 1304 1123 ἐπί⁵
1332 1070 1423 1123 τὸν
1471 1071 1673 1144 λῃστὴν
1713 1070 2007 1142 μεταθήσει

329 1156 420 1211 τὸν
470 1156 725 1228 θόρυϐον·
778 1158 873 1211 καὶ
922 1157 1032 1229 γάρ
1067 1159 1116 1210 οί
1162 1157 1231 1211 τά
1280 1156 1504 1211 τοιαῦτα
1549 1157 2004 1230 κακουργοῦντες,

332 1244 484 1319 [180]
516 1248 644 1300 ὅταν
661 1246 861 1310 αὐτοὺς
885 1245 1077 1317 ἐλέγξῃ
1095 1263 1199 1309 τις,
1232 1245 1324 1299 καὶ
1352 1244 1498 1317 δείξῃ
1525 1245 1585 1300 16
1613 1246 1748 1314 φῶς,
1776 1245 2011 1317 τρέμου-

333 1352 442 1393 σιν.
497 1333 785 1404 ἰλιγγιῶσι,
845 1335 1222 1405 ταράττονται.
1269 1333 1381 1387 Καὶ
1434 1333 1552 1397 πῶς
1595 1335 1661 1389 ἄν
1704 1351 1810 1399 τις,
1851 1335 2005 1402 φησὶ,

330 1422 535 1494 ταύτης
557 1423 897 1493 ἀπαλλαγείη
921 1426 1019 1495 τῆς
1046 1423 1260 1492 ὀδύνης,
1288 1422 1364 1493 μὴ
1393 1422 1659 1494 πρότερον
1681 1421 1774 1476 τοῦ
1804 1422 2010 1476 κινοῦν-

331 1528 424 1576 τος
453 1511 625 1582 αὐτὴν
650 1511 904 1582 δαίμονος
931 1510 1296 1578 ἀπαλλαγείς;
1332 1509 1447 1581 Οὐχ
1485 1510 1515 1562 ὁ
1554 1510 1764 1581 δαίμων
1804 1510 1953 1563 ἐστὶν
1979 1510 2008 1562 6

329 1599 431 1672 τὴν
468 1599 703 1672 ἀθυμίαν
741 1598 925 1664 κινῶν,
959 1599 1073 1653 ἀλλ’
1099 1598 1279 1670 ἐκείνη
1313 1599 1347 1669 ή
1389 1598 1618 1653 ποιοῦσα
1657 1599 1751 1652 τὸν
1781 1598 2010 1670 δαίμονα

337 1691 576 1764 ἰσχυρὸν,
617 1693 712 1745 καὶ
744 1692 870 1755 τοὺς
918 1690 1213 1761 λογισμοὺς
1258 1688 1639 1743 ὑποϐάλλουσα
1677 1677 1805 1752 τοὺς
1840 1705 2010 1760 πονη-

336 1780 483 1852 ρούς.
532 1779 642 1833 Καὶ
673 1780 1074 1851 μαρτυρήσειεν
1115 1777 1181 1831 ἂν
1222 1779 1354 1849 ἡμῖν
1388 1776 1624 1830 ἐνταῦθα
1667 1777 1697 1830 6
1742 1777 2012 1849 μακάριος

333 1868 546 1922 Παῦλος
567 1884 578 1897 -
609 1867 669 1919 οὐ
698 1867 808 1939 γάρ
856 1866 1087 1937 δαίμονά
1123 1883 1268 1933 τινα,
1318 1864 1455 1919 ἀλλά
1491 1864 1591 1935 τὴν
1622 1863 1822 1933 ταύτης
1869 1866 2009 1934 ἁμεο

332 1956 492 2027 τρίαν
516 1953 770 2019 δεδοικὼς
815 1954 1105 2008 ἐπέστελλε
1147 1952 1454 2025 Κορινθίοις
1489 1951 1777 2021 φείσασθαι
1826 1951 2013 2005 λοιπὸν

332 2043 427 2097 τοῦ
472 2042 999 2114 πεπλημμεληκότος
1045 2042 1130 2110 ἐφ’
1157 2035 1239 2104 οἷς
1287 2039 1583 2112 ἐξήμαρτε,
1646 2038 1875 2106 Μήπως
1936 2038 2011 2107 τῇ

334 2130 736 2199 περισσοτέρᾳ
766 2131 936 2199 ,λύπῃ
972 2126 1305 2197 καταποθῇ,
1340 2129 1526 2198 φησὶν,
1556 2131 1590 2182 ὁ
1630 2127 1919 2192 τοιοῦτος.
1950 2128 2014 2180 Ei

333 2219 393 2274 δὲ
422 2218 621 2289 βούλει,
654 2218 735 2288 τῷ
776 2218 920 2288 λόγῳ
954 2218 1092 2280 τέως
1132 2215 1465 2287 ὑποθώμεθα
1509 2216 1601 2269 τὸν
1643 2215 1743 2286 μὲν
1786 2214 2015 2285 δαίμονα

335 2307 664 2370 ἐπικεῖσθαι,
680 2305 776 2378 τὴν
798 2305 854 2359 δέ
875 2304 1112 2376 ἀθυμίαν
1132 2303 1427 2376 ἐξηλάσθαι
1448 2304 1549 2374 τῆς
1577 2304 1675 2374 σῆς
1694 2302 1875 2374 ψυχῆς
1892 2319 1907 2333 ·
1930 2302 2016 2365 τίς

334 2392 487 2446 ἐσται
516 2391 690 2462 βλάϐη
733 2391 958 2455 λοιπόν;
1002 2390 1054 2443 τί
1094 2390 1217 2443 καθ’
1259 2390 1451 2444 ἑαυτὸν
1488 2382 1704 2461 οὐτοςῆ
1756 2388 2012 2460 μικρδνή

339 2480 482 2550 μέγα
503 2491 529 2520 ι
557 2478 760 2532 δύναιτ’
787 2477 852 2530 ἂν
881 2477 1139 2546 ἀδικῆσαι
1163 2479 1341 2548 ήμᾶς;
1386 2477 1599 2549 Ἐκείνη
1624 2476 1683 2530 δὲ
1709 2474 1807 2530 καὶ
1822 2476 2013 2531 τούτου

338 2568 416 2637 μὴ
445 2568 711 2636 παρόντος
743 2564 917 2618 πολλὰ
938 2563 1004 2618 ἂν
1034 2565 1328 2637 ἐργάσαιτο
1354 2564 1505 2618 δεινά
1523 2581 1537 2594 ο
1567 2564 1810 2627 καὶτοὺς
1840 2563 2018 2617 πλείο-

335 2671 433 2717 νας
457 2655 566 2706 τῶν
595 2654 819 2725 βρόχους
847 2652 1120 2723 ἁψάντων,
1148 2653 1181 2723 ἦ
1222 2653 1367 2722 ξίφει
1395 2652 1822 2724 διαφθαρέντων,
1854 2652 1887 2722 ἢ
1919 2669 2020 2705 πο-

335 2745 531 2813 ταμοῖς
576 2740 1008 2810 ἀποπνιγέντων,
1037 2740 1072 2811 ἢ
1104 2740 1200 2794 καὶ
1245 2741 1449 2812 ἑτέρως
1486 2757 1604 2804 πως
1636 2739 2017 2793 ἀπολεσάντων

336 2832 585 2893 ἑαυτοὺς,
616 2830 724 2883 ἀπὸ
743 2829 844 2900 τῆς
870 2829 1109 2901 ἀθυμίας
1132 2828 1226 2882 ἐπὶ
1246 2829 1374 2891 τοὺς
1407 2828 1614 2899 βιαίους
1654 2826 1877 2892 τούτους
1919 2826 2018 2880 θα-

336 2918 532 2981 νάτους
587 2916 866 2981 ώσθέντας
906 2918 1244 2988 εὑρήσομεν’
1283 2918 1333 2971 εί
1363 2916 1421 2970 δέ
1449 2933 1594 2980 τινες
1637 2915 1731 2969 καὶ
1767 2915 1877 2969 τῶν
1902 2914 2019 2969 δαι-

340 3003 629 3075 μονώντων
673 2999 785 3058 εἷεν
843 3007 902 3059 ἐν
945 3005 1178 3068 τούτοις.
1214 3005 1310 3059 καὶ
1358 3005 1564 3058 τούτων
1601 3003 1701 3074 τὴν
1740 3002 2018 3057 ἀπώλειαν

338 3093 401 3146 οὐ
430 3093 508 3164 τῷ
532 3092 747 3163 δαίμονι
774 3093 1071 3161 λογιστέον,
1091 3093 1229 3146 ἀλλά
1252 3095 1317 3163 τῇ
1345 3092 1444 3162 τῆς
1472 3091 1713 3163 ἀθυμίας
1740 3091 2019 3163 τυραννίδι

339 3182 435 3235 καὶ
474 3179 584 3252 βίᾳ.
618 3182 728 3234 Καὶ
773 3181 890 3243 πῶς
936 3180 1135 3243 ἔνεστι,
1168 3180 1323 3249 φησὶ,
1369 3178 1445 3251 μὴ
1497 3180 1762 3249 ἀθυμεῖν;
1795 3180 1892 3231 “Av
1919 3178 2019 3249 τῆς

339 3267 448 3322 τῶν
502 3266 714 3323 πολλῶν
762 3269 891 3341 περὶ
938 3268 1033 3322 τοῦ
1076 3269 1402 3339 πράγματος
1440 3266 1599 3338 δόξης
1660 3265 1907 3329 ἀποστάς
1950 3265 2022 3320 τά

340 3355 456 3410 ἀνω
478 3359 701 3429 φρονῇς.
720 3358 833 3412 Νῦν
861 3358 959 3426 μὲν
984 3356 1093 3431 γὰρ
1111 3356 1302 3427 ἐπειδὴ
1334 3358 1448 3419 τοῖς
1474 3355 1689 3419 πολλοῖς
1702 3355 1764 3408 16
1786 3355 2021 3426 πρᾶγμα

340 3446 513 3500 δεινὸν
549 3441 690 3500 εἶναι
732 3446 1033 3517 νομίζεται.
1071 3447 1167 3500 καὶ
1202 3447 1283 3499 σοὶ
1310 3445 1458 3499 δοκεῖ
1486 3445 1539 3485 δ’
1578 3445 1627 3497 εί
1668 3443 1726 3496 δὲ
1766 3442 2023 3514 θελήσαις

341 3534 476 3588 αὐτὸ
524 3533 645 3589 καθ’
684 3534 863 3599 ἐαυτδ,
892 3534 992 3605 τῆς
1029 3534 1266 3606 ματαίας
1298 3535 1392 3588 καὶ
1431 3531 1855 3603 πεπλανημένης
1883 3548 2022 3603 προ-

342 3621 557 3693 λήψεως
582 3620 939 3689 ἀπαλλαγεὶς,
971 3620 1107 3691 μετά
1146 3620 1433 3693 ἀκριϐείας
1474 3618 1734 3682 κατιδεῖν,
1768 3619 2021 3689 εὑρήσεις

341 3709 601 3781 οὐδεμίαν
644 3708 766 3779 ἕχον
808 3708 1046 3777 ἀθυμίας
1078 3709 1353 3780 ἀφορμὴν,
1388 3708 1464 3771 ὡς
1495 3708 1592 3761 καὶ
1630 3705 1730 3777 ήδη
1763 3705 2022 3768 πολλάκις

345 3800 477 3869 ήμῖν
499 3798 890 3853 ἀποδέδεικται.
921 3796 1042 3850 Τῶν
1066 3797 1123 3850 δέ
1144 3796 1423 3869 ὁμηλίκων
1448 3796 1633 3849 ἐνεκεν
1656 3794 1773 3866 (καὶ
1794 3792 1904 3864 γάρ
1922 3793 2021 3864 τὴν

346 3884 572 3938 ἐκείνων
600 3885 938 3957 εὐφροσύνην
978 3885 1071 3939 καὶ
1110 3884 1210 3956 τὴν
1239 3884 1374 3954 πρὸς
1416 3885 1541 3948 τοὺς
1590 3882 1851 3950 ἀδελφοὺς
1882 3884 2023 3953 παρ-

351 3973 547 4044 ρησίαν
580 3974 792 4045 ὁρῶντά
818 3991 877 4027 σε
898 3971 1137 4044 ἡγοῦμαι
1161 3970 1480 4042 συγχεῖσθαι
1514 3970 1609 4024 καὶ
1638 3970 2021 4038 καταπίπτειν)

351 4062 528 4115 ἐκεῖνο
558 4059 624 4114 ἂν
673 4059 907 4132 είποιμι,
932 4062 1033 4122 ὅτι,
1067 4062 1113 4113 εί
1149 4059 1247 4130 μὲν
1294 4057 1497 4112 τούτων
1527 4059 1584 4112 ἐν
1607 4055 1903 4127 ἐγκρατείᾳ
1930 4057 2024 4109 καὶ

351 4148 672 4221 κοσμιότητι
700 4149 796 4202 καὶ
824 4152 891 4220 τῇ
923 4148 1083 4220 λοιπῇ
1118 4146 1213 4199 τοῦ
1244 4144 1359 4217 βίου
1392 4144 1679 4217 φιλοσοφίᾳ
1704 4143 2020 4212 διαγόντων,

351 4237 514 4302 αὐτὸς
570 4239 627 4292 ἐν
672 4236 1091 4310 χαμαιτυπείοις
1141 4236 1237 4289 καὶ
1291 4233 1476 4296 κύϐοις
1527 4234 1621 4285 καὶ
1677 4230 1885 4303 κώμοις
1933 4230 2025 4284 τὸν

352 4326 570 4381 ἅπαντα
599 4327 788 4399 χρόνον
815 4324 1129 4397 ἀνήλισκες,
1150 4322 1307 4392 λόγον
1338 4321 1404 4374 ἂν
1436 4315 1582 4391 εἶχεν
1612 4322 1645 4391 ή
1667 4321 1765 4391 τῆς
1787 4319 2027 4391 ἀθυμίας

350 4416 652 4487 ’πρόφασις⁸
688 4416 739 4467 εί
768 4414 826 4468 δὲ
853 4415 954 4486 τὴν
991 4411 1161 4483 αὐτὴν
1191 4411 1376 4473 αὐτοῖς
1420 4409 1501 4462 ἔτι
1534 4408 1765 4479 βαδίζεις
1801 4408 1940 4474 666v,
1972 4408 2024 4462 τί

350 4502 484 4555 ποτέ
516 4500 631 4555 ἐστί
662 4517 722 4553 σε
759 4501 817 4554 τὸ
845 4500 1048 4553 λυποῦν
1074 4517 1090 4565 ;
1127 4496 1269 4567 Ἐγὼ
1308 4496 1436 4569 γὰρ,
1473 4497 1521 4549 εί
1548 4496 1645 4567 μὲν
1677 4495 1813 4567 πρὸς
1841 4494 2027 4565 ἕτερόν

354 4590 444 4661 μοί
468 4605 591 4642 τινα
618 4589 728 4643 τῶν
752 4588 989 4651 εὐκόλως
1015 4586 1393 4657 ἐπαιρομένων
1421 4587 1449 4638 6
1473 4585 1630 4653 λόγος
1650 4579 1739 4655 ἦν,
1769 4582 1873 4638 κᾶν
1922 4586 2027 4637 ἀπ-

353 4675 641 4749 εσιώπησα
662 4675 858 4739 ταῦτα,
901 4675 938 4731 ἀ
975 4675 1155 4747 μέλλω
1194 4675 1330 4743 πρὸς
1375 4673 1434 4725 σέ
1471 4670 1568 4726 νῦν
1617 4674 1792 4742 ἐρεῖν’
1840 4670 2026 4743 ἐπειδὴ

348 4765 407 4819 δέ
449 4765 653 4837 σφόδρα
705 4763 912 4836 θαρρῶ,
942 4764 1047 4826 ὅτι,
1092 4762 1195 4816 κᾶν
1246 4760 1417 4833 μυρία
1466 4760 1526 4814 σέ
1563 4777 1645 4825 τις
1686 4761 1882 4831 ἐπαινῇ
1933 4761 2030 4813 καί⁵

351 4853 628 4926 θαυμάζῃ,
660 4851 750 4906 τοῦ
783 4849 1095 4924 μετριάζειν
1124 4850 1224 4903 οὐκ
1265 4849 1553 4922 ἀποστήσῃ
1580 4848 1729 4912 ποτέ,
1761 4848 1897 4902 ἀλλά
1930 4864 2018 4919 με·

350 4943 461 5005 νεῖς
492 4942 589 4994 καὶ
631 4940 801 5004 οὑτως
837 4941 893 4993 ἐν
917 4942 1029 5003 τοῖς
1079 4938 1330 5008 ἐσχάτοις
1366 4937 1575 4990 τάττων
1622 4936 1838 5001 σαυτὸν,
1876 4934 2029 4989 οὐδὲν

353 5029 812 5099 ὑποστειλάμενος
838 5027 1053 5081 ἅπαντα
1082 5026 1213 5094 ἐρῶ.

424 5116 705 5186 Τοσαύτην
726 5116 835 5187 γάρ
868 5113 1053 5168 ἀκούω
1080 5113 1179 5185 τὴν
1218 5111 1457 5165 ἐπίδοσιν
1494 5111 1593 5183 τῆς
1620 5111 1906 5176 εὐλαϐείας
1936 5129 2031 5181 γε·

351 5204 615 5276 γενῆσθαι
660 5203 761 5273 τῆς
794 5204 913 5273 σῆς,
952 5201 1029 5264 ὼς
1066 5201 1263 5273 μηκέτι
1299 5217 1380 5254 σοι
1411 5200 1549 5271 πρὸς
1593 5199 1882 5254 ἐκεῖνατά
1912 5217 2034 5271 μει-

355 5293 544 5365 ράκια,
575 5291 711 5345 ἀλλά
735 5291 871 5362 πρὸς
893 5291 1018 5353 τοὺς
1045 5289 1314 5360 μεγάλους
1345 5288 1440 5342 καὶ
1459 5288 1803 5358 θαυμαστοὺς
1832 5286 2033 5359 ἄνδρας

355 5377 498 5436 εἶναι
519 5381 619 5452 τὴν
647 5378 900 5451 ἆμιλλαν.
928 5378 1095 5432 Οὐδὲν
1116 5377 1224 5449 γάρ
1247 5377 1468 5430 ἐκείνων
1490 5393 1552 5430 σε
1571 5375 1822 5430 ἀποδέειν
1847 5376 2022 5444 λέγου·

355 5488 462 5538 σιν,
488 5470 549 5525 οὐ
591 5469 732 5524 κατά
778 5469 869 5521 τὸν
896 5469 996 5539 τῆς
1021 5467 1275 5538 νηστείας
1303 5465 1490 5534 λόγον’
1527 5464 1669 5535 (πῶς
1713 5466 1844 5535 γὰρ,
1878 5463 2034 5517 ὕδατι

422 5696 748 5774 :Sgnpgerat
772 5693 938 5746 Mona.
962 5697 993 5752 ἢ
1020 5710 1070 5755 μ.
1092 5695 1123 5751 ἢ
1149 5693 1322 5755 μεῖζον,
1354 5693 1475 5756 μέγα
1496 5688 1842 5754 rescripsimus
1860 5703 1893 5740 ε
1918 5690 2031 5742 Sav.

360 5767 416 5813 et
435 5759 734 5810 ColbIEnI-r.

424 5821 452 5861 ιι
472 5821 553 5869 Sic
575 5820 724 5872 Savil.
756 5823 809 5870 el
829 5818 964 5872 COIb.
986 5816 1054 5868 Λι
1072 5816 1246 5868 Morel.
1272 5816 1388 5867 εἶναι
1412 5814 1560 5876 δοκεῖ,
1583 5816 1664 5865 καὶ
1685 5815 1763 5863 σοὶ
1787 5814 1935 5864 δοκεῖ.

1109 342 1167 397 S.
1204 339 1493 398 JOANNIS
1536 341 2014 400 CHRYSOSTOMI

2176 342 2383 401 :map.
2421 326 2975 402 οοΝετΑΝι-ίκορ.

2061 752 2072 791 έ
2102 723 2225 775 έλκε
2234 740 2281 774 ιν

2108 461 2203 515 καὶ
2229 461 2379 531 ἄρτῳ
2411 459 2596 531 μόνον,
2627 460 2721 516 καὶ
2749 460 2924 514 ταῦτα
2967 458 3183 531 ἡμέραν
3209 470 3345 530 παρ’
3377 457 3591 529 ἡμέραν
3643 472 3789 526 τρε-

2102 548 2336 620 φόμενον
2361 548 2404 617 ;)
2438 548 2499 602 οὐ
2554 549 2693 603 κατά
2729 548 2821 602 16v
2870 548 2980 622 τῶν
3027 546 3366 617 παννυχίδων
3402 545 3613 616 καιρὸν,
3658 541 3789 598 ἀλλ’

2100 636 2301 705 ὁμοίως
2359 636 2545 697 αὐτοῖς
2600 634 2798 707 ἐφεξῆς
2846 634 3050 699 πολλάς
3101 634 3303 697 νύκτας
3346 634 3585 696 ἀΰπνους
3634 648 3788 701 ’παρ⁴

2317 734 2365 777 ο.
2418 723 2495 793 Τῇ
2517 723 2573 776 δὲ
2624 722 2740 793 μεθ’
2772 722 2983 795 ἡμέραν
3027 722 3269 792 διαγωγῇ
3328 720 3553 784 πολλοὺς
3596 717 3793 774 αὐτῶν

2102 809 2204 880 ήδη
2227 810 2320 864 καὶ
2343 809 2657 881 ἀποκρύψαι
2679 811 2811 880 φασί
2830 827 2843 842 ·
2870 811 2964 864 καὶ
2985 810 3093 883 γάρ
3116 810 3222 862 τῶν
3240 808 3447 863 ἐκεῖθεν
3468 806 3787 879 ἐρχομένων

2103 896 2286 950 ἀκούω
2314 897 2702 969 διηγουμένων,
2735 898 2817 952 ὃτι
2848 914 2931 951 σοι
2974 899 3081 962 πᾶς
3110 900 3137 951 6
3164 897 3353 969 καιρὸς
3379 899 3458 959 είς
3496 895 3659 965 εὑχάς
3685 897 3788 948 καὶ

2101 983 2311 1056 δάκρυα
2341 985 2692 1040 ἀναλίσκεται
2713 1004 2726 1017 ⁸
2758 986 2852 1040 καὶ
2878 986 3128 1057 καθάπερ
3164 987 3213 1039 οί
3261 985 3422 1055 σιγὴν
3463 981 3784 1045 ἀσκοῦντες,

2106 1070 2252 1146 [181]
2293 1073 2326 1146 ἢ
2379 1074 2472 1128 καὶ
2523 1074 2719 1145 μόνους
2763 1076 2821 1126 ἐν
2866 1074 3093 1146 οίκίσκῳ
3143 1071 3602 1134 κατακλείσαντες
3644 1072 3790 1124 ἐαυ-

2102 1164 2249 1225 τούς,
2297 1162 2434 1232 πρὸς
2477 1161 2665 1215 οὐδένα
2702 1161 2854 1215 οὐδὲν
2899 1161 3247 1231 φθέγγονται,
3279 1160 3423 1214 οὑτω
3463 1160 3559 1213 καὶ¹
3601 1159 3662 1212 σέ
3693 1157 3787 1210 λέ-

2104 1265 2293 1317 γουσιν
2317 1249 2374 1302 ἐν
2402 1249 2593 1319 πλήθει
2621 1248 2858 1321 τοσούτῳ
2889 1250 3257 1321 στρεφόμενον
3277 1248 3562 1303 διατελεῖν.
3589 1247 3699 1301 Τὸν
3728 1245 3790 1301 δὲ

2103 1337 2203 1406 τῆς
2242 1337 2471 1408 καρδίας
2501 1354 2595 1390 σου
2642 1338 3003 1410 συντριμμδν;
3047 1338 3259 1391 καὶτὸν
3301 1337 3529 1408 αὐχμὸν,
3564 1335 3661 1389 καὶ
3682 1335 3790 1405 τὴν

2104 1425 2375 1496 ἀλγηδόνα
2413 1424 2507 1480 καὶ
2548 1426 2849 1497 πεφρίκασι
2897 1424 3267 1498 διηγούμενοι,
3318 1425 3413 1479 καὶ
3449 1422 3679 1485 πολλοὺς
3700 1423 3792 1475 ἐν.

2106 1513 2278 1568 ταῦθα
2305 1513 2371 1566 τά
2399 1514 2468 1566 σά
2494 1513 2790 1579 κατένυξαν
2811 1514 3247 1583 ἀπαγγέλλοντες
3265 1530 3279 1544 ’
3302 1513 3416 1567 Οὐκ
3443 1510 3787 1574 ἀντιϐλέπει,

2108 1602 2293 1673 φησὶν,
2335 1602 2512 1656 οὐδενὶ
2534 1601 2645 1656 τῶν
2671 1602 2947 1656 εἰσιόντων
2979 1604 3113 1667 ἐκεῖ,
3146 1600 3256 1655 οὐδ’
3294 1600 3479 1671 ἀνίησι
3510 1599 3619 1653 τῶν
3656 1614 3793 1651 συν-

2107 1690 2249 1760 εχῶν
2297 1688 2476 1743 πόνων
2520 1688 2712 1742 ἐαυτόν
2731 1705 2742 1719 ·
2787 1688 3048 1753 πολλάκις
3097 1688 3380 1759 ἐδείσαμεν
3424 1687 3499 1759 μὴ
3546 1684 3792 1758 πηρώσιῃ

2105 1779 2232 1838 τοὺς
2265 1777 2578 1848 ὀφθαλμοὺς
2600 1779 2715 1840 τοῖς
2740 1777 3015 1848 ὀδυρμοῖς,
3066 1776 3140 1847 μὴ
3166 1775 3344 1848 πλήξῃ
3371 1775 3472 1839 τάς
3512 1777 3792 1845 μήνιγγας

2105 1868 2174 1937 τῇ
2211 1865 2532 1936 σφοδρότητι
2556 1865 2657 1934 τῆς
2680 1864 2992 1935 ἀγρυπνίας
3017 1865 3114 1917 καὶ
3141 1866 3210 1934 τῇ
3242 1861 3508 1929 ἀνενδότῳ
3562 1860 3660 1913 καὶ
3707 1859 3792 1912 δι-

2107 1956 2294 2024 ηνεκεῖ
2329 1951 2456 2025 περὶ
2490 1951 2588 2023 τήν
2620 1953 2926 2021 ἀνάγνωσιν
2959 1951 3185 2022 σπουδῇ.

2186 2039 2252 2109 β’.
2277 2041 2464 2095 Ταῦτα
2483 2036 2577 2095 οὖν
2598 2057 2660 2093 σε
2687 2041 2848 2094 λυπεῖ
2869 2040 2964 2094 καὶ⁵
2982 2038 3221 2111 θορυϐεῖ,
3249 2039 3332 2092 δτι
3363 2034 3617 2091 τοσοῦτον
3639 2050 3793 2106 παρ-

2110 2128 2317 2200 ήλασας
2351 2130 2477 2191 τοὺς
2495 2127 2782 2200 ὁμήλικας,
2818 2128 2900 2181 ὅτι
2927 2128 3021 2182 καὶ
3058 2126 3285 2198 σφοδρὸν
3312 2127 3408 2180 καὶ
3433 2125 3793 2194 ἀναίσχυντον

2111 2216 2251 2288 ἔχων
2283 2218 2377 2270 τὸν
2398 2216 2803 2287 ἀνταγωνιστὴν
2846 2214 3027 2286 πολλῷ
3048 2216 3127 2285 τῷ
3154 2215 3338 2286 μέτρῳ
3363 2213 3491 2276 τοὺς
3521 2212 3659 2284 μετά
3689 2209 3791 2265 σοῦ

2112 2306 2402 2377 τρέχοντας
2433 2306 2886 2376 ὑπερηκόντισας.
2911 2301 3038 2376 Ἆρ’
3059 2303 3160 2358 οὐκ
3186 2304 3411 2366 είκότως
3438 2301 3624 2369 ἔλεγον
3648 2301 3737 2354 ὅτι
3756 2300 3794 2370 ἠ

2113 2392 2320 2465 ἀθυμία
2368 2390 2509 2463 αὕτη
2551 2391 2873 2464 προλήψεως
2912 2392 3073 2463 μόνον
3114 2392 3286 2457 ἐστὶν,
3334 2389 3684 2462 ἐρευνωμένη
3732 2388 3797 2441 δὲ

2114 2482 2209 2536 καὶ
2254 2480 2520 2550 εὐθυμίας
2548 2483 2683 2551 ημῖν
2712 2481 2997 2545 ὑποθέσεις
3040 2480 3271 2552 παρέχει
3314 2478 3549 2542 πολλάς;
3584 2476 3651 2530 Τί
3676 2475 3796 2546 γάρ

2112 2569 2326 2638 ϐφελος,
2356 2568 2478 2623 είπέ
2510 2586 2624 2640 μοι,
2662 2568 2757 2623 τοῦ
2791 2570 2866 2641 μὴ
2896 2569 3180 2640 δαιμονᾷν,
3210 2569 3341 2622 ὅταν
3374 2568 3404 2619 6
3428 2566 3540 2636 βίος
3578 2565 3797 2635 ἠμελη-

2118 2658 2278 2729 μένος
2304 2655 2376 2730 ᾖς
2408 2659 2559 2711 ποῖον
2597 2656 2655 2710 δὲ
2699 2656 2894 2727 βλάϐος
2936 2656 3047 2711 ἀπὸ
3077 2656 3171 2710 τοῦ
3216 2656 3499 2726 δαιμονᾷν,
3545 2654 3677 2706 ὅταν
3721 2650 3798 2706 τά

2113 2744 2213 2816 τῆς
2250 2744 2530 2806 πολιτείας
2573 2743 2932 2815 ὴκριϐωμένα
2979 2742 3118 2817 τύχῃ
3160 2743 3255 2797 καὶ⁵
3301 2738 3796 2811 συγκεκροτημένα

2115 2831 2329 2897 καλῶς;
2375 2830 2516 2885 Ἀλλ’
2554 2829 2684 2895 ἴσως
2711 2831 2943 2905 αἰσχύνῃ
2982 2832 3079 2886 καὶ
3122 2830 3399 2902 ἐρυθριᾷς,
3432 2830 3560 2883 ὅταν
3590 2844 3652 2880 σε
3686 2844 3796 2880 κα-

2114 2920 2324 2994 ταϐάλῃ
2371 2920 2655 2993 παρόντων
2693 2920 2889 2985 τινῶνς
2943 2921 3105 2976 Ἀλλά
3147 2920 3307 2974 τοῦτό
3351 2936 3433 2973 σοι
3475 2920 3640 2973 πάλιν
3681 2917 3800 2970 ἀπὸ

2116 3010 2216 3080 τῆς
2245 3009 2552 3076 ὑποθέσεως
2599 3010 2882 3081 συμϐαίνει
2937 3011 3036 3082 τῆς
3076 3010 3269 3081 αὐτῆς,
3300 3010 3384 3063 ὅτι
3417 3012 3484 3081 τῇ
3512 3010 3622 3062 τῶν
3662 3008 3798 3062 πολ-

2117 3096 2225 3151 λῶν
2242 3097 2390 3170 δόξῃ,
2443 3098 2690 3171 λογισμῷ
2708 3099 2766 3153 δὲ
2798 3099 3052 3154 οὐδέποτε
3099 3099 3162 3152 16
3194 3102 3424 3170 πρᾶγμα
3459 3096 3794 3168 ἐπέτρεψας.

2118 3185 2194 3239 Τὸ
2223 3187 2332 3257 γὰρ
2371 3191 2702 3241 καταπεσεῖν
2733 3187 2796 3242 οὐ
2828 3186 2987 3241 τοῦτό
3018 3188 3167 3242 ἐστιν
3214 3187 3243 3240 6
3293 3188 3356 3241 σὺ
3383 3186 3613 3256 πάσχειν
3662 3186 3797 3257 φὴς,

2118 3272 2256 3327 ἀλλά
2276 3272 2339 3327 16
2359 3274 2603 3346 ἁμαρτίᾳ
2632 3276 2970 3347 περιπεσεῖν
3011 3275 3105 3327 ἐπὶ⁵
3143 3274 3317 3347 ταύτῃ
3345 3276 3413 3344 τῇ
3449 3271 3656 3326 πτώσει
3687 3289 3799 3324 κα-

2121 3361 2212 3416 λὸν
2263 3361 2615 3433 αἰσχύνεσθαι
2638 3362 2730 3415 καὶ
2771 3361 2978 3431 ἀλγεῖν.
3012 3361 3127 3415 Νῦν
3153 3361 3209 3415 δὲ
3246 3362 3340 3415 ἐπὶ
3371 3360 3469 3432 μὲν
3493 3364 3608 3424 τοῖς
3642 3360 3800 3435 οὐδε-

2123 3449 2252 3520 μίαν
2279 3448 2493 3519 έχουσιν
2520 3449 2782 3521 αἰσχύνη-ν
2809 3448 3208 3519 καταδυόμεθα,
3234 3449 3301 3503 τά
3320 3449 3378 3502 δέ
3396 3449 3564 3511 ὅντως
3588 3445 3800 3517 αίσχρά

2122 3539 2216 3591 καὶ
2261 3536 2459 3589 πολλοῦ
2503 3536 2744 3607 γέμοντα
2781 3536 3019 3605 γέλωτος
3059 3536 3154 3590 καὶ
3205 3536 3480 3599 κολάσεως
3532 3536 3799 3605 ἐσχάτης.

2121 3625 2293 3680 ταῦτα
2334 3624 2569 3695 δρῶντες
2619 3625 2771 3679 οὐδὲν
2812 3624 3098 3697 ηγούμεθα
3154 3626 3385 3695 πάσχειν
3427 3624 3630 3677 δεινόν·
3658 3622 3801 3677 ἀλλά

2120 3713 2220 3783 τῆς
2272 3714 2368 3784 μέν
2434 3713 2612 3784 ψυχῆς
2664 3712 2789 3767 καθ’
2847 3714 3083 3784 ἑκάστην
3132 3712 3345 3784 ἡμέραν
3392 3711 3498 3765 ὑπὸ
3535 3710 3639 3780 τῆς
3684 3710 3803 3763 τῶν

2122 3803 2537 3875 ἁμαρτημάτων
2582 3803 2865 3875 ἐνεργείας
2913 3800 3222 3872 πιπτούσης
3270 3800 3445 3864 οὐδεὶς
3479 3803 3510 3855 6
3545 3798 3795 3853 πενθῶν·

2121 3891 2171 3943 εί
2194 3890 2252 3945 δέ
2280 3892 2411 3944 ποτέ
2450 3907 2502 3943 τι
2530 3891 2590 3944 16
2619 3890 2779 3961 σῶμα
2811 3889 2970 3943 τοῦτο
2992 3889 3173 3949 πάθοι,
3201 3889 3370 3943 δεινὸν
3398 3889 3493 3942 καὶ
3516 3887 3798 3957 ἀφόρητον

2123 3974 2263 4033 εἶναι
2312 3979 2477 4032 δοκεῖ.
2507 3974 2654 4048 τΑρα
2680 3980 2742 4031 οὑ
2790 3977 2952 4031 τοῦτό
2980 3979 3098 4030 ἐστι
3136 3978 3199 4031 16
3236 3977 3514 4048 δαιμονᾷν,
3545 3976 3606 4028 16
3652 3973 3805 4028 οὕτω

2122 4065 2426 4120 διακεῖσθαι
2470 4065 2569 4137 τὴν
2612 4065 2790 4137 ψυχὴν
2834 4066 2930 4119 καὶ
2980 4065 3110 4136 περὶ
3145 4063 3246 4135 τὴν
3295 4063 3405 4117 τῶν
3454 4063 3805 4134 πραγμάτων

2128 4153 2454 4223 σφάλλεσθαι
2481 4155 2701 4225 κρίσιν;
2736 4154 2798 4206 Et
2837 4153 2937 4224 μὲν
2977 4152 3084 4225 γάρ
3115 4152 3220 4205 ὑπὸ
3266 4151 3435 4223 μέθης
3464 4151 3623 4204 τοῦτο
3663 4149 3805 4204 ἐπα-

2128 4260 2276 4314 σχες,
2336 4243 2501 4315 ἐχρῆν
2554 4240 2916 4295 καταδύεσθαι
2965 4242 3059 4295 καὶ
3104 4240 3366 4310 ἀθυμεῖν,
3421 4238 3806 4311 προαιρέσεως

2126 4331 2236 4401 γάρ
2272 4329 2331 4382 16
2350 4328 2602 4400 ἔγκλημα
2621 4324 2718 4400 ἦν·
2763 4330 2811 4381 εί
2845 4327 2901 4381 δέ
2941 4326 3040 4397 τῆς
3084 4326 3270 4398 ἐτέρου
3310 4326 3431 4397 βίας
3459 4325 3522 4378 16
3563 4326 3808 4395 πρᾶγμά

2128 4419 2297 4481 ἐστιν,
2326 4417 2388 4469 οὐ
2416 4417 2508 4470 τὸν
2556 4414 3021 4486 ἐπηρεαζόμενον,
3063 4414 3185 4468 οὑδὲ
3214 4414 3307 4468 τὸν
3338 4414 3677 4485 ὑπομένοντα
3698 4412 3809 4483 τὴν

2131 4506 2273 4577 βίαν,
2324 4504 2460 4559 ἀλλά
2511 4505 2600 4560 τὸν
2642 4505 2857 4577 δρῶντα
2907 4503 3258 4577 αίσχὺνεσθιι
3299 4504 3397 4558 δεῖ.
3440 4503 3544 4559 Καὶ
3573 4504 3685 4574 γάρ
3744 4506 3810 4559 ἐν

2130 4596 2304 4667 ἀγορᾷ
2334 4595 2386 4646 εἰ
2408 4611 2539 4647 ποτε
2567 4592 2866 4664 γενομένης
2892 4593 3073 4665 μάχης
3100 4592 3415 4664 ἓτερος¹τὸν
3437 4593 3621 4664 ἕτερον
3651 4591 3813 4655 ῶσας

2131 4681 2413 4747 κατέϐαλε,
2447 4682 2539 4733 τὸν
2596 4679 2991 4745 καταϐαλόντα,
3035 4681 3095 4733 οὐ
3141 4681 3233 4733 τὸν
3285 4684 3517 4733 πεσόντα
3561 4680 3813 4743 ἅπαντες

2130 4768 2453 4840 αἰτιώμεθα.
2507 4767 2686 4821 Καλὸν
2746 4768 2808 4821 16
2858 4768 3153 4840 ἐρυθριᾷν,
3207 4768 3323 4822 ἀλλ’
3353 4768 3479 4821 ὃταν
3530 4784 3585 4819 τι
3626 4767 3814 4838 πράτ-

2130 4877 2311 4931 τωμεν
2336 4858 2446 4912 τῶν
2475 4858 2697 4911 κόλασιν
2728 4858 3004 4928 φερόντων
3034 4859 3167 4928 ἡμῖν
3207 4857 3362 4928 παρά
3395 4856 3473 4927 τῷ
3503 4855 3626 4909 τότε
3669 4856 3813 4926 μέλ-

2129 4942 2276 4997 λοντι
2322 4945 2528 5015 κρίνειν
2579 4943 2755 5012 ᾐιᾶς·
2793 4941 2894 5005 ἓως
2946 4940 2989 4993 δ’
3045 4940 3110 4994 ἂν
3163 4940 3329 5012 μηδὲν
3362 4937 3602 4992 τοιοῦτον
3648 4931 3813 5006 ὦμεν

2134 5031 2432 5095 συνειδότες
2467 5032 2699 5095 ἐαυτοῖς,
2745 5028 2889 5092 τίνος
2914 5028 3099 5082 ἕνεκεν
3133 5024 3622 5096 ἐγκαλυπτόμεθας
3665 5024 3814 5079 Οὐδὲ

2131 5120 2260 5192 γὰρ,
2290 5120 2341 5172 εἰ
2367 5118 2451 5181 τίς
2481 5134 2541 5170 σε
2578 5117 2739 5188 μόνον
2775 5114 3065 5170 ἀπολαϐὼν
3092 5114 3323 5168 ἔτυπτεν
3360 5112 3547 5176 ἁπλῶς
3572 5113 3668 5165 καὶ⁵
3693 5129 3813 5183 μηο

2130 5208 2219 5261 δέν
2252 5206 2390 5277 έχων
2423 5204 2694 5275 ἐγκαλεῖν,
2750 5203 2784 5276 ἢ
2824 5203 2987 5258 πάλιν
3030 5202 3395 5274 κατέῤῥιπτεν
3430 5202 3511 5264 είς
3546 5199 3646 5271 τὴν
3676 5198 3810 5270 γῆν,

2136 5298 2199 5350 σύ
2223 5296 2280 5350 δέ
2312 5295 2488 5349 πάντα
2514 5293 2704 5364 πράως
2727 5290 2965 5360 ἐνεγκὼν
2993 5289 3333 5360 ἀπηλλάγης,
3363 5288 3466 5341 οὐκ
3490 5285 3759 5358 αίσχύνης
3780 5285 3812 5326 ά

2133 5385 2195 5437 16
2221 5385 2453 5456 πρᾶγμα
2475 5377 2565 5455 ἦν,
2590 5381 2726 5435 ἀλλά
2751 5379 3068 5449 φιλοσοφίας
3090 5379 3186 5431 καὶ
3206 5376 3318 5431 τῶν
3347 5375 3619 5449 μεγίστων
3649 5374 3820 5428 ἐπαί-

2198 5566 2224 5597 ο
2246 5563 2460 5613 Verbum
2472 5563 2722 5626 παρέλκειν
2742 5576 2767 5610 a
2789 5565 2932 5609 textu
2951 5558 3192 5626 Μοιζείκει
3216 5557 3367 5626 ξονὶι.
3392 5557 3599 5607 mutuati
3617 5566 3819 5605 sumus.

2135 5626 2270 5688 Colb.
2298 5632 2353 5688 εί
2372 5630 2480 5688 ipse
2504 5620 2653 5688 Sisjil.
2677 5628 2726 5688 in)
2751 5636 2904 5688 marg.
2926 5622 3190 5688 παρελθεῖν.
3212 5620 3345 5688 Enr;

2198 5686 2225 5727 τι
2245 5677 2405 5736 δανίιῖ
2427 5694 2479 5734 el
2500 5686 2637 5748 βοῇ).
2668 5677 2917 5748 ίςισχύνῆς.
2941 5677 3120 5748 οώίεςιι
3156 5685 3444 5748 σεεοιίοηε,
3470 5677 3817 5748 ἰαίνει-..γεω

2136 5751 2226 5818 οὐκ
2247 5745 2631 5818 αίσχύχηςλρΐςξ
2665 5739 2839 5818 Μοιίέι.
2984 5745 3154 5818 φέρειν,
3179 5739 3265 5796 alii
3290 5745 3347 5794 16
3373 5739 3541 5808 φέρειν.
3566 5739 3698 5793 Ibid.
3721 5741 3826 5791 Sl-

2139 5813 2224 5862 vil.
2250 5817 2303 5861 et
2321 5806 2453 5864 (ᾅδω.
2476 5806 2562 5858 τοῦ
2583 5810 2635 5858 δέ
2657 5808 2838 5858 τούτων
2860 5806 3199 5866 πονηροτέρου.
3384 5806 3391 5808 ἡ
3434 5838 3437 5841 ι
