4036 6416
254 384 355 442 “9

252 517 374 557 eum
410 513 510 554 sua
542 496 798 550 facilitate
822 494 1072 565 jugulare
1102 502 1330 564 possunt
1356 514 1368 549 :
1393 495 1468 549 ita
1498 504 1548 552 et
1576 496 1663 551 hic
1692 496 1812 550 vice

252 592 433 647 noctis
455 604 518 644 ac
538 588 884 643 tenebrarum
904 601 1189 642 mcerorem
1211 586 1513 654 effundens,
1532 588 1814 659 cogitatio-

252 699 353 739 nes
373 696 585 746 omnes,
613 694 732 749 quae
754 679 821 733 ad
847 680 1120 733 munimen
1149 689 1395 735 nostrum
1421 696 1543 736 esse
1562 690 1813 752 possunt,

253 775 555 833 subducere
569 771 719 842 prius
744 786 808 826 ac
836 770 1002 824 furari
1025 773 1237 837 nititur,
1262 780 1319 825 ut
1338 772 1607 828 desertam
1626 782 1679 829 et
1700 775 1815 828 sine

255 868 529 938 adjutorio
573 866 811 919 animam
854 863 1116 919 invadens
1151 866 1319 935 plagis
1357 880 1476 920 eam
1515 868 1815 922 innumeris

255 959 550 1016 confodiat.
586 957 654 1010 At
683 971 812 1011 vero
832 970 955 1011 cum
976 957 1099 1026 quis
1128 972 1224 1026 spe
1247 958 1299 1010 in
1332 956 1497 1013 Deum
1524 958 1693 1016 fultus
1720 959 1815 1014 has

256 1053 513 1106 tenebras
560 1050 840 1118 disiecerit
866 1058 1027 1118 atque
1056 1049 1123 1103 ad
1164 1048 1345 1104 Solem
1374 1049 1599 1119 iustitiae
1624 1050 1815 1105 confu-

254 1142 428 1213 giens,
456 1141 601 1195 illius
629 1140 812 1195 radios
840 1139 896 1194 in
918 1141 1097 1194 anima
1129 1155 1228 1195 sua
1256 1141 1498 1212 recipere
1523 1143 1814 1206 studuerit,

256 1235 506 1304 protinus
525 1234 910 1303 cogitationum
926 1248 1147 1288 suarum
1166 1234 1456 1288 tumultum
1480 1235 1531 1290 in
1550 1235 1815 1291 latronem

256 1327 408 1383 illum
442 1326 807 1383 transfundet.
839 1325 974 1381 Nam
998 1336 1051 1382 et
1074 1328 1167 1397 qui
1199 1327 1441 1383 facinora
1468 1329 1597 1383 talia
1627 1344 1816 1399 aggre-

256 1418 505 1483 diuntur,
544 1435 667 1473 cum
711 1419 835 1490 quis
875 1420 999 1475 illos
1038 1418 1484 1488 deprehenderit,
1525 1435 1589 1474 ac
1636 1421 1816 1475 lumen

258 1509 577 1565 ostenderit.
613 1517 874 1573 tremunt,
910 1508 1176 1563 ﬂuctuant
1209 1517 1370 1577 atque
1403 1511 1815 1577 perturbantur.

243 1594 313 1648 Et
338 1593 627 1663 quomodo,
663 1593 888 1663 inquies,
906 1592 1076 1662 possit
1102 1592 1219 1661 quis
1245 1591 1347 1647 hoc
1374 1590 1559 1647 dolore
1584 1590 1820 1657 liberari,

244 1685 346 1738 nisi
374 1685 520 1754 prius
547 1684 803 1754 eripiatur
836 1700 866 1738 a
896 1684 1139 1739 daemone
1160 1684 1457 1755 agitatore?
1482 1683 1596 1739 Non
1613 1683 1821 1739 dtemon

243 1785 326 1831 est
354 1778 444 1847 qui
490 1792 779 1833 maerorem
826 1784 1040 1843 movet,
1072 1776 1164 1832 sed
1212 1792 1409 1833 mceror
1454 1777 1630 1847 potius
1681 1777 1824 1832 vires

243 1867 475 1923 daemoni
502 1869 870 1935 administrat,
900 1870 1353 1945 cogitationesque
1380 1870 1549 1925 malas
1569 1870 1821 1941 suggerit.

245 1963 540 2017 Attestatur
579 1962 701 2018 huic
739 1964 933 2018 rationi
977 1973 1172 2018 nostra:
1217 1963 1556 2019 beatissimus
1584 1963 1822 2019 Paulus:

246 2072 353 2109 non
381 2057 521 2110 enim
544 2056 862 2122 daemonem,
891 2057 985 2112 sed
1015 2057 1421 2113 immoderatum
1443 2056 1680 2112 dolorem
1710 2071 1827 2111 me-

244 2156 424 2205 tuens.
454 2146 739 2203 Corinthiis
763 2149 966 2216 scribit,
993 2158 1051 2203 ut
1078 2157 1299 2219 parcant
1321 2149 1537 2206 demum
1563 2149 1825 2220 peccanti,

247 2236 332 2291 Ne
351 2242 479 2309 forte
500 2239 852 2294 abundantiori
875 2240 1076 2295 tristitia
1095 2240 1416 2294 absorbeatur
1428 2241 1515 2312 qui
1534 2240 1649 2295 talis
1663 2250 1734 2295 est
1751 2240 1828 2311 (2.

247 2328 427 2383 Cor.2.
456 2329 528 2403 7),
570 2331 756 2401 inquit.
774 2331 1038 2387 Caaterutn
1061 2332 1491 2389 utconcedamus
1532 2333 1828 2387 daemonem

246 2423 422 2476 acrius
448 2423 667 2489 instare,
696 2438 760 2477 ex
787 2424 966 2478 animo
991 2436 1169 2479 autem
1200 2434 1290 2479 tuo
1317 2425 1525 2494 pulsum
1552 2439 1672 2479 esse
1697 2440 1833 2479 mce-

250 2527 449 2578 rorem,
483 2512 608 2582 quid
632 2513 740 2583 jam
768 2514 869 2568 erit
890 2529 957 2568 ex
984 2513 1085 2568 hoc
1109 2514 1600 2585 detrimenti?quid
1627 2514 1714 2568 hic
1739 2530 1833 2583 per

251 2617 310 2657 se
338 2603 484 2657 solus
505 2614 597 2658 aut
625 2592 841 2672 parvum
865 2614 956 2658 aut
979 2621 1229 2675 magnum
1273 2606 1444 2677 possit
1480 2613 1665 2659 contra
1696 2606 1832 2659 nos?

250 2695 320 2749 At
346 2711 473 2750 vero
502 2711 720 2759 maeror,
753 2697 975 2753 absente
1000 2697 1243 2752 dmmone
1262 2739 1279 2762 ,
1307 2697 1473 2752 multa
1500 2712 1597 2767 per
1622 2711 1682 2752 se
1708 2694 1834 2750 hor-

253 2785 418 2840 renda
444 2784 641 2851 efficit,
670 2788 1030 2859 plurimosque
1058 2803 1244 2843 eorum
1277 2789 1365 2857 qui
1394 2788 1493 2842 sibi
1536 2796 1834 2843 nexuerunt

255 2875 496 2945 laqueos,
529 2879 904 2932 consciverunt
930 2879 1155 2948 gladios,
1185 2880 1268 2934 vel
1290 2879 1433 2933 ﬂuvii
1463 2894 1522 2933 se
1550 2878 1706 2933 undis
1733 2878 1831 2932 de-

253 2965 468 3033 derunt,
500 2968 576 3022 vel
605 2968 709 3023 alio
733 2971 919 3038 quovis
939 2985 1134 3039 genere
1160 2970 1441 3039 perdidere
1466 2970 1691 3039 seipsos,
1718 2969 1837 3025 solo

253 3058 439 3113 dolore
483 3060 534 3112 in
576 3060 859 3114 violentam
907 3070 1129 3115 mortem
1177 3061 1436 3131 impulsos
1487 3062 1833 3131 reperiemus.

254 3151 408 3217 Quod
434 3152 478 3206 si
509 3153 647 3207 inter
674 3167 767 3207 eos
794 3155 1056 3224 quispiam
1082 3154 1324 3210 fortassis
1350 3153 1511 3209 fuerit
1536 3163 1783 3224 arreptus
1807 3170 1838 3208 a

255 3242 530 3308 daemone,
574 3242 730 3312 hujus
773 3258 985 3314 quoque
1031 3243 1261 3313 perditio
1306 3259 1415 3298 non
1454 3243 1716 3309 daemoni,
1743 3244 1838 3298 sed

254 3334 504 3389 maeroris
546 3335 811 3406 tyrannidi
858 3349 920 3389 ac
974 3334 1241 3389 violentia:
1292 3335 1484 3390 merito
1533 3335 1841 3405 imputanda

255 3426 376 3479 erit.
410 3425 477 3478 Et
503 3425 800 3495 quomodo,
830 3425 1066 3495 inquies,
1099 3440 1316 3503 possunt
1361 3440 1465 3480 non
1498 3440 1730 3480 mmrore
1757 3424 1840 3478 af-

258 3517 384 3573 ﬁci?
410 3517 466 3573 Si
493 3533 521 3571 a
550 3518 902 3572 multitudinis
932 3518 1181 3588 opinione
1209 3518 1276 3573 de
1307 3516 1607 3588 hujusmodi
1637 3533 1696 3571 re
1726 3517 1844 3571 lon-

256 3610 475 3679 gissime
500 3610 793 3677 recedens,
823 3611 934 3664 sola
979 3624 1209 3680 superna
1256 3612 1475 3665 sentias.
1504 3609 1657 3664 Nunc
1699 3609 1841 3664 enim

260 3700 461 3757 idcirco
481 3716 543 3756 ea
570 3716 657 3755 res
682 3702 857 3770 gravis
880 3712 1041 3771 atque
1061 3700 1327 3756 horrenda
1350 3701 1443 3754 tibi
1470 3700 1701 3765 videtur,
1718 3702 1843 3771 quia

258 3793 447 3864 vulgus
475 3793 544 3847 ita
573 3794 861 3848 existimat.
890 3794 1050 3863 Atqui
1080 3793 1126 3847 si
1153 3793 1352 3848 omissa
1394 3792 1539 3847 inani
1566 3791 1844 3864 fallacique

261 3883 655 3938 existimatione
686 3884 851 3952 ipsam
892 3898 1005 3936 rem
1036 3882 1340 3953 diligentius
1381 3883 1722 3938 considerare
1753 3899 1847 3937 vo-

263 3973 447 4038 lueris,
485 3972 723 4027 invenies
758 3973 959 4026 nullam
1000 3973 1175 4028 inesse
1212 3972 1264 4028 ei
1302 3973 1572 4029 maestitia:
1610 3972 1847 4029 occasio—

263 4080 385 4119 nem
413 4083 425 4118 :
448 4065 588 4134 quod
604 4066 715 4133 jam
737 4080 880 4131 szepe
900 4066 1144 4135 superius
1163 4065 1512 4119 ostendimus.
1537 4065 1845 4136 Equalium

262 4172 393 4212 vero
418 4166 627 4210 tuorum
671 4156 839 4226 gratia
871 4156 1029 4227 (reor
1066 4156 1208 4210 enim
1235 4164 1288 4211 te
1313 4157 1604 4212 intuentem
1632 4158 1844 4213 illorum

265 4251 503 4305 lmtitiam
544 4264 607 4306 ac
646 4250 893 4304 fiduciam
930 4266 1051 4305 cum
1081 4250 1364 4317 fratribus,
1395 4253 1646 4307 confundi
1688 4264 1848 4325 atque

267 4357 335 4396 ex
362 4342 571 4396 tristitia
598 4341 914 4412 concidere)
956 4356 1055 4411 ego
1086 4342 1137 4397 id
1180 4344 1442 4398 veraciter
1469 4344 1693 4399 dixerim
1737 4364 1752 4399 :
1801 4346 1846 4401 si

266 4433 505 4503 quidem,
530 4434 634 4487 illis
664 4433 714 4488 in
734 4434 1059 4488 continentia
1080 4443 1135 4488 et
1151 4435 1438 4490 sobrietate
1463 4446 1624 4504 atque
1646 4436 1697 4490 in
1723 4438 1850 4492 reli-

268 4541 371 4595 qua
396 4526 515 4580 vitae
542 4525 872 4595 philosophia
900 4525 1231 4596 degentibus,
1261 4526 1373 4595 ipse
1401 4527 1453 4581 in
1483 4527 1845 4597 lupanaribus,

269 4617 324 4671 in
353 4617 488 4673 ludis
520 4627 574 4671 et
597 4618 650 4671 in
676 4618 804 4672 aleis
847 4625 902 4673 et
947 4617 1426 4673 comessationibus
1460 4629 1667 4688 tempus
1691 4635 1849 4675 omne

272 4724 647 4776 consumeres,
688 4710 1017 4765 rationabilis
1061 4710 1297 4781 profecto
1339 4721 1481 4767 esset
1514 4712 1599 4766 hic
1650 4727 1852 4768 maeror

275 4813 395 4856 tuus
423 4819 437 4856 :
465 4802 546 4855 sin
574 4811 749 4857 autem
780 4803 1021 4858 eamdem
1064 4803 1267 4858 incedis
1291 4804 1428 4859 viam
1455 4845 1470 4867 ,
1514 4803 1640 4873 quid
1677 4818 1851 4859 causa:

273 4902 360 4949 est
380 4894 519 4964 quod
546 4895 795 4965 angaris?
821 4894 1078 4964 Equidem
1110 4896 1155 4949 si
1183 4896 1310 4949 mihi
1341 4894 1409 4949 ad
1434 4896 1662 4965 aliquem
1690 4910 1756 4950 ex
1786 4895 1851 4949 iis

275 5002 452 5041 sermo
481 4997 644 5049 esset,
674 4987 765 5056 qui
792 4988 942 5042 facile
966 4988 1291 5043 extolluntur
1319 4987 1564 5043 laudibus
1584 5030 1599 5055 ,
1640 5003 1702 5043 ea
1731 5004 1852 5058 quae

274 5079 433 5135 modo
449 5078 688 5133 dicturus
716 5095 830 5133 sum
860 5080 1096 5150 profecto
1112 5083 1416 5137 tacuissem.
1443 5081 1703 5149 Quoniam
1726 5098 1853 5137 vero

271 5188 334 5227 ea
364 5171 491 5226 mihi
518 5173 585 5227 de
608 5182 659 5227 te
675 5187 797 5242 spes
816 5183 918 5239 est,
941 5173 1082 5243 quod
1103 5174 1507 5243 quamtumlibet
1526 5176 1643 5243 quis
1664 5183 1716 5229 te
1740 5176 1856 5229 lau-

276 5264 365 5317 det
390 5275 548 5334 atque
577 5265 900 5331 admiretur,
931 5280 1221 5336 numquam
1248 5265 1559 5321 modestiam
1599 5266 1851 5331 deseres,

275 5366 434 5425 atque
461 5357 805 5412 nihilominus
834 5359 972 5413 inter
998 5366 1266 5413 extremos
1308 5368 1359 5413 te
1398 5359 1567 5428 ipsum
1614 5368 1810 5413 statues
1833 5399 1850 5425 ,

277 5459 465 5503 cuncta
487 5450 617 5504 nihil
647 5459 888 5506 metuens
911 5460 1002 5505 aut
1024 5450 1366 5506 dissimulans
1386 5451 1589 5520 loquar.

350 5539 603 5610 Stagirius
639 5557 703 5595 ea:
739 5542 982 5596 dwmont’s
1008 5542 1273 5596 insultibus
1302 5540 1515 5596 multum
1554 5544 1851 5612 profecerat.

276 5661 349 5673 --
372 5634 538 5687 Tanta
580 5636 721 5688 enim
765 5633 923 5687 audio
968 5633 1059 5688 tibi
1103 5632 1391 5687 accessisse
1438 5633 1646 5703 pietatis
1686 5633 1858 5686 incre-

284 5732 483 5790 menta,
514 5736 695 5780 utnon
718 5726 826 5795 jam
866 5739 985 5780 cum
1012 5724 1421 5779 adolescentulis
1449 5725 1586 5790 illis,
1616 5724 1709 5779 sed
1736 5740 1856 5780 cum

284 5814 485 5886 magnis
530 5816 958 5885 admirandisque
1007 5815 1135 5869 viris
1179 5815 1372 5870 virtute
1425 5815 1733 5872 contendas.
1800 5820 1857 5876 1η

591 5909 863 5972 ΡΑτιιοι..
913 5912 1029 5973 Gn.
1074 5913 1323 5975 XLVII.

1071 381 1163 435 AD
1203 377 1577 437 STAGIRIUM
1614 376 1662 431 Α
1699 359 1995 429 ΒιΕὶίΟΝΕ
2036 356 2391 415 VEXATUM.
2430 357 2557 415 LIB.
2600 356 2664 415 ll.

3394 356 3499 413 450

1922 497 2068 550 ιιυΙΙο
2094 505 2146 551 te
2183 496 2286 549 illis
2317 494 2619 550 inferiorem
2667 497 2844 564 aiunt,
2873 512 2979 552 non
3028 499 3233 556 ratione
3270 500 3501 573 jejunii:

1918 603 2023 657 quo
2050 587 2191 643 enim
2220 595 2394 655 pacto,
2440 602 2562 640 cum
2589 602 2780 657 panem
2812 596 2866 643 et
2889 604 3078 659 aquam
3118 601 3318 648 tantum
3346 594 3396 648 in
3423 596 3503 650 ci-

1919 677 2045 729 bum
2091 691 2303 742 sumas,
2350 675 2508 746 idque
2553 676 2774 731 alternis
2808 677 3033 733 diebus?
3063 695 3167 735 non
3208 683 3505 753 vigiliarum

1922 767 2252 839 prolixitate,
2284 783 2403 824 cum
2434 778 2489 822 ut
2518 766 2618 838 ipsi
2648 769 2826 838 plures
2854 787 2956 826 una
3002 783 3186 828 noctes
3232 775 3506 834 insomnes

1923 861 2183 931 transigas
2207 878 2220 927 ;
2254 877 2360 916 non
2390 861 2583 917 diurno
2610 862 2870 927 instituto,
2900 880 3005 935 quo
3033 875 3083 921 te
3110 882 3321 938 quoque
3342 870 3507 939 pluri-

1923 968 2041 1008 mos
2066 954 2273 1008 illorum
2304 956 2683 1011 transcendere
2708 955 2847 1011 fama
2893 967 2994 1013 est.
3023 960 3196 1014 Audio
3224 976 3289 1016 ex
3320 961 3387 1017 iis
3415 964 3507 1033 qui

1923 1043 2117 1099 isthinc
2136 1044 2455 1112 adveniunt,
2479 1046 2575 1100 tibi
2596 1062 2754 1102 omne
2782 1056 2990 1117 tempus
3021 1049 3073 1103 in
3100 1050 3349 1122 lacrymis
3379 1066 3508 1122 per-

1924 1136 2203 1206 petuisque
2227 1138 2556 1192 orationibus
2581 1138 2855 1203 consumi;
2884 1148 2939 1194 et
2966 1141 3413 1210 quemadmodum
3435 1143 3469 1197 ii
3487 1182 3506 1209 .

1925 1225 2015 1295 qui
2044 1227 2256 1281 silentio
2281 1242 2339 1282 se
2367 1227 2716 1293 devoverunt,
2744 1245 2907 1299 seque
2933 1230 3076 1301 ipsos
3112 1233 3323 1302 tugurio
3359 1233 3508 1289 brevi

1925 1316 2282 1381 incluserunt,
2314 1318 2441 1372 nihil
2480 1319 2768 1388 loquuntur
2792 1362 2807 1386 ,
2836 1324 2907 1375 ita
2931 1330 2988 1376 et
3031 1330 3083 1377 te
3110 1323 3257 1377 aiunt
3284 1325 3335 1379 in
3365 1333 3507 1379 tanta

1925 1418 2224 1463 versantem
2257 1408 2593 1465 multitudine
2617 1411 2921 1482 persistere.
2948 1410 3115 1467 Porro
3135 1415 3509 1470 contritionem

1926 1497 2103 1552 cordis
2134 1498 2227 1565 tui,
2270 1499 2571 1569 squalorem
2610 1516 2673 1555 ac
2701 1500 2940 1557 dolorem
2969 1512 3026 1557 et
3061 1503 3114 1557 hi
3141 1504 3230 1575 qui
3259 1516 3511 1561 enarrant

1928 1586 2336 1655 exhorrescunt,
2368 1591 2735 1661 plurimosque
2778 1592 2865 1647 hic
2910 1592 3037 1647 dum
3094 1605 3180 1648 tua
3234 1605 3512 1651 narrarent

1928 1677 2167 1733 instituta
2219 1692 2667 1750 comparuerant.
2742 1680 2957 1737 Nullum
3013 1699 3263 1755 umquam
3328 1686 3510 1757 ingre-

1930 1770 2210 1837 dientium,
2235 1774 2400 1840 aiunt,
2425 1774 2664 1845 respicit,
2691 1775 2819 1829 nihil
2849 1790 2913 1829 ex
2939 1777 3210 1833 consuetis
3239 1778 3512 1834 laboribus

1930 1864 2135 1923 relaxat
2163 1883 2177 1918 :
2209 1867 2403 1936 saepius
2426 1866 2582 1921 veriti
2612 1882 2793 1922 sumus
2836 1883 2904 1923 ne
2929 1869 3113 1924 oculos
3139 1871 3409 1941 perpetuis
3435 1872 3514 1925 la-

1929 1958 2127 2030 crymis
2162 1969 2473 2023 excaecaret,
2506 1975 2575 2014 ne
2607 1959 2798 2029 vigiliis
2828 1960 3026 2027 nimiis,
3058 1962 3435 2034 irremissoque
3458 1973 3515 2019 et

1928 2050 2038 2121 jugi
2070 2051 2313 2106 lectionis
2339 2051 2516 2106 Studio
2536 2051 2813 2107 cerebrum
2844 2052 3156 2109 offenderet.

1980 2143 2035 2196 9..
2059 2142 2170 2197 Hoc
2183 2158 2311 2214 ergo
2334 2152 2384 2198 te
2400 2159 2631 2199 maerore
2649 2145 2864 2199 conficit
2878 2155 3037 2216 atque
3067 2146 3353 2216 perturbat,
3373 2149 3513 2219 quod

1933 2235 2164 2305 aequales
2196 2244 2312 2289 tuos
2344 2243 2487 2289 tanta
2514 2236 2830 2291 excellentia
2858 2252 3077 2307 superas
3100 2280 3114 2304 ,
3146 2239 3286 2309 quod
3315 2241 3518 2295 acerri-

1934 2341 2080 2381 mum
2109 2334 2162 2381 et
2189 2325 2549 2395 impudentem
2582 2336 2766 2382 nactus
2795 2327 3156 2384 adversarium
3177 2371 3192 2395 ,
3219 2338 3368 2385 tanto
3395 2346 3519 2400 spa-

1935 2419 2009 2472 tio
2036 2427 2209 2472 tecum
2250 2418 2447 2487 pariter
2473 2428 2749 2475 currentes
2776 2421 3073 2476 excessisti.
3105 2422 3294 2477 Annon
3325 2422 3517 2477 merito

1934 2508 2173 2564 dicebam
2204 2523 2487 2565 maerorem
2520 2511 2659 2565 hunc
2690 2524 3022 2583 praesumpta:
3061 2513 3231 2567 solum
3257 2528 3377 2570 esse
3404 2516 3521 2583 Opi-

1937 2600 2141 2663 nionis;
2172 2601 2215 2654 si
2245 2602 2583 2655 examinetur
2606 2616 2754 2666 vero,
2787 2617 3025 2657 summas
3054 2604 3207 2658 nobis
3237 2604 3431 2659 laetitize
3455 2619 3519 2659 ac

1938 2692 2334 2763 tranquillitatis
2360 2694 2668 2747 occasiones
2693 2694 2968 2763 przebere?
2988 2694 3116 2761 Quae
3134 2695 3277 2751 enim
3297 2696 3514 2762 utilitas,

1938 2799 2121 2853 quaeso
2150 2793 2221 2849 te,
2252 2799 2281 2837 a
2305 2782 2549 2838 dzemone
2577 2800 2683 2837 non
2722 2785 2951 2854 corripi,
2983 2785 3028 2839 si
3074 2786 3194 2841 vitze
3223 2786 3518 2840 institutum

1939 2876 2266 2946 negligatur?
2294 2875 2436 2945 quod
2463 2876 2715 2931 damnum
2746 2878 2980 2946 corripi,
3025 2877 3067 2932 si
3100 2878 3203 2932 vita
3251 2889 3397 2933 recte
3440 2879 3521 2933 in-

1939 2972 2119 3024 stituta
2144 2978 2199 3023 et
2219 2978 2465 3023 accurata
2490 2969 2597 3023 sit?
2616 2969 2686 3023 At
2706 2967 2930 3024 fortasse
2955 2970 3293 3025 confunderis
3316 2986 3378 3025 ac
3399 2986 3523 3026 eru-

1941 3060 2148 3122 bescis,
2187 3074 2306 3113 cum
2338 3069 2392 3114 te
2418 3059 2517 3114 sub
2545 3059 2714 3114 oculis
2760 3060 3111 3129 quorumdam
3156 3061 3372 3130 dejicit?
3416 3061 3521 3117 Sed

1943 3149 2045 3204 hoc
2076 3151 2167 3205 tibi
2194 3166 2258 3205 ex
2290 3152 2475 3205 eadem
2520 3150 2726 3204 ratione
2754 3151 3031 3219 contingit,
3060 3152 3200 3220 quod
3232 3152 3525 3207 multitudi-

1943 3243 2026 3297 nis
2046 3241 2297 3313 opinione
2336 3241 2603 3311 negotium
2653 3241 2787 3307 hoc,
2830 3258 2935 3295 non
2978 3244 3253 3298 ratiocinio
3297 3245 3523 3301 metiris.

1944 3330 2183 3401 Namque
2207 3330 2398 3386 cadere
2427 3345 2531 3386 non
2556 3331 2607 3386 id
2634 3342 2736 3396 est,
2764 3332 2905 3401 quod
2936 3341 2990 3387 tu
3021 3341 3072 3387 te
3101 3334 3203 3402 pati
3231 3333 3399 3400 dicis,
3429 3339 3525 3390 sed

1946 3421 1999 3475 in
2042 3430 2316 3491 peccatum
2347 3436 2595 3475 corruere
2626 3439 2638 3474 :
2667 3422 2717 3475 in
2748 3420 2851 3475 hoc
2878 3436 3008 3476 sane
3050 3437 3177 3477 casu
3218 3424 3432 3491 dolere,
3469 3428 3527 3480 in

1946 3512 2050 3566 hoc
2090 3512 2405 3567 erubescere
2428 3513 2693 3566 convenit.
2726 3511 2833 3566 Nos
2862 3521 3044 3567 contra
3092 3515 3146 3567 in
3176 3512 3240 3567 iis
3264 3531 3382 3585 qua:
3409 3518 3529 3571 ttul-

1946 3605 2051 3660 lam
2083 3605 2282 3660 habent
2326 3606 2659 3660 verecundiae
2683 3610 2945 3661 rationem
2972 3606 3376 3674 confundimur;
3408 3624 3528 3679 quae

1947 3708 2125 3754 autem
2147 3713 2331 3754 revera
2347 3708 2472 3753 sunt
2492 3699 2683 3768 turpia,
2707 3700 3178 3772 exsecrationeque
3197 3717 3259 3756 ac
3277 3716 3529 3773 supremo

1948 3788 2103 3859 digna
2132 3790 2366 3844 cruciatu
2387 3830 2401 3853 ,
2432 3805 2495 3845 ea
2520 3789 2645 3845 dum
2676 3800 3042 3860 perpetramus
3061 3832 3075 3855 ,
3104 3791 3237 3845 nihil
3279 3807 3379 3848 nos
3405 3794 3532 3848 mali

1950 3882 2057 3951 pati
2082 3880 2422 3936 arbitramur.
2452 3883 2628 3952 Atque
2650 3882 2824 3936 anima
2854 3882 3066 3952 quidem
3093 3883 3316 3953 singulis
3344 3884 3533 3940 diebus

1951 3982 2292 4044 peccatorum
2339 3974 2391 4027 vi
2431 3984 2713 4030 corruente
2734 4015 2749 4039 ,
2780 3974 2954 4028 nullus
2995 3984 3079 4029 est
3123 3976 3212 4044 qui
3244 3975 3455 4045 lugeat;
3485 3978 3533 4032 si

1951 4064 2164 4135 quando
2188 4080 2316 4120 vero
2344 4079 2536 4134 corpus
2571 4067 2673 4120 hoc
2696 4066 2893 4136 aliquid
2930 4069 3127 4136 patitur
3146 4108 3160 4132 ,
3203 4067 3254 4122 id
3282 4084 3412 4123 vero
3435 4068 3536 4124 du-

1951 4174 2069 4212 rum
2098 4166 2257 4227 atque
2304 4158 2637 4213 intolerabile
2666 4174 2784 4214 esse
2813 4159 3042 4215 videtur.
3066 4159 3253 4215 Nonne
3283 4159 3335 4215 id
3358 4161 3534 4231 potius

1953 4260 2037 4304 est
2075 4266 2105 4303 τι
2149 4251 2393 4304 drernone
2421 4251 2615 4320 corripi
2637 4292 2650 4313 ,
2681 4251 2726 4305 si
2755 4252 2889 4305 adeo
2915 4252 3287 4306 miserabiliter
3325 4253 3535 4308 animus

1952 4342 2231 4408 afﬁciatur,
2254 4351 2413 4411 atque
2441 4344 2511 4396 ita
2534 4344 2674 4396 circa
2704 4359 2881 4397 rerum
2899 4342 3096 4410 judicia
3126 4342 3373 4397 fallatur?
3402 4343 3534 4398 Nam

1953 4434 1999 4489 si
2028 4433 2078 4488 id
2107 4434 2321 4503 quidem
2346 4449 2411 4487 ex
2439 4434 2699 4488 ebrietate
2728 4433 2986 4500 patereris
3006 4475 3020 4497 ,
3049 4433 3299 4488 confundi
3343 4436 3536 4489 merito

1955 4543 2021 4581 ac
2050 4540 2280 4581 mcerere
2325 4524 2632 4588 debuisses,
2666 4525 2860 4594 quippe
2899 4524 2950 4578 id
3003 4526 3288 4582 voluntatis
3333 4529 3534 4582 crimen

1957 4629 2138 4683 esset;
2169 4619 2250 4672 sin
2276 4627 2453 4671 autem
2492 4617 2711 4671 alterius
2753 4617 2999 4671 violentia
3033 4618 3083 4672 id
3113 4619 3205 4682 fit,
3239 4636 3342 4674 non
3374 4622 3418 4675 is
3445 4623 3535 4691 qui

1958 4722 2182 4766 vexatur
2206 4719 2363 4780 atque
2387 4726 2505 4765 eam
2532 4709 2834 4764 violentiam
2857 4710 3064 4774 tolerat,
3088 4712 3180 4766 sed
3210 4711 3254 4766 is
3281 4713 3371 4783 qui
3392 4713 3536 4769 illam

1957 4803 2139 4869 infert,
2167 4803 2484 4857 erubescere
2512 4802 2689 4857 debet.
2721 4801 2852 4855 Nam
2884 4812 2936 4857 et
2968 4803 3020 4857 in
3049 4804 3222 4874 platea
3253 4804 3297 4858 si
3326 4805 3539 4875 quando

1956 4896 2243 4951 commissa
2271 4910 2443 4965 pugna
2470 4894 2602 4949 alter
2625 4894 2849 4950 alterum
2881 4895 3159 4965 impellens
3184 4896 3404 4967 dejicit,
3432 4915 3540 4956 non

1958 4987 2268 5054 cadentem,
2298 4985 2393 5041 sed
2439 4986 2793 5055 impellentem
2821 5001 3134 5043 accusamus
3160 5004 3369 5045 omnes.
3402 4991 3543 5048 Utile

1956 5080 2173 5150 quidem
2194 5089 2278 5135 est
2298 5078 2636 5143 erubescere,
2664 5078 2758 5133 sed
2787 5088 2895 5132 tum
2929 5078 3167 5149 profecto
3192 5096 3313 5136 cum
3345 5083 3542 5152 aliquid

1960 5172 2285 5242 gesserimus
2304 5169 2446 5240 quod
2471 5170 2559 5226 ille
2585 5169 2801 5239 dignum
2831 5171 3301 5239 cruciatujndicet.
3327 5174 3417 5243 qui
3446 5189 3544 5228 nos

1956 5263 2291 5334 judicatnrus
2321 5261 2375 5315 in
2407 5262 2511 5316 fine
2541 5271 2641 5315 est.
2666 5261 2926 5329 Quamdiu
2970 5272 3149 5318 autem
3194 5264 3323 5318 nihil
3362 5265 3545 5335 hujus—-

1962 5359 2105 5415 modi
2137 5357 2290 5412 nobis
2314 5355 2515 5411 conscii
2539 5353 2813 5420 fuerimus,
2839 5353 2988 5423 cujus
3017 5356 3095 5410 rei
3120 5358 3287 5426 gratia
3315 5357 3541 5412 confun-

1962 5450 2172 5507 dimur?
2202 5448 2384 5519 Neque
2408 5447 2548 5501 enim
2592 5445 2637 5500 si
2661 5445 2780 5515 quis
2806 5446 2923 5500 sine
2948 5446 3153 5502 ratione
3181 5446 3420 5517 nihilque
3449 5447 3543 5501 lae-

1963 5560 2057 5600 sus
2086 5554 2137 5599 te
2166 5542 2433 5606 crederet,
2470 5548 2561 5594 aut
2598 5540 2650 5592 in
2679 5548 2872 5594 terram
2898 5539 3179 5607 dejiceret,
3208 5549 3369 5609 tuque
3395 5540 3537 5593 omni

1965 5634 2370 5692 mansuetudine
2397 5632 2627 5688 tolerans
2650 5632 2857 5697 abires,
2888 5632 3214 5687 confusionis
3251 5647 3312 5688 ea
3339 5646 3427 5687 res
3455 5648 3540 5687 es—

1965 5744 2067 5799 set,
2094 5734 2188 5793 sed
2209 5730 2553 5804 phi1050phire
2578 5728 3033 5796 maximarumque
3062 5724 3296 5779 laudum.
3322 5725 3471 5791 Quod
3494 5726 3539 5779 si

1968 5827 2271 5885 hominibus
2315 5821 2531 5893 injurias
2559 5813 2932 5885 inferentibus,
2962 5817 3010 5871 id
3056 5814 3294 5885 perferre
3338 5819 3538 5885 glorio-

3091 5902 3169 5955 ‘26
