4036 6416
522 382 618 439 15]

518 534 636 573 sum
659 525 775 583 est,
807 531 976 585 eone,
1006 520 1094 589 qui
1122 535 1307 576 omnes
1332 522 1565 593 nequitia
1607 521 1960 586 transcendit,
1992 519 2097 576 hoc

522 609 696 678 ipsum
730 608 992 677 faciente,
1020 611 1108 680 qui
1152 610 1292 666 illius
1334 613 1607 667 vesaniam
1654 612 1861 668 fortiter
1896 611 2093 679 tulerit,

522 699 672 764 quasi
719 715 838 755 rem
863 701 1252 771 vituperatione
1275 702 1485 773 dignam
1513 703 1726 770 fecerit,
1758 704 1950 758 rubore
1978 719 2099 774 per-

518 788 573 842 fu
586 790 819 845 ndetur?
845 792 912 846 Et
951 793 1075 862 quid
1101 793 1201 849 hac
1230 796 1606 852 contrarietate
1629 797 1734 851 dici
1763 795 2100 851 irrationabi-

522 876 627 932 lius
655 880 864 948 possit?
895 880 951 936 Si
983 883 1123 937 enim
1150 899 1215 938 ex
1243 899 1367 940 casu
1390 885 1479 941 illo
1499 900 1787 957 exsurgens
1814 895 1965 957 turpe
2003 886 2102 941 ali-

524 971 653 1040 quid
670 980 760 1027 aut
785 973 961 1029 facere
990 974 1337 1043 iudncereris,
1366 986 1457 1032 aut
1481 976 1645 1047 loqui,
1674 993 1741 1033 ne
1761 978 1872 1048 ipse
1888 976 2098 1048 quidem

523 1073 685 1131 super
714 1062 798 1118 his
826 1072 879 1119 te
904 1065 1084 1136 lugere
1111 1082 1174 1121 ac
1192 1067 1375 1122 dolere
1405 1067 1741 1138 prohiberem
1771 1085 1785 1121 :
1815 1070 1895 1123 sin
1921 1079 2099 1124 autem

528 1156 706 1211 omnia
734 1171 853 1211 cum
882 1160 1170 1228 gratiarum
1199 1161 1409 1216 actione
1439 1162 1655 1228 toleras,
1678 1171 1834 1231 atque
1857 1162 1921 1216 ad
1943 1177 2102 1217 oran-

526 1246 652 1301 dum
680 1258 731 1304 te
756 1251 934 1304 statim
956 1253 1244 1318 convertis,
1276 1253 1402 1323 quid
1428 1261 1510 1308 est
1546 1253 1688 1324 quod
1717 1255 1809 1308 tibi
1839 1269 2100 1309 verecun-

526 1337 667 1393 diam
712 1349 805 1395 aut
828 1342 1194 1399 confusionem
1226 1344 1434 1415 pariat?
1463 1346 1567 1401 Sed
1612 1346 1849 1401 fortassis
1890 1347 2019 1402 dura
2048 1356 2102 1402 et

524 1428 1065 1501 dolendajudicantur
1090 1434 1278 1502 probra
1309 1437 1375 1491 ab
1403 1436 1520 1491 aliis
1546 1438 1595 1491 in
1625 1452 1721 1492 nos
1747 1438 2004 1507 c0njecta.

599 1521 819 1587 Quinam
844 1541 955 1579 vere
978 1526 1294 1581 daemoniaci.
1318 1557 1391 1568 —-
1415 1527 1481 1582 Et
1521 1529 1648 1599 quid
1693 1528 1952 1599 ejusmodi
1999 1528 2100 1583 ho-

528 1615 761 1671 minibus
789 1615 894 1671 dici
922 1617 1323 1688 vituperabilins
1367 1620 1567 1690 possit,
1608 1623 1697 1691 qui
1748 1638 1917 1692 neque
1942 1621 2099 1693 digna

526 1704 939 1775 exprobratione
968 1709 1069 1764 rite
1096 1720 1316 1780 possunt
1341 1711 1686 1769 discernere?
1728 1714 1819 1768 Isti
1846 1715 1989 1770 enim
2020 1730 2103 1768 re-

534 1809 664 1850 vera
687 1797 859 1852 insani
885 1807 1028 1867 sunt,
1058 1814 1120 1854 ac
1147 1801 1412 1858 daemonio
1433 1803 1595 1874 pleni,
1622 1805 1710 1874 qui
1746 1820 1923 1860 rerum
1950 1817 2104 1860 natu-

528 1900 640 1939 ram
674 1896 731 1942 ut
755 1902 875 1943 sese
902 1889 1094 1945 habeat
1120 1892 1313 1947 intueri
1335 1910 1619 1963 numquam
1648 1894 1977 1962 didicerunt,
2007 1896 2100 1951 sed

526 1993 589 2032 ea
618 1993 734 2049 qua:
761 1990 883 2035 sunt
922 1981 1162 2037 laudibus
1188 1983 1493 2055 dignissima
1533 1986 1864 2056 vituperant,
1889 1994 1944 2040 et
1983 2001 2101 2057 quae

528 2077 653 2123 sunt
697 2071 1064 2140 exprobranda
1108 2074 1159 2127 in
1212 2074 1552 2130 laudabilium
1598 2077 1920 2131 transferunt
1960 2077 2105 2132 ordi-

529 2176 671 2214 nem.
704 2160 952 2217 Plurimis
982 2173 1035 2218 et
1058 2164 1353 2234 phrenetici
1381 2177 1669 2236 praesentes
1703 2167 1996 2224 maledictis
2023 2168 2104 2222 in-

527 2261 833 2317 sectantur;
861 2254 953 2309 sed
984 2256 1073 2327 qui
1101 2257 1185 2311 illa
1212 2257 1432 2312 audiunt
1468 2259 1639 2314 nullas
1674 2273 1734 2314 se
1771 2261 1878 2330 pati
1917 2269 2103 2315 contu-

531 2343 718 2397 melias
746 2345 1070 2402 existimant.
1099 2347 1166 2402 Et
1193 2358 1244 2402 tn
1286 2349 1442 2418 igitur
1465 2364 1586 2404 cum
1615 2360 1853 2405 amentes
1883 2350 2000 2405 illos
2030 2351 2103 2406 ita

537 2433 679 2504 loqui
703 2435 857 2490 audis
878 2478 894 2502 ,
942 2437 1050 2492 noli
1075 2439 1448 2494 contumeliam
1479 2450 1569 2494 aut
1594 2442 1955 2496 confusionem
1983 2457 2101 2497 eam

532 2541 649 2582 rem
678 2529 1002 2595 existimare,
1024 2546 1089 2585 ne
1109 2547 1234 2586 vere
1254 2531 1461 2601 probris
1483 2541 1534 2587 te
1553 2532 1770 2604 dignum
1790 2534 2096 2599 constituas,

529 2619 655 2676 dum
680 2630 863 2677 contra
891 2631 943 2679 te
974 2625 1137 2679 Deum
1165 2639 1438 2694 provocas.
1469 2625 1599 2680 Cum
1621 2626 1761 2681 enim
1787 2642 1848 2682 ea
1866 2642 1983 2697 quae
2006 2641 2104 2696 pro

530 2718 708 2766 nostra
733 2713 1103 2770 emendatione
1122 2723 1177 2770 et
1199 2715 1420 2771 utilitate
1445 2730 1475 2770 a
1502 2716 1613 2771 Deo
1634 2715 1955 2783 inferuntur,
1980 2732 2105 2787 pro-

531 2799 629 2856 bro
657 2801 751 2857 tibi
771 2818 890 2859 esse
914 2804 1206 2871 arbitraris,
1233 2804 1352 2861 vide
1376 2821 1482 2876 quo
1497 2805 1598 2861 hoc
1623 2806 1818 2861 malum
1849 2816 2102 2878 emerget.

602 2891 656 2947 5.
696 2892 850 2959 Quod
876 2894 922 2948 si
946 2895 1026 2950 vis
1044 2895 1133 2965 qui
1161 2897 1267 2950 sint
1289 2912 1472 2952 revera
1500 2896 1812 2953 confusione
1837 2907 1892 2954 et
1916 2913 2108 2969 expro-

535 2981 777 3039 bratione
800 2983 945 3054 digni
975 2986 1311 3056 perspicere:
1339 3003 1536 3058 paucos
1564 3004 1596 3045 e
1622 2989 1802 3045 multis
1831 2991 1921 3046 tibi
1946 3005 2108 3046 cona-

533 3085 632 3126 nor
657 3074 958 3130 ostendere.
1006 3076 1115 3131 Eos
1162 3077 1400 3148 inspice,
1450 3080 1538 3149 qui
1588 3078 1867 3135 mulierum
1921 3079 2107 3137 forma:

521 3162 678 3217 aomni
704 3164 881 3219 studio
906 3165 1100 3220 addicti
1127 3164 1389 3239 sunt,‘qui
1417 3171 1654 3239 pecuniis
1678 3187 1848 3241 usque
1871 3172 1934 3227 ad
1966 3173 2108 3227 insa-

518 3252 672 3307 niam
703 3253 942 3322 inhiant,
972 3257 1061 3326 qui
1097 3259 1344 3326 potentiae
1371 3274 1434 3314 ac
1480 3260 1660 3331 gloriae
1706 3271 1828 3314 sunt
1876 3261 2108 3332 cupidis-

526 3345 688 3410 simi,
733 3355 896 3419 utque
943 3348 1041 3402 ista
1066 3359 1490 3420 consequantur,
1530 3367 1686 3422 agere
1725 3354 1900 3407 omnia
1923 3364 1977 3408 et
1999 3354 2105 3422 pati

524 3435 815 3502 sustinent,
841 3436 932 3507 qui
957 3437 1123 3493 livore
1150 3448 1207 3493 et
1231 3439 1424 3494 invidia
1453 3441 1749 3508 tabescunt,
1771 3443 1858 3512 qui
1889 3443 2018 3497 nihil
2048 3459 2108 3499 se

532 3522 850 3580 laedentibus
875 3525 1223 3596 insidiantur,
1271 3531 1360 3599 qui
1402 3540 1570 3586 atram
1600 3531 1758 3587 bilem
1804 3534 2105 3603 patiuntur,

530 3612 621 3681 qui
645 3614 766 3668 vitae
786 3617 1063 3684 praesentis
1088 3619 1371 3674 vanitatem
1411 3634 1615 3675 summa
1641 3622 1788 3677 rabie
1815 3632 2103 3680 sectantur.

529 3701 635 3757 Ista
660 3719 846 3760 revera
873 3714 1031 3778 atque
1055 3706 1138 3762 his
1158 3709 1352 3765 similia
1379 3713 1611 3766 vesaniae
1635 3724 1760 3767 sunt
1779 3727 1961 3784 opera,
1984 3729 2109 3786 snp—

528 3792 796 3864 plicioqne
834 3795 1026 3866 digna;
1083 3797 1182 3853 ista
1222 3800 1432 3869 probris
1488 3813 1645 3872 atque
1680 3804 1923 3861 irrisione
1966 3806 2108 3862 inse-

522 3882 742 3939 ctanda.
769 3884 938 3941 Porro
957 3887 1001 3941 si
1030 3888 1149 3957 quis
1172 3888 1297 3943 dum
1325 3891 1662 3959 perturbatur
1686 3908 1715 3947 a
1745 3893 2002 3962 daemone,
2028 3898 2107 3951 sic

522 3989 743 4046 quoque
768 3992 1029 4033 summam
1055 3981 1106 4035 in
1147 3981 1251 4036 vita
1278 3982 1665 4053 philosophiam
1695 3986 1973 4054 exhibeat,
2000 4004 2104 4043 non

531 4065 709 4121 solum
735 4082 840 4122 non
868 4070 1272 4140 exprobrandus
1295 4113 1310 4139 ,
1339 4088 1525 4128 verum
1568 4076 1908 4134 admirandus
1952 4093 2107 4134 coro-

522 4157 849 4229 nandusque
896 4159 965 4215 ab
1008 4161 1254 4217 omnibus
1278 4172 1388 4227 est,
1416 4165 1505 4234 qui
1535 4174 1614 4219 tot
1662 4168 1924 4238 tantisque
1971 4185 2106 4236 prte-

528 4247 744 4317 peditus
796 4250 1057 4317 vinculis,
1104 4267 1317 4308 cursum
1345 4254 1488 4310 adeo
1530 4255 1859 4313 laboriosum
1900 4261 2101 4328 currit,

529 4337 853 4409 arduamque
884 4349 938 4396 et
960 4356 1202 4412 asperam
1226 4345 1536 4401 conscendit
1561 4348 1771 4404 virtutis
1793 4349 1952 4404 viam.
1982 4350 2103 4405 Cte—

520 4436 700 4504 terum
719 4431 900 4487 nescio
918 4446 1024 4502 quo
1042 4441 1293 4502 pactome
1310 4450 1445 4505 pene
1466 4432 1519 4492 et
1534 4438 1675 4493 aliud
1695 4439 2102 4512 eﬂ'ugerit,quod

533 4522 647 4590 ipse
671 4522 788 4593 plus
827 4524 989 4581 habes
1029 4541 1186 4596 quam
1214 4526 1407 4582 fratres
1444 4529 1654 4598 reliqui.
1701 4529 1755 4584 ld
1799 4540 1974 4587 autem
2022 4543 2104 4588 est

520 4610 835 4681 .hujusmodi
856 4633 868 4668 :
888 4614 944 4670 Si
964 4616 1090 4685 quid
1112 4633 1142 4672 a
1170 4626 1220 4672 te
1246 4628 1521 4688 peccatum
1542 4630 1644 4686 est,
1674 4620 1827 4675 facile
1856 4637 1950 4691 per
1968 4621 2105 4677 hanc

534 4715 833 4769 prcssuram
858 4704 909 4759 id
938 4720 1097 4761 omne
1116 4706 1326 4763 deletur
1348 4724 1410 4764 ac
1436 4711 1742 4766 remittitur.
1770 4712 1945 4782 Atque
1966 4728 1996 4767 a
2016 4729 2104 4768 me

520 4787 635 4847 «hoc
661 4800 815 4849 antea
845 4802 1113 4851 ostensum
1131 4805 1235 4864 est,
1262 4813 1384 4853 cum
1404 4799 1471 4855 de
1497 4800 1718 4869 Lazaro,
1740 4810 1795 4857 et
1813 4802 1880 4858 de
1901 4803 1991 4857 illo
2012 4803 2103 4874 qui

530 4884 673 4952 apud
696 4883 1002 4943 Corinthios
1026 4886 1315 4945 fornicatus
1356 4901 1468 4960 est,
1498 4908 1799 4950 sermonem
1820 4895 2100 4951 haberem.

531 4976 640 5030 Sed
677 4978 848 5046 patri,
878 4979 1090 5049 inquies
1111 5022 1127 5047 ,
1156 4982 1318 5038 timeo
1343 5001 1356 5037 :
1387 4984 1488 5039 etsi
1514 4986 1693 5040 omnia
1722 5002 1838 5042 mea
1867 4989 2105 5044 modeste

530 5080 594 5121 ac
622 5066 813 5123 leniter
837 5069 1071 5139 perferre
1101 5074 1321 5142 possim,
1352 5075 1620 5144 quomodo
1660 5076 1797 5133 illius
1833 5093 2015 5134 casum
2038 5095 2105 5136 ac

531 5157 804 5213 vesaniam
849 5157 1047 5227 feram,
1095 5163 1141 5217 si
1183 5164 1396 5233 quando
1425 5166 1551 5235 quid
1604 5167 1791 5221 horum
1843 5171 2103 5226 senserit?

537 5252 803 5311 Ilactenus
826 5255 1038 5326 quidem
1066 5258 1195 5313 nihil
1227 5261 1506 5329 persensit.
1534 5262 1625 5317 Est
1651 5273 1827 5317 autem
1857 5265 2105 5320 maximae

533 5343 981 5413 pusillanimitatis
1000 5363 1185 5404 eorum
1204 5352 1404 5421 gratia,
1434 5369 1553 5422 quae
1581 5364 1761 5423 postea
1790 5356 2100 5427 aliquando,

531 5436 619 5490 vel
651 5435 812 5492 etiam
850 5440 1069 5494 omnino
1120 5455 1226 5497 non
1273 5454 1525 5499 eventura
1554 5455 1694 5511 sunt,
1722 5463 1953 5503 maerore
1993 5448 2103 5519 jam

532 5540 635 5582 nos
683 5541 748 5582 ac
788 5526 977 5585 dolore
1016 5531 1300 5589 conficere.
1329 5534 1480 5591 Unde
1521 5538 1662 5591 enim
1710 5538 1861 5593 nobis
1900 5551 2106 5596 constet

531 5622 652 5674 haec
686 5617 755 5674 ad
781 5618 920 5675 illius
955 5633 1267 5691 perventura
1312 5627 1588 5682 notitiam?
1627 5629 1737 5683 lmo
1762 5644 1891 5685 vero
1911 5632 1979 5685 sit
2006 5632 2106 5688 hoc

534 5711 694 5779 plane
719 5713 1055 5784 perspicuum
1078 5754 1096 5783 ,
1150 5717 1606 5789 ooncedamusque
1629 5761 1642 5783 ,
1675 5720 1720 5774 si
1756 5721 1868 5786 vis,
1916 5732 2104 5778 cuncta

537 5802 687 5863 illum
717 5792 1077 5870 noscitut’li'm,
1122 5806 1449 5880 plurimaque
1497 5810 1746 5866 atrociter
1797 5810 2098 5868 facturum:

1255 390 1315 444 S.
1353 387 1629 445 JOANNIS
1664 385 2137 445 CHRYSOSTOMI
2171 386 2485 446 ARCHIEP.
2525 388 3051 448 CONSTANTINOP.

3665 384 3775 445 «f5!

2208 500 2366 557 laudo
2395 511 2446 558 te
2484 503 2750 574 equidem,
2775 503 2823 559 si
2869 504 3011 559 illius
3052 500 3238 558 doleas
3283 499 3489 566 vicem,
3517 512 3775 559 ueterum

2204 591 2330 647 nolo
2356 592 2407 647 id
2431 608 2552 648 cum
2581 603 2672 651 tuo
2705 594 3027 649 detrimento
3070 591 3253 648 facias.
3299 590 3505 662 Quippe
3544 607 3637 648 eos
3680 594 3776 663 qui

2201 699 2264 739 ea
2293 699 2412 754 qua}
2438 700 2649 740 sursum
2675 695 2799 740 sunt
2823 686 3065 754 sapiunt,
3106 694 3159 739 et
3185 698 3291 737 non
3318 699 3440 754 quae
3464 699 3625 753 super
3666 692 3784 740 ter-

2201 791 2339 844 ram,
2371 791 2475 831 non
2498 777 2669 831 solum
2698 777 2766 831 ab
2794 777 2869 830 ira
2899 785 2953 831 et
2991 775 3418 844 concupiscentia
3460 775 3781 845 ueterisque

2204 868 2708 937 perturbationibus,
2735 867 2828 923 sed
2849 882 2880 921 a
2909 880 3139 921 mcerore
3169 867 3328 919 etiam
3352 865 3620 921 abstinere
3647 880 3785 920 con-

2202 959 2366 1016 venit.
2396 958 2495 1014 Hic
2521 959 2665 1014 enim
2697 958 2851 1029 longe
2880 957 3138 1026 pluribus,
3164 971 3321 1027 quam
3350 966 3476 1011 sunt
3498 957 3787 1026 perturba-

2204 1048 2376 1104 tiones
2401 1049 2535 1114 illae,
2567 1064 2669 1104 nos
2705 1048 3053 1103 incommodis
3078 1048 3269 1113 afficit;
3310 1062 3634 1117 prorsusque
3681 1062 3793 1100 ne-

2202 1153 2353 1194 cesse
2376 1148 2460 1194 est
2503 1139 2757 1195 adversus
2806 1139 2953 1193 illum
2993 1154 3092 1193 nos
3136 1139 3420 1194 fortissime
3465 1139 3782 1209 insurgere,

2204 1229 2305 1283 nisi
2330 1230 2549 1285 omnino
2575 1230 2750 1299 perire
2773 1229 3014 1284 velimus.
3044 1228 3175 1283 Nam
3220 1228 3264 1283 si
3297 1228 3510 1300 quidem
3542 1233 3655 1301 ipse
3677 1229 3793 1283 bna

2200 1319 2436 1390 jusmodi
2454 1320 2816 1375 calamitatum
2842 1322 2977 1389 patri
3002 1328 3190 1374 auctor
3208 1318 3414 1374 futurus
3440 1334 3608 1386 esses,
3629 1330 3786 1375 recte

2205 1423 2334 1463 sane
2362 1409 2654 1479 trepidares
2686 1425 2749 1465 ac
2769 1419 3047 1476 tremeres,
3074 1411 3164 1480 qui
3192 1418 3349 1465 tanta}
3369 1411 3443 1465 illi
3468 1411 3786 1480 perditionis

2204 1511 2364 1553 causa
2388 1513 2570 1563 esses;
2599 1501 2682 1555 sin
2708 1508 2885 1555 autem
2927 1500 3153 1569 ipsemet
3191 1500 3413 1554 summis
3438 1500 3592 1555 malis
3616 1511 3786 1570 atque

2205 1588 2555 1646 incommodis
2584 1589 2722 1645 afﬁci
2747 1590 2879 1657 vult,
2905 1590 3037 1645 nihil
3063 1600 3114 1646 te
3141 1590 3330 1645 borum
3352 1591 3559 1660 penitus
3588 1592 3783 1661 tangit,

2205 1683 2306 1736 nisi
2328 1683 2381 1737 in
2406 1692 2660 1753 quantum
2688 1684 2824 1751 patri
2851 1684 2936 1753 pie
2960 1682 3353 1737 condoleudum
3379 1690 3481 1737 est.
3512 1682 3782 1737 Praeterea

2204 1776 2471 1830 nescimus
2497 1775 2763 1846 quomodo
2808 1774 3107 1846 bujusmodi
3148 1775 3388 1829 nuntium
3436 1775 3526 1829 ille
3575 1775 3787 1829 laturus

2204 1864 2306 1931 sit;
2327 1865 2549 1934 plurima
2563 1866 2704 1920 enim
2724 1880 2865 1935 saepe
2885 1874 3067 1920 contra
3082 1880 3238 1935 quam
3265 1864 3589 1934 sperabatur,
3608 1880 3785 1919 emer-

2204 1965 2410 2010 serunt.
2443 1955 2572 2010 Nam
2603 1966 2657 2010 et
2682 1956 2809 2010 illud
2836 1971 2997 2010 unum
3021 1965 3105 2011 est
3131 1971 3197 2010 ex
3227 1957 3311 2023 iis,
3342 1971 3459 2026 qum
3486 1970 3608 2009 raro
3635 1957 3784 2010 acci-

2204 2046 2367 2113 dunt;
2398 2056 2454 2102 at
2496 2047 2598 2102 hoc
2617 2047 2890 2117 probabile
2911 2056 3026 2114 est,
3064 2063 3127 2103 ac
3151 2048 3461 2118 plerumque
3488 2048 3626 2103 solet
3650 2064 3809 2103 eve—'

2204 2140 2339 2197 nire.
2369 2139 2527 2197 Unde
2555 2140 2607 2195 id
2633 2140 2808 2212 colligi
2832 2142 3043 2211 potest?
3067 2141 3235 2196 Habet
3259 2140 3581 2195 adulterinos
3607 2141 3748 2194 filios
3767 2184 3784 2205 ,

2205 2249 2337 2305 quos
2361 2242 2420 2290 et
2448 2235 2659 2304 plurimi
2703 2234 2861 2302 facit;
2910 2251 3070 2307 porro
3116 2236 3230 2290 haec
3273 2236 3415 2291 illius
3452 2236 3649 2289 amoris
3699 2234 3787 2288 vis

2204 2326 2465 2395 ejusmodi
2492 2342 2777 2383 maerorem
2812 2327 3058 2383 facillime
3083 2327 3249 2383 lenire
3278 2328 3486 2398 poterit.
3513 2325 3592 2382 Ne
3620 2326 3786 2396 igitur

2206 2416 2398 2473 frustra
2431 2419 2653 2490 teipsum
2679 2421 2820 2475 curis
2844 2422 3135 2476 excrucies.
3188 2419 3323 2475 Nam
3362 2421 3404 2475 si
3433 2420 3594 2490 patris
3621 2433 3786 2473 causa

2205 2508 2489 2565 dolendum
2517 2520 2630 2578 est,
2657 2513 2771 2582 ejus
2801 2512 3037 2583 profecto
3062 2513 3139 2568 rei
3165 2512 3329 2584 gratia
3358 2512 3640 2567 dolendum
3660 2520 3785 2579 est,

2205 2601 2345 2671 quod
2361 2602 2801 2658 irrationabilibus
2816 2605 3273 2675 sumptibus,quod
3286 2603 3783 2671 comessationibus,

2207 2695 2348 2763 quod
2379 2695 2513 2749 fastu
2533 2705 2587 2750 et
2616 2697 2890 2769 tyrannide
2911 2739 2926 2762 ,
2953 2698 3091 2768 quod
3123 2699 3365 2767 praesenti
3395 2698 3655 2753 adulterio
3678 2697 3778 2752 de-

2207 2785 2349 2840 ditus
2372 2787 2459 2840 sit.
2485 2789 2563 2839 An
2595 2796 2650 2841 tu
2679 2787 2943 2842 modicum
2966 2789 3139 2843 scelus
3158 2788 3427 2844 existimas
3455 2802 3638 2855 uxore,
3667 2804 3783 2842 ma-

2207 2885 2288 2931 tre
2313 2888 2506 2942 vestra,
2533 2878 2803 2944 incolumi,
2834 2880 3047 2934 alterius
3077 2879 3264 2949 puellae
3301 2879 3551 2933 maculari
3578 2894 3781 2934 conca.

2207 2968 2340 3032 bitu,
2370 2970 2606 3040 filiasque
2633 2986 2699 3026 ex
2745 2971 2928 3026 illicito
2956 2986 3237 3042 procreare
3282 2971 3650 3025 matrimonio?
3679 2971 3785 3026 Ista

2208 3062 2375 3127 luctu,
2409 3061 2508 3116 ista
2540 3064 2786 3134 lacrymis
2811 3062 2992 3134 digna,
3019 3078 3138 3133 quae
3156 3072 3339 3133 aperta
3364 3073 3488 3117 sunt
3512 3064 3671 3128 mala,
3696 3076 3788 3117 at-

2207 3168 2312 3224 que
2358 3153 2411 3208 in
2441 3154 2600 3209 linem
2627 3155 2920 3223 perducta:
2950 3170 3068 3224 qua
3117 3170 3248 3210 vero
3291 3155 3365 3209 tui
3404 3170 3560 3209 causa
3610 3154 3785 3208 futura

2207 3256 2350 3312 sunt,
2369 3248 2480 3303 fieri
2502 3257 2676 3318 potest
2699 3258 2755 3302 ut
2783 3248 2958 3317 gravia
2986 3249 3112 3313 sint,
3137 3247 3248 3302 fieri
3279 3247 3425 3315 item,
3453 3256 3511 3302 ut
3533 3247 3790 3317 opinione

2208 3337 2441 3405 leviora;
2472 3352 2694 3393 summae
2725 3353 2852 3393 vero
2886 3349 3028 3393 esset
3062 3338 3309 3393 amentia:
3347 3338 3402 3391 in
3444 3336 3602 3391 rebus
3648 3336 3789 3392 adeo

2209 3429 2430 3486 incertis
2459 3440 2607 3486 certo
2647 3445 2707 3485 se
2743 3431 2854 3500 jam
2890 3431 3125 3485 cruciatu
3167 3429 3448 3486 conficere.
3496 3430 3566 3485 L't
3606 3440 3787 3484 autem

2208 3522 2565 3579 concedamus
2593 3523 2806 3579 interim
2854 3524 2997 3577 illum
3027 3522 3491 3578 vehementissima
3538 3522 3789 3590 indigna-

2208 3615 2353 3671 tione
2379 3615 2751 3670 concitandum
2774 3655 2789 3681 ,
2819 3623 2872 3669 at
2900 3613 3156 3670 citissime
3186 3612 3453 3668 scdabitur
3474 3654 3489 3676 ,
3538 3621 3593 3666 et
3628 3620 3791 3667 ante-

2208 3721 2366 3777 quam
2391 3706 2547 3777 plane
2572 3706 2903 3773 incendatur,
2927 3704 3313 3775 exstinguetur.
3338 3703 3507 3758 Homo
3534 3702 3675 3757 enim
3706 3710 3791 3757 tot

2208 3797 2412 3853 deliciis
2437 3797 2666 3864 deditus,
2698 3798 3161 3866 maximarumque
3185 3809 3363 3851 rerum
3389 3794 3531 3848 curis
3554 3791 3791 3861 implici«

2207 3898 2312 3958 tus,
2340 3890 2600 3961 parasitos
2636 3900 2691 3945 et
2715 3896 3070 3944 assentatores
3095 3888 3333 3942 nutriens
3353 3929 3367 3953 ,
3398 3885 3689 3956 puellaeque
3717 3884 3790 3937 il-

2209 3985 2310 4039 lius
2333 3998 2519 4039 amore
2543 3983 2791 4039 incensus
2810 4022 2827 4047 ,
2855 3997 2921 4037 ex
2949 3995 3052 4052 qua
3078 3980 3228 4036 vobis
3269 3994 3340 4034 ex
3368 3978 3649 4033 medietate
3672 3977 3789 4030 fra-

2208 4085 2317 4131 tres
2346 4074 2523 4139 habet,
2550 4075 2711 4130 etiam
2739 4073 2784 4127 si
2825 4082 2941 4127 tuos
2985 4085 3143 4126 casus
3188 4070 3512 4140 perceperit,
3542 4067 3789 4123 dolorem

2206 4168 2484 4223 minimum
2505 4174 2561 4222 et
2589 4165 2739 4221 nihili
2765 4164 3064 4221 faciendum
3093 4165 3284 4233 capiet.
3317 4162 3477 4233 quue
3498 4177 3601 4216 non
3631 4177 3698 4216 ex
3722 4161 3791 4218 iis

2206 4259 2380 4314 solum
2397 4272 2515 4327 qua:
2537 4256 2669 4322 dixi,
2686 4256 2778 4312 sed
2801 4270 2865 4312 ex
2883 4255 3159 4326 praeteritis
3179 4254 3421 4324 coniicio.
3449 4253 3596 4308 Nosti
3617 4252 3791 4319 enim,

2207 4352 2363 4421 plane
2392 4349 2554 4413 nosti,
2583 4363 2703 4405 cum
2724 4356 2782 4403 te
2808 4347 2894 4402 ille
2915 4347 3133 4402 nimium
3156 4354 3314 4401 antea
3341 4344 3602 4414 diligeret,
3628 4353 3793 4412 teque

2206 4441 2441 4496 omnium
2469 4440 2587 4496 loco
2611 4440 2851 4504 haberet,
2880 4454 2946 4495 ex
2990 4453 3096 4509 quo
3121 4448 3173 4492 te
3210 4437 3277 4492 ad
3301 4437 3680 4492 monachorum
3709 4436 3796 4489 vi-

2207 4544 2313 4589 tam
2341 4532 2687 4597 transtulisti,
2719 4530 2941 4586 affectus
2977 4530 3150 4585 omnis
3178 4529 3268 4583 ille
3307 4542 3462 4597 quam
3493 4525 3795 4582 exstinctus

2205 4625 2292 4679 sit.
2308 4623 2440 4679 Rem
2460 4624 2602 4679 enim
2633 4622 2723 4678 ille
2746 4630 2801 4678 te
2820 4621 2997 4677 facere
3021 4630 3253 4688 turpem,
3283 4632 3345 4672 ac
3370 4616 3628 4686 majorum
3656 4629 3800 4669 suo-

2204 4731 2323 4772 rum
2347 4715 2630 4785 splendore
2657 4711 2922 4783 indignain
2942 4753 2957 4778 ,
2998 4711 3323 4782 gloriamque
3348 4722 3495 4763 suam
3522 4716 3573 4761 te
3602 4705 3797 4760 detur-

2206 4821 2332 4875 pare
2356 4805 2599 4861 dicebat:
2626 4812 2680 4861 et
2700 4805 2801 4859 nisi
2822 4812 3023 4859 naturae
3044 4802 3190 4857 illum
3217 4799 3502 4855 necessitas
3517 4796 3792 4851 cohibuis.

2206 4907 2306 4962 set,
2337 4906 2389 4953 te
2412 4896 2631 4952 forsitan
2670 4895 2985 4951 abdicasset.
3031 4893 3234 4962 Itaque,
3273 4890 3375 4945 nisi
3402 4900 3576 4943 tamen
3630 4888 3797 4942 nimis

2205 4991 2442 5060 ineptum
2458 4988 2596 5061 quod
2611 4988 2783 5043 dicam
2798 4983 3288 5051 videatur,arbitror
3298 4981 3443 5036 illum
3460 4993 3572 5034 rem
3584 4986 3794 5049 gestam

2205 5097 2328 5137 cum
2351 5080 2619 5149 voluptate
2642 5078 2964 5142 auditurum,
2990 5074 3139 5144 quasi
3164 5086 3349 5142 pcenas
3378 5069 3611 5135 dederis,
3646 5068 3797 5137 quod

2207 5180 2392 5228 orante
2419 5170 2508 5224 illo
2533 5169 2747 5239 saepius,
2769 5177 2927 5238 atque
2949 5183 2981 5220 a
3004 5168 3126 5220 vitae
3155 5164 3305 5218 istius
3334 5160 3606 5217 tolerantia
3629 5167 3683 5213 te
3706 5174 3800 5213 re-

2207 5277 2420 5319 movere
2432 5261 2697 5331 cupiente,
2715 5258 2990 5315 consilium
3009 5257 3173 5326 ipsius
3188 5268 3471 5325 numquam
3487 5252 3796 5307 admiseris.

2278 5357 2333 5411 4.
2363 5354 2430 5409 Ει
2455 5354 2524 5409 de
2564 5362 2712 5423 patre
2738 5352 2956 5422 quidem
2995 5366 3057 5405 ac
3086 5349 3275 5405 timore
3313 5357 3434 5411 tuo,
3461 5360 3565 5415 quo
3593 5345 3661 5400 de
3700 5344 3801 5399 illo

2208 5446 2727 5502 maxime'sollicitus
2754 5459 2813 5499 es
2832 5485 2847 5508 ,
2887 5444 2985 5498 ista
3014 5441 3171 5496 habui
3200 5455 3319 5511 quae
3344 5439 3572 5494 dicerem
3593 5477 3609 5502 ,
3636 5434 3799 5490 suffi-

2209 5539 2402 5594 cientia
2425 5578 2438 5600 .
2469 5547 2530 5592 ut
2558 5551 2699 5602 reor,
2732 5535 2796 5589 ad
2823 5548 3035 5589 omnem
3065 5529 3426 5602 hujuscemodi
3460 5538 3661 5583 metum
3694 5542 3800 5581 ex-

2210 5630 2543 5686 cludendum.
2567 5628 2825 5697 Quoniam
2852 5641 2983 5683 vero
3008 5624 3266 5684 malorum
3294 5632 3499 5675 tuorum
3526 5632 3799 5672 summam

2211 5739 2331 5779 esse
2368 5722 2675 5787 asserebas,
2706 5719 2848 5791 quod
2887 5733 3058 5789 neque
3083 5716 3150 5772 de
3180 5715 3368 5770 futuris
3405 5727 3590 5783 posses
3621 5711 3799 5766 confi-

2215 5814 2362 5884 dere,
2391 5829 2561 5885 neque
2586 5815 2749 5871 scires
2778 5809 3147 5882 hujusmodine
3168 5820 3417 5877 umquam
3442 5803 3667 5859 vinculis
3687 5802 3799 5857 sol-
