4036 6416
218 398 318 455 ιει

217 531 348 573 νων.
378 509 512 571 Εἶτα
539 513 841 587 ἀνθρώπιον
890 513 987 587 μὲν
1021 514 1458 587 ἐπηρεαζόντων,
1488 513 1549 567 τὺ
1582 512 1767 584 φέρειν
1790 508 1888 581 τήν

218 605 487 679 ἐπήρειαν
518 604 773 669 ἔπαινος·
797 604 892 658 τοῦ
930 604 986 658 δέ
1010 604 1227 659 πάντων
1261 598 1628 675 πονηροτέρου
1657 600 1721 653 τὸ
1758 598 1892 654 αὐτὸ

218 692 381 747 τοῦτο
401 692 702 757 ποιοῦντος,
726 694 755 746 ὀ
777 692 876 764 τὴν
910 690 1120 745 ἐκείνου
1147 691 1345 763 μανίαν
1366 688 1631 759 γενναίως
1654 684 1893 756 ἐνεγκὼν

220 780 584 836 καταδύσεται
599 782 675 845 ὡς
702 780 960 851 ἐπίψογον
984 782 1218 852 πρᾶγμα
1246 779 1450 844 ποιῶν;
1475 777 1588 833 Καὶ
1606 777 1658 831 τί
1687 773 1892 845 ταύτης

219 869 323 941 τῆς
346 869 716 932 ἐναντιώσεως
736 868 1072 941 ἀλογώτερον
1092 869 1290 939 γένοιτ’
1311 868 1376 924 ἄν
1398 885 1413 933 ;
1441 868 1505 921 Εἰ
1535 867 1635 938 μὲν
1659 865 1769 937 γὰρ
1785 863 1895 919 ἀπὸ

220 964 322 1035 τῆς
351 959 612 1026 πτώσεως
638 960 792 1034 [182]
830 960 1069 1025 ἀναστάς
1112 960 1349 1032 ἐκείνης,
1381 960 1579 1016 ἄτοπόν
1606 977 1662 1013 τι
1690 956 1894 1029 πρᾶξαι

223 1049 507 1122 προήχθης
530 1050 564 1122 ἢ
603 1050 798 1114 εἰπεῖν,
827 1049 949 1103 οὐδὲ
970 1049 1133 1114 αὐτὸς
1152 1047 1219 1103 ἂν
1249 1047 1498 1102 ἐκώλυσα
1525 1048 1665 1121 ὑπὲρ
1690 1048 1895 1101 τούτων

221 1137 671 1194 κατακόπτεσθαι
734 1137 830 1191 καὶ
874 1137 1088 1207 ἀλγεῖν·
1160 1138 1209 1191 εί
1253 1136 1312 1191 δὲ
1370 1136 1509 1208 μετά
1546 1136 1897 1210 εὐχαριστίας

222 1226 442 1282 ἃπαντα
472 1225 682 1296 φέρεις,
704 1226 801 1278 καὶ
833 1226 914 1289 εἰς
947 1224 1258 1297 προσευχάς
1277 1224 1480 1288 εὐθέως
1510 1224 1732 1296 τρέπεις
1762 1240 1895 1276 σαυ-

222 1316 336 1383 τὸν,
366 1317 420 1370 τί
452 1316 570 1370 ποτ’
592 1312 686 1369 οὖν
717 1317 833 1369 ἐστι
851 1315 913 1368 τὸ
942 1314 1132 1368 ποιοῦν
1148 1315 1246 1385 τὴν
1267 1312 1571 1386 αἰσχύνηνς
1601 1311 1743 1366 Ἀλλ’
1767 1311 1897 1375 ἴσως

222 1404 450 1477 ἀλγεινά
479 1405 548 1458 τά
581 1403 732 1478 παρὰ
760 1403 869 1458 τῶν
897 1403 1072 1458 ἄλλων
1099 1403 1299 1474 ὀνείδη.

294 1529 407 1584 Καὶ
453 1527 508 1583 τί
560 1527 767 1583 τούτων
799 1525 1289 1598 ἐπονειδιστότερον
1314 1526 1513 1594 γένοιτ’
1553 1525 1640 1589 ἂν,
1679 1523 1730 1577 οἳ
1764 1523 1900 1594 μηδέ

225 1618 371 1690 ἅπερ
396 1617 672 1683 ὀνειδίζειν
688 1617 795 1689 χρὴ
811 1616 1041 1671 δύναιντ’
1062 1615 1128 1671 ἂν
1153 1614 1353 1669 εἰδέναι
1386 1612 1566 1677 καλῶς
1582 1632 1597 1680 ;
1616 1604 1900 1684 Οῦτοιγὰρ

225 1704 444 1777 ἀληθῶς
466 1706 602 1758 εἰσιν
622 1706 672 1758 οἰ
698 1705 1012 1775 μαινόμενοι
1051 1704 1146 1757 καὶ
1178 1702 1561 1772 δαιμονῶντες,
1588 1702 1638 1755 οί
1671 1700 1741 1755 τά
1759 1700 1902 1772 πρά-

224 1811 411 1865 γματα
444 1793 522 1857 ῶς
552 1793 665 1865 ἔχει
700 1792 916 1862 φύσεως
959 1791 1035 1864 μὴ
1085 1790 1465 1864 μεμαθηκότες
1489 1790 1644 1861 ὀρᾷν,
1675 1788 1813 1843 ἀλλὰ
1833 1788 1904 1842 τὰ

231 1882 331 1955 μέν
355 1882 595 1937 ἐπαίνων
640 1880 764 1946 ἀξια
800 1880 1084 1950 ψέγοντες,
1114 1880 1187 1934 τὰ
1214 1879 1272 1934 δέ
1314 1878 1657 1934 ἐπονείδιστα
1693 1879 1775 1941 εἰς
1802 1877 1903 1949 τὴν

225 1973 337 2026 τῶν
374 1970 780 2041 ἐπαινουμένων
819 1969 973 2036 τάξιν
991 1969 1391 2040 μετατιθέντες.
1406 1968 1585 2024 Πολλὰ
1610 1968 1706 2022 καὶ
1728 1969 1777 2021 οί
1802 1968 1903 2039 τὴν

227 2060 471 2133 φρενῖτιν
490 2057 772 2121 νοσοῦντες
798 2056 1016 2125 λέγουσι
1046 2056 1174 2122 τοὺς
1207 2056 1484 2129 παρόντας
1509 2056 1679 2122 κακά,
1704 2055 1821 2111 ἀλλ’
1854 2058 1904 2109 οἱ

228 2146 521 2210 ἀκούοντες
542 2146 640 2217 οὐχ
664 2144 922 2214 ἡγοῦνται
949 2143 1288 2215 ὑϐρίζεσθαι.
1319 2146 1411 2216 Μὴ
1450 2144 1633 2199 τοίνυν
1675 2144 1813 2216 μηδέ
1838 2145 1905 2198 σὺ

226 2234 339 2288 τῶν
373 2230 744 2304 ἐξεστηκότων
774 2232 997 2286 ἐκείνων
1029 2232 1265 2298 ἀκούων,
1300 2232 1562 2304 αἰσχύνην
1597 2232 1695 2287 καὶ
1748 2232 1907 2305 ὓϐριν

228 2324 292 2379 τὸ
338 2324 572 2395 πρᾶγμα
610 2316 752 2374 εἶναι
780 2320 989 2391 νόμιζε,
1026 2320 1114 2375 ἵνα
1149 2322 1224 2392 μή
1258 2338 1390 2375 ποτε
1414 2320 1630 2394 άληθῶς
1654 2320 1909 2374 ἐπονείδι-

232 2430 358 2468 στον
376 2412 727 2483 καταστήσῃς
753 2410 949 2466 σαυτὸν
978 2409 1299 2482 παροξύνων
1320 2412 1412 2466 τὸν
1423 2411 1578 2469 Θεόν.
1611 2413 1779 2467 Ὅταν
1796 2410 1906 2484 γὰρ

229 2502 303 2556 τὰ
335 2502 473 2574 πρὸς
512 2500 761 2556 παιδείαν
800 2501 895 2554 καὶ
948 2499 1218 2569 ὠφέλειαν
1273 2500 1595 2572 ἐπαγόμενα
1634 2499 1785 2572 παρὰ
1807 2499 1905 2554 τοῦ

230 2589 390 2656 Θεοῦ,
434 2587 607 2644 ταῦτα
647 2585 848 2651 ὄνειδος
885 2583 1023 2642 εἶναι
1047 2586 1296 2662 νομίσῃς,
1335 2589 1438 2661 ὅρα
1469 2586 1575 2643 ποῦ
1601 2587 1826 2660 τελευτᾷ
1846 2587 1907 2642 τὺ

231 2676 426 2732 κακόν.

303 2807 374 2872 γ.
414 2802 477 2855 Εἰ
516 2799 626 2873 γάρ
653 2798 832 2871 βούλει
859 2800 985 2863 τοὺς
1011 2797 1231 2871 ἀληθῶς
1259 2799 1522 2872 αἰσχύνης
1552 2800 1647 2855 καὶ
1673 2800 1908 2866 ὀνείδους

233 2890 421 2959 ἀξίους
450 2890 597 2953 ίδεῖν,
630 2887 740 2957 ἐγώ
765 2905 845 2942 σοι
861 2889 1196 2960 πειράσομαι
1228 2890 1293 2943 ἐκ
1312 2888 1525 2944 πολλῶν
1545 2888 1758 2962 ὀλίγους
1774 2891 1908 2945 ὐπο-

232 2976 503 3048 δεῖξαιτῷ
525 2976 690 3048 λόγῳ.
718 2976 923 3031 Θέασαι
950 2977 1078 3040 τοὺς
1094 2976 1223 3049 περὶ
1249 2976 1351 3041 τὰς
1378 2977 1684 3051 εὐμορφίας
1708 2979 1908 3050 ἐπτοη-

238 3068 436 3139 μένους
462 3064 571 3121 τῶν
604 3062 900 3133 γυναικῶν,
922 3065 1049 3128 τοὺς
1081 3065 1213 3137 περὶ
1238 3065 1500 3138 χρήματα
1526 3065 1906 3138 μαινομένους,

234 3155 361 3219 τοὺς
381 3151 698 3216 δυναστείας
729 3151 826 3205 καὶ⁹
848 3151 1004 3223 δόξης
1023 3151 1286 3224 ἐρῶντας,
1314 3154 1410 3208 καὶ
1436 3155 1615 3210 πάντα
1632 3156 1772 3227 ὑπὲρ
1785 3155 1909 3209 τού-

234 3261 345 3298 των
370 3242 465 3297 καὶ
489 3240 695 3315 πρᾶξαι
742 3240 837 3294 καὶ
868 3239 1063 3294 παθεῖν
1103 3240 1484 3312 αἱρουμένους,
1518 3241 1646 3307 τοὺς
1680 3242 1787 3297 ὑπό
1809 3242 1909 3313 βα-

238 3331 464 3393 σκανίας
501 3328 855 3400 τηκομένους,
904 3327 1032 3392 τοὺς
1070 3328 1523 3394 ἐπιϐουλεύοντας
1567 3333 1682 3396 τοῖς
1718 3331 1909 3402 ἠδικη-

235 3419 392 3474 κόσιν
423 3417 597 3481 οὐδὲν,
626 3417 754 3480 τοὺς
789 3415 1239 3487 μελαγχολῶντας
1282 3417 1491 3482 ἁπλῶς,
1526 3419 1652 3484 τοὺς
1680 3419 1809 3491 περὶ
1840 3419 1912 3474 τά

240 3507 444 3580 μάταια
474 3504 568 3559 τοῦ
598 3504 713 3576 βίου
742 3504 1049 3568 λυττῶντας
1074 3505 1160 3557 ἀεί
1179 3520 1193 3535 ·
1230 3505 1405 3559 ταῦτά
1441 3507 1557 3560 ἐστι
1595 3507 1780 3561 καὶτὰ
1806 3524 1912 3561 τοι·

237 3595 378 3652 αῦτα
404 3593 600 3666 μανίας
627 3592 763 3666 ἔργα
805 3592 899 3646 καὶ
932 3591 1207 3656 κολάσεως
1246 3604 1273 3633 ει
1304 3590 1450 3658 ἀξια,
1479 3594 1654 3649 ταῦτα
1674 3595 1911 3659 ὀνείδους

236 3684 334 3739 καὶ
368 3682 627 3754 αἰσχύνης
659 3680 753 3735 καὶ
793 3680 1046 3749 γέλωτος.
1079 3681 1143 3734 Εἰ
1169 3680 1227 3735 δέ
1267 3698 1351 3746 τις
1388 3682 1495 3737 ὑπὸ
1546 3684 1798 3755 δαίμονος
1824 3686 1913 3739 ἐν-

235 3771 560 3844 οχλούμενος
584 3769 900 3840 φιλοσοφίαν
933 3769 1026 3823 καὶ
1041 3767 1213 3833 οῦτως
1237 3770 1294 3823 ἐν
1322 3770 1400 3841 τῷ
1427 3770 1526 3841 βίῳ
1562 3771 1762 3847 πολλὴν
1792 3775 1911 3828 ἐπι-

237 3860 555 3924 δεικνύοιτο,
583 3859 644 3912 ού
678 3858 837 3929 μόνον
866 3858 965 3911 ούκ
998 3857 1374 3925 ὀνειδίζεσθαι,
1406 3858 1543 3913 ἀλλά
1581 3860 1674 3914 καὶ
1700 3861 1909 3933 θαυμά-

239 3949 429 4015 ζεσθαι
463 3949 556 4002 καὶ
596 3946 986 4017 στεφανοῦσθαι
1022 3946 1173 4018 παρά
1214 3946 1430 4001 πάντων
1462 3949 1527 4002 ἂν
1560 3947 1643 4020 εἴη
1680 3949 1908 4017 δίκαιος,

243 4038 383 4110 μετὰ
407 4035 675 4090 τοσούτων
699 4033 914 4104 δεσμῶν
946 4033 1146 4104 δρόμον
1178 4034 1352 4100 οὕτως
1376 4036 1633 4090 ἐπίπονον
1662 4038 1875 4110 τρέχων
1892 4082 1907 4107 ,

238 4126 338 4181 καὶ⁵
375 4124 474 4197 τὴν
512 4125 714 4196 ἀνάντη
750 4124 844 4176 καὶ
892 4124 1152 4193 τραχεῖαν
1204 4122 1307 4192 τῆς
1361 4124 1563 4197 ἀρετῆς
1606 4126 1913 4182 ἀναϐαίνων

237 4214 377 4270 ὀδόν.
414 4211 573 4267 Ἀλλά
596 4213 705 4283 γάρ
736 4212 836 4265 οὐκ
860 4208 975 4265 οἶδα
1007 4210 1125 4272 πῶς
1146 4211 1238 4264 καὶ
1263 4211 1450 4282 ἕτερόν
1483 4230 1549 4283 με
1577 4213 1774 4285 μικροῦ
1804 4215 1914 4269 δεῖν

240 4301 636 4375 παρελήλυθεν,
658 4293 703 4369 ᾧ
733 4300 1075 4363 πλεονεκτεῖς
1097 4297 1207 4351 τῶν
1233 4298 1476 4369 ἀδελφῶν
1494 4318 1508 4331 ·
1534 4300 1693 4355 τοῦτο
1714 4302 1774 4356 δέ
1795 4304 1914 4356 ἐστι

238 4390 303 4445 τὸ
324 4391 545 4464 ῥαδίως,
568 4391 617 4443 εί
642 4389 736 4443 καί
759 4389 811 4443 τί
836 4405 917 4442 σοι
944 4386 1430 4458 πεπλημμέληται,
1454 4386 1539 4441 διὰ
1558 4388 1658 4459 τῆς
1682 4388 1915 4461 θλίψεως

240 4480 447 4551 ταύτης
480 4479 574 4532 καὶ
627 4475 800 4531 ταῦτα
836 4476 1207 4531 ἀποδύσασθαι
1249 4475 1317 4529 τὰ
1356 4476 1747 4547 ἁμαρτήματα.
1803 4479 1914 4533 Καὶ

240 4565 400 4620 τοῦτο
431 4564 621 4634 γέγονε
644 4564 803 4634 δῆλον
823 4565 953 4635 ήμῖν
977 4562 1036 4629 ἐξ
1060 4556 1137 4617 ὧν
1160 4561 1331 4633 ἔφθην
1360 4562 1462 4635 ήδη
1484 4562 1806 4634 διαλεχθεὶς,
1824 4567 1914 4620 ὅτε

241 4653 491 4725 περὶτοῦ
519 4652 772 4725 Λαζάρου
806 4653 902 4705 καὶ
930 4651 1025 4706 τοῦ
1058 4651 1208 4723 παρά
1226 4653 1338 4716 τοῖς
1370 4651 1679 4724 Κορινθίοις
1706 4669 1915 4725 πεπορ-

243 4743 495 4806 νευκότος
527 4741 733 4811 ἐλεγον.
772 4741 912 4795 Ἀλλ’
942 4741 1081 4813 ὑπὲρ
1108 4740 1204 4795 τοῦ
1237 4740 1446 4813 πατρὸς
1476 4740 1712 4803 δέδοικα,
1749 4742 1913 4813 φησί·

241 4828 347 4884 κᾶν
378 4831 489 4900 γάρ
515 4828 585 4881 τά
606 4828 846 4899 ἐμαυτοῦ
873 4828 1060 4901 πράως
1092 4831 1336 4898 ἐνεγκεῖν
1367 4827 1602 4899 δυνηθῶ,
1642 4830 1742 4893 τάς
1776 4830 1918 4884 ἐκεί.⁹

242 4937 337 4973 νου
368 4917 656 4989 συμφορὰς
684 4918 779 4971 καὶ
810 4916 909 4989 τήν
949 4918 1149 4988 μανίαν
1199 4917 1317 4981 πῶς
1345 4917 1567 4987 οἴσομεν
1604 4917 1822 4989 ῥᾳδίως,
1866 4920 1921 4972 εί

242 5026 377 5063 ποτε
403 5008 643 5063 αἴσθοιτό
663 5026 714 5061 τι
749 5008 985 5072 τούτων;
1016 5008 1167 5071 Τέως
1198 5008 1295 5078 μὲν
1328 5008 1429 5061 οὐκ
1456 5006 1673 5078 ᾔσθετο.
1709 5008 1918 5082 Πολλῆς

243 5100 301 5153 δέ
338 5095 705 5171 μικροψυχίας
732 5096 879 5151 ἐστὶν
901 5095 1041 5166 ύπέρ
1062 5095 1169 5149 τῶν
1201 5095 1427 5166 ῦστερόν
1457 5112 1589 5149 ποτε
1642 5097 1919 5168 συμϐησο-

248 5188 428 5256 μένων
461 5186 494 5257 ἢ
534 5185 669 5257 μηδέ
701 5184 836 5248 ὅλως
886 5183 1318 5256 συμϐησομένων
1372 5183 1473 5255 τὴν
1517 5183 1757 5255 ἀθυμίαν
1814 5186 1917 5257 ἤδη

245 5274 591 5346 καρποῦσθαι
617 5273 712 5327 καὶ
737 5271 1054 5327 κόπτεσθαι.
1090 5271 1260 5326 Πόθεν
1303 5272 1434 5344 γὰρ,
1482 5272 1564 5325 ὅτι
1597 5274 1692 5326 καὶ
1723 5274 1917 5346 αἰσθή-

248 5382 421 5430 σεται,
439 5363 595 5436 δῆλον
618 5364 752 5433 ἡμῖν
773 5378 789 5427 ;
823 5361 1039 5416 Μᾶλλον
1066 5360 1123 5413 δὲ
1145 5360 1286 5413 ἔστω
1307 5360 1486 5431 δῆλον,
1523 5362 1617 5413 καὶ
1639 5378 1919 5433 συγκεχω-

250 5454 458 5527 ρήσθω.
497 5454 545 5506 εί
593 5450 793 5521 βούλει,
835 5447 988 5522 [185]
1039 5450 1134 5502 καὶ
1178 5447 1537 5519 αἰσθήσεσθαι
1573 5449 1771 5514 αὐτὸν,
1823 5451 1920 5504 καὶ

253 5543 466 5615 μεγάλα
513 5540 845 5614 ἐργάσεσθαι
899 5540 1085 5594 δεινά·
1129 5537 1338 5593 ἐπαινῶ
1395 5537 1494 5609 μέν
1539 5556 1599 5591 σε
1647 5538 1919 5609 ἀλγοῦντα

314 5704 341 5733 ⁸
364 5699 516 5752 Savil.
542 5707 596 5751 et
624 5701 758 5752 Colb.
800 5699 1067 5761 κολάσεων,
1092 5698 1294 5761 May-eli
1315 5696 1603 5761 xolégegpc._
1624 5695 1777 5761 Ραυίο
1811 5703 1924 5761 post.

248 5763 428 5813 Morel.
452 5765 589 5813 solus
606 5766 687 5812 καὶ
710 5764 865 5821 οὗτος,
888 5763 1017 5811 male
1039 5758 1155 5810 ibid.
1183 5757 1335 5810 Savil.
1350 5765 1399 5821 εί
1421 5757 1559 5821 Cplb.
1586 5757 1919 5818 ἐπιδείκνυται,

248 5825 787 5939 ἔοι-ριλπιδιικνύοιτο.
812 5820 964 5876 Paulo
987 5828 1099 5887 post
1120 5821 1270 5877 Savil.
1300 5830 1349 5873 cl
1376 5820 1514 5873 Colb.
1543 5821 1662 5884 μιτά
1679 5821 1921 5872 τοσούτων

301 5905 391 5946 σιι.

1106 396 1197 454 AD
1237 394 1622 454 STAGIRI‘UM
1661 394 1706 450 Α
1739 388 2050 450 ΝΕΜΟΝΕ
2086 391 2447 451 VEXATUM.
2488 392 2617 448 LIB.
2646 390 2718 447 ‘II.

3560 387 3667 442 £53

1996 509 2138 581 ὑπὲρ
2157 509 2265 563 τῶν
2294 508 2503 563 ἐκείνου
2527 508 2736 570 κακῶν,
2771 507 2871 561 οὐκ
2924 504 3060 572 ἀξιῶ
3084 505 3143 559 δὲ
3174 503 3314 577 μετά
3342 502 3444 574 τῆς
3469 501 3665 557 σαυτοῦ

1992 598 2197 671 ζημίας
2232 601 2392 655 τοῦτο
2411 605 2584 655 ποιεῖν
2604 618 2620 635 ·
2655 599 2783 665 τοὺς
2806 598 2916 671 γὰρ
2965 598 3036 652 τά
3070 596 3183 652 ἄνω
3213 593 3547 669 φρονοῦντας
3571 592 3667 648 καὶ

1995 692 2071 764 μὴ
2111 693 2179 746 τά
2205 693 2298 747 ἐπὶ
2326 690 2426 765 τῆς
2451 695 2573 765 γῆς.
2605 692 2666 747 ού
2697 693 2872 765 θυμοῦ
2908 693 3070 765 μόνον
3113 690 3208 746 καὶ
3241 686 3540 760 ἐπιθυμίας
3571 687 3671 741 καὶ

1991 785 2101 837 τῶν
2139 784 2313 839 ἄλλων
2342 784 2536 839 παθῶν
2554 824 2570 846 ,
2602 784 2739 839 ἀλλά
2767 784 2862 839 καὶ
2897 782 3138 855 ἀθυμίας
3175 781 3397 838 κρατεῖν
3426 778 3528 832 δεῖ.
3557 776 3670 842 Καὶ

2004 874 2241 946 γάρκαὶ
2281 876 2441 931 τοῦτο
2485 875 2711 932 πλείονα
2740 877 2886 949 ἡμᾶς
2920 876 3145 931 ἐκείνων
3173 874 3470 947 ἐργάσεται
3496 871 3667 937 δεινά,

1994 968 2090 1021 καὶ
2117 967 2224 1040 χρὴ
2241 967 2379 1040 πρὸς
2413 969 2549 1023 αὐτὸ
2586 970 2852 1039 γενναίως
2883 966 3198 1022 ἐνίστασθαι
3249 965 3325 1038 μὴ
3378 961 3671 1035 μέλλοντας

1995 1064 2331 1121 ἀπόλλυσθαι
2355 1068 2655 1131 παντελῶς.
2685 1069 2749 1122 Εἰ
2787 1068 2884 1139 μέν
2908 1065 3018 1139 γὰρ
3050 1065 3212 1128 αὐτὸς
3245 1062 3421 1127 αἴτιος
3444 1058 3669 1132 ἔμελλες

1996 1160 2216 1217 ἔσεσθαι
2270 1162 2381 1218 τῶν
2431 1164 2511 1235 τῷ
2558 1164 2728 1236 πατρί
2762 1163 3172 1235 συμϐαινόντων
3206 1159 3467 1233 ἀνιαρῶν,
3489 1155 3671 1216 καλῶς

1996 1256 2064 1310 ἂν
2076 1258 2363 1325 ἐδεδοίκεις
2389 1262 2485 1315 καὶ
2508 1259 2757 1332 ἐτρεμες,
2782 1259 3051 1330 τοσαύτης
3083 1256 3358 1320 ἀπωλείας
3383 1253 3673 1325 γενόμενος

1996 1352 2204 1420 αἴτιος·
2234 1357 2286 1410 εἰ
2334 1356 2391 1411 δὲ
2437 1356 2601 1422 αὐτὸς
2651 1357 2841 1411 ἐαυτὸν
2881 1355 3224 1429 περιπείρειν
3264 1352 3515 1424 βούλεται
3559 1350 3675 1411 τοῖς

1998 1451 2248 1523 ἐσχάτοις
2270 1456 2482 1519 κακοῖς,
2504 1454 2679 1519 οὐδεὶς
2711 1453 2848 1525 πρὸς
2876 1453 2938 1507 σέ
2963 1452 3168 1507 τούτων
3189 1450 3368 1519 λόγος,
3388 1446 3527 1519 πλὴν
3547 1446 3676 1499 ὅσον

2000 1550 2170 1622 πατρὶ
2197 1550 2480 1621 συναλγεῖν
2505 1552 2634 1623 χρή.
2651 1551 2835 1623 Χωρὶς
2856 1550 2914 1605 δὲ
2943 1548 3147 1604 τούτων
3173 1548 3294 1603 οὐδὲ
3312 1549 3493 1620 ῖσμεν,
3527 1545 3676 1608 ὅπως

2000 1646 2139 1700 οῐσει
2158 1647 2365 1720 ταύτην
2388 1647 2488 1721 τὴν
2524 1649 2695 1720 ἀκοήν
2719 1664 2733 1679 ·
2770 1648 2942 1702 πολλά
2978 1648 3088 1720 γάρ
3114 1648 3330 1702 ἐναντία
3356 1649 3468 1710 τοῖς
3504 1662 3675 1718 προσ-

2000 1740 2307 1815 δοκηθεῖσιν
2334 1743 2494 1816 ἐξέϐη
2522 1744 2815 1810 πολλάκις·
2843 1746 3066 1799 κάκεῖνο
3092 1744 3191 1817 μὲν
3218 1742 3329 1798 τῶν
3358 1742 3678 1816 παραδόξως

2003 1841 2099 1894 καὶ
2124 1841 2365 1906 σπανίως
2387 1841 2796 1914 συμϐαινόντων
2818 1842 2961 1909 ἐστὶ,
2986 1841 3145 1896 τοῦτο
3166 1840 3225 1895 δὲ
3254 1842 3349 1896 καὶ
3387 1840 3496 1894 τῶν
3534 1840 3680 1894 εἰκό-

2003 1954 2112 1991 των
2138 1937 2363 1993 καὶτῶν
2380 1939 2584 2013 σφόδρα
2610 1939 2995 2011 ἐνδεχομένων.
3021 1938 3194 1993 Πόθεν
3217 1937 3461 2010 δήτοῦτο
3485 1938 3679 2008 δῆλον;

2006 2035 2181 2090 Πολῦν
2212 2036 2321 2090 τῶν
2347 2037 2517 2092 νόθων
2563 2041 2797 2092 ποιεῖται
2830 2037 3009 2107 λόγον,
3040 2037 3135 2091 καλ⁵
3159 2036 3221 2090 τὸ
3256 2037 3393 2108 πρὸς
3436 2036 3680 2099 ἐκείνους

2006 2131 2227 2205 φίλτρον
2275 2134 2459 2189 ἰκανὸν
2492 2128 2697 2207 ταύτην
2724 2135 2890 2190 αὐτοῦ
2926 2136 3219 2190 συσκιάσαι
3269 2135 3369 2206 τὴν
3417 2124 3679 2205 ἀθυμίαν.

2005 2230 2097 2301 Μὴ
2121 2230 2185 2302 δὴ
2211 2230 2389 2303 μάτην
2420 2231 2581 2286 ὀδύνα
2611 2233 2807 2287 σαυτὸν
2822 2236 2942 2297 ταῖς
2968 2233 3265 2303 φροντίσιν.
3295 2233 3359 2285 EE
3384 2232 3441 2285 δὲ
3469 2233 3565 2286 καὶ
3585 2231 3681 2285 ἀλ-

2004 2329 2121 2395 γεῖν
2158 2328 2298 2399 ὑπὲρ
2319 2327 2413 2382 τοῦ
2440 2328 2648 2400 πατρὸς
2684 2329 2809 2401 χρὴ,
2849 2330 2942 2383 ἐπὶ⁵
2983 2332 3105 2394 ταῖς
3135 2330 3350 2398 ἀλόγοις
3392 2328 3680 2393 δαπάναις,

2005 2423 2099 2476 ἐπὶ
2145 2424 2258 2488 τοῖς
2292 2422 2518 2495 κώμοις,
2559 2426 2653 2479 καὶ
2688 2425 2781 2479 ἐπὶ
2817 2425 2895 2497 τῷ
2923 2424 3100 2497 τύφῳ.
3132 2425 3228 2478 καὶ
3258 2425 3351 2478 ἐπὶ
3395 2427 3462 2496 τῇ
3484 2441 3684 2496 τυραν..

2006 2519 2131 2584 νίδι,
2163 2521 2256 2573 ἐπὶ
2286 2522 2353 2592 τῇ
2396 2519 2612 2593 μοιχεία
2655 2523 2724 2592 τῇ
2767 2520 2883 2574 νῦν.
2912 2522 2985 2574 Ἢ
3025 2521 3222 2593 μικρὸν
3267 2519 3370 2574 οίει
3421 2519 3591 2575 κακὸν
3620 2519 3684 2574 τὸ
3790 2520 3793 2523 ’

2007 2617 2265 2687 γυναικὸς
2290 2618 2436 2672 ἔνδον
2451 2618 2619 2691 οὔσης
2646 2620 2746 2691 τῆς
2775 2620 3049 2690 ὑμετέρας
3078 2618 3305 2691 μητρὸς,
3327 2619 3492 2691 ἐτέρᾳ
3514 2635 3686 2691 προσ-

2008 2713 2327 2786 φθείρεσθαι
2346 2715 2503 2788 κόρῃ,
2534 2716 2626 2770 καὶ
2655 2716 2989 2770 παιδοποιεῖν
3003 2717 3070 2769 ἐκ
3097 2715 3434 2788 παρανόμων
3454 2716 3682 2788 γάμων;

2009 2810 2194 2866 Ταῦτα
2227 2810 2454 2876 πένθους
2490 2811 2648 2879 ἄξια,
2685 2813 2861 2868 ταῦτα
2914 2813 3190 2885 δακρύων,
3223 2814 3294 2869 τά
3327 2814 3539 2888 φανερά
3587 2818 3685 2870 καὶ

2008 2910 2091 2972 εἰς
2119 2908 2273 2973 τέλος
2321 2909 2560 2965 ἐκϐάντα
2596 2909 2773 2964 κακά·
2823 2908 2895 2963 τά
2919 2909 2976 2963 δὲ
3010 2909 3104 2963 ἐπὶ
3153 2911 3239 2964 σο“ι
3290 2911 3685 2984 συμϐησόμενα

2010 3008 2143 3072 ἴσως
2174 3008 2272 3080 μέν
2317 3007 2469 3063 ἐσται
2490 3007 2660 3076 δεινὰ,
2695 3007 2827 3072 ἴσως
2857 3007 2917 3062 δέ
2953 3008 3014 3061 οὐ
3032 3008 3199 3073 δεινὰ,
3228 3008 3428 3081 πολλῆς
3466 3010 3523 3063 δὲ
3554 3011 3683 3065 ἀλοι

2008 3104 2134 3174 γίας
2158 3104 2300 3176 ὑπὲρ
2330 3104 2441 3159 τῶν
2477 3103 2650 3168 οῦτως
2674 3105 2885 3176 ἀδήλων
2928 3105 3361 3179 ὡμολογημένην
3394 3107 3686 3179 ὑπομένειν

2010 3202 2111 3274 ήδη
2136 3201 2385 3273 βάσανον.
2421 3202 2616 3274 Θῶμεν
2637 3202 2693 3255 δὲ
2715 3203 2855 3257 αύτά
2890 3204 2983 3257 καὶ
3018 3203 3157 3274 μετὰ
3192 3203 3393 3275 πολλῆς
3421 3203 3524 3274 τῆς
3554 3221 3689 3274 σφο-

2008 3299 2268 3372 δρότητος
2291 3299 2718 3372 ἀπαντήσεσθαι,
2749 3298 2886 3353 ἀλλά
2930 3300 3185 3371 τάχιστον
3228 3300 3341 3367 ἐξει
3383 3300 3556 3368 τέλος,
3591 3303 3687 3356 καὶ

2011 3396 2142 3466 πρὶν
2174 3395 2208 3468 ἢ
2241 3395 2423 3460 καλῶς
2469 3395 2769 3469 ἐξαφθῆναι
2802 3395 3187 3467 σϐεσθὴσεται.
3226 3398 3546 3471 Ἀνθρωπος
3577 3400 3689 3473 γὰρ

2011 3484 2249 3558 τοσαύτῃ
2269 3484 2552 3556 προσέχων
2583 3487 2787 3557 τρυφῇ,
2810 3485 2905 3539 καὶ
2931 3485 3275 3557 πραγμάτων
3316 3488 3691 3561 ἐπιμελούμε-

2011 3590 2102 3638 νος
2151 3573 2394 3638 πολλῶν,
2432 3574 2527 3626 καὶ
2560 3574 2897 3643 παρασίτους
2935 3575 3152 3647 τρέφων
3174 3575 3269 3629 καὶ
3302 3576 3557 3642 κόλακας,
3590 3580 3687 3632 καὶ

2011 3660 2157 3715 οῦτω
2177 3661 2276 3733 τῆς
2300 3660 2468 3732 κόρης
2492 3662 2708 3731 ἐκείνης
2741 3661 3162 3734 περικαιόμενος
3182 3701 3196 3726 ,
3232 3662 3291 3729 ἐξ
3316 3659 3384 3735 ἧς
3416 3663 3531 3735 ἔχει
3561 3666 3689 3729 τοὺς

2012 3752 2072 3819 ἐξ
2100 3750 2362 3823 ἡμισείας
2379 3750 2509 3822 ὑμῖν
2536 3749 2826 3819 ἀδελφοὺς.
2846 3750 2950 3804 κᾶν
2966 3750 3107 3823 λάϐῃ
3136 3751 3243 3804 τῶν
3275 3751 3383 3805 σῶν
3414 3751 3688 3825 αἴσθησιν,

2014 3840 2275 3912 βραχεῖαν
2320 3838 2549 3910 λήψεται
2582 3839 2674 3892 καὶ
2710 3839 2925 3902 οὐδενὸς
2956 3838 3131 3905 ἀξίαν.
3165 3838 3275 3894 Καὶ
3297 3839 3455 3894 τοῦτο
3484 3840 3582 3913 οὐχ
3605 3836 3691 3906 οἷς

2012 3926 2166 3982 εἶπον
2184 3928 2363 4000 μόνον,
2392 3926 2526 3981 ἀλλὰ
2551 3927 2647 3982 καὶ
2672 3931 2784 3992 τοῖς
2800 3929 2898 4000 ήδη
2929 3929 3314 4000 γεγενημένοις
3333 3931 3684 4003 στοχάζομαι·

2012 4014 2167 4072 οἶσθα
2186 4016 2315 4090 γάρ,
2353 4013 2513 4072 οἶσθα
2530 4016 2734 4087 σαφῶς,
2770 4018 2852 4071 ὅτι
2877 4017 3081 4091 σφόδρα
3104 4035 3163 4072 σε
3188 4018 3295 4091 πρό
3314 4019 3518 4074 τούτων
3541 4021 3570 4061 b
3602 4038 3694 4093 φι-

2014 4108 2143 4176 λῶν,
2170 4108 2263 4162 καὶ
2286 4107 2463 4162 πάντα
2485 4107 2585 4179 τὴν
2612 4106 2711 4178 σὴν
2727 4107 3025 4178 ἡγούμενος
3057 4107 3319 4179 κεφαλὴν,
3338 4109 3525 4181 ἐπειδὴ
3554 4110 3693 4183 πρὸς

2012 4200 2105 4253 τὸν
2117 4199 2227 4255 τῶν
2260 4196 2509 4270 μοναχῶν
2541 4199 2803 4268 μετέστης
2822 4195 2954 4267 βίον,
2981 4197 3158 4252 πάντα
3178 4197 3269 4251 τὸν
3295 4198 3458 4253 πόθον
3483 4200 3691 4254 ἐκεῖνον

2016 4288 2206 4341 ἔσϐεσε
2230 4330 2244 4354 ,
2285 4287 2380 4341 καὶ
2411 4286 2473 4340 τὸ
2506 4288 2742 4360 πρᾶγμα
2779 4285 3001 4356 αἰσχρὸν
3026 4286 3289 4357 ἡγήσατο,
3325 4289 3422 4340 καὶ
3453 4287 3551 4359 τῆς
3581 4288 3690 4341 τῶν

2015 4377 2297 4449 προγόνων
2332 4375 2718 4446 λαμπρότητος
2754 4374 2993 4438 ἀνάξιον,
3037 4374 3132 4426 καὶ
3177 4373 3277 4445 τὴν
3320 4374 3485 4428 αὑτοῦ
3531 4374 3691 4443 δόξαν

2017 4464 2397 4535 καταισχύνειν
2437 4481 2497 4517 σε
2537 4462 2690 4531 ἔλεγε
2711 4475 2726 4489 ·
2752 4462 2847 4515 καὶ
2877 4461 2926 4513 εἰ
2962 4459 3038 4532 μὴ
3069 4463 3102 4532 ή
3142 4462 3240 4533 τῆς
3274 4461 3485 4531 φύσεως
3526 4463 3691 4517 αὑτὸν

2017 4556 2268 4623 κατεῖχεν
2300 4551 2535 4620 ἀνάγκη,
2566 4550 2705 4621 τάχα
2743 4550 2808 4604 ἀν
2848 4565 2907 4602 σε
2954 4549 3048 4601 καὶ
3094 4549 3459 4621 ἀπεκήρυξεν.
3502 4550 3688 4617 Ὥστε,

2016 4642 2067 4694 εί
2098 4640 2175 4711 μὴ
2214 4638 2417 4710 σφόδρα
2443 4637 2768 4709 ἀναίσθητον
2799 4636 2860 4689 τὸ
2885 4635 3198 4707 λεγόμενον,
3223 4633 3378 4708 οἶμαι
3407 4639 3570 4694 αὐτὸν
3595 4642 3691 4694 καὶ

2016 4730 2246 4801 ἡσθῆναι
2276 4728 2354 4799 τῷ
2383 4727 2660 4797 γεγονότι,
2693 4726 2766 4790 ὡς
2805 4726 2964 4796 δίκην
2994 4741 3090 4778 σου
3120 4726 3411 4792 δεδωκότος
3447 4728 3587 4801 ὑπὲρ
3613 4723 3690 4783 ὧν

2016 4820 2277 4884 πολλάκις
2306 4816 2752 4889 παρακαλοῦντος
2768 4816 2861 4869 καὶ
2881 4817 3189 4885 ἀπαγαγεῖν
3220 4816 3545 4889 βουλομένου
3566 4820 3692 4873 ταύ-

2016 4929 2117 4983 της
2161 4907 2256 4963 τοῦ
2296 4906 2412 4978 βίου
2444 4909 2545 4978 τῆς
2590 4904 2886 4977 καρτερίας
2913 4944 2928 4968 ,
2972 4904 3094 4958 οὐδὲ
3153 4905 3318 4977 μέχρι
3373 4908 3685 4979 ῥημάτωνι·

2014 5002 2248 5074 ἠνέσχου
2278 4999 2377 5070 τήν
2403 5013 2466 5050 συ
2474 4993 2731 5066 μϐουλήν.

2088 5159 2130 5214 δ’
2136 5200 2150 5214 .
2186 5156 2297 5211 Καὶ
2311 5172 2379 5209 πε
2387 5156 2439 5225 ρὶ
2457 5152 2557 5225 μὲν
2574 5149 2669 5206 τοῦ
2692 5149 2898 5223 πατρὸς
2919 5149 3122 5205 καὶτοῦ
3139 5152 3303 5221 φόϐου
3323 5148 3384 5208 οῦ
3401 5156 3540 5229 ὑπὲρ
3554 5158 3690 5214 ἐκεῖ.

2018 5275 2109 5315 νου
2126 5255 2387 5320 δέδοικας,
2403 5250 2573 5304 ταῦτα
2593 5249 2659 5304 ἂν
2675 5248 2849 5319 έχοιμι
2868 5247 3067 5317 λέγειν,
3086 5250 3250 5303 ἱκανά
3274 5268 3338 5320 γε
3360 5250 3515 5327 [184]
3540 5255 3687 5321 ὄντα.

2019 5354 2096 5418 ὡς
2125 5349 2300 5424 οἶμαι,
2332 5348 2513 5403 πάντα
2544 5346 2635 5400 τὸν
2669 5346 2808 5417 ὑπὲρ
2838 5344 3045 5399 τούτων
3081 5363 3163 5399 σοι
3208 5349 3498 5421 γενόμενον
3531 5352 3691 5411 λῦσαι

2022 5453 2207 5525 φόϐον.
2245 5444 2464 5517 Ἐπειδὴ
2488 5445 2546 5499 δὲ
2563 5443 2748 5513 ἔλεγες
2775 5442 2836 5496 τό
2868 5444 3161 5528 κεφάλαιον
3182 5445 3293 5499 τῶν
3331 5447 3518 5501 κακῶν
3550 5446 3690 5505 εἶναι

2020 5550 2082 5604 τὸ
2110 5547 2244 5619 μηδὲ
2267 5545 2410 5615 ὑπὲρ
2440 5542 2549 5595 τῶν
2575 5539 2878 5612 μελλόντων
2894 5540 3038 5611 ἔχειν
3055 5539 3298 5614 θαρρεῖν,
3334 5543 3469 5616 μηδὲ
3491 5545 3691 5600 εἰδέναι

2024 5648 2251 5716 πότερον
2277 5642 2429 5697 ἐσται
2454 5657 2538 5703 τις
2565 5638 2717 5702 λύσις
2736 5639 2868 5692 ποτέ
2901 5637 3179 5710 τούτων,ἢ
3208 5639 3482 5713 καὶμέχρι
3502 5645 3692 5697 τελευ-

2088 5812 2275 5887 99°11»
2299 5812 2525 5887 εμξενξμ-
2557 5811 2649 5887 πρὸ

2087 5880 2111 5911 ⁸
2130 5878 2266 5930 Colb.
2292 5880 2345 5926 et
2367 5875 2517 5927 Savil.
2544 5875 2679 5939 μέχρι
2698 5875 2921 5939 ῥήματος.
