4036 6416
310 426 422 485 κίέίδ

1110 430 1169 487 S.
1211 426 1499 486 JOANNIS
1537 421 2031 485 CIIRYSOSTOMI
2068 416 2389 478 ABCHIEP.
2430 409 2977 474 CONSTANTINOP.

3666 401 3783 458 454

323 555 423 622 τῆς
461 549 784 627 βουλήσεταί
823 565 905 601 σοι
946 545 1237 599 πυκτεύειν
1277 548 1305 600 6
1342 545 1433 597 τὸν
1467 541 1658 612 ἀγῶνά
1691 558 1774 595 σοι
1806 539 1995 594 τοῦτον
2106 540 2146 607 η
2180 535 2602 608 ἀπάγουσαείς
2632 530 2747 599 τὴν
2770 528 2955 599 ζωήν·
2989 527 3071 580 ὅτι
3094 523 3151 577 δὲ
3179 523 3281 577 οὐκ
3308 520 3388 575 ἔνι
3402 518 3490 575 διὰ
3519 518 3621 591 τῆς
3649 534 3785 572 στεα

326 609 480 706 θέίλς,¹
500 609 726 712 ἀκρξϐὲς
774 636 872 709 μὲν
911 634 1062 688 οὐδὲν
1110 633 1226 687 οὐδέ
1259 632 1419 695 αὐτὸς
1470 609 1608 700 ὑπὲρ
1638 628 1841 682 τούτων
1890 626 2001 697 ἔχω
2107 631 2203 703 γῆς
2233 632 2291 684 ὲν
2319 624 2630 699 εὐρυχωρίᾳ
2661 620 2876 693 βαδίσαι
2921 616 3074 681 ποτὲ,
3106 614 3268 668 παντί
3297 629 3401 666 που
3431 609 3586 682 δῆλόν
3605 610 3784 663 ἐστιν.

327 731 527 800 λέγειν,
577 728 697 780 οὐδὲ
730 722 1125 794 ἀποφαίνεσθαι
1159 720 1302 791 ὑπὲρ
1329 719 1437 772 τῶν
1464 716 1790 789 μελλόντων,
1825 715 2003 767 ἐκεῖνο

332 817 517 889 μέντοι
548 811 666 868 οῖδα
705 810 914 882 σαφῶς,
971 810 1067 862 καὶ
1110 808 1272 860 αὐτὸν
1321 805 1378 860 δέ
1430 821 1491 858 σε
1523 804 1666 858 οὕτω
1703 800 2003 855 πεπεῖσθαι

329 905 487 972 ἀξιῶ,
537 905 621 956 ὃτι
659 901 917 971 ὁπότερον
960 897 1026 951 ἂν
1057 895 1283 966 γένηται
1332 893 1560 957 τούτων,
1619 891 2008 962 συμφερόντως

333 994 487 1046 ἔσται
510 991 606 1044 καὶ
631 988 768 1061 πρὸς
792 989 826 1058 ἡ
836 986 951 1055 μῶν
970 1001 983 1014 '
1015 983 1117 1037 κᾶν
1147 981 1294 1035 οὕτω
1324 981 1380 1035 δὲ
1424 979 1765 1050 διακείμενος
1789 975 1880 1053 ᾖς,
1908 994 2009 1031 τα-

333 1082 475 1153 χέως
512 1081 607 1133 καὶ
647 1077 737 1130 τὸν
774 1072 1057 1143 κολοφῶνα
1090 1072 1315 1135 τούτων,
1346 1070 1424 1135 ὼς
1457 1069 1660 1138 λέγεις,
1689 1067 2011 1139 ἀποκρούσῃ

335 1168 445 1224 τῶν
464 1166 675 1222 κακῶν.

406 1256 552 1328 Πρὸς
577 1255 635 1308 δέ
660 1251 833 1322 τούτῳ
859 1263 884 1293 α
904 1250 1123 1304 κάκεῖνο
1143 1245 1455 1317 λογίζεσθαι
1472 1245 1599 1319 χρὴ,
1623 1246 1707 1300 ὅτι
1736 1246 1766 1298 6
1792 1245 1889 1316 μὲν
1903 1243 2013 1297 τῶν

338 1344 589 1400 ἐπάθλων
640 1342 736 1396 καὶ
781 1338 888 1393 τῶν
939 1337 1219 1407 στεφάνων
1276 1336 1466 1408 καιρὸς
1517 1336 1547 1387 ὁ
1608 1335 1817 1406 μέλλων
1867 1334 2014 1387 ἐστὶν

340 1431 498 1496 αἰὼν,
530 1429 641 1484 τῶν
666 1428 725 1482 δὲ
763 1426 1157 1497 παλαισμάτων
1188 1425 1284 1477 καὶ
1318 1421 1428 1476 τῶν
1468 1421 1707 1493 ἱδρώτων
1742 1423 1771 1474 6
1802 1418 2013 1491 παρών.

342 1522 454 1574 Καὶ
495 1516 655 1572 τοῦτο
693 1515 920 1584 ποιῆσαι
946 1514 1104 1583 δῆλον
1137 1514 1270 1582 ἡμῖν
1310 1510 1631 1582 βουλόμενος
1674 1511 1703 1563 6
1749 1507 2018 1579 μακάριος

342 1608 553 1669 Παῦλος
571 1604 757 1673 ἔλεγεν
775 1620 789 1634 ’
820 1601 982 1656 Οὕτω
1011 1598 1197 1669 τρέχω
1224 1599 1304 1664 ὡς
1319 1599 1431 1651 οὐκ
1456 1596 1713 1663 ἀδήλως,
1736 1595 1890 1649 οὕτω
1905 1608 2019 1648 πυ-

346 1697 535 1751 κτεύω
545 1695 626 1760 ὡς
645 1695 758 1748 οὐκ
772 1691 917 1761 ἀέρα
938 1688 1147 1759 δέρων,
1160 1689 1297 1743 ἀλλ’
1315 1685 1628 1746 ὑπωπιάζω
1637 1702 1757 1755 μου
1770 1683 1837 1737 τὸ
1850 1681 2024 1753 σῶμα

279 1798 287 1805 ·
347 1783 445 1837 καί
465 1776 846 1848 δουλαγωγῶ,
874 1774 1086 1846 μήπως
1107 1774 1318 1840 ἄλλοις
1337 1772 1607 1841 κηρύξας
1628 1768 1810 1835 αὐτὸς
1832 1767 2026 1823 ἀδόκι-

344 1887 459 1940 μος
496 1866 772 1937 γένωμαι.
820 1861 1042 1933 Ἐπειδὴ
1076 1860 1134 1914 δέ
1182 1860 1319 1932 πρὸς
1352 1859 1451 1930 τὴν
1486 1857 1745 1927 τελευτὴν
1796 1854 2022 1940 ἔφθασε,

347 1939 651 2026 τηνικαῦτα
688 1951 788 2023 τὴν
826 1949 1101 2022 μακαρίαν
1156 1948 1369 2018 ἐκείνην
1401 1944 1582 2015 ἀφῆκε
1639 1943 1857 2013 φωνήνο
1916 1939 2027 1995 Τὸν

351 2041 552 2112 ἀγῶνα
599 2039 708 2094 τὸν
754 2037 946 2093 καλὸν
973 2034 1326 2106 ἠγώνισμαι,
1350 2034 1457 2087 τὸν
1480 2032 1701 2101 δρόμον
1721 2028 2025 2093 τετέλεκα,

353 2132 471 2200 τὴν
499 2129 709 2184 πίστιν
743 2125 1058 2194 τετήρηκα,
1110 2123 1330 2178 λοιπὸν
1359 2119 1672 2177 ἀπόκειταί
1702 2135 1805 2188 μοι
1855 2120 1888 2172 d
1921 2115 2031 2185 τῆς

353 2217 747 2281 δικαιοσύνης
785 2213 1120 2282 στέφανος·
1156 2211 1370 2274 δεικνὺς
1414 2210 1498 2262 ὅτι
1536 2210 1716 2262 πάντα
1772 2205 1864 2259 τὸν
1916 2204 2030 2275 βίον

356 2304 651 2375 ἐναγώνιον
681 2304 815 2373 ἡμῖν
855 2295 996 2353 εἶναι
1024 2299 1107 2352 δεῖ
1145 2298 1238 2351 καί
1268 2297 1546 2359 ἐπίπονον,
1568 2293 1621 2348 εἴ
1638 2311 1702 2363 γε
1746 2292 2031 2365 μέλλοιμεν

356 2393 456 2462 τῆς
486 2388 846 2450 ἀναπαύσεως
867 2386 965 2457 τῆς
989 2385 1208 2440 αἰωνίου
1226 2384 1321 2436 καὶ
1350 2381 1458 2436 τῶν
1491 2381 1701 2453 μυρίων
1729 2377 2033 2433 ἀπολαύσε-

362 2480 485 2534 σθαι
508 2475 749 2546 ἀγαθῶν.
798 2475 861 2528 Εἰ
917 2473 973 2526 δὲ
1014 2470 1255 2543 βούλοιτό
1294 2487 1379 2533 τις
1407 2469 1667 2541 ῥᾳθυμῶν
1694 2467 1786 2521 καὶ
1817 2465 1925 2519 τῶν
1949 2467 2035 2519 ἐν·

358 2567 536 2622 ταῦθα
564 2564 860 2618 ἀπολαύειν
880 2561 1076 2632 ἡδέων,
1096 2560 1192 2614 καὶ
1222 2556 1329 2612 τῶν
1347 2559 1464 2611 ἐκεῖ
1493 2558 1607 2620 τοῖς
1636 2554 1888 2608 πονοῦσιν
1908 2554 2036 2606 ἀπο-

362 2653 630 2725 κειμένων
687 2648 915 2721 μισθῶν,
970 2647 1160 2701 ἐαυτὸν
1211 2645 1623 2718 παρακρούεται
1670 2644 1766 2698 καὶ
1824 2643 2033 2712 ἀπατᾷ.

364 2742 630 2811 Καθάπερ
653 2738 762 2809 γὰρ
786 2737 881 2790 ἐπὶ
912 2736 939 2777 1³
972 2735 1079 2787 τῶν
1110 2733 1360 2804 ἀθλητῶν
1385 2735 1412 2786 6
1441 2733 1539 2803 μὲν
1582 2731 1676 2785 ἐπὶ
1706 2727 1801 2784 τοῦ
1844 2727 2036 2800 καιροῦ

362 2827 474 2883 τῶν
504 2826 730 2895 ἀγώνων
756 2825 939 2879 ἀνεσιν
978 2820 1254 2892 ἐπιζητῶν
1284 2819 1546 2891 αἰσχύνην
1573 2819 1668 2872 καὶ
1700 2816 1913 2882 ἀδοξίαν
1949 2816 2040 2870 διὰ

366 2914 566 2979 παντὸς
600 2911 694 2966 τοῦ
733 2910 928 2983 χρόνον
984 2907 1163 2979 ἐαυτῷ
1207 2907 1486 2979 προξενεῖ,
1513 2909 1542 2960 6
1568 2906 1626 2960 δὲ
1651 2908 1712 2959 ἐν
1740 2905 1818 2978 τῷ
1842 2904 2042 2976 σταδίῳ

370 3005 548 3059 πάντα
577 3002 735 3056 πόνον
766 2998 1030 3069 γενναίως
1056 2996 1294 3066 ἐνεγκὼν
1317 2997 1612 3066 στεφάνους
1644 2994 1740 3048 καὶ
1764 2994 1922 3061 δόξαν
1946 2995 2043 3047 καὶ

369 3095 610 3155 ἔπαινον,
645 3090 740 3144 καὶ
757 3089 816 3141 ἐν
849 3087 1033 3149 αὐτοῖς
1063 3087 1175 3148 τοῖς
1208 3082 1405 3152 ἀγῶσι,
1433 3083 1528 3136 καὶ
1564 3081 1835 3135 λυθέντων
1861 3079 2043 3134 αὐτῶν

369 3177 678 3252 καρποῦται
712 3173 863 3246 παρά
910 3173 1019 3227 τῶν
1049 3170 1256 3225 θεατῶν
1280 3187 1293 3200 ⁸
1333 3169 1476 3223 οὕτω
1510 3170 1606 3223 καὶ
1656 3169 1742 3239 ἐφ’
1765 3168 1944 3241 ἡμῶν.
1984 3167 2044 3221 '0

374 3269 473 3339 μὲν
503 3266 594 3320 τὸν
627 3264 818 3334 καιρὸν
854 3259 962 3348 τῶν
1001 3260 1180 3313 πόνων
1208 3256 1444 3321 ἀνέσεως
1473 3256 1795 3327 ποιούμενος
1829 3256 2043 3327 καιρὸν,

370 3356 498 3409 ὅταν
513 3343 1048 3420 ἀναπαύσασθαιδέῃ
1074 3345 1174 3417 τὴν
1196 3346 1390 3417 ἀγήρω
1411 3344 1628 3416 ἐκείνην
1655 3343 1863 3407 ἄνεσιν,
1893 3360 2047 3415 τηνι-

373 3439 551 3496 καῦτα
583 3436 877 3508 οἰμώξεται
905 3435 999 3486 καὶ
1027 3433 1211 3505 βρύξει
1232 3433 1355 3494 τοὺς
1370 3431 1608 3496 ὀδόντας,
1633 3431 1730 3484 καὶ
1748 3430 1818 3485 τὰ
1844 3430 2049 3501 ἔσχατα

374 3529 624 3582 πείσεται
647 3523 799 3577 δεινά
813 3541 825 3553 ’
857 3524 885 3575 6
901 3522 958 3575 δὲ
980 3519 1213 3575 ἐνταῦθα
1228 3520 1326 3583 τὰς
1344 3518 1552 3589 θλίψεις
1576 3518 1872 3591 προθύμως
1893 3520 2048 3587 ἐνεγ..

375 3616 507 3682 κὼν,
529 3614 626 3667 καὶ
649 3609 884 3666 ἐνταῦθα
911 3610 1007 3664 καὶ
1030 3610 1146 3663 ἐκεῖ
1181 3608 1431 3679 λαμπρὸς
1464 3607 1618 3661 ἔσται
1663 3607 1756 3661 καὶ
1804 3606 2049 3673 ἐπίδοξος

375 3707 531 3773 δόξαν
550 3703 648 3775 τὴν
680 3700 944 3755 ἀθάνατον
969 3698 1064 3753 καὶ
1092 3697 1290 3769 ἀληθῆ.
1325 3696 1510 3769 Εἰγάρ
1537 3697 1633 3750 ἐπὶ
1652 3695 1762 3750 τῶν
1780 3695 2051 3767 βιωτικῶν

376 3798 404 3850 6
425 3796 524 3864 τὴν
553 3790 836 3863 εὐκαιρίαν
855 3788 962 3843 τῶν
996 3786 1340 3859 πραγμάτων
1368 3785 1610 3855 συγχέων
1642 3785 1860 3839 πάντων
1894 3784 2055 3836 ἐκπε-

378 3885 552 3936 σεῖται
572 3880 681 3934 τῶν
705 3877 1082 3951 προκειμένων
1113 3873 1281 3944 αὐτῷ,
1307 3874 1402 3928 καί
1419 3871 1641 3945 μυρίαις
1673 3872 1864 3927 ἐαυτὸν
1898 3887 2052 3943 περι-

378 3969 534 4023 ϐαλεῖ
571 3968 901 4039 συμφοραῖς,
956 3961 1136 4033 πολλῷ
1169 3961 1368 4033 μᾶλλον
1399 3962 1495 4014 ἐπί
1521 3960 1631 4013 τῶν
1670 3958 2053 4031 πνευματικῶν

378 4057 534 4111 τοῦτο
578 4056 823 4110 πείσεται
862 4055 891 4107 6
950 4052 1048 4124 τὴν
1088 4050 1245 4116 τάξιν
1302 4048 1411 4104 τῶν
1464 4048 1673 4121 καιρῶν
1726 4048 1826 4102 οὐκ
1876 4046 2050 4110 εἰδώς.

378 4145 550 4204 Εἶπεν
606 4148 635 4201 6
678 4144 933 4217 Χριστὸς,
989 4143 1072 4195 ὅτι
1117 4141 1336 4218 Θλῖψςιν
1375 4139 1543 4205 ἕξετε
1598 4140 1669 4193 ἐν
1709 4139 1790 4206 τῷ
1831 4141 2051 4210 κόσμῳ.

379 4237 548 4293 Εἶπεν
574 4238 603 4290 6
630 4234 899 4307 μακάριος
934 4230 1145 4295 Παῦλος
1164 4248 1176 4261 ·
1204 4231 1313 4287 Καὶ
1340 4230 1565 4299 πάντες
1604 4229 1673 4285 δὲ
1696 4234 1749 4285 οὶ
1777 4230 2059 4297 θέλοντες

381 4320 769 4395 ζ’ῇνεῠσεϐὦς
796 4321 1019 4388 ὲνΧρισ
1031 4319 1110 4385 τῷ
1146 4318 1345 4387 Ἰησοῦ
1376 4317 1843 4388 διωχθήσονταιο
1865 4318 1928 4370 οὐ
1959 4317 2059 4382 τὰς

381 4413 535 4483 παρὰ
557 4410 665 4464 τῶν
697 4408 1001 4479 ἀνθρώπων
1038 4404 1247 4470 διώξεις
1266 4405 1441 4473 λέγων
1472 4406 1650 4475 μόνον,
1669 4404 1806 4459 ἀλλὰ
1838 4406 1932 4457 καὶ
1960 4405 2058 4469 τὰς

382 4500 535 4569 παρά
556 4498 665 4550 τῶν
688 4495 958 4567 δαιμόνων
987 4491 1299 4556 ἐπιϐουλάς.
1336 4488 1504 4545 Εἶπεν
1555 4492 1702 4556 Ἰὼϐ,
1744 4493 1827 4546 ὅτι
1856 4497 2060 4562 Πειρα-

385 4585 591 4656 τήριόν
634 4585 806 4638 ἐστιν
851 4591 875 4620 ι
915 4581 1231 4648 ἀνθρώπου
1270 4582 1302 4633 ό
1345 4579 1487 4644 ,βίος
1535 4579 1632 4631 ἐπὶ
1677 4577 1789 4647 τῆς
1826 4577 1959 4648 γῆς.
1995 4578 2061 4632 Τί

384 4676 563 4729 τοίνυν
586 4670 874 4743 ἀσχάλλεις
899 4672 956 4723 ἐν
981 4668 1059 4740 τῷ
1074 4669 1173 4740 τῆς
1200 4667 1572 4737 ταλαιπωρίας
1594 4666 1906 4739 θλιϐόμενος
1938 4684 2062 4720 και-

389 4764 508 4839 ρῷ;
537 4764 672 4816 Τότε
698 4761 808 4832 γὰρ
848 4761 1034 4828 ἀλγεῖν
1070 4760 1257 4831 ἐχρῆν,
1303 4760 1352 4812 εἰ
1395 4757 1453 4811 ὃν
1491 4760 1798 4829 προεῖπενό
1830 4757 2063 4828 Χριστὸς

391 4853 622 4922 θλίψεως
663 4844 803 4904 εἶναι
847 4848 1061 4919 χρόνον,
1105 4846 1293 4901 τοῦτον
1347 4846 1678 4917 ἐποιούμεθα
1721 4846 1933 4918 τρυφῆς
1970 4847 2063 4898 καὶ

390 4937 747 4999 ἀναπαύσεως
775 4934 929 5007 [185]
954 4934 1175 5004 καιρόνο
1212 4935 1262 4987 εἰ
1303 4933 1425 4987 καθ’
1452 4933 1512 4987 6v
1562 4932 1923 5003 ἀγωνίζεσθαι
1970 4934 2064 4986 καὶ

391 5029 573 5081 πονεῖν
619 5022 1094 5096 προσετάχθημεν,
1128 5022 1267 5077 κατά
1307 5021 1495 5076 τοῦτον
1550 5020 2060 5093 ἀνεπεπτώκειμεν’

391 5116 441 5169 εἰ
474 5113 572 5185 τὴν
598 5111 910 5182 εὐρύχωρον
937 5110 1257 5181 ἐϐαδίζομεν
1286 5110 1425 5175 ὁδὸν,
1461 5108 1625 5164 αὐτοῦ
1654 5109 1753 5180 τὴν
1769 5108 2065 5179 τεθλιμμέ-

391 5219 490 5274 νην
521 5198 896 5262 κελεύσαντος.
922 5196 1082 5252 Οὕτω
1112 5198 1220 5270 γὰρ
1251 5197 1314 5252 ἂν
1345 5196 1405 5263 ἐξ
1430 5199 1674 5267 ἀνάγκης
1720 5196 1853 5268 ἡμῖν
1882 5197 2066 5250 εἵπετο

389 5294 576 5348 λοιπὸν
603 5292 662 5344 τδ
687 5293 872 5353 ἐντοῖς
911 5287 1103 5344 αἰῶσιν
1142 5288 1370 5353 ἐκείνοις
1409 5287 1752 5352 κολάζεσθαι.
1790 5286 1855 5340 Τί
1884 5282 1976 5341 οὖν
2000 5286 2067 5341 ἂν

390 5383 601 5444 τίποιςῖ
640 5378 795 5450 φησί,
847 5378 983 5448 πρὸς
1010 5379 1139 5441 τοὺς
1183 5378 1279 5432 καὶ
1316 5375 1550 5431 ἐνταῦθα
1578 5376 1692 5447 μετ’
1723 5376 2068 5446 εὐρυχωρίας

395 5468 728 5542 βαδίζοντας,
770 5467 864 5520 καὶ¹
896 5468 1011 5520 ἐκεῖ
1039 5467 1330 5540 μέλλοντας
1368 5465 1775 5531 ἀναπαύεσθαι;
1830 5464 1942 5518 Καὶ
1984 5462 2068 5527 τίς

394 5556 550 5625 οὐτός
592 5561 780 5624 ἐστινς
815 5555 927 5624 ἐγὼ
955 5557 1063 5627 γὰρ
1090 5555 1170 5626 τῷ
1215 5554 1311 5609 τοῦ
1344 5553 1582 5625 Χριστοῦ
1622 5554 1878 5624 πείθομαι
1926 5551 2070 5622 λόγῳ

399 5650 579 5723 μόνον,
608 5646 686 5718 τῷ
715 5645 928 5714 λέγοντι
973 5646 1076 5712 ὅτι,
1105 5644 1297 5713 Στενη
1330 5642 1429 5698 καί
1457 5640 1813 5713 τεθλιμμένη
1865 5642 1902 5710 ή
1929 5639 2069 5706 ὁδὸς

459 5772 487 5801 ⁸
508 5770 645 5824 Colb.
678 5775 731 5817 et
750 5767 897 5831 SaVil.
925 5769 1039 5830 πρὸς
1059 5769 1109 5816 δὲ
1123 5768 1296 5831 τούτῳ,
1321 5766 1492 5831 μοι-ει.
1514 5766 1630 5830 πρὸς
1650 5766 1701 5814 δὲ
1722 5762 1882 5813 τοῦτο.

440 5830 488 5889 ,ιι
512 5832 644 5894 Colb.
675 5840 729 5880 et
751 5830 901 5894 Savil.
923 5830 1008 5894 καί
1032 5831 1242 5894 καθάπερ
1254 5829 1357 5879 ἐπί.

461 5896 486 5930 ο
523 5891 818 5942 Ἐστιόεθει
849 5892 898 5940 in
911 5890 1044 5943 Colb.

2113 697 2285 773 ’όπου
2324 697 2436 786 γάρ
2466 709 2686 766 ἐπὶτῶν
2727 707 2927 774 ἔξωθεν
2951 703 3178 774 ἀγώνων
3204 701 3380 765 οὐδεὶς
3408 697 3644 786 ἱδρώτων
3669 713 3787 767 χω-

2112 808 2198 879 ρὶς
2225 783 2486 873 στέφανον
2525 800 2841 872 ἀνεδήσατο,
2866 795 2960 850 καὶ
3005 792 3181 847 ταῦτα
3215 790 3316 861 τῆς
3350 788 3517 858 αὐτῆς
3565 783 3792 855 φύσεως

2112 871 2250 967 έχων
2274 871 2663 952 κοινωνοῦντας
2676 871 2810 949 τοὺς
2830 879 3254 951 ἀνταγωνιστὰς,
3277 876 3407 931 ἔνθα
3431 873 3665 945 πονηραὶ
3690 871 3793 925 δυ·-

2112 963 2307 1054 νάμεις
2361 980 2494 1050 ἡμῖν
2521 975 2857 1046 ἀνταίρουσι,
2912 970 3029 1034 πῶς
3060 969 3139 1022 ἐνι
3191 965 3426 1036 θλίψεως
3451 963 3547 1017 καί⁵
3602 976 3796 1015 στενο-

2114 1052 2321 1143 χωρίας
2374 1067 2532 1130 ἐκτὸς
2601 1060 2988 1135 περιγενέσθαι
3037 1057 3137 1127 τῆς
3167 1055 3363 1143 μανίας
3384 1052 3643 1143 ἐκείνων)

2186 1137 2248 1214 ε’.
2294 1154 2457 1211 Ἀλλὰ
2481 1153 2643 1227 μέχρι
2657 1150 2799 1213 τίνος
2823 1147 2929 1203 ἀπὺ
2948 1143 3223 1216 λογισμῶν
3248 1141 3423 1196 ταῦτα
3438 1137 3797 1207 ἐξετάζομεν,

2118 1249 2238 1315 ἐξὸν
2263 1247 2355 1302 ἐπὶ
2377 1247 2505 1310 τοὺς
2536 1241 2836 1315 μακαρίους
2859 1239 2955 1293 καὶ
2976 1234 3257 1307 γενναίους
3281 1231 3518 1304 ἀθλητὰς
3539 1243 3799 1298 καταφυ-

2120 1342 2238 1411 γεῖν
2272 1338 2402 1400 τοὺς
2454 1336 2550 1389 ἐπὶ
2589 1331 2701 1387 τῶν
2750 1328 3033 1403 προτέρων
3085 1323 3486 1396 γεγενημένους
3537 1318 3799 1411 χρόνωνς

2136 1406 2423 1496 Ἓξέτασον
2475 1422 2587 1495 γὰρ
2631 1423 2878 1483 ἅπαντας
2936 1417 3065 1479 τοὺς
3114 1415 3235 1468 τότε
3290 1409 3645 1482 ὀνομαστοὺς,
3702 1406 3804 1459 καὶ

2123 1517 2353 1579 πάντας,
2397 1513 2508 1568 ἀπὸ
2554 1510 2663 1565 τῶν
2711 1508 2942 1578 θλίψεων
2971 1505 3091 1575 ϐψει
3142 1499 3456 1574 παρρησίαν
3490 1496 3804 1567 ἐσχηκότας

2125 1600 2263 1671 πρὸς
2283 1599 2374 1653 τὸν
2413 1597 2564 1651 Θεόν.
2598 1593 2709 1649 Καὶ
2760 1594 2809 1646 εἰ
2842 1588 3020 1662 βούλει
3063 1603 3151 1657 γε,
3182 1586 3275 1639 ἐπὶ
3304 1584 3397 1636 τὸν
3438 1580 3535 1671 τοῦ
3581 1595 3807 1671 «pung—

2126 1665 2364 1742 πλάστου
2392 1684 2605 1757 πρῶτον
2636 1680 2881 1751 ἔλθωμεν
2900 1676 3088 1738 παῖδα,
3114 1675 3177 1728 τὺ
3202 1672 3388 1745 ἀρνίον
3413 1669 3509 1724 τοῦ
3530 1665 3804 1740 Χριστοῦ,

2126 1777 2219 1830 τὸν
2245 1773 2431 1839 Ἀϐελ,
2456 1772 2548 1826 τὸν
2568 1768 2868 1842 ἠδικηκότα
2889 1766 2985 1837 μὲν
3011 1763 3162 1817 οὐδὲν
3178 1803 3193 1829 ,
3214 1763 3283 1815 τὰ
3311 1760 3368 1814 δὲ
3386 1758 3495 1813 τῶν
3518 1756 3808 1811 δεινότατα

2129 1860 2507 1934 εἰργασμένων
2553 1856 2941 1929 ὑπομείναντα.
2985 1852 3176 1922 Ἡμεῖς
3359 1847 3468 1919 γὰρ
3502 1842 3808 1934 ’ἁμαρτιῶν

2129 1922 2348 2017 τιθεὶμεῦ
2384 1944 2537 2007 δίκας
2571 1922 2699 2005 τοὺς
2727 1935 3083 2010 πειρασμούς·
3112 1935 3141 1988 6
3181 1933 3239 1988 δὲ
3266 1933 3471 2017 δίκαιος
3499 1922 3809 2017 ἐκεῖνος-δι’

2131 2007 2284 2084 οὐδὲν
2327 2028 2514 2099 ἕτερον
2555 2007 2863 2089 ἐκολάζετο,
2920 2019 3100 2091 ἀλλ’ἢ
3157 2018 3240 2071 ὃτι
3289 2015 3494 2079 δίκαιος
3546 2007 3636 2085 ἦν.
3690 2011 3812 2064 Καὶ

2132 2118 2239 2182 ἕως
2285 2118 2384 2188 μὲν
2431 2115 2583 2170 οὐδὲν
2611 2113 2755 2185 μέγα
2801 2109 3170 2171 ἐπεδείκνυτο,
3224 2104 3588 2173 ἐπεγίνωσκεν
3636 2099 3812 2154 αὐτὸν

2135 2208 2164 2260 ό
2210 2187 2465 2274 ἀδελφός·
2502 2201 2690 2273 ἐπειδὴ
2717 2201 2774 2255 δὲ
2796 2200 2904 2255 ἀπὸ
2925 2200 3023 2269 τῆς
3066 2195 3257 2258 θυσίας
3282 2190 3560 2262 διέλαμψε,
3586 2190 3681 2243 και
3707 2187 3814 2258 τὴν

2136 2290 2296 2362 φύσιν
2333 2289 2503 2362 αὐτὴν
2525 2289 2789 2361 ἠγνόησεν
2816 2288 2920 2341 ὑπὸ
2956 2284 3051 2339 τοῦ
3086 2283 3280 2354 φθόνου
3305 2277 3599 2351 πηρωθείς.
3630 2275 3814 2329 Πόθεν

2137 2377 2229 2436 οὖν
2250 2373 2395 2444 οἶδας
2420 2380 2469 2432 εἰ
2492 2377 2585 2432 καὶ
2609 2376 2703 2431 νῦν
2717 2378 2750 2446 ἡ
2773 2374 2911 2447 αὐτὴ
2932 2372 3082 2428 αἰτία
3099 2372 3191 2426 τὸν
3219 2368 3460 2424 διάϐολον
3477 2367 3687 2438 ῆγειρε,
3714 2362 3819 2418 καὶ

2137 2468 2232 2524 τοῦ
2266 2469 2382 2540 βίου
2416 2484 2510 2522 σου
2538 2466 2597 2520 τὸ
2629 2465 2879 2536 λαμπρὸν
2915 2462 3051 2534 πρὸς
3081 2461 3180 2531 τὴν
3214 2460 3392 2531 μάχην
3415 2456 3572 2511 αὐτὸν
3600 2452 3816 2521 ταύτην

2140 2557 2530 2624 ἐξεκαλέσατο;
2557 2556 2620 2609 Εἰ
2643 2555 2700 2609 δέ
2731 2553 2895 2625 γελᾷς
2919 2550 3091 2605 ταῦτὰ
3121 2567 3221 2621 μου
3252 2548 3318 2600 τὰ
3342 2548 3577 2618 ῥήματα,
3601 2541 3833 2596 ἐπαινῶ.

2145 2646 2242 2719 μέν
2278 2663 2338 2701 σε
2365 2645 2468 2716 τῆς
2517 2641 3036 2715 ταπεινοφροσύνης,
3076 2641 3137 2693 οὐ
3165 2639 3271 2710 μὴν
3299 2636 3393 2688 τοῦ
3431 2633 3574 2688 οὕτω
3606 2633 3820 2686 διακεῖ-

2145 2715 2266 2783 σθαι
2296 2715 2593 2798 παύσομαι.
2622 2726 2686 2778 Εἰ
2723 2727 2830 2798 γὰρ
2858 2723 3022 2795 στέαρ
3054 2717 3435 2792 προσενεγκὼν
3463 2716 3637 2780 οὕτως
3664 2715 3819 2767 εὐδο-

2144 2816 2379 2888 κίμησεν
2412 2818 2642 2878 ἐκεῖνος,
2671 2815 2700 2868 6
2735 2812 2900 2884 μηδὲν
2926 2809 3034 2864 τῶν
3072 2807 3294 2874 ἔξωθεν,
3322 2805 3436 2860 ἀλλ’
3456 2805 3574 2858 ὅλον
3615 2802 3817 2857 ἑαυτὸν

2144 2905 2363 2969 ἀναθεὶς
2409 2902 2488 2975 τῷ
2545 2901 2698 2972 Θεῷ,
2751 2897 2931 2970 πολλῷ
2983 2897 3180 2969 μᾶλλον
3226 2894 3292 2948 ἃν
3349 2890 3634 2965 παρώξυνε
3692 2889 3823 2943 καθ’

2147 2992 2341 3046 ἐαυτοῦ
2386 2992 2478 3045 τὸν
2533 2980 2746 3063 ἐχθρόν.
2801 2988 2862 3041 ὐ
2924 2987 2980 3040 δέ
3039 2986 3173 3050 Θεὸς
3235 2981 3611 3054 συνεχώρησεν
3658 2978 3825 3032 αὐτὸν

2148 3081 2414 3136 ἐπελθεῖν·
2443 3080 2564 3134 οὐδὲ
2590 3079 2702 3151 γὰρ
2727 3077 2851 3131 τότε
2874 3075 2902 3116 τι
2929 3075 3021 3129 τὸν
3050 3074 3212 3145 φόνον
3243 3071 3496 3142 γενέσθαι
3522 3067 3826 3132 ἐκώλυσεν,

2148 3170 2262 3224 ἀλλ’
2292 3169 2505 3239 ἀφῆκεν
2533 3169 2613 3231 εἰς
2643 3166 2745 3229 τὰς
2779 3164 2873 3219 τοῦ
2932 3162 3212 3235 μιαιφόνου
3272 3163 3460 3231 χεῖρας
3491 3157 3582 3211 τὸν
3614 3155 3828 3210 δίκαιον

2151 3260 2435 3332 ἐμπεσεῖν,
2469 3256 2565 3312 καὶ
2595 3258 2697 3310 οὐκ
2733 3255 3010 3328 ἐξήρπασε
3040 3252 3133 3307 τὸν
3176 3251 3244 3305 δι’
3275 3249 3436 3304 αὐτὸν
3488 3247 3584 3301 καὶ
3612 3246 3716 3314 τὴν
3748 3248 3829 3309 εἰς

2152 3348 2316 3401 αὐτὸν
2364 3344 2757 3417 ἀναιρούμενον
2811 3343 2995 3413 τιμήν·
3047 3338 3169 3393 οὐδὲ
3209 3338 3318 3409 γὰρ
3374 3335 3627 3389 ἐϐούλετο
3670 3333 3831 3387 ἐλατ-

2152 3435 2393 3506 τωθῆναι
2425 3435 2553 3497 τοὺς
2589 3432 2887 3501 στεφάνους
2925 3428 3093 3500 αὐτῷ·
3128 3427 3215 3482 διὰ
3247 3425 3405 3480 τοῦτο
3443 3424 3603 3496 μέχρι
3639 3422 3830 3484 τέλους

2153 3525 2335 3594 ἀφῆκε
2387 3524 2615 3594 δραμεῖν
2645 3521 2828 3577 αὐτόν.
2885 3518 2993 3573 Καὶ
3044 3517 3174 3571 ποία
3225 3515 3445 3578 κόλασις
3482 3515 3513 3566 6
3559 3512 3831 3575 θάνατος;

2156 3613 2339 3684 φησίν.
2367 3611 2491 3666 Em;
2513 3611 2613 3683 μὲν
2637 3606 2730 3664 οὖν
2752 3610 2905 3678 κάγὼ
2925 3606 3129 3677 ταύτην
3146 3606 3243 3678 τὴν
3264 3603 3529 3676 τιμωρίαν
3556 3600 3834 3671 ὑπέμεινα

2154 3702 2271 3758 νῦν.
2300 3701 2486 3755 Ταῦτα
2512 3700 2710 3769 λέγεις,
2743 3695 3015 3768 ἀγαπητὴ
3059 3696 3176 3755 νῦν,
3216 3694 3477 3765 πρότερον
3520 3691 3574 3744 δέ
3608 3692 3835 3744 πάντων

2154 3792 2218 3844 τὸ
2242 3792 2473 3863 πρᾶγμα
2501 3789 2675 3843 ἐδόκει
2703 3784 2840 3842 εῖναι
2864 3785 3266 3858 χαλεπώτατον,
3318 3782 3413 3837 καί¹
3451 3782 3631 3851 πάσης
3659 3797 3837 3850 τιμω-

2160 3878 2282 3951 ρίας
2303 3876 2678 3949 ἐλεεινότερον.
2703 3876 2795 3930 Διὸ
2814 3876 2908 3930 καὶ
2933 3877 2988 3929 ἐν
3017 3873 3096 3945 τῷ
3119 3874 3269 3944 νόμῳ
3294 3870 3536 3932 Μωσέως
3558 3871 3609 3921 οἰ
3638 3867 3709 3921 τά
3740 3866 3839 3937 μέ-

2158 3982 2320 4034 γιστα
2349 3965 2667 4036 ἠδικηκότες
2693 3964 2790 4019 καὶ
2824 3961 3152 4033 συγγνώμης
3184 3958 3425 4031 μείζονα,
3446 3955 3652 4026 ταύτην
3684 3955 3841 4008 ὑπεῖ-

2160 4079 2253 4132 χον
2283 4060 2381 4131 τὴν
2411 4059 2651 4113 κόλασιν.
2681 4057 2792 4111 Καὶ
2820 4053 2974 4127 παρά
3009 4058 3122 4116 τοῖς
3170 4051 3366 4118 ἔξωθεν
3402 4046 3721 4119 νομοθέταις
3755 4045 3840 4098 ἔτι

2161 4150 2255 4203 καὶ
2281 4149 2376 4203 νῦν
2407 4145 2657 4219 οὐδαμῶς
2685 4143 2885 4216 ἑτέρως
2911 4142 3228 4206 κολάζονται
3259 4137 3477 4202 πάντες,
3510 4137 3741 4205 ὅσοιπερ
3772 4133 3841 4187 ἂν

2162 4237 2256 4289 ἐπὶ
2282 4237 2393 4298 τοῖς
2424 4233 2724 4304 αἰσχίστοις
2766 4242 2789 4269 ο
2822 4229 2992 4284 ἁλῶσι
3033 4229 3243 4289 κακοῖςο
3277 4223 3391 4278 ἀλλ’
3425 4224 3571 4293 ὅμως
3596 4220 3668 4273 τὰ
3695 4219 3842 4273 αὐτά

2162 4328 2271 4388 τοῖς
2297 4321 2630 4395 παρανόμοις
2660 4321 2687 4372 6
2719 4319 2925 4381 δίκαιος
2972 4315 3197 4386 ἔπασχε.
3232 4311 3429 4384 μᾶλλον
3449 4310 3505 4362 δὲ
3531 4310 3628 4361 καὶ
3655 4307 3842 4377 πολλῷ

2164 4393 2543 4483 χαλεπώτερα,
2590 4408 2700 4477 ὅσῳ
2755 4406 2850 4459 καὶ
2896 4403 3049 4476 παρὰ
3105 4400 3394 4470 ἀδελφικῆς
3443 4397 3625 4464 δεξιᾶς

2165 4476 2381 4570 ἐδέχετο
2407 4476 2502 4568 τῆν
2533 4476 2762 4566 πληγήν.
2791 4492 2856 4547 Τί
2887 4492 2945 4546 δέ
2982 4494 3011 4545 6
3063 4488 3227 4555 Νῶε;
3262 4487 3372 4541 Καὶ
3408 4486 3519 4557 γὰρ
3555 4484 3656 4537 καὶ
3683 4476 3844 4545 οὗτος

2164 4586 2369 4650 δίκαιος
2409 4584 2503 4638 καὶ
2527 4583 2730 4646 τέλειος
2752 4577 2843 4653 ἦν,
2873 4579 2967 4634 καὶ
2987 4579 3203 4633 πάντων
3244 4573 3652 4647 διεφθαρμένων
3681 4573 3846 4643 μόνος

2166 4671 2500 4743 εὐηρέστησε
2552 4669 2630 4739 τῷ
2668 4669 2806 4739 Θεῷ,
2836 4669 3051 4722 πάντων
3094 4664 3204 4717 τῶν
3256 4662 3428 4719 ἄλλων
3467 4676 3848 4730 προσκεκρου-

2168 4758 2339 4812 κότων
2370 4756 2539 4828 αὐτῷ.
2580 4756 2797 4828 Μυρίας
2835 4755 2933 4826 μὲν
2960 4749 3053 4808 οὖν
3092 4751 3298 4819 θλίψεις
3346 4748 3608 4819 ὑπέμεινε
3640 4746 3847 4810 πολλὰς

2169 4847 2262 4899 καί⁵
2289 4847 2485 4909 κακὰς.
2516 4845 2607 4899 -υύ
2670 4845 2779 4915 γὰρ
2829 4842 3098 4896 ἀπέθανεν
3148 4833 3301 4902 οὗτος
3352 4836 3553 4899 εὐθέως
3583 4834 3847 4901 καθάπερ

2169 4933 2394 4997 ἐκεῖνος,
2434 4933 2553 4986 οὐδὲ
2578 4932 2747 4986 ἔπαθε
2778 4930 2957 4991 τοῦτο,
2988 4929 3016 4983 ὅ
3040 4927 3238 4997 κοῦφον
3265 4922 3403 4980 εἷναί
3451 4941 3534 4978 σοι
3564 4923 3845 4992 φαίνεται,

2170 5020 2306 5074 ἀλλά
2335 5022 2554 5091 μακρᾶς
2580 5019 2825 5090 ἠνείχετο
2848 5018 3010 5088 ζωῆς,
3034 5019 3091 5071 ἐν
3118 5018 3231 5079 τοῖς
3256 5012 3529 5076 τοσούτοις
3558 5010 3705 5065 ἔτεσι
3737 5012 3849 5065 τῶν

2170 5107 2617 5180 ἀχθοφορούντων
2658 5106 2752 5161 καί
2803 5104 3086 5177 βαρυτάτῳ
3126 5102 3329 5175 φορτίῳ
3356 5100 3694 5169 πιεζομένων
3728 5100 3850 5153 δια-

2174 5197 2373 5261 παντὸς
2423 5196 2576 5250 οὐδὲν
2626 5196 2847 5265 ἄμεινον
2895 5192 3253 5262 διακείμενος.
3296 5190 3405 5243 Καὶ
3456 5187 3615 5241 τοῦτο
3646 5187 3852 5242 αὐτίκα

2175 5286 2322 5357 μάλα
2387 5286 2599 5355 ποιήσω
2647 5301 2728 5338 σοι
2782 5283 3045 5353 φανερὸν,
3102 5281 3365 5352 πρότερον
3421 5280 3595 5332 ἐκεῖνο
3650 5277 3850 5331 εἰπών.

2187 5373 2458 5429 Ἐνιαυτὺν
2483 5374 2604 5428 ὃλον
2627 5368 2778 5436 οὗτος
2805 5372 3177 5441 δεσμωτήριον
3226 5367 3430 5440 ᾤκησε,
3472 5365 3854 5436 δεσμωτήριον

2175 5462 2323 5530 ξένον
2359 5461 2452 5533 καὶ
2470 5460 2733 5533 φοϐερόν.
2759 5460 2876 5513 ’Ὶνα
2899 5458 3007 5530 γὰρ
3033 5457 3095 5510 τὸ
3122 5454 3326 5526 πλῆθος
3356 5453 3479 5525 ἀφῶ
3505 5452 3616 5506 τῶν
3643 5451 3854 5523 θηρίων

2172 5551 2268 5606 καὶ
2287 5532 2396 5604 τῶν
2415 5532 2679 5621 ἑρπετῶν,
2702 5542 2782 5612 οἷς
2806 5545 3058 5600 τοσοῦτον
3086 5539 3549 5615 συνέζησε-χρόνον
3570 5540 3655 5603 εἰς
3673 5539 3859 5594 τοιαύι

2237 5648 2263 5688 d
2284 5649 2419 5714 Cglb_.
2446 5651 2662 5714 οὐδὲγὰρ
2683 5650 2810 5707 τότε,
2851 5648 2990 5714 Mor._
3011 5645 3178 5714 oﬁjt‘zp
3203 5644 3336 5714 τότε,
3354 5643 3465 5714 Sa_\v'.
3488 5643 3564 5714 ἔτι

2175 5709 2283 5759 Mox
2308 5710 2444 5762 Colb.
2473 5720 2527 5761 et
2557 5703 2669 5762 ἕξιν,
2695 5714 2746 5762 in
2770 5703 2917 5771 niarg.
2946 5710 3028 5758 τὸν
3064 5703 3196 5770 ἅγιον
3228 5703 3465 5769 ἐμπεσεῖν,
3488 5703 3600 5754 Sav.
3629 5705 3684 5753 in
3706 5710 3856 5752 textu

2175 5778 2227 5821 et
2252 5772 2372 5821 Mor.
2397 5774 2479 5835 τὸν
2504 5774 2684 5823 δίκαιον
2706 5773 2944 5835 ἐμπεσεῖν.

2228 5837 2264 5907 f
2289 5836 2370 5907 $ic
2391 5833 2542 5907 Savil.
2558 5835 2616 5886 'iu
2642 5825 2781 5886 texiu
2801 5842 2854 5885 et
2875 5832 3008 5887 Colb.
3030 5829 3203 5882 Morel.
3217 5834 3381 5881 autem
3400 5825 3613 5879 elSavil.
3629 5829 3855 5890 inmarg.

2180 5897 2272 5954 τοῖς
2292 5897 2525 5961 ἐσχάτοις.
