4036 6416
390 402 491 455 453

391 513 594 566 vcndus
624 524 769 565 esses
788 550 801 571 .
834 524 899 562 an
942 508 993 563 in
1024 508 1181 562 finem
1212 522 1376 578 usque
1404 522 1635 577 pugnare
1674 516 1724 562 te
1753 506 1839 560 ille
1865 506 1961 560 de-

391 605 679 669 crevisset,
709 601 930 673 qui‘tibi
970 612 1237 656 certamen
1277 600 1377 655 hoc
1420 602 1725 669 proposuit,
1755 614 1822 655 ne
1854 602 1966 669 ipse

392 695 605 764 quidem
645 692 984 764 exploratum
1029 709 1092 747 ac
1132 702 1340 747 certum
1383 691 1579 761 aliquid
1624 692 1834 757 dicere,
1878 701 1968 744 aut

396 786 691 840 futurorum
719 796 941 840 eventus
968 785 1174 855 aperire
1203 800 1415 853 possum
1441 801 1455 849 ;
1486 783 1613 837 illud
1642 793 1812 838 tamen
1856 784 1967 836 scio

396 876 690 944 manifeste,
726 878 924 947 tibique
952 893 1259 945 persuasum
1287 877 1462 945 cupio,
1494 876 1749 930 utrumvis
1778 875 1965 930 horum

394 969 694 1039 contingat,
727 984 823 1039 pro
857 978 1036 1023 nostra
1070 969 1293 1023 utilitate
1326 967 1575 1021 futurum.
1605 967 1753 1034 Quod
1792 968 1835 1021 si
1867 966 1967 1022 hoc

396 1059 573 1113 animo
600 1058 790 1125 fueris,
824 1060 930 1114 cito
952 1074 1258 1128 supremum
1284 1057 1423 1112 hunc
1449 1058 1707 1113 malorum
1728 1099 1743 1123 ,
1772 1067 1825 1111 ut
1852 1057 1929 1111 ais
1947 1097 1963 1124 ,

396 1150 647 1204 verticem
678 1149 770 1203 abs
801 1159 851 1204 te
877 1150 1099 1204 arcebis.

467 1238 802 1293 Prtemiorum
841 1250 911 1293 est
951 1250 1143 1310 tempus
1180 1242 1436 1309 futurum,
1466 1238 1692 1291 laborum
1727 1253 1964 1307 prasens.

395 1359 468 1369 —
491 1329 569 1383 Ad
601 1330 713 1384 hzec
740 1330 862 1384 illud
887 1346 1092 1400 quoque
1119 1330 1209 1384 tibi
1234 1330 1567 1400 cogitandum
1595 1338 1696 1392 est,
1724 1329 1967 1397 prtemio-

399 1434 515 1473 rum
553 1430 607 1474 et
643 1436 955 1475 coronarum
997 1432 1201 1489 tempus
1238 1436 1358 1475 esse
1401 1420 1630 1474 futurum
1674 1419 1924 1473 saeculum
1948 1459 1964 1484 ,

312 1487 325 1504 \
396 1510 825 1566 colluctationum
854 1527 978 1567 vero
1002 1526 1064 1566 ac
1092 1512 1327 1565 laborum
1355 1526 1610 1581 priesens.
1635 1510 1787 1576 Quod
1816 1510 1968 1564 nobis

398 1603 629 1671 apertius
659 1603 925 1658 insinuare
953 1603 1135 1658 volens
1164 1603 1346 1657 beatus
1372 1603 1564 1657 Paulus
1593 1602 1801 1657 dicebat
1834 1620 1846 1654 :
1880 1602 1967 1656 Sic

398 1709 566 1760 curro,
598 1710 696 1746 non
721 1694 864 1762 quasi
889 1693 943 1747 in
970 1694 1250 1757 incertum;
1278 1694 1350 1747 sic
1377 1710 1564 1763 pugno,
1591 1709 1691 1746 non
1715 1693 1859 1762 quasi
1883 1707 1968 1745 ae-

396 1802 502 1837 rem
540 1784 797 1838 verberans
830 1800 849 1838 :
875 1784 963 1839 sed
998 1788 1187 1855 castigo
1227 1802 1408 1853 corpus
1448 1801 1614 1838 meum
1633 1827 1647 1851 ,
1675 1794 1718 1837 et
1747 1783 1967 1838 servituti

396 1873 628 1944 subjicio,
661 1890 722 1927 ne
749 1874 876 1943 forte
899 1875 1012 1928 aliis
1042 1876 1339 1943 praedicans,
1369 1874 1478 1943 ipse
1508 1873 1747 1943 reprobus
1783 1873 1967 1942 eﬂiciar

398 1965 471 2034 (l.
502 1963 619 2019 Cor.
656 1966 708 2021 9.
739 1965 829 2020 26.
857 1965 969 2037 2'7).
999 1966 1066 2019 At
1095 1981 1220 2019 vero
1248 1981 1366 2019 cum
1395 1964 1461 2019 ad
1484 1966 1638 2019 linem
1663 1963 1967 2017 certaminis

398 2058 647 2119 venisset,
675 2057 887 2110 demum
914 2057 1120 2111 beatam
1150 2056 1293 2109 illam
1324 2056 1499 2111 emisit
1521 2069 1701 2109 vocem
1728 2072 1741 2107 :
1770 2053 1965 2106 Bonum

394 2156 642 2200 certamen
681 2148 893 2215 certavi,
922 2164 1122 2201 cursum
1158 2148 1521 2212 Consummavi,
1551 2147 1701 2216 ﬁdem
1737 2145 1954 2208 servavi,

392 2238 499 2307 iam
528 2239 744 2305 reposita
772 2247 843 2291 est
876 2238 999 2290 mihi
1024 2254 1209 2291 corona
1242 2239 1456 2307 justitiaa
1483 2239 1500 2306 (
1518 2238 1572 2292 2.
1607 2237 1736 2291 Tim.
1768 2238 1820 2291 4.
1849 2237 1914 2306 7)
1947 2255 1960 2291 :

394 2329 680 2383 ostendens
707 2330 865 2383 vitam
896 2345 1104 2384 omnem
1136 2332 1188 2383 in
1214 2330 1590 2385 certaminibus
1613 2340 1666 2383 et
1699 2328 1965 2383 laboribus

394 2420 548 2474 nobis
574 2435 691 2475 esse
715 2420 991 2491 agendam,
1020 2422 1061 2476 si
1088 2422 1327 2491 cupimus
1350 2430 1546 2476 {eterna
1574 2419 1756 2489 requie
1783 2418 1963 2474 bonis-

395 2528 496 2582 que
522 2512 624 2566 illis
652 2513 943 2568 innumeris
973 2512 1189 2583 perfrui.
1220 2513 1311 2568 Sin
1344 2523 1520 2567 autem
1554 2513 1740 2582 aliquis
1770 2513 1838 2565 ita
1865 2525 1961 2564 ne-

392 2603 599 2671 gligens
617 2603 716 2668 sit,
750 2613 806 2656 ut
833 2611 980 2671 putet
1004 2617 1062 2657 se
1086 2612 1139 2657 et
1165 2603 1320 2673 hujus
1346 2604 1467 2657 vitae
1494 2603 1845 2673 voluptatibus
1864 2643 1879 2668 ,
1909 2610 1965 2656 et
1998 2668 2003 2673 l

397 2695 625 2763 pra-mils
653 2710 715 2749 ac
740 2694 945 2764 gaudiis
973 2711 1089 2764 quae
1125 2696 1176 2749 in
1204 2696 1347 2750 caelis
1377 2705 1553 2765 parata
1590 2705 1712 2749 sunt
1744 2695 1807 2748 iis
1826 2735 1842 2761 ,
1872 2694 1960 2763 qui

393 2787 601 2841 labores
630 2788 993 2853 sustinuerint,
1026 2788 1126 2842 frui
1158 2801 1329 2857 posse,
1359 2788 1444 2843 hic
1476 2788 1709 2857 seipsum
1747 2802 1963 2857 prorsus

392 2879 527 2933 fallit
561 2896 623 2933 ac
664 2879 879 2949 decipit.
919 2880 1051 2936 Nam
1091 2881 1227 2936 sicut
1264 2882 1321 2935 in
1357 2881 1569 2936 athletis
1596 2881 1683 2951 qui
1726 2890 1962 2950 tempore

390 2975 739 3028 certaminum
766 2976 999 3044 requiem
1029 2977 1235 3045 qumrit,
1263 2976 1626 3031 confusionem
1650 2976 1747 3031 sibi
1776 2990 1961 3045 perpe-

392 3075 533 3118 tuam
561 3074 716 3135 atque
746 3066 1082 3135 ignominiam
1113 3076 1298 3137 parat;
1327 3069 1416 3138 qui
1443 3084 1573 3122 vero
1601 3069 1653 3122 in
1688 3068 1858 3124 stadio
1884 3068 1961 3122 la-

390 3157 549 3211 bores
584 3171 769 3212 omnes
809 3158 1012 3213 fortiter
1046 3160 1272 3227 tolerat,
1301 3174 1552 3214 coronam
1581 3168 1635 3215 et
1662 3160 1881 3229 gloriam
1907 3170 1960 3216 et

391 3248 572 3302 laudes
598 3256 652 3302 et
676 3248 725 3301 in
758 3248 870 3318 ipso
897 3251 1202 3316 certamine,
1228 3259 1281 3304 et
1303 3259 1421 3320 post
1442 3250 1670 3305 solutum
1698 3251 1957 3306 theatrum

389 3353 420 3391 a
444 3341 826 3408 spectatoribus
850 3341 1190 3409 consequitur
1218 3358 1232 3394 :
1259 3342 1329 3396 ita
1367 3342 1421 3395 in
1460 3342 1611 3396 nobis
1640 3357 1851 3412 quoque
1878 3344 1955 3396 fit.

387 3432 517 3488 Nam
546 3435 590 3489 is
617 3436 706 3505 qui
735 3437 973 3491 laborum
1003 3448 1208 3506 tempus
1229 3438 1389 3509 quieti
1413 3438 1634 3501 dedicat,
1664 3447 1785 3492 tunc
1814 3438 1958 3508 inge-

388 3525 574 3579 miscet
598 3537 652 3580 et
676 3527 917 3581 stridebit
941 3528 1205 3594 dentibus,
1234 3529 1443 3599 quando
1472 3531 1522 3583 in
1554 3539 1749 3584 aeterna
1775 3531 1957 3599 requie

386 3616 652 3672 debuisset
704 3618 860 3673 finem
910 3620 1147 3674 laborum
1196 3621 1464 3687 nancisci,
1513 3631 1669 3690 atque
1719 3629 1953 3675 extrema

386 3707 641 3777 supplicia
678 3708 825 3764 luere
865 3720 1080 3779 cogetur
1110 3728 1123 3763 :
1151 3712 1239 3780 qui
1286 3727 1413 3765 vero
1458 3727 1730 3780 pressurus
1773 3727 1956 3766 omnes

387 3808 628 3867 prompte
653 3815 715 3854 ac
752 3800 976 3855 libenter
1000 3802 1147 3867 tulit,
1176 3813 1230 3857 et
1262 3801 1347 3858 hic
1374 3803 1505 3857 etin
1548 3803 1723 3857 futuro
1762 3805 1956 3858 saeculo

386 3888 708 3944 clarissimus
732 3892 864 3954 erit,
892 3908 1121 3962 veraque
1147 3904 1200 3947 et
1238 3894 1519 3949 immortali
1556 3895 1721 3965 gloria
1748 3895 1952 3950 beatus.

386 3977 514 4032 Nam
544 3981 587 4033 si
617 3981 668 4033 in
693 3982 1033 4037 saecularibus
1060 3984 1147 4053 qui
1177 3999 1353 4038 rerum
1384 3993 1619 4054 tempora
1646 3984 1951 4051 confundit,

385 4069 632 4123 omnibus
668 4071 765 4124 sibi
797 4073 1076 4141 propositis
1104 4075 1396 4129 commodis
1424 4077 1660 4143 excidet,
1694 4086 1848 4147 atque
1878 4079 1957 4131 in-

384 4162 623 4216 numeris
646 4178 704 4217 se
732 4165 1113 4219 calamitatibus
1140 4176 1401 4235 exponet,
1430 4168 1585 4237 longe
1624 4170 1673 4222 id
1706 4171 1870 4240 magis
1900 4171 1953 4224 in

384 4253 544 4309 rebus
586 4256 942 4322 spiritualibus
984 4258 1243 4325 patietur,
1272 4260 1359 4329 qui
1392 4268 1685 4328 temporum
1715 4262 1952 4316 ordinem

383 4343 608 4411 ignorat.
653 4343 791 4398 Dixit
829 4346 970 4399 enim
1004 4346 1247 4401 Christus
1283 4365 1297 4400 :
1336 4347 1402 4401 In
1444 4349 1630 4402 mundo
1670 4367 1955 4418 pressuram

385 4437 622 4489 habebitis
643 4437 821 4507 (Joan.
848 4437 931 4491 16.
954 4437 1065 4511 55).
1089 4438 1280 4494 Beatus
1300 4454 1426 4493 vero
1446 4440 1657 4505 Paulus,
1682 4440 1747 4494 Et
1763 4458 1950 4505 cautes,

381 4529 473 4589 ait,
496 4529 578 4595 qui
609 4529 690 4597 pie
713 4528 882 4581 volunt
908 4530 1066 4583 vivere
1088 4530 1141 4583 in
1163 4529 1358 4584 Christo
1376 4530 1501 4584 Jesu
1527 4535 1953 4603 persequutiouent

383 4621 635 4686 potientur
664 4620 737 4692 (2.
770 4620 898 4675 Tim.
929 4624 981 4677 5.
1014 4621 1136 4691 12);
1168 4637 1274 4677 non
1300 4623 1441 4677 solas
1469 4622 1739 4677 hominum
1772 4640 1951 4693 perse-

383 4711 666 4777 quutiones
690 4713 891 4779 dicens,
921 4714 1013 4768 sed
1038 4722 1093 4768 et
1118 4713 1416 4769 darmonum
1443 4714 1676 4770 insidias.
1704 4715 1803 4771 Job
1822 4732 1953 4785 quo-

381 4816 503 4869 que,
533 4800 781 4869 Tentatio,
803 4805 989 4873 inquit,
1007 4816 1079 4859 est
1100 4805 1201 4859 vita
1221 4806 1435 4860 hominis
1455 4822 1604 4876 super
1625 4817 1809 4859 terram
1831 4806 1949 4878 (Job

382 4893 434 4945 7.
460 4894 537 4962 1).
558 4893 692 4960 Quid
719 4910 844 4965 ergo
868 4897 1094 4966 angeris,
1116 4898 1256 4966 quod
1284 4899 1333 4951 in
1359 4914 1607 4952 mrumnaa
1630 4900 1952 4967 temporibus

382 4978 627 5032 vexeris?
647 4978 794 5033 Tunc
816 4980 954 5033 enim
975 4981 1257 5035 dolendum
1284 4993 1444 5045 esset,
1475 4981 1521 5035 si
1545 4982 1684 5051 quod
1708 4982 1951 5037 Christus

384 5081 645 5136 pressura:
665 5076 871 5137 tempus
894 5068 1181 5139 deputavit,
1205 5070 1256 5125 id
1284 5086 1379 5125 nos
1398 5071 1699 5126 deliciarum
1724 5082 1777 5126 et
1802 5073 1950 5142 quie-

383 5162 450 5215 tis
479 5160 809 5229 faceremus;
840 5162 885 5216 si
916 5178 1020 5231 quo
1058 5172 1296 5231 tempore
1339 5178 1572 5232 pugnare
1611 5178 1673 5217 ac
1714 5163 1950 5218 laborare

377 5251 511 5321 jnssi
552 5265 766 5318 sumus,
805 5266 869 5306 eo
906 5261 1272 5321 torperemus;
1302 5252 1347 5307 si
1390 5252 1546 5307 latam
1587 5253 1950 5309 incederemus

381 5344 538 5407 viam,
566 5358 686 5397 cum
713 5343 798 5397 ille
820 5359 916 5414 per
939 5353 1213 5414 angustam
1253 5346 1562 5415 praeceperit
1588 5346 1839 5401 eundum.
1873 5347 1948 5402 Ita

382 5438 525 5491 enim
563 5438 862 5493 necessario
897 5438 1005 5508 jam
1049 5438 1202 5494 nobis
1233 5437 1477 5494 ferendus
1505 5450 1647 5494 esset
1686 5440 1949 5494 cruciatus

386 5529 473 5583 ille
501 5531 872 5599 sempiternus.
909 5530 1042 5597 Quid
1083 5546 1240 5601 ergo,
1274 5531 1509 5600 inquies,
1538 5530 1605 5585 de
1639 5530 1743 5585 illis
1776 5531 1906 5587 dicis
1929 5573 1945 5598 ,

384 5621 472 5687 qui
501 5630 555 5673 et
589 5621 640 5674 in
679 5620 782 5675 isto
823 5620 1019 5674 saeculo
1044 5621 1351 5690 gradiuntur
1390 5623 1441 5675 in
1479 5621 1782 5688 latitudine,
1813 5630 1868 5677 et
1894 5622 1947 5676 in

385 5708 558 5764 futuro
598 5711 835 5779 requiem
877 5710 1105 5765 habituri
1142 5712 1302 5766 sunt?
1327 5713 1493 5778 Quem
1534 5723 1587 5766 tu
1623 5713 1747 5767 mihi
1786 5713 1945 5769 talem

384 5800 567 5855 dabis?
594 5819 690 5873 ego
722 5803 861 5859 enim
903 5804 1066 5859 solius
1093 5804 1289 5860 Christi
1332 5804 1503 5862 verbis
1545 5807 1822 5875 acquiesco
1858 5806 1940 5861 di-

1227 394 1318 449 AD
1339 393 1704 450 STAGIRIUM
1742 395 1785 450 A
1825 391 2123 450 DEMONE
2164 392 2509 452 VEXATUM.
2548 396 2676 452 LIB.
2714 397 2775 451 ll.

3537 406 3639 459 ιεςι

2072 506 2239 561 centis
2271 525 2285 561 :
2313 509 2537 577 Angusta
2573 522 2617 563 et
2652 521 2793 563 arcta
2831 512 2908 563 via
2945 523 3048 578 est,
3081 529 3192 579 qua:
3218 515 3284 566 ad
3318 516 3468 568 vitam
3504 520 3643 569 dum

2073 595 2283 668 (Matth.
2318 599 2368 652 7.
2402 601 2491 671 14)
2526 618 2540 651 :
2570 602 2709 669 quod
2738 612 2913 655 autem
2955 619 3048 672 per
3075 616 3346 674 angustant
3373 609 3507 661 viam
3539 610 3643 662 late

2071 686 2133 740 iri
2176 704 2279 741 non
2320 691 2503 758 possit,
2546 693 2789 746 omnibus
2826 694 3061 761 profecto
3104 694 3282 764 liquet.
3314 696 3369 751 Si
3414 698 3555 750 enim
3587 700 3641 752 in

2070 778 2421 833 exterioribus
2440 783 2815 837 certaminibus
2835 785 3005 838 nullus
3026 785 3224 853 abSque
3251 787 3530 842 sudoribus
3552 803 3641 842 co-

2070 882 2254 922 ronam
2271 872 2591 936 retulit,cum
2607 880 2780 928 tamen
2798 874 3034 943 ejusdem
3051 884 3250 930 natura:
3261 888 3535 932 consortes
3550 878 3643 931 ba-

2070 959 2192 1015 beat
2210 962 2568 1018 adversarios:
2593 965 2679 1020 ubi
2707 965 2860 1019 nobis
2876 966 3095 1021 virtutes
3116 967 3216 1021 ill-.ze
3242 983 3464 1038 nequam
3486 966 3640 1022 oblu-

2069 1062 2297 1121 ctantur,
2315 1070 2421 1124 quo
2443 1067 2594 1126 pacto
2613 1059 2728 1112 sine
2754 1059 2974 1113 summis
2990 1059 3254 1115 laboribus
3277 1062 3642 1130 pressurisque

2069 1151 2123 1197 et
2135 1144 2389 1213 angustiis
2408 1146 2607 1199 illarum
2626 1148 2881 1202 insaniam
2897 1164 3149 1219 superare
3162 1151 3486 1219 poterimus?

2140 1237 2193 1292 5.
2225 1236 2485 1309 Exemplis
2512 1251 2797 1294 sanctorum
2823 1242 2877 1295 id
2902 1243 3133 1297 ostendit.
3160 1272 3230 1282 —
3249 1242 3352 1299 Sed
3378 1244 3519 1299 enim
3544 1258 3641 1299 nos

2068 1328 2317 1395 quamdiu
2347 1329 2641 1385 rationibus
2667 1332 2765 1385 ista
2799 1332 3114 1386 ventilamus
3134 1372 3151 1398 ,
3178 1346 3298 1387 cum
3326 1332 3483 1388 liceat
3506 1348 3640 1387 con-

2070 1416 2251 1487 fugere
2278 1418 2344 1472 ad
2384 1420 2569 1474 beatos
2598 1420 2717 1476 illos
2754 1437 2817 1477 ac
2859 1422 3204 1490 fortissimos,
3244 1424 3335 1494 qui
3378 1425 3641 1493 prioribus

2069 1506 2219 1563 fuere
2243 1511 2610 1580 temporibus?
2634 1513 2888 1567 Examina
2914 1515 3215 1586 diligentius
3239 1531 3333 1571 eos
3355 1557 3370 1581 ,
3402 1517 3493 1587 qui
3525 1517 3639 1571 fue-

2069 1608 2193 1653 runt
2236 1602 2637 1656 nominatissimi
2663 1644 2677 1667 ,
2717 1603 3026 1675 videbisque
3062 1621 3248 1660 omnes
3291 1606 3344 1659 in
3386 1608 3640 1676 angustiis

2070 1688 2314 1744 ﬁduciam
2341 1706 2463 1761 erga
2489 1692 2651 1747 Deum
2677 1692 2941 1749 habuisse.
2964 1695 3139 1764 Atque
3162 1696 3349 1765 primo,
3372 1698 3416 1751 si
3445 1698 3636 1765 placet,

2069 1780 2225 1848 primi
2277 1783 2510 1849 parentis
2560 1784 2900 1853 inspiciamus
2954 1786 3152 1850 lilium,
3208 1802 3399 1857 agnum
3443 1786 3639 1843 Christi

2069 1871 2221 1926 Abel.
2256 1872 2304 1927 ls
2328 1889 2446 1927 cum
2474 1875 2524 1928 in
2552 1876 2697 1930 nullo
2717 1876 2801 1945 jus
2831 1878 3098 1943 violasset,
3120 1893 3184 1934 ea
3208 1894 3396 1949 passus
3420 1891 3502 1935 est
3521 1897 3639 1951 ψιῶ

2068 1971 2340 2016 merentur
2373 1963 2442 2029 ii,
2474 1968 2563 2035 qui
2606 1966 2917 2035 gravissime
2965 1970 3318 2036 peccaverint.
3353 1970 3459 2026 Nos
3494 1974 3637 2026 enim

2068 2062 2403 2119 peccatorum
2432 2062 2732 2109 nostrorum
2761 2072 2944 2127 pinnas
2964 2059 3172 2124 damus,
3198 2062 3512 2115 tentationes
3534 2064 3639 2117 sci-

2068 2143 2223 2208 licet;
2248 2154 2302 2197 at
2329 2160 2454 2200 vero
2478 2146 2652 2214 justus
2677 2148 2766 2203 ille
2792 2149 2930 2204 nulla
2952 2151 3052 2205 alia
3074 2166 3229 2206 causa
3251 2155 3513 2208 cruciatus
3532 2166 3633 2222 est,

2068 2234 2168 2289 nisi
2207 2235 2329 2305 quia
2361 2235 2534 2304 justus
2561 2248 2694 2293 erat.
2737 2241 2813 2294 Ac
2845 2241 3093 2310 quamdiu
3132 2243 3331 2297 nullum
3370 2245 3636 2299 excellens

2070 2325 2279 2380 virtutis
2307 2341 2416 2381 suae
2442 2327 2809 2383 documentum
2831 2330 2994 2395 dedit,
3018 2333 3337 2402 agnoscebat
3362 2334 3503 2387 illum
3531 2334 3635 2389 fra-

2068 2425 2180 2481 ter;
2210 2416 2295 2471 ubi
2326 2432 2454 2473 vero
2478 2433 2542 2473 ex
2572 2420 2829 2475 sacriﬁcio
2856 2422 3032 2476 clarus
3058 2424 3259 2479 meritis
3288 2425 3488 2488 eluxit,
3524 2436 3632 2480 tum

2061 2506 2169 2577 jam
2198 2517 2438 2564 naturam
2459 2526 2667 2581 quoque
2696 2514 2860 2581 ipsam
2895 2516 2981 2569 ille
3010 2516 3285 2586 ignoravit,
3315 2518 3503 2572 invidia
3533 2520 3634 2573 sci-

2065 2599 2187 2655 licet
2211 2611 2458 2656 cmcatus.
2481 2601 2632 2658 Unde
2655 2619 2781 2659 vero
2802 2607 2935 2659 nosti
2958 2622 3023 2660 an
3045 2608 3202 2661 modo
3221 2624 3427 2677 quoque
3448 2610 3631 2663 eadem

2063 2705 2219 2745 causa
2244 2691 2510 2747 diabolum
2540 2694 2816 2748 adversum
2846 2706 2895 2749 te
2920 2698 3262 2752 concitaverit
3285 2699 3508 2768 vitaeque
3529 2709 3632 2752 tua:

2064 2782 2233 2854 fulgor
2262 2785 2413 2841 illum
2440 2786 2506 2840 ad
2537 2786 2673 2842 hanc
2698 2803 2923 2858 pugnam
2953 2789 3284 2843 evocaverit?
3310 2790 3459 2859 Quod
3487 2792 3531 2844 si
3558 2790 3631 2844 ri-

2062 2874 2190 2930 deas
2209 2877 2307 2930 ista
2328 2878 2648 2947 loquentem,
2676 2879 2830 2933 laudo
2854 2881 3064 2949 quidem
3094 2882 3438 2937 humilitatem
3465 2892 3627 2948 tuam,

2062 2984 2169 3022 non
2209 2979 2381 3025 tamen
2425 2972 2493 3025 ab
2534 2973 2630 3025 bac
2670 2974 2927 3027 sententia
2968 2973 3239 3028 desistam.
3269 2974 3324 3030 Si
3364 2975 3503 3029 enim
3542 2976 3630 3029 ille

2060 3060 2270 3129 adipem
2294 3060 2522 3116 offerens
2548 3063 2616 3116 ita
2646 3062 2752 3117 Deo
2778 3078 2932 3118 carus
2954 3072 3307 3134 acceptusque
3334 3064 3451 3130 fuit,
3475 3066 3519 3120 is
3541 3069 3627 3134 qui

2061 3152 2192 3206 nihil
2234 3153 2597 3219 extrinsecus,
2642 3154 2735 3209 sed
2778 3154 3011 3225 seipsum
3048 3165 3215 3210 totum
3258 3157 3447 3212 obtulit
3484 3159 3625 3222 Deo,

2060 3243 2227 3298 multo
2253 3242 2492 3312 profecto
2521 3246 2689 3315 magis
2716 3245 2994 3301 adversum
3022 3263 3081 3303 se
3113 3249 3419 3318 provocavit
3452 3249 3628 3303 inimi-

2060 3349 2200 3389 cum.
2227 3334 2367 3390 Deus
2394 3345 2569 3391 autem
2597 3346 2649 3391 te
2674 3337 2820 3394 illum
2846 3338 3092 3395 invadere
3118 3341 3373 3408 permisit,
3400 3341 3551 3395 sicuti
3575 3350 3629 3396 et

2060 3437 2184 3482 tunc
2203 3428 2403 3483 czedem
2424 3428 2563 3482 illam
2586 3427 2989 3499 haudquaquam
3009 3430 3300 3499 impedivit,
3322 3431 3417 3486 sed
3443 3446 3629 3500 passus

2057 3527 2142 3573 est
2157 3518 2360 3589 justum
2389 3518 2439 3572 in
2469 3520 2785 3589 sanguinarii
2813 3534 2999 3575 manus
3027 3521 3281 3589 incidere,
3309 3536 3480 3592 neque
3505 3537 3627 3576 eum

2058 3610 2280 3679 eripuit,
2313 3611 2401 3681 qui
2430 3621 2646 3681 propter
2672 3627 2730 3667 se
2758 3621 2913 3683 atque
2938 3614 3007 3669 ob
3045 3612 3301 3669 honorem
3332 3629 3483 3669 suum
3513 3629 3625 3667 ma-

2058 3702 2315 3757 ctabatur.
2352 3702 2528 3756 Noluit
2555 3704 2697 3757 enim
2743 3704 2815 3758 illi
2853 3719 3078 3759 coronas
3102 3720 3225 3759 suas
3258 3705 3421 3760 minui
3454 3724 3467 3758 :
3495 3721 3627 3774 quo-

2057 3793 2197 3847 circa
2223 3792 2289 3847 ad
2316 3793 2472 3847 linem
2501 3806 2668 3863 usque
2693 3793 2839 3848 illum
2865 3808 3082 3849 currere
3109 3796 3364 3864 permisit.
3392 3795 3460 3849 Et
3484 3797 3621 3866 quis,

2058 3885 2294 3955 inquies,
2320 3887 2583 3941 cruciatus
2607 3895 2692 3942 est
2719 3886 2898 3941 mors?
2929 3886 3140 3942 Utinam
3167 3888 3378 3958 quidem
3410 3889 3549 3943 hunc
3571 3899 3626 3944 et

2056 3991 2155 4047 ego
2174 3977 2405 4033 subirem
2426 3979 2743 4033 crueiatum!
2772 3979 2872 4033 Ista
2894 3995 3033 4034 nunc
3052 3980 3202 4046 dicis,
3230 3982 3621 4047 amantissime;

2056 4075 2111 4120 at
2137 4068 2281 4136 prius
2309 4083 2396 4122 res
2421 4070 2655 4124 omnium
2683 4072 2992 4139 gravissima
3020 4086 3138 4127 esse
3178 4073 3477 4142 putabatur,
3506 4088 3623 4126 om-

2056 4159 2214 4228 nique
2242 4174 2394 4228 poena
2424 4161 2793 4215 miserabilior.
2824 4162 3025 4217 Idcirco
3054 4163 3105 4217 in
3133 4163 3247 4233 lege
3275 4163 3437 4235 Moysi
3469 4164 3503 4218 ii
3533 4164 3623 4233 qui

2056 4252 2283 4305 maxima
2308 4267 2530 4321 quaeque
2558 4252 2903 4322 deliquissent
2927 4270 2989 4309 ac
3014 4257 3166 4309 venia
3194 4255 3423 4325 indigna,
3454 4266 3624 4310 morte

2056 4341 2462 4395 mulctabantur.
2493 4342 2596 4396 Sed
2624 4351 2676 4396 et
2700 4343 2838 4412 apud
2869 4345 3010 4412 ipsos
3034 4359 3243 4413 quoque
3272 4354 3519 4399 externos
3544 4346 3623 4399 le-

2054 4432 2408 4499 gumlatores,
2439 4433 2527 4501 qui
2569 4433 2621 4484 in
2661 4434 2904 4485 maximis
2944 4434 3361 4503 turpissimisque
3418 4433 3624 4506 ﬂagitiis

2055 4519 2521 4588 deprehenduntur
2541 4561 2557 4587 ,
2588 4538 2693 4575 non
2733 4522 2839 4576 alio
2871 4523 3128 4591 supplicio
3164 4522 3497 4590 aﬂieiuntur,
3530 4527 3629 4579 sed

2057 4620 2231 4665 tamen
2275 4611 2746 4679 perditissimorum
2791 4612 3059 4666 hominum
3101 4614 3413 4683 supplicium
3450 4616 3620 4683 justus

2054 4703 2144 4757 ille
2172 4704 2481 4773 perpetitur,
2509 4704 2614 4758 imo
2644 4719 2767 4759 vero
2795 4719 2859 4759 eo
2881 4706 3113 4773 gravius,
3144 4705 3282 4775 quod
3308 4716 3360 4761 et
3390 4706 3620 4762 fraterna

2054 4794 2238 4850 dextra
2280 4810 2562 4865 percussus
2590 4797 2851 4851 occubuit.
2883 4797 3018 4866 Quid
3056 4808 3232 4854 autem
3261 4800 3326 4854 de
3354 4800 3462 4854 Noe
3488 4800 3618 4853 dici-

2055 4889 2211 4942 mus?
2235 4888 2363 4942 Nam
2401 4898 2454 4942 et
2491 4889 2602 4957 ipse
2641 4888 2815 4959 justus
2844 4905 2905 4943 ac
2936 4890 3200 4958 perfectus
3243 4891 3339 4944 fuit
3366 4890 3516 4960 (Gen.
3549 4891 3607 4960 6)

2052 4979 2357 5048 cunctisque
2394 4981 2655 5046 corruptis
2688 4981 2834 5035 solus
2865 4981 3057 5050 placuit
3085 4981 3226 5045 Deo,
3256 4982 3470 5051 reliquis
3499 4998 3618 5037 om-

2054 5073 2207 5127 nibus
2239 5074 2385 5128 illum
2423 5074 2828 5129 offendentibus.
2869 5076 3173 5130 Innumeras
3208 5076 3360 5145 plane
3396 5077 3616 5129 tribula-

2055 5165 2225 5219 tiones
2263 5164 2477 5233 pertulit
2512 5165 2701 5219 multas
2725 5175 2775 5220 et
2806 5165 2991 5219 malas.
3021 5164 3203 5234 Neque
3229 5169 3369 5219 enim
3401 5174 3457 5219 nt
3485 5165 3618 5221 Abel

2052 5258 2304 5311 continuo
2332 5266 2569 5310 mortuus
2594 5267 2693 5320 est,
2726 5272 2894 5326 neque
2923 5257 2972 5311 id
3003 5271 3187 5325 passas
3215 5256 3353 5326 quod
3382 5256 3497 5311 leve
3526 5257 3617 5311 tibi

2052 5348 2291 5412 videtur;
2322 5348 2414 5403 sed
2446 5348 2800 5417 longissimam
2836 5348 2994 5401 vitam
3027 5347 3298 5412 toleravit,
3336 5356 3413 5401 tot
3450 5361 3618 5400 annos

2053 5440 2117 5493 iis
2145 5440 2231 5508 qui
2276 5438 2449 5493 ferunt
2485 5453 2646 5493 onera
2682 5438 3095 5508 gravissimeque
3135 5452 3344 5507 semper
3384 5437 3618 5505 pendere

2052 5540 2359 5602 premuntur
2385 5531 2551 5585 nihilo
2580 5530 2748 5585 levius
2776 5541 2863 5584 aut
2882 5530 3106 5600 quietius
3130 5528 3371 5583 affectus.
3396 5528 3505 5582 Hoc
3525 5543 3616 5579 au-

2052 5632 2158 5677 tem
2179 5623 2353 5677 statim
2374 5622 2703 5691 apertissime
2724 5622 2975 5690 probabo,
3004 5621 3127 5675 hinc
3151 5620 3352 5674 initium
3374 5636 3611 5675 sumens.

2052 5716 2262 5770 Annum
2290 5715 2548 5784 integrum
2574 5713 2675 5769 iste
2695 5712 2891 5767 carceri
2912 5711 3151 5766 addictus
3176 5710 3288 5773 fuit,
3312 5710 3616 5777 carcerique

2058 5805 2337 5879 peregrino
2365 5813 2417 5861 et
2442 5802 2725 5860 horrendo.
2767 5801 2835 5859 Ut
2860 5802 2999 5860 enim
3028 5800 3254 5861 ferarum
3301 5811 3353 5855 et
3397 5816 3615 5873 serpen-
