4036 6416
435 378 541 435 ‘55

437 492 568 548 tium
591 489 981 546 multitudinem
1002 489 1260 554 omittam,
1282 490 1592 559 quibuscum
1619 497 1763 542 tanto
1784 497 2020 556 tempore

435 582 575 636 vixit
615 581 669 635 in
717 581 880 636 tantis
919 581 1133 635 relictus
1173 580 1464 650 angustiis,
1505 581 1628 650 quid
1675 579 1820 633 illum
1859 577 2022 632 animi

437 673 688 728 habuisse
728 681 879 742 putas
924 676 1060 726 inter
1095 673 1228 726 adeo
1271 671 1508 740 ingentes
1555 680 1630 724 tot
1671 671 2020 725 tonitruorum

436 765 674 834 fragores
717 774 875 834 atque
920 765 1258 819 nimborum?
1300 765 1505 836 Quippe
1547 764 1766 819 inferior
1800 765 2024 835 abyssus

437 856 898 926 disrumpebatur,
930 859 1174 927 superior
1209 873 1412 913 summa
1446 859 1673 927 impetus
1699 859 1748 912 vi
1775 859 2022 913 demitte-

437 950 612 1016 batur,
641 965 762 1004 cum
791 950 1109 1006 intrinsecus
1138 952 1228 1006 ille
1256 967 1374 1005 cum
1408 951 1586 1006 liberis
1613 951 1828 1007 sederet
1851 951 2016 1006 solus.

438 1039 552 1095 Etsi
589 1043 731 1096 enim
763 1041 829 1096 de
857 1041 960 1096 line
989 1041 1278 1097 conlidere!
1299 1083 1316 1109 ,
1348 1058 1440 1112 per
1475 1057 1659 1097 eorum
1700 1051 1876 1097 tamen
1905 1058 2023 1112 quae

439 1132 638 1188 fiebant
663 1133 1052 1188 vehementiam
1081 1145 1224 1190 metu
1252 1135 1360 1190 fere
1385 1144 1736 1204 praemortuus
1761 1144 1894 1189 erat.
1924 1133 2022 1190 Ubi

437 1227 582 1282 enim
607 1242 708 1282 nos
734 1242 855 1281 cum
887 1227 1176 1282 habeamus
1204 1228 1392 1282 domos
1432 1228 1484 1281 in
1526 1236 1666 1282 terra
1705 1227 1862 1281 altius
1900 1225 2022 1280 fun-

437 1320 623 1386 datas,
679 1321 941 1391 urbesque
992 1320 1383 1385 inhabitemus,
1435 1329 1612 1374 tamen
1660 1323 1705 1374 si
1749 1318 2023 1372 videamus

438 1414 670 1482 pluviam
707 1414 790 1469 vel
834 1415 989 1482 paulo
1027 1413 1392 1468 vehementius
1429 1412 1586 1467 solito
1626 1411 1866 1478 demitti,
1896 1425 2024 1465 con-

437 1505 663 1559 cidimus
711 1512 962 1576 metuque
1011 1505 1424 1575 constringimur
1466 1520 1479 1558 :
1521 1504 1646 1574 quid
1699 1504 1789 1558 ille
1834 1516 2023 1572 passus

438 1596 764 1663 :estimetur,
795 1613 916 1651 cum
948 1597 1094 1652 solus
1123 1598 1266 1651 intus
1289 1606 1460 1662 esset,
1492 1597 1850 1666 abyssumque
1880 1595 2022 1648 illam

439 1685 740 1741 horrificam
761 1727 776 1751 ,
808 1701 871 1742 ac
899 1687 1042 1741 varia
1071 1701 1286 1754 eorum,
1318 1701 1437 1755 quae
1473 1685 1865 1740 suﬂ'ocabantur
1883 1726 1897 1749 ,
1926 1697 2023 1754 ge-

438 1793 568 1832 nera
591 1777 989 1832 consideraret?
1018 1779 1254 1848 Denique
1291 1777 1534 1832 sufficere
1567 1778 1702 1833 solet
1730 1776 1796 1830 ad
1827 1775 2023 1830 fericu-

436 1867 536 1922 dos
561 1883 770 1922 summo
797 1883 995 1938 pavore
1021 1870 1247 1936 animos,
1277 1869 1460 1924 urbem
1489 1885 1669 1933 unam,
1702 1869 1782 1923 vel
1805 1867 2022 1922 domum

439 1959 602 2012 etiam
654 1959 704 2014 vi
757 1959 930 2029 aliqua
990 1959 1349 2014 inundationis
1403 1960 1707 2029 absorptam
1763 1958 2023 2029 undisque

437 2060 678 2119 Opertam
716 2066 974 2117 cernere;
1006 2059 1062 2105 at
1090 2067 1216 2106 vero
1244 2051 1455 2122 quando
1485 2051 1535 2104 id
1571 2051 1714 2105 orbis
1746 2051 2023 2104 universus

439 2155 629 2210 passus
664 2149 778 2209 est,
810 2141 913 2197 dici
961 2158 1063 2196 non
1110 2152 1281 2211 potest
1319 2144 1406 2211 qui
1450 2141 1670 2196 affectus
1708 2142 1776 2195 sit
1814 2141 1895 2196 vir
1932 2141 2024 2196 ille

441 2247 561 2287 cum
595 2233 648 2287 in
679 2234 869 2288 mediis
910 2233 1153 2289 [luctibus
1195 2233 1646 2290 circumferretur.
1680 2232 1868 2287 Totum
1895 2247 2024 2302 ergo

439 2339 637 2378 annum
684 2324 831 2378 illum
877 2325 928 2379 in
977 2341 1042 2379 eo
1091 2335 1232 2379 metu
1279 2327 1402 2394 egit.
1452 2325 1587 2378 Cum
1634 2339 1762 2378 vero
1807 2323 2024 2378 tandem

439 2415 692 2470 diluvium
737 2426 1033 2484 cessasset,
1082 2417 1334 2487 paulatim
1383 2416 1594 2487 quidem
1638 2416 1747 2485 jam
1797 2415 2025 2470 cedebat

444 2518 650 2574 metus,
699 2507 794 2562 sed
836 2523 1037 2562 mceror
1079 2510 1406 2578 augebatur,
1462 2507 1913 2578 prodeuntemque
1955 2522 2022 2561 ex

441 2613 565 2654 arca
593 2606 880 2669 tempestas
910 2599 1011 2654 alia
1052 2601 1261 2668 excepit
1293 2600 1469 2668 priore
1506 2613 1613 2652 non
1653 2598 1856 2660 minor,
1901 2612 2022 2651 cum

443 2693 740 2748 intueretur
778 2692 1097 2747 horrendam
1138 2679 1292 2745 illam
1317 2691 1648 2747 solitudinem
1671 2732 1686 2757 ,
1734 2704 2024 2758 necemque

442 2782 587 2836 illam
610 2783 918 2849 vicleutam,
947 2791 1108 2852 atque
1134 2781 1533 2837 interfectorum
1561 2796 1783 2850 corpora
1813 2782 1938 2834 limo
1962 2795 2025 2836 ac

441 2873 554 2928 luto
581 2873 864 2944 permixta,
887 2883 1214 2944 cunctosque
1235 2874 1432 2943 pariter
1456 2873 1718 2940 homines,
1749 2882 1803 2926 et
1820 2873 2019 2938 asinos,

441 2973 497 3018 et
535 2974 725 3039 cmtcra
752 2964 836 3020 his
861 2965 1020 3020 etiam
1063 2965 1374 3035 ignobiliora
1409 2966 1752 3020 animantium
1796 2979 2019 3034 genera,

441 3071 548 3108 uno
582 3072 799 3124 prorsus
843 3057 1131 3112 miserabili
1175 3058 1418 3128 sepulcro
1469 3057 1678 3112 obruta.
1739 3057 1870 3112 Nam
1921 3057 2022 3111 etsi

440 3149 723 3204 admodum
752 3159 1059 3221 peccatores
1082 3150 1291 3206 fuerant
1311 3151 1398 3219 qui
1429 3151 1549 3205 talia
1582 3150 1817 3220 perpessi
1844 3156 2018 3215 erant,

442 3237 605 3293 homo
634 3249 807 3295 tamen
832 3249 946 3295 erat
969 3240 1097 3306 Noe,
1131 3241 1556 3310 contribuiesque
1583 3255 1709 3294 suos
1735 3254 1839 3294 non
1867 3246 2018 3309 pote-

441 3341 524 3387 rat
548 3348 652 3387 non
682 3333 944 3389 miserari.
968 3333 1172 3404 Quippe
1189 3343 1242 3389 et
1256 3333 1502 3389 Ezechiel
1527 3349 1646 3387 cum
1664 3333 1838 3403 justus
1856 3341 2018 3400 esset,

439 3435 598 3495 atque
627 3423 890 3480 lsraelitas
914 3427 1145 3482 maxime
1171 3428 1406 3482 omnium
1434 3427 1703 3497 improbos
1728 3442 2020 3498 cognosce-

438 3525 542 3581 ret,
564 3515 749 3571 videns
775 3525 949 3572 tamen
981 3518 1099 3572 illos
1116 3518 1342 3589 jngulari
1369 3529 1421 3574 et
1446 3533 1714 3585 corruere,
1749 3520 1849 3575 hoc
1879 3519 2019 3576 idem

441 3624 630 3680 passus
659 3618 774 3676 est,
823 3620 983 3680 atque
1012 3611 1358 3682 illacrymavit
1381 3656 1396 3678 ,
1437 3613 1644 3667 etiamsi
1682 3623 1835 3668 antea
1880 3613 2021 3668 Deus

441 3718 657 3757 omnem
706 3703 806 3772 ipsi
851 3703 1062 3758 illorum
1113 3705 1434 3772 impietatem
1483 3705 1809 3769 revelasset,
1862 3715 2022 3774 atque

444 3793 572 3862 ipsis
599 3793 766 3847 oculis
792 3793 1098 3850 intuendam
1129 3794 1458 3863 praebuisset,
1488 3805 1545 3849 ut
1567 3811 1685 3850 cum
1707 3795 1824 3849 illos
1845 3794 2019 3866 puniri

441 3884 747 3952 inSpiceret,
779 3897 899 3939 eam
946 3885 1301 3939 calamitatem
1345 3884 1556 3940 fortiter
1599 3884 1882 3954 perferret.
1915 3882 2021 3939 Sed

438 3983 616 4028 tamen
669 3990 788 4029 cum
842 3984 990 4030 tanto
1051 3977 1395 4045 prtescientia:
1448 3977 1640 4032 solatio
1693 3985 2021 4048 prwparatus

437 4075 599 4132 esset,
649 4065 720 4121 ita
762 4082 974 4138 quoque
1017 4068 1309 4138 angebatur
1349 4084 1531 4123 eorum
1572 4070 1846 4138 cladibus,
1894 4085 2018 4125 cor-

437 4171 706 4228 ruensque
733 4159 995 4215 clamabat
1018 4179 1030 4215 :
1053 4161 1167 4215 Heu
1200 4161 1348 4230 mihi,
1376 4159 1622 4228 Domine,
1654 4161 1790 4216 dele:
1820 4174 1873 4216 tu
1896 4162 2018 4216 reli-

433 4250 579 4329 quias
620 4249 788 4304 Israel
831 4250 1041 4322 (Ezech.
1075 4252 1127 4308 9.
1161 4253 1255 4322 8)?
1285 4254 1398 4308 Non
1430 4255 1596 4310 semel
1628 4264 1804 4310 autem
1844 4254 2018 4310 solum

434 4355 721 4410 perpessus
741 4350 843 4407 est,
877 4343 970 4396 sed
999 4352 1052 4396 et
1081 4344 1314 4398 secundo
1338 4360 1456 4399 cum
1487 4345 1796 4400 Jechoniam
1826 4361 2016 4402 cerne-

434 4439 519 4485 ret
547 4431 800 4486 occisum.
832 4433 1013 4504 itaque
1043 4443 1095 4488 et
1118 4434 1250 4503 Noe,
1280 4437 1486 4491 tametsi
1514 4437 1789 4492 innumera
1818 4439 2020 4494 sciebat

433 4519 646 4578 illorum
681 4538 801 4579 esse
830 4525 1054 4590 scelera,
1087 4540 1191 4578 non
1224 4535 1399 4580 tamen
1430 4527 1710 4582 Ezechiele
1733 4530 1845 4584 sive
1872 4529 2018 4586 Mose

433 4613 624 4670 fortior
646 4625 792 4670 erat:
818 4617 1014 4687 quippe
1035 4627 1088 4672 et
1113 4617 1202 4672 ille
1229 4633 1369 4688 saepe
1395 4618 1580 4673 eadem
1606 4635 1724 4690 quae
1759 4622 2017 4691 propheta

432 4720 623 4775 passus
668 4717 782 4772 est;
830 4719 1114 4779 peccantes
1153 4710 1365 4764 intuens
1409 4709 1691 4779 Hebraeos,
1750 4720 1875 4767 tunc
1922 4728 2018 4769 eos

433 4797 666 4854 maxime
703 4799 1084 4861 miserabatur,
1130 4800 1342 4870 quando
1386 4802 1635 4871 puniendi
1681 4812 1864 4870 erant,
1905 4819 2018 4858 ma-

431 4887 617 4958 gisque
641 4888 755 4961 ipse
780 4905 935 4959 quam
963 4892 1052 4960 qui
1081 4891 1435 4961 puniebantur
1457 4895 1766 4964 angebatur.
1793 4897 1862 4949 At
1883 4903 2015 4949 tem-

431 4995 565 5050 pore
591 4980 703 5036 Noe
739 4982 1015 5037 calamitas
1056 4984 1212 5055 longe
1255 4993 1370 5039 erat
1415 4986 1658 5054 gravior,
1703 4986 1898 5055 quippe
1926 4986 2014 5040 illa

434 5070 546 5124 sola
575 5071 836 5141 ejusmodi
867 5074 1171 5128 morsillata
1190 5084 1288 5129 est.
1310 5074 1440 5130 Cum
1460 5075 1616 5145 igitur
1641 5083 1718 5130 tot
1747 5091 2018 5145 premere-

432 5175 520 5221 tur
547 5169 719 5232 malis,
748 5169 1055 5236 solitudine,
1082 5173 1294 5229 miseria
1319 5174 1492 5242 gentis
1517 5189 1648 5242 sum,
1679 5176 2013 5246 pereuntium

433 5259 790 5330 multitudine,
823 5265 1011 5319 mortis
1039 5281 1256 5336 genere,
1289 5275 1445 5322 terrae
1475 5268 1635 5323 totius
1662 5269 2010 5334 desolatione,

429 5362 592 5423 atque
633 5353 864 5425 undique
894 5371 1093 5412 maeror
1132 5357 1488 5425 incresceret,
1521 5360 1610 5430 qui
1636 5375 1696 5415 se
1725 5359 2011 5416 vehemen-

433 5444 640 5500 tissime
666 5457 978 5502 concuteret
1002 5489 1016 5513 ,
1049 5449 1293 5518 adjicitur
1321 5451 1572 5505 continuo
1598 5452 1708 5505 nati
1733 5463 2012 5507 contume-

429 5537 501 5593 lia
522 5578 538 5604 ,
583 5552 672 5592 res
708 5538 920 5610 quidem
950 5540 1328 5607 intolerabilis,
1366 5543 1705 5613 turpitudinis
1733 5553 1783 5599 et
1814 5543 2013 5600 doloris

435 5627 778 5687 incredibilis.
807 5634 1016 5699 Quanto
1047 5636 1187 5691 enim
1219 5636 1510 5690 amicorum
1541 5628 1747 5705 probra
1767 5638 2013 5708 graviora

432 5738 591 5788 quam
623 5724 954 5780 inimicorum
985 5737 1128 5793 sunt,
1162 5739 1309 5784 tanto
1335 5729 1544 5800 injuriae
1570 5744 1600 5783 a
1634 5729 1755 5783 filiis
1778 5740 2012 5799 acceptae

425 5813 536 5874 illis
578 5818 736 5876 etiam
783 5818 1228 5880 intolerabiliores
1279 5831 1421 5878 sunt.
1470 5821 1604 5879 Cum
1656 5823 1796 5879 enim
1849 5838 2005 5894 quem

1143 373 1199 430 S.
1237 372 1514 430 JOANNIS
1537 369 2008 430 CHRYSOSTOMI
2045 369 2361 430 ARCllIEP.
2393 374 2923 440 CONSTANTINOP.

3602 363 3709 420 456

2125 495 2414 555 genuerat,
2459 504 2616 558 quem
2659 489 3011 556 educaverat,
3054 505 3212 561 quem
3239 490 3522 558 erudierat,
3549 489 3705 560 cujus

2125 575 2293 644 gratia
2317 576 2527 633 labores
2555 579 2811 648 plurimos
2837 594 2898 634 ac
2923 581 3132 636 dolores
3159 596 3420 651 curasque
3445 581 3705 636 tolerave~

2126 677 2246 733 rat,
2290 683 2411 724 eum
2441 685 2551 739 pra:
2581 673 2789 727 czctcris
2817 673 3350 728 contumeliosissime
3382 687 3441 728 se
3479 683 3709 728 tractare

2125 771 2392 826 cerneret,
2441 778 2509 817 ne
2552 762 2697 818 ferre
2735 763 2945 833 quidem
2988 765 3151 818 animi
3197 764 3435 819 dolorem
3475 774 3706 833 poterat.

2126 851 2458 908 Contumelia
2486 858 2681 926 quippe
2724 857 2890 911 libero
2918 856 3140 921 homini,
3173 866 3283 910 tum
3311 872 3407 926 per
3429 872 3488 912 se
3513 866 3594 912 est
3621 857 3710 911 in»

2127 945 2434 1013 tolerabilis,
2483 957 2593 1002 tum
2637 949 2681 1004 si
2723 965 2752 1003 a
2802 949 2926 1005 filiis
2967 951 3292 1016 manaverit,
3341 951 3394 1004 in
3435 960 3709 1020 stuporem

2125 1037 2289 1091 animi
2313 1040 2605 1107 convertit,
2637 1043 2854 1110 utpote‘
2904 1042 3256 1096 atrocissima.
3297 1041 3375 1096 Tu
3411 1042 3566 1097 velim
3593 1056 3706 1096 non

2126 1125 2180 1180 id
2205 1128 2365 1183 modo
2397 1127 2606 1185 facinus
2630 1131 2937 1187 consideres
2957 1173 2972 1197 ,
3005 1132 3096 1187 scd
3125 1148 3188 1186 ex
3225 1148 3289 1186 eo
3315 1133 3432 1202 ipso
3455 1132 3711 1202 conjicias

2125 1233 2284 1288 quam
2316 1221 2403 1275 ille
2429 1223 2814 1278 contumeliose
2857 1224 3022 1294 priori
3055 1223 3202 1278 omni
3231 1233 3471 1294 tempore
3501 1235 3712 1294 patrem

2127 1309 2390 1392 habuerit.
2429 1313 2528 1380 Qui
2571 1315 2712 1369 enim
2760 1326 3078 1385 pra-sentem
3122 1317 3298 1372 adhuc
3341 1327 3496 1372 tanta:
3541 1317 3713 1373 cladis

2127 1411 2386 1458 terrorem
2416 1404 2675 1471 habebat,
2717 1420 2781 1462 ac
2809 1422 2978 1477 nuper
3005 1423 3070 1462 ex
3113 1423 3327 1463 carcere
3354 1409 3444 1464 illo
3471 1411 3711 1475 exierat,

2127 1494 2378 1564 orbisque
2404 1497 2565 1551 totius
2587 1497 2944 1553 calamitatem
2969 1499 3200 1563 videbat,
3220 1515 3282 1553 ac
3308 1515 3374 1553 ne
3397 1502 3473 1554 sic
3493 1499 3710 1570 quidem

2126 1585 2439 1640 emendatus
2479 1586 2684 1654 fuerat,
2731 1587 2827 1644 sed
2867 1605 2988 1642 eum
3035 1605 3193 1659 quem
3225 1591 3442 1647 minime
3469 1594 3710 1644 omnium

2128 1675 2420 1742 debuerat,
2467 1681 2803 1736 contumeliis
2841 1679 3128 1744 afiiciebat,
3178 1697 3350 1751 neque
3381 1681 3712 1737 inﬁnitarum

2127 1768 2434 1823 mortalium
2481 1785 2610 1824 nece
2633 1812 2648 1835 ,
2697 1786 2871 1841 neque
2908 1772 3193 1826 solitudine
3220 1813 3234 1834 ,
3275 1787 3444 1841 neque
3475 1772 3563 1826 Dei
3591 1773 3709 1836 ira,

2127 1875 2302 1928 neque
2337 1862 2439 1914 alia
2477 1862 2579 1916 ulla
2621 1878 2803 1917 earum
2844 1860 3023 1919 rerum
3063 1881 3179 1934 qua:
3221 1874 3332 1918 tum
3375 1865 3712 1934 contigerant

2128 1950 2318 2003 melior
2361 1950 2582 2005 ali'ectus
2613 1951 2780 2006 fuerat
2805 1971 2817 2006 :
2841 1954 3135 2020 cujusmodi
3181 1953 3268 2008 ille
3296 1964 3418 2007 ante
3448 1953 3708 2007 diluvium

2127 2039 2255 2106 fuit,
2295 2057 2418 2096 cum
2461 2043 2717 2112 plurimos
2760 2044 3008 2111 haberet,
3056 2047 3143 2115 qui
3186 2061 3246 2101 se
3276 2045 3616 2101 hortarentur
3640 2044 3709 2099 ad

2127 2131 2290 2186 vitia?
2334 2133 2482 2188 Tunc
2507 2135 2649 2189 enim
2679 2135 2947 2205 profecto,
2995 2146 3120 2192 tunc
3163 2138 3492 2194 molestiores
3517 2138 3712 2193 ﬂuctus

2121 2223 2298 2294 justus
2328 2225 2416 2280 ille
2445 2227 2696 2296 pertulit,
2729 2243 2885 2298 quam
2927 2228 3126 2284 fuerint
3161 2231 3251 2301 qui
3281 2241 3402 2301 post
3430 2231 3481 2286 in
3506 2231 3713 2287 diluvio

2127 2317 2484 2387 contigerunt,
2537 2333 2657 2372 cum
2704 2334 2799 2388 per
2845 2321 3014 2374 [ilium
3058 2336 3232 2388 suum,
3288 2333 3398 2376 tum
3441 2338 3534 2392 per
3573 2325 3712 2378 alios

2127 2423 2334 2464 omnes.
2370 2408 2498 2462 Nam
2544 2409 2598 2464 in
2639 2410 2838 2465 diluvio
2875 2412 3086 2481 quidem
3115 2413 3229 2468 sola
3259 2414 3405 2468 illum
3437 2429 3698 2485 aquarum

2128 2503 2411 2558 multitudo
2449 2505 2798 2574 angustabat;
2841 2515 2965 2559 ante
2989 2505 3243 2560 diluvium
3274 2517 3448 2562 autem
3477 2507 3712 2576 undique

2129 2595 2378 2664 nequitiae
2399 2595 2591 2667 abysso
2607 2596 3077 2666 comprimebatur,
3095 2613 3158 2652 ac
3173 2598 3532 2654 vehementius
3549 2613 3711 2667 quam

2130 2687 2379 2744 ﬂuctibus
2422 2688 2629 2744 insidiis
2677 2689 3123 2759 nequissimorum
3172 2689 3444 2745 hominum
3491 2689 3716 2745 collide-

2129 2782 2304 2834 batur.
2332 2780 2488 2834 Solus
2514 2779 2655 2834 enim
2677 2781 2895 2836 relictus
2916 2781 2967 2835 in
2998 2790 3144 2836 tanta
3170 2781 3515 2837 scelestorum
3539 2781 3715 2836 bomi-

2128 2890 2254 2928 num
2306 2873 2798 2946 ﬂagitiosorumque
2827 2877 3204 2944 multitudine,
3249 2878 3349 2933 etsi
3392 2877 3524 2933 nihil
3566 2880 3712 2935 aliud

2128 2969 2467 3039 patiebatur,
2523 2970 2798 3025 irrisiones
2848 2981 3022 3025 tamen
3068 2971 3322 3041 plurimas
3376 2986 3441 3026 ac
3489 2972 3712 3028 dicteria

2127 3062 2365 3134 quOtidie
2413 3063 2836 3132 i'erebatzidque
2875 3065 2920 3118 si
2969 3081 3074 3118 non
3103 3073 3296 3127 antea,
3341 3073 3449 3119 tum
3481 3067 3715 3121 maxime

2126 3155 2339 3224 quando
2365 3156 2470 3210 illis
2495 3155 2563 3210 de
2587 3170 2708 3210 arca
2737 3155 2882 3211 etde
2925 3154 3117 3211 futuris
3159 3157 3394 3212 cladibus
3435 3159 3592 3213 verba
3635 3159 3715 3212 fa-

2126 3245 2322 3301 ciebat.
2349 3245 2493 3301 lstud
2517 3261 2646 3301 vero
2665 3255 2915 3316 quantam
2945 3248 3049 3301 vim
3074 3246 3267 3302 habeat
3295 3247 3359 3302 ad
3389 3249 3712 3317 perturban-

2127 3338 2223 3393 dos
2251 3339 2479 3402 animos,
2512 3348 2736 3394 testatur
2754 3339 2843 3408 qui
2870 3354 2936 3394 ex
2963 3348 3114 3393 utero
3138 3340 3323 3394 matris
3351 3339 3714 3394 sanctiﬁcatus

2125 3440 2208 3487 est
2236 3431 2514 3497 Jeremias,
2539 3433 2627 3501 qui
2651 3441 2931 3502 propterea
2955 3432 3282 3502 prophetiam
3304 3448 3514 3503 quoque
3537 3433 3710 3502 ipsam

2129 3524 2429 3593 relinquere
2457 3523 2831 3578 meditabatur.
2861 3522 2987 3576 Dixi
3015 3524 3187 3590 enim,
3221 3524 3408 3593 inquit,
3439 3540 3546 3578 neu
3582 3543 3708 3594 pro-

2128 3615 2340 3684 phetabo
2367 3615 2498 3687 (Jer.
2528 3615 2618 3670 20.
2648 3615 2728 3686 9).
2761 3615 3024 3669 Prmterea
3058 3615 3111 3668 id
3139 3615 3333 3681 solum,
3360 3615 3502 3684 quod
3530 3616 3711 3671 nullus

2127 3707 2198 3760 illi
2225 3716 2340 3760 erat
2369 3706 2652 3772 unanimis,
2684 3707 2966 3774 nullusque
2992 3706 3102 3759 suis
3127 3705 3362 3759 moribus
3392 3705 3702 3769 conformis,

2125 3807 2380 3867 quantum
2412 3796 2487 3850 illi
2529 3797 2707 3862 tzedii,
2747 3805 3004 3864 quantum
3047 3807 3202 3865 putas
3229 3797 3472 3850 mmroris
3498 3795 3709 3850 otl‘nde-

2125 3888 2241 3942 rat?
2269 3887 2452 3957 Neque
2483 3888 2602 3942 ideo
2629 3897 2830 3941 tantum
2854 3887 3163 3957 angebatur,
3191 3903 3372 3941 verum
3403 3903 3470 3942 ex
3495 3887 3706 3941 illorum

2125 3979 2464 4033 miseratione
2483 3977 2746 4034 cruciatus
2768 3978 3077 4032 innumeros
3095 3977 3407 4046 patiebatur.
3428 3977 3541 4032 Non
3563 3980 3707 4032 enim

2126 4077 2250 4124 tunc
2279 4069 2448 4124 solum
2479 4076 2705 4124 moerent
2730 4069 2828 4123 viri
2854 4069 3018 4138 justi,
3044 4083 3164 4123 cum
3195 4084 3387 4139 pravos
3413 4070 3706 4125 morientes

2123 4160 2407 4229 aspiciunt,
2433 4160 2526 4214 sed
2554 4160 2716 4215 etiam
2741 4174 2862 4214 cum
2895 4167 3177 4229 peccantes
3203 4158 3414 4225 vident;
3442 4160 3547 4214 imo
3575 4176 3706 4215 vero

2123 4251 2290 4305 multo
2330 4250 2558 4320 amplius
2599 4250 2704 4305 hoc
2744 4265 2903 4320 quam
2952 4249 3045 4304 illo
3095 4249 3591 4320 cruciantur:quod
3639 4264 3703 4306 ex

2123 4341 2398 4412 prophetis
2429 4341 2680 4398 facillime
2711 4341 3062 4397 animadverti
3099 4351 3292 4411 potest.
3336 4342 3484 4396 Alius
3511 4341 3707 4412 quippe

2123 4434 2329 4488 illorum
2360 4449 2538 4489 amare
2570 4433 2960 4503 ingemiscens:
2991 4432 3097 4499 νω,
3129 4433 3316 4504 inquit,
3346 4434 3540 4497 anima,
3583 4435 3707 4503 quia

2122 4527 2270 4596 periit
2301 4528 2416 4596 pius
2454 4527 2517 4580 de
2546 4537 2709 4592 terra,
2753 4543 2841 4580 nec
2885 4536 2959 4580 est
3002 4528 3056 4580 in
3102 4527 3417 4592 hominibus,
3459 4527 3706 4598 quiquod

2120 4629 2308 4673 rectum
2342 4629 2416 4672 est
2451 4619 2606 4689 faciat
2635 4617 2822 4689 (Mich.
2852 4619 2904 4674 7.
2943 4617 3020 4689 Ξ).
3054 4618 3204 4672 Alius
3225 4617 3293 4672 ad
3324 4619 3486 4673 Deum
3515 4618 3706 4688 loque-

2121 4711 2274 4765 batur
2301 4728 2314 4764 :
2342 4711 2513 4777 Quare
2562 4710 2824 4764 ostendisti
2863 4711 2987 4763 mihi
3016 4710 3210 4763 labores
3239 4719 3285 4763 et
3317 4710 3515 4764 dolores
3540 4710 3710 4764 videre

2121 4801 2345 4868 (Habac.
2384 4803 2435 4855 1.
2469 4801 2548 4872 5).
2577 4801 2645 4855 Et
2671 4800 2739 4856 de
2767 4801 2832 4855 iis
2859 4803 2946 4869 qui
2991 4801 3200 4870 injuriis
3229 4800 3701 4870 opprimebantur,

2120 4896 2343 4950 nimium
2390 4895 2681 4950 condolens
2726 4894 2939 4964 lugebat
2983 4895 3166 4950 dicens
3201 4911 3214 4946 :
3247 4893 3434 4948 Facies
3480 4895 3703 4948 hemina

2119 4998 2173 5040 ut
2214 4989 2371 5057 pisces
2399 4989 2555 5042 maris
2581 5005 2682 5042 non
2723 4988 2958 5042 habentes
2987 4988 3163 5042 ducem
3190 4987 3354 5058 (Ibid.
3389 4987 3502 5058 H).
3550 4987 3702 5054 Quod

2119 5083 2162 5136 si
2195 5091 2316 5136 tunc
2339 5082 2434 5136 ista
2453 5082 2853 5152 contingebant,
2873 5097 2993 5137 cum
3014 5082 3159 5152 leges
3175 5081 3477 5136 constitutae
3497 5089 3701 5143 essent,

2119 5184 2172 5228 et
2201 5175 2466 5244 principes
2488 5216 2502 5239 ,
2534 5183 2588 5229 et
2607 5174 2826 5244 judicia,
2861 5184 2915 5229 et
2939 5174 3244 5230 sacerdotes
3267 5215 3280 5238 ,
3311 5184 3364 5228 et
3394 5174 3694 5244 prophetae,

2117 5274 2171 5320 et
2195 5264 2479 5335 supplicia,
2513 5266 2790 5320 considera
2820 5274 3015 5336 quanta
3055 5265 3394 5335 impudentiae
3434 5265 3696 5333 magnitu-

2117 5356 2244 5413 dine
2271 5357 2370 5412 sub
2395 5357 2506 5412 Noe
2540 5366 2733 5412 cuncta
2773 5357 2978 5412 scelera
3015 5356 3485 5412 committebantur
3507 5396 3524 5420 ,
3568 5367 3690 5409 cum

2117 5449 2264 5504 nullo
2303 5448 2492 5503 horum
2532 5449 2706 5504 adhuc
2750 5448 2994 5503 homines
3039 5448 3436 5502 cohiberentur.
3488 5447 3556 5501 Et
3599 5448 3701 5500 sui.

2118 5541 2392 5611 pr0phetis
2419 5541 2630 5610 quidem
2663 5556 2768 5594 non
2808 5539 2963 5594 valde
3005 5540 3243 5610 longaeva
3283 5547 3398 5593 erat
3433 5538 3572 5603 vita,
3604 5537 3700 5592 sed

2116 5634 2450 5704 septuaginta
2485 5633 2569 5688 vel
2608 5632 2876 5703 octoginta
2921 5631 3073 5686 annis
3114 5630 3528 5694 terminabatur;
3575 5643 3704 5684 tunc

2183 5769 2198 5799 ⁸
2235 5775 2362 5826 Haec,
2381 5772 2538 5828 utpote
2561 5765 2875 5826 atrocissima,
2900 5765 3077 5814 desunt
3098 5766 3147 5815 in
3170 5762 3296 5813 Colh.
3322 5773 3377 5828 et
3393 5764 3442 5814 in
3468 5766 3709 5815 textuSa-

2127 5827 2229 5893 vil.,
2253 5825 2602 5881 sed’babentur
2625 5829 2673 5878 in
2696 5827 2854 5878 alorci.
2883 5829 3004 5878 etin
3026 5829 3243 5891 margine
3262 5825 3398 5878 sani.
