4036 6416
247 374 352 434 455

245 509 350 560 την
377 491 784 562 ἀπειλημμένος
832 492 1210 561 στενοχωρίαν,
1259 491 1312 543 τί
1347 491 1450 544 οῖει
1496 490 1724 559 πάσχειν
1759 487 1920 542 αὑτὸν

251 581 356 636 61:6
403 580 499 635 τοῦ
530 583 775 650 πατάγου
826 579 936 635 τῶν
989 581 1244 652 βροντῶν,
1286 581 1391 635 61:6
1442 580 1536 634 τοῦ
1575 580 1748 650 ψόφου
1811 579 1922 632 τῶν

249 667 460 735 ὑετῶνς
495 670 763 733 Ἀϐυσσος
809 672 842 740 ἡ
896 671 992 740 μέν
1050 669 1294 723 κάτωθεν
1333 670 1725 740 ἀνερρήγνυτο,
1779 671 1812 739 ἡ
1865 667 1922 721 δὲ

249 759 454 814 ἄνωθεν
485 757 814 829 κατεφέρετο
847 769 898 797 α·
951 761 979 811 6
1020 757 1078 810 66
1123 758 1268 811 ἔνδον
1309 757 1540 828 ἐκάθητο
1589 757 1748 827 μόνος
1785 756 1923 826 μετὰ

248 847 358 901 τῶν
390 847 538 902 υἱῶν.
593 847 657 900 Εί
685 845 794 914 γὰρ
823 846 916 898 καὶ
967 846 1108 916 ὑπὲρ
1137 845 1231 898 τοῦ
1286 845 1474 910 τέλους
1529 840 1643 915 εἶχε
1677 843 1918 916 θαρρεῖν,

250 935 385 988 ἀλλά
416 937 480 1004 τῇ
507 933 615 986 τῶν
641 933 940 1003 γινομένων
981 933 1300 1004 σφοδρότητι
1330 931 1793 1004 προαπετεθνήκει
1844 931 1923 1000 τῷ

249 1022 378 1076 δέει.
408 1022 581 1074 Ὅπου
614 1021 724 1092 γὰρ
766 1022 930 1092 ἡμεῖς
959 1021 1135 1085 οἰκίας
1181 1020 1392 1091 ἔχοντες
1440 1021 1784 1093 ήδρασμένας
1828 1020 1922 1072 ἐπὶ

250 1108 349 1178 τῆς
383 1108 503 1178 γῆς,
542 1108 635 1161 καὶ
665 1107 848 1172 πόλεις
873 1107 1168 1172 οἰκοῦντες,
1201 1109 1350 1178 ὅμως
1378 1109 1506 1162 ὅταν
1560 1108 1759 1178 ἴδωμεν
1792 1124 1922 1160 κατ-

249 1196 534 1266 ενεχθέντα
564 1196 921 1268 σφοδρότερον
943 1196 1122 1264 ὀλίγον
1145 1196 1240 1250 τοῦ
1277 1197 1538 1266 συνήθους
1561 1197 1734 1262 ὑετὸν,
1762 1213 1923 1249 κατα-

250 1287 519 1356 πίπτομεν
559 1288 650 1339 καὶ
680 1285 1097 1356 συστελλόμεθα,
1143 1285 1197 1338 τί
1241 1286 1342 1339 οὑκ
1390 1285 1456 1340 ἂν
1504 1288 1710 1348 ἐκεῖνος
1751 1285 1920 1338 ἐπαθε

253 1377 411 1446 μόνος
433 1376 578 1429 ἔνδον
609 1374 704 1438 ῶν,
735 1375 830 1428 καὶ
852 1377 950 1446 τὴν
969 1376 1410 1448 φρικωδεστάτην
1443 1376 1654 1446 ἐκείνην
1685 1374 1921 1429 ἄϐυσσον

249 1463 445 1516 ἐννοῶν
482 1465 573 1517 καὶ
595 1466 703 1516 τῶν
740 1465 1147 1533 ἀποπνιγέντων
1171 1465 1238 1520 τά
1257 1465 1486 1537 διάφορα
1509 1464 1642 1534 γένη
1671 1481 1685 1529 ;
1714 1463 1918 1516 Ἱκανὸν

253 1551 350 1620 μὲν
374 1547 466 1604 οῦν
498 1551 761 1622 ἐκπλῆξαι
793 1552 968 1624 ψυχὴν
991 1554 1084 1606 καὶ
1116 1553 1178 1606 τὸ
1204 1553 1357 1606 πόλιν
1404 1553 1532 1623 μίαν
1559 1551 1593 1622 ἢ
1633 1553 1726 1605 καὶ
1747 1551 1920 1604 οἰκίαν

253 1638 420 1709 μόνην
443 1639 860 1693 ἐπικλυσθεῖσαν
893 1639 1234 1710 καλυφθῆναι
1264 1643 1376 1704 τοῖς
1401 1640 1628 1710 κύμασι,
1649 1639 1710 1692 τὸ
1735 1639 1791 1692 δέ
1820 1640 1918 1710 τὴν

250 1726 575 1797 οἰκουμένην
603 1729 780 1780 πᾶσαν
802 1727 959 1780 τοῦτο
987 1727 1202 1792 παθεῖν,
1242 1727 1361 1780 οὑδέ
1402 1728 1547 1781 ἐστιν
1582 1728 1773 1790 εἰπεῖν,
1803 1725 1920 1790 πῶς

252 1815 318 1868 ἂν
339 1815 554 1887 διέθηκε
588 1816 680 1868 τὸν
735 1819 793 1869 ἐν
832 1817 981 1888 μέσῳ
1017 1817 1095 1888 τῷ
1141 1816 1418 1888 κλυδωνίῳ
1468 1815 1916 1888 περιφερόμενον.

250 1903 354 1956 Τὸν
391 1904 488 1974 μὲν
543 1899 635 1957 οῦν
675 1905 920 1956 ἐνιαυτὸν
955 1905 1160 1957 ἐκεῖνον
1211 1903 1450 1975 τοσούτῳ
1485 1904 1756 1974 συνείχετο
1789 1901 1917 1956 δέει.

263 1992 478 2063 Ἐπειδὴ
500 1992 554 2046 δέ
583 2010 711 2046 ποτε
750 1993 778 2045 ὁ
807 1991 1186 2063 κατακλυσμὸς
1230 1991 1525 2054 ἐπαύσατο,
1566 1992 1594 2044 6
1629 1993 1726 2062 μέν
1758 1990 1921 2060 φόϐος

250 2081 484 2138 ἐνεδίδου
522 2080 727 2145 λοιπὸν,
763 2080 1070 2134 ἐπετείνετο
1110 2079 1167 2134 δέ
1206 2080 1274 2132 τά
1321 2080 1418 2150 τῆς
1467 2079 1703 2150 ἀθυμίας
1751 2077 1919 2148 αὐτῷ,

250 2169 344 2220 καὶ
404 2173 503 2238 τῆς
553 2166 784 2220 κιϐωτοῦ
837 2166 1192 2238 προκύψαντα
1219 2167 1427 2236 χειμὼν
1455 2167 1641 2234 ἕτερος
1657 2165 1922 2236 διεδέχετο

249 2255 342 2308 τοῦ
373 2255 636 2327 προτέρου
661 2255 758 2325 οὐχ
777 2256 976 2325 ἥττων.
1024 2254 1121 2324 τὴν
1167 2254 1368 2326 πολλὴν
1407 2255 1642 2326 ἐρημίαν
1686 2253 1918 2324 όρῶντα,

250 2342 456 2395 καὶτὸν
486 2341 658 2411 βίαιον
709 2340 935 2394 θάνατον
964 2343 1188 2405 ἐκεῖνον,
1238 2344 1330 2395 καὶ
1373 2341 1484 2394 τῶν
1527 2340 1922 2412 ἀναιρεθέντων

249 2430 317 2483 τὰ
345 2428 570 2499 σώματα
599 2431 663 2500 τῇ
691 2429 794 2482 ίλύῖ
823 2429 1144 2500 πεφυρμένα
1171 2432 1263 2483 καὶ
1295 2429 1372 2499 τῷ
1403 2429 1577 2500 πηλῷ,
1599 2433 1690 2482 καὶ
1715 2429 1922 2492 πάντας

249 2518 384 2587 ὁμοῦ
414 2516 727 2590 ἀνθρώπους
751 2535 809 2570 τε
841 2517 937 2570 καὶ
968 2517 1122 2580 δνους
1161 2519 1254 2571 καὶ
1281 2519 1348 2570 τά
1385 2517 1590 2571 τούτων
1627 2517 1920 2588 ἀτιμότερα

250 2607 378 2677 γένη
427 2609 525 2678 μιᾷ
570 2609 636 2677 τῇ
693 2606 1030 2677 ἐλεεινοτάτῃ
1068 2605 1487 2676 καταχωσθέντα
1533 2609 1699 2678 ταφῇ.
1731 2608 1920 2682 Είγάρ

249 2698 345 2750 καὶ
377 2698 580 2768 σφόδρα
611 2697 923 2769 ἁμαρτωλοὶ
951 2700 998 2750 οἱ
1035 2697 1207 2753 ταῦτα
1241 2699 1566 2761 πεπονθότες
1612 2695 1772 2768 ἦσαν,
1806 2697 1920 2753 ἀλλ’

250 2787 399 2854 ὅμως
428 2785 709 2857 ἄνθρωπος
749 2781 816 2856 ἦν
848 2787 876 2838 6
904 2786 1056 2852 Νῶε,
1097 2787 1190 2840 καὶ
1220 2786 1422 2856 ἔπασχέ
1450 2803 1501 2839 τι
1535 2785 1670 2857 πρὸς
1701 2785 1762 2838 τὺ
1793 2786 1922 2856 ὁμό-

250 2873 436 2941 φυλον.
464 2874 574 2926 Καὶ
610 2874 719 2946 γὰρ
746 2876 774 2927 6
801 2875 1059 2946 Ἰεζεκιὴλ
1079 2875 1284 2938 δίκαιος
1316 2875 1412 2938 ὢν,
1436 2875 1531 2927 καὶ
1559 2876 1682 2938 τοὺς
1714 2875 1924 2946 Ἰσραη-

249 2959 404 3023 λίτας
453 2961 684 3032 μάλιστα
716 2962 932 3015 πάντων
975 2963 1370 3034 πονηροτάτους
1405 2963 1580 3026 εἰδὼς,
1635 2963 1723 3016 ὅτε
1753 2981 1915 3017 κατα-

253 3049 653 3118 σφαττομένους
700 3045 806 3102 εἶδε
856 3050 949 3103 καὶ
997 3051 1455 3114 καταπίπτοντας,
1478 3050 1634 3103 τοῦτο
1660 3050 1720 3103 τὸ
1746 3051 1923 3104 κοινὸν

252 3134 424 3189 ἔπαθε
456 3136 551 3189 καὶ
589 3136 874 3208 ἐδάκρυσε’
915 3139 1090 3192 καίτοι
1128 3139 1216 3192 διά
1245 3138 1401 3192 τοῦτο
1431 3138 1717 3210 προλαϐὼν
1739 3141 1767 3193 ό
1792 3139 1923 3204 Θεὸς

252 3223 472 3276 ἅπασαν
502 3223 649 3294 αὑτῷ
669 3224 768 3294 τὴν
797 3225 1049 3279 ἀσέϐειαν
1077 3225 1254 3279 αὐτῶν
1276 3224 1596 3296 ἐξεκάλυψε,
1624 3227 1716 3279 καὶ
1740 3225 1922 3290 αὑτοῖς

251 3311 547 3382 ὀφθαλμοῖς
596 3313 765 3381 αὐτὴν
818 3315 1148 3368 ἐποπτεῦσαι
1179 3314 1612 3386 παρεσκεύασεν,
1673 3314 1736 3368 ἶν’
1792 3317 1922 3369 ὅταν

249 3400 449 3464 αὑτοὺς
500 3401 898 3471 κολαζομένους
944 3401 1049 3474 ἴδῃ,
1099 3403 1362 3472 γενναίως
1399 3403 1602 3476 ἐνέγκῃ
1640 3403 1738 3475 τὴν
1786 3422 1921 3474 συμο

253 3487 445 3559 φοράν.
489 3487 628 3542 Ἀλλ’
655 3489 804 3559 ὅμως
855 3490 949 3543 καὶ
992 3491 1260 3562 τοσαύτης
1300 3493 1653 3563 παραμυθίας
1704 3509 1922 3564 προπα-

253 3575 722 3645 ρασκευασθείσης
747 3577 915 3647 αὑτῷ,
967 3577 1062 3631 καὶ
1107 3579 1280 3641 οὑτως
1302 3579 1584 3649 ἠλέγχετο,
1617 3578 1711 3632 καὶ
1741 3579 1924 3632 πεσὼν

251 3663 380 3716 ἐϐόα
427 3662 620 3732 λέγων·
655 3665 842 3733 Οἶμοι,
894 3665 1093 3735 Κύριε,
1128 3667 1466 3736 ἐξαλείφεις
1515 3667 1596 3720 σὺ
1632 3667 1700 3721 τὸ
1745 3667 1923 3721 κατά-

251 3753 469 3805 λοιπον
496 3751 602 3804 τοῦ
645 3753 922 3822 Ἰσραήλς
951 3755 1062 3825 Οὐχ
1092 3754 1239 3820 ἅπαξ
1266 3755 1322 3809 66
1355 3755 1510 3809 τοῦτο
1538 3755 1704 3810 ἔπαθε
1737 3759 1918 3828 μόνον,

252 3838 389 3892 ἀλλά
412 3840 506 3891 καὶ
529 3839 690 3892 πάλιν
732 3841 820 3893 ὅτε
871 3841 962 3894 τὸν
1005 3843 1260 3912 Ἰεχονίαν
1315 3838 1452 3897 εἶδεν
1505 3845 1916 3915 ἀναιρούμενον.

251 3924 416 3978 Ὠστε
443 3928 536 3980 καὶ
565 3930 594 3980 ό
623 3927 744 3980 Νῶε
769 3931 814 3981 εί
841 3931 934 3982 καὶ
963 3931 1132 4002 μυρία
1160 3931 1341 3995 αὑτοῖς
1385 3931 1600 4002 συνῄδει
1627 3933 1790 3996 κακὰ,
1821 3932 1922 3985 οὑκ

251 4008 319 4082 ῆν
345 4012 467 4066 οὔτε
494 4014 705 4077 τούτου,
732 4014 854 4068 οὔτε
914 4017 1008 4070 τοῦ
1071 4019 1316 4081 Μωσέως
1368 4018 1758 4090 ἀνδρειότερος.
1810 4019 1921 4073 Καὶ

253 4102 362 4174 γάρ
392 4102 486 4156 καὶ
534 4101 741 4166 ἐκεῖνος
778 4103 845 4158 τά
875 4103 1013 4157 αὑτά
1064 4104 1214 4176 [18η
1251 4104 1330 4175 τῷ
1359 4107 1610 4177 προφήτῃ
1663 4106 1921 4170 πολλάκις

252 4189 440 4254 ἔπαθε,
469 4191 564 4242 καὶ
602 4191 1009 4262 ἁμαρτάνοντας
1047 4193 1209 4263 όρῶν,
1248 4194 1336 4246 ὅτε
1389 4194 1748 4264 τιμωρεῖσθαι
1794 4194 1919 4258 ἔδει,

253 4279 427 4348 ἤλγει,
460 4278 553 4332 καὶ
591 4279 788 4349 μᾶλλον
821 4281 848 4319 ι)
871 4280 1112 4333 ὠδυνᾶτο
1155 4279 1262 4332 τῶν
1308 4280 1685 4350 κολαζομένων
1720 4281 1920 4336 αὐτῶν.

265 4367 387 4420 Ἐπὶ
417 4367 472 4420 66
491 4367 583 4420 τοῦ
607 4368 728 4420 Νῶε
763 4370 855 4422 καὶ
883 4371 916 4438 ἡ
954 4366 1207 4438 συμφορὰ
1246 4367 1602 4440 χαλεπωτέρα
1639 4363 1727 4439 ἦν·
1764 4370 1922 4440 μόνος

261 4455 364 4527 γὰρ
388 4458 593 4519 ἐκεῖνος
639 4455 876 4519 τοιοῦτος
905 4457 1120 4524 ἐγένετο
1148 4455 1395 4518 θάνατος.
1429 4455 1717 4520 Τοσούτοις
1744 4457 1922 4511 τοίνυν

254 4543 598 4614 συνεχομένῳ
638 4547 848 4607 κακοῖς,
880 4546 945 4615 τῇ
1000 4541 1252 4613 μονώσει,
1280 4546 1347 4614 τῇ
1377 4543 1514 4614 πρὸς
1556 4543 1618 4596 τὸ
1650 4543 1922 4614 ὁμόφυλον

254 4632 587 4703 συμπαθείᾳ,
615 4633 693 4702 τῷ
723 4632 914 4703 πλήθει
942 4633 1051 4686 τῶν
1081 4633 1464 4694 ἀπολωλότων,
1498 4633 1577 4702 τῷ
1606 4633 1795 4705 τρόπῳ
1824 4635 1921 4704 τῆς

252 4720 530 4790 τελευτῆς,
583 4723 649 4791 τῇ
680 4721 780 4789 τῆς
805 4721 906 4790 γῆς
946 4721 1168 4791 ἐρημίᾳ,
1204 4722 1298 4774 καὶ
1337 4721 1600 4776 πάντοθεν
1645 4721 1794 4791 αὑτῷ
1823 4723 1921 4792 τῆς

253 4809 492 4879 ἀθυμίας
515 4809 809 4880 αἰρομένης
833 4810 926 4861 καὶ
954 4807 1307 4880 ἀκμαζούσης
1342 4809 1605 4880 σφοδρῶς.
1624 4808 1921 4862 ἐπιτίθεται

253 4897 453 4960 εὐθέως
480 4899 573 4950 καὶ
601 4899 634 4968 ὴ
669 4897 760 4950 τοῦ
784 4898 970 4961 παιδὸς
1004 4897 1182 4968 ὕϐρις,
1214 4900 1445 4970 πρᾶγμα
1487 4898 1790 4971 ἀφόρητον,
1827 4897 1921 4950 καὶ

251 4985 452 5054 πολλῆς
483 4986 578 5055 μὲν
611 4985 892 5056 αἰσχύνης,
929 4985 1128 5056 πολλῆς
1159 4984 1216 5037 66
1265 4985 1433 5053 γέμον
1481 4984 1690 5054 ὀδύνης.
1723 4995 1745 5022 ο
1771 4985 1920 5055 Ὄσῳ

251 5072 361 5144 γὰρ
383 5073 490 5126 τῶν
510 5073 613 5126 ὑπὸ
638 5073 745 5126 τῶν
784 5073 992 5144 ἐχθρῶν
1019 5073 1088 5127 τὰ
1117 5072 1266 5144 παρά
1290 5071 1398 5125 τῶν
1429 5072 1597 5142 φίλων
1619 5072 1794 5142 ὀνείδη
1823 5071 1919 5143 βα-

255 5159 476 5232 ρύτερα,
493 5161 731 5231 τοσούτῳ
755 5161 959 5215 τούτων
979 5161 1158 5215 αὑτῶν
1183 5161 1252 5214 τὰ
1285 5161 1438 5231 παρὰ
1472 5160 1580 5214 τῶν
1607 5159 1812 5213 παίδων
1838 5159 1919 5212 ἔτι

256 5245 453 5315 μᾶλλον
477 5247 868 5319 ἀφορητότερα.
892 5248 1059 5300 Ὅταν
1085 5247 1194 5317 γάρ
1227 5247 1286 5299 δν
1327 5246 1633 5315 ἐγέννησεν,
1662 5246 1721 5298 ὃν
1768 5244 1922 5314 ἐθρε-

249 5334 372 5403 ψεν,
398 5335 456 5388 δν
490 5334 827 5398 ἐπαίδευσεν,
848 5335 986 5405 ὑπὲρ
1003 5327 1064 5388 o6
1097 5333 1324 5395 πολλοὺς
1349 5332 1580 5402 μόχθους
1607 5332 1702 5384 καὶ
1726 5331 1920 5394 πόνους

253 5424 347 5476 καὶ
375 5423 658 5496 φροντίδας
685 5423 958 5493 ἠνέσχετο,
984 5423 1170 5477 τοῦτον
1194 5423 1446 5477 ἁπάντων
1467 5419 1920 5493 ὑϐριστικώτερον

317 5669 346 5698 ⁸
371 5668 452 5717 Sic
475 5667 622 5717 Savil.
649 5675 700 5717 el.
717 5667 855 5717 Colb.
891 5668 1062 5716 Morel.
1087 5680 1203 5714 vero
1220 5668 1486 5730 ἀνεφέρετο.

320 5730 348 5769 δ
364 5730 500 5780 COIb.
523 5733 652 5788 ἠλέει
684 5733 764 5779 καὶ
789 5733 982 5792 μᾶλλον,
1011 5731 1166 5778 Savil.
1198 5727 1476 5788 ἐδει,’ἠλέει,
1495 5730 1573 5776 καὶ
1597 5727 1772 5788 μᾶλλον
1788 5727 1920 5788 ἤλγει

255 5793 342 5845 καὶ,
357 5793 569 5840 ὠδυνᾶτο
579 5827 592 5839 .

320 5855 345 5886 ⁸
377 5852 691 5905 Nonnullam
713 5853 1034 5918 sequentibus
1057 5867 1085 5904 ε
1108 5855 1290 5904 Samio
1307 5852 1593 5905 addidimus.
1623 5851 1756 5902 Em.

1133 375 1226 429 AD
1263 371 1643 430 STAGlRlUM
1682 369 1728 424 Α
1766 363 2074 422 ΒᾹΖΜΟΝΕ
2120 364 2478 423 YEXATUM.
2521 365 2650 422 LIB.
2691 365 2756 424 ll.

3587 369 3698 430 ιιι

2025 481 2175 552 αὑτῷ
2223 485 2560 555 κεχρημένον
2597 485 2705 556 ἴδῃ,
2741 484 2862 539 οὑδέ
2911 486 3155 556 ἐνεγκεῖν
3207 487 3267 540 τὸ
3319 487 3453 542 πολὺ
3501 487 3698 553 πένθος

2022 580 2308 653 δυνήσεται
2339 584 2438 655 τῆς
2471 584 2647 656 ψυχῆς
2671 588 2699 638 ό
2730 584 2888 638 τοῦτο
2917 585 3123 640 παθών.
3164 586 3228 639 Ἤ
3257 585 3366 657 γὰρ
3399 584 3556 656 ὕϐρις
3583 588 3696 648 τοῖς

2022 680 2327 754 ἐλευθέροις
2355 685 2449 738 καὶ
2482 685 2602 738 καθ’
2634 683 2830 754 ἑαυτὴν
2857 685 2956 756 μὲν
2982 684 3126 737 ἐστιν
3149 659 3447 756 ἀφόρητος,
3481 685 3607 738 ὅταν
3639 682 3698 741 δὲ

2021 777 2113 829 κα)⁵
2157 777 2309 850 παρά
2337 777 2444 830 τῶν
2478 778 2681 834 παίδων
2705 779 2942 850 γίνηται,
2975 779 3079 833 κᾶν
3108 781 3188 842 είς
3218 778 3472 832 ἔκστασιν
3500 779 3700 848 ἀγάγοι

2021 869 2111 923 τὸν
2165 871 2466 942 πάσχοντα·
2507 871 2651 925 οὑτω
2711 873 2988 944 βαρυτάτη
3032 873 3178 926 ἐστίν
3212 871 3260 927 ἀ.
3293 873 3363 924 Σὺ
3402 871 3460 924 δέ
3495 889 3584 941 μοι
3621 869 3698 943 μὴ

2024 963 2183 1033 μόνον
2216 967 2392 1018 ἐκεῖνο
2437 963 2498 1018 τὸ
2543 965 2798 1036 τόλμημα
2850 967 3038 1031 ἐννόει,
3069 965 3206 1020 ἀλλά
3245 966 3337 1020 καὶ
3368 965 3476 1020 ἀπὸ
3506 966 3698 1020 τούτου

2024 1060 2284 1130 μάνθανε,
2338 1063 2455 1128 πῶς
2493 1063 2642 1134 αὑτῷ
2664 1063 2758 1116 καὶ
2790 1060 2879 1115 τὸν
2919 1059 3229 1131 ἔμπροσθεν
3262 1059 3453 1131 χρόνον
3481 1058 3694 1113 ἅπαντα

2021 1154 2221 1225 ἐχρῆτο
2250 1147 2402 1220 οὗτος
2423 1157 2452 1208 ό
2478 1155 2760 1227 ὑϐριστής.
2798 1155 2855 1208 '0
2875 1153 2982 1226 γὰρ
3005 1154 3064 1207 ἐν
3094 1154 3284 1224 χερσὶν
3317 1152 3396 1206 ἔτι
3423 1151 3514 1206 τὸν
3533 1152 3689 1222 φόϐοι

2019 1253 2130 1306 τῶν
2160 1255 2541 1325 γεγενημένων
2567 1253 2728 1324 ἔχων,
2783 1255 2876 1307 καὶ
2907 1255 3032 1324 ἀρτι
3083 1257 3184 1326 τῆς
3229 1253 3452 1324 εἱρκτῆς
3481 1253 3696 1322 ἐκείνης

2022 1345 2390 1415 ἀπαλλαγεὶς,
2447 1347 2538 1400 καὶ
2604 1346 2704 1417 τῆς
2757 1346 3078 1417 οἰκουμένης
3125 1345 3222 1409 τὰς
3281 1345 3564 1418 συμφοράς
3616 1345 3697 1399 ἐτι

2023 1434 2261 1508 θεωρῶν,
2296 1438 2390 1491 καὶ
2419 1437 2556 1508 μηδέ
2583 1437 2726 1491 οὑτω
2780 1438 3193 1508 σωφρονισθείς,
3228 1437 3342 1492 ἀλλ’
3368 1439 3597 1509 ὑϐρίσας
3617 1441 3698 1502 είς

2019 1529 2078 1583 ὂν
2113 1531 2317 1601 ἥκιστα
2368 1532 2584 1586 πάντων
2627 1532 2814 1603 ἐχρῆν,
2859 1532 2953 1586 καὶ
3005 1531 3140 1603 μηδέ
3185 1529 3264 1600 τῷ
3327 1528 3543 1602 θανάτῳ
3586 1532 3696 1584 τῶν

2021 1629 2252 1692 πολλῶν,
2282 1629 2416 1702 μηδέ
2442 1633 2506 1701 τῇ
2531 1630 2756 1701 ἐρημίᾳ,
2809 1631 2945 1701 μηδέ
2983 1632 3048 1700 τῇ
3078 1629 3215 1699 ὀργῇ
3245 1627 3336 1681 τοῦ
3374 1627 3530 1693 Θεοῦ,
3563 1629 3697 1700 μηδὲ

2020 1719 2164 1792 ἄλλῳ
2192 1721 2298 1776 τινὶ
2343 1721 2452 1774 τῶν
2479 1723 2599 1776 τότε
2651 1721 3073 1793 συμϐεϐηκότων
3120 1721 3342 1792 βελτίων
3387 1721 3697 1792 γενόμενος,

2019 1820 2103 1883 τίς
2134 1815 2202 1891 ἦν
2228 1820 2332 1892 πρὸ
2357 1820 2450 1874 τοῦ
2480 1818 2892 1890 κατακλυσμοῦ,
2926 1821 3015 1873 ὅτε
3047 1819 3140 1873 καὶ
3170 1818 3398 1882 πολλοὺς
3423 1814 3536 1889 εἶχε
3570 1821 3698 1885 τοὺς

2021 1917 2473 1988 παρακαλοῦντας
2507 1917 2599 1970 ἐπὶ
2625 1917 2724 1989 τὴν
2763 1917 2960 1971 κακίαν
3006 1917 3202 1981 αὑτόν;
3248 1918 3382 1972 Τότε
3415 1917 3546 1988 γὰρ,
3576 1919 3697 1974 τότε

2022 2005 2399 2080 χαλεπώτερον
2425 2006 2712 2061 κλυδώνιον
2769 2007 3055 2079 ὑπέμεινεν
3076 2009 3104 2061 ό
3132 2007 3338 2072 δίκαιος
3366 2009 3573 2072 ἐκεῖνος
3601 2007 3697 2062 τοῦ

2025 2103 2164 2174 μετά
2210 2104 2380 2157 ταῦτα
2424 2105 2518 2159 ἐπὶ
2571 2104 2666 2158 τοῦ
2719 2104 3106 2175 κατακλυσμοῦ
3149 2103 3442 2174 γενομένου
3474 2104 3567 2157 καὶ
3608 2104 3698 2159 διά

2021 2200 2227 2265 τοῦτον,
2265 2201 2359 2255 καὶ
2383 2201 2470 2256 διὰ
2499 2202 2626 2265 τοὺς
2653 2201 2844 2266 ἄλλους
2875 2201 3140 2266 ἅπαντας.
3175 2200 3300 2254 Ἐπὶ
3331 2201 3429 2272 μέν
3454 2201 3563 2272 γάρ
3599 2202 3696 2255 τοῦ

2022 2299 2409 2371 κατακλυσμοῦ
2464 2292 2666 2370 πλῆθος
2724 2300 2931 2354 ὑδάτων
2985 2299 3146 2353 αὑτὸν
3207 2302 3450 2372 περιεῖχε
3514 2300 3695 2371 μόνον,

2023 2397 2128 2468 πρὸ
2172 2397 2228 2450 66
2277 2397 2465 2451 τούτου
2501 2397 2698 2461 κακίας
2733 2397 2957 2468 ἀϐύσσῳ
2989 2397 3253 2452 πάντοθεν
3283 2397 3576 2468 συνείχετο,
3602 2399 3700 2452 καὶ

2021 2496 2131 2549 τῶν
2159 2495 2592 2568 κυμάτωναὺτῴ
2625 2497 2981 2567 σφοδρότερον
3029 2498 3084 2551 αἱ
3128 2495 3238 2550 τῶν
3295 2496 3548 2568 πονηρῶν
3598 2497 3698 2550 άν-

2021 2593 2162 2665 δρῶν
2220 2594 2504 2648 ἐπιϐουλαὶ
2533 2596 3026 2668 προσερῤήγνυντο.
3067 2594 3244 2658 Μόνος
3271 2594 3379 2666 γὰρ
3412 2595 3493 2657 είς
3513 2593 3703 2649 τοσοῦ-

2020 2708 2111 2744 τον
2143 2691 2345 2763 πλῆθος
2371 2691 2718 2762 ἀπολειφθεὶς
2745 2690 2952 2763 ἀνδρῶν
2982 2691 3314 2763 παρανόμων
3343 2692 3436 2744 καὶ
3463 2691 3695 2763 μιαρῶν,

2023 2791 2071 2843 εί
2120 2791 2214 2844 καὶ
2277 2791 2441 2862 μηδὲν
2490 2791 2697 2862 ἔπασχε
2745 2789 2952 2856 δεινὸν,
3007 2789 3122 2842 ἀλλ’
3175 2790 3326 2860 ὅμως
3375 2790 3542 2845 πολὺν
3606 2787 3698 2846 τὸν

2023 2883 2234 2951 γέλωτα
2284 2884 2380 2938 καὶ
2429 2883 2598 2938 πολλὰ
2649 2883 2720 2936 τά
2777 2881 3086 2953 σκώμματα
3130 2881 3343 2954 ἔφερεν,
3401 2885 3448 2936 εί
3498 2884 3698 2955 καὶμὴ

2023 2977 2308 3048 πρότερον,
2337 2977 2452 3030 ἀλλ’
2473 2979 2560 3031 ὅτε
2590 2977 2717 3047 περὶ
2746 2976 2847 3046 τῆς
2869 2974 3101 3029 κιϐωτοῦ
3135 2976 3359 3030 καὶτῶν
3393 2956 3700 3047 μελλουσῶν

2022 3075 2206 3139 αὑτοῖς
2229 3077 2498 3144 διελέγετο
2537 3073 2855 3147 συμφορῶν.
2912 3074 3082 3128 Τοῦτο
3135 3075 3192 3129 δὲ
3224 3076 3356 3145 ὅσην
3391 3075 3503 3145 ἔχει
3537 3073 3700 3129 δύνα-

2027 3185 2119 3238 μιν
2144 3169 2280 3240 πρὸς
2305 3169 2366 3223 τὸ
2396 3169 2627 3240 ταράξαι
2646 3167 2843 3239 ψυχὴν,
2871 3170 3268 3240 μαρτυρήσειεν
3296 3169 3362 3222 ἂν
3392 3171 3522 3239 ἡμῖν
3561 3170 3590 3222 ό
3636 3171 3701 3224 ἐκ

2025 3265 2227 3329 κοιλίας
2248 3266 2547 3334 άγιασθεὶς,
2567 3268 2596 3320 6
2616 3265 2702 3318 διὰ
2722 3264 2879 3318 τοῦτο
2905 3265 2998 3318 καὶ
3021 3265 3119 3336 τῆς
3138 3265 3473 3336 προφητείας
3492 3263 3700 3336 μέλλων

2023 3365 2373 3436 ἀφίστασθαι.
2401 3365 2590 3419 Εἶπον
2619 3363 2788 3435 εγάρ,
2839 3363 3023 3433 φησὶν,
3054 3364 3137 3416 Οὐ
3162 3362 3246 3432 μὴ
3276 3363 3696 3432 προφητεύσει).

2022 3466 2207 3536 Χωρὶς
2236 3465 2294 3518 66
2323 3464 2526 3518 τούτων
2551 3464 2682 3517 αὑτὸ
2719 3463 2878 3533 μόνον
2903 3462 2964 3515 τὸ
3005 3460 3207 3532 μηδένα
3243 3461 3535 3532 όμόψυχον,
3563 3460 3700 3532 μηδέ

2023 3568 2324 3639 ὁμότροπον
2339 3566 2427 3638 ἔχε
2437 3585 2504 3631 ιν,
2522 3566 2697 3636 πόσην
2717 3565 2930 3636 ἀηδίαν,
2960 3563 3134 3634 πόσην
3161 3563 3310 3635 αὑτῷ
3330 3561 3697 3629 κατεσκεύαζε

2023 3663 2121 3733 τὴν
2177 3662 2444 3732 ἀθυμίαν;
2497 3661 2573 3714 06
2620 3659 2779 3713 τοῦτο
2805 3659 2861 3712 δέ
2893 3657 3069 3728 μόνον,
3095 3656 3230 3711 ἀλλά
3257 3657 3352 3710 καὶ
3381 3656 3460 3729 τῷ
3499 3657 3697 3711 συναλ-

2023 3757 2139 3823 γεῖν
2193 3753 2376 3816 αὑτοῖς
2407 3752 2574 3824 μυρία
2603 3751 2806 3822 ἔπασχε
2831 3751 2998 3804 δεινά.
3034 3749 3109 3802 06
3158 3749 3264 3822 γὰρ
3298 3750 3467 3820 δήπου
3513 3749 3702 3804 τελευ-

2022 3847 2232 3911 τῶντας
2257 3847 2416 3918 μόνον
2440 3845 2733 3918 ἐνορῶντες
2769 3844 2941 3908 οὕτως
2973 3842 3231 3913 ἀλγοῦσιν
3256 3842 3405 3916 [188]
3427 3846 3476 3898 οί
3501 3843 3699 3900 δίκαιοι

2023 3943 2148 4006 τοὺς
2183 3941 2470 4012 πονηροὺς,
2514 3938 2926 4011 ἁμαρτάνοντας
2958 3937 3016 3990 δέ
3074 3937 3174 3990 οὑκ
3221 3936 3323 3999 ἔτι,
3356 3936 3492 3990 ἀλλά
3521 3938 3702 4010 πολλῷ

2028 4035 2226 4105 μᾶλλον
2261 4034 2437 4104 τούτῳ
2491 4033 2797 4094 δάκνονται,
2838 4032 2870 4103 ἢ
2927 4031 3140 4102 ἐκείνῳ·
3176 4031 3272 4085 καὶ
3312 4030 3471 4085 τοῦτο
3503 4031 3560 4084 δὲ
3592 4031 3701 4086 ἀπὸ

2023 4130 2132 4183 τῶν
2183 4129 2474 4202 προφητῶν
2497 4130 2562 4185 ἀν
2583 4147 2666 4193 τις
2719 4127 2880 4199 μάθοι
2919 4126 3118 4190 καλῶς.
3170 4127 3230 4179 Ὀ
3265 4125 3364 4197 μὲν
3415 4125 3523 4198 γάρ
3570 4125 3701 4180 ἐϐόα

2027 4229 2240 4302 πικρόν·
2277 4229 2473 4298 Οῑμοι,
2524 4227 2718 4297 ψυχὴ,
2773 4227 2863 4280 ὅτι
2911 4226 3228 4280 ἀπόλωλεν
3271 4222 3535 4291 εὐλαϐὴς
3579 4223 3699 4277 ἀπὸ

2024 4323 2136 4392 τῆς
2186 4325 2319 4394 γῆς,
2343 4325 2440 4379 καὶ
2477 4328 2510 4379 ὁ
2554 4322 2860 4391 κατορθῶν
2904 4323 2982 4375 ἐν·
3011 4320 3344 4388 ἀνθρώποις
3373 4321 3484 4389 οὐχ
3509 4320 3698 4390 ὑπάρ-

2024 4435 2134 4486 χει.
2153 4419 2379 4490 Ἕτερος
2408 4418 2464 4471 66
2493 4417 2644 4484 ἔλεγε
2680 4416 2818 4486 πρὸς
2837 4414 2928 4467 τὸν
2954 4414 3106 4466 Θεόνο
3138 4414 3321 4466 Ἰνατί
3345 4431 3444 4482 μοι
3465 4412 3700 4480 ἔδειξας

2024 4519 2250 4582 κόπους
2286 4518 2384 4569 καὶ
2413 4517 2640 4580 πόνους
2671 4513 3049 4576 ἐπι6³.ῑέ;τειν;
3095 4513 3207 4566 Καὶ
3260 4512 3398 4582 ὑπὲρ
3436 4512 3546 4566 τῶν
3577 4513 3698 4566 ἀδι-

2024 4635 2118 4669 κου
2128 4616 2300 4686 μένων
2316 4615 2371 4668 δέ
2391 4615 2593 4686 σφόδρα
2605 4614 2937 4684 κοπτόμενος
2946 4654 2958 4672 ,
2978 4612 3194 4685 ἐθρήνει
3209 4613 3402 4681 λέγων·
3419 4612 3699 4680 Ποιήσεις

2021 4717 2163 4783 τοὺς
2189 4715 2538 4784 ἀνθρώπους
2567 4716 2648 4781 ὠς
2675 4715 2816 4780 τοὺς
2858 4715 3066 4783 ἰχθύας
3096 4714 3207 4784 τῆς
3244 4715 3563 4784 θαλάσσης
3587 4718 3698 4771 οὐκ

2021 4812 2274 4880 ἔχοντας
2311 4811 2669 4879 ἡγούμενον.
2730 4809 2792 4861 Εί
2837 4809 2894 4861 66
2943 4809 3064 4862 τότε
3115 4808 3288 4862 ταῦτα
3327 4809 3558 4876 ἐγίνετο,
3601 4809 3700 4864 καὶ

2021 4909 2198 4978 νόμων
2250 4906 2457 4968 όντων,
2513 4907 2607 4959 καὶ
2664 4906 2976 4977 ἀρχόντων,
3011 4906 3105 4959 καὶ
3150 4907 3551 4976 δικαστηρίων,
3603 4907 3695 4961 καὶ

2025 5002 2232 5066 ἱερέων,
2282 5001 2375 5053 καὶ
2427 4999 2749 5070 προφητῶν,
2805 4999 2898 5052 καὶ
2934 4997 3227 5064 κολάσεων,
3276 4998 3529 5070 ἐννόησον
3577 4998 3700 5070 μεθ’

2019 5096 2152 5166 ὅσης
2181 5091 2484 5163 ὑπερϐολῆς
2510 5091 2724 5145 ἅπαντα
2744 5089 3008 5159 ἐτολμᾶτο
3037 5089 3130 5142 ἐπὶ
3155 5090 3248 5145 τοῦ
3280 5089 3426 5154 Νῶε,
3448 5090 3536 5142 ὅτε
3571 5089 3695 5142 τού-

2019 5205 2128 5240 των
2155 5186 2307 5239 οὐδὲν
2340 5187 2587 5254 κατεῖχεν
2609 5181 2823 5246 αὑτούς.
2863 5183 2974 5236 Καὶ
3007 5182 3101 5235 ἐπὶ
3127 5180 3227 5253 μὲν
3261 5181 3370 5234 τῶν
3400 5182 3696 5253 προφητῶν

2019 5280 2139 5334 οὑδέ
2168 5279 2333 5342 πολὺς
2358 5279 2385 5330 6
2403 5278 2500 5348 τῆς
2529 5277 2675 5346 ζωῆς
2708 5275 2896 5347 χρόνος
2927 5271 3016 5346 ἦν,
3051 5274 3166 5328 ἀλλ’
3193 5274 3564 5346 ἐϐδομήκοντα
3598 5274 3693 5346 ἐτη

2021 5378 2115 5431 καὶ
2136 5377 2484 5447 ὀγδοήκοντα·
2503 5374 2623 5428 τότε
2645 5375 2701 5428 δέ
2727 5374 2818 5428 καὶ
2851 5375 2931 5438 είς
2952 5373 3207 5438 ἑξακόσια
3234 5373 3327 5445 ἐτη
3351 5372 3446 5428 καὶ
3470 5372 3692 5426 πλείονα

2019 5475 2047 5526 6
2070 5473 2178 5527 τῶν
2199 5472 2294 5526 ἀνθ
2304 5474 2498 5544 ρώπων
2521 5470 2752 5525 ἐτείνετο
2766 5470 2900 5540 βίος.
2923 5469 3016 5524 Ἰν’
3032 5465 3124 5525 οὖν
3145 5470 3320 5525 πάντα
3339 5467 3409 5523 τὰ
3429 5466 3696 5541 είρημένα

2082 5724 2110 5793 εὶ
2143 5726 2281 5793 Heg,
2297 5728 2424 5793 οῦτω
2446 5728 2680 5793 βαρυτάτη
2702 5727 2845 5793 ἐστίν,
2866 5728 3046 5777 desunt
3067 5731 3116 5780 in
3137 5726 3271 5780 Colb.
3299 5734 3351 5778 et
3373 5731 3421 5780 in
3445 5736 3583 5782 textu
3604 5730 3695 5783 Sa-

2024 5789 2131 5845 vil..
2157 5789 2592 5856 §edhabenquin
2611 5790 2780 5856 Morql.
2812 5793 2934 5856 et_iu
2951 5794 3175 5856 gnargine
3199 5793 3350 5843 Savil.

2091 5856 2115 5882 ε
2152 5851 2300 5903 Savil.
2320 5859 2373 5902 ει
2390 5852 2523 5905 Colb.
2551 5853 2699 5908 εἷπον.
2729 5851 2898 5903 Morel.
2927 5853 3043 5903 εἶπε.
