4036 6416
421 359 526 416 ὖδΊ

417 566 619 621 ὁδεύων
655 565 794 632 ὁδον,
823 565 919 618 καὶ
961 564 1096 636 μηδέ
1127 564 1319 636 μικρὸν
1352 565 1410 619 ἐν
1451 565 1689 636 τοσούτῳ
1719 567 1886 637 μήκει
1919 583 2100 638 παρα-

419 654 698 726 τραπῆναι
731 651 1071 717 σπουδάζων,
1118 651 1330 706 πολλῶν
1374 654 1431 706 ἐν
1469 653 1549 724 τῷ
1596 653 1798 725 μεταξὺ
1843 654 2102 726 κωλυμά-

1206 357 1264 417 S.
1300 355 1586 415 JOANNIS
1622 357 2112 418 CHRYSOSTOMI
2149 358 2476 419 ARCHIEP.
2519 358 3073 419 CONSTANTINOP.

416 478 600 549 ⁴μιαρῶ,
627 475 772 532 πόσα
806 475 1104 548 πράγματα
1147 473 1290 545 ἔχειν
1320 476 1682 545 ἠναγκάζετο,
1710 476 1852 532 οὕτω
1884 476 2100 549 μακρὰν
2138 471 2169 486 ’

3781 357 3897 413 458

2202 494 2305 532 σινο
2341 479 2502 549 ἡμεῖς
2533 478 2593 532 δὲ
2620 479 2842 532 ἐκείνων
2869 479 2972 550 μὲν
2993 479 3184 543 οὐδενὶ,
3217 478 3324 532 τῶν
3355 478 3411 532 δέ
3441 480 3521 541 είς
3549 477 3650 549 τὴν
3681 476 3897 540 ἐξωτέο

2203 584 2301 639 ραν
2331 565 2514 638 χώραν
2548 567 2893 638 ἀφικομένων
2915 567 3296 638 συγγενόμενοι
3324 585 3450 630 τινι,
3483 568 3577 621 καὶ
3611 567 3707 620 τὸν

2200 659 2301 709 νον·
2343 654 2504 708 αὑτὸν
2549 655 2926 726 ἐρωτήσαντες
2981 657 3105 710 ὅσον
3166 657 3466 728 ὁδοιπορεῖν
3525 656 3896 726 ἠναγκάσθη,

420 759 530 796 των
553 741 759 807 δντων;
789 741 900 794 Καὶ
931 740 984 794 τί
1015 739 1158 810 λέγω
1186 741 1417 806 πολλῶν,
1452 743 1632 814 πάσης
1678 745 1776 813 μὲν
1806 739 1897 798 οῦν
1929 743 2101 798 διόλου
2199 734 2513 808 ἠκοὺσαμεν
2563 739 2644 792 ὅτι
2690 739 2982 810 τριάκοντα
3021 740 3182 793 πέντε
3231 741 3454 811 ἡμερῶν
3495 740 3761 811 ἀριθμόν·
3797 741 3899 792 καὶ

423 829 681 899 τοιαύτης
736 827 904 898 οῦσης
941 827 1038 899 τῆς
1061 827 1207 896 ὁδοῦ,
1246 830 1355 884 ἀπὸ
1405 830 1512 884 τῶν
1544 831 1831 903 τερμάτων
1863 833 1963 904 τῆς
1997 831 2102 903 γῆς

425 920 518 973 ἐπὶ
579 918 647 971 τά
700 917 949 988 τέρματα
997 919 1179 990 πάσης
1227 921 1506 974 σκοπέλων
1568 922 1664 974 καὶ
1709 921 1962 976 ἀκανθῶν
2008 923 2104 976 καὶ

427 1007 632 1080 Θηρίων
689 1006 784 1060 καὶ
849 1005 1062 1076 αὐχμοῦ
1115 1007 1208 1058 καὶ
1288 1007 1478 1079 λοιμοῦ
1535 1020 1563 1050 ι
1617 1009 1713 1064 καὶ
1767 1008 1979 1082 κρυμοῦ
2008 1010 2105 1063 καὶ

426 1094 753 1166 κακούργων
800 1092 1266 1165 πεπληρωμένης;
1316 1096 1428 1149 Καὶ
1467 1097 1576 1170 γὰρ
1625 1097 1993 1170 εὐκολώτερον
2011 1115 2105 1152 τε-

425 1185 735 1256 τριμμένην
771 1181 1014 1253 ἀτραπὸν
1035 1185 1092 1235 ἐν
1134 1183 1212 1252 τῷ
1240 1185 1524 1258 βαθυτάτῳ
1554 1186 1656 1258 τῆς
1684 1186 1876 1252 νυκτὸς
1903 1187 2106 1241 ὁδεύειν

428 1271 742 1336 διαπαντὸς,
793 1270 827 1342 ἢ
867 1270 965 1342 τὴν
1013 1271 1112 1342 τῆς
1144 1271 1348 1342 ἀρετῆς
1391 1273 1509 1328 ὁδὸν
1570 1275 1690 1328 κατ’
1719 1275 1958 1338 ἐκείνους
1983 1277 2107 1340 τοὺς

429 1357 676 1430 καιρούς·
728 1356 971 1410 τοσοῦτοι
1024 1360 1073 1411 οἱ
1125 1359 1197 1412 τά
1237 1359 1548 1432 διαδήματα
1580 1361 1746 1415 αὐτοῦ
1801 1361 2107 1433 βιαζόμενοι

429 1447 802 1518 παρατρέπειν
821 1441 982 1517 ἦσαν.
1009 1446 1180 1501 Ὅταν
1232 1448 1340 1521 γὰρ
1377 1451 1580 1504 ἅπασιν
1613 1450 1756 1522 ἀπερ
1785 1451 1852 1505 ἂν
1884 1449 2133 1503 ἐθέλωσι

430 1539 693 1610 πράττειν
723 1536 840 1608 ἐξῇ,
894 1533 974 1602 εἷς
1018 1537 1077 1592 δὲ
1121 1539 1280 1610 μόνος
1313 1543 1343 1596 ὁ
1377 1541 1475 1614 τήν
1503 1543 1748 1597 ἐναντίαν
1782 1544 1964 1607 αὐτοῖς
2012 1543 2109 1614 βα-

431 1627 592 1692 δίζων
639 1623 696 1700 ᾖ,
732 1625 850 1690 πῶς
892 1626 1179 1699 δυνήσεται
1229 1629 1364 1702 πρὸς
1412 1632 1474 1686 τὸ
1513 1631 1665 1696 τέλος
1687 1631 1862 1685 ἐλθεῖν
1891 1633 2110 1686 πάντων

433 1713 718 1770 ὠθούντων
745 1713 922 1769 ὀπίσω
972 1716 1067 1769 καὶ
1107 1716 1519 1788 ἀνακρουόντων
1554 1719 1750 1784 αύτόν;
1800 1719 1973 1790 Ὅσην
2000 1717 2111 1790 γὰρ

434 1804 548 1875 εχει
571 1802 858 1858 δυσκολίαν
905 1803 998 1862 τὸ,
1033 1803 1171 1875 μετά
1221 1805 1432 1859 πολλῶν
1457 1806 1613 1870 ὄντας
1665 1804 1982 1880 κατορθοῦν,
2019 1805 2112 1876 δη-

433 1893 618 1948 λοῦσιν
643 1893 693 1946 οί
727 1890 826 1955 τάς
879 1892 1114 1964 ἐρημίας
1168 1893 1558 1965 κατειληφότες
1610 1893 1727 1961 νῦν,
1772 1895 1859 1949 ὅτε
1916 1896 1982 1965 τῇ
2015 1893 2111 1946 τοῦ

435 1979 570 2034 Θεοῦ
604 1979 784 2051 χάριτι
823 1979 924 2052 τὴν
950 1978 1184 2045 εὐζωῖαν
1222 1982 1500 2054 πανταχοῦ
1527 1983 1934 2056 διεσπαρμένην
1965 1981 2112 2036 ἐστιν

440 2070 588 2136 ιδεῖν,
618 2069 706 2122 ὅτε
729 2070 823 2122 καὶ
844 2068 1096 2140 ὁμόνοιαν
1122 2069 1217 2122 καὶ
1247 2069 1628 2142 φιλοστοργίαν
1689 2071 1824 2142 πρὸς
1853 2070 2113 2141 ἀλλήλους

437 2160 499 2213 οὑ
544 2156 767 2228 μικράν.
805 2155 965 2211 Ἀλλά
998 2156 1116 2210 τότε
1145 2158 1348 2211 τούτων
1374 2158 1526 2214 οὐδὲν
1567 2153 1655 2230 ἦν,
1690 2159 1827 2212 ἀλλά
1882 2159 1977 2214 καλ⁵
2015 2158 2113 2230 θη-

441 2245 574 2317 ρίων
601 2241 938 2317 ,ἀγριώτερον
967 2244 1166 2308 πάντες
1192 2244 1453 2300 διέκειντο
1482 2245 1621 2318 πρὸς
1652 2246 1830 2300 αὐτόν.

513 2341 587 2398 ς’.
624 2331 689 2383 Τί
721 2327 814 2386 οὖν
842 2333 1030 2386 τούτου
1063 2333 1256 2402 γένοιτ’
1288 2333 1353 2388 ἂν
1378 2334 1762 2408 ὀδυνηρότερον
1785 2332 1877 2388 τοῦ
1909 2333 2117 2404 βίουςτί

438 2422 645 2493 ταύτης
691 2421 1090 2493 μοχθηρότερον
1142 2421 1243 2492 τῆς
1297 2421 1478 2492 ζωῆς;
1532 2421 1675 2492 Ἐγὼ
1723 2423 1824 2494 μὲν
1865 2419 1960 2477 οῦν
2009 2421 2118 2475 τῶν

442 2509 888 2583 ἀχθοφορούντων
939 2508 1230 2573 διαπαντὸς
1289 2511 1384 2563 καὶ
1437 2511 1706 2582 μηδέποτε
1743 2510 2119 2566 ἀναπνεόντων

441 2599 858 2671 ἐπηγγειλάμην
901 2597 1098 2663 δείξειν
1127 2599 1293 2652 αὐτὸν
1318 2600 1474 2653 οὐδὲν
1500 2600 1722 2672 ἄμεινον
1753 2601 2114 2673 διακείμενον·

442 2686 472 2738 ὁ
507 2685 564 2738 δέ
591 2684 749 2753 λόγος
778 2683 956 2754 πολλῷ
990 2683 1152 2737 πλέον
1181 2683 1454 2755 ἐποίησεν,
1481 2686 1541 2736 οὐ
1582 2684 1742 2755 μόνον
1781 2686 1932 2739 οὐδὲν
1961 2685 2121 2757 ἀμει-

444 2788 556 2836 νον,
587 2771 724 2825 ἀλλά
748 2772 844 2825 καὶ
869 2769 1049 2841 πολλῷ
1075 2770 1478 2842 φορτικώτερον
1508 2772 1732 2826 ἐκείνων
1758 2772 1951 2845 ἔχοντα
1985 2775 2123 2826 ἀπο-

390 2851 393 2854 ’
446 2861 625 2929 φήνας
651 2860 806 2930 ήμῖν.
841 2861 1001 2912 Δοκεῖ
1031 2858 1130 2929 μὲν
1155 2854 1250 2912 οὖν
1275 2858 1488 2922 πολλοῖς
1517 2860 1546 2911 6
1592 2859 1842 2932 Ἀϐραὰμ
1868 2861 1926 2913 ἐν
1962 2860 2122 2914 εὐθυ-

449 2948 548 3018 μία
594 2946 686 3000 τὸν
731 2945 945 3000 ἅπαντα
986 2945 1415 3002 διατετελεκέναι
1461 2946 1672 3019 χρόνον,
1707 2947 1828 3002 ὃθεν
1865 2949 1961 3002 καὶ
1997 2948 2123 3012 τοὺς

445 3035 851 3108 εὑημεροῦντας
877 3037 972 3090 καὶ
998 3035 1335 3107 πανταχόθεν
1362 3037 1648 3108 κομῶντας
1669 3035 1820 3107 αὐτῷ
1850 3036 2124 3108 παραϐάλ-

445 3125 558 3179 λειν
595 3124 836 3179 είώθασι.
885 3125 1022 3197 Φέρε
1077 3119 1171 3179 οῦν
1223 3125 1568 3202 ἐξετάσωμεν
1616 3124 1685 3178 τά
1741 3124 2125 3196 συμϐεϐηκότα

447 3213 619 3286 αὐτῷ.
663 3213 820 3284 Ἐμοὶ
876 3213 985 3285 γὰρ
1040 3206 1196 3273 οὗτος
1248 3212 1429 3283 πολλῷ
1465 3213 1560 3266 καὶ
1597 3213 1690 3266 τοῦ
1737 3211 1858 3267 Νῶε
1900 3214 1996 3268 καὶ
2028 3214 2122 3268 τοῦ

453 3302 640 3356 Ἀϐελο
679 3301 884 3373 μᾶλλον
910 3301 969 3355 δὲ
999 3302 1150 3356 οὐδὲν
1174 3302 1304 3373 ἐρῶ,
1332 3301 1438 3363 ἕως
1481 3303 1548 3356 ἂν
1583 3305 1618 3373 ἡ
1647 3303 1756 3356 τῶν
1784 3303 2126 3376 πραγμάτων

449 3388 696 3457 ἐξέτασις
729 3389 887 3459 θῆται
910 3389 1009 3460 τὴν
1035 3388 1213 3459 ψῆφον
1239 3391 1393 3460 ήμῖν.
1427 3389 1507 3442 Τὰ
1541 3389 1640 3460 μὲν
1671 3386 1764 3444 οὖν
1797 3395 1855 3445 ἐν
1880 3390 2121 3462 Περσίδι,

450 3477 547 3532 καὶ
598 3477 650 3531 εῐ
691 3493 744 3530 τι
787 3476 952 3547 μέχρι
983 3475 1092 3529 τῶν
1140 3475 1506 3548 ἐϐδομήκοντα
1552 3477 1690 3532 ἐτῶν
1741 3477 1888 3549 αὐτῷ
1927 3478 2124 3551 συνέϐη

449 3562 692 3635 λυπηρὸν
709 3562 760 3628 ιι,
788 3563 962 3628 οὐδεὶς
989 3562 1191 3618 δύναιτ’
1216 3564 1282 3617 ἂν
1330 3563 1526 3618 ειδέναι
1573 3566 1780 3635 σαφῶς.
1831 3565 1964 3620 Ούδέ
2017 3567 2127 3639 γάρ

451 3652 482 3706 ὁ
529 3650 796 3722 μακάριος
822 3649 975 3723 [189]
1007 3652 1246 3722 Μωῦσῆς
1270 3652 1478 3707 ἐκείνου
1503 3652 1597 3708 τοῦ
1629 3655 1820 3726 χρόνου
1848 3653 1948 3726 τήν
1984 3655 2128 3708 ίστο-

460 3739 580 3811 ρίαν
612 3740 744 3811 ἡμῖν
779 3737 1040 3810 ἔγραψεν,
1089 3739 1225 3792 ἀλλά
1270 3741 1451 3794 πᾶσαν
1508 3740 1605 3812 τὴν
1658 3741 1874 3812 ήλικίαν
1922 3741 2128 3812 ταύτην

455 3827 634 3896 ἀφεὶς,
664 3827 773 3881 ἀπὸ
811 3825 918 3882 τῶν
951 3825 1092 3898 μετά
1117 3827 1290 3882 ταῦτα
1321 3829 1614 3900 πεποίηται
1653 3830 1748 3884 τοῦ
1792 3830 2130 3903 διηγήματος

456 3917 556 3988 τὴν
581 3917 776 3989 ἀρχήν.
811 3915 934 3973 Ὀτι
959 3916 1017 3970 δὲ
1046 3918 1140 3971 καὶ
1165 3917 1326 3972 αὑτὸν
1359 3918 1426 3973 τά
1449 3919 1590 3973 αὐτά
1627 3920 1857 3990 πάσχειν
1894 3919 1973 3991 τῷ
2004 3920 2130 3973 Νῶε

457 4005 604 4069 είκὺς
635 4000 724 4077 ἦν,
753 4005 954 4074 μεταξὺ
980 4005 1250 4061 τοσούτων
1281 4007 1493 4062 ἀσεϐῶν
1531 4009 1625 4062 καὶ
1651 4008 1940 4081 βαρϐάρων
1972 4009 2132 4080 μόνον

460 4088 780 4158 βουλόμενον
807 4088 1072 4155 εὐσεϐεῖν,
1097 4089 1255 4144 τοῦτο
1303 4092 1404 4145 οὐκ
1447 4090 1526 4146 ἔτι
1566 4095 1679 4157 τοῖς
1709 4093 1890 4158 ἄλλοις
1931 4093 2132 4164 ὁμοίως

457 4175 653 4246 ἄδηλόν
687 4178 854 4238 ἐστιν,
878 4176 1013 4231 ἀλλά
1061 4178 1156 4231 καὶ
1195 4179 1244 4230 οἱ
1286 4179 1492 4251 σφόδρα
1517 4179 1734 4250 ἀνόητοι
1779 4180 2134 4250 στοχάσαιντο

462 4262 660 4335 ῥᾳδίως
690 4263 884 4317 αὐτόε.
918 4263 1066 4336 Πλὴν
1092 4263 1228 4318 ἀλλά
1256 4265 1351 4318 καὶ
1374 4263 1545 4318 ταῦτα
1575 4265 1855 4338 παρείσθω
1880 4267 1994 4321 νῦν·
2024 4267 2135 4321 ἀπὸ

459 4349 518 4403 δὲ
560 4350 660 4420 τῆς
710 4351 1016 4423 ἀποδημίας
1065 4351 1226 4405 αὑτοῦ
1271 4351 1625 4424 ποιησώμεθα
1678 4353 1772 4407 τοῦ
1823 4355 1980 4424 λόγου
2033 4355 2132 4427 τὴν

461 4437 659 4508 ἀρχὴν,
695 4437 960 4508 πρότερον
991 4440 1164 4491 ἐκεῖνο
1193 4439 1564 4505 ἐξετάσαντες,
1593 4441 1758 4494 πόσον
1786 4443 1819 4512 ή
1851 4442 1960 4495 τῶν
1987 4442 2132 4495 Χαλ-

462 4519 625 4573 δαίων
669 4519 744 4590 γῆ
780 4519 884 4590 τῆς
912 4521 1275 4592 Παλαιστίνης
1306 4523 1633 4592 ἀφέστηκεν,
1666 4524 1699 4594 ἢ
1737 4525 1865 4578 ποία
1885 4542 1969 4588 τις
1997 4521 2064 4595 ἦν
2099 4527 2132 4596 ή

463 4606 576 4662 τῶν
617 4607 751 4662 ὁδῶν
784 4610 1120 4680 κατασκευὴ.
1154 4609 1270 4673 πῶς
1297 4612 1408 4673 τοῖς
1439 4609 1743 4683 ἀνθρώποις
1783 4612 1850 4666 τά
1879 4615 1979 4683 τῆς
2016 4613 2135 4664 ἐπι-

468 4695 653 4768 μιξίας
687 4695 788 4767 τῆς
829 4696 962 4766 πρὸς
983 4696 1244 4768 ἀλλήλους
1279 4697 1529 4764 διέκειτο,
1561 4698 1643 4762 τίς
1675 4699 1704 4750 ὁ
1731 4699 1828 4769 τῆς
1861 4699 2134 4762 πολιτείας

464 4783 667 4856 τρόπος
689 4779 779 4855 ἦν.
812 4783 904 4854 Μή
931 4783 1040 4855 γὰρ
1064 4785 1249 4856 ἐπειδὴ
1277 4785 1512 4850 εὐκόλως
1541 4787 1847 4856 ὑπήκουσεν
1872 4789 1901 4840 6
1930 4786 2135 4852 δίκαιος

467 4872 697 4935 ἐκεῖνος,
734 4871 830 4924 καὶ
855 4871 916 4924 τὸ
949 4873 1183 4942 πρᾶγμα
1201 4871 1420 4926 εὔκολον
1447 4869 1588 4928 εἶναι
1614 4874 1838 4928 δοκείτω
1873 4873 1986 4939 νῦν,
2013 4875 2135 4944 μηδ’

468 4959 551 5013 ὅτι
603 4959 882 5030 συντόμως
925 4959 1022 5012 καὶ
1066 4960 1124 5013 ἐν
1167 4959 1359 5032 βραχεῖ
1400 4963 1460 5014 τὸ
1503 4961 1723 5031 γεγονὸς
1769 4961 2065 5034 διηγήσατο
2109 4965 2139 5016 6

466 5051 697 5120 Μωσῆς,
747 5051 843 5105 καὶ
880 5051 943 5104 τὸ
977 5051 1136 5123 ἔργον
1164 5053 1264 5122 τήν
1291 5053 1399 5105 τῶν
1427 5055 1684 5124 ῥημάτων
1712 5051 2025 5124 βραχύτητα
2060 5071 2140 5125 μι-

473 5139 693 5213 μεῖσθαι
739 5138 949 5210 νόμιζε·
981 5143 1153 5195 εἰπεῖν
1201 5141 1301 5212 μὲν
1334 5141 1440 5214 γὰρ
1470 5140 1639 5194 ταῦτα
1662 5142 1756 5195 καὶ
1776 5142 2139 5214 διηγήσασθαι

473 5227 675 5301 ῥᾴδιον,
736 5227 940 5299 πρᾶξαι
991 5229 1048 5283 δὲ
1095 5229 1279 5282 οὐκέτι
1315 5230 1513 5300 ὁμοίως
1557 5227 1811 5299 εὔπορον,
1867 5230 2001 5284 ἀλλά
2048 5230 2140 5284 καὶ

474 5315 680 5389 σφόδρα
718 5315 975 5387 χαλεπόν.
1011 5316 1085 5369 Τὸ
1119 5316 1216 5386 μὲν
1244 5312 1336 5370 οῦν
1375 5318 1474 5388 τῆς
1513 5315 1632 5371 ὁδοῦ
1681 5317 1852 5388 μῆκος
1889 5318 1983 5372 καὶ
2019 5319 2141 5372 ὅσον

473 5402 535 5455 τὸ
568 5403 730 5475 μέσον
777 5405 895 5458 ἐστὶ
934 5403 1137 5458 τούτων
1173 5405 1281 5458 τῶν
1325 5405 1538 5476 χωρίων
1589 5406 1725 5476 μετά
1762 5405 2049 5477 ἀκριϐείας
2075 5404 2141 5460 ἂν

474 5491 677 5548 εῐποιεν
707 5494 820 5548 ὅσοι
847 5493 980 5567 πρὸς
1003 5495 1149 5565 ἡμᾶς
1183 5493 1393 5547 ἐκεῖθεν
1425 5494 1700 5565 διέϐησαν,
1728 5497 1776 5549 εί
1802 5495 1867 5568 δή
1897 5495 2041 5558 τινές
2067 5496 2144 5548 εί-

539 5735 562 5798 f
583 5731 718 5798 (ξοἸι)Ζ
738 5732 934 5798 λοιμοῦ,
953 5734 1104 5784 Savil.
1130 5741 1184 5783 et
1216 5734 1386 5785 Morel.
1411 5735 1566 5798 λιμοῦ.

540 5794 569 5868 ει
765 5794 974 5868 εςροςμ-
995 5798 1232 5868 λυῖιτηεῶι;

543 5859 566 5890 ⁸
595 5858 741 5909 Savil.
768 5865 821 5907 el
839 5859 969 5911 Colb.
1008 5858 1174 5921 αὐτοῦ,
1193 5858 1316 5920 ﬂor.
1341 5859 1474 5909 αῦτὸ.

2202 825 2498 880 Βαϐυλῶνα
2530 827 2628 896 μὲν
2662 828 2762 880 ούκ
2788 828 2986 881 εἰδέναι
3016 826 3139 899 ἔφη,
3181 827 3290 880 τῶν
3320 827 3377 880 δὲ
3412 830 3526 880 ἐκεῖ
3567 827 3898 897 γενομένων

2204 915 2518 985 ἀκηκοέναι,
2563 915 2646 969 ὅτι
2680 917 2842 988 ἐτέρα
2861 915 3097 986 τοσαύτη
3125 915 3285 970 πάλιν
3318 915 3527 970 ἐκεῖθέν
3561 917 3717 968 ἐστιν
3745 914 3894 978 ὁδός.

2204 1002 2315 1055 Καὶ
2357 1001 2416 1054 τὸ
2469 1003 2566 1073 μὲν
2606 1003 2878 1074 διάστημα
2918 1003 3170 1057 τοσοῦτον
3217 1004 3310 1057 καὶ
3349 1005 3470 1057 τότε
3517 1000 3606 1076 ἦν,
3652 1003 3757 1056 καὶ
3797 1003 3896 1055 νῦν

2204 1091 2371 1144 ἐστιν’
2400 1093 2434 1162 ή
2455 1091 2510 1144 δὲ
2544 1091 2856 1163 κατασκευὴ
2883 1092 2994 1144 τῶν
3014 1091 3149 1145 ὁδῶν
3170 1093 3268 1145 οὐκ
3297 1091 3372 1144 ἔθ’
3393 1093 3594 1163 ὁμοίως
3621 1092 3706 1155 ὡς
3734 1090 3766 1130 ἀ
3801 1093 3896 1145 καὶ

2205 1177 2301 1232 νῦν
2326 1177 2418 1232 καὶ
2447 1178 2566 1232 τότε
2589 1179 2877 1232 διάκειται.
2917 1179 3032 1234 Νῦν
3063 1180 3160 1251 μὲν
3191 1179 3301 1251 γὰρ
3333 1181 3428 1234 καὶ
3450 1180 3720 1250 σταθμοῖς
3754 1179 3894 1233 διεί-

2206 1264 2406 1336 ληπται
2440 1266 2687 1336 συνεχέσι
2731 1266 2827 1321 καὶ
2862 1265 3045 1320 πόλεσι
3079 1270 3173 1320 καὶ
3194 1267 3412 1338 ἀγροῖς,
3447 1269 3540 1321 καὶ
3576 1267 3893 1339 ὁδοιπόροις

2207 1351 2263 1404 δὲ
2297 1351 2526 1422 βαδίζων
2566 1354 2631 1409 ἀν
2670 1371 2754 1418 τις
2799 1354 3013 1425 ἐντύχοι
3057 1355 3292 1418 πολλοῖς,
3325 1357 3462 1426 ὅπερ
3501 1357 3597 1409 καὶ
3632 1355 3890 1425 σταθμοῦ

2209 1440 2304 1493 καὶ
2355 1439 2562 1503 πόλεως
2614 1443 2710 1494 καὶ
2742 1441 2913 1512 ἀγροῦ
2951 1442 3048 1512 οὺχ
3089 1437 3250 1514 ἦττον
3289 1443 3369 1506 είς
3395 1442 3700 1511 ἀσφαλείας
3731 1441 3891 1509 λόγον

2210 1521 2344 1576 ἐστί.
2372 1522 2514 1591 Πρὸς
2542 1523 2599 1577 δέ
2627 1524 2834 1588 τούτοις
2865 1526 2957 1578 καὶ
2984 1525 3091 1578 ἀπὸ
3114 1528 3214 1597 τῆς
3242 1524 3423 1596 χώρας
3451 1527 3502 1578 οί
3529 1524 3639 1578 τῶν
3673 1526 3892 1578 πόλεων

2210 1609 2468 1682 ἄρχοντες
2510 1611 2708 1682 ἄνδρας
2743 1613 2836 1666 καὶ
2869 1611 3028 1684 ῥώμη
3061 1611 3313 1682 σώματος
3351 1613 3460 1666 τῶν
3485 1613 3662 1668 ἄλλων
3699 1613 3894 1680 διαφέ-

2215 1716 2405 1770 ροντας
2443 1700 2537 1752 καὶ
2577 1700 2809 1770 ἀκοντίῳ
2845 1701 2940 1756 καὶ
2971 1700 3230 1774 σφενδόνῃ
3271 1700 3522 1754 τοσοῦτον
3549 1700 3893 1770 δυναμένους

2213 1789 2422 1858 ἀρκεῖν,
2457 1790 2580 1842 ὅσον
2620 1791 2733 1853 τοῖς
2772 1788 2950 1860 βέλεσι
3001 1790 3098 1860 μὲν
3144 1791 3192 1842 οἱ
3222 1788 3452 1854 τοξόται,
3492 1791 3540 1842 οἱ
3579 1789 3635 1842 δὲ
3668 1789 3894 1841 ὁπλῖται

2212 1881 2326 1940 τοῖς
2364 1877 2570 1950 δόρασι,
2608 1877 2830 1942 τούτους
2870 1878 3247 1943 συντάξαντες,
3284 1879 3378 1932 καὶ
3406 1880 3675 1950 ἄρχοντας
3709 1878 3895 1940 αὐτοῖς

2215 1963 2626 2033 ἐπιστήσαντες.
2686 1965 2766 2027 είς
2833 1963 2982 2017 οὐδὲν
3031 1964 3216 2034 ἕτερον
3275 1964 3697 2034 ἀπησχόλησαν,
3758 1961 3895 2015 ἀλλὰ

2221 2051 2378 2121 μόνον
2415 2049 2512 2122 τὴν
2539 2050 2646 2103 τῶν
2681 2050 2814 2104 ὁδῶν
2843 2050 3145 2121 ἐπέτρεψαν
3178 2052 3442 2123 φυλακήν.
3485 2050 3640 2104 Μετά
3678 2049 3744 2102 δὲ
3776 2047 3898 2101 τοῦ⁹

2216 2155 2326 2191 των
2355 2139 2450 2191 καὶ
2485 2138 2676 2211 ἑτέραν
2713 2138 2872 2194 πάλιν
2900 2137 3106 2192 τούτων
3141 2139 3536 2210 ἀκριϐεστέραν
3582 2137 3897 2205 ἀσφάλειαν

2219 2225 2533 2297 ἐπενόησαν.
2575 2225 2863 2296 υίκήματα
2904 2224 3013 2296 γὰρ
3054 2223 3197 2278 κατά
3241 2225 3425 2297 χιλίων
3477 2224 3743 2295 βημάτων
3784 2225 3899 2278 διάη

2221 2329 2401 2384 στημα
2439 2312 2752 2383 δειμάμενοι
2790 2312 2942 2382 παρά
2978 2312 3077 2383 τὴν
3113 2313 3253 2377 ὁδὸν,
3308 2315 3652 2384 νυκτερινοὺς
3706 2313 3897 2376 αὑτοῖς

2220 2401 2627 2471 ἐγκατέστησαν
2661 2399 2927 2470 φύλακας,
2958 2400 3057 2472 τὴν
3093 2401 3316 2454 ἐκείνων
3340 2399 3647 2472 ἀγρυπνίαν
3668 2401 3774 2452 καὶ
3804 2402 3899 2471 τὴν

2223 2485 2416 2557 σχολὴν
2452 2487 2704 2556 μέγιστον
2744 2486 2972 2558 κώλυμα
3010 2490 3121 2551 τοῖς
3155 2487 3263 2541 τῶν
3309 2487 3634 2557 κακούργων
3679 2487 3900 2555 ἐφόδοις

2221 2573 2666 2644 ἐπιτειχίσαντες.
2698 2574 2832 2626 Τότε
2855 2573 2911 2627 δέ
2947 2574 3098 2628 οὐδὲν
3124 2574 3327 2628 τούτων
3346 2570 3434 2647 ἦν,
3460 2575 3559 2628 ούκ
3588 2575 3761 2645 ἀγροὶ
3788 2591 3902 2627 συν-

2224 2665 2388 2734 εχεῖς,
2414 2663 2476 2714 ού
2511 2661 2714 2727 πόλεις,
2745 2663 2806 2715 ού
2839 2662 3088 2732 σταθμοὶ,
3120 2664 3182 2716 ού
3207 2663 3566 2732 καταγώγιον,
3597 2663 3662 2715 ού
3682 2662 3752 2716 τὸ
3785 2680 3902 2716 σνν-

2223 2750 2504 2821 οδοιπόρον
2551 2750 2762 2820 ταχέως
2801 2749 2947 2810 ἰδεῖν,
2980 2751 3080 2804 ούκ
3108 2750 3236 2804 ἄλλο
3262 2769 3314 2804 τι
3348 2751 3550 2804 τούτων
3582 2751 3768 2804 οὐδέν·
3805 2751 3898 2822 τήν

2221 2836 2331 2908 γὰρ
2359 2837 2458 2908 τῆς
2481 2837 2729 2908 ἀτραποῦ
2778 2836 3090 2909 τραχύτητα
3120 2838 3215 2891 καὶ
3259 2838 3356 2908 τὴν
3392 2837 3500 2891 τῶν
3565 2837 3756 2908 ἀέρων
3808 2840 3896 2892 ἀν-

2229 2923 2478 2994 ωμαλίαν
2497 2924 2734 2995 παρίημι
2750 2925 2866 2988 νῦν,
2899 2925 3075 2978 καίτοι
3094 2941 3156 2994 γε
3186 2923 3364 2989 ἱκανά,
3390 2925 3617 2978 ἐκείνων
3637 2925 3716 2996 μὴ
3738 2943 3897 2996 προσο

2224 3011 2393 3065 όντων
2419 3024 2463 3079 ε,
2495 3012 2731 3083 λυπῆσαι
2765 3013 2890 3076 τοὺς
2926 3012 3336 3084 ὁδοιποροῦντας
3369 3014 3587 3077 ἱκανῶς.
3627 3015 3744 3067 Καὶ
3774 3030 3897 3083 μαρ-

2223 3103 2520 3175 τυρήσαιεν
2561 3101 2626 3154 ἄν
2657 3119 2746 3171 μοι
2781 3103 2829 3154 οἱ
2875 3100 3096 3170 ζεύγεσι
3125 3101 3216 3155 καὶ
3258 3102 3569 3171 ὑποζυγίοις
3603 3103 3891 3174 χρώμενοι,

2225 3190 2322 3244 καὶ
2352 3188 2486 3261 μηδέ
2515 3187 2658 3242 οὕτω
2677 3189 2775 3260 τῆς
2805 3188 3068 3260 συνήθους
3093 3189 3391 3243 ἐπιϐαίνειν
3421 3190 3738 3261 τολμῶντες
3763 3189 3891 3253 ὁδοῦ,

2226 3277 2276 3330 εί
2303 3276 2378 3347 μὴ
2402 3276 2663 3348 πρότερον
2682 3276 2853 3346 αὐτὴν
2883 3277 3194 3348 στορέσαιεν
3214 3277 3403 3343 λίθοις,
3429 3279 3523 3331 καὶ
3544 3278 3647 3340 τὰς
3667 3278 3781 3331 ἀπὸ
3800 3278 3894 3330 τῶν

2229 3364 2378 3438 [190]
2420 3365 2634 3437 ῥυάκων
2667 3365 2945 3436 χαράδρας
2980 3365 3472 3438 ἀναπληρώσαντες
3522 3367 3776 3419 ἰσόπεδον
3817 3366 3895 3419 οῦ-

2227 3471 2334 3517 τως
2373 3453 2714 3524 ἐργάσαιντο.
2755 3453 2887 3506 Τότε
2925 3453 2981 3506 δὲ
3020 3455 3326 3525 ἐρημοτέρα
3363 3455 3458 3524 μὲν
3491 3454 3600 3507 τῶν
3629 3455 3895 3524 ἀοικήτων

2226 3536 2316 3611 ἦν,
2343 3540 2667 3612 ἀπορωτέρα
2693 3539 2749 3594 δὲ
2773 3541 2879 3595 τῶν
2905 3541 3068 3612 ὁρῶν,
3098 3541 3485 3613 σφαλερωτέρα
3511 3541 3565 3594 δὲ
3594 3541 3704 3595 τῶν
3740 3543 3898 3614 βαρά-

2229 3630 2374 3702 Θρων
2399 3632 2492 3684 καὶ
2517 3631 2626 3685 τῶν
2647 3630 2928 3702 κρημνῶν.
2956 3631 3069 3684 Καὶ
3097 3631 3158 3684 τὸ
3186 3633 3401 3686 πάντων
3431 3631 3486 3684 δὲ
3516 3631 3897 3702 χαλεπώτεροί

2229 3721 2329 3773 οὐκ
2377 3715 2548 3782 εἷπον,
2580 3719 2696 3784 πῶς
2739 3719 2806 3773 τά
2843 3719 2942 3790 τῆς
2983 3719 3261 3791 ἐπιμιξίας
3301 3720 3548 3784 διέκειτο,
3600 3720 3630 3772 ὃ
3673 3721 3774 3774 καὶ
3809 3720 3898 3788 τῆς

2229 3808 2350 3863 ὀδοῦ
2415 3809 2593 3880 πολλῷ
2632 3809 2850 3862 πλείονα
2911 3808 3005 3862 καὶ
3067 3808 3286 3880 μείζονα
3337 3811 3561 3880 παρεῖχε
3599 3807 3904 3879 πράγματα

2231 3899 2436 3962 αὐτοῖς,
2472 3897 2613 3951 κατὰ
2641 3896 2790 3968 ἔθνη,
2828 3897 3030 3967 μᾶλλον
3071 3897 3129 3952 δέ
3159 3895 3301 3950 κατά
3340 3896 3492 3948 πόλιν
3528 3896 3798 3949 ἁπάντων
3839 3897 3906 3949 6:-

2231 3986 2542 4058 ῃρημένων.
2576 3986 2650 4038 Ού
2683 3985 2790 4055 γὰρ
2821 3985 3009 4055 ῶσπερ
3048 3984 3142 4037 νῦν
3191 3984 3286 4054 μία
3323 3984 3466 4055 ἀρχή
3495 3986 3640 4038 κατά
3666 3984 3731 4037 τὸ
3764 3986 3906 4036 πλεῖ-

2235 4090 2356 4126 στον
2384 4073 2480 4143 τῆς
2505 4072 2830 4143 οἰκουμένης
2854 4072 3076 4126 τέταται
3107 4073 3290 4143 μέρος,
3315 4072 3410 4125 καὶ
3440 4073 3521 4126 ἐνὶ
3550 4073 3762 4136 πάντες
3795 4074 3907 4127 δου-

2232 4160 2478 4214 λεύουσιν
2520 4159 2814 4231 ἀνθρώπῳ,
2846 4161 2940 4213 καὶ
2978 4163 3090 4224 τοῖς
3124 4161 3302 4224 αὐτοῖς
3333 4159 3664 4215 διοικοῦνται
3700 4161 3908 4232 νόμοις,

2233 4249 2374 4303 οὕτω
2411 4249 2504 4302 καὶ
2530 4249 2650 4301 τότε
2683 4243 2770 4318 ἦν·
2798 4248 2911 4300 ἀλλ’
2942 4247 3129 4317 ὥσπερ
3164 4247 3321 4318 σῶμα
3354 4247 3411 4300 ἐν
3446 4249 3526 4310 είς
3561 4248 3740 4302 πολλά
3772 4250 3910 4321 μέρη

2235 4336 2602 4408 κατατμηθὲν,
2633 4335 2774 4389 οῦτω
2799 4336 2891 4390 καὶ
2921 4336 2982 4389 τὸ
3017 4334 3123 4389 τῶν
3146 4335 3447 4406 ἀνθρώπων
3477 4336 3785 4390 διέσπαστο
3825 4340 3911 4407 γέ-

2235 4443 2344 4489 νος,
2401 4426 2494 4478 καὶ
2546 4423 2837 4494 πολεμίους
2883 4424 2948 4477 ἐκ
3001 4423 3275 4496 πολεμίων
3323 4424 3570 4494 ἀμείϐειν
3618 4426 3650 4477 ὁ
3703 4425 3912 4487 δίκαιος

2235 4515 2593 4584 ἠναγκάζετο,
2627 4513 2756 4584 πρὶν
2794 4512 2828 4583 ἢ
2866 4511 2991 4576 τοὺς
3026 4513 3323 4586 προτέρους
3355 4513 3659 4581 διαφυγεῖν,
3703 4514 3912 4585 ἑτέροις

2236 4603 2523 4674 ἐμπίπτων
2559 4601 2670 4665 ἀεὶ,
2697 4600 2772 4672 τιὴ
2807 4600 2906 4672 μὲν
2932 4601 3286 4673 πολυαρχίας,
3322 4602 3397 4672 πὴ
3439 4602 3496 4655 δὲ
3525 4604 3803 4672 ἀναρχίας
3833 4605 3915 4658 05-

2238 4709 2357 4763 σης.
2394 4692 2457 4745 Τί
2495 4687 2588 4744 οὖν
2618 4689 2823 4760 ταύτης
2847 4689 3224 4762 χαλεπώτερον
3265 4690 3365 4761 τῆς
3407 4689 3582 4760 ζωῆςς
3621 4691 3768 4746 Οὐδὲ
3815 4693 3914 4763 γὰρ

2239 4780 2379 4852 ὑπὲρ
2411 4777 2603 4833 ἑαυτοῦ
2633 4778 2792 4849 μόνον
2816 4778 3069 4832 ἐδεδοίκει
3093 4778 3186 4831 καὶ
3205 4777 3451 4850 έτρεμεν.
3481 4779 3616 4831 ἀλλά
3649 4783 3750 4833 καὶ
3780 4783 3916 4851 ὑπὲρ

2239 4867 2442 4938 πατρὸς
2475 4867 2569 4920 καὶ
2595 4865 2852 4934 γυναικὸς
2877 4865 2972 4920 καὶ
2999 4865 3137 4937 ὑπὲρ
3169 4865 3466 4936 ἀδελφιδοῦ.
3496 4862 3604 4919 Ἦν
3635 4867 3696 4920 δὲ
3729 4869 3915 4939 οῦδὲή

2238 4956 2346 5009 τῶν
2387 4954 2608 5008 οἰκετῶν
2651 4954 2870 5026 φροντὶς
2928 4953 3120 5026 μικρὰ,
3168 4955 3216 5006 εί
3261 4953 3354 5008 καὶ
3411 4953 3505 5006 ἐπὶ
3557 4956 3661 5025 τῆς
3708 4958 3919 5019 οἰκείας

2240 5045 2531 5112 ἐτύγχανον
2575 5041 2748 5106 ὅντες,
2801 5041 2875 5113 μὴ
2929 5042 3010 5095 ὅτι
3055 5059 3118 5110 γε
3161 5043 3248 5095 ὅτε
3308 5041 3399 5095 ἐπὶ
3451 5041 3551 5112 τῆς
3598 5043 3918 5115 ἀλλοτρίας,

2241 5131 2610 5202 ἠναγκάζοντο
2658 5126 2796 5185 εἶναι
2838 5131 3147 5194 διαπαντός.
3193 5132 3301 5185 Καὶ
3348 5132 3396 5183 εί
3438 5131 3534 5202 μὲν
3563 5131 3686 5201 ᾔδει
3728 5134 3924 5203 σαφῶς

2239 5221 2409 5276 ὅπουί
2451 5223 2705 5291 στήσεται
2744 5220 2813 5274 τὰ
2849 5221 2948 5292 τῆς
2977 5221 3183 5291 πλάνης
3211 5219 3378 5290 αὐτῷ,
3410 5221 3508 5273 οὐκ
3550 5215 3619 5291 ἦν
3667 5219 3826 5275 οῦτω
3871 5223 3927 5276 τὺ

2240 5312 2349 5365 τῶν
2385 5310 2679 5382 φροντίδων
2706 5309 2998 5381 ἀφόρητον·
3035 5309 3128 5363 νῦν
3159 5309 3216 5364 δὲ
3247 5309 3432 5373 ἁπλῶς
3472 5311 3565 5364 καὶ
3592 5310 3928 5382 ἀδιορίστως

2241 5398 2478 5462 ἀκούσας
2507 5397 2659 5467 Γῆν,
2684 5399 2744 5450 ού
2770 5397 2924 5468 τήνδε
2947 5397 2980 5468 ἧ
3006 5397 3182 5468 τήνδε,
3211 5397 3346 5463 ἀλλ’,
3370 5401 3476 5454 Ἢν
3495 5397 3572 5451 ἄν
3591 5414 3695 5453 σοι
3720 5398 3930 5466 δείξω,

2305 5676 2331 5714 ἀ
2359 5676 2442 5731 Ὡς
2463 5676 2608 5724 deest
2630 5673 2680 5722 in
2707 5675 2860 5725 Saviu.
2888 5683 2941 5723 et
2961 5676 3096 5725 Colo.

2316 5741 2335 5762 '
2372 5739 2542 5787 Morel.
2565 5737 2722 5800 καίτοι
2742 5754 2794 5800 γε
2815 5739 2954 5785 ἱκανὰ
2979 5739 3169 5800 ἐκείνων
3195 5738 3258 5799 μή
3282 5754 3421 5800 προσ.
3455 5737 3506 5785 In
3528 5736 3674 5789 Colb.
3698 5745 3756 5786 et.
3782 5741 3936 5793 Satn

2317 5754 2332 5762 ‘
2375 5754 2542 5787 morei.
2565 5754 2722 5785 καιτοι
2773 5754 2794 5786 ε
2817 5754 2954 5785 ικανα
2979 5755 3169 5786 εκεινων
3195 5755 3258 5799 μη
3282 5754 3421 5800 προσ.
3457 5754 3506 5785 ιιι
3528 5754 3674 5789 uno.
3698 5754 3756 5786 Pl.
3782 5754 3849 5790 sa

2248 5802 2388 5849 ἱκανά
2407 5801 2565 5848 deest.
2599 5798 2717 5862 Mox,
2735 5754 2885 5848 ἔθνη.
2915 5799 3274 5862 ὁδοιποροῦντας
3304 5802 3398 5847 τῶν
3431 5801 3608 5848 λοιπῶν
3632 5802 3849 5855 ἱκανῶν,

2314 5862 2331 5901 ί
2360 5861 2493 5914 Colb.
2520 5869 2573 5912 et
2593 5861 2741 5912 Savi].
2771 5863 2899 5924 ὅποι,
2924 5861 3096 5913 Morel;
3121 5864 3261 5911 ὅπου.
