4036 6416
395 428 498 482 657

396 558 524 598 vero
549 541 615 596 ad
644 548 925 596 sexcentos
946 554 1116 593 annos
1143 546 1197 593 et
1223 539 1359 593 ultra
1387 538 1619 591 humana
1644 535 1750 589 vita
1778 532 1980 603 pertin-

395 636 572 706 gebat.
611 633 683 689 Ut
719 634 877 703 igitur
919 632 1022 686 alia
1063 631 1325 695 omittam,
1374 638 1503 701 quot
1548 628 1758 699 negotia
1798 625 1979 680 subire

396 726 684 797 cogebatur
713 726 801 795 qui
842 724 976 779 adeo
1005 724 1266 793 prolixum
1298 723 1399 777 iter
1423 719 1671 792 gradiens
1698 717 1975 781 currebat,

398 835 460 875 ac
484 819 687 873 viribus
717 818 842 871 totis
872 816 1180 871 intendebat
1222 816 1275 868 in
1316 824 1459 868 tanta
1509 813 1609 866 vire
1652 809 1980 881 longitudine

398 926 464 966 ne
494 925 678 980 parum
708 908 922 979 quidem
948 908 1234 972 divertere,
1263 922 1382 961 cum
1407 904 1632 974 plurima
1654 912 1832 958 essent
1860 916 1979 970 qure

402 999 775 1071 prohiberent?
802 999 869 1053 Et
892 999 1016 1068 quid
1045 998 1166 1051 dico
1196 997 1443 1068 plurima,
1476 1010 1595 1049 cum
1625 1002 1731 1047 tota
1757 1006 1980 1063 prorsus

398 1093 504 1146 vita
543 1106 574 1145 a
607 1091 798 1146 ﬁnibus
836 1091 901 1143 ad
943 1090 1074 1144 ﬁnes
1120 1097 1275 1143 terrae
1317 1082 1459 1141 e'sset
1503 1084 1838 1156 hujusmndi,
1872 1091 1978 1136 tota

398 1183 668 1253 scepulls,
698 1181 967 1245 sentibus,
1000 1180 1219 1245 belluis,
1284 1178 1564 1248 squalore,
1619 1186 1769 1247 peste
1796 1175 1812 1206 ¹
1839 1216 1855 1240 ,
1903 1174 1982 1227 al-

401 1290 550 1345 gore,
584 1273 947 1343 maleﬁcisque
975 1274 1161 1342 plena?
1183 1271 1441 1341 Equidem
1473 1268 1677 1323 facilius
1704 1266 1980 1321 existima-

403 1364 570 1420 verim
615 1364 1044 1435 augustissimam
1084 1362 1327 1418 semitam
1367 1358 1780 1432 profundissima
1824 1363 1982 1410 nocte

401 1470 615 1525 semper
668 1453 956 1520 incedere,
1023 1468 1178 1524 quam
1235 1452 1340 1506 illis
1388 1449 1719 1519 temporibus
1771 1445 1982 1501 virtutis

402 1547 542 1600 viam
568 1563 580 1599 :
605 1554 683 1599 tot
707 1542 950 1598 homines
1021 1545 1205 1607 erant,
1242 1540 1335 1613 qui
1362 1554 1585 1611 gressus
1617 1540 1764 1597 illius
1793 1553 1963 1595 cona-

405 1644 588 1691 rentur
632 1645 892 1690 evertere.
946 1630 1084 1688 Cum
1138 1632 1281 1688 enim
1335 1629 1583 1684 omnibus
1634 1639 1983 1697 quaecumque

405 1731 570 1785 velint
598 1744 755 1798 agere
793 1728 993 1782 licitum
1023 1727 1111 1792 sit,
1138 1740 1276 1780 unus
1315 1739 1444 1779 vero
1478 1722 1624 1777 solus
1661 1720 1981 1774 contrariam

405 1821 654 1876 omnibus
681 1820 891 1875 incedat
914 1820 1053 1873 viam
1076 1860 1090 1885 ,
1118 1816 1331 1887 quando
1358 1816 1401 1869 is
1428 1814 1493 1867 ad
1521 1814 1678 1867 ﬁnem
1706 1810 1986 1882 pervenire

406 1913 632 1982 poterit,
673 1911 882 1965 cunctis
912 1911 1057 1965 illum
1093 1917 1236 1963 retro
1266 1905 1661 1976 impellentibus
1688 1912 1845 1972 atque
1869 1900 1986 1969 pul-

405 2002 686 2056 santibus?
732 2000 898 2069 Cujus
936 2000 1078 2054 enim
1120 1996 1445 2052 difﬁcultatis
1483 1995 1553 2049 sit
1586 2008 1705 2048 cum
1746 1990 1987 2061 plurimis

405 2093 647 2163 degendo
675 2100 818 2147 recte
844 2090 1087 2161 operari,
1118 2090 1438 2144 documento
1467 2086 1621 2141 nobis
1653 2092 1777 2139 sunt
1807 2084 1863 2145 ii,
1895 2081 1986 2151 qui

407 2186 565 2239 modo
588 2199 798 2255 quoque
818 2182 1129 2237 solitudines
1154 2188 1453 2249 occupant,
1481 2192 1601 2231 cum
1636 2187 1812 2229 tamen
1843 2182 1989 2228 recte

410 2275 618 2331 vivendi
641 2278 862 2329 formam
882 2273 1078 2343 ubique
1098 2272 1520 2333 disseminatam,
1543 2265 1989 2334 concordiamque

406 2377 461 2421 et
482 2377 720 2421 mutuum
742 2381 976 2419 amorem
1007 2380 1111 2418 non
1133 2363 1380 2432 exiguum
1410 2375 1629 2415 cernere
1659 2359 1710 2412 in
1741 2366 1989 2427 promptu

406 2460 494 2513 sit.
522 2458 671 2513 Tune
694 2473 822 2513 vero
848 2457 977 2511 nihil
1005 2457 1192 2511 horum
1226 2454 1447 2509 inveniri
1476 2461 1710 2523 poterat;
1742 2450 1834 2505 sed
1863 2463 1992 2503 eon-

411 2559 489 2603 tra
519 2550 661 2603 illum
688 2564 875 2604 omnes
913 2548 1039 2602 feris
1064 2545 1310 2602 omnibus
1338 2544 1678 2598 immaniores
1708 2549 1879 2596 erant.

480 2640 533 2696 6.
554 2640 857 2710 Exemplum
885 2639 1101 2693 Abraha:
1128 2640 1338 2710 profert.
1352 2666 1423 2677 —-
1444 2636 1579 2704 Quid
1597 2635 1753 2706 igitur
1771 2634 1869 2688 hac
1885 2635 1990 2687 vita

410 2733 719 2798 luctuosius,
738 2731 864 2802 quid
886 2731 1237 2785 laboriosius?
1255 2729 1512 2799 Equidem
1542 2738 1882 2783 ostensurum
1906 2742 1993 2781 me

411 2825 757 2893 promiseram
794 2824 939 2879 illum
973 2824 1138 2876 nihilo
1162 2822 1382 2877 meliore
1408 2820 1710 2875 conditione
1742 2818 1902 2872 fuisse
1929 2818 1992 2871 iis

411 2916 497 2983 qui
536 2930 749 2984 semper
785 2930 948 2969 onera
978 2914 1175 2979 ferunt,
1208 2923 1262 2967 et
1288 2927 1574 2981 numquam
1615 2911 1989 2978 requiescunt;

411 3008 503 3061 sed
548 3011 718 3061 oratio
760 3007 926 3061 multo
964 3006 1191 3076 amplius
1237 3004 1411 3059 eﬂ'ecit
1446 3022 1459 3058 :
1493 3020 1597 3056 non
1641 3002 1812 3055 solum
1850 3002 1990 3054 enim

414 3116 517 3155 non
559 3100 798 3165 meliore,
827 3099 920 3155 sed
967 3108 1021 3154 et
1046 3099 1199 3170 longe
1244 3097 1487 3168 graviore
1511 3096 1613 3150 illis
1641 3112 1703 3149 ac
1732 3094 1993 3148 deteriore

412 3194 715 3248 conditione
760 3192 922 3247 fuisse
965 3192 1120 3246 nobis
1168 3190 1437 3262 patefecit.
1486 3188 1707 3242 Videtur
1755 3187 1992 3256 plurimis

412 3285 681 3339 Abraham
709 3292 919 3339 aetatem
960 3300 1171 3338 omnem
1217 3297 1473 3353 prospere
1515 3297 1578 3335 ac
1610 3280 1893 3351 tranquille
1915 3280 1993 3333 vi-

413 3380 556 3433 xisse
588 3394 601 3431 :
628 3378 876 3448 quocirca
905 3376 1167 3431 feliciores
1191 3389 1431 3445 quosque
1455 3384 1509 3427 et
1530 3374 1760 3442 undique
1798 3371 1994 3425 ﬂoreu-

415 3479 494 3524 tes
530 3469 604 3523 illi
650 3484 964 3538 comparare
991 3469 1184 3524 solent.
1217 3469 1326 3538 Age
1354 3482 1480 3537 ergo
1512 3466 1843 3535 inquiramus
1869 3465 1991 3518 dili—

414 3561 623 3630 gentius
665 3575 784 3629 qua:
812 3559 885 3614 illi
916 3560 1269 3630 contigerunt.
1299 3558 1395 3612 Hie
1425 3557 1552 3610 mihi
1584 3556 1792 3611 videtur
1838 3557 1993 3626 longe

414 3655 653 3725 graviora
697 3668 854 3723 quam
897 3652 1009 3706 Noe
1054 3666 1318 3721 quamque
1362 3650 1494 3704 Abel
1548 3664 1866 3719 perpessus;
1898 3647 1992 3701 sed

414 3762 515 3817 ego
539 3746 707 3801 satius
737 3761 857 3800 esse
886 3759 949 3798 ac
978 3744 1367 3813 meliusjudico
1395 3742 1525 3797 nihil
1553 3743 1762 3796 interim
1790 3741 1989 3805 dicere,

414 3836 587 3906 quoad
634 3852 812 3891 rerum
866 3836 1089 3906 diligens
1149 3835 1407 3890 diseussio
1462 3835 1778 3889 sententiam
1839 3835 1988 3887 ferat.

414 3930 545 3995 Qua:
575 3927 732 3997 igitur
760 3927 838 3980 illi
866 3927 916 3980 in
946 3926 1161 3981 Perside
1182 3937 1236 3981 et
1267 3942 1433 3997 usque
1458 3927 1521 3979 ad
1546 3925 1991 3996 septuagesimum

414 4033 611 4071 annum
633 4018 969 4087 contigerunt
996 4016 1185 4082 tristia,
1209 4017 1393 4071 nullus
1421 4025 1603 4085 aperte
1628 4016 1768 4071 scire
1797 4023 1989 4085 potest.
2028 4066 2031 4069 γ

413 4110 595 4179 Neque
619 4109 759 4163 enim
784 4109 968 4163 beatus
984 4108 1191 4180 Moyses
1212 4108 1327 4177 ejus
1359 4109 1513 4162 nobis
1536 4109 1793 4177 temporis
1825 4108 1993 4161 histo-

415 4205 545 4257 riam
571 4202 802 4269 tradidit,
836 4202 929 4256 sed
960 4202 1046 4256 illa
1094 4202 1237 4256 omni
1282 4208 1437 4255 :etate
1476 4201 1694 4266 omissa,
1723 4215 1754 4254 a
1781 4210 1995 4271 septua-

413 4296 617 4363 gesimo
665 4309 807 4348 anno
852 4294 1175 4349 narrationis
1220 4309 1332 4348 sure
1382 4294 1520 4364 cepit
1565 4292 1793 4346 initium.
1841 4294 1992 4359 Quod

417 4396 590 4439 tamen
620 4394 675 4438 et
712 4385 826 4454 ipse
854 4386 996 4454 paria
1029 4385 1090 4438 iis
1120 4400 1237 4454 qua:
1265 4384 1393 4438 Noa:
1440 4398 1719 4454 perpessus
1744 4384 1831 4449 sit,
1871 4398 1991 4436 cum

415 4476 552 4529 inter
576 4483 651 4528 tot
678 4474 867 4544 impios
905 4490 967 4529 ae
993 4474 1248 4529 barbaros
1288 4475 1436 4529 solus
1476 4475 1725 4545 pietatem
1770 4474 1991 4537 coleret,

414 4565 516 4620 hoc
544 4580 669 4621 sane
695 4567 978 4632 incertum,
1007 4576 1063 4620 ut
1092 4568 1290 4637 reliqua
1318 4568 1708 4636 obscurumque
1737 4582 1840 4620 non
1869 4576 1951 4620 est
1977 4583 1989 4618 :

412 4658 522 4713 imo
543 4657 593 4711 id
623 4658 1043 4727 insipientissimi
1069 4674 1279 4729 quoque
1328 4658 1482 4713 facile
1526 4658 1827 4727 conjectare
1868 4671 1992 4727 pos-

411 4750 539 4802 sint.
571 4748 766 4805 Verum
812 4749 911 4804 ista
954 4763 1165 4820 quoque
1194 4748 1352 4803 modo
1378 4749 1705 4813 omittamus,
1739 4757 1897 4818 atque
1924 4747 1993 4803 ab

412 4840 579 4910 ipsius
626 4840 1051 4913 peregrinatione
1089 4841 1381 4908 ordiamur,
1436 4840 1566 4894 illud
1607 4841 1777 4909 primo
1821 4838 1993 4909 inqui-

410 4941 593 4987 rentes
622 4932 944 5002 diligentius,
972 4944 1170 5002 quanto
1194 4932 1396 4987 itineris
1424 4932 1595 5001 spatio
1624 4931 1991 4987 Chaldaeorum

415 5033 556 5079 terra
578 5023 917 5079 aPalmstina
942 5025 1122 5091 distet,
1143 5034 1233 5078 aut
1256 5041 1496 5094 quamam
1527 5024 1684 5079 fuerit
1708 5025 1807 5079 vite
1850 5025 1991 5079 illius

411 5113 665 5182 conditio,
688 5114 953 5184 quomodo
978 5124 1103 5170 tunc
1121 5115 1218 5169 sibi
1247 5114 1456 5170 misceri
1480 5116 1551 5169 illi
1569 5116 1853 5184 potuerint,
1873 5116 1992 5186 quis

410 5206 569 5262 fuerit
613 5206 822 5261 vivendi
878 5206 1087 5261 modus.
1132 5207 1248 5262 Non
1294 5209 1438 5263 enim
1495 5208 1616 5278 quia
1662 5208 1815 5262 facile
1868 5217 1992 5262 tunc

410 5300 581 5371 justus
607 5298 693 5354 ille
722 5299 975 5363 obedivit,
998 5315 1084 5356 res
1110 5301 1229 5355 ideo
1251 5301 1418 5356 facilis
1438 5303 1796 5367 existimetur;
1818 5317 1991 5371 neque

409 5392 660 5460 quoniam
688 5390 921 5447 breviter
947 5392 1118 5447 Moses
1155 5394 1235 5447 rei
1261 5406 1424 5464 gesta:
1461 5393 1683 5463 digessit
1724 5393 1985 5460 ordinem,

410 5494 543 5548 epus
590 5482 760 5551 ipsum
808 5482 1091 5538 verborum
1141 5483 1452 5539 brevitatem
1501 5493 1652 5554 putes
1679 5484 1988 5539 imitatum:

412 5570 511 5625 ista
538 5577 677 5625 enim
704 5573 883 5629 dicere
912 5585 967 5630 et
996 5591 1216 5631 narrare
1241 5576 1553 5632 facillimum
1581 5586 1683 5644 est,
1715 5594 1871 5649 agere
1897 5594 1990 5633 au-

414 5674 518 5719 tem
555 5666 753 5723 laboris
799 5668 1233 5741 difﬁcultatisque
1274 5671 1662 5741 plenissimum.
1695 5672 1806 5726 Vite
1834 5673 1990 5743 igitur

414 5760 562 5813 istius
586 5761 969 5831 longitudinem
1012 5764 1394 5834 regionumque
1431 5765 1875 5836 intercapedinem
1904 5766 1987 5820 di-

464 5872 478 5901 ¹
513 5873 592 5922 Sic
624 5876 754 5924 Colb.
770 5888 787 5937 ;
808 5876 895 5927 sed
920 5876 1055 5926 Savil.
1085 5876 1330 5940 etttorcl.,
1356 5879 1500 5941 fame.

1222 424 1313 479 AD
1350 420 1721 479 STAGIRIUM
1764 421 1807 474 Α
1848 408 2146 471 ΒᾸΕΜΟΝΕ
2189 409 2539 466 VEXATUM.
2583 409 2709 464 LIB.
2754 409 2817 464 ll.

3573 409 3677 462 πε

2088 522 2335 593 ligentius
2361 522 2517 578 nobis
2539 538 2790 578 enarrare
2815 530 3033 592 possent
3061 520 3148 591 qui
3181 520 3301 576 inde
3327 520 3394 575 ad
3424 537 3521 575 nos
3548 535 3673 591 per‘

2086 615 2380 678 venissent,
2414 616 2459 668 si
2487 614 2702 684 quidem
2735 613 2825 668 ulli
2858 613 2988 667 tales
3008 621 3188 667 essent
3218 629 3233 665 :
3267 628 3387 666 nam
3416 612 3669 668 haetenu.

2084 704 2296 759 illorum
2342 704 2543 759 nemini
2585 704 2857 774 congressi
2901 720 3115 768 sumus;
3158 720 3319 757 unum
3352 720 3480 758 vero
3510 720 3573 758 ex
3609 705 3673 758 iis

2084 794 2175 863 qui
2205 810 2267 847 ex
2296 795 2543 849 citeriore
2587 796 2856 864 provincia
2904 793 3194 849 adveniunt
3240 796 3400 860 nacti,
3441 809 3561 848 cum
3607 797 3675 846 ab

2085 886 2175 939 illo
2218 886 2611 956 inquireremus
2666 897 2921 957 quantum
2977 886 3184 942 itineris
3238 902 3398 957 agere
3458 897 3674 941 coactus

2085 988 2244 1045 esset,
2277 980 2490 1049 triginta
2520 990 2573 1034 et
2614 980 2849 1051 quinque
2889 979 3097 1033 dierum
3145 994 3422 1033 numerum
3468 978 3673 1031 audivi-

2085 1085 2205 1124 mus
2235 1088 2247 1125 :
2281 1079 2335 1124 et
2362 1071 2685 1140 Babylonem
2712 1070 2927 1140 quidem
2959 1070 3047 1124 ille
3075 1085 3362 1139 numquam
3395 1084 3452 1123 se
3478 1068 3674 1122 vidisse

2085 1162 2180 1229 ait,
2210 1162 2422 1216 audisse
2450 1170 2623 1216 tamen
2660 1160 2811 1216 abiis
2835 1162 2924 1232 qui
2969 1162 3038 1215 ibi
3084 1161 3297 1217 fuerant
3342 1160 3671 1215 tantumdem

2086 1254 2293 1308 itineris
2332 1264 2532 1308 restare
2548 1254 2957 1318 conﬁeicndmn,
2987 1263 3044 1308 ut
3065 1270 3130 1308 eo
3156 1254 3545 1323 perveniretur.
3580 1255 3676 1307 At-

2086 1363 2191 1417 que
2244 1346 2543 1417 hujusmodi
2598 1348 2848 1401 distantia
2905 1346 3143 1402 locorum
3196 1357 3250 1401 et
3294 1358 3419 1401 tunc
3466 1356 3582 1401 erat
3619 1355 3674 1401 et

2089 1452 2231 1491 nunc
2276 1447 2359 1492 est
2393 1456 2406 1491 :
2440 1453 2601 1508 porro
2645 1439 2849 1493 itineris
2888 1439 3124 1494 conditio
3155 1453 3259 1493 non
3287 1454 3351 1493 ea
3382 1438 3542 1492 modo
3568 1450 3673 1505 est,

2087 1544 2206 1599 quae
2233 1536 2356 1582 tunc
2386 1528 2547 1583 fuisse
2576 1529 2829 1584 creditur.
2865 1528 3019 1584 Nunc
3062 1532 3204 1583 enim
3228 1538 3283 1583 et
3314 1530 3676 1583 mansionibus

2089 1620 2360 1689 perpetuis
2384 1620 2691 1675 distinctum
2718 1630 2820 1682 est.
2842 1628 2897 1674 et
2923 1620 3143 1675 urbibus
3167 1634 3231 1674 ac
3255 1620 3393 1673 villis
3422 1619 3675 1689 frequen-

2090 1711 2230 1763 tibus
2256 1720 2525 1777 ornatum,
2569 1712 2908 1781 viatoresque
2952 1711 3213 1780 plurimos
3257 1710 3554 1776 offendunt,
3586 1711 3675 1780 qui

2092 1803 2215 1857 illnc
2261 1804 2671 1874 proﬁciscuntur
2726 1804 2865 1874 quod
2915 1819 3019 1858 non
3066 1804 3242 1857 minus
3287 1805 3352 1858 ad
3377 1805 3678 1858 securitatis

2091 1896 2351 1950 rationem
2375 1896 2535 1961 valet,
2560 1911 2718 1965 quam
2760 1896 3086 1961 mansiones,
3110 1896 3268 1949 urbes
3310 1905 3469 1965 atque
3516 1893 3675 1948 vill:e.

2091 1988 2359 2043 Prteterea
2385 1998 2439 2043 et
2458 2005 2521 2042 ex
2546 1988 2817 2058 provincia
2845 1988 3118 2042 civitatum
3147 1987 3417 2057 principes
3442 1985 3681 2055 deligunt

2092 2081 2257 2145 viros,
2300 2082 2540 2149 corporis
2585 2080 2946 2151 magnitudine
2976 2089 3029 2135 et
3058 2080 3251 2133 robore
3292 2080 3500 2133 eunetis
3547 2094 3682 2149 pra:—

2093 2171 2368 2235 celleutes,
2406 2171 2689 2240 jaenloque
2716 2181 2769 2225 et
2794 2170 2955 2225 funda
3002 2179 3204 2223 tantum
3244 2170 3483 2224 valentes
3508 2186 3674 2239 quan.

2095 2274 2203 2317 tum
2236 2264 2317 2318 vel
2346 2264 2601 2333 sagittarii
2623 2264 2946 2335 sagittis,vel
2974 2266 3163 2319 armati
3189 2265 3344 2336 pilis;
3366 2265 3681 2335 statutisque

2095 2356 2317 2412 ducibus
2344 2357 2535 2426 quibus
2573 2357 2646 2411 illi
2684 2357 3074 2426 obtemperent,
3106 2358 3205 2411 hoc
3232 2356 3311 2411 eis
3341 2356 3557 2410 unicum
3602 2357 3683 2410 iu-

2090 2450 2319 2521 jungun.
2346 2466 2561 2514 munus,
2577 2451 2850 2520 solamque
2877 2451 3080 2504 itineris
3103 2449 3283 2503 tuendi
3309 2465 3489 2503 curam
3512 2458 3684 2503 custo-

2095 2540 2343 2610 diamque
2380 2542 2712 2612 permittunt.
2744 2540 2825 2594 Ad
2868 2540 2980 2594 hsce
3009 2540 3163 2593 aliam
3197 2540 3354 2609 longe
3397 2540 3479 2593 his
3512 2539 3685 2593 omni-

2094 2632 2194 2687 bus
2218 2632 2607 2702 diligentiorem
2633 2648 2812 2687 curam
2828 2632 3522 2702 exeogitarunt.llabitaeula
3539 2632 3681 2686 enim

2097 2725 2244 2779 mille
2269 2726 2515 2794 passibus
2543 2725 2610 2779 ab
2636 2726 2865 2779 invicem
2896 2724 3145 2778 distincta
3172 2723 3360 2778 itinere
3391 2732 3499 2777 toto
3519 2723 3683 2777 fabri-

2097 2830 2300 2883 eantes,
2333 2828 2621 2873 nocturnos
2652 2819 2760 2873 illic
2787 2827 3025 2873 statuere
3055 2816 3323 2881 custodes,
3344 2832 3441 2887 per
3468 2817 3682 2871 illorum

2097 2911 2305 2965 labores
2325 2922 2376 2965 et
2394 2912 2598 2982 vigilias
2628 2912 2916 2965 maximum
2947 2919 3133 2965 contra
3161 2910 3423 2964 latronum
3456 2910 3684 2979 impetus

2098 3002 2368 3055 munimen
2385 3001 2675 3055 viatoribus
2699 3002 3105 3055 constituentes.
3122 3000 3273 3056 Tunc
3287 3016 3414 3055 vero
3437 3002 3563 3054 nihil
3584 3002 3685 3054 ho-

2098 3114 2215 3151 rum
2236 3109 2371 3162 erat,
2391 3114 2495 3151 non
2515 3099 2650 3152 villae
2674 3108 2962 3168 perpetuae,
2980 3115 3082 3155 non
3110 3100 3287 3166 urbes,
3308 3115 3411 3154 non
3449 3101 3685 3154 mansio-

2100 3207 2216 3256 nes,
2237 3206 2342 3244 non
2373 3191 2686 3258 diversoria,
2708 3206 2814 3245 non
2844 3191 3049 3246 itineris
3078 3192 3228 3257 socii,
3255 3207 3357 3245 non
3385 3192 3579 3261 aliquid
3602 3192 3687 3246 de~

2100 3286 2259 3355 nique
2291 3285 2781 3354 hujusmodi.Libet
2804 3300 2946 3340 nunc
2977 3286 3223 3339 omittere
3248 3286 3453 3339 semitm
3486 3287 3690 3355 asperi-

2101 3385 2259 3431 tatem
2278 3377 2521 3445 aerisque
2539 3376 2969 3446 inrequalitatem,
2992 3392 3130 3446 quat,
3150 3376 3251 3430 etsi
3271 3376 3445 3430 desint
3464 3377 3690 3446 alia,per

2099 3482 2157 3522 se
2186 3468 2470 3522 viatoribus
2486 3478 2611 3521 sunt
2646 3468 3041 3522 molestissima.
3076 3468 3264 3522 Testes
3290 3467 3420 3521 mihi
3455 3469 3687 3538 suntqui

2100 3558 2359 3613 vehiculis
2377 3558 2737 3629 jumentisqne
2760 3559 3042 3625 vehuntur,
3061 3568 3115 3613 et
3137 3574 3203 3613 ne
3223 3560 3300 3613 sic
3321 3558 3533 3630 quidem
3558 3575 3687 3613 eou-

2098 3662 2245 3706 sueta
2262 3652 2447 3706 itinera
2464 3652 2659 3706 audent
2678 3652 2940 3717 incedere,
2960 3652 3057 3705 nisi
3076 3653 3222 3722 prius
3238 3668 3299 3707 ea
3318 3662 3481 3707 strata
3503 3653 3689 3721 lapidi-

2099 3744 2196 3799 bus
2218 3744 2467 3811 viderint,
2487 3743 2770 3813 foveasque
2790 3744 3006 3799 relictas
3026 3760 3060 3796 ί)
3082 3743 3408 3799 torrentibus
3432 3743 3689 3813 impleve-

2100 3837 2223 3900 rint,
2243 3845 2297 3891 et
2312 3845 2499 3890 cuncta
2518 3836 2996 3905 complanaverint.
3015 3834 3278 3889 Cmterum
3300 3843 3422 3889 tunc
3437 3834 3671 3889 inhabita

2098 3930 2187 3985 bili
2209 3931 2422 3999 regione
2446 3937 2562 3985 erat
2578 3929 2657 3982 via
2688 3929 2774 3982 illa
2794 3928 3213 3997 desertior,ipsis
3230 3929 3500 3983 montibus
3529 3943 3670 3996 aspe

2099 4025 2229 4088 rior,
2251 4023 2635 4092 praeruptisque
2652 4022 2899 4075 omnibus
2922 4031 2976 4075 et
2995 4021 3296 4089 prwcipitiis
3316 4021 3665 4089 periculosior

2099 4114 2347 4169 Nondum
2378 4113 2429 4167 id
2457 4114 2596 4183 quod
2624 4122 2708 4166 est
2737 4113 2971 4165 omnium
3021 4110 3392 4180 gravissimum
3421 4110 3551 4173 dixi,
3584 4126 3685 4179 qua

2100 4205 2404 4261 conditione
2449 4206 2765 4258 commercia
2812 4213 2938 4257 tunc
2980 4212 3193 4268 essent,
3243 4202 3385 4272 quod
3445 4203 3689 4272 graviora

2100 4296 2309 4367 negotia
2338 4295 2635 4350 facessebat
2658 4311 2815 4365 quam
2864 4296 2991 4365 ipsa:
3034 4295 3153 4356 vite,
3181 4308 3303 4348 cum
3336 4308 3525 4347 omnes
3561 4303 3686 4347 tunc

2100 4404 2195 4459 per
2216 4398 2421 4459 gentes,
2450 4389 2559 4441 imo
2609 4403 2756 4449 vero,
2785 4397 2845 4440 ut
2886 4387 3064 4440 verius
3093 4388 3297 4455 loquar,
3328 4402 3422 4456 per
3448 4387 3690 4441 civitates

2100 4481 2253 4533 divisi
2280 4488 2478 4534 essent.
2496 4478 2680 4549 Neque
2700 4480 2841 4532 enim
2868 4479 3023 4532 sicuti
3048 4494 3187 4532 nunc
3208 4479 3259 4531 iu
3291 4479 3520 4532 maxima
3542 4479 3690 4534 orbis

2101 4582 2250 4641 parte
2269 4571 2355 4624 uni
2376 4571 2597 4640 imperio
2620 4570 2876 4639 uniusque
2892 4570 3079 4623 ditioni
3101 4570 3352 4624 mortales
3372 4585 3559 4625 omnes
3575 4587 3681 4626 ser-

2101 4665 2331 4728 viebant,
2351 4662 2663 4732 eisdemque
2687 4662 3120 4732 gubernabantur
3157 4662 3381 4730 legibus,
3402 4660 3495 4715 sed
3523 4662 3689 4715 veluti

2099 4769 2292 4824 corpus
2315 4755 2365 4807 in
2395 4754 2558 4807 multa
2585 4754 2825 4808 membra
2851 4753 3145 4819 concisum,
3178 4752 3244 4805 ita
3290 4752 3563 4807 hominum
3595 4767 3689 4822 ge-

2100 4864 2200 4902 nus
2221 4848 2576 4917 disgregatum
2598 4856 2731 4910 erat,
2752 4844 3038 4915 hostesque
3055 4862 3119 4899 ex
3155 4844 3391 4899 hostibus
3403 4844 3582 4915 justus
3600 4845 3689 4899 ille

2098 4950 2307 4996 mutare
2328 4943 2379 4995 in
2402 4940 2516 4995 dies
2532 4938 2838 5009 cogebatur,
2854 4938 3013 4993 etiam
3035 4946 3315 5006 antequam
3333 4937 3541 5007 priores
3559 4935 3694 4991 effu-

2098 5045 2268 5106 geret,
2284 5051 2468 5089 rursus
2491 5034 2543 5087 in
2576 5034 2710 5087 alios
2733 5032 2991 5094 incidens,
3008 5048 3127 5084 cum
3151 5029 3275 5085 alibi
3291 5030 3503 5100 quidem
3526 5030 3689 5099 pluri-

2099 5142 2309 5182 morum
2332 5116 2654 5192 dominatus,
2670 5127 2795 5180 alibi
2820 5125 2994 5178 mullus
3014 5122 3391 5177 dominationis
3427 5121 3560 5175 ordo
3577 5136 3679 5179 ser»

2101 5228 2331 5273 varetur.
2351 5217 2486 5285 Quid
2523 5218 2683 5287 igitur
2712 5217 2811 5270 hoc
2850 5215 2972 5269 vitro
3006 5230 3201 5285 genere
3240 5212 3690 5269 molestius‘lNon

2099 5310 2241 5363 enim
2260 5309 2356 5363 sibi
2374 5308 2472 5361 soli
2493 5307 2759 5361 metuebat
2772 5321 2833 5359 ac
2850 5304 3091 5374 pavebat,
3110 5320 3295 5358 verum
3313 5304 3448 5374 patri
3466 5312 3519 5358 et
3535 5304 3687 5356 uxori

2099 5411 2153 5455 et
2171 5402 2367 5471 nepoti.
2381 5399 2664 5455 Servorum
2684 5414 2893 5468 quoque
2910 5413 3013 5451 non
3031 5397 3217 5467 exigua
3234 5404 3345 5449 erat
3361 5410 3509 5461 cura,
3527 5394 3687 5448 etiam

2098 5510 2218 5547 cum
2246 5493 2389 5548 domi
2411 5501 2609 5555 essent,
2651 5492 2841 5545 nedum
2863 5501 2987 5545 tunc
3001 5490 3213 5560 quando
3242 5504 3337 5560 per
3355 5488 3526 5543 aliena
3564 5488 3687 5543 ferri

2099 5584 2442 5655 cogebantur.
2467 5584 2544 5636 Ac
2580 5584 2621 5636 si
2655 5582 2866 5653 quidem
2905 5581 3235 5651 exploratum
3277 5580 3367 5634 ille
3392 5579 3685 5644 habuisset,

2098 5676 2309 5747 quando
2327 5675 2412 5730 hic
2428 5691 2578 5729 error
2600 5674 2756 5728 ﬁnem
2781 5674 2965 5729 fuisset
2984 5673 3277 5739 habiturus,
3294 5688 3397 5727 non
3420 5672 3553 5727 adeo
3574 5688 3692 5741 gra-

2099 5790 2190 5827 ves
2214 5773 2312 5826 ilhc
2329 5785 2473 5823 cum:
2506 5769 2664 5822 fuisse
2700 5768 3008 5822 viderentur
3037 5783 3213 5823 :nune
3251 5783 3376 5822 vero
3397 5782 3515 5822 cum
3551 5763 3683 5819 sim—

2103 5868 2308 5939 plietter
2335 5876 2492 5937 atque
2511 5862 2781 5920 indefinite
2806 5862 3059 5918 audisset.
3079 5859 3142 5914 In
3164 5872 3365 5928 (orrum,
3388 5876 3489 5913 non
3511 5872 3687 5923 mam,
