4036 6416
401 405 510 463 459
1109 402 1168 460 S.
1208 400 1486 459 JOANNIS
1520 398 1995 458 CHRYSOSTOMI
2031 398 2356 456 AllClllEP.
2394 377 2935 455 CONSTANTINOP.
3560 393 3667 452 460

395 521 481 572 vel
497 517 932 588 iiiam,sedquant
962 526 1297 571 monstravere
1318 515 1405 569 tibi
1421 513 1571 587 (Gen.
1592 513 1774 583 12.1).
1800 513 1978 568 omnia

396 618 576 663 mente
609 607 944 674 circumibat,
959 607 1303 677 ingentestlue
1337 607 1593 659 tumultus
1626 605 1803 658 animo
1839 604 1978 658 acci-

394 699 726 769 piebat,cum
757 711 1017 767 nusquam
1045 697 1236 751 sistere
1256 695 1629 765 cogitationem
1656 703 1857 763 posset,
1884 692 1978 747 sed

391 790 650 861 suspicari
669 790 914 860 plurima,
933 788 1178 858 eurisque
1198 787 1317 857 angi
1339 796 1638 856 cogeretur.
1659 785 1812 841 Credi
1834 787 1975 841 enim

392 892 573 953 potest
614 883 680 935 ad
727 871 873 937 orbis
912 892 1066 935 terra:
1108 879 1262 946 lines,
1293 878 1671 949 Oceanumque
1715 879 1887 948 ipsum
1918 892 1978 932 se

394 975 757 1044 profecturum
819 984 1182 1044 exspectasse.
1231 973 1414 1043 Itaque
1458 972 1560 1026 etsi
1605 987 1712 1026 non
1757 985 1974 1025 omnem

393 1067 737 1135 perlustravit
761 1076 980 1132 terram,
1011 1080 1195 1119 curam
1224 1073 1400 1118 tamen
1428 1063 1651 1132 hujusce
1691 1061 1791 1116 sibi
1822 1060 1977 1131 perﬁ-

389 1155 569 1211 ciendi
600 1157 802 1212 itineris
828 1157 1099 1212 sustinuit.
1113 1156 1293 1226 Neque
1314 1156 1457 1209 enim
1477 1154 1657 1208 animo
1673 1153 1744 1207 ita
1765 1160 1978 1222 paratus

388 1256 526 1314 erat,
543 1249 693 1319 quasi
722 1248 788 1303 ad
817 1250 983 1303 solam
1030 1262 1198 1318 usque
1239 1245 1578 1301 Palrestinaru
1621 1243 1974 1313 profecturus,

389 1340 487 1393 sed
504 1340 656 1410 quasi
686 1339 878 1406 ubique
903 1339 1177 1409 jubentem
1199 1347 1540 1407 sequuturus,
1559 1335 1769 1390 etiamsi
1792 1335 1976 1388 orbem

392 1442 562 1487 totum
592 1431 869 1502 pervagari
893 1432 1189 1501 iuberetur,
1219 1428 1425 1483 etiamsi
1455 1427 1522 1480 ad
1552 1441 1644 1481 eas
1682 1441 1799 1495 qua:
1829 1434 1976 1479 extra

395 1522 689 1578 habitatam
731 1532 859 1576 sunt
904 1520 1106 1575 Insulas
1142 1520 1420 1574 accedere.
1472 1516 1623 1584 Quod
1670 1517 1714 1570 si
1758 1530 1978 1585 sperare

391 1612 720 1666 contrarium
748 1619 1016 1680 prmcepto
1043 1608 1319 1664 indeﬁnito
1350 1609 1685 1672 suaderetur,
1712 1607 1762 1661 id
1793 1622 1978 1661 rursus

390 1710 508 1755 erat
534 1701 987 1756 molestissimum.
1015 1700 1061 1754 Is
1086 1701 1231 1755 enim
1259 1699 1346 1769 qui
1374 1714 1536 1769 grave
1561 1698 1758 1768 aliquid
1781 1697 1980 1752 tolera-

393 1801 545 1847 turus
570 1801 674 1858 est,
707 1793 874 1847 multo
894 1791 997 1846 fert
1021 1791 1212 1854 levius,
1245 1791 1290 1844 si
1320 1800 1506 1859 aperte
1551 1790 1683 1843 sciat
1725 1788 1850 1859 quid
1878 1789 1979 1843 sibi

392 1883 761 1939 sustinendum
786 1883 874 1949 sit,
903 1891 957 1938 et
979 1882 1047 1936 ad
1090 1880 1216 1950 quid
1258 1896 1377 1935 sese
1424 1895 1726 1949 prmparare
1763 1879 1975 1945 debeat,

391 1989 552 2043 quam
583 1974 626 2027 si
651 1989 743 2043 per
763 1973 941 2028 omnia
970 1973 1384 2043 cogitationibus
1415 1970 1646 2041 jactetur
1695 1969 1976 2039 atttbigttis,

392 2075 448 2121 et
473 2080 612 2121 nunc
637 2066 778 2132 lucta,
810 2064 967 2120 modo
997 2065 1169 2119 tristia
1210 2074 1503 2134 exspectet,
1538 2077 1635 2118 nec
1667 2063 1835 2132 pOSsit
1861 2061 1977 2117 cui-

393 2173 551 2228 quam
598 2156 788 2211 ltorum
846 2155 1141 2223 conlidere,
1188 2170 1313 2210 cum
1359 2166 1644 2225 utrumque
1673 2154 1874 2223 pariter
1900 2153 1981 2207 in-

394 2259 601 2305 certum
631 2248 814 2303 haberi
842 2249 1033 2319 possit.

465 2341 517 2395 7.
554 2340 682 2407 Quot
720 2340 933 2394 adversa
960 2341 1126 2393 tulerit
1152 2339 1428 2393 Abraham.
1449 2368 1521 2378 —
1545 2338 1614 2394 Et.
1633 2338 1731 2391 ista
1762 2336 1977 2408 quidem

391 2440 676 2501 antequam
717 2431 769 2484 iu
816 2431 1197 2500 repromissam
1240 2439 1437 2484 terram
1479 2430 1784 2500 perveniret
1815 2446 1827 2480 :
1856 2443 1979 2482 cum

392 2540 522 2580 vero
554 2524 763 2579 tandem
789 2525 840 2578 in
873 2525 1205 2579 Palaestinam
1235 2525 1494 2591 venisset,
1526 2532 1581 2577 et
1609 2538 1667 2577 se
1688 2522 1795 2592 jatn
1825 2522 1980 2591 quie-

393 2624 568 2671 turum
595 2624 855 2684 speraret,
889 2623 1014 2669 tunc
1044 2630 1171 2670 vero
1199 2614 1369 2685 major
1399 2614 1549 2668 illum
1581 2614 1634 2666 in
1663 2622 1819 2681 portu
1842 2622 1979 2666 tetu-

392 2717 571 2777 pestas
618 2707 853 2777 excepit.
896 2705 995 2760 Est
1036 2716 1213 2761 autem
1259 2721 1323 2761 ea
1370 2720 1475 2759 non
1516 2705 1736 2759 minima
1781 2704 1981 2759 doloris

395 2804 554 2870 ratio,
580 2803 688 2857 imo
711 2803 946 2857 omniunt
978 2801 1481 2866 intolerabilissima,
1504 2814 1625 2855 cum
1645 2799 1764 2869 quis
1788 2798 1854 2853 ad
1865 2814 1982 2854 ver-

392 2897 466 2953 sis
492 2912 552 2951 se
589 2905 832 2966 ereptum
864 2907 1088 2966 putans,
1118 2907 1277 2965 atque
1304 2894 1370 2949 ad
1402 2894 1561 2949 ﬁnem
1594 2894 1767 2964 ipsum
1797 2907 1982 2962 perve-

392 2990 571 3055 nisse,
608 3004 734 3043 cura
763 2990 873 3058 jam
911 2989 1055 3043 omni
1090 2997 1144 3042 et
1172 2986 1492 3057 cogitatione
1520 2984 1763 3051 solutus,
1794 2999 1979 3039 rursus

391 3081 600 3135 initiuttt
631 3081 775 3135 aliud
805 3081 1064 3135 malorum
1085 3080 1317 3150 experiri
1341 3079 1704 3149 compellitur.
1734 3078 1867 3133 Nam
1889 3078 1979 3148 qui

391 3172 456 3227 ad
480 3171 699 3227 ferenda
728 3172 951 3227 adversa
978 3172 1152 3226 adhuc
1179 3182 1395 3242 paratus
1420 3180 1521 3237 est,
1544 3170 1781 3241 aequiore
1800 3171 1981 3225 animo

391 3263 494 3318 ista
524 3279 646 3318 cum
677 3264 778 3319 sibi
821 3264 1135 3329 inferentur,
1168 3264 1397 3333 excipiet
1430 3282 1442 3316 :
1475 3272 1530 3317 at
1556 3278 1685 3321 vero
1711 3261 1758 3317 si
1793 3257 1981 3333 positis

392 3370 641 3409 curarum
671 3355 1098 3425 cogitationibus,
1128 3355 1327 3425 aliquid
1358 3354 1661 3423 hujusmodi
1685 3355 1977 3424 contingat,

392 3444 600 3500 duabus
627 3462 695 3500 ex
727 3447 966 3516 partibus
996 3446 1256 3512 turbatur,
1283 3461 1345 3500 ac
1365 3455 1664 3516 expugnatu
1688 3445 1856 3500 facilis
1875 3455 1979 3512 est,

392 3543 504 3589 tum
537 3534 659 3605 quia
693 3536 1053 3605 inexspectata
1085 3552 1173 3591 res
1204 3545 1306 3601 est,
1341 3545 1452 3591 tum
1478 3537 1603 3607 quia
1635 3552 1851 3592 omnem
1889 3552 1986 3591 cu-

393 3641 508 3680 ram
537 3634 592 3680 et
637 3635 946 3696 apparatum
978 3627 1243 3697 deposuit.
1272 3628 1527 3695 Qumnam
1556 3643 1684 3698 ergo
1713 3628 1811 3682 ista
1842 3636 1982 3683 tem-

394 3726 575 3787 pestas
598 3715 735 3772 luit?
761 3716 951 3772 Fames
968 3718 1039 3772 ita
1056 3717 1228 3772 valida
1248 3719 1585 3773 Paltcstinam
1606 3728 1980 3789 occupaverat,

394 3819 452 3863 ut
474 3809 596 3865 inde
624 3811 877 3865 continuo
905 3825 1193 3882 exsurgere
1217 3822 1434 3866 coactus
1460 3813 1550 3880 sit,
1569 3822 1728 3882 atque
1750 3812 1802 3866 in
1820 3811 1985 3882 rEgy-

396 3911 546 3970 ptum
570 3900 852 3971 proﬁcisci.
877 3901 992 3969 Quo
1013 3916 1135 3957 cum
1158 3903 1511 3971 pervenisset,
1528 3902 1690 3957 veluti
1721 3903 1982 3957 malorum

393 3995 549 4048 ﬁnem
606 3993 953 4060 inventurus,
998 3993 1100 4049 alia
1145 3994 1294 4048 illum
1338 4008 1525 4047 rursus
1563 3993 1703 4048 fame
1744 3993 1985 4048 acerbior

391 4086 667 4141 calamitas
691 4085 902 4152 invasit,
934 4085 1069 4140 adeo
1098 4096 1155 4140 ut
1180 4086 1247 4140 de
1276 4100 1480 4139 summa
1507 4101 1685 4140 rerum
1714 4085 1984 4154 periclita-

392 4189 561 4243 retur,
589 4188 746 4248 atque
795 4192 861 4233 eo
902 4178 1108 4233 timoris
1135 4177 1392 4233 deductus
1414 4177 1503 4240 sit,
1532 4176 1755 4247 utquod
1779 4176 1983 4247 gravis-

393 4268 587 4321 simum
618 4277 700 4324 est
726 4268 985 4333 omnium,
1018 4283 1237 4323 uxorem
1281 4267 1486 4322 scilicet
1543 4267 1735 4323 alienae
1778 4267 1983 4323 libidini

391 4376 683 4432 exponere,
710 4371 854 4417 metu
879 4372 1094 4417 coactus
1117 4362 1358 4430 eligeret.
1381 4360 1440 4415 ln
1459 4371 1658 4416 tantam
1679 4361 1819 4417 enim
1859 4371 1985 4416 tunc

394 4453 772 4507 necessitatem
797 4452 1029 4518 devenit,
1060 4462 1116 4506 ιιι
1143 4455 1303 4507 etiam
1326 4453 1663 4507 simulatione
1693 4462 1933 4508 uteretur
1962 4470 1978 4508 :

389 4559 495 4614 quo
519 4544 646 4614 quid
667 4544 771 4599 dici
809 4544 1162 4599 miserabilius
1198 4543 1402 4615 possit?
1445 4544 1560 4612 Quo
1602 4545 1746 4599 enim
1803 4545 1982 4599 animo

393 4636 541 4690 illum
569 4634 733 4691 fuisse
762 4637 1057 4704 existimas,
1085 4652 1205 4691 cum
1234 4637 1383 4691 uxori
1411 4638 1482 4692 ita
1508 4638 1789 4694 consulere
1818 4653 1979 4708 coge-

389 4736 556 4793 retur,
586 4736 641 4781 et
669 4727 872 4782 diceret
900 4746 913 4780 :
943 4726 1064 4783 Scio
1092 4744 1182 4798 ego
1223 4727 1357 4798 quod
1402 4727 1582 4782 mulier
1622 4729 1807 4783 decora
1850 4731 1981 4799 facie

389 4819 477 4874 sis.
509 4818 617 4872 Erit
639 4837 757 4890 ergo
785 4836 898 4873 cum
927 4830 972 4873 te
992 4821 1204 4874 viderint
1227 4818 1485 4891 Ai'gyptii,
1511 4820 1696 4874 dicturi
1722 4831 1839 4875 sunt
1861 4821 1980 4889 quia

395 4909 540 4965 Uxor
565 4910 703 4965 illius
723 4921 828 4978 est;
859 4922 905 4966 et
932 4912 1225 4981 interﬁciant
1246 4929 1344 4978 me,
1373 4922 1419 4965 et
1446 4912 1764 4966 reservabant
1780 4921 1845 4966 te.
1885 4912 1978 4966 Dic

395 5020 516 5074 ergo
549 5005 668 5071 quia
714 5003 876 5059 Soror
900 5004 1039 5058 illius
1070 5021 1202 5070 sunt,
1233 5014 1290 5057 ut
1312 5004 1433 5056 bene
1453 5004 1574 5056 mihi
1594 5005 1658 5056 sit
1679 5014 1881 5073 propter
1910 5012 1975 5071 te,

391 5095 617 5155 vivatque
637 5096 807 5149 anima
828 5112 937 5149 mea
954 5095 1013 5149 ob
1033 5096 1248 5166 gratiam
1276 5096 1348 5148 lui
1372 5094 1524 5163 (Gen.
1552 5094 1638 5148 12.
1661 5094 1741 5148 Η.
1770 5094 1978 5162 l5).llis

391 5184 572 5240 verbis
619 5200 747 5240 usus
798 5194 879 5239 est
925 5186 1014 5256 qui
1072 5197 1288 5255 propter
1328 5185 1512 5250 Deum,
1545 5194 1603 5239 et
1657 5184 1900 5254 patriam,
1926 5192 1980 5239 et

392 5277 633 5343 domum,
658 5284 713 5331 et
761 5277 983 5343 amicos,
1029 5284 1083 5331 et
1119 5284 1392 5347 cognatos,
1434 5275 1644 5344 aliaque
1687 5275 1979 5330 domestica

390 5367 569 5421 omnia
609 5366 919 5432 dimiserat;
967 5367 1056 5437 qui
1112 5367 1272 5423 talem
1319 5382 1608 5421 mrumnam
1668 5375 1979 5436 tantumque

391 5458 594 5513 laboris
642 5467 748 5511 tant
802 5459 1006 5528 prolixo
1063 5469 1302 5529 tempore
1342 5459 1396 5513 in
1448 5459 1637 5514 itinere
1694 5474 1979 5530 perpessus

393 5549 568 5606 fuerat
595 5568 608 5605 :
641 5563 696 5607 et
723 5560 896 5608 tamen
930 5551 1057 5606 nihil
1087 5552 1388 5623 ltujusmodi
1415 5552 1662 5624 loquutus
1682 5561 1784 5621 est,
1813 5563 1934 5620 pttta
1958 5570 1974 5608 :

394 5641 628 5713 Reliquit
673 5659 758 5699 me
801 5644 957 5710 Deus,
991 5652 1045 5698 et
1068 5653 1339 5700 aversatus
1367 5653 1467 5709 est,
1512 5659 1714 5715 suaque
1754 5659 1882 5698 cura
1925 5654 1980 5699 et

395 5734 723 5804 providentia
750 5736 1008 5802 exclusit;
1038 5736 1130 5791 sed
1174 5737 1383 5794 fortiter
1422 5739 1599 5792 omnia
1649 5755 1713 5795 ac
1751 5739 1981 5795 ﬁdeliter

395 5828 612 5897 pertulit
641 5846 654 5884 :
681 5837 730 5884 et
757 5829 844 5899 qui
874 5830 1101 5886 maxime
1117 5830 1376 5900 omnium,
1403 5845 1569 5888 uxore
1599 5847 1692 5904 per
1714 5847 1977 5889 summam

2081 512 2189 566 vim
2211 511 2552 567 contumeliis
2572 510 2760 566 affecta
2782 509 2938 566 irasci
2960 507 3237 575 debuerat,
3265 506 3453 578 agebat
3491 511 3668 563 omnia

2082 618 2149 658 ne
2179 602 2497 657 contumelia
2541 600 2821 656 manifesta
2870 599 3044 656 ﬁeret.
3080 599 3190 654 lloc
3215 614 3343 654 vero
3372 598 3670 669 cujusmodi

2081 697 2327 752 numeris
2370 710 2433 749 ae
2471 694 2672 749 doloris
2710 696 2798 758 sit,
2846 707 3094 748 sermone
3136 691 3391 762 explicari
3435 692 3669 762 nequit:

2082 797 2278 842 norttnt
2303 788 2355 842 id
2376 802 2563 842 omnes
2588 786 2676 857 qui
2708 800 2908 841 uxores
2936 784 3217 848 duxerunt,
3251 792 3411 853 atque
3440 784 3492 837 in
3519 782 3669 837 zelo—

2088 879 2245 951 typia:
2272 892 2525 947 umquam
2553 877 2913 946 suSpieionem
2941 875 3262 930 inciderunt.
3300 873 3405 928 Sed
3432 882 3488 928 et
3511 873 3669 927 Salo-

2082 986 2205 1023 mon
2232 984 2476 1039 quamam
2506 968 2575 1022 sit
2613 967 2726 1022 hzec
2754 967 2932 1037 passio
2962 975 3206 1031 testatur,
3222 965 3405 1020 dicens
3434 982 3448 1018 :
3479 962 3676 1019 Plenus

2079 1061 2214 1114 enim
2237 1060 2345 1113 zelo
2375 1063 2518 1131 furor
2539 1059 2631 1113 viri
2657 1059 2767 1127 eius
2790 1060 2830 1125 ¹,
2852 1074 2953 1111 non
2980 1066 3145 1127 parcet
3177 1057 3231 1110 in
3253 1057 3332 1110 die
3349 1055 3553 1126 judicii,
3577 1073 3666 1110 ne-

2081 1168 2177 1221 que
2202 1151 2341 1204 nullo
2359 1151 2518 1221 pretio
2548 1151 2840 1204 inimicitias
2863 1149 3037 1215 solvet,
3060 1165 3220 1219 neque
3249 1148 3395 1201 donis
3438 1148 3671 1219 plurimis

2081 1243 2484 1298 reconciliabitur
2532 1242 2713 1312 (Prov.
2755 1243 2807 1299 6.
2867 1241 3094 1312 54:55).
3132 1243 3199 1296 Et
3238 1257 3467 1296 rursus:
3498 1240 3673 1296 Fortis

2081 1344 2137 1388 ut
2162 1351 2296 1388 mors
2321 1333 2542 1399 dilectio,
2586 1335 2744 1388 durus
2769 1343 2823 1387 ut
2859 1334 3089 1405 infernus
3131 1333 3271 1387 zelus
3310 1331 3481 1405 (Cant.
3508 1334 3558 1388 8.
3585 1332 3671 1402 6).

2080 1427 2233 1496 Quod
2257 1428 2303 1482 si
2332 1429 2604 1498 zelotypus
2631 1428 2701 1481 ita
2744 1426 3104 1492 excandescit,
3134 1426 3179 1479 is
3206 1426 3294 1495 qui
3322 1426 3481 1480 tantis
3511 1440 3672 1495 pres-

2081 1536 2171 1573 sus
2200 1527 2317 1574 erat
2336 1519 2706 1584 incommodis,
2724 1528 2783 1573 ut
2801 1527 3081 1589 cogeretur
3107 1518 3186 1574 eis
3210 1534 3417 1588 quoque
3443 1518 3670 1585 adulari,

2081 1611 2169 1680 qui
2196 1627 2255 1666 se
2283 1610 2621 1665 contumeliis
2663 1609 2956 1677 afﬁcerent,
2988 1619 3042 1664 et
3066 1624 3202 1679 quos
3251 1609 3429 1665 ulcisci
3466 1610 3670 1664 debue-

2083 1712 2184 1769 rat,
2199 1711 2388 1757 cuncta
2417 1701 2593 1757 facere
2614 1710 2669 1755 ut
2690 1701 2938 1756 libidines
2960 1700 3258 1771 explerent,
3281 1714 3479 1769 suaque
3503 1715 3672 1755 uxore

2082 1796 2404 1860 fruerentur,
2435 1809 2542 1863 quo
2570 1808 2675 1847 non
2701 1791 2806 1847 dici
2845 1801 3018 1861 potest
3047 1791 3437 1846 miserabilior?
3464 1789 3671 1845 Interea

2082 1899 2203 1937 cum
2235 1884 2330 1938 ista
2362 1899 2574 1954 quoque
2623 1870 2793 1938 tristia
2839 1882 2999 1939 ﬁnem
3025 1883 3378 1952 accepissent,
3417 1883 3517 1936 alia
3549 1896 3675 1938 rur-

2082 1990 2174 2029 sns
2215 1976 2440 2031 adversa
2477 1976 2849 2047 gignebantur,
2879 1974 3110 2046 famique
3153 1975 3351 2029 bellum
3393 1977 3669 2033 successit.

2082 2064 2281 2123 Omitto
2321 2082 2462 2122 nunc
2490 2068 2634 2121 rixas
2663 2076 2718 2122 et
2754 2067 2926 2137 jurgia
2956 2078 3248 2136 pastorum,
3280 2068 3673 2136 separationem

2081 2176 2112 2213 a
2140 2156 2320 2213 fratris
2366 2156 2477 2212 lilio
2507 2176 2521 2212 :
2552 2156 2794 2226 quamvis
2838 2156 2937 2212 ista
2964 2172 3196 2227 quoque,
3225 2157 3270 2211 si
3295 2173 3417 2212 cum
3460 2159 3675 2214 creteris

2083 2251 2472 2316 examinentur,
2506 2264 2792 2305 maerorem
2819 2263 2924 2303 non
2951 2249 3275 2303 mediocrem
3304 2248 3497 2305 inferre
3540 2265 3673 2320 pos-

2082 2342 2210 2398 sint.
2237 2342 2367 2396 Cum
2387 2342 2527 2397 enim
2559 2343 2603 2398 is
2630 2342 2719 2413 qui
2740 2348 2982 2397 servatus
3007 2339 3073 2394 ab
3096 2355 3160 2394 eo
3182 2341 3371 2405 fuerat,
3401 2342 3671 2411 tantisque

2083 2450 2180 2504 per
2226 2435 2374 2489 illum
2420 2435 2617 2506 potitus
2669 2433 3003 2502 commodis,
3051 2435 3142 2509 qui
3188 2434 3288 2489 sibi
3342 2434 3532 2490 cedere
3573 2451 3674 2505 per

2082 2527 2282 2594 omnia,
2344 2537 2690 2598 pastoresque
2733 2542 2858 2583 suos
2908 2529 3183 2598 increpare
3228 2526 3516 2596 debuerat;
3559 2526 3673 2593 hic,

2083 2620 2301 2690 eptione
2350 2621 2637 2689 proposita,
2684 2618 2999 2675 fertiliorem
3045 2619 3145 2675 sibi
3180 2620 3451 2691 regionem
3474 2620 3668 2690 elegit,

2084 2710 2335 2765 incultam
2376 2710 2453 2765 illi
2490 2726 2553 2765 ac
2593 2712 2943 2767 desertiorem
2986 2712 3327 2782 relinquens:
3356 2713 3504 2782 quis,
3548 2727 3671 2780 oro,

2085 2800 2245 2857 facile
2289 2803 2471 2869 ferret,
2519 2819 2626 2858 non
2664 2804 2785 2859 dico
2828 2804 3230 2873 detrimentum,
3261 2804 3353 2860 sed
3402 2806 3670 2874 injuriam,

2084 2907 2208 2947 cum
2233 2893 2441 2948 videret
2463 2909 2542 2961 se,
2576 2896 2665 2966 qui
2696 2895 2869 2965 ipsum
2911 2895 3246 2961 honorasset,
3272 2911 3460 2965 parum
3503 2897 3677 2951 Ιιοιιο-

2084 2986 2233 3042 riﬁce
2278 2988 2517 3053 tractari,
2546 3003 2608 3042 ac
2632 2989 2890 3044 minorem
2931 2989 3174 3058 accipere
3198 2989 3444 3060 partem?
3468 2987 3524 3043 ld
3548 2988 3674 3058 qui-

2083 3077 2205 3133 dem
2253 3080 2399 3134 omni
2453 3080 2776 3135 detrimento
2827 3081 3040 3151 gravius
3079 3090 3356 3146 censetur;
3417 3080 3512 3135 sed
3551 3080 3670 3134 haec

2085 3178 2263 3225 tamen
2312 3172 2559 3226 universa
2607 3182 2868 3242 prietereo
2897 3190 2911 3225 :
2940 3171 3007 3226 de
3034 3171 3333 3241 patriarcha
3368 3173 3532 3238 enim,
3562 3186 3672 3228 non

2084 3261 2153 3317 de
2172 3264 2361 3330 quovis
2388 3261 2603 3318 homine
2632 3263 2785 3318 nobis
2815 3278 2993 3318 sermo
3016 3271 3119 3319 est.

2158 3353 2212 3408 8.
2239 3352 2507 3410 Successit
2537 3355 2613 3409 illi
2638 3353 2762 3408 fami
2804 3353 3074 3409 Persicum
3113 3353 3334 3420 bellum,
3361 3355 3675 3426 cogiturque

2087 3445 2343 3502 adversus
2360 3446 2543 3502 hostes
2573 3447 2793 3502 victoria
2820 3447 2990 3502 elatos
3011 3446 3231 3502 militem
3258 3446 3452 3502 ducere
3477 3448 3543 3514 is,
3569 3448 3667 3517 qui

2089 3539 2349 3608 principio
2371 3553 2476 3594 non
2503 3538 2731 3594 all‘uerat
2775 3539 2921 3606 belli,
2952 3538 3173 3609 integris
3222 3539 3398 3595 adhuc
3424 3540 3669 3609 utrisque

2090 3630 2348 3700 partibus,
2380 3630 2478 3686 sed
2521 3630 2742 3685 victoria
2779 3629 2891 3701 jam
2924 3632 3107 3701 petitis
3142 3632 3404 3699 hostibus,
3427 3647 3549 3687 cum
3570 3647 3669 3687 eos

2087 3739 2246 3779 nemo
2272 3724 2412 3779 ferre
2436 3735 2638 3795 posset,
2668 3723 2762 3780 sed
2810 3724 2898 3779 alii
2928 3724 3143 3794 quidem
3176 3725 3372 3794 passim
3406 3724 3676 3779 interiecti

2085 3827 2287 3884 essent,
2311 3818 2397 3873 alii
2422 3833 2483 3873 se
2503 3817 2721 3872 latebris
2745 3827 2799 3872 et
2827 3816 2964 3889 fuga:
2995 3817 3286 3884 dedissent,
3330 3827 3383 3873 et
3414 3817 3676 3888 reliquiin

2086 3911 2396 3967 servitutem
2420 3910 2636 3966 abducti
2664 3908 2909 3965 fuissent.
2957 3909 3062 3965 Sed
3091 3919 3268 3964 tamen
3320 3908 3448 3963 nihil
3479 3909 3685 3964 horum

2089 4002 2239 4057 illum
2264 4010 2320 4057 ut
2344 4001 2490 4057 domi
2513 4011 2754 4056 maneret
2779 4000 3009 4066 induxit,
3033 3999 3126 4055 sed
3148 3999 3452 4055 vehementi
3482 4015 3684 4056 mcero-

2088 4108 2147 4148 re
2177 4092 2454 4162 perculsus
2479 4091 2752 4161 profectus
2774 4101 2875 4156 est,
2923 4091 3037 4162 ipse
3060 4105 3272 4161 quoque
3307 4091 3544 4161 ejusdem
3576 4107 3677 4147 ca-

2088 4184 2338 4239 lamitatis
2363 4185 2627 4253 particeps
2656 4183 2883 4247 futurus,
2908 4197 3071 4251 seque
3109 4182 3283 4252 ipsum
3323 4181 3463 4236 haud
3491 4182 3676 4238 dubie

2087 4277 2206 4331 neci
2228 4275 2585 4345 expositurus.
2607 4274 2740 4328 Nam
2759 4274 2896 4329 velle
2921 4288 3040 4328 cum
3062 4274 3313 4328 trecentis
3341 4274 3509 4328 servis
3536 4275 3686 4340 suis,

2087 4368 2169 4422 vel
2200 4367 2409 4422 modice
2441 4366 2698 4436 pluribus,
2727 4364 3010 4420 adversum
3041 4365 3253 4421 hostem
3292 4365 3681 4420 numerosissi-

2090 4474 2236 4514 mum
2262 4459 2518 4514 dimicare
2534 4458 2666 4513 nihil
2684 4458 2828 4513 aliud
2866 4458 3105 4528 profecto
3144 4466 3280 4524 erat,
3303 4472 3462 4528 quam
3518 4472 3578 4513 se
3621 4468 3683 4512 et

2085 4551 2371 4620 captivitati
2393 4561 2448 4605 et
2476 4550 2734 4620 supplicio
2763 4560 2818 4606 et
2845 4551 3005 4605 morti
3035 4550 3393 4606 acerbissima:
3434 4565 3681 4619 expone-

2085 4658 2167 4697 re.
2204 4641 2477 4697 Profecms
2513 4642 2690 4711 itaque
2709 4651 2811 4707 est,
2854 4650 2914 4695 ut
2932 4642 3046 4712 ipse
3088 4656 3299 4710 quoque
3340 4641 3688 4697 barbaricam

2087 4734 2469 4788 immanitatem
2497 4734 2853 4805 experiretur.
2882 4732 3079 4787 Verum
3138 4732 3233 4786 Dei
3254 4733 3532 4787 clementia
3552 4747 3681 4787 sero

2085 4835 2260 4892 vatus,
2286 4825 2415 4879 fusis
2442 4825 2707 4889 hostibus,
2730 4823 2924 4894 praedae
2961 4838 3024 4877 ac
3044 4824 3254 4893 cognati
3298 4838 3518 4893 compos
3544 4837 3681 4880 cum

2087 4925 2399 4983 remeasset,
2427 4931 2522 4971 sua
2559 4932 2747 4971 rursus
2792 4914 3125 4970 incommoda
3176 4915 3308 4971 ﬁere
3360 4915 3681 4985 cogebatur,

2086 5023 2207 5062 eum
2237 5008 2307 5063 ob
2326 5008 2588 5064 delectum
2615 5008 2902 5063 liberorum
2924 5008 3126 5062 nullum
3146 5008 3472 5078 relinqueret
3500 5008 3681 5065 hxre-

2086 5101 2268 5157 ditatis
2336 5115 2721 5157 successorem.
2747 5099 2865 5156 Noli
2885 5101 3027 5155 enim
3048 5100 3371 5165 existimare,
3396 5115 3517 5154 cum
3547 5114 3683 5157 eum

2086 5193 2239 5248 audis
2264 5193 2538 5262 conqueri,
2562 5202 2613 5246 et
2641 5191 2706 5245 ad
2732 5192 2895 5247 Deum
2927 5192 3123 5258 dicere,
3159 5191 3294 5259 Quid
3342 5193 3465 5246 mihi
3485 5191 3630 5245 dabis
3651 5193 3689 5246 .’

2089 5301 2183 5356 ego
2212 5294 2380 5337 autem
2408 5284 2514 5338 sine
2533 5284 2700 5338 liberis
2754 5300 2901 5354 pereo
2928 5284 2946 5353 (
2975 5282 3101 5338 Gen.
3149 5284 3237 5339 15.
3270 5282 3306 5337 2
3331 5280 3372 5355 ),
3413 5282 3549 5337 hanc
3600 5282 3682 5337 illi

2089 5387 2363 5433 recentem
2394 5376 2558 5433 fuisse
2581 5392 2645 5432 ac
2670 5393 2860 5431 novam
2888 5376 3215 5454 molestiam:
3239 5375 3354 5430 haec
3379 5375 3522 5429 enim
3546 5388 3688 5429 cura

2092 5480 2147 5525 ct
2171 5468 2476 5525 sollicitudo
2515 5483 2636 5523 cum
2672 5483 2870 5539 Sponsa
2901 5485 3001 5523 una
3030 5469 3081 5523 in
3112 5468 3328 5523 domum
3354 5467 3483 5538 justi
3528 5465 3684 5523 illini

2089 5563 2386 5628 intr0terat,
2414 5562 2523 5616 imo
2568 5579 2696 5617 vero
2725 5573 2849 5618 ante
2899 5563 3071 5633 ipsum
3115 5564 3413 5633 ingressum
3434 5574 3675 5631 sponsa.

2088 5656 2294 5726 Quippe
2314 5671 2502 5711 omnes
2520 5656 2914 5722 consuevimus,
2942 5670 3062 5710 cum
3104 5654 3384 5725 incipimus
3409 5654 3476 5708 de
3502 5667 3682 5709 uxore

2090 5751 2347 5821 cogitare,
2380 5749 2485 5819 iam
2514 5757 2638 5804 tunc
2664 5749 2741 5804 rei
2784 5749 2953 5822 ipsius
2984 5749 3126 5806 curis
3162 5747 3411 5806 omnibus
3453 5746 3681 5815 tentari,

2152 5863 2169 5895 ί
2196 5869 2358 5925 Deest,
2385 5863 2506 5925 ejus,
2526 5861 2576 5912 in
2595 5860 2725 5912 Colb.
