4036 6416
216 416 317 474 459

218 529 488 603 πανταχοῦ
522 528 735 603 περιῄει
755 526 835 600 τῷ
860 526 956 601 νῷ,
990 526 1086 582 καὶ
1115 527 1282 580 πολὺν
1314 523 1526 595 ἐδέχετο
1559 515 1877 603 θόρυϐον

214 602 663 693 ψυχῇ,μηδαμοῦ
706 616 785 688 τῷ
829 613 1075 686 λογισμῷ
1129 614 1322 685 στῆναι
1370 609 1688 680 δυνάμενος,
1745 602 1882 657 ἀλλά

216 709 382 764 πολλά
435 704 759 762 ὑποπτεύειν
798 704 957 776 έχων,
988 705 1083 758 καὶ
1116 701 1384 775 μεριμνᾷν
1416 693 1879 776 ἀναγκαζόμενος.

218 799 375 861 Εἰκὸς
403 796 514 868 γὰρ
542 793 703 848 αὑτὸν
732 775 991 865 καὶπρὸς
1023 789 1163 845 αὑτά
1201 791 1301 859 τῆς
1330 783 1651 855 οἰκουμένης
1691 775 1883 868 ἀφίξε-

219 885 341 939 σθαι
378 883 448 937 τά
483 866 694 953 πέρατα
725 880 1050 951 προσδοκᾷν,
1093 877 1187 930 καὶ
1223 875 1360 947 πρὸς
1396 871 1558 927 αὑτὸν
1581 868 1673 922 τὸν
1707 866 1884 953 ὠκεα-

218 972 325 1027 νόν’
348 969 488 1023 ὥστε
515 951 565 1021 εί
593 967 688 1021 καὶ
720 966 795 1038 μὴ
826 967 1007 1020 πᾶσαν
1053 961 1254 1032 ἐπῆλθε
1303 960 1404 1031 τὴν
1445 957 1570 1027 γῆν,
1608 953 1744 1008 ἀλλά
1785 951 1884 1022 τὴν

219 1057 469 1132 φροντίδα
495 1055 594 1127 τῆς
620 1053 887 1124 τοσαύτης
907 1050 1216 1122 ὁδοιπορίας
1236 1046 1544 1118 ὑπέμεινεν.
1577 1042 1652 1132 Οὑ
1673 1039 1781 1112 γάρ
1808 1038 1884 1132 ῶς

222 1128 381 1219 μέχρι
416 1144 513 1216 τῆς
548 1141 907 1211 Παλαιστίνης
955 1139 1099 1211 ἥξων
1148 1137 1289 1191 οὑτω
1331 1130 1733 1206 παρεσκευάκει
1770 1128 1884 1219 τὴν

218 1218 410 1307 ψυχὴν,
441 1232 557 1288 ἀλλ’
590 1232 666 1297 ὠς
695 1231 954 1303 ἑψόμενος
987 1225 1282 1298 πανταχοῦ,
1310 1226 1407 1279 καὶ
1430 1224 1528 1294 τὴν
1557 1218 1884 1291 οἰκουμένην

219 1322 440 1393 ἐκϐῆναι
487 1319 798 1389 κελεύηται,
847 1316 952 1371 κᾶν
992 1318 1072 1379 είς
1113 1316 1210 1379 τὰς
1248 1311 1406 1376 ἐκτὸς
1440 1309 1645 1378 ταύτης
1689 1307 1883 1378 νήσους

220 1412 412 1467 ἐλθεῖν.
462 1411 526 1465 El
570 1410 628 1464 δὲ
670 1408 766 1463 καὶ
812 1406 1069 1462 τάναντία
1114 1402 1417 1476 προσδοκᾷν
1458 1398 1641 1453 ἔπειθε
1689 1396 1752 1450 τὸ
1791 1394 1886 1450 τοῦ

219 1499 640 1574 προστάγματος
662 1496 982 1567 ἀδιόριστον,
1014 1494 1107 1548 καὶ
1132 1478 1291 1545 τοῦτο’
1317 1488 1480 1543 ’.πάλιν
1504 1485 1759 1558 χαλεπόν.
1782 1483 1888 1538 Τὸν

220 1592 328 1663 γὰρ
355 1588 620 1662 μέλλοντά
652 1604 702 1641 τι
732 1586 988 1658 φορτικὸν
1018 1582 1331 1655 ὑπομένειν,
1357 1579 1537 1650 πολλῷ
1561 1577 1887 1648 κουφότερον

222 1680 416 1734 εἰδέναι
472 1676 657 1747 σαφῶς
706 1677 842 1748 ὅπερ
879 1675 1266 1745 ὑποστήσεται,
1318 1672 1411 1723 καὶ
1452 1668 1586 1739 πρὸς
1633 1667 1661 1720 ὃ
1717 1681 1891 1736 παρα-

225 1769 568 1830 σκευάσεται,
592 1765 626 1837 ἢ
654 1761 924 1834 πανταχοῦ
953 1759 1248 1833 ῥέμϐεσθαι
1277 1757 1355 1829 τῷ
1373 1754 1639 1827 λογισμῷ,
1668 1754 1762 1808 καὶ
1793 1750 1890 1807 νῦν

228 1858 326 1930 μὲν
364 1856 433 1910 τὰ
475 1852 710 1927 χρηστά.
752 1850 847 1905 νῦν
883 1850 939 1903 δὲ
969 1848 1225 1903 τάναντία
1256 1845 1581 1917 προσδοκᾷν,
1623 1843 1716 1896 καὶ
1749 1841 1891 1912 ὑπὲρ

229 1945 450 2018 μηδενὸς
481 1943 685 1998 τούτων
718 1941 859 2012 ἔχειν
896 1939 1141 2011 θαρρεῖν,
1182 1934 1293 1990 ἀλλ’
1323 1932 1651 2005 ἀμφοτέροις
1689 1930 1891 2003 ὁμοίως

224 2037 493 2092 ἀπιστεῖν.

295 2123 360 2191 ζ’.
394 2124 499 2180 Καὶ
535 2119 710 2177 ταῦτα
746 2121 845 2192 μὲν
878 2117 1008 2192 πρὶν
1042 2114 1215 2171 ἐλθεῖν
1242 2114 1321 2179 είς
1346 2112 1446 2186 τὴν
1465 2109 1892 2182 ἐπαγγελθεῖσαν

225 2214 348 2285 τῆν’
379 2210 566 2282 ἐπειδὴ
588 2210 644 2263 δέ
665 2226 794 2262 ποτε
812 2206 911 2278 τῆς
941 2203 1304 2274 Παλαιστίνης
1331 2201 1643 2267 ἐπελάϐετο,
1670 2200 1762 2253 καὶ
1782 2199 1894 2252 λοι-

228 2304 328 2359 πὺν
355 2297 771 2356 ἀναπαύσασθαι
801 2293 1189 2367 προσεδόκησε,
1220 2292 1341 2345 τότε
1385 2290 1450 2362 δὴ
1483 2290 1705 2361 μείζονα
1728 2288 1787 2342 ἐν
1816 2287 1895 2359 τῷ

225 2390 403 2463 λιμένι
447 2389 540 2443 16v
579 2385 822 2458 χειμῶνα
869 2381 1143 2453 εῦρισκεν.
1191 2380 1267 2434 Οὑ
1313 2378 1506 2452 μικρὸν
1543 2378 1601 2432 δέ
1632 2376 1788 2463 τοῦτο
1814 2379 1893 2441 είς

227 2462 418 2544 ὀδύνης
449 2472 626 2538 λόγον,
664 2469 799 2523 ἀλλά
832 2467 927 2520 καὶ
952 2466 1171 2519 πάντων
1199 2463 1619 2534 ἀφορητότερον,
1656 2462 1785 2516 ὅταν
1809 2478 1894 2525 τις

226 2554 573 2627 ἀπηλλάχθαι
605 2552 836 2624 νομίσας
862 2549 956 2603 καὶ
984 2549 1122 2620 πρὸς
1148 2547 1211 2601 16
1240 2546 1395 2611 τέλος
1431 2547 1584 2617 ἣκειν
1615 2545 1765 2611 αὐτὸ,
1801 2544 1895 2599 καὶ

230 2639 484 2711 φροντίδα
552 2637 647 2690 καὶ
712 2635 979 2707 μέριμναν
1033 2633 1252 2687 ἃπασαν
1315 2628 1669 2700 ἀποθέμενος,
1732 2627 1896 2682 πάλιν

228 2722 434 2779 ἀνωθεν
482 2720 655 2793 ἀρχὴν
701 2719 894 2790 ἑτέραν
943 2715 1079 2789 εὕρῃ
1118 2723 1146 2753 ⁸
1185 2713 1297 2769 τῶν
1345 2713 1639 2786 δυσχερῶν.
1683 2713 1744 2767 Ὅ
1795 2711 1896 2783 μὲν

230 2807 338 2878 γὰρ
361 2806 439 2859 ἔτι
462 2802 972 2875 παρεσκευασμένος
1002 2801 1138 2872 πρὸς
1159 2798 1230 2852 τά
1253 2797 1401 2853 δεινά
1431 2799 1558 2869 ῥᾷον
1590 2796 1655 2850 ἂν
1684 2796 1898 2878 ἐνέγκοι

231 2877 330 2962 τὴν
361 2888 511 2962 μοι]
545 2888 749 2941 τούτων
789 2885 1105 2954 ἐπαγωγήν·
1151 2884 1181 2937 6
1225 2881 1283 2935 δὲ
1332 2878 1618 2937 ἀναπεσὼν
1656 2880 1752 2932 καὶ
1789 2877 1898 2930 τῶν

235 2973 528 3046 φροντίδων
568 2969 843 3033 ἀπολύσας
878 2970 1003 3033 τοὺς
1051 2967 1363 3037 λογισμοὺς,
1392 2964 1461 3019 ἀν
1499 2963 1679 3035 συμϐῇ
1708 2980 1761 3016 τι
1787 2979 1900 3015 τοι-

233 3058 388 3112 οῦτον
424 3055 603 3119 πάλιν,
639 3048 748 3106 οἷον
781 3053 875 3106 κιαί
903 3051 1185 3123 πρότερον,
1211 3049 1371 3120 διπλῇ
1408 3066 1523 3112 πως
1551 3048 1898 3119 ταράττεται,

233 3142 330 3195 καὶ
358 3138 678 3210 εὐχείρωτος
708 3135 917 3205 γίνεται
944 3133 1022 3205 τῷ
1049 3150 1107 3187 τε
1133 3132 1523 3205 ἀπροσδοκήτῳ
1556 3131 1650 3184 καὶ
1678 3129 1759 3201 τῷ
1785 3130 1901 3185 δια-

234 3223 487 3277 λελύσθαι
530 3222 628 3292 τὴν
683 3219 916 3290 σπουδὴν
955 3218 1172 3272 ἅπασαν
1224 3215 1372 3287 αὑτῷ
1419 3215 1514 3268 καὶ
1570 3214 1669 3286 τὴν
1725 3231 1903 3286 παρα-

238 3313 462 3382 σκευήν.
495 3308 591 3374 Τίς
612 3304 704 3363 οῦν
737 3310 766 3362 6
796 3304 1002 3378 χειμὼν
1028 3301 1131 3377 ἦν;
1171 3303 1342 3375 Λιμὸς
1373 3300 1517 3356 οὑτω
1544 3300 1772 3372 σφοδρὸς
1801 3301 1902 3373 τὴν

236 3399 599 3469 Παλαιστίνην
639 3396 899 3451 κατέλαϐε
932 3394 1075 3457 τότε,
1124 3393 1200 3456 ὡς
1231 3389 1531 3461 ἀναστῆσαι
1574 3388 1775 3454 εὐθέως
1805 3389 1905 3442 αὑο

237 3489 329 3543 τὸν
364 3486 594 3549 ἐκεῖθεν,
626 3487 718 3538 καὶ
751 3485 831 3546 εἰς
870 3482 967 3553 τὴν
1011 3482 1284 3548 Αἴγυπτον
1312 3480 1661 3547 καταγαγεῖν.
1703 3475 1904 3531 Ἐλθὼν

238 3573 296 3630 δὲ
338 3578 454 3630 ἐκεῖ
479 3574 555 3638 ὡς
580 3573 732 3627 λύσιν
770 3572 1014 3643 εὑρήσων
1066 3568 1161 3621 τοῦ
1214 3567 1404 3630 κακοῦ,
1446 3565 1540 3619 τοῦ
1585 3564 1745 3637 λιμοῦ
1798 3563 1905 3618 πά-

239 3666 323 3718 λιν
350 3663 706 3735 χαλεπωτέρᾳ
734 3661 1026 3732 περιέπεσε
1080 3658 1333 3729 συμφορᾷ
1361 3656 1489 3728 περὶ
1514 3656 1622 3709 τῶν
1661 3655 1905 3725 ἐσχάτων

239 3749 568 3807 κινδυνεύειν
604 3747 1063 3819 ἀναγκαζόμενος·
1095 3748 1188 3799 καὶ
1214 3746 1293 3810 είς
1320 3744 1571 3799 τοσοῦτον
1598 3743 1720 3797 τότε
1775 3760 1908 3796 κατ-

240 3840 373 3911 έστη
396 3838 578 3910 φόϐον,
596 3837 759 3902 ὥστε,
783 3836 812 3890 6
828 3836 989 3890 πᾶσίν
1017 3837 1133 3888 ἐστι
1158 3834 1373 3888 πάντων
1404 3832 1821 3905 ἀφορητότερον,
1845 3830 1907 3884 τὺ

240 3930 342 3994 τὰς
370 3931 630 3999 γυναῖκας
662 3927 977 3998 ὑϐρίζεσθαι
1003 3925 1104 3989 τὰς
1130 3924 1329 3989 αὑτῶν,
1359 3922 1516 3977 τοῦτο
1551 3922 1786 3976 ἑλέσθαι.
1813 3922 1906 3986 EE;

241 4017 510 4086 τοσαύτην
545 4016 654 4087 γάρ
683 4015 804 4068 τότε
842 4011 1006 4083 ἦλθεν
1038 4013 1302 4085 ἀνάγκην,
1334 4012 1410 4077 ὼς
1443 4012 1535 4065 καὶ
1564 4010 1910 4081 ὑπηρετήσα·

246 4106 371 4159 σθαι
394 4108 460 4176 τῇ
482 4103 785 4174 ὑποκρίσει,
809 4096 870 4155 οῦ
891 4103 943 4156 τί
968 4103 1165 4170 γένοιτ’
1190 4100 1256 4155 ἀν
1278 4100 1637 4170 ἐλεεινότερον
1653 4115 1668 4164 ;
1685 4097 1909 4152 Ὀποίαν

242 4192 353 4264 γάρ
383 4190 546 4245 αὑτὸν
578 4190 818 4260 νομίζεις
848 4188 992 4259 ἔχειν
1011 4188 1209 4260 ψυχὴν,
1236 4189 1325 4241 ὅτε
1345 4189 1413 4258 τῇ
1440 4186 1658 4254 γυναικὶ
1688 4184 1911 4239 τοιαῦτα

247 4274 634 4346 συμϐουλεύειν
672 4274 1045 4344 ἠναγκάζετος
1103 4269 1387 4325 Γινώσκω
1441 4269 1559 4341 ἐγὼ
1602 4269 1693 4323 ὅτι
1751 4268 1909 4338 γυνὴ

244 4368 636 4434 εὐπρόσωπος
677 4359 748 4418 εἷ·
778 4362 948 4417 ἔσται
977 4357 1093 4417 οὖν
1129 4361 1211 4426 ὡς
1241 4358 1319 4413 ἂν
1349 4358 1523 4413 ἴδωσί
1555 4374 1630 4412 σε
1663 4360 1718 4412 al
1744 4358 1915 4427 Αίγύ-

246 4472 424 4516 πτιοι,
454 4453 701 4523 ἐροῦσιν
735 4453 844 4515 ὅτι,
877 4448 1048 4517 Γυνὴ
1089 4448 1276 4505 αὐτοῦ
1315 4447 1489 4515 αὕτη’
1534 4447 1634 4501 καὶ
1662 4446 1913 4500 ἀποκτε-

246 4542 428 4597 νοῦσί
442 4559 538 4611 με,
564 4542 639 4595 σὲ
667 4541 735 4595 δὲ
762 4539 1269 4609 περιποιήσενται.
1293 4538 1441 4593 Εἰπὲ
1463 4531 1578 4592 οὖν
1596 4535 1704 4600 ὅτι,
1722 4534 1914 4589 Ἀδελ-

248 4630 335 4700 φὴ
384 4630 570 4685 αὑτοῦ
598 4633 734 4700 ειμι,
764 4629 923 4696 ὅπως
959 4629 1036 4684 ἂν
1066 4624 1136 4684 εὗ
1161 4645 1263 4699 μοι
1287 4626 1527 4697 γένηται
1557 4624 1655 4679 διὰ
1684 4622 1781 4685 σὲ,
1813 4621 1915 4676 καὶ

250 4718 489 4788 (Dicam:
515 4719 553 4788 ἠ
581 4718 752 4788 ψυχή
774 4736 893 4787 μου
916 4716 1125 4771 ἕνεκεν
1149 4716 1287 4773 σοῦ.
1318 4716 1430 4770 Καὶ
1457 4714 1631 4769 ταῦτα
1651 4711 1916 4781 ἐφθέγξα-

248 4825 312 4863 το
339 4809 408 4861 τά
445 4809 662 4879 ῥήματα
689 4809 718 4861 6
748 4806 837 4860 διὰ
864 4806 954 4860 τὸν
981 4805 1134 4865 Θεὸν,
1169 4803 1265 4858 καὶ
1296 4802 1545 4873 πατρίδα,
1582 4802 1676 4855 καὶ
1713 4801 1913 4869 οἰκίαν,

249 4898 348 4954 καὶ
378 4897 583 4965 φίλους,
620 4896 713 4950 καὶ
748 4897 1045 4965 συγγενεῖς,
1082 4894 1174 4948 καὶ
1201 4892 1368 4947 τάλλα
1392 4892 1567 4946 πάντα
1590 4890 1683 4944 ἐπὶ
1710 4889 1812 4960 τῆς
1839 4892 1919 4944 ol-

250 4986 377 5049 κίας
407 4987 585 5056 ἀφεὶς,
626 4987 654 5039 6
674 4984 928 5055 τοιαύτην
954 4982 1325 5054 ταλαιπωρίαν
1356 4980 1451 5035 καὶ
1476 4979 1729 5033 τοσοῦτον
1756 4979 1917 5033 πόνον

251 5076 311 5129 ἐν
335 5075 413 5147 τῷ
434 5072 629 5147 μακρῷ
655 5073 827 5144 τούτῳ
846 5071 1020 5142 καιρῷ
1046 5070 1188 5124 κατὰ
1205 5070 1303 5141 τὴν
1328 5067 1633 5139 ὁδοιπορίαν
1656 5066 1913 5127 ὑποστάς

251 5164 348 5222 καὶ
379 5165 528 5235 ὅμως
553 5162 703 5216 οὐδὲν
729 5160 932 5215 τούτων
969 5155 1140 5222 εἶπεν,
1159 5154 1268 5212 οἷον
1299 5158 1381 5211 ὃτι
1406 5156 1763 5225 Ἐγκατέλιπέ
1792 5173 1859 5225 με
1892 5158 1941 5217 6_

250 5253 406 5317 Θεὸς.
445 5251 793 5322 ἀπεστράφη,
840 5249 934 5304 καὶ
979 5250 1078 5320 τῆς
1117 5246 1319 5311 οἰκείας
1351 5245 1605 5318 προνοίας
1642 5244 1917 5311 ἐξέϐαλεψ

252 5341 366 5395 ἀλλ’
405 5339 566 5412 ἔφερε
600 5338 861 5408 γενναίως
908 5336 1084 5390 πάντα
1126 5335 1221 5388 καὶΙ
1251 5334 1478 5397 πιστῶς,
1528 5334 1619 5387 καὶ
1649 5332 1708 5386 ὃν
1753 5333 1920 5403 ἐχρῆν

255 5428 493 5501 μάλιστα
527 5428 742 5483 πάντων
783 5423 1143 5498 ὑϐριζομένης
1177 5422 1492 5495 ὀργίζεσθαι
1529 5422 1627 5492 τῆς
1665 5419 1922 5489 γυναικὸς

254 5517 363 5571 ὑπὸ
409 5517 510 5588 τῆς
545 5504 744 5586 πολλῆς
797 5515 940 5586 βίας,
977 5514 1125 5576 ὅπως
1187 5512 1325 5583 μήτε
1361 5509 1570 5580 φανερά
1614 5509 1836 5579 γένηται
1888 5508 1922 5579 ἡ

255 5604 434 5676 ὕϐρις,
465 5606 680 5661 ἅπαντα
703 5603 957 5676 ἔπραττε.
993 5600 1164 5655 Τοῦτο
1192 5600 1248 5653 δέ
1275 5600 1405 5669 ὅσην
1436 5596 1673 5667 ἀθυμίαν
1694 5595 1805 5667 ἔχει
1830 5598 1924 5650 καὶ

253 5692 471 5763 ὀδύνην,
493 5693 636 5765 λόγῳ
672 5694 770 5765 μὲν
798 5691 1144 5765 παραστῆσαι
1177 5692 1239 5744 οὑ
1272 5688 1517 5752 δυνατὸν,
1555 5686 1701 5740 ἴσασι
1732 5686 1788 5740 δὲ
1810 5686 1923 5741 ὅσοι

319 5826 349 5856 ⁸
383 5826 466 5876 Sic
485 5826 619 5879 Colb.
642 5833 696 5877 et
714 5827 864 5878 Savil.
894 5828 946 5877 εὑ

1014 5865 1027 5887 ,
1047 5826 1219 5876 Morel.
1241 5828 1384 5890 εὕροι.

318 5884 352 5933 δ
374 5889 530 5949 Αὐτῆς
549 5891 688 5941 deest
707 5893 757 5942 in
779 5890 917 5943 Colb.

990 5888 1049 5942 Ox
1073 5891 1203 5941 idem
1220 5888 1329 5940 οὑδέ
1351 5888 1611 5945 ἀλλάξεται.

1123 407 1218 466 Δί)
1258 401 1639 465 STAGIRIUM
1667 400 1711 456 Α
1752 394 2063 454 ΒᾸΞΜΟΝΕ
2096 393 2442 454 VEXATUM
2510 391 2640 448 LIB.
2681 391 2745 447 ll.

3549 389 3658 445 660

1984 515 2248 582 γυναῖκας
2290 512 2448 583 ἔσχον
2478 510 2573 564 καὶ
2605 512 2685 573 εἰς
2717 504 3046 579 ζηλοτυπίας
3089 504 3325 577 ὑποψίαν
3376 503 3681 573 ἐνέπεσονκ

1982 603 2269 674 Μαρτυρεῖ
2315 602 2373 656 δέ
2409 599 2488 672 τῷ
2519 600 2681 654 πάθει
2716 599 2891 667 τούτῳ
2920 597 3015 650 καὶ
3045 597 3073 648 6
3102 592 3353 664 Σολομὼν
3377 591 3550 657 οὑτως
3579 595 3659 647 ει.

1986 689 2119 744 πὼνι
2170 689 2404 756 Μεστὸς
2458 689 2568 759 γὰρ
2613 685 2796 756 ζήλου
2828 684 3013 754 θυμὸς
3048 681 3269 751 ἀνδρὸς
3299 680 3489 749 αὐτῆς
3503 680 3555 745 ιι,
3584 681 3659 736 οὐ

1982 780 2253 847 φείσεται
2295 778 2366 831 ἐν
2399 777 2591 847 ἡμέρᾳ
2618 775 2888 844 κρίσεως,
2917 769 3060 826 οὐδὲ
3091 768 3530 834 ἀνταλλάξεται
3556 769 3659 823 οὐ·

1983 866 2158 934 δενὸς
2184 867 2408 934 λύτρον
2439 865 2557 933 τὴν
2581 863 2824 933 ἔχθραν,
2854 861 2997 915 οὐδὲ
3013 858 3100 930 μὴ
3127 857 3385 926 διαλυθῇ
3412 854 3660 912 πολλῶν

1984 952 2204 1023 δώρων.
2252 953 2365 1007 Καὶ
2407 952 2585 1006 πάλινο
2632 948 2891 1019 Κραταιὰ
2935 949 3016 1014 ὡς
3058 945 3314 1010 θάνατος
3356 947 3396 1013 ἡ
3433 944 3655 1015 ἀγάπη,

1986 1040 2253 1110 σκληρὸς
2288 1041 2369 1107 ὡς
2398 1039 2549 1107 ᾅδης
2585 1041 2618 1093 ὀ
2662 1036 2859 1106 ζῆλος.
2892 1037 2956 1091 Εἰ
2985 1036 3042 1089 δὲ
3069 1037 3098 1089 6
3130 1033 3447 1106 ζηλοτυπῶν
3486 1031 3660 1098 οὑτως

1989 1129 2288 1191 ἐκκαίεται,
2316 1130 2345 1181 6
2381 1127 2654 1190 τοσούτοις
2679 1124 3047 1198 κρατούμενος
3073 1126 3281 1187 κακοῖς,
3309 1122 3385 1186 ὡς
3419 1122 3662 1190 ἀναγκά-

1989 1213 2175 1279 ζεσθαι
2217 1213 2311 1266 καὶ
2349 1210 2663 1265 κολακεύειν
2694 1209 2785 1263 τὸν
2823 1208 3106 1282 ὑϐριστήν,
3135 1207 3224 1261 καὶ
3253 1207 3312 1260 ὃν
3347 1205 3660 1277 ἀμύνασθαι

1989 1302 2094 1356 ἔδει
2122 1301 2300 1355 πάντα
2334 1302 2506 1355 ποιεῖν
2530 1310 2553 1341 ο
2580 1300 2728 1364 ὅπως
2769 1299 2967 1370 ῥαδίως
3009 1296 3385 1367 ἀπολαύσηται
3430 1297 3528 1367 τῆς
3564 1297 3664 1350 αὑ-

1987 1384 2081 1439 τοῦ
2128 1384 2384 1453 γυναικὸς
2419 1387 2448 1437 6
2478 1384 2684 1455 μοιχὸς,
2716 1384 2861 1446 τίνος
2887 1383 2987 1436 οὑκ
3018 1382 3374 1451 ἐλεεινότερος
3407 1376 3513 1452 ἧν;
3551 1381 3665 1434 Λα-

1989 1469 2189 1523 ϐόντων
2225 1469 2283 1523 δὲ
2329 1469 2424 1522 καὶ
2455 1468 2661 1521 τούτων
2699 1467 2870 1538 πέρας
2899 1467 3008 1521 τῶν
3038 1465 3243 1529 κακῶν,
3291 1465 3454 1536 ἕτερα
3500 1464 3663 1518 πάλιν

1990 1553 2232 1606 ἐτίκτετο
2270 1551 2440 1619 δεινὰ,
2491 1551 2708 1604 καὶτὸν
2748 1550 2904 1620 λιμὸν
2950 1551 3154 1602 ἐκεῖνον
3198 1547 3464 1617 διεδέχετο
3505 1546 3666 1599 πόλε-

1993 1653 2110 1706 μος.
2149 1635 2260 1707 Τὴν
2294 1636 2403 1707 γὰρ
2443 1635 2554 1689 τῶν
2581 1634 2853 1705 ποιμένων
2895 1633 3075 1703 μάχην
3120 1632 3230 1704 καὶ,
3254 1632 3352 1704 τὴν
3398 1632 3533 1702 πρὸς
3571 1631 3664 1684 τὸν

1991 1719 2304 1790 ἀδελφιδοῦν
2332 1721 2599 1790 ’διανομὴν
2644 1718 2844 1788 ἀφίημι
2898 1716 3014 1779 νῦν,
3065 1717 3239 1769 καίτοι
3278 1732 3342 1784 γε
3374 1717 3458 1768 ἐπ’
3490 1715 3664 1769 ἄλλων

1989 1803 2160 1858 ταῦτα
2214 1801 2573 1874 ἐξεταζόμενα
2643 1801 2805 1856 ίκανά
2852 1801 3051 1872 πολλὴν
3096 1800 3334 1870 ἀθυμίαν
3383 1799 3664 1870 ἐμϐαλεῖν.

1993 1893 2160 1947 Ὅταν
2187 1894 2296 1964 γάρ
2327 1894 2356 1946 6
2386 1890 2672 1955 διασωθεὶς
2706 1891 2799 1943 ὑπ’
2827 1888 2991 1942 αὑτοῦ
3022 1889 3114 1943 καὶ
3137 1888 3406 1942 τοσούτων
3436 1889 3667 1959 γενόμε-

1991 1997 2082 2044 νος
2128 1980 2317 2052 κύριος
2378 1978 2621 2049 ἀγαθῶν,
2668 1979 2761 2032 καὶ
2812 1978 2871 2031 ὃν
2920 1977 3089 2048 ἐχρῆν
3128 1978 3387 2048 ἐκστῆναι
3447 1977 3668 2031 πάντων

1992 2067 2163 2140 αὑτῷ,
2199 2068 2293 2122 καὶ
2339 2071 2452 2131 τοῖς
2483 2067 2740 2138 ποιμέσιν
2789 2066 3107 2137 ἐπιτιμῆσαι
3139 2069 3252 2130 τοῖς
3293 2064 3479 2131 αὑτοῦ,
3513 2060 3668 2130 οὗτος

1994 2156 2421 2229 προτεινομένης
2474 2156 2742 2227 αἱρέσεως
2795 2154 3069 2227 ἐπιτρέχει
3120 2157 3232 2219 τοῖς
3274 2153 3668 2226 εὑφορωτέροις

1991 2245 2103 2299 τῶν
2133 2245 2368 2317 χωρίων,
2416 2243 2511 2299 καὶ
2539 2242 2611 2297 τά
2650 2243 2960 2315 ἐρημότερα
2988 2241 3017 2281 εί
3047 2242 3239 2314 ἐκείνῳ
3269 2243 3671 2315 καταλιμπάνει

1997 2334 2163 2407 μέρη.
2221 2332 2308 2396 τίς
2354 2332 2421 2387 ἂν
2469 2320 2682 2403 ἐνέγκοι
2728 2332 2946 2404 ῥᾳδίως,
3008 2333 3069 2385 οὑ
3114 2331 3212 2403 τὴν
3254 2331 3455 2403 ζημίαν
3504 2332 3672 2402 λέγω,

1993 2422 2130 2477 ἀλλά
2167 2422 2230 2476 16
2259 2422 2497 2493 τιμήσας
2531 2420 2900 2493 ἀτιμασθῆναι
2931 2421 3025 2475 καὶ
3054 2420 3114 2475 16
3144 2421 3367 2475 ἔλαττον
3405 2424 3670 2491 ἐνεγκεῖν,

1994 2510 2025 2565 ὃ
2059 2509 2210 2584 [192]
2237 2510 2419 2581 πάσης
2450 2509 2654 2580 ζημίας
2696 2508 3081 2582 χαλεπώτερον
3134 2505 3274 2564 εἶναι
3306 2511 3486 2576 δοκεῖ;
3531 2511 3671 2564 Ἀλλ’

1995 2599 2144 2669 ὅμως
2193 2598 2408 2654 ἅπαντα
2450 2596 2625 2653 ταῦτα
2676 2599 2916 2671 παρίημι
2960 2598 3075 2653 νῦνο
3114 2600 3244 2671 περὶ
3285 2601 3392 2671 γάρ
3434 2600 3530 2655 τοῦ
3568 2617 3675 2656 πα-

1995 2688 2275 2761 τριάρχου,
2316 2688 2378 2742 οὑ
2411 2686 2538 2760 περί
2565 2705 2708 2753 τινος
2732 2688 2841 2743 τῶν
2868 2688 3076 2742 πολλῶν
3105 2690 3133 2742 6
3160 2689 3317 2758 λόγος
3345 2690 3491 2743 ἐστὶν
3518 2690 3671 2762 ἡμῖν.

2065 2784 2137 2849 η’.
2177 2777 2491 2848 Διαδέχεται
2533 2778 2597 2848 δὴ
2638 2777 2729 2831 τὸν
2769 2778 2928 2849 λιμὸν
2968 2779 3177 2832 ἐκεῖνον
3218 2781 3247 2832 6
3288 2779 3522 2850 πόλεμος
3564 2778 3675 2835 τῶν

1998 2865 2245 2939 Περσῶν,
2267 2867 2361 2920 καὶ
2379 2864 2746 2934 ἀναγκάζεται
2768 2866 3180 2938 ἐπιστρατεύειν
3197 2868 3401 2932 αὑτοῖς,
3434 2868 3496 2921 οὑ
3526 2869 3678 2939 παρά

1997 2955 2097 3026 τὴν
2122 2955 2296 3027 ἀρχὴν
2328 2953 2498 3025 αὐτὴν
2530 2953 2800 3027 ἀκεραίων
2831 2954 3109 3026 ἑκατέρων
3142 2954 3223 3009 ἔτι
3264 2956 3534 3027 μενόντων
3568 2956 3677 3011 τῶν

2004 3042 2207 3116 μερῶν,
2259 3042 2397 3096 ἀλλά
2428 3042 2927 3115 προτροπωθέντων
2964 3045 3241 3110 ἁπάντων,
3275 3044 3372 3097 καὶ
3400 3045 3500 3116 τῆς
3523 3044 3680 3117 νίκης

2001 3131 2154 3205 παρὰ
2178 3134 2291 3196 τοῖς
2322 3130 2601 3204 πολεμίοις
2620 3130 2806 3202 οὔσης,
2836 3132 2932 3185 καὶ
2956 3132 3170 3195 οὐδενὸς
3194 3133 3392 3197 αὐτοὺς
3422 3132 3501 3185 ἔτι
3528 3133 3682 3203 ἐνεγ-

2002 3222 2118 3273 κεῖν
2146 3220 2469 3290 δυναμένου,
2504 3220 2611 3274 τῶν
2658 3221 2756 3292 μὲν
2796 3220 2964 3290 ἄρδην
2994 3220 3436 3286 κατακοπέντων,
3477 3220 3589 3275 τῶν
3624 3221 3683 3275 δὲ

2004 3307 2418 3378 κρυπτομένων,
2460 3306 2569 3360 τῶν
2608 3307 2667 3360 δὲ
2721 3306 3079 3361 δουλευόντων
3120 3310 3251 3379 παρ’
3292 3308 3495 3373 αὑτοῖς.
3542 3308 3681 3362 Ἀλλ’

2002 3397 2154 3467 ὅμως
2204 3396 2359 3450 οὐδὲν
2413 3396 2577 3450 αὑτὸν
2613 3395 2820 3450 τούτων
2853 3397 2990 3451 οἴκοι
3048 3397 3230 3468 μένειν
3281 3398 3518 3462 ἔπεισεν,
3565 3399 3682 3453 ἀλλ’

2005 3484 2109 3537 ὑπὸ
2137 3484 2236 3555 τῆς
2268 3483 2504 3556 σφοδρᾶς
2526 3483 2765 3555 ἀθυμίας
2791 3483 2899 3537 τῶν
2924 3484 3231 3555 γενομένων
3264 3484 3493 3555 πληγεὶς
3518 3485 3684 3558 ἀπῄει

2005 3573 2349 3643 κοινωνήσων
2379 3571 2609 3634 ἐκείνοις
2624 3572 2731 3627 τῶν
2751 3572 2958 3637 κακῶν,
2983 3572 3078 3626 καλ⁵
3102 3574 3181 3636 είς
3210 3572 3487 3643 προῦπτον
3511 3572 3684 3644 ῥίφων

2006 3659 2236 3714 θάνατον
2287 3660 2500 3716 ἑαυτόν.
2542 3661 2617 3714 T6
2657 3660 2766 3732 γάρ
2801 3659 2938 3730 μετά
2967 3660 3295 3733 τριακοσίων
3328 3661 3553 3714 οἰκετῶν
3591 3661 3687 3715 καὶ

2011 3748 2191 3821 μικρῷ
2222 3749 2485 3803 πλειόνων
2519 3760 2544 3789 θ
2574 3749 2711 3819 πρὸς
2749 3747 3016 3820 τοσαύτην
3044 3748 3483 3820 παρατάττεσθαι
3524 3767 3687 3821 στρα-

2006 3838 2149 3905 τιάν,
2192 3838 2345 3891 οὐδὲν
2391 3838 2577 3909 ἕτερον
2623 3836 2657 3909 ἢ
2691 3835 2865 3891 ταῦτα
2897 3835 3247 3908 λογιζομένου
3290 3833 3379 3910 ἦν,
3421 3838 3516 3892 καὶ
3550 3839 3687 3912 πρὸς

2007 3926 2383 3998 αἰχμαλωσίαν
2409 3928 2504 3979 καὶ
2529 3926 2664 3997 πρὸς
2684 3924 2976 3998 τιμωρίαν,
3009 3926 3103 3979 καὶ
3129 3926 3265 3998 πρὸς
3290 3927 3518 3999 μυρίους
3546 3943 3689 3999 παρ-

2008 4016 2413 4087 εσκευασμένου
2452 4015 2734 4078 θανάτους.
2792 4013 3025 4085 Ἀπῆλθε
3081 4015 3180 4086 μὲν
3208 4010 3299 4069 οὖν
3342 4014 3415 4080 ὡς
3460 4016 3555 4070 καὶ
3588 4017 3689 4069 αὑ⁴

2007 4104 2101 4169 16;
2136 4107 2235 4177 τῆς
2281 4103 2623 4176 βαρϐαρικῆς
2663 4101 2987 4157 ἀπολαύσων
3028 4102 3329 4174 ὠμότητος
3376 4105 3443 4174 τῇ
3495 4104 3553 4157 δὲ
3590 4103 3687 4158 τοῦ

2010 4191 2146 4246 Θεοῦ
2188 4192 2568 4264 φιλανθρωπίᾳ
2593 4191 2900 4255 διασωθεὶς,
2936 4191 3030 4244 καὶ
3061 4189 3373 4245 ἐπανελθὼν
3417 4191 3554 4262 μετά
3587 4192 3688 4263 τῆς

2010 4280 2159 4343 λείας
2194 4279 2289 4333 καὶ
2320 4277 2414 4332 τοῦ
2451 4278 2768 4347 συγγενοῦς,
2799 4277 3138 4348 ἠναγκάζετο
3186 4277 3345 4331 πάλιν
3392 4279 3462 4332 τὰ
3512 4281 3690 4334 οἰκεῖα

2013 4368 2233 4441 θρηνεῖν
2290 4368 2455 4434 κακά,
2485 4368 2583 4439 τὴν
2615 4367 2871 4423 ἀπαιδίαν
2897 4366 3062 4435 λέγω,
3092 4366 3187 4420 καὶ
3218 4367 3280 4421 16
3313 4368 3517 4438 μηδένα
3543 4368 3689 4439 ἔχειν

2012 4456 2108 4511 τοῦ
2160 4457 2364 4528 κλήρου
2404 4456 2664 4527 διάδοχον.
2710 4455 2802 4525 Μὴ
2851 4453 2959 4524 γὰρ
2997 4454 3183 4526 ἐπειδὴ
3227 4455 3346 4508 τότε
3388 4455 3627 4526 ήκουσας
3660 4453 3684 4494 ί

2016 4545 2419 4617 ἀποδυρομένου
2457 4544 2593 4616 πρὸς
2638 4543 2730 4597 16v
2762 4542 2893 4596 Θεὸν
2926 4542 3021 4596 καὶ
3052 4542 3322 4612 λέγοντος,
3358 4543 3422 4597 Τί
3445 4561 3545 4613 μοι
3581 4537 3690 4597 δὼ-

2016 4650 2182 4701 σεις;
2208 4633 2323 4703 ἐγὼ
2339 4632 2408 4686 δὲ
2430 4633 2777 4701 ἀπόλλυμαι
2808 4630 3081 4697 ﬁrmarat,"
3098 4630 3187 4685 διὰ
3217 4630 3374 4685 τοῦτο
3412 4633 3501 4689 καὶ
3528 4632 3691 4703 πρόσ-

2017 4739 2185 4793 φατον
2221 4721 2320 4793 τὴν
2350 4720 2528 4792 λύπην
2555 4719 2756 4786 ταύτην
2787 4714 2926 4772 εἶναι
2958 4718 3167 4789 νόμιζεο
3201 4721 3234 4787 ή
3281 4720 3392 4792 γάρ
3451 4720 3692 4793 μέριμνα

2018 4810 2156 4880 αὕτη
2190 4810 2285 4863 καὶ
2317 4811 2349 4880 ἡ
2395 4807 2614 4880 φροντὶς
2651 4806 2789 4878 μετὰ
2816 4807 2915 4878 τῆς
2934 4806 3153 4878 νύμφης
3183 4807 3431 4880 εἰσῆλθεν
3471 4812 3551 4872 είς
3591 4809 3692 4880 τὴν

2016 4899 2193 4953 οἰκίαν
2224 4897 2318 4952 τοῦ
2351 4898 2584 4960 δικαίου,
2623 4896 2821 4969 μᾶλλον
2856 4897 2914 4950 δέ
2946 4897 3042 4950 καὶ
3083 4897 3190 4969 πρὸ
3225 4897 3325 4968 τῆς
3352 4898 3573 4969 νύμφης
3602 4898 3696 4952 αύ-

2017 4988 2134 5058 τῆς.
2165 4988 2323 5051 Ἔθος
2353 4986 2463 5058 γὰρ
2485 4986 2615 5057 ήμῖν
2642 4986 2865 5051 ἅπασιν,
2897 4986 3026 5039 ὅταν
3059 4985 3219 5055 μόνον
3244 4984 3536 5057 ἀρξώμεθα
3567 4987 3694 5057 βου-

2018 5075 2269 5129 λεύεσθαι
2309 5077 2403 5129 καὶ
2434 5072 2777 5143 διαλέγεσθαι
2823 5074 2952 5146 περὶ
2994 5073 3195 5144 γάμου,
3223 5074 3425 5138 πάσαις
3453 5076 3573 5138 ταῖς
3599 5072 3695 5128 τοῦ

2005 5165 2346 5237 ,πράγματος
2375 5163 2766 5218 ὑπονύττεσθαι
2799 5162 3097 5233 φροντίσιν.
3127 5155 3201 5216 ὧν
3234 5163 3463 5217 ἀπασῶν
3507 5162 3568 5215 16
3608 5179 3698 5217 κε-

2020 5255 2248 5323 φάλαιον
2278 5256 2312 5323 ἡ
2339 5253 2447 5306 τῶν
2487 5252 2692 5306 παίδων
2729 5252 2868 5314 ἐστὶ,
2903 5251 2999 5304 καὶ
3026 5252 3056 5304 6
3085 5250 3248 5320 φόϐος
3279 5244 3434 5315 οὗτος
3461 5250 3570 5305 ἀπὸ
3596 5252 3697 5321 τῆς

2020 5344 2235 5417 ἡμέρας
2273 5342 2488 5415 ἐκείνης
2525 5341 2626 5407 τάς
2666 5341 2942 5414 ἡμετέρας
2983 5341 3261 5396 κατασείει
3296 5341 3494 5412 ψυχάς.
3533 5342 3596 5396 El
3636 5340 3697 5395 δέ

2086 5508 2109 5538 ⁸
2136 5505 2272 5556 Ωοιι).
2298 5506 2452 5555 πάντα
2468 5506 2638 5555 ποιῶν.
3229 5557 3234 5563 ,

2086 5567 2262 5619 δϐοιὶ).
2287 5576 2340 5617 el
2364 5568 2517 5618 Savil.
2543 5569 2592 5617 in
2618 5573 2758 5617 textu
2779 5566 2840 5616 τὰ
2860 5566 3140 5631 ἐρημότερα,
3165 5566 3340 5617 Morel.
3378 5570 3430 5615 et
3451 5564 3603 5616 Savil.
3644 5564 3698 5614 in

2024 5644 2271 5742 mirga?!
2279 5632 2524 5756 ᾯμὲᾀιι).
2553 5693 2705 5756 μικρῷ
2722 5691 2899 5741 πλεῖον.

2092 5755 2115 5798 ι
2141 5756 2253 5804 Sav.
2283 5761 2336 5802 et
2353 5754 2491 5805 Colb.
2527 5748 2649 5803 τότε
2672 5748 2902 5813 ἤκουσας,
2924 5752 3097 5801 Morel.
3122 5750 3267 5802 τοῦτο
3296 5753 3524 5810 ἤκουσας.
3547 5748 3704 5800 Paulo

2027 5827 2142 5883 post
2161 5819 2356 5883 δέψει
2385 5815 2518 5867 Coll).
2546 5817 2789 5883 ﬁv_169w_
2808 5815 3001 5872 ταύτην,
3035 5816 3206 5867 Morel.
3231 5820 3285 5865 et
3324 5814 3455 5865 Savil
3501 5824 3553 5862 In
3576 5822 3707 5861 mu.

2030 5875 2147 5945 'gine
2171 5881 2257 5940 τὴν
2277 5879 2444 5941 λύπην,
2472 5884 2523 5929 ει
2542 5879 2612 5931 ita
2636 5875 2759 5942 legit
2776 5880 3041 5940 interpres.
