4036 6416
374 361 474 422 461

378 480 643 556 συμϐαίη,
682 472 987 547 γενομένων
1025 469 1134 524 τῶν
1163 470 1377 539 γάμων,
1414 465 1629 539 πρῶτον
1663 463 1781 556 ἔτος
1808 461 1842 532 ἢ
1866 459 2047 556 δεύτε-

383 542 474 642 ρον
504 567 537 641 ἢ
567 542 661 620 κᾶι
677 542 859 632 τρίτον
889 553 1201 642 παρελθείν,
1224 550 1552 642 ἐπιτείνεται
1572 548 1676 642 μὲν
1696 545 1765 642 τά
1790 545 1890 615 τῆς
1918 542 2051 642 ἀθυ-

384 624 537 725 μίας,
566 646 635 699 τά
663 624 731 698 δὲ’
746 641 855 696 τῶν
881 624 1260 725 χρηστοτέρων
1292 633 1549 725 ,ἐλπίδων
1562 630 1869 725 ἀτονώτερα
1906 624 2051 725 γίνε-

379 706 706 797 ται-ἐτέρου
735 725 791 778 δέ
827 706 1216 793 προστεθέντος
1252 715 1493 779 πλείονος
1525 714 1738 797 χρόνου,
1775 706 2052 797 παντελῶς

379 812 567 867 λοιπὸν
604 790 925 878 ἀφίστανται
974 804 1071 875 μὲν
1117 804 1342 862 ἐκεῖναι,
1383 801 1576 871 κρατεῖ
1612 796 1670 849 δέ
1726 797 1825 878 τῆς
1872 790 2053 878 ψυχῆς

381 894 517 966 αὕτη
563 873 726 946 πᾶσιν
754 873 1116 944 ἐπισκοτοῦσα
1149 887 1263 948 τοῖς
1295 883 1552 955 ἡδίστοις,
1581 880 1675 934 καὶ
1703 874 1928 948 μηδενὸς
1952 873 2053 966 ἑαῖς

384 960 573 1056 σθησιν
630 977 989 1051 συγχωροῦσα
1036 975 1241 1030 λαϐεῖν.
1270 975 1436 1027 Ὥστε
1474 974 1524 1025 εί
1558 970 1659 1056 καί⁵
1703 967 1867 1056 μηδὲν
1906 960 2054 1056 αὑτῶ

386 1068 735 1140 συνεϐεϐήκει
774 1066 881 1120 τῶν
920 1063 1191 1118 τοσούτων
1223 1058 1486 1130 ἀνιαρῶν,
1519 1054 1655 1111 ἀλλά
1700 1053 1878 1107 πάντα
1913 1047 2057 1104 κατά

383 1158 509 1213 νοῦν
542 1157 801 1225 ἐγεγόνει,
836 1153 994 1223 ἱκανὴ
1028 1154 1062 1222 ἡ
1089 1151 1189 1221 τῆς
1209 1147 1465 1211 ἀπαιδίας
1493 1143 1700 1214 ἀθυμία
1732 1142 1868 1195 πᾶσι
1914 1153 2056 1209 παρ-

385 1246 753 1304 ακολουθοῦσα
787 1247 900 1307 τοῖς
922 1240 1228 1312 γινομένοις
1260 1237 1551 1293 συσκιάσαι
1585 1235 1768 1287 πᾶσαν
1793 1228 2057 1300 εὐθυμίαν

386 1337 482 1391 καὶ
512 1332 859 1390 καταϐαλεῖν.
897 1332 958 1384 Ἢ
992 1328 1101 1400 γὰρ
1127 1325 1430 1397 ἐπαγγελία
1458 1323 1552 1379 τοῦ
1582 1320 1718 1377 Θεοῦ
1747 1319 1883 1391 πρὸς
1907 1318 2061 1387 ἐσχά-

385 1442 464 1495 τῳ
494 1424 663 1494 γήρᾳ,
693 1423 783 1475 ὅτε
811 1421 882 1473 τά
914 1419 1012 1489 τῆς
1051 1417 1266 1487 φύσεως
1297 1414 1636 1484 ἀπέγνωστο,
1669 1409 1791 1463 τότε
1824 1406 2058 1495 ἐγένετο·

384 1492 478 1567 τὸν
515 1492 580 1565 δέ
606 1492 914 1581 ἔμπροσθεν
969 1507 1148 1560 πάντα
1181 1503 1371 1576 χρόνον
1406 1499 1658 1555 τοσοῦτον
1699 1496 1830 1550 ὄντα
1878 1492 2061 1562 ἀλγῶν

387 1602 482 1656 καὶ
510 1599 841 1670 κοπτόμενος
883 1594 1131 1656 διετέλει,
1164 1592 1258 1646 καὶ
1294 1592 1406 1662 ὅσῳ
1438 1589 1530 1643 τὸν
1562 1584 1795 1639 πλοῦτον
1827 1581 2061 1653 αὐξόμε-

388 1708 478 1745 νον
519 1689 686 1761 ἐώρα,
727 1684 967 1754 τοσούτῳ
1027 1682 1226 1755 μᾶλλον
1268 1678 1506 1743 ἐπένθει,
1544 1675 1638 1729 τοῦ
1683 1670 2062 1742 διαδεξομένου

386 1777 577 1832 τοῦτον
601 1776 699 1831 οὐκ
713 1775 882 1837 δντος.
898 1774 963 1827 Τί
984 1772 1094 1844 γὰρ
1118 1772 1216 1826 οίει
1239 1782 1265 1810 ει
1285 1769 1511 1838 πάσχειν
1530 1764 1711 1828 αὐτὸν,
1733 1763 1822 1817 ὅτε
1840 1761 2060 1833 ἡκουσεο

389 1866 688 1935 Πάροικον
731 1863 904 1919 ἔσται
944 1861 1010 1914 τὸ
1038 1859 1278 1928 σπέρμα
1308 1870 1425 1913 σου
1449 1855 1519 1909 ἐν
1548 1852 1626 1924 τῇ
1651 1854 1762 1908 οὐκ
1792 1850 1931 1917 ὶδιᾳ,
1963 1846 2066 1903 καί

389 1951 816 2009 δουλώσουσιν
843 1947 1086 2014 αὐτοὺς,
1123 1944 1273 2018 [195]
1301 1944 1400 1999 καί
1421 1941 1804 1997 κακώσουσιν
1829 1937 1927 1993 καί
1965 1953 2066 1991 τα-

389 2041 801 2097 πεινώσουσιν
851 2039 957 2105 ἔτη
999 2035 1388 2105 τετρακόσια;
1452 2033 1519 2086 Ἡ
1547 2031 1605 2085 δέ
1642 2028 1782 2101 γυνὴ
1826 2026 1923 2084 νῦν
1968 2027 2065 2099 μὲν

390 2128 692 2184 κελεύουσα
721 2125 907 2181 λαϐεῖν
932 2124 1030 2196 τὴν
1064 2122 1264 2193 ἐαυτῆς
1309 2119 1620 2190 παιδίσκην,
1652 2117 1746 2173 νῦν
1776 2116 1834 2192 δὲ
1876 2113 2064 2184 ἐπειδὴ

392 2216 586 2271 ἐλαϐεν
631 2213 942 2285 ἐγκαλοῦσα
991 2213 1086 2266 καὶ
1140 2208 1486 2281 μεμφομένη,
1532 2206 1627 2262 καὶ
1670 2205 1762 2259 τὸν
1799 2203 1932 2259 Θεὸν
1962 2218 2066 2257 κα-

392 2303 564 2358 λοῦσα
603 2304 725 2357 κατ’
752 2301 942 2362 αὐτοῦ,
988 2300 1084 2353 καὶ
1127 2294 1511 2366 ἀναγκάζουσα
1546 2293 1645 2365 τὴν
1670 2295 1771 2365 τῆς
1801 2292 1962 2363 εὐνῆς
1986 2306 2071 2344 κε-

395 2391 811 2461 κοινωνηκυῖαν,
843 2387 936 2441 καὶ
969 2385 1133 2438 παῖδα
1154 2382 1303 2453 αὐτῷ
1327 2380 1625 2453 μέλλουσαν
1656 2379 1860 2433 τίκτειν
1881 2376 2066 2431 λοιπὸν

396 2478 701 2537 ἐκϐάλλειν,
734 2475 854 2528 τίνα
877 2475 977 2527 οὐκ
1008 2472 1074 2527 ἂν
1102 2473 1182 2536 είς
1215 2469 1452 2541 ἀθυμίαν
1479 2470 1578 2541 τήν
1608 2467 1844 2539 ἐσχάτην
1873 2465 2063 2521 ἐνέϐα-

395 2566 490 2631 λε;
528 2563 713 2618 Ταῦτα
742 2563 850 2633 γὰρ
877 2563 924 2614 εί
960 2560 1053 2614 καί
1089 2576 1196 2613 τινι
1231 2557 1405 2630 μικρά
1437 2552 1576 2611 εἶναι
1601 2556 1747 2609 δοκεῖ
1772 2555 1888 2618 νῦν,
1921 2553 2072 2622 λογι-

398 2652 635 2725 σάμενος
675 2652 756 2704 ὃτι
788 2645 1283 2719 ὁλόκληροι-οἰκίαι
1313 2644 1519 2699 τούτων
1551 2643 1738 2697 ἐνεκεν
1765 2642 2074 2715 ἀνετράπη-

401 2756 522 2804 σαν,
557 2736 882 2810 θαυμαζέτω
922 2736 1012 2789 τὸν
1045 2734 1273 2789 δίκαιον.
1304 2734 1367 2787 El
1400 2732 1507 2805 γάρ
1534 2733 1628 2786 καὶ
1655 2732 1918 2801 γενναίως
1952 2729 2076 2799 ἐφε-

402 2843 464 2902 ρε
492 2825 582 2879 διὰ
605 2824 696 2878 τὸν
719 2824 812 2878 τοῦ
849 2821 983 2876 Θεοῦ
1014 2821 1198 2894 φόϐον,
1228 2821 1343 2875 ἀλλ’
1370 2822 1518 2891 ὅμως
1543 2818 1829 2891 ἄνθρωπος
1859 2813 1949 2890 ἦν,
1979 2817 2074 2871 καὶ

400 2914 507 2971 ὑπὸ
552 2913 769 2968 πάντων
802 2911 1007 2965 τούτων
1048 2909 1301 2964 ἐδάκνετο
1355 2910 1449 2962 καί
1484 2906 1745 2961 ὠδυνᾶτο.
1811 2905 2075 2977 Ἐπανέρ-

400 3019 555 3074 χεται
582 3002 641 3054 δέ
680 3000 841 3055 πάλιν
880 3001 958 3063 είς
989 2999 1090 3069 τὴν
1121 2997 1299 3052 οἰκίαν
1338 2998 1372 3068 ή
1407 2994 1713 3067 θεράπαινα
1743 2992 1838 3047 τοῦ
1880 2993 2077 3046 δεσπό-

399 3108 517 3151 του,
555 3090 651 3143 καί¹
692 3088 865 3143 τίκτει
910 3087 1001 3140 τὸν
1038 3085 1193 3139 νόθον
1235 3083 1404 3154 αὐτῷ,
1435 3084 1532 3138 καὶ
1570 3083 1780 3153 γίνεται
1828 3080 2009 3152 πατὴρ
2049 3082 2078 3133 6

415 3178 668 3251 Ἀϐραὰμ
699 3176 838 3248 μετά
863 3175 957 3229 τὸν
983 3173 1192 3246 μακρὸν
1222 3173 1412 3244 χρόνον
1443 3172 1669 3224 ἐκεῖνον’
1710 3168 1804 3222 καὶ
1829 3162 1942 3238 εἶχε
1979 3167 2079 3238 μέν

402 3284 525 3321 τινα
561 3267 623 3319 τὸ
657 3266 888 3338 πρᾶγμα
929 3263 1147 3336 ἡδονήν,
1196 3262 1416 3332 μείζονα
1458 3259 1516 3313 δέ
1567 3261 1666 3330 τὴν
1714 3257 1973 3329 ἀθυμίαν.
2022 3257 2079 3311 '0

402 3356 513 3424 γὰρ
564 3354 716 3417 νόθος
752 3351 917 3406 αὐτὸν
966 3349 1349 3421 ὑπεμίμνησκε
1385 3349 1480 3402 τοῦ
1531 3347 1779 3418 γνησίου,
1809 3347 1904 3400 καὶ
1964 3345 2082 3416 μεί-

405 3443 535 3507 ζονα
589 3441 683 3494 τοῦ
730 3439 1053 3511 πράγματος
1107 3437 1402 3508 ἐπιθυμίαν
1452 3436 1698 3490 ἐνέϐαλε.
1738 3435 1812 3489 Τὸ
1847 3433 2079 3507 γάρ,οὐ

407 3527 854 3597 κληρονομήσει
879 3542 952 3581 σε
980 3522 1179 3591 οὗτος,
1200 3526 1337 3581 ἀλλ’
1356 3525 1423 3592 ὃς
1449 3525 1832 3590 ἐξελεύσεται
1852 3522 1922 3576 ἐκ
1939 3521 2076 3586 σοῦ,

407 3617 540 3688 περὶ
565 3615 659 3670 τοῦ
695 3615 923 3687 Ἰσμαήλ
949 3612 1196 3685 εἰρῆσθαι
1232 3612 1502 3685 ἐνόμισεν·
1546 3611 1698 3666 οὐδὲν
1726 3610 1834 3682 γάρ
1866 3609 2077 3663 οὐδέπω

407 3704 596 3777 εῐρητο
644 3704 772 3774 περὶ
808 3703 909 3772 τῆς
945 3703 1182 3773 Σάρρας.

494 3791 710 3863 Ἐπειδὴ
744 3790 799 3844 δέ
832 3789 1016 3843 λοιπὸν
1047 3789 1140 3843 καὶ
1168 3788 1496 3861 τρανοτέραν
1529 3788 1720 3842 ἐλαϐεν
1752 3786 2083 3858 ἐπαγγελίαν

410 3883 544 3954 περὶ
583 3879 676 3933 τοῦ
718 3877 922 3935 Ἰσαὰκ.
957 3878 1052 3931 καὶ
1081 3876 1271 3948 χρόνος
1303 3877 1533 3949 ὡρίζετο
1579 3877 1656 3948 τῷ
1693 3877 1856 3949 τόκῳ,
1889 3877 2019 3948 πρὶν
2047 3877 2081 3949 ἢ

412 3971 576 4026 πάλιν
608 3968 772 4022 αὐτὸν
807 3966 1038 4037 ἡσθῆναι
1065 3968 1184 4028 ταῖς
1216 3964 1396 4019 ἐλπίσι
1425 3967 1672 4030 ταύταις,
1700 3966 1770 4021 τά
1800 3965 1908 4020 τῶν
1932 3966 2086 4020 Σοδο-

413 4056 590 4130 μιτῶν
621 4054 767 4126 πάθη
801 4052 999 4123 πολλὴν
1025 4052 1189 4106 αὐτοῦ
1214 4052 1469 4124 κατέχεεν
1491 4053 1729 4124 ἀθυμίας
1754 4052 1941 4124 ἀχλύν.
1962 4054 2086 4107 Ὅτι

413 4146 644 4219 γάρωύχ
666 4143 740 4206 ὼς
769 4142 926 4212 ἔτυχε
958 4140 1020 4194 τὸ
1049 4141 1280 4211 πρᾶγμα
1305 4141 1396 4194 τὸν
1424 4141 1630 4196 δίκαιον
1655 4142 1990 4213 διετάραξεν.
2024 4144 2088 4196 ἐκ

411 4233 526 4290 τῶν
567 4231 828 4304 ῥημάτων
857 4227 1034 4282 αὐτῶν
1068 4228 1161 4281 καὶ
1193 4228 1291 4299 τῆς
1324 4228 1620 4300 ἱκετηρίας,
1648 4229 1716 4300 ἢν
1744 4229 1885 4301 ὑπὲρ
1908 4229 2088 4283 αὐτῶν

416 4320 582 4390 ἔθηκε
622 4317 758 4387 πρὸς
810 4314 901 4368 τὸν
931 4313 1084 4377 Θεὸν,
1136 4314 1299 4367 παντί
1349 4331 1451 4367 που
1488 4313 1645 4385 δῆλόν
1685 4317 1798 4369 ἐστι
1824 4333 1837 4345 ·
1895 4316 1984 4368 ὅτε
2028 4316 2088 4368 δέ

416 4406 515 4461 καὶ
543 4401 934 4473 κατενεχθέντα
964 4400 1055 4453 τὸν
1108 4400 1543 4471 φρικωδέστατον
1580 4404 1787 4457 ἐκεῖνον
1831 4399 1966 4456 εἶδεν
2000 4404 2089 4456 ὑε-

413 4497 530 4560 τὸν,
594 4494 690 4548 καὶ
738 4492 916 4546 πάντα
966 4491 1115 4544 κόνιν
1165 4492 1258 4544 καὶ¹
1302 4491 1506 4565 τέφραν
1551 4492 1810 4566 ἐξαίφνης
1856 4512 2086 4567 γεγενη-

421 4583 579 4652 μένα,
603 4580 724 4634 ούδέ
757 4581 815 4631 ἐν
840 4577 1018 4648 ἐαυτῷ
1039 4577 1222 4630 λοιπὸν
1250 4574 1336 4649 ἦν.
1391 4580 1455 4632 Εἰ
1501 4580 1609 4652 γὰρ
1657 4581 1834 4644 οἰκίας
1855 4582 2089 4653 ὁρῶντες

419 4668 703 4742 πόρρωθεν
737 4665 1033 4737 καιομένας
1061 4663 1393 4736 ἐξιπάμεθα
1428 4669 1523 4722 καὶ
1551 4669 1967 4740 καταπίπτομεν
1985 4671 2089 4723 ὑπὸ

420 4753 519 4822 τῆς
547 4749 784 4819 ἀθυμίας
827 4749 922 4802 καὶ
961 4746 1054 4800 τοῦ
1090 4746 1277 4816 φόϐου,
1325 4749 1379 4801 τί
1431 4750 1531 4803 οὐκ
1562 4749 1627 4803 ἂν
1656 4749 1854 4804 ἔπαθεν
1886 4753 2090 4816 ἐκεῖνος

422 4837 605 4900 πόλεις
633 4836 762 4898 ὅλας
788 4837 883 4888 καὶ
913 4833 1095 4905 χώρας
1124 4833 1259 4905 μετά
1279 4834 1387 4887 τῶν
1418 4836 1716 4906 οἰκητόρων
1749 4838 1850 4890 οὐκ
1878 4841 2093 4910 ἐμπρη-

424 4925 548 4997 σμῷ
577 4924 656 4996 τῷ
688 4922 925 4994 συνήθει,
952 4922 1088 4975 ἀλλά
1122 4921 1256 4993 ξένῳ
1282 4923 1377 4976 καὶ
1404 4924 1618 4995 φοϐερῷ
1653 4927 2093 4997 κατακαιομένας

423 5014 607 5085 ὁρῶν;
653 5007 781 5083 'A9‘
806 5011 866 5063 ού
899 5009 1045 5063 δοκεῖ
1087 5027 1169 5064 σοι
1201 5010 1296 5064 τοῦ
1325 5011 1536 5064 δικαίου
1580 5012 1649 5066 τὰ
1681 5012 1825 5085 πάθη
1855 5014 1963 5066 τῶν
1998 5016 2094 5068 ἐπ-

427 5101 672 5171 αλλήλων
694 5101 751 5153 ἐν
781 5101 848 5170 τῇ
873 5096 1113 5169 Θαλάσσῃ
1149 5098 1406 5169 κυμάτων
1435 5099 1715 5169 μιμεῖσθαι
1743 5100 1803 5152 τὸ
1840 5103 2092 5173 συνεχές;

428 5186 697 5257 Καθάπερ
722 5185 829 5256 γὰρ
871 5187 1007 5245 ἐκεῖ.
1043 5183 1195 5237 οὔπω
1226 5185 1333 5237 τῶν
1368 5186 1647 5257 προτέρων
1670 5188 2093 5255 ἀφανισθέντων,

429 5269 761 5339 κορυφοῦται
782 5268 847 5321 τά
864 5266 1112 5338 δεύτερα,
1136 5266 1274 5320 οὕτω
1293 5268 1386 5321 καὶ
1403 5269 1493 5321 ἐπὶ
1516 5269 1610 5339 τῆς
1643 5269 1736 5323 τοῦ
1761 5270 1968 5324 δικαίου
1985 5274 2099 5326 τού-

430 5374 526 5410 του
560 5356 704 5426 ζωῆς
733 5353 906 5408 διόλου
937 5354 1234 5408 συνέϐαινε.
1260 5356 1369 5408 Καὶ
1398 5356 1504 5426 γάρ
1526 5356 1606 5410 ἔτι
1631 5356 1740 5412 τῶν
1767 5361 1825 5411 ἐν
1844 5359 2098 5430 Σοδόμοις

432 5443 785 5514 ἀκμαζόντων
799 5442 1002 5509 κακῶν,
1033 5444 1061 5495 6
1086 5443 1193 5495 τῶν
1212 5443 1466 5516 Γεράρων
1485 5443 1734 5513 βασιλεὺς
1758 5446 1826 5499 τά
1867 5446 2005 5502 αύτά
2022 5445 2099 5516 τῷ

431 5527 632 5602 Φαραὼ
654 5528 922 5599 τολμῆσαι
949 5529 1089 5583 κατὰ
1116 5529 1215 5600 τῆς
1243 5530 1459 5602 Σάρρας
1485 5533 1837 5605 ἐπεχείρησε·
1874 5534 1968 5588 καὶ
1990 5534 2098 5586 πά-

432 5620 516 5674 λιν
536 5620 571 5691 ἡ
599 5617 734 5688 γυνή
756 5617 854 5687 τήν
874 5615 1113 5689 ἐλεεινὴν
1134 5617 1421 5691 ὑπόκρισιν
1450 5621 1837 5693 ὑποκρίνεσθαι
1859 5622 2099 5693 ἠναγκά-

498 5786 527 5818 ³
548 5785 681 5837 (ζοιδ.
713 5786 756 5834 τί
797 5786 904 5848 οἴει,
927 5787 1098 5840 Morel.
1128 5789 1172 5837 τί
1198 5790 1286 5854 γὰρ
1306 5791 1411 5850 οἴει,
1436 5788 1585 5841 Savil.
1610 5791 1655 5841 τί
1686 5793 1761 5840 δαὶ
1785 5793 1888 5841 οἴει.

1151 352 1209 408 S.
1247 348 1534 409 JOANNIS
1566 339 2055 404 CHRYSOSTOMI
2091 339 2416 398 ARCIILEP.
2456 341 3002 401 CONSTANTINOP.

3705 340 3820 395 462

2151 454 2297 521 ζετο,
2325 458 2422 512 καὶ
2459 461 2493 530 ή
2532 458 2688 533 ὕϐρις
2718 460 2797 523 είς
2834 458 2993 530 ἔργον
3029 456 3248 529 ἐξῆλθεν
3274 455 3360 518 ἂν,
3399 458 3447 511 εί
3478 456 3554 528 μὴ
3598 456 3762 511 πάλιν
3787 457 3824 509 6

2148 544 2282 608 Θεὸς
2310 545 2653 601 διεκώλυσεν.
2697 545 2863 617 Ὁμοῦ
2893 546 2951 599 δέ
2968 544 3062 599 τοῦ
3092 544 3279 610 παιδὸς
3307 546 3399 598 καὶ
3440 545 3536 616 τῆς
3560 542 3825 612 γυναικὸς

2151 636 2248 689 καὶ
2276 634 2375 705 τῆς
2402 635 2578 698 οἰκίας
2605 634 2822 706 ἀπάσης
2839 633 3269 706 εὖφραινομένης
3294 632 3386 686 ἐπὶ
3406 631 3484 701 τῷ
3508 631 3601 685 τοῦ
3627 630 3827 694 παιδὸς

2151 723 2314 794 τόκῳ,
2340 723 2497 794 μόνος
2519 724 2548 775 6
2565 721 2769 785 δίκαιος
2799 724 2856 775 ἐν
2897 722 3054 794 ἡδονῇ
3084 721 3322 794 τοσαύτῃ
3341 718 3626 773 λυπεῖσθαι
3649 722 3829 789 ήναγο

2151 812 2348 876 χάζετο
2397 811 2488 865 καὶ
2545 812 2806 883 ἀθυμεῖν,
2840 812 2941 886 τὴν
2979 811 3255 883 παλλακὴν
3306 810 3443 881 μετά
3492 810 3586 864 τοῦ
3629 809 3829 872 παιδὸς

2154 900 2435 956 ἐκϐάλλειν
2466 901 2928 973 ἀναγκαζόμενος.
2958 902 3021 955 Εί
3043 901 3151 972 γάρ
3177 900 3270 954 καὶ
3294 899 3446 962 νόθος
3461 894 3529 971 ἦν
3550 896 3830 967 ὁἸσμιιήλ

2154 992 2250 1044 καὶ
2280 992 2344 1044 ἐκ
2371 990 2808 1064 παιδίσκης,ἀλλ’
2838 992 2988 1062 ὅμως
3015 993 3050 1061 ή
3079 991 3179 1062 τῆς
3206 990 3422 1060 φύσεως
3445 990 3704 1060 τυραννὶς
3734 987 3833 1041 06-

2154 1077 2242 1133 δέν
2282 1079 2391 1132 ἀπὸ
2424 1080 2521 1149 τῆς
2554 1079 2780 1146 ἀναξίας
2818 1081 2997 1151 ἥττων
3024 1077 3053 1118 δ
3084 1078 3314 1147 ἐγίνετο,
3349 1078 3469 1132 οὐδέ
3503 1075 3833 1133 ἀσθενεστέ-

2160 1185 2257 1240 ραν
2281 1169 2452 1224 ἐποίει
2480 1169 2573 1240 τὴε.
2597 1168 2705 1223 τῶν
2726 1167 3005 1241 πατρικῶν
3030 1167 3349 1239 σπλάγχνων
3378 1167 3619 1237 ἀνάγκην
3635 1168 3669 1237 ή
3700 1166 3834 1220 δυσ-

2157 1256 2344 1329 γένεια
2369 1258 2469 1328 τῆς
2512 1258 2716 1330 μητρός
2732 1275 2745 1289 ·
2774 1260 2869 1312 καὶ
2891 1257 3050 1311 τοῦτο
3069 1257 3163 1312 ἀπ’
3174 1258 3342 1329 αὐτῆς
3361 1256 3462 1328 τῆς
3490 1255 3681 1310 Βίϐλου
3712 1254 3834 1308 ἐστι

2162 1347 2371 1419 μαθεῖν.
2388 1347 2448 1400 ὐ
2476 1345 2584 1419 γάρ
2607 1346 2833 1417 στερρὸς
2853 1346 2948 1400 καὶ
2970 1345 3229 1418 ἀνδρεῖος,
3258 1345 3287 1398 6
3306 1344 3396 1399 τὸν
3422 1343 3687 1416 μονογενῆ
3706 1346 3836 1407 ταῖς

2159 1434 2388 1498 οἰκείαις
2433 1432 2866 1504 καταδεξάμενος
2890 1432 3091 1503 σφάξαι
3112 1432 3320 1505 χερσὶν,
3346 1427 3501 1496 οὗτος
3524 1432 3705 1504 ἤλγει,
3741 1433 3835 1485 ὅτε

2162 1519 2312 1594 αύτῷ
2338 1520 2510 1575 ταῦτα
2552 1521 2853 1575 ἐπέταττεν
2895 1523 2929 1592 ἡ
2963 1522 3122 1592 γυνὴ,
3155 1521 3252 1575 καὶ
3282 1520 3389 1573 οὐδ’
3430 1519 3495 1574 ἂν
3536 1517 3676 1585 εἶξεν
3721 1519 3835 1572 οὐδ’

2161 1608 2228 1663 ἂν
2262 1608 2489 1680 ἐπείσθη
2531 1611 2597 1680 τῇ
2643 1609 2850 1681 Σάρρᾳ,
2891 1608 3067 1661 καίτοι
3107 1607 3328 1661 πλείονα
3357 1608 3480 1660 τότε
3517 1606 3837 1679 παρρησίαν

2163 1697 2382 1769 ἐχούσῃ,
2429 1697 2524 1751 καὶ
2565 1697 2796 1769 λεγούσῃ
2826 1697 2965 1766 πρὸς
2999 1695 3183 1762 αὑτὸν,
3216 1697 3264 1749 εί
3307 1696 3381 1766 μὴ
3433 1694 3640 1765 σφόδρα
3665 1694 3837 1748 αὐτὸν

2162 1785 2194 1839 6
2237 1784 2331 1840 τοῦ
2371 1784 2508 1838 Θεοῦ
2559 1785 2724 1853 φόϐος
2771 1784 3142 1854 κατέκαμψεν.
3203 1784 3362 1836 ’Ὥστε
3401 1783 3528 1836 ὅταν
3569 1781 3839 1855 ἀκούσῃς,

2163 1873 2246 1927 ὅτι
2285 1870 2381 1926 τοῦ
2408 1871 2543 1925 Θεοῦ
2576 1870 2929 1936 κελεύσαντος
2960 1871 3254 1942 ἐξέπεμπε,
3287 1872 3362 1942 μὴ
3398 1871 3498 1941 τήν
3526 1869 3723 1940 ὀδύνην
3755 1870 3845 1924 λε.-

2164 1959 2358 2014 λύσθαι
2396 1958 2547 2032 [194]
2580 1958 2766 2030 νόμιζε
2793 1958 2972 2028 (τοῦτο
3005 1959 3114 2031 γὰρ
3139 1958 3397 2015 ἀδύνατον
3417 1954 3528 2030 ἦν),
3569 1957 3711 2013 ἀλλὰ
3742 1958 3846 2030 τὴν

2168 2043 2406 2118 σφοδράν
2430 2044 2676 2118 ὑπακοὴν
2703 2043 3001 2116 θαύμασον,
3024 2045 3107 2099 ὃτι
3132 2044 3226 2099 καὶ
3246 2044 3350 2096 ὑπὸ
3374 2044 3471 2114 τῆς
3494 2042 3847 2114 συμπαθείας

2167 2132 2551 2205 καμπτόμενος
2573 2143 2596 2172 α
2626 2134 2725 2187 οὐκ
2747 2132 3001 2202 ἀντέλεγε
3030 2131 3108 2204 τῷ
3128 2132 3267 2203 Θεῷ,
3299 2132 3411 2186 ἀλλ’
3434 2131 3713 2202 ἐξέπεμπε
3744 2132 3852 2202 μὲν

2166 2219 2230 2273 τὸ
2271 2220 2483 2275 παιδίον
2516 2220 2656 2290 μετὰ
2689 2220 2791 2292 τῆς
2825 2221 3056 2293 μητρὸς,
3088 2221 3209 2275 οὐδὲ
3237 2221 3359 2275 ὅποι
3407 2220 3741 2293 πορεύσεται
3771 2225 3853 2275 εί-

2168 2308 2295 2373 δὼς,
2327 2310 2615 2383 ἐκαρτέρει
2673 2309 2730 2365 δὲ
2771 2310 2866 2363 καὶ
2895 2309 3138 2381 ἠνείχετο
3174 2307 3536 2380 ὀδυνώμενος·
3578 2310 3704 2364 οὐδὲ
3737 2311 3853 2383 γὰρ

2168 2402 2269 2474 τῆς
2301 2402 2516 2473 φύσεως
2542 2402 2807 2474 κρείττων
2838 2398 2925 2475 ἦν.

2243 2490 2311 2547 θ’.
2342 2490 2511 2545 Τοῦτο
2532 2491 2590 2544 δέ
2613 2491 2707 2545 καὶ
2724 2491 2816 2545 ἐπὶ
2831 2491 2925 2545 τοῦ
2947 2490 3169 2561 γνησίου
3193 2489 3380 2554 παιδὸς
3399 2488 3591 2543 έπαθε.
3618 2489 3716 2561 Μὴ
3738 2496 3851 2565 γάρ

2173 2595 2256 2644 τις
2276 2578 2500 2648 λεγέτω.
2525 2579 2605 2634 ὅτι
2626 2580 2728 2633 ούκ
2746 2579 2922 2652 ἤλγει,
2945 2580 3067 2633 ούδέ
3082 2578 3152 2632 τά
3167 2576 3276 2631 τῶν
3293 2577 3542 2650 πατέρων
3561 2579 3851 2649 ὑπέμεινε,

2177 2668 2313 2740 μηδέ
2334 2669 2476 2740 πέρα
2492 2667 2584 2722 τοῦ
2607 2668 2806 2740 μέτρου
2826 2669 2996 2734 δεῖξαι
3017 2669 3339 2740 βουλόμενος
3352 2667 3774 2737 φιλοσοφοῦντα,
3793 2667 3853 2720 τὸ

2176 2755 2466 2825 κεφάλαιον
2483 2758 2685 2810 ἀποστε
2693 2756 2853 2828 ρείτω
2873 2756 2980 2809 τῶν
2997 2758 3290 2827 ἐγκωμίων
3305 2755 3487 2809 αὐτόν.
3512 2756 3577 2808 El
3590 2754 3705 2826 γὰρ
3726 2756 3853 2817 τοὺς

2175 2846 2270 2900 ἐπὶ
2310 2848 2424 2909 τοῖς
2464 2845 2763 2916 αἰσχίστοις
2808 2846 3053 2911 ἁλόντας,
3092 2846 3188 2900 καὶ
3219 2844 3386 2900 πολὺν
3416 2844 3610 2916 χρόνον
3645 2843 3855 2913 ταύτης

2175 2933 2589 2999 ἀπολαύσαντας
2615 2935 2716 3006 τῆς
2735 2931 2898 3006 ζωῆς,
2929 2935 3024 2988 καὶ
3064 2934 3312 3004 ἀγνῶτας
3357 2932 3536 2996 ὄντας,
3590 2934 3691 2985 καὶ
3733 2932 3853 2985 οὐδὲ

2175 3022 2437 3091 ὀφθέντας
2484 3024 2615 3095 ήμίν
2654 3038 2805 3087 ποτε,
2839 3021 3061 3087 τούτους
3093 3023 3352 3092 ἐξαίφνης
3377 3021 3612 3093 ὁρῶντες
3635 3020 3736 3073 ἐπὶ
3760 3019 3857 3089 τῆς

2177 3112 2383 3182 ἀγορᾶς
2406 3111 2504 3182 τὴν
2564 3111 2657 3164 ἐπὶ⁵
2722 3110 2951 3164 θάνατον
3013 3110 3395 3181 ἀπαγομένους
3446 3107 3856 3178 συπελλόμεθα

2178 3199 2273 3252 καὶ
2307 3198 2603 3270 άλγοῦμεν,
2641 3197 2900 3263 πολλάκις
2929 3198 2986 3252 δὲ
3029 3199 3125 3252 καὶ
3156 3196 3493 3270 δακρύομενο
3535 3198 3568 3249 6
3596 3196 3692 3249 τὸν
3744 3197 3855 3249 υίὸν

2179 3284 2343 3338 αὑτοῦ
2381 3285 2472 3338 τὸν
2493 3286 2726 3357 γνήσιον¹
2759 3286 2854 3338 τὸν
2880 3285 3165 3355 μονογενῆ,
3197 3284 3290 3338 τὸν
3320 3284 3447 3355 παρ’
3462 3282 3689 3346 ἐλπίδας
3716 3282 3745 3322 ει
3775 3299 3858 3335 τεο

2180 3372 2396 3443 χθέντα,
2422 3373 2514 3426 τὸν
2545 3374 2679 3442 μετὰ
2702 3373 2892 3445 χρόνον
2916 3372 3190 3436 τοσοῦτον,
3206 3372 3299 3426 τὸν
3316 3370 3450 3443 πρὸς
3465 3371 3684 3441 ἐσχάτῳ
3712 3372 3863 3442 γήρᾳ

2183 3461 2429 3534 (καὶγὰρ
2477 3462 2572 3515 καὶ
2611 3461 2785 3515 ταῦτα
2831 3460 3052 3533 μείζονα
3079 3461 3222 3533 αίρει
3268 3461 3368 3532 τὴν
3409 3458 3628 3529 φλόγα),
3666 3458 3861 3512 τοῦτον

2183 3547 2262 3601 ἐτι
2285 3549 2402 3604 νέον
2431 3550 2559 3604 δντα
2586 3552 2706 3613 ταῖς
2728 3549 2918 3603 ἐαυτοῦ
2947 3549 3103 3621 χερσὶ
3126 3546 3426 3602 καταθῦσαι
3461 3549 3557 3601 καὶ
3578 3544 3865 3601 κατακαῦ-

2184 3656 2275 3691 σαι
2307 3638 2678 3708 κελευόμενος,
2715 3637 2865 3693 οὐδὲν
2908 3636 3244 3710 ἀνθρώπινον
3287 3634 3488 3701 έπαθε;
3530 3634 3628 3689 καὶ
3654 3636 3717 3688 τί
3756 3634 3867 3690 τῶν

2183 3729 2357 3785 ταῦτα
2393 3730 2659 3800 λεγόντων
2702 3729 3265 3800 καταγελαστότερονς
3322 3727 3387 3780 Et
3432 3728 3541 3798 γὰρ
3573 3725 3728 3790 λίθος
3770 3722 3866 3797 ἦν,

2186 3822 2235 3873 εί
2261 3820 2368 3892 γὰρ
2404 3819 2639 3892 σίδηρος,
2678 3820 2726 3873 εί
2759 3819 2867 3890 γὰρ
2902 3818 3247 3890 αὐτοαδάμας
3269 3828 3316 3882 ο,
3365 3818 3467 3870 οὐκ
3495 3816 3564 3869 ἀν
3591 3816 3870 3886 ἐκάμφθη

2187 3912 2280 3964 καὶ
2307 3908 2648 3980 κατεκλάσθη
2681 3908 2818 3979 πρὸς
2847 3907 2946 3979 τὴν
2968 3906 3115 3977 ὥραν
3142 3906 3237 3960 τοῦ
3268 3905 3455 3968 παιδὸς
3486 3905 3607 3974 (καὶ
3646 3906 3771 3974 γάρ
3800 3902 3873 3978 ἦν

2187 3999 2317 4052 αὐτὸ
2340 3998 2440 4069 τῆς
2469 3996 2684 4068 ἡλικίας
2716 3996 2777 4049 τὸ
2805 3995 2966 4059 ἄνθος
2996 3994 3185 4065 ἄγων),
3207 3994 3344 4067 πρὸς
3373 3992 3474 4063 τὴν
3500 3993 3727 4046 σύνεσιν
3760 3995 3875 4048 τῶν

2189 4086 2468 4159 ῥημάτων,
2485 4086 2622 4157 πρὸς
2643 4084 2743 4157 τὴν
2768 4083 3051 4137 εὐλάϐειαν
3077 4081 3178 4152 τῆς
3202 4083 3380 4153 ψυχῆς
3397 4098 3412 4147 ;
3430 4081 3488 4135 Ἦ
3496 4082 3753 4153 ρώτησεν
3774 4078 3877 4137 οὖν

2185 4173 2277 4226 τὸν
2315 4172 2526 4244 πατέρα
2578 4172 2752 4240 λέγων
2770 4189 2783 4203 '
2821 4170 2971 4225 Ἰδοὺ
3011 4171 3085 4223 τὰ
3113 4169 3272 4235 ξύλα
3306 4168 3407 4223 καὶ
3454 4169 3519 4223 τὸ
3552 4170 3705 4237 πῦρ,
3747 4170 3877 4224 ποῦ

2186 4262 2320 4316 ἐστι
2370 4261 2437 4314 τὸ
2489 4261 2819 4328 πρόϐατον;
2876 4259 3108 4329 ήκουσεν
3157 4256 3273 4321 ὅτι,
3332 4257 3397 4309 '0
3458 4257 3605 4322 Θεὸς
3648 4257 3881 4326 ὄψεται

2188 4348 2379 4415 ἐαυτῷ
2423 4349 2720 4416 πρόϐατον
2763 4348 2852 4412 είς
2895 4344 3336 4413 ὀλοκάρπωσιν,
3378 4339 3426 4399 ὧ
3460 4343 3718 4398 τέκνον·
3779 4348 3883 4400 καὶ

2187 4438 2340 4492 οὐδὲν
2371 4436 2797 4509 περιειργάσατο
2837 4434 3019 4488 πλέον.
3062 4433 3243 4506 Ἐώρα
3272 4434 3362 4487 τὸν
3394 4433 3608 4505 πατέρα
3632 4434 3885 4506 δεσμεύ-

2189 4542 2319 4579 οντα
2347 4526 2531 4589 αὐτὸν,
2565 4525 2658 4578 καὶ
2694 4523 2796 4577 οὐκ
2826 4521 3159 4579 ἀντέτεινενο
3193 4521 3421 4593 ἐπετέθη
3461 4520 3482 4560 ἲ
3512 4525 3633 4585 τοῖς
3665 4523 3883 4589 ξύλοις,

2191 4615 2285 4669 καὶ
2327 4614 2429 4668 οὐκ
2477 4613 2827 4684 ἀπεπήδησεν
2847 4627 2863 4642 ο
2903 4607 3011 4664 εἶδε
3064 4610 3162 4682 τὴν
3211 4611 3481 4683 μάχαιραν
3524 4610 3651 4664 κατ’
3706 4612 3885 4665 αὐτοῦ

2192 4702 2519 4773 φερομένην,
2554 4701 2648 4754 καὶ
2668 4701 2767 4754 οὐκ
2810 4699 3108 4771 ἐταράχθη.
3145 4699 3210 4751 Τί
3237 4699 3440 4770 ταύτης
3469 4697 3887 4771 εὐλαϐέστερον

2191 4790 2387 4858 γένοιτ’
2434 4789 2499 4842 ἂν
2543 4788 2645 4857 τῆς
2704 4787 2917 4858 ψυχῆςς
2969 4789 3090 4841 Ἔτι
3139 4782 3232 4842 οὖν
3274 4788 3528 4858 τολμήσει
3563 4804 3651 4851 τις
3702 4791 3890 4842 εἰπεῖν

2192 4881 2269 4943 ὡς
2318 4879 2472 4933 οὐδὲν
2516 4877 2623 4932 ὑπὸ
2665 4878 2870 4931 τούτων
2921 4878 3175 4931 ἀπάντων
3225 4874 3423 4930 ἔπαθεν
3475 4877 3504 4928 6
3571 4876 3889 4948 Ἀϐραάμ;

2193 4969 2258 5021 El
2286 4968 2396 5040 γὰρ
2432 4966 2625 5038 ἐχθρὸν
2658 4966 2751 5020 καὶ
2789 4965 3042 5035 πολέμιον
3077 4963 3367 5018 καταθύειν
3394 4962 3635 5035 ἔμελλεν.
3685 4968 3744 5017 εἰ
3780 4967 3892 5039 γὰρ

2194 5055 2382 5127 θηρίον
2418 5051 2506 5128 ἦν,
2545 5051 2653 5126 ἆρα
2682 5055 2748 5109 ἂν
2778 5054 3040 5126 ἀναλγητὶ
3068 5053 3243 5108 ταῦτα
3276 5052 3562 5124 ἐποίησεν;
3604 5054 3737 5107 Οὐκ
3772 5056 3895 5109 ἐστι

2145 5197 2152 5205 ,
2194 5143 2385 5210 ταῦτα,
2423 5145 2523 5197 οὐκ
2551 5142 2698 5196 ἐστι·
2743 5143 2818 5213 μὴ
2850 5141 3116 5213 τοσαύτην
3153 5140 3411 5212 ὠμότητα
3451 5141 3767 5213 καταγνῷς
3797 5142 3896 5196 τοῦ

2195 5234 2400 5290 δικαίου
2425 5250 2438 5263 ο
2474 5234 2565 5287 καὶ
2589 5231 2700 5303 γὰρ
2731 5231 2887 5302 ἤλγει
2915 5230 3009 5284 καὶ
3029 5229 3359 5284 διεκόπτετο.
3391 5229 3446 5281 '0
3471 5229 3643 5295 Θεὸς,
3688 5232 3896 5300 φησὶν,

2198 5477 2221 5529 ζ
2258 5410 2287 5448 δ
2309 5411 2481 5461 Morel.
2508 5412 2642 5460 οὐδὲν
2661 5411 2756 5461 ἀπὸ
2773 5416 2857 5469 τῆς
2878 5409 3065 5465 ἀναξίας
3083 5409 3257 5468 ἥττων,
3283 5405 3368 5455 alii
3393 5406 3487 5454 ἀπὸ
3504 5409 3592 5463 τῆς
3612 5406 3772 5463 ἀξίας
3799 5407 3905 5470 μεί.

2223 5490 2305 5521 ων.

2223 5490 2305 5521 ων.

2260 5538 2282 5565 θ
2311 5535 2405 5599 Pro
2424 5538 2770 5599 καμπτόμενος,
2791 5534 2917 5599 leg};
2939 5531 3493 5599 ngil._§tax6m6p§vg¢.

2260 5599 2288 5635 (ί
2318 5598 2469 5648 Savil.
2492 5590 2547 5647 bl
2568 5590 2705 5650 Cdlb.
2730 5590 3070 5659 παρ”ἐλπίδας,
3092 5593 3263 5643 Morel.
3285 5590 3395 5656 παρ’
3418 5590 3605 5659 ἐλπίδα.

2259 5660 2280 5681 ⁸
2304 5660 2457 5711 Savil.
2480 5663 2703 5722 immarg.
2730 5650 2870 5714 αὐτὸς
2897 5659 2924 5705 6
2942 5650 3143 5717 ἀδάμας,
3163 5661 3215 5705 ιιι
3237 5650 3377 5706 texui
3400 5661 3449 5704 el
3471 5650 3607 5703 Colb,
3636 5653 3909 5705 αὖτοαῶ-

2202 5736 2308 5783 μας,
2335 5724 2509 5773 Morel.
2529 5724 2669 5778 αὐτὸς
2687 5724 2763 5772 ἅδ.

2268 5780 2287 5820 τ
2317 5788 2604 5849 Elegantius
2623 5786 2769 5836 Savil.
2795 5781 3011 5840 ἐπετάθη.
