4036 6416
308 385 401 442 ιδι

306 517 528 574 quarum
561 499 798 556 omnium
817 511 1061 568 suprema
1093 502 1175 550 est
1202 492 1472 555 sterilitas,
1501 497 1778 555 metusque
1807 483 1872 537 il-

306 598 357 649 le
376 609 443 648 ex
483 608 545 648 ea
574 592 660 646 die
695 598 907 645 nostros
955 587 1161 641 animos
1213 584 1463 654 exagitat.
1496 578 1648 648 Quod
1677 579 1721 631 si
1747 590 1879 631 con-

304 686 475 756 tingat
506 694 625 753 post
655 681 1046 737 matrimonium
1096 678 1408 733 solemniter
1448 681 1740 742 peractum.
1767 668 1877 738 pri-

303 792 451 831 mum
481 786 532 830 et
550 773 839 829 secundum
892 772 1005 826 sive
1056 770 1266 824 tertium
1297 782 1492 821 annum
1540 763 1653 817 sine
1697 758 1879 815 liberis

305 870 551 933 transire,
578 876 704 921 tune
722 864 831 935 jam
855 872 1074 933 augetur
1107 862 1280 923 dolor,
1309 873 1370 913 ac
1398 858 1516 913 ficta
1544 869 1664 925 spes
1688 851 1880 907 minui-

302 968 407 1015 tur.
443 958 646 1012 Rursus
671 957 851 1025 elapso
882 953 1069 1022 majori
1102 961 1341 1020 tempore
1378 947 1594 1003 omnino
1635 959 1758 1014 spes
1781 956 1879 996 nos

302 1051 391 1105 illa
417 1049 634 1113 deserit,
666 1047 811 1102 solus
840 1060 1036 1100 mceror
1065 1044 1298 1097 animum
1327 1047 1569 1109 occupat,
1598 1037 1881 1105 omniaque

303 1142 424 1195 vita:
448 1138 679 1211 jucunda
706 1137 864 1191 simul
927 1134 1264 1196 obuubilans,
1306 1132 1504 1186 nullum
1534 1129 1688 1183 nobis
1724 1128 1878 1181 volu-

305 1243 462 1302 ptatis
501 1247 717 1287 sensum
766 1230 1041 1300 permittit.
1074 1227 1255 1297 Itaque
1280 1225 1379 1280 etsi
1408 1224 1537 1277 nihil
1574 1221 1881 1291 contigisset

306 1322 541 1389 adversi,
572 1329 866 1390 cunctaque
888 1319 953 1373 ad
975 1326 1155 1373 votum
1180 1316 1584 1379 successissent,
1619 1312 1719 1365 ista
1740 1310 1877 1365 libe-

304 1429 485 1468 rorum
512 1412 710 1466 orbitas
734 1412 872 1467 Izetis
898 1410 1001 1464 illis
1026 1409 1184 1465 rebus
1212 1406 1444 1468 admota,
1475 1402 1879 1459 eunctamillam

305 1503 710 1573 prosperitatem
760 1501 1033 1556 obnubere
1082 1514 1145 1554 ac
1172 1498 1406 1567 dejicere
1436 1495 1546 1549 sola
1598 1493 1876 1562 potuisset.

303 1596 735 1665 Nampromissio
758 1595 845 1649 illa
870 1594 1047 1648 divina
1076 1592 1143 1647 ad
1186 1601 1479 1646 extremam
1529 1593 1877 1649 senectutem,

304 1687 517 1756 quando
576 1685 807 1739 maxime
845 1682 1225 1752 desperabatur
1269 1678 1479 1748 impleri
1529 1691 1703 1747 posse,
1744 1676 1881 1729 facta

306 1790 389 1836 est
418 1798 432 1846 ;
462 1780 624 1849 priori
652 1787 831 1832 autem
858 1784 968 1830 toto
1012 1783 1256 1843 tempore
1285 1788 1313 1825 a
1350 1772 1495 1825 luctu
1553 1776 1609 1823 et
1650 1782 1881 1821 mmrore

307 1884 594 1939 numquam
621 1875 931 1923 vacaverat:
965 1874 1267 1935 quantoque
1293 1860 1521 1930 amplius
1539 1858 1719 1928 augeri
1744 1857 1879 1911 divi-

309 1964 408 2018 tias
449 1962 681 2024 videbat,
734 1968 879 2014 tanto
928 1957 1141 2028 lugebat
1186 1952 1577 2017 vehementius,
1624 1964 1747 2004 cum
1776 1963 1881 2001 non

309 2062 469 2116 esset,
495 2051 684 2123 quihis
728 2049 974 2104 omnibus
1026 2045 1357 2102 succederet.
1388 2042 1524 2111 Quid
1569 2056 1697 2096 vero
1731 2040 1881 2094 illum

309 2157 434 2201 tunc
476 2160 686 2214 passum
748 2151 923 2213 putas,
997 2139 1210 2211 quando
1258 2137 1504 2192 audivit:
1552 2134 1883 2205 Peregrinum

308 2239 399 2292 erit
425 2246 743 2292 sementuum
769 2236 821 2288 in
862 2244 995 2287 terra
1038 2248 1139 2285 non
1164 2248 1276 2295 sua,
1320 2229 1443 2283 etin
1479 2228 1760 2281 servitutem
1800 2241 1882 2279 eos

308 2332 552 2400 redigent,
575 2338 621 2382 et
650 2328 866 2399 aﬁiiqrnt
891 2368 905 2390 ,
931 2334 1078 2393 atque
1105 2323 1437 2376 humiliabunt
1469 2320 1614 2373 annis
1634 2318 1882 2388 quadrin-

306 2421 466 2491 gentis
495 2420 513 2490 (
544 2417 671 2473 Gen.
723 2420 809 2472 15.
843 2417 908 2470 I3
938 2415 956 2487 )
984 2415 1006 2468 ?
1034 2414 1177 2470 Uxor
1226 2423 1402 2468 autem
1446 2412 1688 2465 ancillam
1733 2424 1882 2463 suam

310 2526 448 2565 nunc
465 2511 561 2565 viri
600 2508 932 2578 amplexibus
971 2507 1221 2576 jungens,
1277 2518 1417 2558 nunc
1448 2513 1562 2570 post
1600 2517 1718 2556 eam
1749 2516 1881 2555 cou-

306 2602 634 2672 junctionem
682 2597 1195 2666 expostulationibus
1240 2596 1387 2648 illum
1432 2603 1485 2648 et
1535 2591 1884 2662 querimoniis

308 2696 531 2764 agitans,
561 2694 832 2760 Deumque
857 2690 1111 2745 adversus
1149 2703 1271 2743 eum
1302 2701 1516 2749 vocans,
1548 2693 1601 2739 et
1627 2699 1743 2739 eam
1766 2698 1884 2752 qua:

316 2786 414 2840 tori
444 2785 707 2854 particeps
748 2782 937 2848 fuerat,
967 2796 1086 2836 cum
1121 2780 1230 2849 jam
1260 2780 1423 2833 tilium
1451 2778 1683 2846 paritura
1719 2782 1880 2840 esset,

308 2876 468 2931 domo
489 2876 775 2929 deturbare
794 2889 1007 2943 cogens,
1032 2887 1311 2943 quemnam
1336 2871 1386 2923 in
1417 2883 1700 2924 maerorem
1730 2881 1883 2919 acer—

309 2970 585 3025 bissimum
619 2984 723 3022 non
771 2965 1190 3037 prmcipitasset?
1223 2965 1320 3017 Ista
1364 2962 1518 3017 sicui
1550 2960 1774 3015 fortasse
1800 2958 1879 3013 lc-

309 3061 393 3114 via
419 3059 685 3125 videntur,
715 3059 759 3112 is
789 3073 908 3111 cum
955 3056 1265 3126 cogitaverit
1313 3053 1539 3106 familias
1583 3060 1639 3106 et
1693 3050 1883 3104 domos

311 3154 540 3223 integras
570 3152 756 3206 harum
780 3167 956 3206 rerum
997 3165 1153 3204 causa
1177 3149 1369 3217 sacpius
1418 3161 1650 3208 eversas,
1679 3143 1882 3212 justum

311 3244 461 3299 illum
506 3244 870 3298 admirabitur.
928 3243 1040 3297 Etsi
1090 3242 1232 3296 enim
1267 3239 1468 3293 timoris
1517 3236 1679 3291 divini
1728 3249 1885 3290 causa

310 3332 518 3388 fortiter
539 3333 741 3388 ferebat
765 3333 963 3398 omnia,
989 3334 1148 3386 homo
1172 3341 1346 3384 tamen
1387 3335 1520 3388 erat,
1561 3336 1614 3380 et
1636 3327 1699 3380 iis
1728 3324 1886 3379 rebus

310 3440 415 3479 non
443 3433 647 3495 poterat
667 3440 771 3479 non
798 3424 919 3493 angi
948 3433 1107 3492 atque
1133 3419 1376 3476 cruciari.
1404 3420 1606 3472 Rursus
1638 3426 1814 3471 autem
1834 3417 1886 3469 in

311 3518 524 3573 domum
546 3517 737 3571 ancilla
759 3515 1079 3587 regreditur,
1110 3514 1290 3581 illique
1317 3512 1536 3565 nothum
1578 3510 1733 3579 parit,
1766 3507 1884 3563 effi-

312 3610 553 3678 citurque
593 3608 862 3661 Abraham
909 3617 1062 3676 pater
1119 3614 1237 3674 post
1287 3602 1415 3657 illud
1453 3604 1586 3655 adeo
1626 3601 1885 3669 prolixum

314 3710 523 3770 tempus
555 3717 567 3753 :
610 3700 881 3767 ineratque
904 3699 983 3753 rei
1025 3698 1267 3765 voluptas
1312 3693 1575 3764 qumdam,
1607 3692 1697 3746 sed
1721 3691 1889 3760 major

314 3806 471 3845 causa
499 3790 719 3844 doloris.
749 3789 957 3843 Nothus
1002 3788 1143 3842 enim
1193 3787 1281 3839 ille
1308 3785 1445 3837 filius
1489 3783 1705 3853 legitimi
1765 3797 1886 3835 eum

315 3882 655 3948 admonebat,
706 3881 980 3951 majusque
1051 3881 1188 3933 illius
1230 3877 1553 3933 desiderium
1602 3875 1885 3943 injiciebat.

316 3973 465 4039 Quod
486 3973 626 4028 enim
651 3973 727 4025 illi
753 3972 949 4027 dictum
975 3982 1088 4025 erat
1120 3989 1132 4024 :
1159 3970 1280 4023 Non
1326 3970 1419 4022 erit
1448 3968 1535 4021 ille
1563 3968 1721 4019 [iteres
1749 3975 1885 4030 tuus,

316 4066 403 4118 sed
424 4065 507 4134 qui
526 4064 810 4132 egredietur
834 4079 895 4116 ea:
922 4072 967 4115 te
993 4064 1008 4129 (
1034 4060 1170 4114 Ibid.
1195 4061 1267 4131 4)
1294 4103 1307 4126 ,
1349 4061 1414 4113 de
1442 4058 1663 4112 Ismaele
1691 4058 1887 4111 dictum

318 4160 482 4214 fuisse
517 4158 871 4213 arbitrabatur
905 4174 917 4210 :
955 4158 1154 4211 nullum
1195 4156 1334 4209 enim
1384 4166 1606 4208 eatenus
1652 4152 1718 4207 de
1760 4152 1890 4206 Sara

317 4266 630 4321 responsum
656 4259 953 4318 acceperat.

390 4343 727 4398 Sodomorum
770 4342 937 4395 clades
987 4341 1181 4395 occasio
1220 4338 1445 4392 maeroris
1483 4336 1789 4390 Abrahamo.
1824 4363 1894 4374 —

317 4442 446 4496 Cum
480 4453 611 4495 vero
637 4436 848 4492 demum
878 4436 1155 4489 clariorem
1186 4433 1252 4487 de
1298 4432 1441 4486 Isaac
1491 4429 1893 4499 promissionem

320 4531 629 4600 accepisset,
653 4538 964 4597 tempusque
1004 4534 1188 4593 partus
1216 4524 1487 4577 definitum
1522 4529 1680 4583 esset,
1712 4531 1895 4571 rursus

319 4634 597 4693 antequam
629 4623 742 4690 ejus
761 4620 872 4690 spei
900 4619 1222 4687 voluptatem
1254 4615 1411 4669 ullam
1452 4612 1692 4675 sentiret,
1723 4608 1896 4661 Sodo-

323 4730 529 4768 morum
559 4712 735 4768 clades
770 4712 1035 4779 ingentem
1062 4707 1134 4761 illi
1150 4704 1394 4759 mmroris
1424 4702 1668 4756 nebulam
1688 4698 1893 4752 offudit.

321 4807 452 4864 Nam
482 4806 621 4877 quod
650 4821 734 4858 res
766 4805 876 4873 ipsa
901 4802 1098 4872 justum
1123 4800 1292 4851 virum
1331 4795 1612 4850 immodice
1648 4792 1895 4847 turbave—

321 4901 412 4964 rit,
444 4914 510 4952 ex
542 4896 717 4949 verbis
747 4894 849 4948 illis
878 4908 939 4946 ac
966 4907 1121 4961 prece
1148 4905 1305 4959 quam
1336 4903 1431 4957 pro
1460 4888 1536 4941 eis
1560 4882 1899 4948 fudit,omni-

330 4992 430 5043 bus
458 4986 695 5058 profecto
725 4994 951 5039 constat.
980 4982 1110 5037 Cum
1154 4996 1281 5036 vero
1322 4981 1526 5049 lapsum
1556 4995 1586 5032 e
1630 4976 1767 5031 caelo
1795 4974 1896 5028 im-

324 5084 472 5137 brem
497 5082 643 5136 illum
666 5081 884 5134 omnino
915 5077 1203 5132 terribilem
1232 5084 1494 5138 cerneret,
1526 5084 1818 5140 cunctaque
1846 5072 1897 5124 in

325 5175 596 5245 pulverem
626 5180 678 5226 et
698 5172 930 5226 cinerem
976 5183 1252 5230 conversa,
1285 5182 1454 5235 neque
1488 5166 1538 5218 iu
1585 5164 1761 5232 seipsu
1787 5163 1896 5231 jam

325 5280 462 5322 erat.
494 5266 620 5320 Nam
644 5265 686 5319 si
704 5280 822 5319 cum
850 5263 1033 5333 procul
1085 5261 1271 5315 domos
1313 5260 1515 5327 aliquas
1573 5256 1900 5325 conflagrare

328 5358 575 5415 incendio
608 5357 868 5420 videmus,
894 5364 1168 5422 stupemus
1207 5366 1269 5404 ac
1296 5351 1481 5403 dolore
1534 5348 1850 5401 conficimur
1883 5362 1897 5399 :

330 5454 454 5521 quid
497 5452 639 5505 illum
667 5465 876 5519 passum
905 5446 1243 5503 arbitremur,
1270 5445 1425 5497 urbes
1476 5442 1704 5508 integras
1731 5449 1783 5494 et
1814 5454 1901 5492 re-

331 5544 512 5612 giones
538 5558 657 5597 cum
689 5538 1072 5594 habitatoribus
1103 5534 1346 5589 incendio
1367 5549 1469 5586 non
1502 5540 1776 5594 consueto,
1810 5528 1903 5582 sed

335 5651 472 5690 novo
498 5651 559 5689 ac
586 5633 802 5688 terribili
857 5630 1046 5685 ardere
1094 5626 1544 5694 εοηενίεῑωιιθιηῖ
1578 5626 1657 5677 An
1685 5624 1775 5676 tibi
1801 5638 1902 5675 non

334 5728 541 5779 videtur
562 5726 687 5793 justi
731 5725 883 5792 hujus
908 5722 1127 5776 affectus
1159 5733 1433 5788 mquorcos
1474 5717 1905 5784 decumanosque

339 5818 521 5874 ﬂuetus
560 5817 802 5871 imitari?
845 5813 991 5870 Sicut
1022 5813 1162 5869 enim
1205 5814 1256 5866 in
1304 5809 1434 5866 mari
1486 5818 1768 5879 antequam
1804 5807 1902 5860 flu-

1165 374 1256 430 AD
1291 371 1661 431 STAGIRIUM
1705 369 1742 422 Α
1787 365 2084 423 ῡλΕΜΟΝΕ
2124 366 2475 424 \‘EXATUM.
2517 366 2640 422 LIB.
2678 366 2740 422 ll.

3451 368 3555 423 ιη

1989 494 2105 537 ctus
2134 485 2223 538 alii
2246 484 2561 554 quieverint,
2583 482 2669 537 alii
2696 497 2877 538 rursus
2902 483 3099 537 montis
3127 483 3290 537 instar
3324 481 3555 538 intume-

1986 584 2161 638 scunt,
2190 575 2259 629 ita
2288 584 2342 629 et
2388 590 2482 645 per
2520 583 2683 629 totam
2718 575 2818 629 viri
2846 575 3006 629 vitam
3034 575 3320 645 contigisse
3348 576 3557 646 perspi-

1986 667 2116 721 cies.
2158 666 2287 719 Nam
2313 680 2433 720 cum
2470 664 2642 719 adhuc
2670 664 3018 720 Sodomorum
3069 681 3257 721 recens
3299 675 3441 721 esset
3469 668 3557 721 illa

1985 758 2264 820 desolatio,
2282 774 2375 812 rex
2397 756 2611 813 Gerarze
2635 755 2843 821 eadem,
2867 772 2984 826 qua:
3032 755 3259 821 Pharao,
3290 758 3340 809 in
3371 756 3557 811 Saram

1985 850 2319 903 committere
2348 856 2571 902 conatus
2609 856 2711 913 est,
2743 862 3032 915 rursusque
3069 848 3259 903 mulier
3295 848 3361 901 ad
3392 847 3557 903 mise-

1983 941 2203 996 randam
2250 939 2643 993 simulationem
2695 939 3068 1008 compellitur;
3101 946 3260 1007 atque
3314 940 3365 993 in
3417 954 3561 1009 opus

1989 1030 2322 1102 prorupisset
2367 1045 2429 1083 ea
2467 1028 2805 1092 contumelia,
2854 1028 2953 1082 nisi
3003 1028 3356 1097 prohibuisset
3396 1029 3555 1083 Deus.

1984 1123 2114 1178 Cum
2136 1130 2309 1175 autem
2336 1120 2388 1173 in
2414 1129 2567 1188 partu
2592 1119 2734 1173 illius
2774 1128 2827 1173 et
2868 1133 3001 1172 uxor
3020 1119 3176 1172 simul
3218 1127 3272 1172 et
3320 1117 3475 1181 filius,
3494 1132 3558 1171 ac

1985 1224 2092 1270 tota
2111 1214 2305 1269 familia
2328 1214 2619 1279 laataretur,
2650 1212 2795 1266 solus
2813 1213 2967 1266 illein
2998 1222 3144 1266 tanto
3163 1214 3396 1266 omnium
3428 1228 3557 1282 gau-

1984 1307 2072 1361 dio
2103 1306 2267 1360 tristis
2290 1319 2408 1358 esse
2442 1318 2504 1358 ac
2555 1318 2782 1358 mterere
2822 1304 3129 1371 cogebatur,
3157 1304 3402 1358 ancillam
3432 1319 3553 1357 eum

1984 1398 2096 1452 filio
2124 1395 2317 1465 ejicere
2336 1394 2664 1462 compulsus.
2691 1393 2805 1447 Etsi
2833 1394 2977 1447 enim
3020 1394 3213 1447 nothus
3258 1404 3372 1449 erat
3398 1404 3557 1463 atque

1984 1506 2050 1546 ex
2077 1489 2269 1543 ancilla
2296 1495 2451 1541 natus
2480 1486 2689 1551 lsmael,
2710 1487 2964 1541 naturalis
3007 1498 3183 1541 tamen
3238 1487 3320 1540 vis
3360 1487 3557 1541 amoris

1984 1600 2049 1639 ex
2072 1581 2379 1651 indignitate
2407 1578 2573 1632 nihilo
2594 1579 2767 1632 minor
2791 1588 2925 1642 erat,
2955 1594 3127 1647 neque
3151 1578 3553 1632 imbecilliorem

1984 1688 2325 1747 paternorum
2358 1681 2617 1734 viscerum
2639 1678 2874 1734 dolorem
2900 1678 3094 1731 fecerat
3117 1676 3415 1746 ignobilitas
3439 1689 3555 1730 ma-

1986 1770 2082 1824 tris
2117 1788 2130 1822 :
2160 1771 2400 1841 istudque
2426 1787 2490 1825 ex
2526 1771 2638 1840 ipsa
2666 1770 2900 1824 historia:
2929 1770 3066 1823 serie
3091 1783 3373 1839 possumus
3401 1766 3555 1821 addi-

1985 1875 2153 1916 scere.
2188 1862 2281 1916 Ille
2316 1864 2455 1916 enim
2481 1862 2650 1924 fortis,
2676 1863 2765 1916 ille
2793 1861 3160 1916 severissimus
3185 1868 3238 1915 et
3260 1861 3349 1931 qui
3374 1860 3555 1930 unige-

1989 1954 2157 2005 nitum
2188 1954 2417 2023 propriis
2446 1953 2688 2007 manibus
2711 1960 2895 2022 postea
2917 1951 3253 2006 mactandum
3303 1951 3553 2019 suscepit,

1988 2058 2152 2097 uxore
2195 2044 2295 2097 sibi
2337 2044 2438 2098 hoc
2469 2043 2811 2113 prtecipiente
2862 2058 3001 2112 (egre
3055 2041 3278 2108 ferebat,
3297 2057 3359 2096 ac
3398 2058 3555 2095 num-

1986 2150 2142 2204 quam
2194 2134 2266 2187 illi
2314 2135 2583 2199 cessisset,
2636 2149 2918 2203 numquam
2960 2137 3402 2203 ohtemperaSset,
3457 2134 3555 2188 etsi

1988 2237 2110 2281 tunc
2136 2226 2305 2296 major
2321 2227 2612 2281 accessisse
2645 2226 2918 2281 videretur
2942 2227 3252 2291 auctoritas,
3278 2225 3378 2279 nisi
3406 2226 3553 2279 illum

1988 2321 2147 2374 timor
2174 2320 2265 2373 Dei
2293 2318 2639 2374 vehementer
2690 2319 3008 2388 impulisset.
3041 2319 3223 2389 Itaque
3256 2334 3375 2373 cum
3405 2318 3557 2373 audis

1988 2412 2132 2467 illum
2166 2411 2510 2481 Dcojubente
2535 2409 2782 2464 ancillam
2808 2410 3053 2465 emisisse
3097 2425 3217 2463 cum
3270 2409 3400 2473 filio,
3429 2426 3558 2464 cave

1986 2512 2140 2574 putes
2165 2504 2362 2557 doloris
2388 2518 2546 2556 sensu
2574 2502 2831 2567 caruisse,
2876 2500 2977 2554 hoc
3004 2516 3145 2555 enim
3168 2510 3281 2554 erat
3311 2502 3558 2569 impossi-

1986 2596 2128 2661 bile;
2157 2611 2339 2650 vcrum
2388 2594 2527 2648 illius
2560 2593 2733 2663 p0tius
2786 2592 3104 2661 singularem
3144 2591 3408 2646 admirare
3427 2592 3555 2646 obe-

1986 2682 2259 2753 dientiam,
2286 2685 2424 2755 quod
2451 2699 2569 2738 cum
2597 2684 2754 2739 etiam
2792 2682 3144 2737 miserationis
3171 2682 3359 2735 affectu
3387 2691 3556 2736 retra-

1987 2777 2222 2843 heretur,
2262 2778 2367 2830 Deo
2395 2785 2568 2829 tamen
2601 2790 2704 2828 non
2734 2774 3076 2838 contradixit,
3108 2773 3198 2827 sed
3226 2774 3403 2827 emisit
3430 2789 3551 2827 cum

1987 2870 2095 2924 filio
2140 2881 2387 2931 matrem,
2439 2883 2694 2937 quorsum
2748 2866 3047 2935 profectura
3092 2873 3233 2920 esset
3287 2866 3548 2919 nesciens.

1988 2961 2270 3016 Tolerabat
2293 2969 2471 3013 autem
2514 2966 2675 3027 atque
2729 2957 3026 3011 sustinebat
3075 2971 3308 3009 maerens
3343 2973 3355 3008 :
3388 2970 3561 3025 neque

1987 3054 2129 3109 enim
2157 3052 2245 3106 ille
2267 3059 2453 3104 natura
2477 3051 2719 3117 superior
2738 3056 3002 3102 evaserat.

2057 3141 2114 3198 9.
2144 3140 2220 3194 De
2243 3139 2493 3206 sacriﬁcio
2515 3136 2683 3191 Isaac.
2706 3166 2778 3177 —
2802 3137 2913 3190 Hoc
2937 3146 3113 3190 autem
3143 3145 3199 3190 et
3248 3135 3300 3189 in
3329 3134 3563 3205 legitimo

1989 3247 2176 3304 passus
2204 3239 2287 3286 est
2315 3230 2461 3284 filio:
2491 3229 2666 3283 nullus
2684 3228 2824 3282 enim
2851 3243 2972 3281 eum
3001 3242 3103 3280 non
3129 3226 3362 3281 doluisse
3387 3226 3556 3291 diCat,

1990 3340 2162 3393 neque
2211 3331 2434 3391 paterno
2487 3319 2681 3374 affectu
2731 3319 2895 3373 fuisse
2946 3328 3293 3382 commotum,
3324 3334 3392 3372 ne
3436 3318 3561 3372 dum

1990 3416 2129 3469 ultra
2173 3413 2387 3468 modum
2435 3412 2574 3466 illius
2602 3410 2887 3466 ostendere
2938 3410 3122 3463 nititur
3150 3408 3560 3478 phil050pbiam,

1990 3507 2136 3560 illum
2166 3521 2370 3560 summa
2401 3504 2615 3559 laudum
2655 3504 2890 3558 omnium
2920 3502 3110 3570 privet.
3150 3501 3281 3554 Nam
3314 3501 3431 3555 siin
3471 3501 3565 3555 fla-

1988 3600 2130 3669 gitiis
2157 3597 2476 3667 turpissimis
2496 3594 2878 3665 deprehensos,
2902 3608 2965 3646 ac
2990 3592 3296 3661 longissimo
3324 3599 3563 3660 tempore

1992 3694 2095 3745 vita
2111 3692 2327 3761 potitos,
2356 3688 2672 3758 ignotosque
2698 3694 2752 3739 et
2774 3699 2905 3754 quos
2931 3698 3217 3752 numquam
3245 3693 3400 3736 antea
3428 3683 3563 3736 vidi-

1990 3800 2129 3848 mus,
2154 3798 2273 3837 cum
2294 3790 2516 3851 repente
2560 3779 2919 3847 conspicimus
2969 3778 3021 3830 in
3079 3776 3192 3829 foro
3221 3774 3286 3828 ad
3340 3786 3563 3830 mortem

1991 3875 2133 3938 duci,
2162 3871 2524 3928 misericordia
2568 3885 2630 3923 ac
2653 3868 2838 3923 dolore
2867 3865 3195 3930 conficimur,
3228 3879 3371 3933 saepe
3390 3875 3562 3918 autem

1992 3969 2149 4023 etiam
2175 3966 2593 4036 illacrymamur:
2624 3962 2669 4016 is
2687 3962 2773 4031 qui
2801 3959 3126 4029 unigenitum
3148 3967 3200 4011 et
3226 3957 3560 4013 carissimum

1994 4061 2177 4123 filium,
2212 4058 2300 4127 qui
2329 4065 2522 4126 prmter
2549 4070 2719 4123 spem,
2745 4052 2832 4121 qui
2871 4058 2989 4120 post
3024 4057 3228 4102 tantum
3280 4048 3557 4116 temporis,

1993 4151 2165 4223 quiad
2194 4161 2483 4205 extremam
2516 4154 2843 4201 senectutem
2886 4151 3039 4195 natus
3083 4148 3228 4205 erat,
3258 4137 3373 4192 h.rc
3417 4137 3558 4191 enim

1994 4246 2171 4299 omnia
2218 4243 2450 4297 excitant
2510 4239 2767 4307 majorem
2816 4234 3018 4289 doloris
3074 4233 3376 4296 flammam,
3424 4230 3565 4283 hunc

1995 4337 2169 4391 adhuc
2190 4336 2440 4404 juvenem
2466 4332 2577 4385 suis
2625 4327 2869 4382 manibus
2909 4334 3141 4379 mactare
3186 4332 3241 4375 et
3285 4322 3570 4373 incendere

1991 4428 2192 4498 jussus,
2216 4425 2348 4479 nihil
2382 4424 2669 4476 humanum
2691 4433 2875 4487 passus
2918 4414 3289 4468 existimetur:
3321 4411 3443 4481 quid
3472 4412 3569 4464 ista

1996 4518 2292 4574 dicentibus
2319 4510 2696 4569 ridiculosius?
2722 4509 2955 4576 Namque
2976 4505 3021 4559 si
3048 4504 3181 4572 lapis
3196 4512 3355 4565 esset,
3382 4503 3425 4554 si
3456 4501 3563 4554 fer-

1998 4625 2138 4672 rum,
2167 4607 2211 4660 si
2236 4605 2450 4659 adamas
2466 4602 2716 4669 denique,
2772 4606 3022 4666 possetne
3050 4610 3153 4646 non
3207 4592 3422 4654 molliri,
3457 4607 3561 4643 non

2000 4701 2165 4769 frangi
2190 4699 2252 4751 ad
2271 4699 2519 4753 decorum
2542 4694 2633 4747 filii
2674 4698 2940 4759 aspectum
2968 4687 3157 4756 ?(erat
3198 4684 3337 4738 enim
3374 4684 3423 4736 in
3454 4683 3575 4752 ipso

2000 4793 2171 4847 artatis
2192 4790 2342 4859 flore)
2379 4787 2443 4841 ad
2479 4785 2759 4840 verborum
2789 4779 3119 4850 prudentiam
3144 4786 3195 4830 et
3221 4776 3526 4843 religionem
3550 4775 3576 4826 ἲ

2000 4885 2349 4955 Interrogavit
2375 4890 2597 4952 patrem,
2624 4876 2753 4930 Ecce
2775 4875 2910 4944 ligna
2936 4881 2980 4925 et
2999 4872 3167 4941 ignem
3194 4867 3316 4921 :ubi
3342 4877 3412 4919 est
3430 4868 3531 4919 ovis
3549 4868 3576 4920 ?

2000 4979 2221 5043 audivit,
2254 4976 2388 5029 Deus
2410 4970 2686 5043 providebit
2710 4967 2800 5019 sibi
2828 4980 2967 5020 ovem
3005 4964 3057 5016 in
3104 4960 3471 5019 holocaustum,
3497 4960 3574 5025 ﬁli

2002 5074 2067 5125 mi
2096 5072 2113 5141 (
2139 5069 2267 5124 Gen.
2288 5067 2378 5120 22.
2404 5066 2434 5118 7
2462 5066 2480 5133 )
2510 5081 2523 5115 :
2549 5062 2780 5129 nihilque
2803 5054 3110 5127 perquisivit
3134 5050 3377 5117 amplius.
3405 5049 3561 5116 ASpi-

2002 5166 2175 5219 eiebat
2194 5173 2395 5233 patrem
2425 5175 2482 5212 se
2513 5158 2785 5227 ligantem.
2810 5166 2911 5205 nec
2930 5145 3323 5203 reluctabatur:
3350 5143 3569 5210 imposi—

2004 5270 2087 5313 tus
2136 5269 2265 5325 rogo
2308 5268 2411 5307 non
2459 5249 2730 5305 resiliebat
2766 5242 2995 5314 gladium
3013 5248 3198 5293 contra
3250 5250 3310 5289 se
3355 5234 3571 5291 vibrari.

2005 5363 2175 5417 neque
2204 5323 2520 5399 terrebatur.
2541 5338 2676 5405 Quid
2708 5336 2812 5390 hoc
2846 5332 3024 5386 animo
3048 5323 3604 5396 religiosius?Audco‘

2006 5414 2151 5495 bitne
2177 5450 2303 5504 ergo
2326 5433 2602 5503 quisquam
2635 5427 2807 5481 adhuc
2830 5424 3009 5477 dicere
3038 5419 3169 5473 nihil
3197 5418 3248 5470 in
3278 5414 3577 5484 hujnsmodt

2007 5531 2251 5586 omnibus
2269 5538 2575 5596 perpessum
2594 5536 2712 5575 esse
2728 5516 2993 5572 Abraham
3012 5513 3035 5565 ?
3053 5512 3107 5567 Si
3124 5512 3262 5565 enim
3286 5506 3577 5564 inimicmn,

2010 5625 2051 5677 si
2080 5622 2286 5675 hostem
2313 5614 2687 5670 interfecturus
2725 5616 2887 5669 esset,
2925 5606 3085 5661 etiam
3115 5603 3160 5655 si
3188 5599 3365 5655 bellua
3398 5596 3577 5649 fuisset

2012 5724 2278 5774 Illlmallls,
2310 5720 2434 5760 num
2466 5706 2565 5758 ista
2590 5702 2705 5755 sine
2733 5698 2916 5753 dolore
2936 5699 3294 5764 perpetrasset
3318 5690 3341 5741 ?
3367 5687 3478 5741 Non
3501 5695 3578 5737 est

2016 5803 2119 5867 ita,
2151 5817 2254 5854 non
2309 5807 2407 5853 est.
2459 5795 2573 5850 Noli
2622 5793 2815 5846 iustum
2852 5788 3021 5842 virum
3068 5792 3224 5838 tanta:
3259 5777 3588 5835 crudelitatis
