4036 6416
459 317 565 374 ἆῧδ

458 444 716 501 arguere:
742 428 955 484 dolebat
974 426 1211 499 profecto
1232 436 1390 498 atque
1410 424 1857 495 disrumpebatur.
1880 420 2042 486 Deus,

461 517 672 589 inquit,
715 517 988 590 providebit
1020 519 1115 573 sibi
1160 519 1414 572 victimam
1449 518 1503 572 in
1541 517 1909 583 holocaustum,
1944 517 2042 586 ﬁli.

460 610 669 680 Quanta
696 612 1036 668 miseratione
1052 612 1212 668 verba
1239 613 1338 667 ista
1361 613 1515 682 plena
1545 611 1710 668 fuisse
1732 611 2045 667 arbitraris?

466 702 785 757 Continebat
811 717 870 758 se
898 712 1095 771 tamen,
1124 718 1188 758 ac
1218 702 1704 774 premebatdoloris
1727 703 1856 769 vim,
1887 712 2045 773 atque

463 804 566 851 ista
583 796 761 850 omnia
777 810 837 850 ea
861 796 1130 851 alacritate
1147 796 1516 866 patrabat,qua
1539 795 1774 851 facerent
1788 795 1878 866 qui
1898 794 2043 850 nullo

463 888 764 943 istiusmodi
812 888 1194 960 impedimento
1245 890 1664 945 continerentur.
1709 888 2041 943 lmmolatum

459 978 661 1034 interea
694 979 858 1034 lilium
900 980 1119 1051 (quippe
1156 979 1439 1035 devotione
1465 980 1612 1034 illum
1651 980 2039 1052 immolaverat)

459 1085 646 1125 sanum
675 1086 857 1126 rursus
883 1082 1040 1141 atque
1067 1072 1386 1128 incolumem
1413 1073 1645 1128 restituit
1669 1073 1827 1128 matri
1848 1091 1862 1127 :
1881 1089 2039 1143 quem

458 1159 547 1216 illa
576 1164 890 1232 suscipiens,
912 1170 1193 1231 antequam
1221 1161 1419 1218 aﬂatim
1441 1162 1585 1218 dulci
1605 1172 1731 1219 nato
1754 1162 2037 1233 frueretur,

458 1256 692 1311 excessit
732 1271 763 1310 e
796 1257 904 1311 vita
936 1273 950 1309 :
981 1256 1031 1310 id
1068 1255 1215 1327 justo
1258 1256 1333 1311 illi
1379 1257 1611 1312 maximo
1655 1255 1873 1312 maerori
1919 1255 2038 1311 fuit.

467 1343 582 1400 Etsi
623 1346 765 1401 enim
811 1346 973 1418 longo
1015 1348 1172 1403 simul
1200 1348 1442 1405 vixerant
1472 1359 1747 1419 tempore,
1792 1349 1925 1406 nihil
1963 1360 2043 1406 ta-

460 1452 584 1492 men
614 1438 932 1507 persuadere
951 1449 1176 1508 poterat,
1198 1448 1259 1496 ut
1285 1457 1407 1496 eum
1434 1456 1615 1497 casum
1646 1444 1815 1500 levius
1840 1444 2037 1500 ferret:

459 1532 571 1588 imo
601 1547 730 1589 vero
771 1534 873 1589 hoc
913 1535 1085 1603 ipsum
1110 1536 1370 1605 ampliore
1401 1535 1549 1591 illum
1579 1537 1767 1593 dolore
1790 1538 2041 1594 conficie-

457 1622 569 1679 bat.
600 1622 836 1694 Namqne
859 1624 1232 1682 consuevimus
1256 1641 1371 1693 eos,
1401 1628 1491 1697 qui
1518 1626 1745 1697 plurimo
1762 1629 2039 1686 nobiscum

459 1722 701 1785 tempore
727 1715 1007 1781 vixerunt,
1047 1732 1360 1787 summaque
1396 1720 1608 1774 virtutis
1632 1735 1742 1776 suae
1771 1731 1827 1777 et
1855 1722 2041 1777 amici-

459 1805 546 1859 tiae
576 1806 728 1861 nobis
765 1805 1077 1863 documenta
1107 1808 1401 1877 dederunt,
1448 1812 1677 1868 maxime
1711 1814 1945 1869 omnium
1977 1829 2040 1871 ac

460 1909 675 1950 summo
703 1895 968 1952 desiderio
996 1904 1289 1966 requirere.
1339 1902 1597 1973 Quodque
1625 1904 1725 1959 ista
1751 1907 1830 1961 sic
1850 1922 1909 1961 se
1940 1906 2039 1962 ha-

457 1984 652 2052 beant,
705 1986 818 2055 ipse
862 1988 1160 2058 patriarcha
1200 1991 1354 2047 nobis
1398 1993 1628 2059 indicat,
1678 1996 1769 2065 qui
1809 1996 1935 2052 ﬂetu
1975 2013 2039 2055 ac

458 2077 836 2134 lamentatione
874 2080 1019 2134 illam
1062 2092 1414 2153 prosequutus
1452 2092 1556 2140 est.
1607 2086 1736 2153 Quis
1774 2086 1886 2158 jam
1916 2089 2041 2144 reli-

456 2183 590 2237 quas
613 2183 770 2224 curas
797 2185 1080 2226 recensere
1106 2173 1275 2240 possit
1297 2215 1313 2237 .
1350 2189 1480 2244 quas
1504 2190 1601 2244 pro
1627 2177 1739 2231 lilio
1758 2216 1772 2241 .
1801 2192 1899 2248 pro
1921 2178 2039 2249 ejus

457 2273 624 2314 uxore
642 2300 658 2325 ,
708 2274 804 2329 pro
834 2259 1082 2316 fratribus
1107 2263 1246 2318 illius
1272 2267 1544 2336 suscepit,
1585 2268 1792 2337 aliaque
1813 2271 1991 2326 omnia
2020 2286 2036 2327 :

457 2365 576 2418 quae
603 2350 692 2420 qui
716 2350 783 2405 ad
809 2354 1062 2407 amussim
1106 2354 1447 2411 considerare
1485 2357 1650 2426 velit,
1695 2360 1851 2429 longe
1890 2360 2040 2416 labo—

460 2441 736 2495 riosiorem
773 2442 901 2513 justi
944 2444 1101 2515 hujus
1141 2447 1335 2513 vitam,
1364 2449 1610 2520 curisque
1636 2453 2037 2509 cumulatiorem

457 2534 773 2603 perspiciet,
807 2551 962 2606 quam
989 2537 1103 2607 ejus
1142 2555 1297 2609 quem
1330 2542 1487 2609 paulo
1521 2551 1643 2597 ante
1668 2542 2037 2601 indicavimus.

458 2622 732 2694 Praecipua
777 2627 917 2680 enim
960 2636 1163 2683 tantum
1212 2630 1484 2700 Scriptura
1530 2648 1791 2701 narrans,
1846 2646 2037 2692 caetera

457 2716 612 2771 nobis
635 2718 811 2772 omnia
828 2722 1178 2776 examinanda
1203 2724 1437 2794 reliquit,
1465 2741 1584 2796 qua:
1602 2726 1791 2782 diebus
1812 2730 2035 2800 singulis

457 2806 745 2864 verisimile
791 2818 874 2865 est
920 2811 1065 2865 domi
1108 2815 1446 2884 contingere,
1504 2816 1594 2871 ubi
1638 2831 1913 2873 servorum
1957 2828 2040 2875 est

458 2899 766 2967 multitudo,
808 2902 922 2967 vir,
973 2917 1136 2970 uxor,
1180 2919 1245 2958 ac
1274 2906 1401 2972 lilii,
1441 2906 1832 2979 multarumque
1858 2927 2038 2967 rerum

457 3005 581 3044 cura
606 3005 672 3045 ac
698 2988 1017 3047 sollieitudo.
1041 2993 1115 3048 Ita
1143 3010 1291 3060 sane,
1317 2996 1543 3065 inquies,
1571 2999 1666 3053 sed
1695 2999 1767 3053 illi
1789 3001 2035 3056 solatium

457 3081 659 3136 ferebat
686 3083 737 3136 in
765 3084 984 3155 singulis
1009 3086 1309 3155 hujusmodi
1344 3088 1612 3157 adversis,
1641 3092 1783 3160 quod
1822 3103 2039 3162 propter

460 3173 623 3224 Deum
670 3173 755 3227 illa
786 3176 962 3228 omnia
991 3185 1277 3245 pateretur.
1330 3178 1398 3233 Et
1432 3189 1485 3234 te
1522 3181 1693 3250 ipsum
1724 3181 1884 3252 igitur
1908 3185 2036 3239 illud

455 3265 837 3321 consolabitur.
888 3266 1075 3323 Nullus
1118 3271 1261 3324 enim
1303 3271 1539 3341 profecto
1560 3314 1575 3340 ,
1608 3275 1708 3329 nisi
1741 3277 1879 3331 Deus
1899 3318 1913 3341 ,
1944 3279 2036 3334 tibi

459 3357 597 3413 hanc
625 3357 808 3414 inferri
832 3361 1175 3415 tentationem
1208 3364 1464 3431 permisit.
1486 3363 1616 3419 Nam
1648 3367 1694 3421 si
1721 3383 1821 3424 nec
1845 3383 2036 3437 porcos

457 3449 673 3519 quidem
728 3451 980 3507 invadere
1018 3453 1325 3523 nequissimi
1368 3454 1640 3512 daemones
1678 3460 1792 3513 ausi
1842 3458 2038 3515 fuerint

463 3538 671 3610 (Matth.
693 3539 746 3596 8.
771 3542 857 3597 50.
883 3543 1066 3615 seqq.),
1092 3545 1191 3599 nisi
1215 3546 1361 3614 prius
1384 3546 1473 3601 ille
1490 3550 1837 3617 permitteret.
1867 3552 2037 3608 multo

458 3631 635 3686 minus
664 3633 947 3701 pretiosam
974 3635 1227 3690 animam.
1261 3636 1411 3692 Sicut
1452 3638 1610 3709 igitur
1647 3642 1762 3697 viro
1797 3643 1869 3698 illi
1894 3643 2035 3715 quod

457 3720 666 3776 fortiter
710 3724 884 3777 omnia
927 3734 982 3779 et
1028 3742 1149 3781 cum
1190 3728 1479 3798 gratiarum
1519 3733 1726 3787 actione
1756 3734 1953 3800 ferret,
1985 3737 2036 3791 id

460 3812 678 3867 multam
708 3814 931 3869 contulit
956 3816 1273 3883 mercedem,
1303 3818 1374 3872 ita
1398 3821 1565 3889 pariet
1587 3832 1642 3877 et
1667 3824 1779 3886 tibi,
1808 3826 1851 3879 si
1882 3826 2037 3881 modo

460 3920 568 3958 non
595 3905 824 3976 graviter
848 3917 1006 3977 atque
1033 3908 1368 3978 indignanter
1393 3911 1530 3966 feras
1549 3955 1565 3980 ,
1593 3915 1686 3968 sed
1712 3917 1763 3969 in
1791 3918 2037 3973 omnibus

458 3996 656 4065 gratias
695 4013 820 4067 agas
847 3998 1263 4055 clementissimo
1290 4003 1420 4056 Deo.
1473 4002 1601 4058 Nam
1632 4014 1686 4059 et
1725 4006 1910 4062 beatus
1936 4007 2036 4063 Job

457 4101 520 4142 ea
542 4102 659 4156 qua:
682 4103 868 4157 passus
893 4099 992 4153 est,
1019 4092 1124 4145 Deo
1148 4094 1484 4160 permittente
1508 4109 1789 4163 perpessus
1808 4107 1891 4152 est
1918 4115 1931 4151 :
1954 4114 2038 4154 co-

457 4181 605 4234 ronis
634 4189 807 4236 tamen
836 4197 939 4236 non
968 4183 1087 4238 ideo
1109 4192 1307 4238 tantum
1330 4185 1558 4241 donatus
1578 4197 1679 4249 est.
1704 4191 1823 4258 quia
1851 4206 2035 4258 passus

457 4281 560 4337 est,
576 4289 757 4329 verum
775 4275 930 4328 etiam
948 4275 1068 4343 quia
1084 4286 1267 4332 contra
1281 4278 1502 4334 adversa
1518 4282 1697 4336 omnia
1712 4280 1859 4337 fortis
1875 4292 2035 4354 atque

460 4366 774 4421 inviolabilis
796 4368 1057 4437 perstitit;
1083 4370 1512 4443 admiramurque
1529 4375 1676 4430 illum
1698 4392 1905 4443 omnes,
1928 4392 2036 4433 non

457 4454 599 4525 quod
623 4457 855 4527 privatus
876 4460 1122 4516 omnibus
1149 4477 1180 4516 a
1206 4462 1417 4517 diabolo
1439 4463 1614 4530 fuerit.
1641 4465 1733 4521 sed
1755 4468 1875 4537 quia
1899 4470 2037 4524 inter

461 4544 574 4600 inec
598 4547 775 4600 omnia
803 4565 905 4603 non
935 4552 1252 4618 peccaverit,
1284 4568 1353 4608 ne
1378 4554 1430 4607 in
1458 4553 1608 4609 labiis
1633 4556 1844 4625 quidem
1867 4559 1998 4612 suis.

531 4637 619 4693 10.
648 4638 798 4693 Redit
824 4641 892 4694 ad
919 4644 1201 4711 exemplum
1233 4644 1404 4700 Isaac.
1427 4675 1502 4687 —-
1523 4648 1782 4714 Quoniam
1812 4665 1939 4704 vero
1968 4650 2036 4705 de

457 4729 561 4786 Job
595 4734 919 4788 mentionem
951 4734 1081 4801 feci,
1125 4737 1315 4791 vellem
1341 4738 1554 4807 quidem
1582 4741 1736 4810 longa
1766 4741 1931 4810 ipsius
1958 4744 2036 4797 la-

460 4834 661 4892 menta,
690 4828 1102 4897 passionumqne
1122 4829 1508 4885 vehementiam
1539 4835 1781 4904 persequi
1812 4854 1825 4890 :
1851 4852 2035 4893 verum

460 4930 529 4971 ne
554 4919 805 4986 prolixior
831 4920 952 4983 sim.
984 4921 1049 4973 ad
1076 4919 1223 4976 Isaac
1247 4922 1430 4978 redeo.
1463 4924 1628 4979 Porro
1654 4929 1697 4980 si
1721 4928 1870 4996 cupis
1898 4929 2036 4985 illius

459 5008 639 5062 omnia
665 5008 970 5080 diligentius
997 5010 1272 5067 addiscere
1295 5055 1309 5077 ,
1348 5014 1539 5069 librum
1583 5017 1754 5087 ipsum
1785 5019 1837 5072 in
1864 5020 2034 5073 mani-

459 5099 561 5153 bus
590 5112 828 5160 sumens.
860 5101 1040 5170 aspice
1071 5102 1121 5155 in
1149 5103 1397 5173 abyssum
1426 5106 1736 5162 altissimam
1763 5109 2038 5165 calamitao

462 5198 573 5243 tum
605 5190 733 5256 viri,
779 5192 1166 5263 plurimumque
1207 5194 1276 5248 ibi
1318 5197 1735 5252 consolationem
1772 5200 2033 5255 invenies.

459 5281 669 5349 Quanto
695 5285 838 5338 enim
868 5285 1053 5339 melior
1076 5285 1250 5355 justus
1290 5285 1379 5341 ille
1413 5298 1495 5341 est
1537 5304 1694 5358 quam
1732 5305 1861 5357 nos,
1889 5302 2037 5346 tanto

459 5379 714 5444 majorem
747 5376 849 5430 vim
880 5379 1283 5449 expugnandam
1315 5379 1514 5442 habuit.
1550 5386 1720 5452 eotpte
1744 5382 2035 5438 vehemen-

459 5471 564 5525 tius
590 5482 771 5527 contra
798 5471 944 5527 illum
970 5483 1094 5526 ttmc
1120 5474 1475 5544 nequissimus
1501 5474 1588 5529 ille
1612 5477 1907 5532 concitatus
1931 5488 2033 5534 est.

455 5563 723 5618 Ca‘lernm
774 5573 921 5619 recte
964 5562 1098 5619 facta
1130 5580 1235 5619 non
1264 5577 1368 5620 tam
1408 5567 1758 5622 tentationum
1788 5586 2031 5638 numero,

454 5669 614 5723 quam
645 5670 820 5709 rerum
857 5655 1050 5711 virtute
1077 5657 1425 5712 assumantur.
1482 5656 1660 5728 Itaque
1685 5660 1783 5714 etsi
1815 5661 2035 5718 inferius

455 5744 596 5800 istud
623 5758 893 5802 certamen
921 5756 1003 5803 cst
1024 5787 1038 5814 ,
1069 5746 1197 5803 nihil
1225 5747 1275 5803 id
1303 5757 1418 5806 tuas
1451 5764 1674 5807 coronas
1712 5753 1905 5823 poterit
1935 5755 2034 5809 mi-

1201 316 1259 375 S.
1295 314 1574 374 JOANNIS
1608 305 2086 377 CHRYSOSTOMI
2119 304 2445 368 ARCHIEP.
2483 308 3015 376 CONSTANTINOP.

3620 316 3727 372 ιω

2150 433 2317 475 nuere
2343 438 2357 475 :
2389 435 2513 477 nam
2537 423 2657 478 etis
2682 425 2770 495 qui
2799 425 2905 480 duo
2934 426 3132 481 talenta
3158 425 3368 492 obtulit,
3397 427 3524 483 nihil
3551 429 3729 485 minus

2151 510 2351 579 retulit,
2383 529 2541 582 quam
2573 514 2616 570 is
2640 517 2727 587 qui
2752 518 3015 573 obtulerat
3038 520 3287 590 quinque.
3315 519 3425 574 Cur
3452 518 3541 573 id?
3569 520 3721 586 Quia.

2150 605 2251 659 etsi
2277 621 2381 661 non
2411 606 2550 663 idem
2578 619 2884 679 proventus.
2911 612 3099 667 eadem
3126 622 3303 669 tamen
3332 614 3576 669 alacritas
3604 616 3720 674 fuit.

2148 698 2408 765 Quocirca
2450 712 2505 757 et
2544 702 2734 759 eodem
2779 704 2981 760 honore
3021 716 3244 777 uterque
3265 706 3459 776 potitus
3482 719 3596 774 est.
3625 727 3726 765 au-

2148 790 2302 845 diens
2335 808 2348 845 :
2378 790 2525 847 Intra
2549 793 2602 847 in
2635 794 2875 865 gaudium
2913 795 3122 851 Domini
3149 799 3223 852 tui
3248 799 3460 867 (Matth.
3490 801 3579 857 25.
3606 803 3722 874 2|).

2147 881 2284 948 Quid
2307 898 2435 954 ergo
2462 880 2647 939 Isaac?
2683 886 3168 958 Peregrinationem
3195 891 3406 961 quidem
3438 893 3579 949 illam
3609 896 3727 951 lon-

2145 973 2417 1042 gissimam
2468 976 2647 1033 subire
2691 980 2936 1048 exemplo
2993 983 3160 1051 patris
3218 992 3519 1056 terramque
3569 1005 3723 1044 suam

2144 1063 2516 1135 derelinquere
2555 1079 2770 1126 coactus
2813 1088 2917 1125 non
2947 1081 3062 1139 est;
3093 1075 3189 1131 sed
3227 1077 3384 1147 plane
3411 1094 3723 1150 supremum

2143 1155 2407 1211 malorum
2437 1158 2673 1214 omnium
2697 1164 2811 1230 ipse
2835 1165 3124 1233 sustinuit,
3154 1177 3356 1223 metum
3393 1171 3618 1240 scilicet,
3652 1190 3725 1231 ne

2118 1248 2261 1303 sine
2308 1248 2490 1306 liberis
2535 1250 2839 1309 decederet.
2891 1256 3079 1312 Postea
3123 1274 3251 1315 vero
3284 1276 3439 1331 quam
3477 1280 3572 1333 per
3599 1282 3725 1320 ora-

2145 1343 2343 1396 tionem
2370 1358 2436 1397 eo
2477 1354 2620 1400 metu
2664 1346 2916 1404 liberatus
2954 1360 3076 1419 est,
3125 1352 3261 1408 alius
3298 1356 3550 1412 continuo
3595 1374 3722 1413 eum

2145 1436 2355 1504 excepit
2384 1436 2543 1491 timor
2570 1437 2727 1509 longe
2766 1441 2958 1509 major.
3011 1442 3193 1514 Neque
3217 1446 3357 1500 enim
3404 1463 3498 1516 par
3544 1460 3721 1504 metus

2145 1535 2227 1581 est
2257 1542 2353 1596 pro
2379 1528 2618 1598 conjugis
2644 1531 2957 1600 sterilitate,
2997 1544 3052 1589 et
3078 1550 3176 1605 pro
3209 1538 3385 1593 radice
3414 1538 3521 1609 ipsa
3555 1541 3720 1611 trepi—

2144 1616 2294 1674 dare.
2325 1618 2412 1675 Sic
2448 1622 2588 1674 enim
2624 1631 2809 1691 partus
2849 1623 3121 1680 doloribus
3157 1626 3614 1698 disrumpebatnr,
3660 1640 3719 1685 ut

2146 1711 2251 1764 vita
2278 1721 2447 1767 morte
2467 1713 2610 1766 omni
2640 1713 2714 1767 illi
2739 1724 2878 1771 esset
2899 1716 3161 1771 acerbior.
3209 1719 3274 1773 Et
3301 1720 3399 1774 hoc
3432 1721 3597 1789 ipsam
3620 1738 3721 1775 au-

2144 1801 2259 1857 dias
2288 1804 2413 1859 licet
2434 1806 2697 1860 dicentem
2734 1824 2748 1861 :
2774 1807 2837 1862 Si
2863 1809 2986 1862 mihi
3012 1810 3083 1863 ita
3099 1814 3324 1880 futurum
3348 1822 3474 1878 erat,
3502 1814 3571 1866 ad
3593 1815 3718 1881 quid

2145 1888 2270 1941 mihi
2308 1889 2470 1944 vivere
2499 1889 2648 1960 (Gen.
2677 1891 2769 1947 25.
2798 1891 2935 1962 ‘22)?
2983 1893 3160 1950 Famis
3194 1907 3370 1951 autem
3399 1908 3451 1953 et
3488 1898 3585 1953 iste
3620 1914 3717 1954 ex-

2143 1982 2495 2050 perimentum
2539 1985 2706 2054 cepit,
2750 1988 2851 2041 etsi
2895 2002 3001 2042 non
3043 1998 3100 2042 ut
3143 1998 3292 2057 pater
3334 1989 3387 2044 in
3426 1990 3714 2063 Egyptnm

2143 2071 2418 2127 descendit
2448 2090 2462 2126 :
2492 2073 2585 2129 sed
2615 2075 2755 2143 quod
2784 2076 2872 2132 ille
2895 2093 3021 2133 vere
3048 2079 3098 2132 in
3125 2077 3359 2150 Egypto
3386 2081 3625 2149 pertulit,
3659 2093 3718 2137 et

2143 2160 2245 2217 iste
2273 2162 2375 2230 pati
2398 2165 2790 2233 periclitabatur
2812 2208 2826 2232 ,
2868 2184 3093 2224 uxorem
3133 2172 3337 2227 scilicet
3356 2174 3613 2229 amittere.
3649 2175 3718 2230 Et

2144 2260 2348 2322 patrem
2398 2255 2610 2324 quidem
2637 2260 3029 2314 venerabantur
3067 2261 3272 2316 linitimi
3302 2278 3525 2332 omnes,
3573 2265 3718 2321 hunc

2144 2359 2272 2398 vero
2302 2360 2408 2400 non
2449 2361 2605 2402 secus
2647 2357 2805 2418 atque
2852 2350 3123 2406 inimicum
3150 2364 3204 2408 et
3247 2353 3454 2410 hostem
3485 2359 3718 2427 exagita-

2143 2432 2291 2500 bant,
2318 2451 2490 2506 neque
2517 2438 2740 2507 propriis
2759 2438 2907 2494 illum
2931 2440 3196 2497 laboribus
3211 2444 3409 2513 perfrui
3434 2447 3714 2513 sinebant;

2144 2540 2328 2580 verum
2375 2543 2496 2585 cum
2539 2529 2687 2583 illum
2731 2531 2988 2600 angustiis
3032 2533 3262 2604 undique
3311 2537 3716 2604 concluderent,

2147 2615 2369 2672 licenter
2386 2617 2483 2687 ipsi
2511 2618 2775 2674 laboribus
2793 2623 2958 2691 ipsius
2983 2622 3313 2680 fruebantur.
3336 2626 3569 2684 Tandem
3587 2646 3719 2684 vero

2143 2722 2264 2762 cum
2295 2708 2396 2763 sibi
2442 2708 2563 2765 illos
2591 2712 2792 2767 amicos
2817 2722 3001 2769 nactus
3024 2724 3206 2783 esset,
3236 2716 3479 2788 filiosque
3504 2720 3719 2775 adultos

2144 2808 2426 2866 cerneret,
2474 2808 2601 2856 tunc
2626 2812 2794 2868 certe,
2820 2814 2945 2859 tunc
2973 2806 3182 2876 quando
3210 2822 3472 2863 summam
3500 2824 3560 2864 se
3580 2827 3719 2866 con-

2145 2894 2454 2949 solationem
2478 2896 2811 2951 inventurum
2834 2900 3100 2968 sperabat,
3123 2901 3457 2972 optimosque
3479 2915 3723 2959 senectu-

2145 2985 2213 3039 tis
2249 3001 2360 3040 sua:
2387 2996 2663 3043 curatores
2701 2987 3001 3043 habiturum
3027 3031 3042 3056 ,
3095 2992 3147 3045 in
3186 3005 3489 3061 supremum
3514 2996 3723 3049 corruit

2145 3091 2452 3132 maerorem.
2508 3078 2744 3134 Primum
2773 3081 2912 3135 enim
2957 3081 3128 3153 major
3165 3093 3293 3138 natu
3325 3083 3463 3139 ﬁlius
3492 3102 3719 3142 uxorem

2147 3168 2248 3222 sibi
2292 3169 2643 3240 alienigenam
2688 3181 2873 3227 contra
2914 3173 3080 3242 patris
3110 3183 3289 3230 votum
3333 3176 3507 3244 cepit.
3559 3187 3615 3232 et
3651 3193 3723 3233 eo

2144 3261 2261 3329 ipso
2295 3261 2439 3331 quod
2485 3278 2712 3334 pugnam
2740 3272 2792 3319 et
2833 3264 3027 3319 bellum
3058 3266 3111 3320 in
3148 3265 3363 3322 domum
3394 3267 3723 3323 introduxis-

2144 3361 2245 3418 set,
2287 3353 2434 3407 illnm
2459 3369 2664 3408 summa
2689 3363 2743 3409 et
2770 3355 3069 3411 incredibili
3096 3357 3146 3411 vi
3176 3357 3376 3413 doloris
3404 3358 3595 3414 ali‘ecit.
3630 3358 3721 3412 tn-

2146 3444 2379 3499 nnmeris
2398 3444 2537 3498 enim
2564 3445 2715 3499 malis
2740 3446 2993 3502 mulieres
3018 3447 3122 3503 illa:
3149 3463 3365 3504 soceros
3379 3448 3716 3505 afﬁciebant:

2143 3552 2262 3606 qua:
2305 3536 2484 3591 omnia
2531 3536 2802 3605 Scriptura
2844 3537 3124 3602 devitans,
3170 3554 3279 3594 uno
3323 3540 3484 3595 verbo
3522 3550 3718 3595 cuncta

2144 3628 2404 3700 signavit,
2458 3643 2579 3684 cum
2625 3628 2875 3684 diceret:
2913 3629 3038 3683 Cum
3087 3628 3312 3684 Rebecca
3354 3632 3717 3686 contendebant

2147 3723 2274 3793 (Id.
2302 3722 2392 3777 ‘26.
2417 3724 2486 3777 55
2513 3722 2532 3792 )
2562 3740 2576 3777 :
2609 3723 2925 3792 reliquitque
2966 3723 3018 3777 id
3064 3722 3260 3778 dictum
3304 3723 3382 3778 eis
3422 3723 3720 3793 intelligen-

2144 3819 2303 3882 dum,
2350 3816 2439 3888 qui
2487 3815 2677 3871 domos
2707 3815 2904 3871 habent
2928 3830 2990 3871 ac
3018 3815 3157 3870 ﬁlios
3190 3818 3300 3886 jam
3328 3827 3594 3871 uxoratos.
3634 3817 3717 3871 Illi

2144 3909 2287 3963 enim
2334 3908 2563 3962 maxime
2600 3908 2836 3962 omnium
2879 3917 3142 3962 noverunt
3187 3917 3444 3978 quantum
3491 3908 3612 3962 mali
3643 3910 3717 3963 sit

2143 4009 2503 4069 quantumque
2547 3998 2889 4065 detrimenti,
2939 4000 2985 4054 si
3028 4014 3214 4055 socrus
3243 4010 3297 4055 et
3334 4016 3499 4055 nurus
3528 4011 3715 4055 mutuo

2144 4092 2384 4145 rixentur
2409 4131 2423 4155 ,
2467 4089 2626 4159 idque
2651 4098 2779 4145 tunc
2801 4091 3064 4155 maxime,
3112 4105 3233 4145 cum
3263 4090 3433 4145 ambae
3474 4090 3714 4145 eamdem

2145 4183 2441 4238 inhabitent
2467 4181 2705 4236 domum.
2755 4181 2868 4237 l-loc
2893 4191 3066 4236 autem
3090 4181 3214 4251 juge
3241 4182 3345 4236 illis
3370 4190 3483 4237 erat
3507 4182 3685 4235 incom

2143 4273 2381 4328 modum.
2415 4272 2498 4328 Ad
2524 4273 2641 4327 htrc
2666 4272 2743 4327 illi
2772 4272 2983 4342 gravior
3009 4287 3219 4343 quoque
3241 4272 3483 4327 molestia
3509 4272 3717 4341 adjecta

2143 4374 2245 4431 est,
2273 4365 2485 4421 czecitas
2511 4365 2733 4431 scilicet,
2761 4380 2879 4435 quae
2898 4364 3190 4435 cujusmodi
3212 4364 3300 4430 sit,
3320 4364 3395 4418 illi
3425 4364 3521 4419 soli
3542 4364 3720 4419 sciunt

2142 4458 2234 4529 qui
2263 4458 2551 4528 patiuntur.
2594 4459 2857 4514 Praeterea
2882 4457 3007 4514 dum
3036 4459 3376 4515 benediceret
3405 4458 3554 4527 liliis,
3582 4473 3719 4513 con-

2145 4559 2223 4604 tra
2252 4565 2410 4620 quam
2440 4551 2691 4620 volebat,
2734 4553 2919 4606 matris
2954 4564 3072 4608 astu
3100 4562 3154 4606 et
3188 4561 3304 4608 arte
3334 4553 3589 4607 minorem
3618 4567 3718 4622 pro

2143 4640 2345 4709 majore
2372 4642 2642 4697 benedixit
2670 4660 2685 4699 :
2713 4659 2814 4714 qua
2841 4644 2891 4698 in
2922 4660 2983 4699 re
3012 4645 3082 4698 ita
3111 4643 3367 4711 indoluit,
3397 4654 3455 4699 ut
3484 4646 3718 4700 amarius

2141 4748 2300 4802 quam
2345 4735 2391 4788 is
2426 4735 2515 4804 qui
2557 4750 2744 4804 passus
2779 4734 2953 4790 fuerat
2991 4736 3285 4802 clamaret,
3333 4745 3717 4807 excusaretque

2142 4825 2518 4895 ignorantiam,
2538 4826 2677 4896 quod
2703 4842 2807 4881 non
2833 4827 2983 4882 illum
3003 4829 3180 4884 sciens
3193 4828 3559 4884 benedictione
3578 4827 3718 4884 frau-

2141 4916 2340 4981 dasset,
2371 4933 2555 4973 verum
2575 4919 2985 4975 circumventus.

2212 5007 2403 5078 (Edipi
2438 5010 2573 5079 ﬁlios
2608 5010 2856 5081 intelligit.
2885 5040 2957 5051 —
2985 5010 3109 5067 nam
3135 5017 3315 5065 autem
3340 5010 3515 5065 omnia
3541 5025 3715 5065 scenae

2142 5103 2450 5173 tragoediam
2474 5103 2838 5173 przelerebant.
2862 5101 3193 5171 fabulamque
3212 5102 3579 5158 Thebanorum
3596 5101 3720 5156 adt)

2142 5195 2448 5250 lescentium
2489 5193 2787 5264 signabant.
2813 5192 2945 5247 Nam
2979 5202 3035 5249 et
3074 5192 3162 5250 hic
3199 5195 3359 5249 etiam
3391 5202 3714 5249 senectutem

2141 5286 2653 5355 occaecationemque
2679 5285 2843 5355 patris
2870 5285 3042 5353 major
3064 5295 3192 5339 natu
3220 5293 3567 5339 contemnens
3585 5326 3600 5352 ,
3631 5284 3713 5353 ju-

2142 5378 2345 5433 niorem
2400 5376 2619 5432 fratrem
2676 5377 2976 5432 deturbavit
3029 5381 3208 5431 domo.
3260 5378 3326 5432 Et
3371 5377 3416 5431 si
3467 5392 3571 5431 non
3626 5377 3718 5431 ille

2143 5470 2366 5533 necavit.
2400 5468 2454 5524 id
2493 5469 2678 5524 matris
2725 5469 2999 5539 impedivit
3044 5468 3304 5539 sapientla
3336 5487 3351 5524 :
3379 5479 3429 5525 et
3459 5469 3545 5524 hic
3570 5468 3713 5522 enim

2139 5563 2815 5631 eomminatusestczedem,
2835 5562 3099 5633 patrisque
3114 5572 3339 5617 mortem
3356 5562 3716 5631 operiebatur.

2140 5658 2293 5726 Quod
2321 5674 2439 5713 cum
2468 5666 2636 5713 mater
2656 5667 2807 5714 cauta
2835 5655 3126 5719 didicisset,
3159 5657 3398 5727 patrique
3426 5655 3710 5723 retulisset,

2143 5751 2291 5808 illum
2324 5750 2441 5823 ejus
2472 5751 2715 5808 manibus
2754 5747 2947 5821 eripuit
2971 5746 3081 5822 (Id.
3117 5748 3206 5804 27.
3242 5746 3427 5815 42-46)
3462 5762 3478 5801 :
3507 5756 3561 5801 et
3584 5760 3709 5802 cum
